4018 6230
419 300 524 363 979
1717 323 2063 386 PROCOPII
2101 328 2342 397 GAZ.E[
3561 331 3657 398 980

418 417 670 472 umbram
710 420 776 473 ad
815 420 1095 478 veritatem
1131 423 1481 483 festinantem
1507 431 1781 491 deserere.
1815 437 1993 494 Caete-

2099 445 2192 511 τὴν
2243 443 2422 507 σκιὰν,
2476 444 2613 514 πρὸς
2650 444 2748 515 τὴν
2790 445 3045 517 ἀλήθειαν
3089 447 3464 517 ἐπειγόμενον.
3512 448 3568 502 ’0
3607 452 3659 505 δὲ

419 525 539 563 rum
579 508 806 580 Aquilas
836 516 1112 583 exposuit,
1171 516 1240 569 Et
1296 518 1527 588 illuxit;
1577 524 1803 581 emicuit
1845 531 1995 585 enim

2106 508 2338 599 Ἀκύλας
2385 508 2669 602 ἐξέδωκεν,
2704 508 3007 606 ’ἀνεφάνη
3057 508 3425 610 Πέφηνεηάρ
3467 541 3530 593 ὲκ
3571 544 3660 596 τοῦ

418 616 485 655 ex
539 603 741 671 popqu
796 605 888 671 qui
939 606 1142 675 recepit
1194 608 1367 678 legem
1410 629 1422 662 :
1477 630 1496 665 ι
1528 613 1608 668 Ex
1657 615 1796 671 Juda
1844 620 1990 673 enim

2099 624 2223 678 λαοῦ
2274 626 2368 680 τοῦ
2423 627 2718 698 δεξαμένου
2775 603 2866 683 ea};
2920 603 3106 699 νόμον.
3147 603 3517 693 ιἘξ-Ἶούδα
3561 633 3659 702 γάρ
3708 698 3713 705 ⁵

420 697 648 747 exortus
675 698 757 746 est
792 691 1074 759 Dominus,
1106 713 1123 745 ι
1158 695 1315 764 juxta
1351 699 1536 756 divum
1569 703 1888 775 Apostolum
1922 711 1988 763 ⁸⁸.

2099 714 2456 775 ἀνατέταλκεν
2488 720 2516 775 ὁ
2551 691 2774 790 Κύριος,
2834 739 2853 771 ι
2906 691 3049 774 κατὰ
3098 721 3188 773 τὸν
3236 691 3378 774 θείην
3414 691 3656 775 Ἀπόστέρ

419 778 765 852 Quapropter
808 782 1067 840 Servator
1097 803 1318 859 quoque
1352 790 1533 863 inquit
1564 811 1576 849 :
1614 815 1631 846 ι
1663 795 1718 851 Si
1750 800 1991 855 credidi-

2099 807 2203 863 λον.
2236 809 2327 862 Διὸ
2368 811 2461 863 καὶ
2498 812 2526 863 6
2557 778 2772 881 Σωτήρ⁷
2795 828 2980 880 φησιν,
3019 812 3120 865 (Εἰ
3161 811 3479 867 ἐπιστεύετε
3509 813 3663 865 Μωῦτ-

421 874 523 929 stis
561 872 719 941 Mosi,
754 875 917 929 etiam
954 878 1085 934 mihi
1119 883 1359 939 credetis
1388 885 1599 955 utique,
1634 888 1703 944 de
1729 907 1815 945 me
1843 895 1988 969 enim

2099 898 2200 963 σεῖ,
2241 899 2559 953 ἐπιστεύετε
2602 900 2668 954 ἂν
2699 872 2898 971 κάμοί.
2944 901 3079 970 Περὶ
3126 901 3263 971 ἐμοῦ
3308 901 3420 971 γὰρ
3465 902 3663 963 ἐκεῖνος

420 966 644 1034 scripsit
667 966 783 1036 ipse
811 969 876 1023 ".
910 988 928 1020 ι
962 969 1237 1043 Scriptum
1264 975 1498 1047 denique
1546 981 1711 1035 etiam
1761 964 1941 1039 exstat
1976 1002 1989 1039 :

2099 988 2327 1058 ἔγραψε.
2358 1009 2375 1040 ι
2413 991 2724 1063 Γέγραπταί
2751 964 2810 1046 τὲ
2838 993 2997 1047 πάλιν
3024 964 3040 1023 λ
3076 1011 3094 1043 ι
3125 964 3248 1046 Ὅτι
3273 964 3573 1064 ἠτσωτηρία
3602 994 3663 1046 ἐκ

426 1075 445 1107 ι
471 1056 626 1122 Quod
649 1059 799 1115 salus
822 1076 853 1116 e
886 1059 1089 1120 Iudaeis
1120 1065 1192 1121 sit
1226 1068 1291 1124 ⁸⁷.
1318 1087 1337 1121 ι

2100 1080 2207 1135 τῶν
2246 1056 2676 1141 ἐῙουδαεωνὲστὶ.
2717 1105 2735 1139 ι

491 1189 673 1259 lnquit
694 1208 862 1248 vero:
898 1195 1082 1259 «Cum
1125 1199 1313 1255 decem
1354 1203 1623 1271 millibus,
1654 1221 1684 1260 a
1738 1207 1947 1263 dextris
1982 1210 2102 1279 ejus
2153 1217 2329 1285 angeli
2374 1232 2559 1273 secum
2607 1229 2754 1281 sunt,
2792 1239 2810 1271 ι
2856 1234 2967 1289 quo
3015 1229 3335 1274 sanctarum
3385 1217 3662 1286 copiarum

425 1275 718 1333 Dominum
752 1295 875 1336 esse
906 1282 1131 1340 indicat.
1172 1288 1399 1357 Aquilas
1424 1292 1571 1347 enim
1604 1294 1784 1348 adhuc
1808 1275 2027 1351 clarius
2052 1275 2277 1372 inquitv:
2315 1305 2361 1357 Α
2401 1306 2579 1361 decem
2608 1308 2847 1362 millibus
2874 1275 3196 1372 sanctuarii,
3249 1324 3279 1359 a
3315 1305 3502 1359 dextra
3531 1305 3660 1371 ejus.

423 1363 559 1417 Cum
589 1368 737 1434 enim
763 1382 1074 1462 supernam
1105 1375 1447 1443 maiestatem
1498 1379 1896 1437 incarnationis
1941 1363 2172 1456 ratione,
2224 1406 2348 1446 cum
2384 1408 2416 1447 a
2467 1394 2665 1449 dextra
2714 1395 2899 1450 Patris
2927 1403 3092 1458 esset,
3144 1393 3482 1462 reliquisset,
3516 1393 3664 1446 nobis

424 1466 547 1507 sese
580 1455 833 1522 prmhuit,
865 1450 1105 1528 pepercit
1127 1466 1351 1532 pepulo,
1381 1474 1438 1521 et
1468 1468 1729 1536 populum
1763 1470 2022 1535 alienum,
2052 1450 2197 1531 nunc
2224 1486 2406 1533 autem
2447 1479 2567 1547 Dei,
2606 1482 2872 1544 servavit,
2898 1497 3016 1547 eos,
3047 1482 3294 1551 inquam,
3338 1493 3479 1549 quos
3508 1478 3664 1532 mise-

425 1537 660 1594 ricordia
694 1540 788 1596 Dei
838 1558 946 1598 non
991 1551 1504 1618 comprehenderat,
1559 1570 1705 1609 nunc
1761 1571 1894 1611 vero
1928 1560 2311 1628 apprehendit,
2368 1537 2828 1635 quemadmodum
2878 1567 3078 1638 Petrus
3113 1582 3346 1638 magnus
3392 1564 3664 1637 apostolus

427 1622 606 1694 inquit
633 1628 695 1681 ⁸⁸.
740 1629 854 1684 Sub
893 1647 1056 1687 manu
1093 1651 1226 1689 vero
1253 1637 1463 1693 detinet
1495 1655 1688 1696 omnes
1716 1622 2092 1702 sanctific'a-tos
2139 1652 2285 1720 regis
2342 1622 2543 1718 instar,
2576 1670 2606 1707 a
2636 1655 2793 1724 cujus
2830 1670 2960 1710 sane
2997 1622 3324 1720 ministerio,
3357 1669 3466 1708 non
3513 1653 3665 1706 aliter

425 1730 587 1783 quam
615 1718 790 1785 patris
824 1729 975 1774 stant
1010 1740 1023 1775 :
1052 1741 1071 1776 ι
1103 1724 1299 1779 Omnia
1331 1727 1478 1781 enim
1514 1728 1747 1798 pedibus
1786 1731 1906 1800 ejus
1950 1734 2186 1804 subjecit
2208 1718 2282 1789 ἶν’.
2326 1758 2345 1791 ι
2389 1738 2563 1795 Porro
2591 1757 2660 1796 ex
2702 1718 2825 1811 ipso
2874 1758 3094 1812 quoque
3125 1742 3209 1796 lex
3263 1718 3515 1811 loquitur
3550 1754 3663 1808 qua:

430 1817 525 1870 per
550 1801 717 1861 Mosis
747 1807 1198 1867 intercessionem
1229 1815 1504 1883 praecipue
1538 1820 1832 1891 synagogis
1861 1801 2067 1887 Jacob,
2093 1821 2255 1894 473
2298 1824 2402 1880 hoc
2455 1835 2561 1894 est,
2603 1801 2788 1883 Israeli
2835 1801 2958 1883 da-ta
2996 1801 3098 1884 est.
3138 1826 3203 1880 Et
3232 1801 3353 1883 erit'
3390 1827 3443 1880 in
3473 1801 3664 1881 dilecto

427 1891 703 1962 princeps,
740 1910 807 1954 ex
843 1912 953 1966 quo
979 1898 1113 1955 illud
1147 1901 1273 1956 licet
1300 1904 1575 1961 aestimare
1597 1908 1752 1976 quod
1783 1908 1951 1964 Pater
1981 1924 2080 1978 per
2110 1891 2371 1964 dilectum
2406 1891 2564 1967 suum
2593 1913 2793 1968 Filium
2827 1914 2984 1971 nobis
3016 1912 3313 1983 imperitet.
3353 1930 3371 1964 ι
3401 1912 3494 1964 Ille
3523 1911 3660 1964 enim

426 1993 580 2033 meus
604 1992 687 2035 est
713 1980 880 2039 Filius
908 1987 1166 2056 dilectus,
1191 2004 1300 2059 quo
1334 1992 1466 2045 mihi
1491 1993 1592 2063 ipsi
1618 1990 1873 2065 placeo".
1895 1994 2299 2052 iLicetneenon
2374 2000 2653 2068 apostolos
2710 2000 3018 2071 principum
3066 1980 3185 2063 loeo
3209 1998 3429 2065 habere,
3464 1996 3529 2050 de
3550 1995 3662 2066 qui-

384 2122 385 2125 η
424 2066 529 2121 bus
559 2066 726 2124 David
757 2070 935 2142 inquit
967 2090 981 2127 :
1021 2092 1041 2125 ι
1073 2072 1299 2146 Subegit
1329 2078 1489 2134 nobis
1522 2082 1774 2151 populos,
1814 2089 1869 2138 et
1893 2092 2083 2155 gentes
2135 2085 2238 2140 sub
2276 2066 2442 2154 pedes
2474 2066 2793 2143 nostros-7'.
2834 2107 2854 2140 ι

506 2200 657 2257 Vivat
676 2202 851 2260 Ruben
869 2224 959 2262 nec
978 2212 1252 2265 moriatur.
1277 2211 1538 2283 [XXXIIL
1556 2214 1633 2288 6.]
1655 2214 1995 2286 Singularem

2169 2218 2336 2285 Ζήτω
2381 2219 2642 2289 Ῥουϐὶμ,
2672 2220 2769 2274 καὶ
2799 2218 2886 2289 μὴ
2914 2217 3279 2273 ἀποθανέτω.
3320 2216 3436 2286 Τὴν
3474 2213 3663 2269 Ἰακὼὸ

424 2292 611 2349 Jacobi
632 2297 1063 2354 maledictionem
1079 2316 1107 2354 a
1124 2302 1268 2357 tribu
1286 2305 1762 2377 amolitur,partim
1776 2307 1993 2377 quidem

423 2399 547 2440 eam
573 2384 932 2455 labefactans,
949 2392 1141 2459 partim
1163 2408 1288 2449 vero
1306 2394 1358 2447 in
1378 2403 1524 2451 statu
1540 2412 1643 2454 suo
1659 2398 1994 2467 relinquens.

430 2474 615 2544 luqnit
649 2478 794 2531 enim
817 2493 831 2529 :
878 2496 897 2533 ι
924 2478 1000 2532 Ne
1025 2481 1325 2550 ebullieris,
1351 2484 1452 2540 hoc
1479 2497 1583 2554 est,
1607 2503 1672 2542 ne
1695 2487 1998 2543 incalescas

425 2565 491 2620 ad
525 2570 924 2637 procreandum
977 2573 1222 2629 sobolem
1266 2577 1335 2630 ".
1373 2594 1393 2628 ι
1425 2576 1579 2644 Quod
1616 2594 1749 2635 sane
1779 2580 1998 2647 infregit

401 2661 618 2744 1merito
654 2673 873 2730 prOpter
921 2678 1162 2721 amorem
1197 2682 1308 2736 quo
1337 2667 1562 2725 fratrem
1608 2686 1768 2728 suum
1793 2669 1994 2743 Ioseph

423 2755 507 2802 est
535 2764 636 2802 eoa
660 2750 874 2820 plexus.
932 2752 1065 2809 Illud
1106 2771 1282 2812 vero:
1334 2777 1353 2811 σ
1399 2758 1517 2814 Νοη
1579 2770 1769 2833 regnet
1821 2766 1997 2819 tribus

421 2841 562 2903 haec,
609 2842 893 2897 immotum
952 2846 1176 2917 reliquit
1210 2850 1274 2903 ⁷³.
1320 2868 1341 2903 ι
1399 2849 1611 2906 Dictmn
1664 2855 1807 2909 enim
1852 2857 1994 2925 apud

426 2932 782 3005 Septuaginta
809 2943 990 2992 exstat
1030 2953 1044 2990 :
1086 2937 1353 2996 Robustus
1384 2943 1453 2996 ad
1475 2942 1770 3012 ferendum,
1808 2948 1995 3011 durus,

424 3033 735 3090 (autumans,
750 3033 802 3079 et
827 3042 947 3096 qua:
968 3026 1242 3097 deinceps.
1270 3030 1424 3098 Quod
1442 3034 1671 3104 Aquilas
1693 3036 1765 3090 ita
1793 3037 1955 3091 habet
1981 3055 1993 3090 :

425 3113 702 3184 Superﬂue
716 3118 984 3186 accepisti,
1005 3130 1055 3174 et
1078 3131 1289 3190 propter
1309 3123 1469 3178 robur
1496 3134 1644 3180 tuum
1674 3129 1997 3197 superﬂuum

423 3206 663 3262 ebullisti
707 3218 962 3279 tanquam
1015 3229 1179 3282 aqua,
1229 3215 1446 3287 ideoque
1488 3236 1589 3273 non
1638 3221 1996 3277 luxuriaberis

424 3301 677 3369 amplius.
708 3300 830 3367 Quo
854 3306 1266 3374 praerogativam
1296 3322 1359 3362 ac
1382 3310 1996 3383 excellentiamimperii

424 3394 473 3446 ei
507 3393 692 3463 negari
730 3393 954 3449 indicat.
993 3394 1463 3463 Quemadmodum
1497 3402 1662 3458 etiam
1700 3404 1993 3461 Servatur:

430 3502 449 3532 ι
488 3481 623 3552 Ego,
657 3485 860 3553 inquit,
894 3486 1016 3540 veni
1040 3495 1100 3540 ut
1133 3488 1298 3542 vitam
1333 3489 1590 3557 habeant,
1624 3493 1789 3564 idque
1821 3496 1997 3549 abun-

426 3574 496 3628 de
528 3574 595 3629 ".
633 3594 653 3629 ι
677 3576 946 3631 Caeterum
973 3579 1123 3647 quod
1156 3579 1376 3634 domum
1412 3581 1601 3637 Ruben
1651 3585 1799 3640 is'ac
1827 3586 1997 3640 robur

428 3666 764 3736 superﬂuum
790 3678 1131 3737 exsecratur,
1163 3687 1283 3726 eam
1311 3687 1532 3728 causam
1568 3676 1750 3740 habet,
1775 3678 1902 3746 quia
1930 3678 1996 3733 ad

426 3758 712 3813 libidinem
748 3760 1010 3829 proclivis
1060 3747 1185 3826 fuit,
1233 3772 1285 3817 et
1318 3764 1489 3833 patris
1531 3764 1726 3820 lectum
1766 3768 1994 3836 ,pelluit.

426 3848 751 3919 liujusmodi
783 3866 1000 3922 quoque
1033 3850 1249 3909 Davidis
1297 3854 1428 3908 illud
1478 3866 1586 3919 est,
1620 3870 1746 3912 eum
1782 3857 1997 3913 Nathan

426 3939 643 4011 inquit:
677 3959 696 3993 ι
724 3941 1074 4011 Nequaquam
1116 3945 1371 4001 morieris
1397 3946 1465 4011 ⁷⁸,
1513 3964 1533 3998 ι
1576 3947 1823 4019 legisque
1867 3966 2000 4005 con-

425 4031 779 4093 demnatione
801 4049 925 4088 eum
951 4033 1219 4103 sublevat,
1245 4037 1424 4092 minas
1452 4047 1633 4093 autem
1656 4046 1711 4093 et
1748 4041 1998 4095 aculemn

420 4124 713 4195 sanguinis
736 4125 787 4180 ei
822 4124 1104 4195 relinquit.
1129 4125 1393 4191 Quamvis
1433 4129 1596 4183 etiam
1630 4131 1699 4184 ab
1729 4132 1833 4185 hoc
1867 4132 2001 4186 libe-

426 4217 539 4273 rari
573 4217 645 4273 sit
672 4225 927 4287 precatus
948 4216 1150 4271 David:
1175 4234 1195 4277 ς
1219 4216 1412 4273 Libera
1447 4235 1530 4275 me
1558 4235 1587 4274 a
1612 4222 1999 4293 sanguinibus,

429 4322 464 4362 ο
492 4306 654 4372 Deus,
698 4307 842 4364 Deus
881 4306 1078 4365 salutis
1124 4324 1258 4365 meae
1282 4311 1345 4362 7°.
1401 4330 1420 4362 ι
1454 4310 1574 4370 Non
1608 4313 1750 4375 enim
1777 4315 2002 4383 aequalis

436 4414 564 4470 erga
595 4416 784 4457 omnes
816 4401 1066 4471 supplicii
1088 4418 1345 4459 mensura
1369 4412 1472 4458 est.

504 4478 739 4558 Exaudi,
775 4491 1015 4560 Domine,
1041 4511 1210 4549 vocem
1232 4494 1265 4549 J
1273 4496 1399 4551 uda.
1434 4496 1534 4570 [7.]
1554 4496 1885 4564 Simeonem,
1910 4501 2003 4569 qui

431 4595 539 4633 una
565 4595 689 4634 eum
713 4579 838 4635 Levi
866 4583 1298 4641 exsecrationem
1335 4595 1614 4656 receperat
1658 4600 1876 4659 propter
1904 4590 2003 4645 de-

430 4672 790 4728 vastalionezu
821 4673 1065 4738 Sichem,
1098 4678 1481 4745 praetermisit;
1525 4679 1596 4735 ob
1639 4696 1803 4749 quam
1834 4681 2005 4736 Jaeob

2097 2308 2156 2363 ἐν
2181 2311 2336 2380 μέρει
2358 2311 2602 2379 κατάραν
2626 2312 2690 2364 ἐκ
2715 2311 2815 2379 τῆς
2845 2309 3018 2377 φυλῆς
3061 2306 3422 2378 ἀποτρίϐεται
3440 2323 3453 2336 ·
3477 2304 3537 2357 τὸ
3568 2302 3664 2373 μὲν

2097 2397 2266 2467 αὐτῆς
2290 2396 2556 2460 ἀναλύων,
2576 2397 2641 2457 τὸ
2662 2397 2719 2450 δὲ
2739 2396 3059 2451 καταλιπὼν
3079 2397 3171 2449 ἐπὶ
3195 2395 3296 2464 σχή
3307 2409 3497 2464 ματος.
3523 2391 3663 2461 Ἔφη

2097 2489 2225 2562 γὰρ,
2263 2508 2282 2542 ι
2320 2491 2410 2560 Μὴ
2432 2490 2683 2561 ἐκζέσῃς,
2709 2509 2728 2542 ι
2751 2490 2997 2555 τουτέστι
3032 2488 3107 2558 μὴ
3127 2485 3528 2557 ὲκθερμανθῇς,
3549 2502 3566 2535 ι
3587 2484 3664 2543 εις

2098 2578 2443 2645 πολυγονίαν.
2484 2597 2503 2630 ι
2538 2578 2719 2648 Ὅπερ
2759 2576 2948 2630 ἔλυσεν
2989 2576 3240 2640 εἰκότως,
3275 2574 3366 2628 διὰ
3400 2572 3499 2644 τὴν
3536 2570 3664 2642 πρὸς

2108 2667 2308 2740 Ἰωσὴφ
2356 2668 2729 2737 φιλαδελφίαν.
2771 2669 2844 2720 Τὸ
2871 2668 2949 2733 δὲ,
2978 2668 3053 2737 μὴ
3109 2663 3429 2736 βασιλεῦσαι
3452 2662 3549 2734 τὴν
3568 2679 3663 2730 φυ-

2096 2762 2214 2832 λὴν,
2274 2762 2372 2815 οὐκ
2418 2760 2677 2813 ἀνέλυσεν
2722 2759 2921 2829 Εἷρητο
2969 2757 3078 2827 γὰρ
3119 2755 3260 2809 κατὰ
3297 2756 3399 2824 μὲν
3445 2754 3569 2817 τοὺς
3589 2753 3663 2817 0',

2082 2858 2364 2921 Σκληρός
2402 2854 2707 2923 φέρεσθαι,
2745 2852 3015 2919 σκληρὸς
3036 2849 3131 2904 καὶ
3152 2847 3446 2917 αὐθάδης,
3492 2847 3579 2902 καὶ
3602 2844 3666 2899 τά

2096 2948 2256 3016 ἑξῆς*
2291 2946 2432 2998 κατὰ
2470 2946 2527 2998 δὲ
2566 2946 2659 2999 τὸν
2699 2943 2930 2997 Ἀκύλαν
2957 2958 2971 2973 ⁸
3007 2943 3272 3008 Περισσὰ
3293 2939 3534 3006 λαϐεῖν,
3573 2935 3663 2990 και

2095 3042 2163 3093 ἐκ
2193 3038 2489 3106 περισσοῦ
2516 3036 2832 3106 κρατῆσαι.
2865 3034 3226 3103 ’Υπερζέσας
3254 3034 3340 3099 ὡς
3366 3032 3541 3099 ὕδωρ,
3560 3031 3663 3083 οὐκ

2096 3133 2209 3200 ἔσῃ
2257 3132 2704 3200 περισσότερος,
2744 3128 2805 3180 τὸ
2832 3126 3084 3197 περιττὸν
3124 3125 3218 3177 καὶ
3275 3124 3542 3193 ὑπερέχον
3574 3121 3665 3187 τῆς

2099 3220 2376 3292 βασιλείας
2437 3217 2635 3288 δηλῶν,
2689 3216 2764 3278 ὡς
2797 3216 2892 3269 καὶ
2938 3217 2967 3268 6
3004 3214 3195 3284 Σωτήρ
3221 3229 3234 3243 °
3265 3232 3284 3264 ι
3322 3212 3469 3280 Ἐγὼ
3491 3207 3660 3280 ἦλθον,

2100 3314 2286 3383 φησὶν,
2320 3312 2407 3365 ἵνα
2436 3310 2580 3380 ζωὴν
2612 3309 2801 3378 ἔχωσι,
2830 3307 2926 3361 καὶ
2953 3306 3213 3376 περισσὸν
3248 3303 3438 3373 ἔχωσι.
3467 3323 3495 3355 ι·
3520 3302 3592 3354 Τὸ
3613 3299 3663 3353 δὲ

2100 3400 2340 3472 περισσὰ
2368 3399 2577 3464 λαὸεῖν,
2609 3398 2704 3453 καὶ
2731 3399 2795 3451 ὲκ
2836 3394 3101 3467 περισσοῦ
3145 3394 3452 3465 κρατῆσαι,
3498 3389 3663 3445 αἰτίαν

2102 3492 2332 3563 παρέχει
2364 3490 2433 3543 δι’
2455 3491 2521 3560 ἢν
2552 3490 2773 3559 ἀρᾶται,
2833 3486 3246 3558 παραστατικὴν
3279 3486 3380 3553 τῆς
3415 3481 3664 3553 περιττῆς

2098 3585 2310 3658 ἡδονῆς,
2340 3585 2406 3637 δι’
2430 3584 2498 3655 ἦν
2525 3583 2616 3636 ἐπὶ
2648 3583 2747 3651 τὴν
2786 3580 2973 3650 κοίτην
3023 3577 3406 3647 ὲπαναὸἑϐηκε
3440 3575 3532 3629 τοῦ
3566 3590 3662 3625 πα-

2096 3676 2413 3750 τρός.οὖτω
2442 3676 2535 3729 καὶ
2559 3676 2652 3728 ἐπὶ
2676 3673 2766 3727 τοῦ
2783 3672 2968 3736 Δαῦὶδ,
2986 3671 3046 3725 τδ
3075 3673 3194 3742 μὲν,
3219 3689 3236 3721 ι
3263 3669 3343 3724 Οὐ
3370 3668 3444 3739 μὴ
3467 3665 3659 3722 ἀποθά-

2099 3789 2214 3842 νῃς,
2248 3788 2267 3820 ι
2313 3771 2341 3821 6
2395 3765 2585 3819 Νάθαν
2626 3767 2793 3833 φησὶ,
2858 3764 2951 3818 τὸν
3000 3764 3065 3816 ὲκ
3115 3762 3207 3815 τοῦ
3242 3762 3411 3830 νόμου
3445 3759 3664 3811 θάνατον

2100 3861 2385 3933 ἀφαιρῶν,
2437 3859 2535 3928 τὴν
2586 3857 2643 3911 δὲ
2684 3855 2794 3909 τῶν
2862 3855 3112 3924 αἱμάτων
3154 3850 3471 3906 καταλιπὼν
3515 3850 3662 3950 ἄπει·

2100 3955 2227 4025 λήν·
2260 3952 2436 4005 καίτοι
2463 3950 2555 4003 καὶ
2581 3948 2708 4017 περὶ
2729 3945 2930 4015 ταύτης
2959 3944 3257 4015 εὐξαμένου
3289 3942 3481 3995 Δα6ί5’
3514 3959 3531 3990 ι
3552 3939 3662 3990 Ῥύ-

2103 4064 2192 4100 σαι
2247 4062 2314 4114 με
2350 4043 2412 4108 ἐξ
2456 4042 2722 4112 αἱμάτων,
2749 4042 2776 4093 6
2830 4038 2982 4100 Θεὸς,
3021 4037 3049 4089 ὁ
3101 4035 3231 4098 Θεὸς
3257 4034 3358 4105 τῆς
3402 4029 3662 4125 σωτηρίας

2105 4157 2227 4209 μου.
2270 4157 2289 4188 ι
2345 4137 2420 4190 Οὐ
2456 4135 2563 4215 ⁵τὲιρ
2605 4136 2718 4188 ἴσον
2761 4132 2854 4186 ἐπὶ
2893 4131 3113 4185 πάντων
3154 4129 3254 4199 τῆς
3296 4121 3563 4198 τιμωρίας
3606 4121 3661 4172 τὸ

2107 4231 2326 4303 μέτρον.

2177 4499 2581 4562 Εἱσάκουσον,
2602 4498 2795 4564 Κύριε,
2820 4492 3027 4564 φωνῆς
3058 4492 3264 4547 Ἰούδα.
3286 4490 3554 4581 Ilaec-51:11:
3584 4483 3665 4581 ea

2107 4594 2369 4661 Συμεῶνα
2390 4591 2481 4644 τὸν
2507 4589 2622 4658 ἅμα
2666 4587 2799 4642 Λευῖ
2844 4586 2942 4657 τὴν
2979 4585 3225 4656 κατάραν
3272 4577 3557 4651 δεξάμενον
3582 4577 3663 4629 διὰ

2107 4683 2205 4753 τὴν
2231 4680 2497 4752 πόρθησιν
2526 4679 2787 4747 Σικίμων.
2814 4677 2979 4730 Ὅθεν
3006 4676 3190 4743 ἔλεγεν
3226 4672 3418 4728 Ἰακὼὸ
3441 4689 3455 4703 ·
3493 4690 3512 4721 ι
3549 4671 3662 4721 Δια-

431 4762 660 4830 protulit
693 4782 705 4815 :
737 4783 755 4815 ς
780 4763 1087 4826 Distraham
1112 4783 1207 4823 eos
1238 4769 1291 4823 in
1314 4768 1508 4837 Iacob,
1531 4782 1586 4827 et
1618 4773 1886 4842 disjiciam
1912 4790 1999 4830 eos

2112 4773 2287 4843 μεριῶ
2312 4771 2509 4833 αὐτοὺς
2532 4772 2590 4823 ἐν
2632 4768 2848 4833 Ἰακὼϐ,
2872 4768 2968 4822 καὶ
2988 4766 3369 4837 διασκορπίσω
3398 4762 3585 4824 αὐτοὺς
3611 4760 3664 4811 ἐν

434 4854 493 4908 in
518 4851 684 4908 Israel
719 4856 787 4910 ⁷⁷.
830 4875 847 4909 ι
881 4855 1147 4917 (Ζωιετυιη
1171 4860 1296 4916 Levi
1333 4863 1552 4932 quidem
1587 4864 1878 4920 sacerdotii
1911 4883 1999 4921 no-

2125 4863 2506 4936 Ἱερουσαλήμ.
2555 4881 2573 4913 ι
2617 4860 2754 4914 Ἀλλ’
2797 4862 2825 4913 6
2862 4859 2961 4930 μὲν
2995 4857 3127 4912 Λευῒ
3166 4858 3266 4926 τῆς
3292 4858 3431 4927 ἀρᾶς
3467 4853 3550 4957 διὰ
3574 4851 3664 4957 τῇς

440 4945 589 4999 mine
638 4947 1073 5007 maledictionem
1125 4954 1349 5019 ademit,
1381 4955 1892 5028 dispersionemque
1920 4977 1999 5027 per

2106 4957 2408 5031 ἱερωσύνης
2441 4954 2744 5017 ἐπαύσατο,
2777 4955 2872 5006 καὶ
2909 4951 3007 5022 τὴν
3052 4949 3353 5019 διασπορὰν
3392 4945 3534 5015 αὐτῷ
3575 4941 3662 5010 τὴν

436 5036 612 5091 tribus
639 5038 942 5095 obeundam
970 5041 1179 5098 felicem
1222 5060 1287 5099 ac
1316 5045 1529 5099 beatam
1576 5046 1834 5103 reddidit.
1866 5049 1999 5106 Tan-

2107 5055 2166 5106 ἐν
2190 5053 2310 5113 ταῖς
2331 5049 2527 5118 φυλαῖς
2560 5045 2936 5115 εὐλογημένην
2975 5045 3143 5096 ποιεῖ.
3316 5042 3423 5112 γὰρ
3450 5038 3588 5143 ξένος

438 5141 600 5193 quam
636 5131 960 5200 peregrinus
984 5134 1128 5188 enim
1165 5134 1217 5187 in
1241 5136 1481 5190 tribuum
1518 5135 1747 5192 decimis
1776 5138 1999 5206 habitat,

2106 5144 2228 5204 ταῖς
2254 5142 2317 5193 ἐκ
2334 5138 2443 5192 τῶν
2471 5137 2654 5207 φυλῶν
2674 5136 2954 5205 ἀπαρχαῖς
2981 5132 3374 5195 κατοικίζεται,
3397 5131 3530 5183 κατὰ
3551 5131 3660 5182 τοὺς

442 5214 583 5272 inter
610 5234 706 5275 eos
743 5223 995 5279 videlicet
1032 5226 1127 5293 qui
1167 5225 1220 5289 in
1261 5225 1482 5281 Christo
1509 5228 1883 5295 adoleverunt,
1916 5248 1999 5301 pe-

2107 5238 2166 5288 ὲν
2199 5230 2419 5304 Χριστῴ
2445 5230 2851 5292 τελειωθέντας,
2886 5227 3035 5292 ξένος
3058 5226 3153 5279 καὶ
3183 5221 3550 5296 παρεπίδημος
3573 5212 3657 5266 ὥν·

444 5309 799 5380 regrinusque
829 5322 883 5368 et
928 5315 1134 5369 advena
1187 5324 1293 5371 est.
1329 5317 1468 5371 Ante
1497 5320 1837 5376 nativitatem
1861 5324 1999 5379 enim

2104 5318 2216 5377 ἿΙν
2245 5323 2353 5393 γὰρ
2390 5322 2485 5375 καὶ
2527 5318 3058 5390 καθωμολογημένος
3090 5316 3217 5406 fieri;
3260 5314 3365 5406 πρδ
3392 5309 3654 5406 γενέσεωῇ

446 5398 552 5456 Deo
582 5413 933 5460 consecratus
961 5412 1049 5461 est
1077 5421 1107 5460 a
1139 5404 1371 5472 Jacobo,
1404 5411 1497 5478 qui
1528 5412 1666 5467 dixit
1700 5430 1712 5465 :
1754 5433 1771 5465 ι
1806 5414 1872 5468 Ει
1893 5430 1999 5485 om-

2110 5415 2356 5478 εἰπόντος
2392 5412 2588 5466 Ἰακώϐ
2613 5428 2625 5441 ο
2649 5431 2667 5463 ι
2701 5410 2812 5466 Καὶ
2844 5411 3061 5467 πάντων
3082 5401 3157 5463 ὧν
3190 5408 3255 5461 ἂν
3280 5405 3385 5477 δῷς
3410 5419 3495 5474 μοι
3517 5398 3658 5451 δεκά-

2172 5594 2215 5623 “
2252 5595 2267 5647 Ι
2301 5592 2449 5646 l’etr.
2486 5609 2546 5652 ιι,
2586 5594 2673 5647 Η).
2785 5588 2877 5642 ⁵⁸1
2917 5588 3047 5643 Cor.
3103 5604 3193 5652 xv,
3235 5585 3322 5641 26.
3395 5582 3440 5614 ⁷⁰
3484 5572 3651 5652 Μηίμξσ

520 5575 888 5655 “_l_iehr_._v_n,
912 5582 1008 5655 ΔΜ.
1086 5583 1128 5613 ⁶⁶
1158 5580 1316 5638 Joan.
1354 5601 1405 5641 ν.
1438 5588 1525 5644 46.
1603 5591 1645 5622 ⁸⁷
1677 5588 1834 5649 Joan.
1876 5608 1949 5655 Iv,
1981 5584 2069 5645 22.

1935 5641 2071 5717 ana;
2097 5666 2147 5715 ες,
2229 5641 2448 5731 τιελιεῑέιζ·
2466 5641 2672 5729 ,έςίιῖ
2692 5663 2738 5697 τε
2757 5663 2797 5718 ιι
2820 5641 2948 5733 mg:
2984 5641 3086 5725 τιίι,
3106 5641 3206 5714 ιδ’.
3288 5658 3329 5688 τε
3351 5654 3487 5709 ps...
3510 5657 3555 5713 ε,
3581 5641 3654 5710 ιιι

441 5644 656 5721 tua”.
732 5649 774 5678 τι
803 5647 1122 5716 Psal.-xt.v1,
1160 5655 1212 5708 4.
1292 5658 1334 5687 ⁷³
1366 5656 1498 5711 Gen.
1528 5676 1669 5721 xm.
1713 5664 1763 5715 ἡ.

442 5710 492 5743 τ’
524 5708 659 5777 Gen.
697 5730 843 5780 κως.
871 5721 921 5773 7.
