4018 6230
1006 264 1093 301 .7’"

443 322 545 389 981

1395 272 2049 386 COMMENTARlI-IN
2090 316 2788 378 DEUTERONOMIUM.

3606 310 3709 374 982

441 458 543 512 την
565 422 984 498 ἀποδεκατάηω.
1024 460 1040 492 ι
1076 441 1312 505 Δέκατος
1343 440 1400 493 δέ
1434 441 1544 494 ἀπὸ
1570 438 1665 493 τοῦ
1717 437 2026 493 τελευταίου

2133 431 2282 486 nium
2317 447 2655 503 qutecunque
2686 431 2818 484 mihi
2843 431 3056 488 dederis
3079 430 3324 486 decimas
3347 426 3580 497 pendam
3602 428 3668 480 η’.
3686 446 3703 478 ι»

443 531 632 596 παιδὸς
660 533 688 584 6
717 532 870 597 Λευῖ,
900 532 994 586 τοῦ
1026 533 1213 596 τέλους
1236 534 1315 598 είς
1348 532 1524 604 ἀρχὴν
1545 530 1917 593 καταστάντος
1936 529 2024 582 διὰ

2126 521 2221 576 Est
2245 537 2376 576 vero
2402 522 2470 576 ab
2528 522 2723 575 ultimo
2761 520 2871 575 lilio
2914 520 3042 574 Levi
3097 519 3366 581 decimus,
3415 531 3479 569 ac
3511 516 3581 568 ita
3615 531 3711 583 per

441 624 700 696 Χριστόν.
730 625 827 687 Ὃς
852 625 1028 697 ἀρχὴν
1049 625 1111 679 τὺ
1140 624 1297 689 τέλος
1336 624 1638 694 ἀπέφηνεν,
1679 623 1766 676 ἐπ’
1792 621 2024 692 ἐσχάτου

2126 613 2405 669 Christum
2459 613 2582 667 finis
2627 626 2753 666 cum
2808 610 3085 682 principio
3131 610 3564 677 redintegratur,
3617 606 3711 675 qui

440 713 537 774 τοῦ
558 715 756 780 αἰῶνος
786 716 977 783 ἐλθὼν,
1011 719 1105 771 καὶ
1128 716 1226 787 τὴν
1263 716 1518 784 εὐλογίαν
1559 715 1668 770 ἀπὸ
1711 714 1807 768 τοῦ
1840 713 2028 776 τέλους

442 807 779 877 εἰσαγαγών.
820 808 879 861 Ὁ
906 808 962 863 δὲ
992 808 1221 879 Συμεὼν
1254 808 1332 879 τῷ
1353 810 1545 881 Κυρίῳ
1577 806 2024 870 καταλέλειπται,

443 898 538 956 καὶ
562 899 597 968 ἡ
642 898 834 953 τούτου
871 899 1176 969 διόρθωσις.
1228 902 1326 964 Ὃς
1360 900 1506 955 ἆπαν
1539 902 1601 954 τὸ
1641 898 1922 968 ἐλλειφθὲν
1951 896 2028 967 τῷ

442 990 593 1061 νόμῳ
621 991 711 1045 διὰ
746 992 844 1063 τῆς
893 992 1117 1063 χάριτος
1169 994 1497 1065 ἀναπληροῖ.
1536 994 1751 1063 ’Ὠσπερ
1804 993 1902 1046 καὶ
1929 991 2030 1054 τάς

441 1081 574 1137 δέκα
601 1083 792 1151 φυλὰς,
828 1086 1070 1156 Ἐφραὶμ
1091 1086 1521 1158 ὀνομαζομένας,
1556 1087 1658 1140 οὐκ
1679 1085 1973 1154 ἀναγαγὼν
2001 1084 2030 1136 6

441 1173 575 1239 Θεὸς
608 1176 666 1228 ἐν
713 1176 910 1246 ἀφέσει
958 1180 1024 1248 τῇ
1060 1179 1214 1251 παρά
1240 1180 1470 1253 Κυρίου,
1519 1179 1918 1248 ἐπαγγέλλεται
1941 1177 2031 1232 διὰ

441 1264 536 1318 τοῦ
582 1264 851 1337 Ἰερεμίου
908 1267 1115 1332 ταύτας
1160 1270 1401 1338 ἀνάξειν,
1449 1269 1540 1324 διά
1561 1269 1801 1341 Χριστοῦ
1828 1269 2028 1341 δηλαδὴ

441 1356 542 1426 τῆς
572 1357 894 1429 εὐεργεσίας
920 1361 1005 1429 ἐφ’
1028 1361 1277 1428 ἅπαντας
1309 1362 1681 1433 ἀπλουμένης.
1736 1364 1839 1417 Ἦν
1898 1380 2032 1433 προ·-

442 1446 659 1517 εδήλου,
705 1447 920 1518 λέγων’
963 1468 983 1503 ι
1025 1452 1248 1506 Ἐκτισε
1283 1452 1491 1524 Κύριος
1514 1454 1700 1509 καινὸν
1732 1455 1791 1509 ἐν
1823 1458 1888 1526 τῇ
1930 1457 2028 1526 γῇ.

442 1535 633 1609 θήλεια
660 1540 1066 1611 περικυκλώσει
1095 1544 1287 1614 ἄνδρα.
1320 1562 1341 1596 ι
1368 1544 1569 1598 Καινὺν
1596 1546 1708 1617 γὰρ
1728 1546 1788 1599 τὸ
1815 1544 2028 1616 κυηθῆ-

441 1648 530 1685 ναι
556 1632 728 1703 ἄνδρα
762 1636 931 1707 χωρὶς
960 1637 1190 1707 πατρὸς,
1216 1638 1283 1692 δι’
1307 1632 1369 1696 οὗ
1400 1639 1604 1705 πάντες
1638 1639 2029 1710 ἀνεκαινίσθη-

444 1740 566 1793 μεν.
608 1725 702 1790 Et;
725 1726 752 1780 6
776 1728 871 1781 καὶ
908 1729 1138 1800 Συμεὼν
1170 1731 1471 1803 σιωπηθεὶς
1513 1732 1654 1804 μετὰ
1698 1732 1806 1787 τῶν
1852 1732 2030 1787 ἄλλων

441 1817 818 1890 παρεπέμφθη
866 1817 1070 1889 φυλῶν.
1096 1823 1286 1895 ’Κοινὴ
1346 1824 1457 1897 γὰρ
1506 1826 1636 1895 περὶ
1692 1823 1788 1879 τοῦ
1841 1823 2028 1890 ἔθνους

443 1907 749 1977 ἐπαγγελία
776 1912 836 1964 τδ
868 1912 946 1984 μὴ
978 1914 1292 1969 παύσεσθαι
1317 1914 1413 1969 τὸν
1451 1916 1689 1988 Ἰσραὴλ,
1722 1916 1874 1982 ἔθνος
1896 1916 2029 1971 ὄντα

443 1998 677 2055 ἐνώπιον
711 2001 805 2056 τοῦ
828 2002 987 2061 Θεοῦ.
1041 2006 1201 2069 Τινὲς
1226 2006 1282 2060 δέ
1306 2024 1491 2078 φασιν,
1537 2008 1613 2073 ὡς
1652 2008 1893 2078 Μωῡσῆς
1926 2009 2029 2074 τὰς

441 2091 693 2161 εὐλογίας
723 2094 921 2163 διδοὺς,
956 2096 1057 2169 τὴν
1088 2098 1225 2153 ίδίαν
1256 2100 1429 2172 φυλὴν
1462 2101 1565 2156 οὐκ
1611 2101 1677 2156 ἂν
1737 2102 2028 2157 κατέλιπεν

442 2184 827 2256 ἀνευλόγητον,
865 2188 943 2241 Δι’
970 2188 1135 2246 αὐτὸν
1166 2191 1225 2244 δέ
1255 2192 1389 2257 Θεὸς
1421 2193 1683 2264 εὐλόγησε
1706 2194 1805 2264 τὴν
1832 2194 2025 2267 φυλὴν,

439 2275 517 2340 ὡς
546 2278 642 2331 καὶ
672 2278 762 2334 διὰ
794 2280 895 2351 τὴν
929 2282 1285 2353 φιλαδελφίαν
1318 2284 1421 2357 τὴν
1455 2285 1549 2339 τοῦ
1592 2286 1838 2357 Ῥουὸίμ.
1884 2289 1943 2340 Ὁ
1971 2288 2027 2341 δὲ

443 2364 672 2437 Συμεὼν
717 2371 821 2424 οὐκ
872 2371 1000 2443 ἔσχε
1056 2374 1336 2445 πρόφασιν
1387 2376 1484 2449 τῆς
1523 2377 1775 2445 εὐλογίας
1821 2380 2023 2447 τυχεῖν.

441 2459 804 2530 Στοχάζονται
830 2463 889 2517 δέ
936 2465 1099 2521 αὐτὸν
1142 2468 1238 2522 καὶ
1284 2468 1599 2542 ἀρχηγέτην
1631 2471 1730 2543 τῆς
1763 2473 1907 2527 κατά
1932 2472 2027 2527 τοῦ

454 2549 651 2621 Ἰωσὴφ
683 2553 980 2624 ἐπιϐουλῆς
1001 2556 1353 2626 γεγενῆσθαι,
1373 2559 1468 2613 καὶ
1496 2561 1561 2614 ἐκ
1586 2560 1680 2615 τοῦ
1708 2562 1798 2616 τὸν
1823 2562 2026 2635 Ἰωσὴφ

440 2642 568 2704 τοὺς
603 2643 703 2713 μὲν
737 2644 932 2710 ἄλλους
968 2646 1273 2715 ἀπολῦσαι,
1302 2651 1468 2705 αὐτὸν
1508 2652 1566 2706 δέ
1596 2652 1901 2724 καθείρξαι.
1932 2660 2026 2712 Τι-

440 2730 529 2795 νὲς
553 2731 610 2784 δὲ
640 2732 738 2788 καὶ
758 2736 816 2787 ἐν
836 2738 901 2805 τῇ
932 2737 1039 2790 τῶν
1068 2738 1382 2809 ἀλλοφύλων
1428 2744 1656 2816 πορνείᾳ
1692 2747 1855 2815 φασιν
1889 2748 2026 2817 ἀρχ-

441 2822 576 2892 ηγὸν
606 2818 939 2895 γεγενῆσθαι
968 2827 1061 2880 τὸν
1086 2829 1370 2900 Συμεῶνα,
1392 2830 1480 2885 ὅτε
1502 2832 1590 2887 διὰ
1621 2834 1780 2904 ζῆλον
1801 2838 1828 2890 6
1844 2837 2027 2901 Φινεὲς

439 2914 806 2971 δεδικαίωται.
840 2918 1001 2984 Τινὲς
1031 2921 1089 2975 δέ
1120 2940 1306 2993 φασιν,
1338 2925 1414 2989 ὡς
1457 2927 1523 2997 τῇ
1555 2926 1696 2998 φυλῇ
1729 2927 1863 2981 Λευῖ
1901 2946 2028 2984 συν·

441 3005 750 3077 ευλόγηται.
801 3010 888 3075 Ὠς
929 3012 1037 3082 γὰρ
1080 3015 1148 3068 τὰ
1180 3016 1281 3087 τῆς
1325 3018 1487 3087 ἀρᾶς,
1522 3017 1668 3072 οὕτω
1706 3019 1801 3074 καὶ
1827 3023 1895 3075 τὰ
1927 3022 2027 3093 τῆς

2128 720 2252 760 cum
2280 712 2521 761 extrema
2560 705 2807 759 venisset
2830 711 3008 766 atate,
3036 709 3451 770 extremamque
3481 698 3714 753 felicita-

2133 808 2236 853 tem
2265 797 2557 861 attulisset,
2590 796 2750 850 tinem
2780 796 2833 848 in
2859 793 3191 864 principium
3222 790 3513 846 convertit.
3539 788 3713 842 Porro

2116 889 2354 944 .Simeon
2382 904 2504 945 cum
2534 887 2873 943 correctione
2902 900 3001 943 sua
3048 885 3159 939 Deo
3199 890 3284 939 est
3330 882 3577 945 relicnts,
3615 875 3746 949 qui'

2131 990 2305 1039 totum
2334 982 2470 1053 legis
2498 981 2691 1036 vitium
2724 980 2898 1051 gratia
2925 994 3024 1033 sua
3050 977 3300 1034 resarcit.
3331 976 3713 1042 Quemadmo-

2132 1074 2258 1129 dum
2289 1088 2413 1129 cum
2459 1073 2647 1129 decem
2688 1072 2863 1128 tribus
2891 1069 3153 1140 Ephraim
3198 1068 3420 1123 nomine
3469 1066 3712 1137 insignes

2131 1166 2285 1234 copia
2312 1163 2550 1220 abeundi
2588 1177 2619 1217 a
2669 1162 2813 1234 Cyro
2862 1162 2999 1231 ipsis
3053 1160 3179 1214 data
3228 1175 3338 1214 non
3399 1158 3714 1213 reduxisset

2132 1254 2296 1321 Deus,
2325 1271 2421 1326 per
2449 1254 2742 1311 Jeremiam
2769 1269 2799 1308 a
2825 1253 3049 1308 Christo
3076 1251 3361 1307 reductum
3390 1250 3566 1305 ituras
3589 1264 3713 1304 esse

2130 1350 2421 1421 promittit,
2445 1357 2505 1404 ut
2530 1350 2581 1405 id
2614 1348 2942 1405 beneficium
2971 1362 3137 1417 super
3168 1361 3360 1401 omnes
3385 1345 3715 1399 extendatur

2131 1443 2402 1497 videlicet.
2425 1440 2498 1496 De
2515 1456 2625 1511 quo
2642 1441 3097 1512 signiﬁcationem
3118 1440 3405 1510 prtemisit,
3425 1440 3676 1510 inquiens
3697 1457 3711 1492 :

2139 1553 2158 1586 ι
2197 1532 2347 1589 Fecit
2372 1549 2487 1590 rem
2523 1548 2720 1590 novam
2754 1533 3019 1589 Dominus
3049 1572 3064 1599 ,
3104 1532 3310 1589 femina
3346 1532 3715 1589 circumdabit

2131 1626 2307 1682 virum
2331 1625 2398 1682 ⁷⁸.
2441 1644 2459 1677 ›
2498 1624 2711 1681 Novum
2746 1625 2893 1680 enim
2954 1624 3057 1680 fuit
3110 1624 3368 1681 videlicet
3399 1625 3547 1697 gigni
3597 1626 3717 1681 sine

2130 1724 2306 1785 patre,
2336 1730 2434 1787 per
2471 1731 2632 1785 quem
2685 1716 2934 1772 renovati
2975 1731 3166 1772 sumus
3216 1732 3428 1773 omnes.
3467 1716 3717 1788 Quapro-

2129 1816 2251 1880 pter
2273 1822 2407 1864 sane
2436 1807 2656 1865 Simeon
2679 1807 2823 1863 inter
2845 1808 2982 1863 alias
3013 1808 3190 1864 tribus
3212 1808 3431 1863 silentio
3464 1816 3547 1863 est
3577 1824 3714 1878 pra:—

2132 1902 2345 1958 teritus.
2395 1898 2717 1957 Communis
2759 1898 2906 1954 enim
2967 1899 3261 1969 promissio
3312 1900 3454 1954 hanc
3499 1910 3712 1969 gentem

2130 1996 2336 2054 manet,
2377 1987 2527 2059 quod
2560 1988 2729 2045 Israel
2767 2004 2901 2060 gens
2933 1989 3044 2046 Deo
3080 1998 3232 2060 grata
3270 1990 3480 2044 nullum
3517 1990 3591 2045 sit
3624 2004 3704 2043 ca-

2129 2094 2289 2156 ptura
2314 2084 2500 2141 finem.
2528 2085 2698 2139 Aiunt
2720 2100 2852 2141 vero
2881 2085 3125 2156 quidam,
3148 2085 3193 2141 si
3218 2085 3435 2141 caeteris
3456 2084 3714 2141 tribubus

2128 2180 2312 2235 fausta
2343 2187 2492 2236 esset
2542 2178 2878 2248 imprecatus
2904 2219 2920 2245 ,
2971 2193 3127 2233 suam
3176 2186 3326 2233 certe
3365 2179 3568 2234 tribum
3601 2193 3710 2232 non

2128 2273 2428 2328 immunem
2462 2258 2776 2344 reliquisset
2798 2288 2885 2329 eo.
2912 2272 3181 2329 Caeterum
3207 2272 3410 2328 tribum
3436 2286 3554 2326 cam
3583 2286 3710 2341 pro.

2127 2374 2250 2437 pter
2282 2366 2463 2435 ipsum
2496 2366 2834 2422 fortunatam
2868 2382 2993 2423 esse
3023 2367 3212 2438 jussit,
3247 2364 3710 2436 quemadmodum

2128 2459 2376 2515 Rubenis
2402 2474 2620 2530 quoque
2650 2466 2877 2530 propter
2920 2475 3162 2515 amorem
3210 2457 3622 2532 erga'fratrem.
3655 2458 3710 2512 ln

2125 2550 2246 2623 ipso
2303 2550 2540 2622 denique
2578 2550 2834 2608 Simeone
2884 2552 3035 2606 nulla
3096 2552 3199 2606 fuit
3242 2567 3410 2607 causa
3447 2565 3610 2622 quam
3642 2550 3712 2605 ob

2127 2640 2365 2697 faustam
2428 2643 2670 2714 aliquam
2738 2643 3192 2714 imprecationem
3254 2649 3709 2713 consequeretur.

2127 2731 2299 2789 Porro
2323 2732 2518 2788 ducem
2551 2733 2953 2803 coniurationis
2991 2743 3176 2788 contra
3207 2730 3506 2802 Josephum
3543 2730 3714 2788 fuisse

2127 2825 2534 2895 conjectant,et
2559 2825 2767 2879 idcirco
2792 2823 3089 2895 Josephum
3112 2824 3236 2879 aliis
3268 2823 3489 2893 quidem
3521 2824 3714 2880 dimis-

2126 2919 2225 2979 sis,
2262 2918 2439 2989 ipsum
2470 2917 2782 2973 retinuisse.
2818 2916 3041 2973 Necnon
3067 2932 3196 2973 vero
3240 2916 3463 2987 quidam
3499 2924 3713 2972 scorta-

2128 3008 2297 3065 tionis
2344 3007 2786 3073 Palaestinorum,
2819 3007 3043 3078 quando
3088 3006 3304 3062 fervore
3354 3022 3456 3061 suo
3481 3006 3714 3061 Phinees

441 3099 694 3169 εὐλογίας
725 3104 901 3158 κοινά.
950 3105 1056 3159 Τὸν
1090 3104 1134 3159 δ’
1165 3102 1257 3161 οὖν
1285 3109 1553 3179 Συμεῶνα
1583 3114 2025 3183 παρασιωπήσας

2126 3102 2356 3169 inStitiae
2388 3117 2587 3158 nomen
2624 3102 2859 3172 adeptus
2879 3110 2985 3167 est,
3017 3101 3212 3157 ducem
3262 3102 3435 3158 fuisse
3466 3102 3711 3156 tradunt.

440 3192 469 3244 6
497 3192 739 3263 Μωῦσῆς
763 3236 778 3262 ,
833 3196 934 3249 οὐκ
984 3198 1076 3251 ἐπὶ
1121 3199 1212 3251 τὸν
1241 3200 1373 3254 Λευῒ
1398 3201 1541 3255 κατά
1591 3203 1746 3268 τάξιν
1779 3203 2021 3274 ἔρχεται,

439 3282 557 3336 ἀλλ’
584 3285 677 3365 ἐπὶ
726 3287 817 3340 τὸν
850 3288 1075 3353 Ἰούδαν,
1120 3291 1203 3344 ὅτι
1242 3292 1315 3365 μὴ
1352 3294 1459 3347 ἀπὺ
1483 3295 1729 3365 κατάρας
1763 3298 1842 3359 είς
1870 3297 2022 3350 εὐλοο

440 3376 566 3445 γίαν
580 3361 797 3449 ἔαύτην
817 3380 939 3450 ἄγει
973 3382 1070 3452 τὴν
1103 3361 1311 3455 φυλὴν,
1331 3385 1407 3450 ὡς
1437 3387 1535 3457 τὴν
1566 3361 1861 3459 Λευῖτικήν
1884 3407 1896 3420 ·
1929 3392 2024 3443 καὶ

440 3470 521 3523 ὅτι
547 3471 645 3525 οὐκ
674 3472 734 3538 ἐξ
765 3473 977 3545 ἱερέων,
1008 3476 1124 3529 ἀλλ’
1151 3479 1216 3530 ἐκ
1248 3477 1515 3548 βασιλέων
1548 3480 1747 3550 ἤμελλε
1789 3481 2022 3552 βλαστή-

442 3577 556 3617 σειν
580 3562 641 3615 τὸ
671 3563 833 3633 σῶμα
868 3565 930 3618 τὸ
963 3567 1317 3622 Δεσποτικόν.
1368 3570 1478 3622 Καὶ
1500 3569 1611 3623 δύω
1651 3572 1826 3624 οὐσῶν
1866 3576 1921 3625 ἐν
1946 3574 2023 3643 τῷ

438 3651 590 3723 νόμῳ
610 3654 811 3724 τιμῶν,
847 3655 947 3726 τῆς
977 3658 1263 3729 ἱερατικῆς
1290 3661 1323 3729 ἠ
1361 3659 1614 3732 βασιλικὴ
1641 3662 1711 3715 δι’
1739 3664 1869 3716 αὐτὸ
1894 3682 2024 3736 προ-

438 3743 750 3815 τετίμηται.
776 3748 1054 3819 Διεσπάρη
1082 3750 1139 3801 δὲ
1156 3750 1294 3803 κατά
1314 3750 1411 3823 τὴν
1454 3751 1648 3805 Ἰακὼϐ
1684 3756 2024 3825 προφητείαν

436 3834 514 3898 ὡς
537 3838 565 3889 6
591 3836 723 3890 Λευῖ
757 3839 849 3892 καὶ
876 3842 903 3893 6
941 3839 1190 3910 Συμεὼν.
1221 3842 1454 3910 πλάγιον
1499 3844 1665 3896 τόπον
1702 3844 1902 3909 λαϐὼν,
1935 3845 2023 3899 διὰ

437 3927 630 3981 πασῶν
680 3928 788 3982 τῶν
822 3931 1005 3999 φυῧῶν
1060 3932 1260 4003 ἐφεξῆς
1297 3934 1672 4004 διατρέχοντα.
1727 3936 1805 3987 Τὰ
1838 3936 1893 3989 δὲ
1926 3937 2024 3990 νῦν

408 4014 567 4085 ’περὶ
600 4015 768 4070 Ἰούδα
793 4019 943 4090 παρά
973 4021 1256 4084 Μωῦσέως
1291 4020 1582 4092 λεγόμενα,
1615 4024 1883 4094 σύμφωνα
1911 4029 2022 4089 τοῖς

436 4111 565 4179 παρ’
606 4109 806 4163 Ἰακὼϐ
865 4112 1135 4183 πρότερον
1182 4114 1517 4185 εἰρημένοις.
1560 4116 1644 4179 Ὡς
1677 4116 1785 4188 γὰρ
1817 4117 2025 4187 βασιλεί

433 4198 618 4253 δίδωσι
647 4201 743 4274 τὴν
770 4204 828 4255 ἐν
851 4204 1112 4275 πολέμοις
1139 4206 1420 4277 βοήθειαν,
1449 4207 1594 4261 καθά
1618 4225 1780 4279 φησιν
1808 4210 1834 4261 6
1859 4210 2023 4263 Δαϐὶδ

433 4289 464 4340 6
493 4289 593 4360 τὴν
631 4290 908 4361 βασιλείαν
942 4294 1369 4366 κληρωσάμενος
1389 4314 1401 4327 ·
1435 4317 1452 4347 ι
1496 4298 1555 4350 '0
1580 4298 1905 4354 ὐποτάσσων
1929 4302 2021 4355 τὸν

432 4379 561 4434 λαόν
594 4399 695 4451 μου
714 4384 806 4437 ὑπ’
834 4386 955 4455 ἐμέ.
991 4405 1010 4439 ι
1034 4388 1258 4457 Ὅμοιον
1289 4389 1344 4443 δὲ
1384 4390 1483 4459 τῷ,
1513 4410 1530 4442 ι
1557 4390 1751 4456 Ἰούδα,
1783 4392 1841 4444 σέ
1876 4394 2021 4448 αἰνέ-

436 4486 630 4525 σαισαν
662 4476 711 4528 oi
740 4475 958 4545 ἀδελφοί
995 4468 1115 4545 σου,
1157 4498 1175 4531 ι
1220 4481 1281 4534 τό
1307 4497 1319 4510 ’
1352 4482 1484 4536 Ἐπὶ
1516 4483 1622 4537 τὸν
1642 4484 1797 4538 λαὸν
1832 4487 2019 4541 αὐτοῦ

351 4611 355 4615 .
432 4549 672 4632 ἐξάξεις
693 4569 902 4636 αὐτὸν,
931 4573 1073 4627 κατά
1116 4573 1206 4627 τὸν
1242 4574 1578 4645 Σύμμαχονο
1633 4578 1729 4631 καὶ
1761 4576 1859 4647 τῷ,
1897 4598 1915 4630 ι
1953 4566 2033 4632 Δί’

432 4656 614 4727 χεῖρές
644 4675 736 4712 σου
768 4661 859 4714 ért-l.
882 4661 1057 4717 νώτου
1088 4664 1199 4717 τῶν
1228 4664 1441 4737 ἐχθρῶν
1475 4683 1592 4727 σου,
1625 4667 1707 4728 τὸ,
1734 4670 1800 4720 Αἱ
1822 4668 2018 4737 χεῖρες

430 4747 622 4803 αὐτοῦ
640 4752 1188 4822 ὐπερμαχήσουσιν
1216 4758 1424 4812 αὑτοῦ.
1459 4776 1477 4809 ι
1514 4758 1625 4829 Τὴν
1654 4758 1713 4812 δὲ
1748 4760 1879 4830 παρ’
1909 4760 2017 4813 Ἰαο

432 4836 551 4891 κὼϐ
601 4841 940 4914 δηλωθεῖσαν
998 4845 1257 4918 βοήθειαν
1315 4849 1374 4917 ἐξ
1427 4849 1656 4922 οὐρανοῦ
1716 4850 1952 4906 συνελὼν
1987 4854 2016 4907 ὁ

431 4928 675 5003 Μωῦσῆς
739 4935 840 5008 ἔφη
869 4954 882 4968 ·
938 4956 956 4989 ι
999 4939 1203 5011 Βοηθὸς
1252 4941 1346 4994 ἐπὶ
1388 4942 1516 5005 τοὺς
1546 4943 2016 5014 ἐπανισταμένους

430 5019 578 5092 αύτῷ
601 5022 720 5095 ἔσῃ.
757 5044 776 5078 ι
814 5029 950 5099 Περὶ
981 5030 1216 5102 Χριστοῦ
1247 5031 1302 5084 δὲ
1331 5031 1393 5084 τὸ
1422 5032 1715 5101 λεγόμενον
1750 5034 1891 5088 κατά
1916 5038 2017 5091 Ζα-

433 5112 631 5181 χαρίαν
660 5116 914 5171 εἰπόντα·
959 5139 977 5171 ι
1020 5121 1305 5192 Σωτηρίαν
1334 5121 1395 5186 ἐξ
1429 5123 1640 5192 ἐχθρῶν
1671 5124 1845 5192 ἡμῶν.
1884 5144 1903 5176 ι

2128 3195 2359 3261 Quidam
2393 3195 2630 3265 denique
2663 3209 2785 3248 cum
2812 3194 2968 3249 tribu-
2984 3193 3114 3249 Levi
3148 3193 3585 3249 benedictionem
3618 3208 3713 3246 ac-

2128 3290 2341 3357 cepisse
2363 3289 2517 3342 aiunt
2536 3304 2553 3355 ;
2572 3283 3033 3358 quemadmodum
3053 3287 3198 3347 enim
3225 3287 3535 3341 maledictio
3561 3301 3716 3340 com-

2128 3382 2310 3434 munis
2340 3389 2443 3447 est,
2480 3380 2553 3434 ita
2581 3380 2889 3434 benedictio
2933 3393 3153 3448 quoque
3193 3394 3314 3432 esse
3358 3386 3560 3448 potest.
3592 3378 3712 3434 Cte-

2128 3482 2302 3527 terum
2332 3472 2510 3527 Moses
2534 3471 2790 3525 Simeone
2825 3470 3049 3524 silentio
3074 3469 3468 3539 praetermisso,
3501 3484 3611 3523 non
3644 3469 3710 3523 ad

2127 3565 2277 3631 Levi,
2310 3572 2370 3619 ut
2401 3564 2537 3619 ordo
2560 3564 2899 3634 postulabat,
2943 3577 3133 3618 verum
3157 3563 3222 3616 ad
3253 3562 3450 3617 Judam
3484 3562 3710 3617 transit.

2126 3657 2204 3711 Eo
2234 3658 2381 3728 quod
2415 3672 2524 3711 non
2553 3672 2580 3710 a
2608 3655 2775 3729 ﬁﬂﬁ.
2820 3654 3232 3717 maledictione,
3266 3654 3331 3707 ad
3371 3652 3709 3708 benedictio-

2125 3764 2286 3812 nem,
2348 3748 2805 3817 quemadtnodum
2869 3745 3166 3801 Levitieam
3234 3745 3406 3800 ducit.
3462 3746 3701 3816 Denique

2125 3838 2270 3907 quod
2300 3840 2466 3892 etiam
2526 3853 2634 3891 non
2666 3853 2731 3891 ex
2779 3818 3192 3900 sacerdodbds‘,
3230 3852 3418 3892 verum
3481 3837 3698 3907 regibus

2126 3944 2328 3999 (‘Orpus
2361 3928 2706 3983 Dominicum
2740 3927 3137 3996 pullulaturum
3171 3937 3308 3983 crat.
3345 3927 3560 3982 Etcum
3597 3928 3701 3983 du-

2125 4022 2252 4093 plex
2306 4022 2360 4075 in
2402 4021 2518 4091 lege
2569 4020 2809 4092 dignitas
2860 4021 3114 4087 exsistat,
3159 4021 3229 4076 ob
3264 4021 3315 4075 id
3348 4020 3493 4088 regia
3529 4021 3704 4075 tribus

2126 4116 2450 4171 sacerdotali
2476 4124 2559 4171 est
2591 4116 2835 4185 prmlata.
2883 4116 3141 4185 Dispersa
3176 4130 3303 4169 vero
3332 4115 3592 4181 estjuxta
3625 4113 3713 4169 Ja-

2125 4210 2247 4265 cobi
2280 4209 2619 4281 prophetiam
2650 4208 3109 4278 quemadmodum
3139 4207 3287 4272 Levi,
3320 4215 3371 4260 et
3401 4207 3706 4276 Beniamin,

2125 4301 2303 4355 locum
2341 4299 2645 4369 obliquum,
2687 4306 2741 4353 et
2803 4314 2898 4368 per
2951 4313 3143 4352 omnes
3188 4297 3365 4352 tribus
3414 4312 3479 4351 ex
3512 4296 3708 4352 ordine

2124 4394 2505 4447 decurrentem
2536 4400 2712 4445 nacta.
2748 4388 2921 4443 Porro
2949 4405 3014 4444 ea
3057 4404 3178 4459 qua:
3206 4405 3234 4443 a
3266 4389 3416 4444 Mose
3454 4403 3600 4443 nunc
3641 4387 3708 4441 de

2056 4467 2096 4521 D
2126 4482 2263 4538 Juda
2309 4480 2588 4547 dicuntur,
2635 4481 2702 4536 iis
2733 4496 2850 4549 qua:
2876 4495 2904 4534 a
2948 4478 3155 4536 Jacobo
3187 4480 3343 4550 prius
3368 4480 3534 4536 dicta.
3558 4489 3705 4543 sunt,

2127 4573 2483 4630 conveniunt.
2522 4571 2789 4627 Similiter
2812 4571 2959 4627 enim
2997 4573 3110 4642 regi
3158 4573 3422 4627 auxilium
3460 4574 3512 4627 in
3551 4573 3708 4627 bellis

2129 4665 2271 4720 ferre
2317 4663 2530 4727 tribuit,
2561 4664 3017 4733 quemadmodum
3056 4664 3226 4720 David
3279 4665 3504 4736 inquit:
3545 4686 3563 4717 ι
3604 4666 3705 4732 Qui

2125 4771 2355 4827 regnum
2408 4755 2760 4810 hzereditario
2815 4758 3048 4827 accepit,
3103 4757 3194 4828 qui
3229 4759 3415 4814 subdit
3448 4760 3705 4828 populum

2122 4862 2303 4904 meum
2336 4846 2471 4902 mihi
2495 4846 2596 4901 ⁸ο.»
2627 4846 2817 4902 Simile
2841 4863 2969 4904 vero
3000 4848 3167 4904 huic:
3198 4868 3215 4901 ι
3245 4848 3406 4915 Juda,
3435 4860 3484 4904 te
3516 4849 3705 4903 lauda-

2123 4942 2263 4997 bttnt
2292 4940 2488 4997 fratres
2511 4940 2590 4996 tui
2618 4941 2687 5007 ⁸⁸,
2727 4959 2747 4992 ι
2782 4940 2885 4997 hoc
2915 4959 2928 4996 :
2960 4941 3133 5013 Super
3166 4945 3418 5012 populum
3441 4942 3557 5011 ejus
3577 4940 3707 4994 edu-

2124 5053 2206 5091 ces
2232 5050 2352 5090 eum
2375 5075 2390 5096 ,
2428 5034 2891 5104 quemadmodum
2934 5035 3096 5091 habet
3134 5035 3518 5105 Symmachus.
3571 5032 3705 5085 Item

2125 5130 2254 5184 huic
2284 5145 2299 5181 :
2341 5146 2361 5179 ι
2386 5126 2580 5181 Manus
2603 5134 2710 5181 tuae
2740 5143 2905 5197 super
2941 5135 3095 5197 tergo
3126 5128 3363 5181 hostium
3407 5134 3650 5185 tuormn,
3679 5142 3696 5170 ι

432 5204 607 5261 illud:
644 5208 839 5264 Manus
882 5212 1053 5281 ipsius
1098 5214 1406 5284 pugnabunt
1462 5231 1558 5279 pro
1614 5233 1693 5270 eo.
1737 5218 2009 5274 leerum
2050 5224 2317 5281 auxilium
2374 5223 2595 5277 coalitus
2646 5238 2676 5275 a
2728 5220 2932 5276 Jacoho
3009 5231 3395 5284 monstratum,
3463 5221 3704 5275 breviter

433 5296 612 5355 Moses
654 5303 910 5360 enuntiat
945 5323 958 5359 :
1016 5325 1034 5357 ι
1073 5308 1380 5362 Auxiliator
1419 5317 1611 5363 contra
1669 5309 1854 5365 hostes
1888 5314 2011 5383 ejus
2050 5320 2179 5373 erit.
2205 5337 2225 5369 ι
2251 5314 2407 5383 Quod
2438 5318 2616 5385 ipsum
2641 5315 2917 5370 Christum
2943 5321 3155 5382 spectat
3214 5312 3478 5367 Zucharia
3540 5322 3699 5378 teste,

432 5405 556 5446 cum
591 5392 769 5463 inquit
804 5412 817 5450 :
854 5415 873 5446 ι
915 5394 1160 5454 Salutem
1195 5415 1257 5453 ex
1293 5401 1543 5457 hostibus
1582 5403 1785 5458 nostris
1815 5404 1882 5455 θ’.
1918 5424 1936 5456 ι

499 5486 644 5540 Δότε
660 5488 808 5542 Λευῖ
824 5488 1055 5558 δήλους
1093 5493 1301 5556 αὐτοῦ,
1340 5495 1436 5549 καὶ
1478 5494 1771 5560 ἀλήθειαν
1821 5498 2010 5553 αὐτοῦ
2072 5514 2079 5529 ν

2192 5496 2326 5549 Date
2356 5493 2480 5549 Levi
2503 5496 2735 5565 fulgores
2764 5511 2888 5549 suos
2912 5503 2960 5548 et
2997 5496 3268 5548 veritatem
3292 5497 3404 5565 ejus
3437 5500 3545 5553 viro
3570 5519 3693 5556 sau-

432 5575 512 5645 τῷ
539 5578 714 5648 ἀνδρὶ
764 5579 847 5645 τῷ
889 5585 1056 5647 ὁσίῳ.
1115 5586 1308 5638 Μὲσων
1344 5586 1449 5640 τῶν
1501 5587 1567 5657 ιβ’
1597 5588 1757 5640 λίθων
1782 5589 1889 5641 τῶν
1916 5590 2008 5640 ἐπὶ

2126 5602 2219 5653 clo,
2242 5601 2345 5643 etc.
2370 5588 2635 5661 [XXXIIL
2659 5590 2711 5642 8.
2758 5589 2900 5641 inter
2931 5587 3214 5640 duodecim
3234 5588 3378 5641 enim
3410 5589 3619 5660 lapides
3646 5594 3703 5649 in

495 5761 541 5800 ⁷⁸
572 5762 708 5821 Gen.
743 5779 935 5829 xxvul,
967 5763 1052 5818 2:2.

1144 5768 1185 5799 τ’
1217 5766 1418 5824 Jercm.
1455 5786 1602 5837 xm,
1636 5772 1723 5827 ‘32.
1803 5775 1847 5804 ““
1890 5773 2033 5830 Ινδοὶ.
2078 5790 2212 5840 xm,
2245 5774 2337 5830 48.
2410 5774 2449 5803 θ’
2491 5770 2627 5826 Gen.
2663 5787 2809 5837 xux,
2848 5774 2897 5827 8.
2978 5775 3020 5804 "”
3065 5774 3197 5828 Luc.
3232 5791 3267 5837 I,
3304 5776 3393 5834 7|.
