4018 6230
314 284 436 370 '995

1258 313 1788 379 COMMENTARII
1823 315 1907 376 IN
1943 317 2646 387 DEUTERONOMIUM.

3481 330 3594 394 986

399 415 584 482 Τύπος
607 418 658 471 oi
686 417 854 474 πάλαι
884 423 1130 489 Λευῖται,
1152 427 1503 496 σχολάζοντες
1525 431 1603 501 τῷ
1631 431 1768 502 Θεῷ,
1789 433 1894 485 τῶν

2069 435 2336 492 Caeterum
2372 441 2581 508 antiqui
2607 438 2809 494 Levitze
2840 440 2931 510 qui
2967 442 3076 496 Deo
3125 441 3416 508 vacabant,
3447 445 3586 513 lign-

329 507 491 576 ἱερῶν
523 507 872 578 ἀποστόλων,
903 515 1109 586 Πέτρου
1141 518 1424 588 λέγοντος·
1468 541 1487 574 ι
1529 523 1720 592 Ἡμεῖς
1758 525 1813 577 δὲ
1835 529 1896 595 τῇ

325 603 603 672 προσευχῇ
628 603 720 656 καὶ
746 607 812 675 τῇ
840 605 1087 680 διακονίᾳ
1107 609 1202 664 τοῦ
1222 612 1382 682 λόγου
1406 619 1871 688 προσκαρτερῆσω
1889 647 1900 658 -

330 705 451 758 μεν,
492 711 510 744 ι
551 695 645 746 ἐπὶ
666 697 728 747 τὸ
755 701 1267 774 πνευματικώτερον
1292 706 1771 777 μετενηνεγμὲνων
1795 709 1902 762 τῶν

327 779 470 831 κατὰ
499 780 590 834 τὸν
623 783 806 852 νόμον.
833 785 970 839 Οὔτε
997 788 1105 857 γὰρ
1133 795 1162 844 ὁ
1189 792 1348 860 λόγος
1385 795 1571 858 αὐτοῖς
1612 797 1741 866 περὶ
1781 798 1902 866 κρί-

329 885 442 932 σεις
480 873 574 924 καὶ
602 873 760 939 δίκας
793 881 1156 949 πραγμάτων,
1205 885 1332 955 περὶ
1364 886 1420 939 δὲ
1464 889 1780 957 μυστηρίων
1819 890 1904 954 ἑξ-

327 961 556 1043 ηγήσεις
575 965 687 1022 τῶν
719 969 1228 1049 ἀποκεκρυμμένων
1257 975 1316 1048 ἐξ
1344 977 1540 1045 αἰῶνος
1582 980 1734 1051 παρά
1758 981 1898 1051 Θεῷ.

393 1221 504 1275 Καὶ
533 1222 613 1289 τῷ
629 1229 914 1296 Βενιαμὶν
941 1227 1114 1286 εἶπεν
1136 1249 1148 1263 ⁸
1191 1235 1604 1306 Ἦγαπημένος
1633 1241 1752 1294 ὑπὸ
1783 1245 1900 1296 Κυο

318 1313 456 1380 ρίου
489 1319 950 1385 κατασκηνώσει
996 1327 1314 1391 πεποιθὼς,
1351 1329 1501 1383 καὶὸ
1541 1331 1688 1398 Θεὸς
1729 1333 1901 1386 σκιά-

325 1420 416 1456 σει
436 1405 530 1458 ἐπ’
549 1407 710 1474 αὐτῷ
745 1409 951 1479 πάσας
1000 1417 1106 1481 τὰς
1137 1417 1382 1487 ἡμέρας,
1442 1422 1541 1475 καί
1590 1423 1901 1492 ἀναμέσων

325 1493 444 1548 τῶν
472 1497 644 1565 ὤμων
667 1503 854 1557 αὐτοῦ
891 1497 1249 1564 κατέπαυσε.
1303 1511 1720 1584 Προφητεύεται
1771 1518 1898 1586 περὶ

323 1585 426 1655 τῆς
467 1587 824 1664 Ἰερουσαλὴμ
858 1595 968 1664 (ea)
1001 1599 1032 1668 ἡ
1062 1601 1194 1672 τιμὴ
1242 1602 1336 1655 τοῦ
1397 1604 1677 1676 Βενιαμίν.
1723 1609 1812 1662 Ἐν
1841 1585 1898 1663 δὲ

321 1687 390 1754 τῇ
425 1685 784 1760 Ἰερουσαλὴμ
805 1690 834 1742 ὁ
869 1693 993 1756 ναὸς
1023 1695 1118 1748 καὶ
1149 1697 1181 1765 ἡ
1213 1697 1307 1750 τοῦ
1351 1698 1487 1753 Θεοῦ
1527 1679 1894 1768 κατ’άποιυσις,

321 1775 466 1867 καθὰ
497 1779 593 1867 καὶ
620 1780 728 1851 (23)
758 1783 940 1837 Δαείδ’
979 1805 997 1836 t
1021 1786 1358 1855 Ἐξελέξατο,
1381 1794 1538 1864 φησὶ,
1563 1795 1770 1866 Κύριος
1795 1797 1897 1867 τὴν

321 1865 484 1929 Σιὼν,
519 1865 832 1939 [ᾑρετίσατο
866 1873 1038 1946 αὐτὴν
1064 1879 1146 1942 είς
1177 1881 1459 1938 κατοικίαν
1491 1865 1690 1954 ἐαυτῷ.
1730 1903 1747 1937 ι
1783 1865 1896 1939 Καὶ

319 1957 558 2028 ἅλλαχοῦ
584 1973 600 1990 °
635 1978 655 2012 ι
685 1961 743 2015 '0
773 1962 906 2028 Θεὸς
936 1965 1304 2036 ἐθεμελίωσεν
1357 1973 1528 2044 αὐτὴν
1568 1977 1649 2039 είς
1677 1977 1769 2030 τὸν
1803 1979 1888 2032 αἰ-

319 2047 456 2103 ῶνα.
487 2069 506 2101 ι
549 2046 673 2104 Οἶον
697 2056 934 2112 ἐνταῦθα
965 2059 1049 2122 τὸ,
1093 2061 1346 2116 «Σκιάσει
1403 2066 1490 2118 ἐπ’
1531 2068 1680 2138 αὐτῷ
1716 2069 1896 2135 πάσας

317 2142 418 2234 τὰς
447 2143 681 2215 ἡμέρας.
715 2165 733 2198 ι
758 2149 918 2202 Ἀλλὰ
943 2152 1059 2213 καὶ,
1089 2153 1440 2226 «Ἀνάστηθι,
1475 2159 1670 2230 Κύριε,
1689 2164 1768 2226 είς
1797 2163 1894 2234 τὴν

317 2233 624 2290 ἀνάπαυσιν
659 2255 776 2303 σου,
811 2243 875 2296 σὺ
919 2245 1071 2316 καὶὴ
1107 2246 1338 2312 κιϐωτὺς
1395 2249 1490 2304 τοῦ
1541 2233 1892 2325 ἀγιὰσματδς

319 2341 433 2379 σου.
459 2347 478 2379 ι
514 2329 974 2402 Συγκεκλήρωται
993 2336 1048 2388 δὲ
1083 2340 1146 2410 τῇ
1190 2339 1546 2414 Ἰερουσαλὴμ
1579 2345 1610 2414 ἡ
1645 2344 1896 2415 βασιλεία

283 2481 287 2484 ς
379 2421 438 2473 ὲν
467 2421 657 2493 Κυρίῳ
687 2428 1022 2500 κυρουμένη.
1059 2431 1196 2500 Περὶ
1223 2426 1282 2486 οὗ
1317 2451 1484 2504 φησιν
1515 2435 1642 2506 ἑξῆς
1685 2439 1714 2490 ὁ
1758 2438 1895 2509 ψαλ-

319 2511 420 2580 μός
445 2526 459 2542 ·
505 2530 525 2564 ι
548 2514 698 2570 Ἐκεῖ
729 2517 1036 2580 ὲξανατελῶ
1067 2522 1238 2592 κέρας
1269 2523 1347 2592 τῷ
1374 2525 1570 2593 Δαϐὶδ,
1617 2530 1894 2600 ήτοίμασα

315 2601 511 2672 λύχνον
532 2605 611 2676 τῷ
644 2608 870 2680 Χριστῷ
903 2629 1026 2682 μου.
1053 2631 1070 2663 ι
1117 2615 1228 2668 Καὶ
1263 2616 1338 2680 ὡς
1366 2617 1645 2684 ἄπαυστος
1673 2623 1706 2692 ἡ
1740 2621 1894 2692 βασι-

315 2694 461 2756 λεία,
498 2717 516 2748 ι
537 2698 610 2751 re
635 2699 858 2770 σπέρμα
893 2703 1058 2758 αὐτοῦ
1093 2707 1174 2770 είς
1197 2707 1287 2760 τὸν
1317 2708 1490 2764 αἰῶνα
1528 2713 1734 2782 μενεῖ.»
1761 2715 1889 2778 Καὶ,

324 2806 344 2840 ι
385 2789 444 2840 ’0
467 2789 652 2861 Θρόνος
692 2794 860 2859 αὑτοῦ
894 2797 969 2861 ὡς
1000 2798 1152 2868 ἥλιος
1179 2801 1421 2854 ἐναντίον
1479 2821 1600 2872 μου,
1633 2808 1726 2859 καὶ
1755 2808 1827 2870 ὡς
1856 2811 1887 2876 ὴ

318 2881 513 2953 σελήνη
539 2903 674 2954 κατη
687 2889 946 2958 ρτισμένη
1001 2892 1081 2952 εἰς
1113 2892 1206 2945 τὸν
1257 2893 1456 2951 αἰῶνα.
1484 2913 1502 2947 ι
1531 2897 1815 2966 Συνῆπται
1836 2901 1892 2954 δὲ

315 2971 406 3024 διὰ
433 2973 592 3028 τοῦτο
614 2977 680 3046 τῇ
709 2976 962 3050 βασιλείᾳ
996 2981 1092 3034 καὶ
1111 2984 1176 3052 τῇ
1211 2976 1482 3058 ἱερωσύνῃ
1513 2988 1541 3040 ὁ
1575 2989 1736 3054 τόπος
1788 2994 1891 3062 τῆς

2008 540 2118 577 ram
2173 537 2490 583 sanctorum
2545 532 2920 598 apostolorum
2971 535 3370 602 prtetulerunt,
3424 533 3586 590 Petro

2003 616 2264 673 dicente:
2325 639 2344 672 ι
2395 621 2509 676 Nos
2556 637 2688 676 vero
2730 623 2966 677 orationi
3007 633 3056 677 el
3096 627 3403 682 ministerio
3434 630 3583 684 verbi

2003 709 2388 767 incumbamus
2415 713 2483 778 ³³,
2514 731 2532 763 ι
2569 715 2826 783 quoniam
2861 715 2912 767 id
2943 714 3106 786 475
3135 717 3356 786 propius
3379 719 3446 773 ad
3470 721 3584 786 Spi-

2003 798 2189 864 ritum,
2217 818 2386 870 quam
2417 819 2537 872 qua:
2571 819 2600 857 a
2624 805 2741 872 lege
2777 802 3168 870 aﬂerebantur,
3192 807 3437 874 accedit;
3474 823 3581 863 non

2001 891 2148 944 enim
2176 893 2352 945 oratio
2389 893 2631 962 ipsorum
2663 897 2807 950 circa
2845 895 3054 966 judicia
3086 909 3140 952 et
3165 914 3361 953 causas
3397 900 3582 954 foren-

2001 995 2090 1036 Ses
2117 986 2568 1048 consumebatur.
2600 1003 2794 1042 verum
2843 989 2993 1042 circa
3033 990 3434 1059 explicationes
3467 1007 3584 1062 my-

2002 1075 2297 1130 steriorum
2330 1094 2452 1148 quae
2479 1079 2547 1134 ab
2575 1089 2784 1138 aeterno
2833 1082 2977 1154 apud
3025 1082 3194 1137 Deum
3238 1081 3460 1138 fuerunt
3493 1102 3580 1140 rc-

2001 1165 2244 1219 Condita.

2074 1255 2158 1308 Ad
2195 1254 2481 1326 Benjamm
2513 1257 2693 1314 dixit:
2731 1259 3044 1317 Benedictus
3097 1266 3306 1319 Domini
3363 1282 3576 1321 securus

2001 1345 2264 1400 habitabit
2311 1349 2473 1416 juxta
2503 1364 2647 1414 eum,
2679 1361 2728 1404 et
2764 1351 3021 1409 Dominus
3067 1355 3392 1411 inumbrabit
3453 1375 3574 1412 eum

2003 1444 2110 1490 tota
2132 1439 2237 1504 die,
2261 1449 2310 1493 et
2333 1439 2471 1494 inter
2488 1441 2733 1496 humeros
2752 1445 2866 1512 ejus
2884 1445 3152 1514 requievit.
3173 1445 3440 1518 [XXXIIL
3461 1447 3574 1522 12.]

2003 1527 2336 1585 Vaticinium
2367 1532 2436 1586 de
2462 1535 2632 1603 gloria
2662 1535 2962 1592 Jerusalem
2983 1548 3090 1595 est.
3117 1539 3172 1594 In
3192 1548 3394 1595 sortem
3426 1540 3572 1595 enim

2000 1619 2288 1691 Benjamin
2333 1625 2503 1680 cadit.
2548 1625 2645 1681 Est
2676 1644 2812 1684 vero
2863 1628 3221 1702 Jerosolyma:
3284 1635 3571 1703 templum,

2002 1730 2066 1770 ac
2095 1714 2189 1770 Dei
2221 1718 2380 1773 sedes
2417 1737 2430 1772 :
2472 1718 2549 1774 De
2575 1736 2682 1790 qua
2721 1721 2892 1776 David
2954 1723 3133 1792 inquit
3163 1743 3175 1775 :
3219 1745 3238 1777 ι
3267 1725 3441 1793 Elegit
3471 1725 3576 1778 Do-

2003 1807 2188 1862 minus
2219 1809 2378 1874 Sion,
2412 1809 2613 1880 delegit
2665 1828 2784 1866 eam
2846 1813 3161 1868 habitacula
3223 1829 3326 1870 suo
3347 1813 3457 1868 ⁸³.»
3503 1816 3572 1868 Ει

1999 1898 2126 1953 alibi
2170 1917 2184 1953 :
2222 1899 2408 1956 «Deus
2467 1903 2730 1958 stabilivit
2785 1919 2906 1958 eam
2933 1906 2987 1959 in
3023 1907 3371 1962 mternum".
3403 1925 3422 1956 ι
3471 1906 3572 1960 Cui

1999 1991 2099 2045 hoc
2129 2008 2351 2062 quoque
2383 1995 2662 2058 convenit,
2693 2003 2748 2049 et
2782 1995 3135 2051 obumbrabit
3180 2009 3305 2051 eum
3353 1998 3569 2051 cunt-tis

1995 2082 2209 2138 diebus.
2246 2082 2388 2150 Quin
2413 2085 2582 2140 etiam
2619 2085 2748 2140 illud
2793 2104 2808 2142 :
2849 2105 2869 2138 ι
2903 2085 3107 2158 Surge,
3145 2087 3394 2151 Domine,
3433 2097 3486 2142 et
3515 2089 3570 2144 in
3666 2083 3676 2087 ’

1997 2175 2238 2244 requiem
2272 2182 2421 2228 tuam
2451 2175 2640 2246 recipe
2669 2185 2744 2241 te,
2783 2185 2870 2242 tu,
2905 2178 3154 2248 inquam,
3177 2187 3234 2234 et
3290 2195 3415 2234 arca
3441 2195 3573 2234 san-

1995 2267 2196 2321 ctuarii
2217 2268 2296 2322 tui
2313 2267 2412 2326 ⁸⁵.»
2442 2266 2706 2324 Porroad
2724 2269 2862 2326 alias
2888 2269 3110 2327 Israelis
3129 2262 3322 2340 partes
3341 2287 3568 2343 regnum
3603 2259 3606 2263 ’

1995 2372 2210 2427 quoque
2239 2367 2324 2412 est
2360 2358 2704 2428 adiunctum,
2737 2361 2883 2430 quod
2936 2360 3151 2418 Domini
3212 2362 3430 2430 proprie
3460 2371 3566 2416 est.

1996 2449 2072 2504 De
2101 2464 2210 2518 quo
2243 2448 2504 2520 deinceps
2552 2453 2798 2520 psalmus
2843 2452 3025 2522 inquit
3055 2469 3069 2504 :
3101 2471 3120 2505 ι
3146 2451 3222 2508 lbi
3269 2453 3568 2521 producam

1993 2553 2168 2595 cornu
2203 2540 2411 2608 Davidi,
2443 2542 2630 2612 paravi
2682 2543 2963 2599 lucernam
3026 2544 3251 2600 Christo
3312 2560 3433 2598 meo
3453 2543 3563 2596 ".I

1993 2631 2059 2686 Et
2091 2649 2198 2702 quo
2227 2633 2380 2702 regni
2411 2634 2576 2702 hujus
2601 2637 2918 2691 constantia
2940 2637 3236 2692 denotetur
3269 2655 3283 2692 :
3320 2655 3337 2686 ι
3367 2635 3567 2690 Semen

1992 2725 2112 2794 ejus
2155 2727 2208 2778 in
2238 2733 2504 2780 internum
2555 2729 2886 2793 manebit",
2925 2747 2944 2780 ι
3001 2729 3182 2798 inquit
3224 2748 3237 2783 :
3277 2747 3294 2781 ι
3321 2728 3385 2781 Ει
3417 2729 3568 2783 thro-

1994 2833 2100 2872 nus
2135 2817 2255 2886 ejus
2289 2826 2550 2886 tanquam
2577 2818 2658 2874 sol
2697 2820 3171 2887 perstabitcoram
3201 2835 3308 2884 me,
3346 2820 3564 2874 lirumm

1993 2920 2054 2964 ut
2091 2912 2216 2966 luna
2244 2913 2565 2966 manebit”.
2597 2932 2616 2963 ι
2659 2912 2836 2967 Porro
2866 2915 3018 2968 locus
3047 2911 3354 2968 Jerusalem
3398 2929 3568 2982 regno

1993 3001 2156 3058 simul
2185 3010 2239 3056 et
2267 3002 2724 3058 sacerdotioideo
2755 3004 3075 3058 destinatus
3135 3015 3242 3069 cst,
3292 3006 3420 3074 quia
3476 3021 3565 3059 re-

328 3063 704 3168 'ls:ooosali;p.
749 3069 814 3122 Ἦ
863 3072 962 3140 μὲν
1008 3072 1118 3144 γὰρ
1180 3075 1450 3146 βασιλεία,
1477 3083 1540 3150 τῇ
1573 3082 1666 3135 τοῦ
1715 3083 1884 3138 Ἰούδα

1996 3110 2156 3166 gnum
2193 3095 2408 3164 quidem
2451 3095 2619 3149 tribui
2645 3093 2804 3159 Juda,
2857 3095 3224 3150 sacerdotium
3277 3113 3406 3151 vero
3437 3096 3565 3152 Levi

315 3155 460 3226 φυλῇ
483 3174 496 3186 ·
518 3159 550 3228 ἡ
569 3159 625 3212 δὲ
659 3161 949 3234 ἱερωσύνη,
974 3166 1038 3234 τῇ
1069 3164 1202 3222 Λευτ
1257 3168 1484 3225 δέδοται.
1517 3166 1619 3225 Ὧν
1645 3175 1888 3244 ἀμφοτέ-

318 3261 428 3312 ρων
458 3244 571 3315 ἆμα
601 3251 744 3303 κατὰ
775 3251 834 3302 τὸ
867 3251 994 3321 ἑξῆς
1029 3253 1428 3326 ἐμνημόνευσε.
1492 3261 1648 3316 Μετὰ
1673 3262 1729 3316 δὲ
1756 3265 1890 3317 ταύ-

312 3351 417 3396 τας
462 3339 776 3412 ἀμφοτέρας
841 3344 939 3407 τὰς
986 3345 1208 3415 φυλὰςὸ
1235 3349 1498 3421 Βενιαμὶν
1558 3355 1887 3426 εὐλογεῖται,

313 3426 604 3482 καίτοιτοῦ
637 3433 833 3486 Ἰακὼὸ
851 3435 1185 3504 τελευταῖον,
1207 3440 1352 3494 κατὰ
1373 3442 1472 3512 τὴν
1497 3445 1673 3510 τάξιν,
1701 3447 1886 3501 Βενια-

319 3519 410 3586 μὶν
458 3527 969 3592 προφητεύσαντος·
1039 3529 1344 3600 (Βενιαμὶν
1402 3533 1568 3596 λύκος
1627 3535 1832 3607 ἅρπαξ,
1865 3558 1882 3590 ι

314 3611 410 3662 καὶ
442 3611 509 3662 τὰ
537 3613 682 3682 ἑξῆς.
720 3617 863 3669 Ἀλλ’
895 3621 920 3672 ὁ
958 3619 1059 3687 μὲν
1091 3619 1290 3676 Ἰακὼὸ
1321 3624 1402 3686 εἰς
1435 3627 1560 3690 τοὺς
1596 3629 1888 3700 οἰκήτορας

317 3705 672 3772 προφητεύει,
697 3709 724 3759 ὁ
747 3709 800 3761 δὲ
837 3711 1082 3781 Μωῦσῆς
1117 3701 1195 3777 εἰς
1225 3715 1318 3768 τὸν
1361 3716 1550 3783 τόπον,
1582 3720 1656 3783 ὡς
1689 3721 1746 3772 ἐν
1763 3721 1888 3776 τού-

313 3809 392 3863 τῳ
417 3797 865 3863 καταπαύσαντος
925 3801 1084 3866 Θεοῦ,
1115 3804 1258 3859 καθὰ
1305 3807 1398 3860 ἐπὶ
1461 3808 1572 3860 τῶν
1618 3809 1888 3881 οὐρανίων

312 3887 598 3959 Χερουϐὶμ
632 3891 1052 3962 ὲπεζευγμένων
1069 3896 1239 3967 αὐτῷ.
1273 3899 1531 3954 Τοιοῦτον
1554 3902 1662 3973 γὰρ
1685 3905 1780 3958 καὶ
1803 3901 1884 3969 τὸ,

319 3999 339 4032 ι
376 3981 505 4036 Ἀνὰ
519 3983 682 4052 μέσον
699 3983 808 4038 τῶν
824 3985 991 4056 ὤμων
1017 3989 1183 4042 αὑτοῦ
1200 3991 1568 4046 κατέπαυσεν.
1601 4014 1619 4049 ι
1655 3995 1886 4063 Ὅμοιον

310 4071 392 4140 τῷ
420 4075 568 4144 παρᾶ
596 4075 676 4147 τῷ
706 4078 886 4149 Ὠσηὲ·
926 4097 944 4130 ι
983 4079 1225 4152 Ἐφραὶμ
1254 4083 1490 4152 δάμαλις
1523 4084 1882 4159 δεδιδαγμένη

313 4164 480 4234 ἅλοᾷν
513 4179 527 4193 ⁸
563 4168 672 4234 ἐγὼ
715 4169 772 4222 δὲ
811 4171 1147 4242 ἐπιϐήσομαι
1201 4175 1294 4226 ἐπὶ
1333 4175 1392 4228 τὸ
1439 4177 1730 4231 κάλλιστον
1791 4181 1884 4234 τοῦ

1991 3197 2076 3243 est
2141 3187 2427 3241 tributum.
2493 3186 2740 3253 Quorum
2805 3188 3091 3241 amborum
3152 3204 3256 3240 una
3305 3188 3566 3256 deinceps

1993 3278 2263 3334 meminit.
2298 3277 2425 3333 Post
2448 3280 2638 3332 ambas
2663 3294 2790 3334 vero
2817 3279 2998 3334 tribus
3029 3279 3311 3346 Benjamin
3338 3279 3565 3334 benedi-u

1991 3371 2156 3426 citur.
2189 3371 2451 3436 Quamvis
2479 3368 2650 3424 Jacob
2673 3379 2956 3440 postremo
2997 3370 3050 3424 in
3080 3369 3274 3422 ordine
3306 3369 3564 3422 vaticinia

1991 3463 2058 3518 de
2082 3461 2366 3529 Benjamin
2390 3461 2596 3516 edidit:
2632 3481 2650 3514 ι
2684 3462 2966 3530 Benjamin
2999 3461 3160 3528 lupus
3185 3460 3430 3528 rapax‘,»
3455 3469 3563 3519 etc.

1994 3553 2190 3608 Verqu
2222 3551 2391 3608 Jacob
2418 3555 2636 3624 quidem
2667 3553 2736 3608 ad
2771 3555 3013 3608 locorum
3049 3553 3255 3606 incolas
3284 3567 3386 3606 suo
3419 3551 3562 3605 vati-

1989 3647 2140 3702 cinio
2195 3654 2428 3716 spectat,
2491 3645 2669 3700 Moses
2704 3660 2834 3699 vero
2874 3645 2940 3697 ad
2972 3645 3150 3697 locum
3174 3685 3188 3709 ,
3227 3643 3372 3710 quod
3407 3643 3459 3696 in
3495 3659 3562 3697 eo

1989 3737 2229 3806 quietem
2269 3739 2338 3790 sit
2370 3745 2616 3803 acturus,
2669 3735 3130 3805 quemadmodum
3167 3735 3221 3789 in
3247 3735 3562 3790 caelestibus

1989 3827 2264 3886 Cherubin
2300 3828 2400 3896 ipsi
2437 3827 2844 3896 subjugalibus.
2877 3825 3205 3894 l-lujusmodi
3239 3830 3383 3880 enim
3426 3827 3562 3882 illud

1989 3933 2248 3988 quoque:
2289 3937 2307 3970 ι
2343 3919 2487 3972 Inter
2519 3919 2778 3973 humeros
2802 3918 2952 3972 illius
3003 3917 3294 3984 requievit,
3321 3937 3340 3971 ι
3377 3918 3559 3973 simile

1988 4007 2119 4063 huic
2182 4009 2324 4079 apud
2383 4010 2576 4064 ()seam
2615 4029 2628 4064 :
2667 4028 2687 4061 ι
2722 4009 2976 4080 Ephraim
3031 4009 3200 4062 vitula
3256 4009 3420 4064 docta
3466 4010 3564 4064 tri-
3634 3997 3643 4014 ’

1989 4111 2208 4170 turare,
2269 4119 2370 4173 ego
2413 4105 2640 4160 transivi
2702 4119 2869 4176 super
2919 4103 3384 4175 pulchritudinem
3436 4103 3561 4157 colli

1987 4195 2166 4263 ejus'.
2215 4215 2234 4249 ι
2285 4197 2546 4252 Dominus
2594 4212 2722 4251 vero
2773 4197 2932 4252 asino
2994 4197 3240 4252 insidens
3285 4195 3562 4267 Jerosoly-

312 4261 588 4331 τραχήλου
612 4262 801 4334 αὐτῆς.
827 4282 847 4316 ι
896 4262 954 4318 '0
983 4264 1038 4318 δὲ
1060 4266 1263 4335 Κύριος
1297 4270 1389 4321 ἐπὶ
1423 4269 1544 4322 ὄνου
1577 4271 1887 4344 καθήμενος

1996 4303 2090 4343 [ηαδ
2129 4289 2422 4344 invehitur.
2478 4287 2842 4358 Gentiumque
2900 4287 3303 4343 immundarum
3358 4302 3562 4358 prteru-

311 4353 396 4416 είς
426 4355 524 4424 τὴν
559 4354 912 4428 Ἰερουσαλὴμ
935 4357 1132 4430 εἰσῄει,
1155 4359 1254 4429 τὴν
1281 4361 1392 4414 τῶν
1425 4363 1598 4417 ἐθνῶν
1639 4366 1886 4440 ἀκαθάρ-

1996 4380 2226 4450 gativam
2256 4379 2485 4435 indicat.

310 4459 422 4497 των
450 4445 618 4498 ὄντων
647 4447 911 4501 δεικνύων
945 4449 1324 4524 προτίμησιν.]
1919 4441 1961 4494 D

386 4549 516 4646 Post
540 4553 872 4646 locumgvero
899 4555 966 4610 de
993 4557 1228 4646 ipsemet
1249 4559 1396 4615 tribu
1433 4563 1786 4631 vaticinatur,
1823 4573 1878 4620 et
1912 4571 2083 4642 ipsius
2116 4573 2192 4628 rei
2228 4572 2487 4627 militaris
2531 4574 2786 4643 peritiam
2843 4556 3105 4638 illustrat,
3173 4593 3296 4646 quae
3323 4593 3388 4632 ex
3438 4577 3557 4634 bel-

311 4637 581 4733 latoribus
607 4639 662 4733 in
697 4643 885 4733 ﬂama,
940 4645 1288 4733 quas-civitas
1331 4649 1382 4700 in
1419 4650 1562 4704 tribu
1597 4650 1876 4721 Benjamin
1929 4637 2032 4721 est,
2058 4661 2250 4714 eluxit.
2282 4637 2630 4730 Quapropter
2659 4677 2778 4714 eam
2833 4662 2979 4732 lupo.
3013 4637 3204 4731 rapaci.
3253 4673 3555 4733 comparat,

311 4739 437 4822 quae
483 4725 720 4822 hostium
755 4729 894 4782 bona
927 4729 1136 4822 diripit,
1167 4741 1220 4786 et
1254 4733 1558 4790 distribuit.
1591 4737 1704 4794 Etsi
1765 4759 1890 4799 vero
1924 4763 2145 4818 parvam
2185 4749 2335 4802 illam
2371 4725 2826 4818 signiﬁcationem
2869 4725 2964 4806 seu
3015 4725 3336 4822 mvsterium
3380 4725 3558 4807 'relin;

310 4814 452 4910 quit,
474 4814 613 4910 illud
639 4825 868 4910 tamen:
909 4835 926 4868 ι
949 4815 1094 4872 lnter
1119 4818 1580 4910 humerosipsius
1615 4831 1902 4897 requievit,
1924 4814 1957 4885 ἰ
1994 4845 2176 4892 mente
2198 4836 2266 4892 ad
2291 4814 2517 4891 Paulum
2559 4837 2768 4893 referre
2800 4840 3003 4904 licebit,
3042 4841 3136 4910 qui
3169 4857 3199 4896 e
3229 4844 3375 4896 tribu
3416 4842 3553 4896 Beti-

306 4899 554 4969 jamitica
585 4911 761 4967 ortus,
793 4903 1090 4960 Ecclesium
1122 4907 1344 4975 quidem
1370 4909 1617 4980 diripuit,
1643 4915 1840 4972 deinde
1866 4936 1995 4976 vero
2023 4937 2146 4976 cum
2179 4920 2518 4978 daemonibus
2545 4924 2768 4980 indictis
2816 4899 3072 4982 hostibus
3108 4929 3285 4997 spolia
3325 4929 3552 4983 divisit:

313 4989 422 5080 hoc
450 4998 554 5056 est,
585 4991 835 5048 homines
861 5009 926 5049 ex
961 4994 1191 5064 imperio
1241 4997 1550 5053 daemonum
1604 5012 1906 5070 extractos,
1942 5017 1998 5062 et
2045 5008 2386 5078 principibus
2416 5009 2674 5066 Ecclesiae
2707 5013 3026 5070 attributes.
3083 5013 3554 5080 Quemadmodum

313 5074 584 5170 Dominus
619 5095 836 5170 quoque
861 5082 1195 5170 declaravit'
1223 5099 1282 5139 se
1315 5084 1506 5140 fortem
1577 5089 1804 5156 vincire,
1833 5105 1884 5149 et
1909 5074 2082 5163 spolia
2110 5074 2514 5164 ejus—dividere.
2547 5103 2622 5155 Eo.
2655 5103 2798 5170 quod
2834 5074 3165 5157 videlicetin
3197 5103 3348 5156 Actis
3379 5113 3558 5155 exstat

311 5163 520 5219 dictum
554 5182 569 5220 :
611 5167 777 5248 rlpse
797 5169 941 5223 enim
970 5172 1207 5240 portabit
1240 5179 1436 5228 nomc‘n
1467 5173 1644 5230 meum
1677 5179 1818 5234 inter
1843 5191 2034 5252 gentes
2059 5183 2100 5238 ⁸.
2140 5163 2150 5164 7
2671 5163 2686 5170 -
3118 5189 3125 5196 ’

384 5340 433 5375 ³⁸
468 5339 593 5396 Act.
624 5357 696 5421 lii:
735 5343 828 5421 ι.--
855 5343 1094 5421 Psal.
1120 5363 1298 5421 ωιτη,
1365 5349 1452 5403 l5.
1531 5351 1576 5383 "
1632 5353 1774 5408 Psal.
1836 5373 1997 5421 XLVII,
2056 5362 2112 5414 9.

312 5423 584 5488 μιινιιι,
623 5412 718 5466 37.
785 5413 829 5444 ”
854 5413 987 5472 ibid.
1031 5416 1120 5474 58..
1203 5419 1217 5448 ¹
1252 5418 1664 5484 Gen.xmx,27.
1779 5424 1956 5481 'Osee
1982 5412 2032 5493 it,
2061 5412 2141 5484 ll.

1825 5562 2055 5622 ΝΟΤᾹΞ.

1777 5677 1881 5748 γὲρ
1923 5680 2057 5756 αὖτίς
2088 5688 2180 5742 τοὶ
2209 5689 2324 5741 Βεν.
2359 5707 2440 5780 κοό
2475 5692 2499 5740 ὁ
2526 5689 2621 5756 τῆς
2657 5687 2786 5754 Λύγ.
2818 5685 2946 5740 κώδ.

2216 5363 2260 5394 ’⁸
2310 5365 2455 5420 Psal.
2493 5381 2677 5424 cxm,
2733 5365 2784 5419 8.
2897 5367 2942 5397 ³⁷
2977 5365 3107 5419 ibid.
3147 5367 3235 5419 l7.

2247 5433 2267 5464 ³
2293 5435 2478 5490 Matth.
2512 5454 2604 5500 xu,
2641 5436 2728 5488 (ἐξ).
2812 5436 2831 5466 ⁴
2863 5437 2978 5490 Act.
3007 5451 3082 5500 Ix,
3110 5435 3194 5490 lii.

3337 5365 3382 5397 ³⁸
3413 5365 3558 5429 l‘sal.

529 5661 1033 5745 ’[ῆςςίερουσαλῂμ
1067 5669 1106 5745 ,ὴ
1157 5672 1306 5740 τιμή.
1357 5673 1462 5726 Τοῦ
1518 5673 1719 5745 κλήρου

387 5729 500 5804 (25)
532 5729 667 5811 Περὶ
687 5729 762 5808 ἧς’
785 5735 897 5790 καί.
937 5729 1142 5792 Ὀἀύτ.
