4018 6230
505 307 610 369 987

1839 313 2194 374 PROCOPlI
2233 315 2480 375 GAZ.’EI

3651 311 3744 377 988

575 413 774 484 Ioseph
806 417 931 472 item
964 417 1145 474 dixit:
1183 419 1471 475 Benedicta
1503 429 1580 476 est
1610 438 1643 476 a
1669 420 1902 480 Domino
1946 436 2088 478 terra
2119 425 2231 493 ejus
2252 465 2268 489 ,
2295 431 2404 480 etc.
2437 419 2710 496 [XXXIIL
2743 417 2856 492 l5.]
2887 420 3194 475 Obscurius
3231 416 3466 474 reddidit
3515 417 3740 492 Symma-

507 503 650 558 chus
684 521 699 559 :

581 611 871 681 Josephum
916 609 1194 681 Benjamiu
1250 613 1541 682 praeposuit
1569 613 1762 680 Iacob,
1793 615 1919 686 quia
1961 626 2089 671 tem-

2269 617 2380 670 Τὸν
2423 617 2652 685 Ἰωσὴφ
2710 616 2819 670 τοῦ
2847 615 3136 684 Βενιαμὶν
3186 609 3514 681 προέταξεν
3544 615 3742 685 Ἰακὼϐ,

509 706 658 774 poris
689 705 876 758 seriem
910 702 1172 758 observat.
1202 705 1382 762 Moses
1413 721 1544 762 vero
1590 709 1921 778 postposuit,
1977 724 2090 778 quo

468 812 474 820 ·
513 797 692 849 locum
725 803 779 847 et
809 808 976 864 regno
1001 801 1057 849 et
1099 796 1414 852 sacerdotio
1471 799 1874 855 accommodet.
1907 799 1971 854 Et
2001 801 2090 855 ille

505 883 728 952 quidem
763 883 995 951 insidias
1019 881 1261 955 Josepho
1284 893 1551 951 structas,
1573 897 1626 944 et
1647 887 1896 943 divinum
1929 891 2088 944 auxi-

505 975 641 1030 lium
658 975 944 1045 pru'misit.
971 976 1416 1043 Quibusdemum
1448 979 1727 1052 subjuugit
1754 983 2090 1037 benedictio-

506 1081 654 1127 nem,
714 1074 974 1136 tanquam
1016 1083 1144 1138 erga
1199 1069 1400 1126 fratres
1429 1073 1735 1129 clementiae
1756 1074 2084 1131 mercedem.

506 1157 613 1214 llic
639 1175 770 1214 vero
805 1161 1089 1230 praemittit
1113 1163 1576 1231 benedictionem,
1616 1182 1724 1236 qua
1787 1175 1948 1222 terrae
1980 1169 2088 1222 [οι--

509 1253 758 1308 tilitatem
813 1255 1166 1320 vaticinatur,
1215 1273 1323 1326 qua
1392 1265 1506 1312 tum
1538 1275 1604 1313 ex
1641 1275 1884 1330 superno
1935 1276 2085 1326 rore,

515 1353 632 1400 tum
663 1345 894 1400 infernis
925 1344 1172 1403 fontibus
1191 1363 1256 1402 ex
1281 1349 1467 1404 calore
1495 1351 1652 1416 solis,
1674 1359 1728 1405 et
1762 1353 2090 1408 humiditate

517 1437 661 1490 luna:
715 1434 900 1506 fruges
951 1439 1291 1504 nutriuntur,
1326 1449 1544 1496 montes
1574 1449 1627 1496 et
1661 1451 1816 1512 prata
1843 1445 2085 1502 fructum

512 1525 720 1588 ferunt,
785 1534 944 1595 prout
997 1525 1106 1581 Deo
1159 1529 1336 1582 visum
1391 1539 1497 1595 est,
1565 1533 1660 1602 qui
1717 1534 1882 1588 abeo
1912 1534 2087 1590 forma

510 1616 757 1685 angelica
786 1615 1050 1686 mollique
1079 1615 1230 1673 visus
1259 1625 1364 1680 est,
1392 1621 1540 1689 quod
1569 1621 1822 1675 venditus
1847 1636 1971 1688 Anon
2005 1631 2088 1676 est

510 1707 682 1774 ultus,
745 1707 876 1776 quin
927 1723 1056 1763 vero
1090 1708 1374 1766 beneﬁciis
1417 1712 1736 1770 venditores
1791 1713 2087 1770 demeruit.

511 1798 682 1854 Porro
723 1799 865 1854 vires
899 1800 1123 1856 bellicas
1176 1801 1395 1859 futuras
1431 1805 1479 1860 ei
1509 1820 1632 1862 esse
1661 1816 1916 1877 tanquam
1962 1823 2118 1880 cor-_

508 1905 678 1945 nuum
714 1900 862 1958 sunt,
901 1891 1130 1947 indicat.

2184 707 2294 762 τοῦ
2325 709 2552 778 χρόνου
2603 704 2929 776 φυλάττων
2965 705 3081 772 τὴν
3130 705 3325 768 τάξιν.
3363 703 3420 758 ’0
3441 704 3497 757 δὲ
3525 705 3746 775 Μωῦσῆς

2188 799 2500 870 μετέταξεν,
2537 798 2627 852 ἴνα
2653 797 2872 872 συνάψῃ
2903 799 2968 868 τῇ
3000 797 3252 868 βασιλεία
3275 797 3373 850 καὶ
3397 799 3462 868 τῇ
3494 797 3743 868 ἱερωσύνῃ

2185 889 2275 944 τὸν
2321 890 2506 944 τόπον.
2543 889 2657 944 Καὶ
2685 891 2714 943 ὀ
2743 889 2842 960 μὲν
2870 889 3146 960 προῦταξε
3184 889 3286 958 τὴν
3335 889 3622 958 ἐπιϐουλὴν
3660 889 3747 960 τὴν

2184 982 2326 1038 κατὰ
2352 981 2446 1036 τοῦ
2481 981 2703 1052 Ἰωσὴφ,
2727 981 2824 1035 καὶ
2849 981 2946 1052 τὴν
2977 981 3042 1034 ἐκ
3066 979 3203 1034 Θεοῦ
3243 979 3517 1052 βοήθειαν,
3551 981 3640 1034 καὶ
3660 980 3740 1034 ού-

2185 1091 2290 1138 τως
2317 1073 2516 1142 ἐπάγει
2533 1073 2631 1142 τὴν
2651 1072 2927 1141 εὐλογίαν,
2959 1072 3152 1144 μισθὸν
3169 1071 3271 1142 τῆς
3300 1072 3430 1143 περὶ
3459 1075 3581 1135 τοὺς
3605 1071 3743 1127 ἀδελ-

2187 1166 2320 1234 φοὺς
2379 1163 2732 1230 ἀνεξικακίας
2767 1181 2782 1196 °
2811 1167 2838 1218 ὀ
2889 1164 2946 1218 δὲ
2986 1165 3282 1234 προτάττει
3346 1163 3447 1236 τὴν
3490 1165 3741 1233 εὐλογίαν.

2187 1257 2296 1326 Γῆν
2322 1255 2502 1310 τοίνυν
2533 1252 2768 1326 εὔφορον
2827 1253 2978 1324 αύτῷ
3041 1251 3406 1325 προφητεύει,
3463 1253 3552 1308 διά
3573 1271 3628 1307 τε
3653 1254 3747 1306 τῶν

2189 1348 2399 1404 ἄνωθεν
2446 1347 2676 1420 δρόσων,
2709 1348 2804 1402 καὶ
2825 1346 2934 1401 τῶν
2968 1347 3219 1402 κάτωθεν
3245 1347 3462 1416 πηγῶν,
3488 1349 3560 1418 τῇ
3577 1363 3633 1399 τε
3664 1345 3748 1399 τοῦ

2188 1441 2340 1513 ἡλίου
2410 1439 2592 1512 θέρμῃ
2628 1440 2724 1494 καὶ
2753 1441 2818 1510 τῇ
2849 1442 2948 1511 τῆς
2984 1439 3218 1510 σελήνης
3253 1439 3522 1510 ὑγρότητι
3574 1456 3752 1510 τρεφοο

2193 1531 2372 1599 μένων
2403 1531 2514 1585 τῶν
2544 1531 2798 1603 καρπῶν,
2831 1531 3051 1586 καὶτῶν
3077 1531 3220 1601 ὀρῶν
3256 1531 3749 1602 καρποφορούντων,

2190 1622 2286 1676 καὶ
2321 1623 2434 1676 τῶν
2464 1622 2691 1690 πεδίων,
2727 1623 2852 1676 κατ’
2898 1621 3150 1676 εὐδοκίαν
3177 1622 3312 1675 Θεοῦ
3347 1621 3446 1676 τοῦ
3478 1623 3754 1694 θεωρηθέν·

2187 1731 2279 1778 τος
2301 1716 2360 1768 ἐν
2386 1718 2452 1786 τῇ
2487 1715 2638 1786 βάτῳ
2685 1715 2774 1770 διά
2821 1719 2919 1788 τῆς
2979 1715 3283 1786 ἀΠελικῆς
3333 1716 3596 1782 ὀπτασίας
3637 1717 3753 1786 (ΞΜ,

2188 1799 2597 1877 ἀποδεξάμενος
2623 1806 2736 1878 (25)
2770 1807 2873 1876 τὴν
2911 1807 3050 1879 πρὸς
3097 1809 3224 1872 τοὺς
3277 1808 3753 1870 ἐπιϐουλεύσαντας

2195 1897 2574 1965 ἀνεξικακίαν,
2607 1897 2733 1952 καθ’
2763 1899 2832 1969 ἢν
2867 1899 2969 1953 οὐκ
3027 1899 3278 1970 ἠμύνατο
3344 1897 3600 1972 πραθεὶς,
3634 1897 3754 1950 sua

2195 1989 2324 2054 τοὺς
2351 1991 2421 2044 τά
2454 1991 2668 2062 ἐχθρῶν
2702 1992 3022 2064 πράξαντας
3051 1992 3490 2064 περιεποιήσατο
3521 1990 3592 2054 ὡς
3621 1989 3756 2044 ἀδελ-

2128 2099 2169 2154 Β
2199 2084 2358 2152 φούς.

577 2185 683 2254 Qui
717 2188 900 2244 sedem
932 2203 1154 2260 quoque
1182 2189 1472 2246 collocavit
1495 2198 1548 2246 et
1573 2191 1654 2247 cis
1679 2186 1976 2248 Jordanem
2006 2204 2061 2252 et
2092 2207 2245 2257 trans
2275 2219 2426 2268 eum,
2451 2205 2518 2258 ad
2552 2211 2832 2259 extremos
2866 2218 3042 2273 usque
3075 2201 3287 2257 Iudaeae
3314 2201 3476 2256 lines.
3509 2201 3597 2256 Cis
3629 2199 3756 2255 enim

508 2271 766 2362 Epitraim
817 2275 1266 2362 est,ctdimidia
1287 2277 1464 2333 tribus
1514 2278 1806 2334 Manasse:
1841 2281 1982 2335 ultra
2023 2300 2155 2342 vero
2206 2291 2478 2362 reliquum
2526 2290 2837 2346 dimidium.
2892 2271 3140 2347 Perstitit
3173 2307 3303 2346 vero
3332 2289 3532 2347 ordine
3571 2288 3748 2356 Jacob,

502 2361 606 2451 qui
637 2359 880 2417 Manassi
913 2361 1172 2433 Ephraim
1234 2365 1556 2436 praposuit.
1609 2365 2098 2438 Quoniamjunior
2131 2359 2346 2434 duobus
2381 2379 2599 2451 populis
2621 2385 2708 2434 est
2759 2379 3041 2449 przelatus.
3084 2377 3370 2449 Tanquam
3435 2393 3566 2434 vero
3621 2387 3756 2433 vates

507 2449 690 2506 Moses
738 2453 1019 2521 prospexit
1045 2451 1213 2526 476
1236 2464 1291 2510 et
1318 2469 1548 2526 regnum
1591 2453 1864 2521 futurum,
1887 2467 1942 2514 et
1972 2459 2155 2517 sedem
2211 2464 2354 2536 ejus,
2379 2449 2587 2522 sortem
2615 2465 2746 2522 item
2779 2463 3006 2538 Ioseph,
3036 2476 3092 2522 et
3124 2482 3248 2537 qum
3283 2467 3560 2522 universa:
3598 2464 3752 2521 tribui

502 2545 698 2596 essent
719 2547 1016 2594 eventura.

578 2629 811 2698 Lwtare,
847 2630 1113 2696 Zabulon,
1137 2631 1194 2684 in
1224 2645 1506 2700 progressu
1535 2640 1644 2686 tuo.
1713 2629 1853 2704 [18.]
1896 2632 2092 2689 Merito

506 2721 726 2793 quidem
759 2721 930 2776 laetari
958 2720 1140 2791 jubet,
1163 2735 1229 2774 eo
1255 2719 1401 2790 quod
1433 2729 1488 2776 et
1518 2728 1664 2776 terra
1690 2732 1744 2776 et
1773 2722 1911 2777 mari
1944 2723 2084 2778 frui—

506 2821 668 2869 turus
695 2820 868 2868 esset.
890 2810 978 2874 Eo
1005 2811 1150 2868 enim
1178 2813 1348 2867 maris
1379 2813 1672 2881 processit,
1703 2819 1763 2867 ut
1806 2815 1856 2867 in
1895 2823 2090 2885 portus

505 2913 562 2960 et
593 2905 777 2958 littora
809 2905 1044 2958 marium
1068 2903 1373 2974 pertigerit,
1427 2905 1889 2972 quemadmodum
1917 2905 2090 2962 Jacob

507 3005 595 3051 est
624 2997 1018 3051 vaticinatus".
1056 2993 1181 3050 Ilaac
1241 3009 1370 3049 vero
1400 2995 1448 3049 ei
1487 2997 1775 3070 obtingent
1809 3000 1852 3055 si
1920 2999 2087 3054 Deum

508 3088 760 3145 coluerit.

587 3180 653 3236 Et
703 3180 955 3235 Issacltar
1011 3181 1067 3234 in
1128 3179 1485 3234 tabernaculis
1529 3183 1656 3236 tuis.
1710 3183 1886 3238 Etiam
1945 3183 2092 3240 hunc

509 3278 690 3327 macte
711 3286 837 3326 csse
864 3271 1049 3324 animo
1079 3270 1254 3340 jubet.
1277 3269 1382 3336 Qui
1417 3271 1652 3326 mediam
1706 3283 1915 3342 partem
1950 3273 2094 3326 inter

508 3363 818 3418 maritimos
851 3362 1099 3418 Zabulon
1133 3371 1188 3418 et
1221 3361 1532 3433 Nephtalim
1562 3371 1730 3426 tenet,
1758 3379 1970 3425 eorum,
2003 3365 2088 3418 in-

2258 2641 2658 2714 Εὺφράνθητι,
2677 2645 3018 2712 Ζαϐουλὼν,
3048 2647 3118 2700 ἐν
3142 2647 3218 2716 τῇ
3242 2648 3602 2716 προελεύσει
3632 2657 3755 2701 σου.

2191 2733 2452 2802 Εἰκότως,
2467 2737 2544 2802 ὡς
2563 2739 2902 2810 καρποῦσθαι
2921 2740 3129 2808 μέλλων
3150 2741 3255 2811 γῆν
3276 2758 3339 2803 τε
3357 2740 3458 2795 καὶ
3479 2740 3753 2795 θάλατταν.

2189 2824 2370 2896 Μέχρι
2409 2827 2518 2896 γὰρ
2551 2828 2758 2901 ταύτης
2789 2829 3034 2901 προῆλθε
3067 2833 3200 2902 παρ’
3250 2832 3542 2900 αἰγιαλοὺς
3576 2830 3758 2884 θαλασ·

2199 2914 2328 2980 σῶν,
2361 2915 2436 2980 ὡς
2483 2916 2678 2972 Ἰακὼϐ
2700 2920 3100 2990 προεφήτευσε.
3133 2919 3322 2976 Ταῦτα
3347 2920 3409 2974 δὲ
3440 2917 3588 2990 αὐτῷ
3616 2917 3757 2972 ἔσται

2197 3001 2512 3077 λατρεύοντι
2541 3006 2679 3079 Θεῷ.

2268 3179 2374 3235 Kal
2398 3180 2689 3250 Ἰσονάχαρ
2717 3181 2788 3234 ἐν
2817 3178 2940 3246 τοῖς
2961 3179 3366 3250 σκηνώμασιν
3387 3179 3598 3236 αὑτοῦ.
3655 3178 3692 3228 1(
3710 3177 3758 3230 ai

2196 3271 2386 3328 τοῦτον
2409 3273 2804 3344 εὐφραίνεσθαι
2836 3272 3112 3344 βούλεται,
3153 3274 3318 3342 μέσον
3350 3273 3548 3344 ἔχοντα
3576 3271 3757 3342 κλῆρον

2195 3363 2306 3417 τῶν
2364 3363 2676 3435 παραλίων,
2731 3362 3016 3418 Ζαϐουλὼν
3045 3379 3102 3416 τε
3135 3363 3229 3417 καὶ
3264 3363 3588 3434 Νεφθαλεὶμ
3631 3363 3756 3415 δυτι-

507 3471 696 3527 quam,
730 3457 822 3526 qui
859 3465 1108 3526 respectu
1151 3457 1511 3521 continentis,
1545 3465 1599 3512 et
1631 3454 1858 3527 Josephi
1895 3457 1962 3511 ad
1997 3473 2089 3511 or-

2193 3453 2448 3523 κωτέρων
2473 3454 2662 3522 ὄντων,
2689 3455 2787 3509 καὶ
2819 3454 2914 3508 τοῦ
2948 3457 3070 3510 κατ’
3094 3455 3328 3526 ἤπειρον
3355 3454 3453 3508 καὶ
3485 3454 3619 3524 πρὸς
3637 3452 3754 3506 ἀνα-

511 3559 628 3602 tum
693 3549 1017 3618 vergentis,
1079 3547 1145 3602 ad
1207 3563 1470 3603 occasum
1552 3550 1726 3619 magis
1793 3549 2084 3604 inclinant.

511 3641 753 3697 Proinde
795 3643 862 3696 ab
897 3641 1170 3696 ambobus
1234 3656 1462 3696 usuram
1519 3639 1672 3706 fecit,
1727 3642 1816 3710 qui
1883 3648 2088 3696 terram

507 3733 746 3803 Opimam
778 3739 946 3797 tenet,
983 3739 1036 3786 et
1065 3730 1444 3798 agricolationi
1475 3739 1558 3787 cst
1591 3731 1866 3796 addictus,
1901 3749 2092 3803 quem-

473 3814 480 3818 ’
510 3823 804 3880 admodum
833 3823 1086 3894 praedixit
1119 3821 1314 3876 .Incob.

583 3915 894 3970 Benedictus
923 3915 1011 3984 qui
1043 3913 1234 3967 dilatat
1273 3911 1409 3968 Gud.
1447 3909 1584 3985 [9.0.]
1614 3912 1941 3969 Bellicosam
1978 3913 2094 3969 fore

512 4007 740 4072 tribum,
768 4005 1065 4076 hostesque
1094 4006 1236 4060 bello
1274 4014 1659 4076 superaturam
1681 4004 1851 4059 Jacob
1876 4019 2093 4074 quoque

512 4101 644 4156 fet-it
702 4098 1132 4165 manifestum';
1186 4096 1366 4152 Moses
1423 4111 1556 4164 vero
1597 4097 1897 4166 principem
1932 4113 1993 4151 ex
2027 4112 2090 4151 ea

511 4191 786 4246 oriturum
832 4186 1107 4256 praedixit.
1150 4185 1468 4254 Atjustitiaa
1509 4183 1804 4254 praefectus
1837 4186 2090 4256 princeps

511 4291 617 4348 cst,
649 4282 809 4352 cujus
839 4280 950 4335 dux
980 4279 1098 4349 ipse
1131 4277 1269 4332 Deus
1303 4285 1402 4332 est.

2193 3548 2377 3610 τολαῖς
2445 3547 2666 3618 Ἰωσήφ.
2729 3546 2893 3601 Ὅθεν
2951 3547 3281 3618 ἀμφοτέρων
3337 3546 3622 3608 ἀπέλαυε,
3667 3544 3756 3610 γῆν

2196 3637 2337 3707 ἔχων
2369 3637 2551 3703 πίονα,
2580 3637 2674 3691 καὶ
2705 3654 2852 3708 γεωρ
2867 3637 2952 3708 (ἔα
2978 3635 3406 3708 προσκείμενος,
3437 3637 3579 3689 καθὰ
3602 3629 3754 3704 προΰ·

2196 3729 2355 3798 λεγεν
2395 3727 2613 3782 Ἰακώϐ.

2267 3901 2686 3974 Εὐλογημένος
2715 3903 3118 3971 ἑμπλατύνων
3151 3901 3302 3957 Γάδ.
3337 3901 3650 3973 Πολεμικὴν
3671 3898 3753 3969 τὴν

2195 3994 2369 4066 φυλὴν
2403 3996 2494 4048 καὶ
2531 3997 2560 4047 ὁ
2602 3992 2796 4049 Ἰακὼὸ
2836 3996 3052 4065 ἐδήλου,
3085 3997 3180 4050 καὶ
3229 3996 3614 4067 κρατήσουσαν
3661 3992 3751 4043 τῶν

2196 4089 2760 4160 προσπολεμησὼτων
2790 4088 2980 4160 αὐτὴν,
3002 4089 3176 4158 λέγων
3194 4105 3210 4120 ο
3237 4089 3366 4154 Γάδ,
3418 4088 3750 4159 πειρατήριον

2194 4183 2545 4258 πειρατεύσει
2574 4184 2738 4237 αὐτόν
2770 4198 2786 4212 '
2830 4182 2994 4245 αὐτὸς
3022 4182 3079 4236 δέ
3108 4182 3467 4253 πειρατεύσει
3497 4181 3632 4236 κατά
3663 4177 3748 4228 πό-

2194 4277 2312 4341 δας.
2345 4277 2405 4330 Ὀ
2437 4276 2494 4330 δὲ
2519 4275 2764 4347 Μωῦσῆς
2790 4275 2886 4328 καὶ
2917 4274 3191 4346 ἄρχοντας
3225 4273 3286 4338 ἐξ
3316 4274 3485 4327 αὑτοῦ
3520 4269 3746 4340 γενέσθαι

513 4375 833 4448 προείρηκε.
891 4371 1252 4442 Δικαιοσύνης
1275 4371 1329 4424 δὲ
1369 4373 1683 4442 προστάτης
1715 4372 1743 4424 ὁ
1773 4371 1980 4442 ἄρχων,
2023 4368 2092 4448 ἦς
2132 4373 2281 4426 ἐστιν
2311 4369 2556 4442 ἀρχηγὸς
2607 4369 2706 4424 καὶ
2745 4367 3058 4442 προστάτης
3101 4369 3130 4421 ὁ
3173 4367 3324 4430 Θεός.
3361 4365 3456 4419 Διὸ
3524 4367 3613 4418 καὶ
3667 4363 3746 4412 ἐπ’

514 4473 743 4542 ήγαγεν,
769 4471 851 4523 ὅτι
887 4467 1240 4542 δικαιοσύνην
1259 4468 1287 4519 ὀ
1315 4466 1522 4536 Κύριος
1545 4465 1794 4536 ἐποίησε,
1820 4467 1916 4520 καὶ
1941 4469 2128 4538 κρίσιν
2171 4467 2310 4538 μετά
2353 4465 2593 4538 Ἰσραήλ.

587 4562 705 4616 Dan
725 4562 930 4616 catulus
955 4561 1140 4624 leonis,
1165 4569 1217 4616 et
1241 4561 1448 4615 exsiliet
1465 4577 1491 4615 ε
1506 4559 1705 4616 Busan.
1727 4559 1866 4633 [22.]
1886 4559 2088 4627 Quem-

515 4654 809 4710 admodum
845 4653 898 4708 in
936 4651 1187 4708 iudicum
1233 4651 1388 4708 libro
1444 4653 1729 4718 habemus,
1791 4653 1931 4708 bello
1971 4669 2090 4706 ma-

515 4746 754 4801 ritimam
828 4746 1104 4815 regionem
1181 4747 1573 4816 comparavit,
1635 4745 1859 4814 quando
1913 4754 1969 4798 et
2033 4761 2090 4799 e-

514 4835 661 4908 phod
697 4845 751 4890 et
784 4835 1038 4906 sculptile
1064 4845 1282 4907 raptum
1304 4852 1370 4892 ex
1430 4835 1596 4891 domo
1647 4834 1830 4889 Micha
1883 4835 2086 4891 intule—

515 4938 668 4986 runt.

548 5183 560 5194 ι
589 5104 898 5177 Nephtatim
923 5107 1166 5162 satietas.
1215 5104 1357 5178 [23.]
1389 5104 1488 5162 Hic
1520 5105 1667 5163 enim
1689 5115 1743 5164 et
1770 5111 2011 5167 terrenis
2036 5119 2092 5165 et

600 5263 622 5294 '
679 5260 818 5316 Gen.
879 5260 1143 5327 xux,15.
1220 5258 1408 5314 “ibid.
1454 5259 1538 5316 l9.

2266 4557 2378 4614 Kal
2399 4557 2479 4624 τῷ
2506 4559 2626 4612 Δὰν
2646 4555 2777 4613 εἷπε
2803 4575 2816 4590 ’
2848 4558 3126 4626 Σκύμνος
3155 4554 3428 4622 λέοντος,
3465 4554 3562 4610 καὶ
3589 4552 3746 4616 ἐκπη-

2197 4652 2445 4720 δήσεται
2473 4653 2542 4706 ἐκ
2580 4652 2689 4706 τοῦ
2713 4651 2943 4706 Βασάν.
2987 4651 3050 4704 'll
3073 4650 3201 4721 περὶ
3224 4649 3334 4702 τῶν
3378 4648 3594 4718 Κριτῶν
3627 4647 3745 4698 ἱστο-

2199 4746 2290 4816 ρία
2316 4746 2466 4816 δηλοί
2499 4745 2616 4818 (‘26)
2634 4747 2694 4798 τὸ
2723 4745 2821 4816 τὴν
2843 4745 2949 4798 Δάν
2974 4743 3152 4814 φυλὴν
3185 4744 3274 4797 διά
3301 4741 3538 4812 πόλεμον
3563 4753 3742 4806 κτησα-

2199 4834 2370 4904 μένην
2402 4833 2494 4888 τδν
2521 4835 2791 4906 παράλιον
2847 4836 3050 4905 κλῆρον
3079 4850 3093 4864 ο
3125 4835 3213 4888 ὅτε
3237 4834 3301 4903 δὴ
3359 4833 3456 4888 καὶ
3475 4835 3534 4886 τὺ
3575 4824 3743 4896 Tuo-36

2120 4943 2170 5000 ι)
2197 4926 2292 4981 καὶ
2315 4927 2376 4981 τὸ
2405 4926 2642 4996 γλυπτὸν
2695 4927 3107 4998 ἐπεκομίζοντο,
3162 4925 3422 4988 λαϐόντες
3495 4924 3554 4990 ἐξ
3609 4920 3738 4976 οἴκου

2199 5020 2372 5074 Muli.

2266 5039 2275 5071 ί
2315 5039 2372 5074 α.

2266 5039 2606 5182 ﬁcedulam
2663 5108 2988 5180 πλησμονὴ
3041 5106 3258 5164 δεκτόν
3285 5105 3420 5181 (27).
3459 5107 3565 5163 Καὶ
3605 5100 3736 5158 τοῦτο

2034 5350 2269 5408 ΝΟΤᾸΕ.

595 5443 704 5513 (ει)
755 5444 1036 5516 Adaei);
1079 5443 1455 5516 εύαγγελικῆς
1504 5447 1770 5510 ὀπτασίας
1826 5445 2089 5508 ἀποδεξα-

523 5516 738 5638 μένους.
787 5515 845 5566 '(l
877 5513 1120 5600 Ἀλεξαν.
1148 5514 1279 5569 κὼδ.
1310 5513 1410 5568 οὐκ
1437 5515 1632 5604 ὀρθῶς.
1661 5517 1758 5600 dicit
1786 5517 1884 5587 τῆς
1917 5517 2086 5602 ἀγγε-

559 5600 682 5638 ικης
701 5583 985 5638 οπτασίαε.
1033 5587 1128 5637 Οτι
1167 5585 1396 5638 πραθεὶς
1423 5604 1524 5638 ουκ
1563 5588 1831 5638 ἠμύνατο.
1891 5586 2086 5638 μαλλον

525 5583 682 5650 λικῆς
701 5583 985 5644 ὀπτασίας.
1006 5586 1128 5637 ’Ὁτι
1167 5585 1396 5656 πραθεὶς
1423 5583 1524 5638 οὑκ
1563 5583 1851 5658 ἠμύνατο,⁷
1891 5586 2088 5654 μᾶλλον

525 5651 708 5727 δεξιαὶ
729 5653 852 5716 τοὺς
907 5653 1261 5726 τωλήσαντας
1304 5656 1678 5727 εὐεργέτησεν.
1743 5659 1800 5711 Ὀ
1831 5656 1926 5726 τῆς
1950 5657 2084 5723 Αύγ.

563 5685 596 5728 =-
617 5685 708 5728 tus
739 5685 851 5716 ιυυ,
920 5685 1158 5726 ιωηιιυυιν
1177 5685 1258 5719 ..ιω
1304 5685 1678 5728 ιυςμῐιιηυεν.
1761 5685 1800 5711 υ
1831 5685 1924 5726 ιιι,
1950 5685 2084 5723 nux.

583 5718 596 5734 Ι

530 5719 660 5786 νῶδς

2263 5445 2378 5526 (ίὶβ)
2425 5444 2858 5518 Ἀποδεξαμένῳ,
2885 5448 3134 5522 ὀρθότερ.
3169 5450 3255 5506 ἵνα
3279 5445 3338 5526 ᾗ,
3378 5447 3530 5522 αὐτῷ
3563 5443 3730 5501 ἀποδε.

2195 5515 2260 5580 ξα
2268 5515 2433 5587 μένῳ.

2267 5586 2392 5650 (‘26)
2414 5587 2500 5639 Ἐν
2525 5604 2650 5654 κεφ.
2687 5587 2770 5642 l8.

2268 5659 2742 5730 (ὶῖλὸεκτῷγτλέ
2781 5659 2968 5730 εἰρημ·
3021 5663 3199 5718 ἐκδάσ.
3257 5663 3347 5717 καὶ
3396 5663 3422 5714 ὁ
3470 5654 3724 5724 9:960"th-

2199 5728 2338 5784 κατὰ
2357 5729 2453 5802 τὴν
2479 5729 2533 5780 ἐν
2561 5727 2694 5782 Χάλ.
2719 5727 2860 5781 ἔκδί·
