4018 6230
340 334 445 405 993

1458 335 1996 399 COMMENTARII
2032 335 2113 395 IN
2154 334 2410 396 JOSUE.

3485 326 3591 393 9M

337 464 561 515 παυσιν,
616 445 708 501 τοῦ
756 446 923 519 νόμον
978 465 1138 519 μεχρι
1199 445 1357 517 μενον
1416 448 1706 521 προθύρων
1754 445 1903 514 ἄγειν

2014 445 2076 497 ad
2111 457 2274 513 quam
2304 443 2455 498 solus
2488 440 2638 495 ducit
2665 456 2823 496 verus
2848 438 3032 505 Josuc,
3062 441 3152 509 qui
3192 454 3291 495 nos
3325 437 3586 498 instituit,

341 539 642 611 ισχὺοντος.

406 709 671 777 Mummi;
698 711 731 763 ὁ
753 707 1026 776 θεράπων
1042 725 1161 776 μου
1199 709 1603 773 τετελεύτηκε.
1639 708 1767 761 Νῦν
1796 705 1910 764 οὖν

331 799 599 864 ἀναστὰς
639 838 655 861 ,
700 798 932 864 διάϐηθι
984 796 1091 850 τὸν
1135 797 1463 865 Ἰορδάνην.
1542 797 1909 868 Τετελεὺτηκε

332 892 591 960 Μωῦσῆς,
626 890 898 944 ἀπέθανεν
955 890 982 940 ὁ
1027 890 1211 959 νόμος,
1247 890 1486 960 Μωῡσῆς
1524 888 1907 960 χρηματίζων,

334 982 472 1035 κατὰ
499 981 562 1033 τό
598 997 612 1011 ·
651 999 670 1031 ι
711 981 936 1050 Ἔχουσι
976 980 1181 1033 Μωσέα
1233 979 1325 1031 καὶ
1379 980 1504 1041 τοὺς
1538 980 1844 1051 προφήτας.
1884 997 1902 1029 3

330 1072 465 1126 Μεθ’
492 1071 551 1123 ὃν
584 1073 612 1124 ὁ
639 1072 731 1124 τὸν
765 1071 929 1141 νόμον
966 1069 1073 1123 τῶν
1092 1070 1321 1123 ἐντολῶν
1351 1073 1409 1123 ἐν
1440 1070 1675 1140 δόγμασι
1701 1088 1909 1139 καταρ-

328 1164 506 1233 γήσας
556 1160 865 1225 διαϐιϐάζει
914 1161 1005 1214 τὸν
1064 1161 1359 1231 Ἰορδάνην,
1418 1162 1563 1216 καθά
1608 1180 1740 1232 φησι
1769 1163 1908 1233 πρὸς

327 1254 676 1324 Νικόδημον
708 1271 728 1305 ι
781 1246 904 1305 Ἐὰν
938 1250 1012 1323 μή
1067 1271 1151 1316 τις
1198 1254 1540 1323 ἀναγεννηθῇ
1601 1254 1660 1320 ἐξ
1717 1254 1908 1319 ὓδατος

328 1346 423 1399 καὶ
485 1343 818 1413 πνεύματος,
857 1342 918 1393 οὐ
988 1343 1063 1413 μὴ
1120 1342 1341 1415 εἰσέλθῃ
1392 1345 1471 1404 εἰς
1506 1343 1605 1413 τὴν
1628 1344 1907 1413 βασιλείαν

326 1436 434 1489 τῶν
468 1436 736 1507 οὐρανῶν.
770 1454 789 1485 3
830 1426 937 1496 Ἧς
962 1434 1122 1497 αὐτὸς
1154 1435 1600 1507 προκατήρξατο,
1624 1437 1686 1490 οὐ
1715 1437 1906 1507 δεόμεά

329 1544 441 1592 νος,
465 1528 579 1582 ἀλλ’
609 1526 854 1594 ἁγιάζων
885 1528 954 1580 τὰ
978 1527 1169 1582 ὕδατα.

399 1619 526 1685 Πᾶς
550 1622 582 1674 ὁ
609 1620 818 1685 τόπος,
873 1621 964 1689 ἐφ’
998 1620 1071 1673 ὃν
1103 1620 1179 1673 ἂν
1226 1619 1471 1689 ἐπιϐῆτε
1509 1620 1588 1688 τῷ
1616 1617 1770 1691 ἴχνει
1791 1622 1907 1677 τῶν

325 1712 528 1766 ποδῶν
556 1712 743 1781 ὑμῶν,
774 1712 919 1783 ὑμῖν
947 1712 1119 1766 δώσω
1147 1715 1351 1768 αὐτόν.
1394 1714 1456 1767 Ἦ
1481 1716 1578 1785 μὲν
1602 1716 1905 1785 ἐπαγγελία

230 1842 235 1849 ς
325 1802 489 1874 αὕτη,
529 1806 557 1857 ὁ
582 1804 637 1857 δὲ
657 1803 807 1873 ἁγὼν
846 1803 1040 1875 μέγας,
1076 1804 1202 1876 ἔθνη
1231 1806 1450 1874 νικῆσαι
1475 1806 1542 1858 τὰ
1569 1807 1752 1877 νοητά.
1793 1810 1902 1861 Καὶ

325 1895 409 1949 δεῖ
441 1884 673 1950 ἐνταῦθα
703 1897 761 1950 τὸ
791 1897 1045 1951 τοσοῦτον
1076 1896 1435 1961 διανύσαντας
1466 1898 1680 1955 στάδιον
1705 1901 1898 1969 ἐπιεῆο

327 2004 415 2042 ναι
446 1989 554 2041 τῶν
583 1990 693 2043 ἄνω
734 1990 906 2058 μονῶν
926 2005 940 2020 ⁸
970 1989 1168 2059 μᾶλλον
1200 1990 1255 2041 δέ
1307 1989 1414 2058 πρὸ
1447 1989 1673 2058 τούτων,
1701 1994 1901 2062 ἀρετῆς

323 2095 384 2132 τε
424 2082 513 2133 καὶ
536 2080 813 2150 ἀληθείας,
863 2081 1187 2151 ὀδηγοῦντος
1238 2083 1386 2151 ἡμᾶς
1429 2082 1604 2149 Ἰησοῦ
1658 2084 1737 2146 εἰς
1783 2085 1901 2137 ὁδὸν

323 2171 571 2243 εἰρήνης,
609 2172 705 2225 τοῦ
746 2174 841 2226 καὶ
884 2174 1067 2236 δόντος
1127 2175 1319 2225 πατεῖν
1368 2172 1552 2225 ἐπάνω
1601 2173 1777 2241 ὄφεων
1808 2177 1902 2227 καὶ

325 2262 623 2332 σκορπίων,
646 2264 739 2316 καὶ
758 2263 1125 2335 χαρισαμένου
1154 2262 1518 2333 κληρονομίαν
1541 2264 1731 2317 ἐθνῶν.
1750 2266 1904 2317 Ἑπι-

325 2352 510 2421 6ῶμεν
544 2354 598 2406 δὲ
630 2354 723 2406 καὶ
747 2354 945 2426 ῥητῶν,
980 2355 1056 2417 ὼς
1082 2355 1190 2420 δεῖ,
1212 2355 1527 2425 Γραφικῶν,
1554 2357 1648 2407 καὶ
1685 2356 1745 2408 τὸ
1777 2373 1900 2427 νοη-

324 2443 416 2499 θέν
446 2449 595 2499 ἐστιν
618 2446 910 2515 ἡμέτερον.
957 2445 1018 2498 '0
1072 2446 1171 2516 μὲν
1194 2444 1288 2498 οὑν
1326 2444 1457 2507 Θεὸς
1484 2444 1588 2505 ἕως
1615 2444 1901 2516 Εὐφράτου

320 2535 515 2591 δώσειν
542 2539 725 2598 αὐτοῖς
753 2535 1139 2606 ἐπηγγείλατο,
1169 2536 1409 2600 ἀναξίοις
1438 2534 1494 2587 δέ
1527 2537 1770 2603 φανεῖσιν
1803 2536 1903 2588 οὐκ

324 2626 616 2698 ἐπλήρωσε
649 2627 747 2697 τὴν
778 2627 1098 2695 ὑπόσχεσιν,
1122 2624 1261 2679 ἀλλὰ
1290 2624 1458 2678 Δαὸὶδ
1511 2625 1606 2677 καὶ
1626 2625 1900 2696 Σολομῶνι

319 2719 634 2791 γενομένοις
665 2718 856 2785 ἀξίοις.

400 2980 517 3056 Τὴν
540 2989 766 3058 ἔρημον
786 2989 883 3043 καὶ
929 2986 1037 3042 τὸν
1061 2989 1486 3043 Ἀντιλίϐανον.
1523 2987 1637 3058 Τὴν
1691 2988 1899 3060 ἔρημον

321 3081 591 3147 ὑπέταξεν
623 3084 651 3136 ὁ
700 3081 889 3153 Πατὴρ
942 3081 1020 3149 τῷ
1070 3081 1310 3152 Χριστῷ.
1365 3082 1500 3150 Περὶ
1541 3075 1607 3153 ἦς
1661 3079 1897 3152 εἴρηται,

327 3190 347 3225 ι
383 3174 754 3245 Εὐφράνθητι,
781 3174 1037 3244 ἐρημοςή
1074 3173 1305 3243 διψῶσα.
1350 3190 1367 3223 3
1394 3171 1502 3226 Καί
1530 3188 1542 3201 ·
1580 3191 1597 3223 ι
1628 3172 1803 3224 Πολλὰ
1830 3171 1899 3223 τὰ

317 3264 487 3318 τέκνα
515 3265 614 3333 τῆς
637 3266 868 3335 ἐρήμου,
897 3263 1143 3335 μᾶλλονῆ
1167 3266 1264 3332 τῆς
1290 3262 1519 3333 ἐχούσης
1550 3262 1641 3315 τὸν
1664 3262 1850 3330 ἄνδρα.
1875 3279 1893 3311 3

319 3355 436 3410 Kal.
468 3356 529 3408 οὐ
570 3356 659 3409 τὸν
705 3356 941 3409 Λίόανον
978 3354 1248 3419 ὑπέταξεν
1294 3353 1491 3424 Ἰησοῦ,
1528 3354 1620 3406 τὸν
1665 3352 1897 3423 Ἰσραὴλ,

319 3447 495 3511 οὑτως
520 3448 577 3501 ἐν
609 3450 926 3519 προφήταις
967 3449 1323 3514 καλούμενον,
1354 3446 1411 3507 ὃς
1440 3445 1535 3499 καὶ
1568 3446 1901 3509 καλλιέλαιος

321 3541 565 3612 εῖρηται’
622 3542 758 3595 ἀλλὰ
811 3540 881 3595 τὰ
932 3540 1082 3611 ἔθνη,
1122 3540 1212 3593 τὸν
1278 3540 1663 3605 Ἀντιλίϐανον,
1714 3542 1904 3606 ἐγκεν-

324 3626 617 3695 τρισθέντα
678 3628 775 3697 μὲν
815 3630 872 3681 ἐν
907 3628 1143 3698 Ἰσραὴλ,
1183 3627 1485 3707 ἀντάὐτοῦ
1526 3628 1582 3681 δὲ
1614 3628 1899 3697 γενόμενα.

395 3716 505 3769 Καὶ
546 3716 749 3785 ὥσπερ
776 3716 940 3787 ἥμην
981 3719 1131 3787 μετὰ
1187 3717 1434 3785 Marem},
1476 3719 1662 3785 οὕτως
1689 3719 1904 3789 ἔσομαι

322 3802 422 3855 καὶ
450 3805 598 3872 μετὰ
627 3805 764 3858 σοῦ.
807 3804 940 3857 Οὐδέ
968 3807 1076 3876 γὰρ
1112 3807 1355 3876 Μωῢσῆς
1384 3807 1489 3877 ἰδίᾳ
1518 3806 1745 3875 δυνάμει
1776 3809 1904 3872 τοὺς

322 3891 550 3963 ἐχθροὺς
581 3894 951 3960 ἐτροπώσατο.
987 3897 1239 3950 Τοιοῦτον
1298 3897 1393 3951 καὶ
1429 3898 1490 3950 τό
1513 3914 1524 3928 ν
1556 3916 1573 3948 ι
1616 3898 1744 3952 Ἰδοὺ
1793 3894 1905 3967 ἐγὼ

324 3985 446 4055 μεθ’
471 3986 625 4055 ὑμῶν
648 3990 762 4057 είμι
796 3988 901 4051 ἐως
923 3987 1019 4059 τῆς
1051 3968 1358 4053 συντελείας
1389 3988 1481 4042 τοῦ
1516 3989 1732 4055 αἰῶνος.
1772 4009 1790 4042 3
1856 4032 1862 4045 .

398 4101 604 4170 Ίσχυε,
623 4100 777 4170 φησὶ,
809 4101 904 4155 καὶ
932 4100 1202 4172 ἀνδρίζου.
1242 4102 1383 4171 Ἐγὼ
1415 4105 1524 4174 γάρ
1549 4121 1609 4155 σε
1638 4103 1904 4173 ἐνισχύσω

321 4189 605 4260 ὑπομονὴν
634 4191 729 4244 καὶ
748 4191 978 4263 δύναμιν
1007 4192 1384 4263 χαριζόμενος,
1404 4194 1481 4257 ὡς
1503 4194 1570 4247 ἂν
1588 4195 1679 4246 καὶ
1708 4194 1904 4257 διέλοις

319 4285 432 4348 τοῖς
457 4284 736 4355 ἐσομένοις
769 4287 868 4354 τὴν
906 4286 1030 4356 γῆν.

898 4364 917 4403 \

405 4484 565 4539 Ἀλλά
596 4487 852 4555 φύλαττε,
883 4489 977 4541 καὶ
1003 4487 1151 4541 ποίει
1192 4487 1337 4542 κατὰ
1380 4487 1559 4541 πάντα
1593 4488 1683 4540 τὸν
1714 4486 1901 4557 νόμον.
1938 4469 1980 4527 D

1941 1783 1977 1835 Β

2011 533 2370 605 requiemque
2389 531 2668 598 concedit,
2689 548 2812 587 cum
2831 534 2916 587 lex
2938 531 3005 586 ad
3026 531 3358 587 vestibulum
3374 537 3586 584 tantum

2014 626 2284 679 deducere
2320 626 2515 695 possit.

2084 714 2257 767 Moses
2282 716 2519 781 famulus
2553 732 2697 768 meus
2724 725 2966 768 mortuus
2990 723 3086 767 est.
3109 713 3265 766 Nunc
3285 714 3446 782 igitur
3470 728 3587 783 age,

2012 806 2182 855 transi
2238 820 2331 871 per
2380 802 2693 857 Iordanem.
2719 804 2783 875 [1,
2820 804 2897 875 22.]
2927 803 3072 858 Obiit
3119 804 3318 868 Moses,
3346 806 3446 859 hoc-
3478 813 3586 865 est,

2011 893 2057 942 dt
2083 892 2269 946 turma
2293 903 2378 947 est
2409 894 2490 947 lex
2511 909 2627 961 quae
2647 893 2824 949 Moses
2845 906 3218 963 nuncupatur,
3243 897 3397 961 juxta
3419 897 3545 947 illud
3574 915 3586 949 :

2016 1001 2033 1033 ι
2073 983 2258 1037 Mosml
2314 984 2514 1038 habent
2555 991 2609 1038 et
2666 988 2959 1054 prophetas
2993 989 3057 1040 ‘9.
3109 1007 3128 1040 3
3162 988 3332 1054 Cujus
3376 990 3495 1044 loco
3544 991 3590 1043 is

2010 1076 2103 1144 qui
2144 1078 2314 1145 legem
2362 1078 2477 1132 suis
2534 1090 2819 1146 prtﬂttcplts
2870 1096 2933 1131 ac
2988 1079 3226 1134 decretis
3276 1081 3585 1149 abrogavit,

2008 1165 2302 1221 Jordanem
2341 1169 2568 1236 trajicit,
2603 1179 2661 1220 ut
2688 1170 2863 1237 ipsius
2904 1171 2969 1221 ad
3018 1169 3375 1225 Nico-lenium
3406 1174 3587 1224 verbis

2008 1265 2267 1313 constat:
2310 1278 2326 1310 ι
2363 1258 2477 1313 Nisi
2504 1262 2631 1329 quis
2700 1262 2980 1330 regenitus
3016 1278 3080 1314 cx
3122 1280 3261 1331 aqua
3297 1273 3348 1316 et
3382 1265 3584 1333 spiritu

2009 1348 2197 1414 fuerit,
2256 1350 2311 1404 in
2368 1367 2594 1418 regnum
2663 1355 2929 1407 ctelorum
2982 1370 3087 1405 non
3136 1355 3473 1422 ingredietur
3515 1355 3583 1415 ὀ,

2009 1441 2168 1511 cujus
2195 1443 2310 1511 ipse
2346 1443 2613 1496 tinctione
2642 1460 2748 1512 qua
2801 1461 2911 1499 non
2943 1445 3217 1514 indigebat
3251 1455 3458 1511 tamen,
3492 1463 3586 1502 vc-

2007 1547 2131 1588 rum
2161 1537 2504 1589 consecravit
2528 1550 2719 1603 aquas,
2754 1537 2971 1589 initium
3004 1538 3149 1590 fecit.

2081 1623 2301 1680 Omnem
2326 1625 2498 1680 locum
2521 1642 2676 1694 super
2693 1643 2842 1695 quem
2866 1629 3050 1692 ptanta
3073 1629 3262 1694 pedum
3293 1637 3586 1679 vestrorum

2008 1716 2381 1780 calcaveritis,
2436 1716 2580 1771 vobis
2638 1716 2798 1771 dabo.
2854 1715 2953 1788 [3.]
3012 1716 3312 1770 Promissio
3364 1718 3583 1786 quidem

2008 1817 2160 1862 tanta
2184 1816 2285 1863 est.
2318 1809 2386 1862 At
2452 1816 2640 1878 gentes
2688 1810 3009 1878 Spirituales
3049 1809 3267 1862 vincere
3298 1812 3397 1861 hoc
3424 1826 3582 1878 opus,

2007 1900 2097 1954 hic
2129 1902 2303 1955 labor.
2333 1899 2435 1955 Ubi
2485 1902 2766 1956 curriculo
2809 1909 3005 1966 exacto
3052 1902 3118 1954 ad
3166 1918 3396 1968 snperas
3428 1902 3585 1957 sedes

2008 1991 2488 2046 conscendemlum
2512 2000 2615 2046 est.
2678 1993 2795 2045 lmo
2832 2008 2962 2045 vero
2995 1993 3094 2045 has
3139 2002 3269 2046 ante
3300 1995 3365 2045 ad
3404 1993 3586 2045 virtu-

2009 2088 2117 2133 tem
2170 2096 2234 2135 ac
2284 2084 2591 2141 veritatem,
2638 2083 2692 2135 in
2751 2083 2895 2134 viam
2934 2082 3086 2150 pacis
3129 2083 3232 2135 iter
3260 2082 3421 2135 nobis
3446 2097 3586 2150 prae-

2009 2173 2168 2225 bente
2241 2169 2410 2239 Jesu;
2454 2173 2543 2241 qui
2598 2181 2888 2241 serpentes
2942 2174 3105 2225 etiam
3160 2179 3215 2225 et
3265 2174 3585 2241 scorpiones

2009 2265 2168 2318 nobis
2207 2266 2504 2318 calcandos
2529 2264 2762 2333 prmbnit
2792 2266 2858 2329 ²¹,
2902 2266 3260 2335 gentiumque
3292 2266 3584 2317 haeredita-

2009 2364 2115 2409 tem
2141 2357 2386 2409 donavit.
2424 2355 2876 2410 Conscendamus
2901 2356 3128 2424 insuper
3162 2355 3374 2409 decenti
3408 2355 3582 2424 gradu

2008 2462 2171 2517 super
2222 2447 2369 2502 dicta
2432 2448 2488 2500 in
2548 2447 2853 2514 Scripturis
2917 2446 3440 2517 comprehcnsa.Ad
3482 2464 3583 2502 nos

2006 2538 2151 2589 enim
2186 2538 2501 2593 intellectus
2563 2539 2818 2607 pertinet.
2859 2537 3003 2593 Deus
3055 2539 3238 2605 itaque
3276 2550 3477 2593 terram
3513 2539 3579 2593 ad

2007 2629 2341 2698 Euphratem
2383 2645 2471 2685 .se
2533 2629 2794 2683 daturum
2844 2631 2957 2684 illis
3010 2640 3094 2685 est
3128 2630 3445 2699 pollicitus,
3496 2632 3583 2686 in-

2004 2717 2185 2785 dignis
2238 2734 2367 2773 vero
2418 2718 2554 2774 visis
2617 2718 3077 2787 promissionibus
3124 2734 3231 2771 non
3265 2721 3435 2774 stetit.
3475 2719 3581 2773 Da-

2005 2811 2111 2876 vidi
2178 2818 2388 2864 tantum
2428 2820 2482 2865 et
2536 2809 2819 2866 Salomoni
2855 2810 3121 2880 quidigni
3166 2810 3409 2874 fuerunt,
3440 2826 3580 2878 pra:-

2001 2904 2167 2957 stitit.

2078 2994 2348 3047 Desertum
2377 3003 2425 3048 et
2456 2992 2847 3048 Antilibanum.
2883 2992 2984 3066 [4.]
3022 2994 3306 3050 Desertum
3352 2995 3577 3049 Christo

2005 3083 2287 3150 subjunxit
2318 3083 2500 3148 Pater,
2526 3084 2591 3137 de
2610 3076 2728 3152 quo
2762 3084 2969 3139 dictum
2992 3092 3077 3138 est
3104 3101 3117 3135 :
3160 3103 3178 3135 ι
3225 3083 3455 3150 Laetare,
3483 3085 3578 3137 de-

2001 3185 2208 3230 sertum
2247 3174 2461 3228 aridum
2485 3177 2551 3228 ".
2585 3194 2603 3226 3
2630 3174 2762 3230 Item
2803 3191 2818 3226 :
2859 3193 2876 3226 ι
2919 3174 3112 3229 Plures
3182 3174 3344 3229 habet
3374 3178 3577 3230 liberos

2000 3267 2161 3321 vidua
2194 3281 2357 3333 quam
2403 3268 2657 3320 maritata
2689 3267 2753 3320 ".
2791 3285 2809 3318 3
2844 3264 2975 3320 Nec‘
3008 3283 3139 3321 vero
3183 3265 3453 3320 Libanum
3478 3264 3575 3320 Jo-

2001 3373 2099 3412 sue
2128 3358 2438 3427 subjunxit,
2470 3360 2745 3422 lsracleni,
2768 3359 3011 3425 inquam,
3046 3356 3139 3427 qui
3168 3356 3309 3425 apud
3336 3358 3575 3426 prophe-

2002 3459 2086 3506 tas
2137 3451 2243 3505 hoc
2302 3452 2541 3505 nominis
2601 3451 2782 3504 habet.
2810 3449 2914 3515 Qui
2941 3450 3067 3503 item
3122 3450 3368 3504 olearum
3423 3451 3576 3505 ferax

2000 3543 2182 3598 dictus
2234 3550 2338 3608 est,
2397 3557 2587 3598 verum
2645 3542 3045 3601 Antilibanum,
3103 3550 3290 3609 gentes
3330 3541 3480 3609 ipsas
3518 3542 3575 3596 in

2000 3634 2252 3690 lsraelem
2280 3635 2496 3697 insitas,
2530 3634 2695 3704 inque
2715 3635 2958 3703 ipsorum
2990 3634 3169 3687 locum
3203 3632 3433 3686 ascitas.

2073 3725 2144 3779 Et
2193 3725 2643 3796 quemadmodum
2713 3741 2833 3778 cum
2891 3722 3040 3777 Mosa
3089 3722 3198 3790 fui,
3259 3722 3340 3776 ita
3404 3729 3572 3775 tecum

2004 3833 2114 3881 ero,
2150 3825 2259 3870 etc.
2284 3814 2391 3885 [5.]
2425 3816 2545 3868 Non
2570 3814 2714 3868 enim
2743 3813 2962 3882 propria
2991 3812 3198 3866 virtute
3221 3811 3410 3865 hostes
3444 3810 3577 3865 vicit

2005 3904 2202 3958 Moses.
2225 3902 2579 3994 .llujusmodi
2642 3901 2774 3956 illud
2825 3916 3044 3970 quoque
3092 3908 3177 3955 est
3209 3917 3221 3952 :
3254 3918 3274 3951 ι
3317 3900 3458 3955 Ecce
3484 3914 3589 3957 vo-.

2008 3989 2376 4048 biscum'sum
2417 4007 2590 4061 usque
2620 3990 2687 4044 ad
2714 3990 2879 4046 ﬁnem
2917 3989 3105 4043 mundi
3131 3992 3197 4042 πθ.
3236 4008 3255 4040 3

2079 4102 2252 4157 Macte
2306 4109 2517 4157 tantum
2574 4102 2775 4156 virtute
2819 4103 2919 4166 sis,
2952 4102 3154 4172 inquit,
3191 4101 3480 4173 virumque
3524 4108 3579 4156 te

2007 4202 2227 4262 praesta,
2258 4207 2356 4263 ego
2386 4194 2532 4247 enim
2580 4200 2634 4248 te
2663 4194 3025 4256 confirmabo,
3062 4192 3491 4262 patientiamque
3516 4209 3580 4248 ac

2008 4285 2154 4341 vires
2206 4301 2317 4356 quo
2368 4293 2574 4339 terram
2624 4286 2735 4339 tuis
2797 4285 3024 4339 asseclis
3085 4284 3389 4339 distribuas
3447 4301 3580 4342 cou-

2009 4376 2204 4432 feram.

2086 4489 2282 4545 Verum
2336 4505 2527 4545 onmes
2578 4495 2702 4543 tuas
2750 4489 2999 4542 actiones
3031 4486 3187 4555 juxta
3210 4486 3380 4559 legem
3408 4501 3579 4542 accu-

319 4578 484 4651 Αὐτῷ
516 4579 574 4631 δὲ
606 4581 933 4650 προστάττει
992 4582 1136 4651 ἅπερ
1185 4583 1277 4633 καὶ
1326 4581 1416 4633 τὸν
1446 4581 1574 4633 λαὸν
1623 4579 1903 4633 διδάσκειν

2008 4590 2125 4637 rate
2159 4596 2451 4650 compone,
2476 4596 2649 4651 eaque
2682 4580 2730 4633 ei
2764 4578 3031 4648 praecipit,
3076 4577 3276 4647 quibus
3311 4578 3572 4647 populum

319 4673 514 4741 ἐχρῆν.
551 4691 569 4722 ι
602 4674 717 4735 Πᾶς
774 4673 904 4743 γὰρ,
938 4672 1123 4742 φησὶν,
1161 4674 1309 4735 ὅστις
1354 4673 1569 4743 ποιήσει
1598 4674 1738 4725 κατὰ
1778 4673 1903 4743 μίαν

2007 4689 2225 4743 quoque
2266 4672 2554 4743 instruere
2612 4671 2935 4740 oportebat:
2976 4686 2996 4722 ι
3028 4668 3352 4738 Quicunque
3409 4670 3576 4733 enim,

318 4766 432 4815 τῶν
457 4764 686 4817 ἐντολῶν
706 4764 912 4817 τούτων
934 4765 1042 4817 τῶν
1069 4764 1385 4833 ἐλαχίστων,
1434 4764 1533 4817 καὶ
1559 4764 1759 4830 διδάξει
1780 4764 1905 4825 τοὺς

320 4854 642 4925 ἀνθρώπους
693 4855 892 4925 ὁμοίως
927 4859 1123 4921 ποιεῖν,
1180 4855 1350 4925 μέγας
1382 4854 1714 4925 κληθήσεται
1746 4857 1803 4907 ἐν
1833 4858 1899 4925 τῇ

323 4947 576 5017 βασιλεία
623 4947 731 4999 τῶν
782 4948 1049 5018 οὐρανῶν.
1092 4965 1110 4998 3
1140 4948 1248 5000 Καὶ
1303 4949 1517 5011 Λουκᾶς
1555 4947 1612 4999 δέ
1655 4945 1899 5016 περὶτοῦ

321 5035 581 5105 ἀληθινοῦ
602 5053 767 5108 φησιν
806 5038 981 5106 Ἰησοῦ
1006 5054 1019 5068 ο
1057 5056 1075 5088 ι
1114 5032 1215 5089 Ὦν
1255 5036 1458 5105 ἤρξατο
1501 5039 1676 5089 ποιεῖν
1714 5053 1775 5089 τε
1808 5037 1901 5089 καὶ

320 5129 618 5183 διδάσκειν.
647 5148 665 5180 3
704 5130 894 5182 Πᾶσαν
932 5128 1042 5199 γὰρ
1081 5128 1369 5199 ἐπλήρωσε
1396 5127 1765 5197 δικαιοσύνην,
1793 5127 1898 5180 ὑπὸ

321 5217 489 5286 νόμον
527 5217 819 5287 γενόμενος
860 5218 934 5280 ὼς
975 5217 1284 5289 ἄνθρωπος.
1315 5218 1427 5270 Καὶ
1452 5217 1551 5269 ὃσα
1596 5216 1900 5270 ἐνετείλατο

321 5308 476 5381 αὑτῷ
508 5309 751 5379 Μωῦσῆς
777 5310 1099 5378 πεποίηκεν,
1120 5309 1207 5362 ἵνα
1235 5310 1360 5371 τοὺς
1392 5308 1498 5361 ὑπὸ
1525 5308 1687 5377 νόμον
1718 5308 1904 5376 ἐξαγο-

329 5402 493 5473 ράσῃ,
525 5401 622 5455 καὶ
642 5400 741 5471 τὴν
761 5400 1034 5453 υἱοθεσίαν
1068 5397 1453 5467 ἀπολαύωμεν.
1492 5399 1606 5449 Οὐκ
1629 5397 1900 5462 ἐξέκλινεν

324 5496 423 5550 ἀπ’
447 5494 626 5547 αὐτῶν
644 5492 848 5563 δεξιὰῆ
877 5491 1164 5563 ἀριστερὰ,
1214 5491 1440 5560 φάσκων
1467 5506 1480 5518 ·
1521 5509 1538 5541 ι
1575 5489 1730 5542 ’ἰῶτα
1761 5488 1837 5555 ἓν,
1864 5489 1899 5560 ἢ

402 5674 443 5705 ¹⁹
486 5671 619 5725 Luc.
648 5669 864 5733 “3,29.
941 5670 985 5700 ²⁰
1022 5667 1175 5720 Joan.
1203 5672 1284 5732 In,
1310 5668 1363 5721 5.
1428 5668 1469 5697 "
1500 5665 1626 5719 Luc.
1659 5680 1714 5725 Χ.
1748 5665 1833 5720 19.

326 5746 375 5793 ευ
402 5742 589 5797 Matth.
628 5756 681 5807 ν,
717 5741 801 5797 l9.
883 5738 1089 5792 “-Aet.
1118 5754 1154 5803 ι,
1188 5738 1236 5792 l.
1316 5739 1357 5770 ²⁷
1384 5736 1651 5805 Οιιίιιι.ιν,
1687 5736 1741 5789 5.

1913 5665 1959 5697 ¹¹
1982 5663 2088 5721 lsa.
2118 5678 2282 5728 xxxv,
2311 5658 2362 5715 l.

2013 4765 2212 4834 inquit,
2247 4765 2392 4818 facto
2463 4762 2685 4816 unicum
2724 4770 3116 4832 prmccptorum
3174 4761 3574 4815 levissimorum

2009 4858 2374 4925 expresserit,
2402 4862 2453 4908 ct
2482 4855 2673 4908 eodem
2708 4855 2869 4907 modo
2913 4851 3093 4906 facere
3124 4851 3371 4906 docuerit
3396 4851 3575 4903 homi-

2009 4959 2127 5007 nes,
2157 4956 2412 5012 magnum
2453 4956 2652 4994 nomen
2697 4941 2752 4994 in
2783 4955 2951 5009 regno
2982 4940 3248 4993 caelorum
3288 4952 3576 5006 compara-

2008 5034 2087 5088 bit
2118 5034 2185 5089 ".
2217 5052 2235 5085 3
2266 5032 2447 5088 Lucas
2497 5034 2627 5087 item
2659 5033 2726 5086 de
2760 5046 2889 5086 vero
2926 5029 3093 5085 Josue
3124 5030 3301 5099 inquit
3333 5043 3347 5080 :
3390 5046 3407 5079 ι
3446 5028 3576 5093 Qua:

2006 5128 2171 5196 coepit
2194 5140 2316 5179 cum
2348 5124 2532 5180 facere
2562 5134 2674 5177 tum
2723 5125 2919 5177 docere
2955 5122 3021 5174 “.
3056 5140 3072 5171 3
3106 5122 3243 5175 Cum
3281 5120 3424 5174 enim
3472 5119 3574 5185 logi

2003 5231 2124 5270 sese
2164 5215 2338 5269 instar
2374 5214 2617 5269 hominis
2640 5212 3000 5273 subdidisset,
3032 5224 3248 5264 omnem
3280 5209 3571 5275 eouiplevit

2001 5306 2289 5377 justitiam.
2338 5305 2689 5375 Quaecunque
2752 5305 2917 5357 etiam
2965 5302 3014 5356 ei
3060 5301 3319 5370 praecepit
3371 5298 3578 5361 Muses,

2006 5396 2155 5461 fecit,
2185 5413 2293 5466 quo
2325 5397 2427 5464 legi
2491 5411 2591 5449 nos
2643 5392 2915 5447 obnoxios
2977 5390 3266 5443 redimeret
3311 5387 3377 5453 ’⁷,
3417 5387 3582 5455 inque

2009 5488 2246 5541 ﬁliorum
2282 5488 2459 5541 locum
2488 5491 2788 5555 adoptaret.
2817 5480 2936 5536 Non
2964 5479 3185 5535 deflexit
3205 5479 3272 5533 ab
3292 5479 3370 5533 eis
3406 5492 3581 5547 neque

2442 5660 2486 5692 ²³
2533 5659 2641 5715 lsa.
2675 5674 2799 5725 LIV,
2842 5658 2894 5712 1.
2971 5658 3016 5690 ³⁸
3046 5654 3233 5711 Matth.
3263 5668 3452 5716 xxvm,
3488 5648 3582 5707 20.
