  <div class='ocr_page' id='page_1' title='image "/cluster/home/n/w/nwhite01/storage/ocr_20150623/87 pt.1/mdp.39015032856539/527.png"; bbox 0 0 4018 6230; ppageno 0'>
   <div class='ocr_carea' id='block_1_1' title="bbox 538 342 3751 434">
    <p class='ocr_par' dir='ltr' id='par_1_1' title="bbox 538 342 3751 434">
     <span class='ocr_line' id='line_1_1' title="bbox 538 342 3751 434; baseline 0.007 -23"><span class='ocrx_word' id='word_1_1' title='bbox 538 350 644 412; x_wconf 79' lang='lat'><strong>995</strong></span> <span class='ocrx_word' id='word_1_2' title='bbox 1827 342 2183 420; x_wconf 78' lang='lat' dir='ltr'><strong>PROCOPII</strong></span> <span class='ocrx_word' id='word_1_3' title='bbox 2222 344 2467 420; x_wconf 64' lang='lat' dir='ltr'><strong>oaz’m</strong></span> <span class='ocrx_word' id='word_1_4' title='bbox 3659 358 3751 434; x_wconf 80' lang='lat'><strong>9&#39;96</strong></span> 
     </span>
    </p>
   </div>
   <div class='ocr_carea' id='block_1_2' title="bbox 537 458 2098 548">
    <p class='ocr_par' dir='ltr' id='par_1_2' title="bbox 537 458 2098 536">
     <span class='ocr_line' id='line_1_2' title="bbox 537 458 2098 536; baseline 0.006 -23"><span class='ocrx_word' id='word_1_5' title='bbox 537 459 604 514; x_wconf 88' lang='lat' dir='ltr'><strong>ad</strong></span> <span class='ocrx_word' id='word_1_6' title='bbox 668 458 915 513; x_wconf 65' lang='lat' dir='ltr'><strong>dextram</strong></span> <span class='ocrx_word' id='word_1_7' title='bbox 982 463 1161 529; x_wconf 80' lang='lat' dir='ltr'><strong>neque</strong></span> <span class='ocrx_word' id='word_1_8' title='bbox 1203 460 1511 527; x_wconf 90' lang='lat' dir='ltr'><strong>sinistram,</strong></span> <span class='ocrx_word' id='word_1_9' title='bbox 1539 463 1632 533; x_wconf 89' lang='lat' dir='ltr'><strong>qui</strong></span> <span class='ocrx_word' id='word_1_10' title='bbox 1687 464 1898 536; x_wconf 87' lang='lat' dir='ltr'><strong>inquit:</strong></span> <span class='ocrx_word' id='word_1_11' title='bbox 1927 486 1946 518; x_wconf 81' lang='grc' dir='ltr'><strong>ι</strong></span> <span class='ocrx_word' id='word_1_12' title='bbox 1986 467 2098 523; x_wconf 86' lang='grc' dir='ltr'>Νοιι</span> 
     </span>
    </p>
   </div>
   <div class='ocr_carea' id='block_1_3' title="bbox 2196 458 3751 548">
    <p class='ocr_par' dir='ltr' id='par_1_3' title="bbox 2209 468 3751 548">
     <span class='ocr_line' id='line_1_3' title="bbox 2209 468 3751 548; baseline 0.006 -27"><span class='ocrx_word' id='word_1_13' title='bbox 2209 469 2307 538; x_wconf 89' lang='grc' dir='ltr'><strong>μία</strong></span> <span class='ocrx_word' id='word_1_14' title='bbox 2335 473 2532 539; x_wconf 87' lang='grc' dir='ltr'>κεραία</span> <span class='ocrx_word' id='word_1_15' title='bbox 2562 468 2624 522; x_wconf 84' lang='grc' dir='ltr'>οὐ</span> <span class='ocrx_word' id='word_1_16' title='bbox 2664 469 2740 540; x_wconf 83' lang='grc' dir='ltr'>μὴ</span> <span class='ocrx_word' id='word_1_17' title='bbox 2765 469 3009 541; x_wconf 77' lang='grc' dir='ltr'><strong>παρέλθῃ</strong></span> <span class='ocrx_word' id='word_1_18' title='bbox 3036 472 3101 526; x_wconf 80' lang='grc' dir='ltr'>ὲκ</span> <span class='ocrx_word' id='word_1_19' title='bbox 3135 471 3227 526; x_wconf 87' lang='grc' dir='ltr'><strong>τοῦ</strong></span> <span class='ocrx_word' id='word_1_20' title='bbox 3251 474 3434 544; x_wconf 75' lang='grc' dir='ltr'>νόμου,</span> <span class='ocrx_word' id='word_1_21' title='bbox 3459 476 3561 540; x_wconf 72' lang='grc' dir='ltr'>ἕως</span> <span class='ocrx_word' id='word_1_22' title='bbox 3591 474 3648 533; x_wconf 70' lang='grc' dir='ltr'>οδ</span> <span class='ocrx_word' id='word_1_23' title='bbox 3671 483 3751 548; x_wconf 80' lang='grc' dir='ltr'>γέ-</span> 
     </span>
    </p>
   </div>
   <div class='ocr_carea' id='block_1_4' title="bbox 535 556 2108 627">
    <p class='ocr_par' dir='ltr' id='par_1_4' title="bbox 535 556 2108 627">
     <span class='ocr_line' id='line_1_4' title="bbox 535 556 2108 627; baseline 0.01 -25"><span class='ocrx_word' id='word_1_24' title='bbox 535 557 643 603; x_wconf 83' lang='lat' dir='ltr'><strong>iota</strong></span> <span class='ocrx_word' id='word_1_25' title='bbox 697 565 863 606; x_wconf 90' lang='lat' dir='ltr'><strong>unum</strong></span> <span class='ocrx_word' id='word_1_26' title='bbox 933 559 1027 604; x_wconf 86' lang='lat' dir='ltr'><strong>aut</strong></span> <span class='ocrx_word' id='word_1_27' title='bbox 1080 566 1217 621; x_wconf 75' lang='lat' dir='ltr'><strong>apex</strong></span> <span class='ocrx_word' id='word_1_28' title='bbox 1263 569 1406 610; x_wconf 89' lang='lat' dir='ltr'><strong>unus</strong></span> <span class='ocrx_word' id='word_1_29' title='bbox 1455 571 1482 608; x_wconf 89' lang='lat' dir='ltr'><strong>a</strong></span> <span class='ocrx_word' id='word_1_30' title='bbox 1527 556 1641 627; x_wconf 87' lang='lat' dir='ltr'><strong>lege</strong></span> <span class='ocrx_word' id='word_1_31' title='bbox 1665 557 1903 625; x_wconf 89' lang='lat' dir='ltr'><strong>decidet,</strong></span> <span class='ocrx_word' id='word_1_32' title='bbox 1932 560 2108 617; x_wconf 83' lang='lat' dir='ltr'><strong>denec</strong></span> 
     </span>
    </p>
   </div>
   <div class='ocr_carea' id='block_1_5' title="bbox 536 640 2104 720">
    <p class='ocr_par' dir='ltr' id='par_1_5' title="bbox 536 640 2104 720">
     <span class='ocr_line' id='line_1_5' title="bbox 536 640 2104 720; baseline 0.008 -26"><span class='ocrx_word' id='word_1_33' title='bbox 536 642 627 695; x_wconf 76' lang='lat' dir='ltr'><strong>tiat</strong></span> <span class='ocrx_word' id='word_1_34' title='bbox 654 642 722 713; x_wconf 65' lang='grc' dir='ltr'><strong>ξε.</strong></span> <span class='ocrx_word' id='word_1_35' title='bbox 754 660 773 692; x_wconf 78' lang='grc' dir='ltr'><strong>ι</strong></span> <span class='ocrx_word' id='word_1_36' title='bbox 807 640 1151 711; x_wconf 86' lang='lat' dir='ltr'><strong>Quapropter</strong></span> <span class='ocrx_word' id='word_1_37' title='bbox 1203 645 1269 698; x_wconf 91' lang='lat' dir='ltr'><strong>de</strong></span> <span class='ocrx_word' id='word_1_38' title='bbox 1312 645 1433 715; x_wconf 90' lang='lat' dir='ltr'><strong>ipso</strong></span> <span class='ocrx_word' id='word_1_39' title='bbox 1482 645 1652 704; x_wconf 90' lang='lat' dir='ltr'><strong>Isaias</strong></span> <span class='ocrx_word' id='word_1_40' title='bbox 1694 665 1915 720; x_wconf 91' lang='lat' dir='ltr'><strong>quoque</strong></span> <span class='ocrx_word' id='word_1_41' title='bbox 1974 653 2052 706; x_wconf 85' lang='lat' dir='ltr'><strong>ait</strong></span> <span class='ocrx_word' id='word_1_42' title='bbox 2090 670 2104 707; x_wconf 90' lang='lat'><strong>:</strong></span> 
     </span>
    </p>
   </div>
   <div class='ocr_carea' id='block_1_6' title="bbox 539 732 2106 810">
    <p class='ocr_par' dir='ltr' id='par_1_6' title="bbox 539 732 2106 810">
     <span class='ocr_line' id='line_1_6' title="bbox 539 732 2106 810; baseline 0.01 -26"><span class='ocrx_word' id='word_1_43' title='bbox 539 752 559 784; x_wconf 76' lang='grc' dir='ltr'><strong>ι</strong></span> <span class='ocrx_word' id='word_1_44' title='bbox 598 732 735 787; x_wconf 84' lang='lat' dir='ltr'><strong>Ecce</strong></span> <span class='ocrx_word' id='word_1_45' title='bbox 786 735 1086 802; x_wconf 81' lang='lat' dir='ltr'><strong>prudenter</strong></span> <span class='ocrx_word' id='word_1_46' title='bbox 1125 734 1294 807; x_wconf 69' lang='grc'><strong>479</strong></span> <span class='ocrx_word' id='word_1_47' title='bbox 1357 748 1481 809; x_wconf 84' lang='lat' dir='ltr'><strong>aget</strong></span> <span class='ocrx_word' id='word_1_48' title='bbox 1520 756 1713 797; x_wconf 87' lang='lat' dir='ltr'><strong>servus</strong></span> <span class='ocrx_word' id='word_1_49' title='bbox 1744 759 1920 810; x_wconf 92' lang='lat' dir='ltr'><strong>meus,</strong></span> <span class='ocrx_word' id='word_1_50' title='bbox 1954 746 2106 800; x_wconf 76' lang='lat' dir='ltr'><strong>exal-</strong></span> 
     </span>
    </p>
   </div>
   <div class='ocr_carea' id='block_1_7' title="bbox 536 824 2104 903">
    <p class='ocr_par' dir='ltr' id='par_1_7' title="bbox 536 824 2104 903">
     <span class='ocr_line' id='line_1_7' title="bbox 536 824 2104 903; baseline 0.008 -27"><span class='ocrx_word' id='word_1_51' title='bbox 536 824 762 889; x_wconf 88' lang='lat' dir='ltr'><strong>tabitur,</strong></span> <span class='ocrx_word' id='word_1_52' title='bbox 792 825 1076 888; x_wconf 79' lang='lat' dir='ltr'><strong>evehetur,</strong></span> <span class='ocrx_word' id='word_1_53' title='bbox 1108 834 1163 879; x_wconf 90' lang='lat' dir='ltr'><strong>et</strong></span> <span class='ocrx_word' id='word_1_54' title='bbox 1215 842 1381 896; x_wconf 87' lang='lat' dir='ltr'><strong>supra</strong></span> <span class='ocrx_word' id='word_1_55' title='bbox 1415 831 1636 885; x_wconf 91' lang='lat' dir='ltr'><strong>modum</strong></span> <span class='ocrx_word' id='word_1_56' title='bbox 1678 833 1937 890; x_wconf 86' lang='lat' dir='ltr'><strong>sublimis</strong></span> <span class='ocrx_word' id='word_1_57' title='bbox 1975 836 2104 903; x_wconf 89' lang='lat' dir='ltr'><strong>erit,</strong></span> 
     </span>
    </p>
   </div>
   <div class='ocr_carea' id='block_1_8' title="bbox 531 912 1917 993">
    <p class='ocr_par' dir='ltr' id='par_1_8' title="bbox 531 912 1917 993">
     <span class='ocr_line' id='line_1_8' title="bbox 531 912 1917 993; baseline 0.014 -35"><span class='ocrx_word' id='word_1_58' title='bbox 531 912 659 981; x_wconf 83' lang='lat' dir='ltr'><strong>quia</strong></span> <span class='ocrx_word' id='word_1_59' title='bbox 694 913 874 966; x_wconf 86' lang='lat' dir='ltr'><strong>omnia</strong></span> <span class='ocrx_word' id='word_1_60' title='bbox 900 914 1083 968; x_wconf 77' lang='lat' dir='ltr'><strong>divina</strong></span> <span class='ocrx_word' id='word_1_61' title='bbox 1117 918 1386 985; x_wconf 86' lang='lat' dir='ltr'><strong>sapientia</strong></span> <span class='ocrx_word' id='word_1_62' title='bbox 1427 922 1540 991; x_wconf 89' lang='lat' dir='ltr'><strong>agit</strong></span> <span class='ocrx_word' id='word_1_63' title='bbox 1566 929 1619 976; x_wconf 90' lang='lat' dir='ltr'><strong>et</strong></span> <span class='ocrx_word' id='word_1_64' title='bbox 1646 923 1917 993; x_wconf 83' lang='lat' dir='ltr'><strong>loquitur.</strong></span> 
     </span>
    </p>
   </div>
   <div class='ocr_carea' id='block_1_9' title="bbox 602 1003 2104 1087">
    <p class='ocr_par' dir='ltr' id='par_1_9' title="bbox 602 1003 2104 1087">
     <span class='ocr_line' id='line_1_9' title="bbox 602 1003 2104 1087; baseline 0.011 -31"><span class='ocrx_word' id='word_1_65' title='bbox 602 1003 696 1057; x_wconf 90' lang='lat' dir='ltr'><strong>Est</strong></span> <span class='ocrx_word' id='word_1_66' title='bbox 728 1019 855 1058; x_wconf 70' lang='lat' dir='ltr'><strong>vero</strong></span> <span class='ocrx_word' id='word_1_67' title='bbox 908 1020 1048 1075; x_wconf 87' lang='lat' dir='ltr'><strong>opus</strong></span> <span class='ocrx_word' id='word_1_68' title='bbox 1106 1007 1468 1078; x_wconf 86' lang='lat' dir='ltr'><strong>intelligentia</strong></span> <span class='ocrx_word' id='word_1_69' title='bbox 1521 1013 1569 1066; x_wconf 91' lang='lat' dir='ltr'><strong>ei</strong></span> <span class='ocrx_word' id='word_1_70' title='bbox 1621 1015 1714 1081; x_wconf 91' lang='lat' dir='ltr'><strong>qui</strong></span> <span class='ocrx_word' id='word_1_71' title='bbox 1755 1017 1928 1085; x_wconf 83' lang='lat' dir='ltr'><strong>legem</strong></span> <span class='ocrx_word' id='word_1_72' title='bbox 1968 1017 2104 1087; x_wconf 80' lang='lat' dir='ltr'><strong>legit</strong></span> 
     </span>
    </p>
   </div>
   <div class='ocr_carea' id='block_1_10' title="bbox 533 1095 2102 1170">
    <p class='ocr_par' dir='ltr' id='par_1_10' title="bbox 533 1095 2102 1170">
     <span class='ocr_line' id='line_1_10' title="bbox 533 1095 2102 1170; baseline 0.009 -22"><span class='ocrx_word' id='word_1_73' title='bbox 533 1095 786 1162; x_wconf 88' lang='lat' dir='ltr'><strong>inprimis</strong></span> <span class='ocrx_word' id='word_1_74' title='bbox 838 1111 971 1151; x_wconf 80' lang='lat' dir='ltr'><strong>vero</strong></span> <span class='ocrx_word' id='word_1_75' title='bbox 1019 1098 1144 1152; x_wconf 84' lang='lat' dir='ltr'><strong>tide.</strong></span> <span class='ocrx_word' id='word_1_76' title='bbox 1193 1117 1213 1149; x_wconf 85' lang='grc' dir='ltr'><strong>ι</strong></span> <span class='ocrx_word' id='word_1_77' title='bbox 1250 1098 1367 1154; x_wconf 85' lang='lat' dir='ltr'><strong>Nisi</strong></span> <span class='ocrx_word' id='word_1_78' title='bbox 1419 1102 1563 1155; x_wconf 91' lang='lat' dir='ltr'><strong>enim</strong></span> <span class='ocrx_word' id='word_1_79' title='bbox 1601 1104 1976 1170; x_wconf 85' lang='lat' dir='ltr'><strong>credideritis,</strong></span> <span class='ocrx_word' id='word_1_80' title='bbox 2015 1109 2102 1162; x_wconf 88' lang='lat' dir='ltr'><strong>in-</strong></span> 
     </span>
    </p>
   </div>
   <div class='ocr_carea' id='block_1_11' title="bbox 532 1187 2103 1260">
    <p class='ocr_par' dir='ltr' id='par_1_11' title="bbox 532 1187 2103 1260">
     <span class='ocr_line' id='line_1_11' title="bbox 532 1187 2103 1260; baseline 0.011 -23"><span class='ocrx_word' id='word_1_81' title='bbox 532 1187 671 1255; x_wconf 85' lang='lat' dir='ltr'><strong>quit,</strong></span> <span class='ocrx_word' id='word_1_82' title='bbox 715 1202 1059 1257; x_wconf 87' lang='lat' dir='ltr'><strong>nequaquam</strong></span> <span class='ocrx_word' id='word_1_83' title='bbox 1116 1188 1435 1260; x_wconf 81' lang='lat' dir='ltr'><strong>intelligetis</strong></span> <span class='ocrx_word' id='word_1_84' title='bbox 1469 1193 1539 1246; x_wconf 75' lang='grc'><strong>’⁸.</strong></span> <span class='ocrx_word' id='word_1_85' title='bbox 1576 1213 1593 1245; x_wconf 84' lang='grc' dir='ltr'><strong>ι</strong></span> <span class='ocrx_word' id='word_1_86' title='bbox 1629 1196 1929 1250; x_wconf 85' lang='lat' dir='ltr'><strong>Assiduum</strong></span> <span class='ocrx_word' id='word_1_87' title='bbox 1975 1213 2103 1253; x_wconf 91' lang='lat' dir='ltr'><strong>nec-</strong></span> 
     </span>
    </p>
   </div>
   <div class='ocr_carea' id='block_1_12' title="bbox 534 1279 2102 1354">
    <p class='ocr_par' dir='ltr' id='par_1_12' title="bbox 534 1279 2102 1354">
     <span class='ocr_line' id='line_1_12' title="bbox 534 1279 2102 1354; baseline 0.011 -26"><span class='ocrx_word' id='word_1_88' title='bbox 534 1293 641 1331; x_wconf 90' lang='lat' dir='ltr'><strong>non</strong></span> <span class='ocrx_word' id='word_1_89' title='bbox 675 1279 919 1333; x_wconf 87' lang='lat' dir='ltr'><strong>studium</strong></span> <span class='ocrx_word' id='word_1_90' title='bbox 971 1282 1293 1349; x_wconf 88' lang='lat' dir='ltr'><strong>requiritur,</strong></span> <span class='ocrx_word' id='word_1_91' title='bbox 1335 1284 1480 1352; x_wconf 91' lang='lat' dir='ltr'><strong>quod</strong></span> <span class='ocrx_word' id='word_1_92' title='bbox 1518 1286 1608 1354; x_wconf 88' lang='lat' dir='ltr'><strong>qui</strong></span> <span class='ocrx_word' id='word_1_93' title='bbox 1644 1287 1806 1341; x_wconf 86' lang='lat' dir='ltr'><strong>habet.</strong></span> <span class='ocrx_word' id='word_1_94' title='bbox 1834 1305 1862 1341; x_wconf 78' lang='grc' dir='ltr'><strong>ιι</strong></span> <span class='ocrx_word' id='word_1_95' title='bbox 1899 1290 2102 1345; x_wconf 84' lang='lat' dir='ltr'><strong>Davide</strong></span> 
     </span>
    </p>
   </div>
   <div class='ocr_carea' id='block_1_13' title="bbox 530 1368 2093 1447">
    <p class='ocr_par' dir='ltr' id='par_1_13' title="bbox 530 1368 2093 1447">
     <span class='ocr_line' id='line_1_13' title="bbox 530 1368 2093 1447; baseline 0.008 -27"><span class='ocrx_word' id='word_1_96' title='bbox 530 1368 728 1424; x_wconf 80' lang='lat' dir='ltr'><strong>beatus</strong></span> <span class='ocrx_word' id='word_1_97' title='bbox 781 1370 1161 1438; x_wconf 58' lang='lat' dir='ltr'><strong>praedicatur:</strong></span> <span class='ocrx_word' id='word_1_98' title='bbox 1222 1390 1241 1423; x_wconf 81' lang='grc' dir='ltr'><strong>ι</strong></span> <span class='ocrx_word' id='word_1_99' title='bbox 1275 1372 1471 1427; x_wconf 89' lang='lat' dir='ltr'><strong>Onmia</strong></span> <span class='ocrx_word' id='word_1_100' title='bbox 1522 1377 1668 1429; x_wconf 86' lang='lat' dir='ltr'><strong>enim</strong></span> <span class='ocrx_word' id='word_1_101' title='bbox 1723 1394 1846 1447; x_wconf 63' lang='lat' dir='ltr'><strong>quae</strong></span> <span class='ocrx_word' id='word_1_102' title='bbox 1880 1380 2093 1445; x_wconf 81' lang='lat' dir='ltr'><strong>fecerit,</strong></span> 
     </span>
    </p>
   </div>
   <div class='ocr_carea' id='block_1_14' title="bbox 534 1460 2096 1537">
    <p class='ocr_par' dir='ltr' id='par_1_14' title="bbox 534 1460 2096 1537">
     <span class='ocr_line' id='line_1_14' title="bbox 534 1460 2096 1537; baseline 0.008 -24"><span class='ocrx_word' id='word_1_103' title='bbox 534 1460 731 1529; x_wconf 90' lang='lat' dir='ltr'><strong>inquit,</strong></span> <span class='ocrx_word' id='word_1_104' title='bbox 762 1476 1022 1531; x_wconf 88' lang='lat' dir='ltr'><strong>prospere</strong></span> <span class='ocrx_word' id='word_1_105' title='bbox 1054 1464 1350 1518; x_wconf 75' lang='lat' dir='ltr'><strong>succedent</strong></span> <span class='ocrx_word' id='word_1_106' title='bbox 1375 1464 1561 1518; x_wconf 77' lang='lat' dir='ltr'><strong>&quot;.i—</strong></span> <span class='ocrx_word' id='word_1_107' title='bbox 1599 1487 1614 1518; x_wconf 86' lang='grc' dir='ltr'><strong>ι</strong></span> <span class='ocrx_word' id='word_1_108' title='bbox 1648 1466 1894 1524; x_wconf 83' lang='lat' dir='ltr'><strong>Lucerna</strong></span> <span class='ocrx_word' id='word_1_109' title='bbox 1928 1472 2096 1537; x_wconf 90' lang='lat' dir='ltr'><strong>enim,</strong></span> 
     </span>
    </p>
   </div>
   <div class='ocr_carea' id='block_1_15' title="bbox 533 1549 2100 1619">
    <p class='ocr_par' dir='ltr' id='par_1_15' title="bbox 533 1549 2100 1619">
     <span class='ocr_line' id='line_1_15' title="bbox 533 1549 2100 1619; baseline 0.009 -17"><span class='ocrx_word' id='word_1_110' title='bbox 533 1549 663 1602; x_wconf 86' lang='lat' dir='ltr'><strong>alibi</strong></span> <span class='ocrx_word' id='word_1_111' title='bbox 699 1550 796 1612; x_wconf 87' lang='lat' dir='ltr'><strong>ait,</strong></span> <span class='ocrx_word' id='word_1_112' title='bbox 834 1551 1031 1619; x_wconf 91' lang='lat' dir='ltr'><strong>pedum</strong></span> <span class='ocrx_word' id='word_1_113' title='bbox 1077 1567 1322 1606; x_wconf 87' lang='lat' dir='ltr'><strong>meorum</strong></span> <span class='ocrx_word' id='word_1_114' title='bbox 1366 1554 1451 1607; x_wconf 79' lang='lat' dir='ltr'><strong>lex</strong></span> <span class='ocrx_word' id='word_1_115' title='bbox 1482 1561 1599 1618; x_wconf 89' lang='lat' dir='ltr'><strong>tua,</strong></span> <span class='ocrx_word' id='word_1_116' title='bbox 1630 1565 1682 1609; x_wconf 91' lang='lat' dir='ltr'><strong>et</strong></span> <span class='ocrx_word' id='word_1_117' title='bbox 1718 1557 1897 1612; x_wconf 81' lang='lat' dir='ltr'><strong>lumen</strong></span> <span class='ocrx_word' id='word_1_118' title='bbox 1932 1562 2100 1615; x_wconf 89' lang='lat' dir='ltr'><strong>semi-</strong></span> 
     </span>
    </p>
   </div>
   <div class='ocr_carea' id='block_1_16' title="bbox 432 1643 2100 1710">
    <p class='ocr_par' dir='ltr' id='par_1_16' title="bbox 432 1643 2100 1710">
     <span class='ocr_line' id='line_1_16' title="bbox 432 1643 2100 1710; baseline 0.01 -19"><span class='ocrx_word' id='word_1_119' title='bbox 432 1654 434 1657; x_wconf 91' lang='grc'><strong>·</strong></span> <span class='ocrx_word' id='word_1_120' title='bbox 532 1647 713 1694; x_wconf 89' lang='lat' dir='ltr'><strong>tarum</strong></span> <span class='ocrx_word' id='word_1_121' title='bbox 749 1656 995 1696; x_wconf 88' lang='lat' dir='ltr'><strong>mearum</strong></span> <span class='ocrx_word' id='word_1_122' title='bbox 1029 1643 1096 1697; x_wconf 80' lang='lat'><strong>“.</strong></span> <span class='ocrx_word' id='word_1_123' title='bbox 1136 1663 1154 1694; x_wconf 82' lang='grc' dir='ltr'><strong>ι</strong></span> <span class='ocrx_word' id='word_1_124' title='bbox 1188 1644 1307 1710; x_wconf 80' lang='lat' dir='ltr'><strong>Qua</strong></span> <span class='ocrx_word' id='word_1_125' title='bbox 1339 1647 1699 1703; x_wconf 78' lang='lat' dir='ltr'><strong>conﬁrmatus</strong></span> <span class='ocrx_word' id='word_1_126' title='bbox 1735 1665 1949 1706; x_wconf 87' lang='lat' dir='ltr'><strong>omnem</strong></span> <span class='ocrx_word' id='word_1_127' title='bbox 1989 1668 2100 1708; x_wconf 86' lang='lat' dir='ltr'><strong>nte-</strong></span> 
     </span>
    </p>
   </div>
   <div class='ocr_carea' id='block_1_17' title="bbox 532 1732 1239 1803">
    <p class='ocr_par' dir='ltr' id='par_1_17' title="bbox 532 1732 1239 1803">
     <span class='ocr_line' id='line_1_17' title="bbox 532 1732 1239 1803; baseline 0.007 -19"><span class='ocrx_word' id='word_1_128' title='bbox 532 1743 647 1785; x_wconf 91' lang='lat' dir='ltr'><strong>tum</strong></span> <span class='ocrx_word' id='word_1_129' title='bbox 689 1746 753 1786; x_wconf 90' lang='lat' dir='ltr'><strong>ac</strong></span> <span class='ocrx_word' id='word_1_130' title='bbox 779 1732 1028 1788; x_wconf 89' lang='lat' dir='ltr'><strong>timorem</strong></span> <span class='ocrx_word' id='word_1_131' title='bbox 1067 1734 1239 1803; x_wconf 86' lang='lat' dir='ltr'><strong>ejieit.</strong></span> 
     </span>
    </p>
   </div>
   <div class='ocr_carea' id='block_1_18' title="bbox 602 1820 2174 1894">
    <p class='ocr_par' dir='ltr' id='par_1_18' title="bbox 602 1820 2174 1894">
     <span class='ocr_line' id='line_1_18' title="bbox 602 1820 2174 1894; baseline 0.01 -18"><span class='ocrx_word' id='word_1_132' title='bbox 602 1823 804 1877; x_wconf 75' lang='lat' dir='ltr'><strong>Parale</strong></span> <span class='ocrx_word' id='word_1_133' title='bbox 846 1824 988 1879; x_wconf 84' lang='lat' dir='ltr'><strong>vobis</strong></span> <span class='ocrx_word' id='word_1_134' title='bbox 1010 1828 1283 1894; x_wconf 85' lang='lat' dir='ltr'><strong>viaticum,</strong></span> <span class='ocrx_word' id='word_1_135' title='bbox 1318 1829 1490 1884; x_wconf 84' lang='lat' dir='ltr'><strong>adhuc</strong></span> <span class='ocrx_word' id='word_1_136' title='bbox 1517 1834 1654 1886; x_wconf 86' lang='lat' dir='ltr'><strong>enim</strong></span> <span class='ocrx_word' id='word_1_137' title='bbox 1682 1834 1823 1887; x_wconf 77' lang='lat' dir='ltr'><strong>intra</strong></span> <span class='ocrx_word' id='word_1_138' title='bbox 1854 1843 1958 1889; x_wconf 88' lang='lat' dir='ltr'><strong>tres</strong></span> <span class='ocrx_word' id='word_1_139' title='bbox 1984 1836 2096 1891; x_wconf 80' lang='lat' dir='ltr'><strong>dies</strong></span> <span class='ocrx_word' id='word_1_140' title='bbox 2131 1820 2174 1875; x_wconf 75' lang='grc' dir='ltr'><strong><em>Β</em></strong></span> 
     </span>
    </p>
   </div>
   <div class='ocr_carea' id='block_1_19' title="bbox 533 1915 2096 1997">
    <p class='ocr_par' dir='ltr' id='par_1_19' title="bbox 533 1915 2096 1997">
     <span class='ocr_line' id='line_1_19' title="bbox 533 1915 2096 1997; baseline 0.01 -31"><span class='ocrx_word' id='word_1_141' title='bbox 533 1915 815 1982; x_wconf 75' lang='lat' dir='ltr'><strong>trajicietis</strong></span> <span class='ocrx_word' id='word_1_142' title='bbox 850 1916 986 1970; x_wconf 84' lang='lat' dir='ltr'><strong>hunc</strong></span> <span class='ocrx_word' id='word_1_143' title='bbox 1009 1915 1319 1973; x_wconf 68' lang='lat' dir='ltr'><strong>Iordanem.</strong></span> <span class='ocrx_word' id='word_1_144' title='bbox 1346 1920 1410 1991; x_wconf 84' lang='lat'><strong>[|,</strong></span> <span class='ocrx_word' id='word_1_145' title='bbox 1437 1923 1546 1995; x_wconf 75' lang='lat' dir='ltr'><strong>IL]</strong></span> <span class='ocrx_word' id='word_1_146' title='bbox 1572 1925 1695 1979; x_wconf 65' lang='lat' dir='ltr'><strong>llaec</strong></span> <span class='ocrx_word' id='word_1_147' title='bbox 1726 1940 1824 1994; x_wconf 88' lang='lat' dir='ltr'><strong>per</strong></span> <span class='ocrx_word' id='word_1_148' title='bbox 1856 1929 2096 1997; x_wconf 80' lang='lat' dir='ltr'><strong>scripto-</strong></span> 
     </span>
    </p>
   </div>
   <div class='ocr_carea' id='block_1_20' title="bbox 463 2003 2100 2081">
    <p class='ocr_par' dir='ltr' id='par_1_20' title="bbox 463 2003 2100 2081">
     <span class='ocr_line' id='line_1_20' title="bbox 463 2003 2100 2081; baseline 0.004 -21"><span class='ocrx_word' id='word_1_149' title='bbox 463 2056 471 2060; x_wconf 85' lang='lat'><strong>.</strong></span> <span class='ocrx_word' id='word_1_150' title='bbox 532 2019 620 2058; x_wconf 85' lang='lat' dir='ltr'><strong>res</strong></span> <span class='ocrx_word' id='word_1_151' title='bbox 648 2013 774 2058; x_wconf 89' lang='lat' dir='ltr'><strong>nota</strong></span> <span class='ocrx_word' id='word_1_152' title='bbox 824 2003 954 2059; x_wconf 71' lang='lat' dir='ltr'><strong>fecit</strong></span> <span class='ocrx_word' id='word_1_153' title='bbox 994 2007 1219 2075; x_wconf 92' lang='lat' dir='ltr'><strong>populo,</strong></span> <span class='ocrx_word' id='word_1_154' title='bbox 1266 2024 1406 2077; x_wconf 89' lang='lat' dir='ltr'><strong>quos</strong></span> <span class='ocrx_word' id='word_1_155' title='bbox 1448 2012 1677 2079; x_wconf 86' lang='lat' dir='ltr'><strong>Aquilas</strong></span> <span class='ocrx_word' id='word_1_156' title='bbox 1724 2012 1945 2081; x_wconf 88' lang='lat' dir='ltr'><strong>quidem</strong></span> <span class='ocrx_word' id='word_1_157' title='bbox 1973 2029 2100 2067; x_wconf 76' lang='lat' dir='ltr'><strong>exa-</strong></span> 
     </span>
    </p>
   </div>
   <div class='ocr_carea' id='block_1_21' title="bbox 531 2097 2097 2171">
    <p class='ocr_par' dir='ltr' id='par_1_21' title="bbox 531 2097 2097 2171">
     <span class='ocr_line' id='line_1_21' title="bbox 531 2097 2097 2171; baseline 0.008 -24"><span class='ocrx_word' id='word_1_158' title='bbox 531 2105 724 2148; x_wconf 83' lang='lat' dir='ltr'><strong>ctores.</strong></span> <span class='ocrx_word' id='word_1_159' title='bbox 760 2097 1033 2151; x_wconf 89' lang='lat' dir='ltr'><strong>nominat.</strong></span> <span class='ocrx_word' id='word_1_160' title='bbox 1095 2098 1461 2168; x_wconf 84' lang='lat' dir='ltr'><strong>Symmachus</strong></span> <span class='ocrx_word' id='word_1_161' title='bbox 1504 2117 1632 2156; x_wconf 86' lang='lat' dir='ltr'><strong>vero</strong></span> <span class='ocrx_word' id='word_1_162' title='bbox 1682 2102 1983 2171; x_wconf 75' lang='lat' dir='ltr'><strong>prmfectos,</strong></span> <span class='ocrx_word' id='word_1_163' title='bbox 2014 2106 2097 2159; x_wconf 84' lang='lat' dir='ltr'><strong>vi-</strong></span> 
     </span>
    </p>
   </div>
   <div class='ocr_carea' id='block_1_22' title="bbox 532 2190 2100 2263">
    <p class='ocr_par' dir='ltr' id='par_1_22' title="bbox 532 2190 2100 2263">
     <span class='ocr_line' id='line_1_22' title="bbox 532 2190 2100 2263; baseline 0.007 -24"><span class='ocrx_word' id='word_1_164' title='bbox 532 2190 731 2241; x_wconf 87' lang='lat' dir='ltr'><strong>dentur</strong></span> <span class='ocrx_word' id='word_1_165' title='bbox 768 2197 951 2241; x_wconf 88' lang='lat' dir='ltr'><strong>autem</strong></span> <span class='ocrx_word' id='word_1_166' title='bbox 998 2199 1464 2248; x_wconf 82' lang='lat' dir='ltr'><strong>commentatores</strong></span> <span class='ocrx_word' id='word_1_167' title='bbox 1499 2198 1694 2263; x_wconf 85' lang='lat' dir='ltr'><strong>quales</strong></span> <span class='ocrx_word' id='word_1_168' title='bbox 1726 2196 1871 2263; x_wconf 87' lang='lat' dir='ltr'><strong>apud</strong></span> <span class='ocrx_word' id='word_1_169' title='bbox 1905 2195 2100 2250; x_wconf 77' lang='lat' dir='ltr'><strong>Roma-</strong></span> 
     </span>
    </p>
   </div>
   <div class='ocr_carea' id='block_1_23' title="bbox 534 2279 2097 2356">
    <p class='ocr_par' dir='ltr' id='par_1_23' title="bbox 534 2279 2097 2356">
     <span class='ocr_line' id='line_1_23' title="bbox 534 2279 2097 2356; baseline 0.008 -24"><span class='ocrx_word' id='word_1_170' title='bbox 534 2295 633 2332; x_wconf 86' lang='lat' dir='ltr'><strong>nos</strong></span> <span class='ocrx_word' id='word_1_171' title='bbox 694 2279 941 2347; x_wconf 78' lang='lat' dir='ltr'><strong>fuerunt,</strong></span> <span class='ocrx_word' id='word_1_172' title='bbox 996 2296 1142 2336; x_wconf 83' lang='lat' dir='ltr'><strong>esse.</strong></span> <span class='ocrx_word' id='word_1_173' title='bbox 1177 2282 1278 2338; x_wconf 81' lang='lat' dir='ltr'><strong>Per</strong></span> <span class='ocrx_word' id='word_1_174' title='bbox 1309 2301 1447 2352; x_wconf 90' lang='lat' dir='ltr'><strong>quos</strong></span> <span class='ocrx_word' id='word_1_175' title='bbox 1498 2288 1718 2356; x_wconf 90' lang='lat' dir='ltr'><strong>populis</strong></span> <span class='ocrx_word' id='word_1_176' title='bbox 1747 2288 1968 2343; x_wconf 89' lang='lat' dir='ltr'><strong>decreta</strong></span> <span class='ocrx_word' id='word_1_177' title='bbox 1998 2306 2097 2345; x_wconf 88' lang='lat' dir='ltr'><strong>sua</strong></span> 
     </span>
    </p>
   </div>
   <div class='ocr_carea' id='block_1_24' title="bbox 533 2371 2095 2448">
    <p class='ocr_par' dir='ltr' id='par_1_24' title="bbox 533 2371 2095 2448">
     <span class='ocr_line' id='line_1_24' title="bbox 533 2371 2095 2448; baseline 0.009 -27"><span class='ocrx_word' id='word_1_178' title='bbox 533 2371 965 2440; x_wconf 74' lang='lat' dir='ltr'><strong>promulgarunt</strong></span> <span class='ocrx_word' id='word_1_179' title='bbox 1016 2373 1317 2445; x_wconf 81' lang='lat' dir='ltr'><strong>principes.</strong></span> <span class='ocrx_word' id='word_1_180' title='bbox 1369 2372 1643 2432; x_wconf 88' lang='lat' dir='ltr'><strong>Viaticum</strong></span> <span class='ocrx_word' id='word_1_181' title='bbox 1679 2394 1843 2448; x_wconf 89' lang='lat' dir='ltr'><strong>porro</strong></span> <span class='ocrx_word' id='word_1_182' title='bbox 1874 2396 1938 2434; x_wconf 86' lang='lat' dir='ltr'><strong>ex</strong></span> <span class='ocrx_word' id='word_1_183' title='bbox 1969 2396 2095 2436; x_wconf 90' lang='lat' dir='ltr'><strong>man</strong></span> 
     </span>
    </p>
   </div>
   <div class='ocr_carea' id='block_1_25' title="bbox 531 2462 2095 2538">
    <p class='ocr_par' dir='ltr' id='par_1_25' title="bbox 531 2462 2095 2538">
     <span class='ocr_line' id='line_1_25' title="bbox 531 2462 2095 2538; baseline 0.008 -25"><span class='ocrx_word' id='word_1_184' title='bbox 531 2462 795 2532; x_wconf 70' lang='lat' dir='ltr'><strong>colligere</strong></span> <span class='ocrx_word' id='word_1_185' title='bbox 818 2462 1109 2530; x_wconf 74' lang='lat' dir='ltr'><strong>iubentur,</strong></span> <span class='ocrx_word' id='word_1_186' title='bbox 1143 2481 1243 2521; x_wconf 84' lang='lat' dir='ltr'><strong>nec</strong></span> <span class='ocrx_word' id='word_1_187' title='bbox 1275 2469 1453 2522; x_wconf 88' lang='lat' dir='ltr'><strong>solum</strong></span> <span class='ocrx_word' id='word_1_188' title='bbox 1488 2470 1579 2538; x_wconf 90' lang='lat' dir='ltr'><strong>qui</strong></span> <span class='ocrx_word' id='word_1_189' title='bbox 1615 2470 1669 2524; x_wconf 89' lang='lat' dir='ltr'><strong>in</strong></span> <span class='ocrx_word' id='word_1_190' title='bbox 1705 2470 1873 2537; x_wconf 87' lang='lat' dir='ltr'><strong>diem,</strong></span> <span class='ocrx_word' id='word_1_191' title='bbox 1907 2488 2095 2528; x_wconf 81' lang='lat' dir='ltr'><strong>verum</strong></span> 
     </span>
    </p>
   </div>
   <div class='ocr_carea' id='block_1_26' title="bbox 534 2554 2097 2633">
    <p class='ocr_par' dir='ltr' id='par_1_26' title="bbox 534 2554 2097 2633">
     <span class='ocr_line' id='line_1_26' title="bbox 534 2554 2097 2633; baseline 0.011 -29"><span class='ocrx_word' id='word_1_192' title='bbox 534 2554 584 2605; x_wconf 92' lang='lat' dir='ltr'><strong>in</strong></span> <span class='ocrx_word' id='word_1_193' title='bbox 618 2555 860 2609; x_wconf 87' lang='lat' dir='ltr'><strong>triduum</strong></span> <span class='ocrx_word' id='word_1_194' title='bbox 899 2556 1147 2625; x_wconf 84' lang='lat' dir='ltr'><strong>adeoque</strong></span> <span class='ocrx_word' id='word_1_195' title='bbox 1182 2559 1249 2613; x_wconf 90' lang='lat' dir='ltr'><strong>ad</strong></span> <span class='ocrx_word' id='word_1_196' title='bbox 1282 2566 1455 2614; x_wconf 90' lang='lat' dir='ltr'><strong>totum</strong></span> <span class='ocrx_word' id='word_1_197' title='bbox 1502 2562 1849 2632; x_wconf 86' lang='lat' dir='ltr'><strong>trajectionis</strong></span> <span class='ocrx_word' id='word_1_198' title='bbox 1882 2572 2097 2633; x_wconf 86' lang='lat' dir='ltr'><strong>tempus</strong></span> 
     </span>
    </p>
   </div>
   <div class='ocr_carea' id='block_1_27' title="bbox 531 2642 2094 2723">
    <p class='ocr_par' dir='ltr' id='par_1_27' title="bbox 531 2642 2094 2723">
     <span class='ocr_line' id='line_1_27' title="bbox 531 2642 2094 2723; baseline 0.006 -25"><span class='ocrx_word' id='word_1_199' title='bbox 531 2642 821 2699; x_wconf 67' lang='lat' dir='ltr'><strong>subiceret.</strong></span> <span class='ocrx_word' id='word_1_200' title='bbox 857 2644 1002 2699; x_wconf 88' lang='lat' dir='ltr'><strong>Inter</strong></span> <span class='ocrx_word' id='word_1_201' title='bbox 1026 2648 1266 2701; x_wconf 88' lang='lat' dir='ltr'><strong>eundum</strong></span> <span class='ocrx_word' id='word_1_202' title='bbox 1318 2651 1464 2703; x_wconf 91' lang='lat' dir='ltr'><strong>enim</strong></span> <span class='ocrx_word' id='word_1_203' title='bbox 1512 2667 1621 2705; x_wconf 86' lang='lat' dir='ltr'><strong>non</strong></span> <span class='ocrx_word' id='word_1_204' title='bbox 1652 2653 1824 2706; x_wconf 90' lang='lat' dir='ltr'><strong>otium</strong></span> <span class='ocrx_word' id='word_1_205' title='bbox 1860 2655 2094 2723; x_wconf 91' lang='lat' dir='ltr'><strong>conqui-</strong></span> 
     </span>
    </p>
   </div>
   <div class='ocr_carea' id='block_1_28' title="bbox 530 2735 2098 2815">
    <p class='ocr_par' dir='ltr' id='par_1_28' title="bbox 530 2735 2098 2815">
     <span class='ocr_line' id='line_1_28' title="bbox 530 2735 2098 2815; baseline 0.007 -28"><span class='ocrx_word' id='word_1_206' title='bbox 530 2735 688 2788; x_wconf 86' lang='lat' dir='ltr'><strong>rendi</strong></span> <span class='ocrx_word' id='word_1_207' title='bbox 724 2745 1089 2790; x_wconf 90' lang='lat' dir='ltr'><strong>commeatum</strong></span> <span class='ocrx_word' id='word_1_208' title='bbox 1128 2739 1534 2808; x_wconf 87' lang='lat' dir='ltr'><strong>suppeditabat.</strong></span> <span class='ocrx_word' id='word_1_209' title='bbox 1581 2740 1687 2796; x_wconf 85' lang='lat' dir='ltr'><strong>Pro</strong></span> <span class='ocrx_word' id='word_1_210' title='bbox 1720 2743 1898 2798; x_wconf 90' lang='lat' dir='ltr'><strong>tribus</strong></span> <span class='ocrx_word' id='word_1_211' title='bbox 1929 2745 2098 2815; x_wconf 80' lang='lat' dir='ltr'><strong>igitur</strong></span> 
     </span>
    </p>
   </div>
   <div class='ocr_carea' id='block_1_29' title="bbox 532 2825 2098 2903">
    <p class='ocr_par' dir='ltr' id='par_1_29' title="bbox 532 2825 2098 2903">
     <span class='ocr_line' id='line_1_29' title="bbox 532 2825 2098 2903; baseline 0.006 -24"><span class='ocrx_word' id='word_1_212' title='bbox 532 2825 725 2879; x_wconf 91' lang='lat' dir='ltr'><strong>diebus</strong></span> <span class='ocrx_word' id='word_1_213' title='bbox 758 2827 920 2879; x_wconf 90' lang='lat' dir='ltr'><strong>unico</strong></span> <span class='ocrx_word' id='word_1_214' title='bbox 975 2827 1207 2895; x_wconf 85' lang='lat' dir='ltr'><strong>adjectis</strong></span> <span class='ocrx_word' id='word_1_215' title='bbox 1246 2830 1603 2899; x_wconf 83' lang='lat' dir='ltr'><strong>colligebant,</strong></span> <span class='ocrx_word' id='word_1_216' title='bbox 1647 2848 1770 2887; x_wconf 93' lang='lat' dir='ltr'><strong>cum</strong></span> <span class='ocrx_word' id='word_1_217' title='bbox 1809 2834 2098 2903; x_wconf 73' lang='lat' dir='ltr'><strong>traiectio-</strong></span> 
     </span>
    </p>
   </div>
   <div class='ocr_carea' id='block_1_30' title="bbox 533 2916 2094 2992">
    <p class='ocr_par' dir='ltr' id='par_1_30' title="bbox 533 2916 2094 2992">
     <span class='ocr_line' id='line_1_30' title="bbox 533 2916 2094 2992; baseline 0.007 -23"><span class='ocrx_word' id='word_1_218' title='bbox 533 2916 618 2970; x_wconf 89' lang='lat' dir='ltr'><strong>nis</strong></span> <span class='ocrx_word' id='word_1_219' title='bbox 668 2917 779 2971; x_wconf 91' lang='lat' dir='ltr'><strong>die.</strong></span> <span class='ocrx_word' id='word_1_220' title='bbox 836 2918 953 2971; x_wconf 82' lang='lat' dir='ltr'><strong>Non</strong></span> <span class='ocrx_word' id='word_1_221' title='bbox 1004 2919 1228 2988; x_wconf 89' lang='lat' dir='ltr'><strong>quidem</strong></span> <span class='ocrx_word' id='word_1_222' title='bbox 1284 2923 1430 2992; x_wconf 91' lang='lat' dir='ltr'><strong>quod</strong></span> <span class='ocrx_word' id='word_1_223' title='bbox 1508 2924 1654 2978; x_wconf 87' lang='lat' dir='ltr'><strong>inter</strong></span> <span class='ocrx_word' id='word_1_224' title='bbox 1701 2929 2094 2982; x_wconf 85' lang='lat' dir='ltr'><strong>transeundum</strong></span> 
     </span>
    </p>
   </div>
   <div class='ocr_carea' id='block_1_31' title="bbox 533 3007 2097 3079">
    <p class='ocr_par' dir='ltr' id='par_1_31' title="bbox 533 3007 2097 3079">
     <span class='ocr_line' id='line_1_31' title="bbox 533 3007 2097 3079; baseline 0.01 -20"><span class='ocrx_word' id='word_1_225' title='bbox 533 3018 659 3060; x_wconf 85' lang='lat' dir='ltr'><strong>man</strong></span> <span class='ocrx_word' id='word_1_226' title='bbox 692 3007 876 3077; x_wconf 89' lang='lat' dir='ltr'><strong>inopia</strong></span> <span class='ocrx_word' id='word_1_227' title='bbox 912 3018 1098 3063; x_wconf 86' lang='lat' dir='ltr'><strong>essent</strong></span> <span class='ocrx_word' id='word_1_228' title='bbox 1138 3008 1463 3079; x_wconf 85' lang='lat' dir='ltr'><strong>laboraturi,</strong></span> <span class='ocrx_word' id='word_1_229' title='bbox 1521 3029 1709 3069; x_wconf 82' lang='lat' dir='ltr'><strong>verum</strong></span> <span class='ocrx_word' id='word_1_230' title='bbox 1755 3026 1810 3071; x_wconf 92' lang='lat' dir='ltr'><strong>ut</strong></span> <span class='ocrx_word' id='word_1_231' title='bbox 1838 3020 2097 3076; x_wconf 86' lang='lat' dir='ltr'><strong>omnibus</strong></span> 
     </span>
    </p>
   </div>
   <div class='ocr_carea' id='block_1_32' title="bbox 533 3097 2164 3204">
    <p class='ocr_par' dir='ltr' id='par_1_32' title="bbox 533 3097 2164 3204">
     <span class='ocr_line' id='line_1_32' title="bbox 533 3097 2164 3204; baseline 0.01 -54"><span class='ocrx_word' id='word_1_232' title='bbox 533 3097 722 3152; x_wconf 88' lang='lat' dir='ltr'><strong>missis</strong></span> <span class='ocrx_word' id='word_1_233' title='bbox 775 3098 843 3152; x_wconf 91' lang='lat' dir='ltr'><strong>ad</strong></span> <span class='ocrx_word' id='word_1_234' title='bbox 896 3106 1100 3153; x_wconf 88' lang='lat' dir='ltr'><strong>terram</strong></span> <span class='ocrx_word' id='word_1_235' title='bbox 1151 3103 1482 3170; x_wconf 86' lang='lat' dir='ltr'><strong>promissam</strong></span> <span class='ocrx_word' id='word_1_236' title='bbox 1540 3107 1955 3164; x_wconf 89' lang='lat' dir='ltr'><strong>contenderent.</strong></span> <span class='ocrx_word' id='word_1_237' title='bbox 2015 3112 2164 3204; x_wconf 75' lang='lat' dir='ltr'><strong>Adc</strong></span> 
     </span>
    </p>
   </div>
   <div class='ocr_carea' id='block_1_33' title="bbox 532 3188 2092 3265">
    <p class='ocr_par' dir='ltr' id='par_1_33' title="bbox 532 3188 2092 3265">
     <span class='ocr_line' id='line_1_33' title="bbox 532 3188 2092 3265; baseline 0.012 -26"><span class='ocrx_word' id='word_1_238' title='bbox 532 3193 649 3241; x_wconf 83' lang='lat' dir='ltr'><strong>tres</strong></span> <span class='ocrx_word' id='word_1_239' title='bbox 694 3189 836 3242; x_wconf 91' lang='lat' dir='ltr'><strong>enim</strong></span> <span class='ocrx_word' id='word_1_240' title='bbox 887 3188 1007 3245; x_wconf 86' lang='lat' dir='ltr'><strong>dies</strong></span> <span class='ocrx_word' id='word_1_241' title='bbox 1045 3190 1308 3262; x_wconf 84' lang='lat' dir='ltr'><strong>deinceps</strong></span> <span class='ocrx_word' id='word_1_242' title='bbox 1353 3208 1449 3251; x_wconf 89' lang='lat' dir='ltr'><strong>eos</strong></span> <span class='ocrx_word' id='word_1_243' title='bbox 1488 3197 1668 3252; x_wconf 89' lang='lat' dir='ltr'><strong>adhuc</strong></span> <span class='ocrx_word' id='word_1_244' title='bbox 1701 3201 1926 3265; x_wconf 89' lang='lat' dir='ltr'><strong>mansit,</strong></span> <span class='ocrx_word' id='word_1_245' title='bbox 1962 3201 2092 3257; x_wconf 89' lang='lat' dir='ltr'><strong>dum</strong></span> 
     </span>
    </p>
   </div>
   <div class='ocr_carea' id='block_1_34' title="bbox 532 3276 2095 3354">
    <p class='ocr_par' dir='ltr' id='par_1_34' title="bbox 532 3276 2095 3354">
     <span class='ocr_line' id='line_1_34' title="bbox 532 3276 2095 3354; baseline 0.011 -23"><span class='ocrx_word' id='word_1_246' title='bbox 532 3276 824 3345; x_wconf 78' lang='lat' dir='ltr'><strong>Paschalis</strong></span> <span class='ocrx_word' id='word_1_247' title='bbox 869 3281 977 3334; x_wconf 87' lang='lat' dir='ltr'><strong>ritu</strong></span> <span class='ocrx_word' id='word_1_248' title='bbox 1035 3291 1260 3352; x_wconf 82' lang='lat' dir='ltr'><strong>peracto</strong></span> <span class='ocrx_word' id='word_1_249' title='bbox 1289 3298 1492 3354; x_wconf 83' lang='lat' dir='ltr'><strong>azyma</strong></span> <span class='ocrx_word' id='word_1_250' title='bbox 1529 3290 1907 3345; x_wconf 88' lang='lat' dir='ltr'><strong>comederunt.</strong></span> <span class='ocrx_word' id='word_1_251' title='bbox 1938 3291 2095 3350; x_wconf 84' lang='lat' dir='ltr'><strong>’l‘nnc</strong></span> 
     </span>
    </p>
   </div>
   <div class='ocr_carea' id='block_1_35' title="bbox 531 3370 2092 3455">
    <p class='ocr_par' dir='ltr' id='par_1_35' title="bbox 531 3370 2092 3455">
     <span class='ocr_line' id='line_1_35' title="bbox 531 3370 2092 3455; baseline 0.012 -33"><span class='ocrx_word' id='word_1_252' title='bbox 531 3370 677 3423; x_wconf 90' lang='lat' dir='ltr'><strong>enim</strong></span> <span class='ocrx_word' id='word_1_253' title='bbox 719 3378 877 3425; x_wconf 68' lang='lat' dir='ltr'><strong>terrae</strong></span> <span class='ocrx_word' id='word_1_254' title='bbox 915 3381 1182 3442; x_wconf 81' lang='lat' dir='ltr'><strong>proventu</strong></span> <span class='ocrx_word' id='word_1_255' title='bbox 1220 3374 1474 3432; x_wconf 76' lang='lat' dir='ltr'><strong>victitare</strong></span> <span class='ocrx_word' id='word_1_256' title='bbox 1511 3381 1748 3448; x_wconf 86' lang='lat' dir='ltr'><strong>primum</strong></span> <span class='ocrx_word' id='word_1_257' title='bbox 1783 3395 2092 3455; x_wconf 75' lang='lat' dir='ltr'><strong>cmperunt.</strong></span> 
     </span>
    </p>
   </div>
   <div class='ocr_carea' id='block_1_36' title="bbox 531 3459 2092 3537">
    <p class='ocr_par' dir='ltr' id='par_1_36' title="bbox 531 3459 2092 3537">
     <span class='ocr_line' id='line_1_36' title="bbox 531 3459 2092 3537; baseline 0.012 -24"><span class='ocrx_word' id='word_1_258' title='bbox 531 3459 703 3515; x_wconf 81' lang='lat' dir='ltr'><strong>l‘orro</strong></span> <span class='ocrx_word' id='word_1_259' title='bbox 731 3462 908 3517; x_wconf 86' lang='lat' dir='ltr'><strong>cuivis</strong></span> <span class='ocrx_word' id='word_1_260' title='bbox 954 3462 1246 3520; x_wconf 84' lang='lat' dir='ltr'><strong>Jordanem</strong></span> <span class='ocrx_word' id='word_1_261' title='bbox 1291 3467 1591 3537; x_wconf 83' lang='lat' dir='ltr'><strong>trajecturo</strong></span> <span class='ocrx_word' id='word_1_262' title='bbox 1617 3485 1963 3531; x_wconf 88' lang='lat' dir='ltr'><strong>commeatus</strong></span> <span class='ocrx_word' id='word_1_263' title='bbox 1992 3493 2092 3532; x_wconf 92' lang='lat' dir='ltr'><strong>ne-</strong></span> 
     </span>
    </p>
   </div>
   <div class='ocr_carea' id='block_1_37' title="bbox 530 3552 2093 3634">
    <p class='ocr_par' dir='ltr' id='par_1_37' title="bbox 530 3552 2093 3634">
     <span class='ocr_line' id='line_1_37' title="bbox 530 3552 2093 3634; baseline 0.014 -34"><span class='ocrx_word' id='word_1_264' title='bbox 530 3552 764 3607; x_wconf 71' lang='lat' dir='ltr'><strong>t-essitas</strong></span> <span class='ocrx_word' id='word_1_265' title='bbox 814 3552 1135 3622; x_wconf 86' lang='lat' dir='ltr'><strong>imponitur,</strong></span> <span class='ocrx_word' id='word_1_266' title='bbox 1186 3570 1415 3626; x_wconf 86' lang='lat' dir='ltr'><strong>operum</strong></span> <span class='ocrx_word' id='word_1_267' title='bbox 1464 3560 1718 3617; x_wconf 77' lang='lat' dir='ltr'><strong>videlicet</strong></span> <span class='ocrx_word' id='word_1_268' title='bbox 1760 3566 2093 3634; x_wconf 85' lang='lat' dir='ltr'><strong>resipiscen-</strong></span> 
     </span>
    </p>
   </div>
   <div class='ocr_carea' id='block_1_38' title="bbox 530 3642 2093 3717">
    <p class='ocr_par' dir='ltr' id='par_1_38' title="bbox 530 3642 2093 3717">
     <span class='ocr_line' id='line_1_38' title="bbox 530 3642 2093 3717; baseline 0.013 -23"><span class='ocrx_word' id='word_1_269' title='bbox 530 3642 638 3703; x_wconf 70' lang='lat' dir='ltr'><strong>tize,</strong></span> <span class='ocrx_word' id='word_1_270' title='bbox 697 3658 808 3714; x_wconf 88' lang='lat' dir='ltr'><strong>quo</strong></span> <span class='ocrx_word' id='word_1_271' title='bbox 856 3658 982 3698; x_wconf 90' lang='lat' dir='ltr'><strong>cum</strong></span> <span class='ocrx_word' id='word_1_272' title='bbox 1031 3645 1254 3701; x_wconf 82' lang='lat' dir='ltr'><strong>Christo</strong></span> <span class='ocrx_word' id='word_1_273' title='bbox 1321 3657 1486 3717; x_wconf 87' lang='lat' dir='ltr'><strong>queat</strong></span> <span class='ocrx_word' id='word_1_274' title='bbox 1549 3652 1765 3708; x_wconf 86' lang='lat' dir='ltr'><strong>dicere:</strong></span> <span class='ocrx_word' id='word_1_275' title='bbox 1823 3674 1842 3707; x_wconf 81' lang='grc' dir='ltr'><strong>ι</strong></span> <span class='ocrx_word' id='word_1_276' title='bbox 1903 3656 2093 3715; x_wconf 83' lang='lat' dir='ltr'><strong>Victus</strong></span> 
     </span>
    </p>
   </div>
   <div class='ocr_carea' id='block_1_39' title="bbox 454 3735 2094 3809">
    <p class='ocr_par' dir='ltr' id='par_1_39' title="bbox 454 3735 2094 3809">
     <span class='ocr_line' id='line_1_39' title="bbox 454 3735 2094 3809; baseline 0.011 -26"><span class='ocrx_word' id='word_1_277' title='bbox 454 3756 463 3771; x_wconf 74' lang='grc' dir='ltr'><strong>ι</strong></span> <span class='ocrx_word' id='word_1_278' title='bbox 531 3746 688 3788; x_wconf 91' lang='lat' dir='ltr'><strong>meus</strong></span> <span class='ocrx_word' id='word_1_279' title='bbox 740 3741 827 3790; x_wconf 85' lang='lat' dir='ltr'><strong>est</strong></span> <span class='ocrx_word' id='word_1_280' title='bbox 873 3735 1212 3789; x_wconf 83' lang='lat' dir='ltr'><strong>voluntatem</strong></span> <span class='ocrx_word' id='word_1_281' title='bbox 1263 3738 1384 3807; x_wconf 80' lang='lat' dir='ltr'><strong>ejus</strong></span> <span class='ocrx_word' id='word_1_282' title='bbox 1436 3742 1528 3809; x_wconf 82' lang='lat' dir='ltr'><strong>qui</strong></span> <span class='ocrx_word' id='word_1_283' title='bbox 1593 3756 1678 3797; x_wconf 92' lang='lat' dir='ltr'><strong>me</strong></span> <span class='ocrx_word' id='word_1_284' title='bbox 1741 3744 1889 3799; x_wconf 88' lang='lat' dir='ltr'><strong>misit</strong></span> <span class='ocrx_word' id='word_1_285' title='bbox 1936 3760 2094 3801; x_wconf 80' lang='lat' dir='ltr'><strong>exse-</strong></span> 
     </span>
    </p>
   </div>
   <div class='ocr_carea' id='block_1_40' title="bbox 530 3822 2093 3906">
    <p class='ocr_par' dir='ltr' id='par_1_40' title="bbox 530 3822 2093 3906">
     <span class='ocr_line' id='line_1_40' title="bbox 530 3822 2093 3906; baseline 0.011 -32"><span class='ocrx_word' id='word_1_286' title='bbox 530 3823 624 3891; x_wconf 90' lang='lat' dir='ltr'><strong>qui</strong></span> <span class='ocrx_word' id='word_1_287' title='bbox 652 3824 716 3876; x_wconf 74' lang='lat'><strong>”.</strong></span> <span class='ocrx_word' id='word_1_288' title='bbox 753 3843 772 3875; x_wconf 80' lang='grc' dir='ltr'><strong>ι</strong></span> <span class='ocrx_word' id='word_1_289' title='bbox 827 3822 960 3877; x_wconf 87' lang='lat' dir='ltr'><strong>Nam</strong></span> <span class='ocrx_word' id='word_1_290' title='bbox 1012 3824 1142 3880; x_wconf 71' lang='lat' dir='ltr'><strong>Eliae</strong></span> <span class='ocrx_word' id='word_1_291' title='bbox 1189 3843 1409 3896; x_wconf 89' lang='lat' dir='ltr'><strong>quoque</strong></span> <span class='ocrx_word' id='word_1_292' title='bbox 1456 3830 1693 3885; x_wconf 87' lang='lat' dir='ltr'><strong>dicitur:</strong></span> <span class='ocrx_word' id='word_1_293' title='bbox 1729 3850 1749 3884; x_wconf 81' lang='grc' dir='ltr'><strong>ι</strong></span> <span class='ocrx_word' id='word_1_294' title='bbox 1789 3832 1984 3906; x_wconf 84' lang='lat' dir='ltr'><strong>Surge,</strong></span> <span class='ocrx_word' id='word_1_295' title='bbox 2038 3845 2093 3891; x_wconf 83' lang='lat' dir='ltr'><strong>et</strong></span> 
     </span>
    </p>
   </div>
   <div class='ocr_carea' id='block_1_41' title="bbox 530 3913 2085 3991">
    <p class='ocr_par' dir='ltr' id='par_1_41' title="bbox 530 3913 2085 3991">
     <span class='ocr_line' id='line_1_41' title="bbox 530 3913 2085 3991; baseline 0.01 -27"><span class='ocrx_word' id='word_1_296' title='bbox 530 3913 779 3980; x_wconf 84' lang='lat' dir='ltr'><strong>comede,</strong></span> <span class='ocrx_word' id='word_1_297' title='bbox 810 3914 1073 3984; x_wconf 84' lang='lat' dir='ltr'><strong>quoniam</strong></span> <span class='ocrx_word' id='word_1_298' title='bbox 1127 3918 1229 3971; x_wconf 90' lang='lat' dir='ltr'><strong>iter</strong></span> <span class='ocrx_word' id='word_1_299' title='bbox 1258 3918 1618 3990; x_wconf 87' lang='lat' dir='ltr'><strong>longinquum</strong></span> <span class='ocrx_word' id='word_1_300' title='bbox 1654 3930 1708 3976; x_wconf 91' lang='lat' dir='ltr'><strong>te</strong></span> <span class='ocrx_word' id='word_1_301' title='bbox 1740 3934 1925 3991; x_wconf 74' lang='lat' dir='ltr'><strong>manet</strong></span> <span class='ocrx_word' id='word_1_302' title='bbox 1953 3927 2022 3981; x_wconf 84' lang='grc'><strong>³³.</strong></span> <span class='ocrx_word' id='word_1_303' title='bbox 2067 3946 2085 3979; x_wconf 80' lang='grc' dir='ltr'><strong>ι</strong></span> 
     </span>
    </p>
   </div>
   <div class='ocr_carea' id='block_1_42' title="bbox 529 3994 2089 4081">
    <p class='ocr_par' dir='ltr' id='par_1_42' title="bbox 529 3994 2089 4081">
     <span class='ocr_line' id='line_1_42' title="bbox 529 3994 2089 4081; baseline 0.009 -26"><span class='ocrx_word' id='word_1_304' title='bbox 529 3994 628 4056; x_wconf 76' lang='lat' dir='ltr'><strong>Via</strong></span> <span class='ocrx_word' id='word_1_305' title='bbox 680 4004 825 4058; x_wconf 88' lang='lat' dir='ltr'><strong>enim</strong></span> <span class='ocrx_word' id='word_1_306' title='bbox 879 4002 972 4058; x_wconf 87' lang='lat' dir='ltr'><strong>Dei</strong></span> <span class='ocrx_word' id='word_1_307' title='bbox 1022 4005 1246 4062; x_wconf 79' lang='lat' dir='ltr'><strong>virtutis</strong></span> <span class='ocrx_word' id='word_1_308' title='bbox 1295 4000 1672 4076; x_wconf 72' lang='lat' dir='ltr'><strong>op’erationem</strong></span> <span class='ocrx_word' id='word_1_309' title='bbox 1718 4013 1973 4081; x_wconf 85' lang='lat' dir='ltr'><strong>requirit.</strong></span> <span class='ocrx_word' id='word_1_310' title='bbox 2007 4013 2089 4069; x_wconf 81' lang='lat' dir='ltr'><strong>Ad</strong></span> 
     </span>
    </p>
   </div>
   <div class='ocr_carea' id='block_1_43' title="bbox 527 4092 2092 4168">
    <p class='ocr_par' dir='ltr' id='par_1_43' title="bbox 527 4092 2092 4168">
     <span class='ocr_line' id='line_1_43' title="bbox 527 4092 2092 4168; baseline 0.012 -28"><span class='ocrx_word' id='word_1_311' title='bbox 527 4107 688 4160; x_wconf 84' lang='lat' dir='ltr'><strong>quam</strong></span> <span class='ocrx_word' id='word_1_312' title='bbox 720 4092 850 4146; x_wconf 91' lang='lat' dir='ltr'><strong>item</strong></span> <span class='ocrx_word' id='word_1_313' title='bbox 900 4092 1130 4161; x_wconf 79' lang='lat' dir='ltr'><strong>pedibus</strong></span> <span class='ocrx_word' id='word_1_314' title='bbox 1169 4110 1277 4148; x_wconf 91' lang='lat' dir='ltr'><strong>non</strong></span> <span class='ocrx_word' id='word_1_315' title='bbox 1316 4096 1490 4151; x_wconf 85' lang='lat' dir='ltr'><strong>illotis</strong></span> <span class='ocrx_word' id='word_1_316' title='bbox 1521 4099 1970 4168; x_wconf 82' lang='lat' dir='ltr'><strong>aggrediendum,</strong></span> <span class='ocrx_word' id='word_1_317' title='bbox 1999 4119 2092 4157; x_wconf 84' lang='lat' dir='ltr'><strong>ve-</strong></span> 
     </span>
    </p>
   </div>
   <div class='ocr_carea' id='block_1_44' title="bbox 528 4181 2085 4249">
    <p class='ocr_par' dir='ltr' id='par_1_44' title="bbox 528 4181 2085 4249">
     <span class='ocr_line' id='line_1_44' title="bbox 528 4181 2085 4249; baseline 0.009 -14"><span class='ocrx_word' id='word_1_318' title='bbox 528 4194 649 4235; x_wconf 86' lang='lat' dir='ltr'><strong>rum</strong></span> <span class='ocrx_word' id='word_1_319' title='bbox 695 4188 823 4236; x_wconf 89' lang='lat' dir='ltr'><strong>ante</strong></span> <span class='ocrx_word' id='word_1_320' title='bbox 872 4181 1063 4236; x_wconf 88' lang='lat' dir='ltr'><strong>divino</strong></span> <span class='ocrx_word' id='word_1_321' title='bbox 1114 4183 1331 4238; x_wconf 85' lang='lat' dir='ltr'><strong>lavacro</strong></span> <span class='ocrx_word' id='word_1_322' title='bbox 1389 4187 1637 4241; x_wconf 86' lang='lat' dir='ltr'><strong>ablutum</strong></span> <span class='ocrx_word' id='word_1_323' title='bbox 1692 4198 1776 4243; x_wconf 84' lang='lat' dir='ltr'><strong>est</strong></span> <span class='ocrx_word' id='word_1_324' title='bbox 1824 4193 2085 4249; x_wconf 88' lang='lat' dir='ltr'><strong>eundum.</strong></span> 
     </span>
    </p>
   </div>
   <div class='ocr_carea' id='block_1_45' title="bbox 528 4260 2089 4340">
    <p class='ocr_par' dir='ltr' id='par_1_45' title="bbox 528 4260 2089 4340">
     <span class='ocr_line' id='line_1_45' title="bbox 528 4260 2089 4340; baseline 0.006 -14"><span class='ocrx_word' id='word_1_325' title='bbox 528 4272 757 4340; x_wconf 84' lang='lat' dir='ltr'><strong>Propter</strong></span> <span class='ocrx_word' id='word_1_326' title='bbox 782 4270 835 4325; x_wconf 89' lang='lat' dir='ltr'><strong>id</strong></span> <span class='ocrx_word' id='word_1_327' title='bbox 871 4272 924 4325; x_wconf 89' lang='lat' dir='ltr'><strong>in</strong></span> <span class='ocrx_word' id='word_1_328' title='bbox 976 4271 1162 4326; x_wconf 89' lang='lat' dir='ltr'><strong>multis</strong></span> <span class='ocrx_word' id='word_1_329' title='bbox 1197 4260 1463 4328; x_wconf 81' lang='lat' dir='ltr'><strong>Ecclesiis</strong></span> <span class='ocrx_word' id='word_1_330' title='bbox 1514 4290 1650 4331; x_wconf 88' lang='lat' dir='ltr'><strong>usus</strong></span> <span class='ocrx_word' id='word_1_331' title='bbox 1681 4275 1916 4334; x_wconf 76' lang='lat' dir='ltr'><strong>fortasse</strong></span> <span class='ocrx_word' id='word_1_332' title='bbox 1942 4282 2089 4336; x_wconf 83' lang='lat' dir='ltr'><strong>obti-</strong></span> 
     </span>
    </p>
   </div>
   <div class='ocr_carea' id='block_1_46' title="bbox 527 4364 2088 4437">
    <p class='ocr_par' dir='ltr' id='par_1_46' title="bbox 527 4364 2088 4437">
     <span class='ocr_line' id='line_1_46' title="bbox 527 4364 2088 4437; baseline 0.007 -21"><span class='ocrx_word' id='word_1_333' title='bbox 527 4364 668 4426; x_wconf 88' lang='lat' dir='ltr'><strong>nuit,</strong></span> <span class='ocrx_word' id='word_1_334' title='bbox 723 4369 781 4416; x_wconf 90' lang='lat' dir='ltr'><strong>ut</strong></span> <span class='ocrx_word' id='word_1_335' title='bbox 815 4372 1014 4431; x_wconf 87' lang='lat' dir='ltr'><strong>quarto</strong></span> <span class='ocrx_word' id='word_1_336' title='bbox 1063 4364 1258 4433; x_wconf 88' lang='lat' dir='ltr'><strong>quovis</strong></span> <span class='ocrx_word' id='word_1_337' title='bbox 1294 4374 1501 4420; x_wconf 71' lang='lat' dir='ltr'><strong>sancta:</strong></span> <span class='ocrx_word' id='word_1_338' title='bbox 1551 4370 1873 4437; x_wconf 64' lang='lat' dir='ltr'><strong>septimanae</strong></span> <span class='ocrx_word' id='word_1_339' title='bbox 1899 4372 1987 4427; x_wconf 91' lang='lat' dir='ltr'><strong>die</strong></span> <span class='ocrx_word' id='word_1_340' title='bbox 2020 4372 2088 4427; x_wconf 88' lang='lat' dir='ltr'><strong>ad</strong></span> 
     </span>
    </p>
   </div>
   <div class='ocr_carea' id='block_1_47' title="bbox 2209 559 3749 636">
    <p class='ocr_par' dir='ltr' id='par_1_47' title="bbox 2209 559 3749 636">
     <span class='ocr_line' id='line_1_47' title="bbox 2209 559 3749 636; baseline 0.007 -24"><span class='ocrx_word' id='word_1_341' title='bbox 2209 576 2390 630; x_wconf 76' lang='grc' dir='ltr'>νηται.</span> <span class='ocrx_word' id='word_1_342' title='bbox 2433 580 2452 613; x_wconf 79' lang='grc' dir='ltr'><strong>ι</strong></span> <span class='ocrx_word' id='word_1_343' title='bbox 2489 559 2581 617; x_wconf 83' lang='grc' dir='ltr'><strong>Διὸ</strong></span> <span class='ocrx_word' id='word_1_344' title='bbox 2608 562 2702 613; x_wconf 83' lang='grc' dir='ltr'><strong>καὶ</strong></span> <span class='ocrx_word' id='word_1_345' title='bbox 2747 561 2979 624; x_wconf 79' lang='grc' dir='ltr'><strong>Ἡσαΐας</strong></span> <span class='ocrx_word' id='word_1_346' title='bbox 3007 562 3158 631; x_wconf 83' lang='grc' dir='ltr'>λέγει</span> <span class='ocrx_word' id='word_1_347' title='bbox 3190 565 3316 636; x_wconf 75' lang='grc' dir='ltr'>περὶ</span> <span class='ocrx_word' id='word_1_348' title='bbox 3340 566 3508 620; x_wconf 82' lang='grc' dir='ltr'>αὑτοῦ</span> <span class='ocrx_word' id='word_1_349' title='bbox 3532 585 3546 598; x_wconf 77' lang='grc' dir='ltr'><strong>ο</strong></span> <span class='ocrx_word' id='word_1_350' title='bbox 3580 587 3598 620; x_wconf 85' lang='grc' dir='ltr'><strong>ι</strong></span> <span class='ocrx_word' id='word_1_351' title='bbox 3635 569 3749 624; x_wconf 70' lang='grc' dir='ltr'>Ἰδοὺ</span> 
     </span>
    </p>
   </div>
   <div class='ocr_carea' id='block_1_48' title="bbox 2209 654 3752 731">
    <p class='ocr_par' dir='ltr' id='par_1_48' title="bbox 2209 654 3752 731">
     <span class='ocr_line' id='line_1_48' title="bbox 2209 654 3752 731; baseline 0.007 -27"><span class='ocrx_word' id='word_1_352' title='bbox 2209 654 2434 723; x_wconf 87' lang='grc' dir='ltr'>συνήσει</span> <span class='ocrx_word' id='word_1_353' title='bbox 2468 654 2638 716; x_wconf 83' lang='grc' dir='ltr'>ὀπαῖς</span> <span class='ocrx_word' id='word_1_354' title='bbox 2665 669 2788 724; x_wconf 86' lang='grc' dir='ltr'>μου,</span> <span class='ocrx_word' id='word_1_355' title='bbox 2823 654 2916 707; x_wconf 84' lang='grc' dir='ltr'><strong>καὶ</strong></span> <span class='ocrx_word' id='word_1_356' title='bbox 2941 654 3307 726; x_wconf 76' lang='grc' dir='ltr'><strong>ὑψωθήσεται,</strong></span> <span class='ocrx_word' id='word_1_357' title='bbox 3334 659 3431 712; x_wconf 76' lang='grc' dir='ltr'><strong>καὶ</strong></span> <span class='ocrx_word' id='word_1_358' title='bbox 3451 658 3752 731; x_wconf 80' lang='grc' dir='ltr'><strong>δοξασθήσε-</strong></span> 
     </span>
    </p>
   </div>
   <div class='ocr_carea' id='block_1_49' title="bbox 2206 744 3751 823">
    <p class='ocr_par' dir='ltr' id='par_1_49' title="bbox 2206 744 3751 823">
     <span class='ocr_line' id='line_1_49' title="bbox 2206 744 3751 823; baseline 0.007 -27"><span class='ocrx_word' id='word_1_359' title='bbox 2206 761 2318 809; x_wconf 69' lang='grc' dir='ltr'>ται,</span> <span class='ocrx_word' id='word_1_360' title='bbox 2368 744 2463 797; x_wconf 76' lang='grc' dir='ltr'>καὶ</span> <span class='ocrx_word' id='word_1_361' title='bbox 2522 745 3028 816; x_wconf 85' lang='grc' dir='ltr'>μετεωρισθήσεται</span> <span class='ocrx_word' id='word_1_362' title='bbox 3105 747 3333 819; x_wconf 76' lang='grc' dir='ltr'>σφόδρα,</span> <span class='ocrx_word' id='word_1_363' title='bbox 3397 767 3417 802; x_wconf 80' lang='grc' dir='ltr'><strong>ι</strong></span> <span class='ocrx_word' id='word_1_364' title='bbox 3484 750 3751 823; x_wconf 81' lang='grc' dir='ltr'>θεοπρεπεῖ</span> 
     </span>
    </p>
   </div>
   <div class='ocr_carea' id='block_1_50' title="bbox 2208 834 3318 909">
    <p class='ocr_par' dir='ltr' id='par_1_50' title="bbox 2208 834 3318 909">
     <span class='ocr_line' id='line_1_50' title="bbox 2208 834 3318 909; baseline 0.006 -22"><span class='ocrx_word' id='word_1_365' title='bbox 2208 834 2369 905; x_wconf 72' lang='grc' dir='ltr'>σοφίᾳ</span> <span class='ocrx_word' id='word_1_366' title='bbox 2390 835 2567 888; x_wconf 82' lang='grc' dir='ltr'>πάντα</span> <span class='ocrx_word' id='word_1_367' title='bbox 2594 834 2784 901; x_wconf 85' lang='grc' dir='ltr'>ποιῶν,</span> <span class='ocrx_word' id='word_1_368' title='bbox 2816 838 2912 891; x_wconf 77' lang='grc' dir='ltr'>καὶ</span> <span class='ocrx_word' id='word_1_369' title='bbox 2932 836 3318 909; x_wconf 76' lang='grc' dir='ltr'><strong>φθεγγόμενος.</strong></span> 
     </span>
    </p>
   </div>
   <div class='ocr_carea' id='block_1_51' title="bbox 2275 1006 3751 1086">
    <p class='ocr_par' dir='ltr' id='par_1_51' title="bbox 2275 1006 3751 1086">
     <span class='ocr_line' id='line_1_51' title="bbox 2275 1006 3751 1086; baseline 0.008 -23"><span class='ocrx_word' id='word_1_370' title='bbox 2275 1011 2549 1073; x_wconf 84' lang='grc' dir='ltr'>Συνέσεως</span> <span class='ocrx_word' id='word_1_371' title='bbox 2580 1012 2738 1083; x_wconf 85' lang='grc' dir='ltr'>χρεία</span> <span class='ocrx_word' id='word_1_372' title='bbox 2766 1011 2842 1083; x_wconf 83' lang='grc' dir='ltr'><strong>τῷ</strong></span> <span class='ocrx_word' id='word_1_373' title='bbox 2878 1012 2970 1066; x_wconf 78' lang='grc' dir='ltr'><strong>τὸν</strong></span> <span class='ocrx_word' id='word_1_374' title='bbox 2999 1012 3163 1084; x_wconf 85' lang='grc' dir='ltr'>νόμον</span> <span class='ocrx_word' id='word_1_375' title='bbox 3193 1015 3635 1086; x_wconf 82' lang='grc' dir='ltr'><strong>ἀναγινώσκοντι,</strong></span> <span class='ocrx_word' id='word_1_376' title='bbox 3671 1006 3751 1074; x_wconf 61' lang='grc' dir='ltr'><strong>καί</strong></span> 
     </span>
    </p>
   </div>
   <div class='ocr_carea' id='block_1_52' title="bbox 2206 1100 3750 1178">
    <p class='ocr_par' dir='ltr' id='par_1_52' title="bbox 2206 1100 3750 1178">
     <span class='ocr_line' id='line_1_52' title="bbox 2206 1100 3750 1178; baseline 0.006 -24"><span class='ocrx_word' id='word_1_377' title='bbox 2206 1101 2312 1171; x_wconf 77' lang='grc' dir='ltr'>πρὸ</span> <span class='ocrx_word' id='word_1_378' title='bbox 2341 1100 2564 1169; x_wconf 84' lang='grc' dir='ltr'><strong>ταύτης,</strong></span> <span class='ocrx_word' id='word_1_379' title='bbox 2593 1101 2849 1165; x_wconf 84' lang='grc' dir='ltr'>πίστεως.</span> <span class='ocrx_word' id='word_1_380' title='bbox 2888 1122 2907 1154; x_wconf 85' lang='grc' dir='ltr'><strong>ι</strong></span> <span class='ocrx_word' id='word_1_381' title='bbox 2930 1103 3055 1158; x_wconf 81' lang='grc' dir='ltr'><strong>Ἐὰν</strong></span> <span class='ocrx_word' id='word_1_382' title='bbox 3087 1106 3217 1175; x_wconf 85' lang='grc' dir='ltr'>γὰρ,</span> <span class='ocrx_word' id='word_1_383' title='bbox 3250 1108 3385 1177; x_wconf 71' lang='grc' dir='ltr'>φησὶ</span> <span class='ocrx_word' id='word_1_384' title='bbox 3404 1146 3419 1172; x_wconf 88' lang='grc'><em>,</em></span> <span class='ocrx_word' id='word_1_385' title='bbox 3454 1110 3528 1178; x_wconf 81' lang='grc' dir='ltr'>μὴ</span> <span class='ocrx_word' id='word_1_386' title='bbox 3555 1111 3750 1164; x_wconf 85' lang='grc' dir='ltr'>πιστεύ-</span> 
     </span>
    </p>
   </div>
   <div class='ocr_carea' id='block_1_53' title="bbox 2205 1191 3752 1268">
    <p class='ocr_par' dir='ltr' id='par_1_53' title="bbox 2205 1191 3752 1268">
     <span class='ocr_line' id='line_1_53' title="bbox 2205 1191 3752 1268; baseline 0.006 -25"><span class='ocrx_word' id='word_1_387' title='bbox 2205 1208 2335 1261; x_wconf 87' lang='grc' dir='ltr'>σητε</span> <span class='ocrx_word' id='word_1_388' title='bbox 2356 1232 2372 1257; x_wconf 90' lang='grc'>,</span> <span class='ocrx_word' id='word_1_389' title='bbox 2400 1191 2510 1244; x_wconf 86' lang='grc' dir='ltr'>οὐδ’</span> <span class='ocrx_word' id='word_1_390' title='bbox 2535 1192 2595 1244; x_wconf 84' lang='grc' dir='ltr'>οὐ</span> <span class='ocrx_word' id='word_1_391' title='bbox 2630 1192 2705 1263; x_wconf 86' lang='grc' dir='ltr'>μὴ</span> <span class='ocrx_word' id='word_1_392' title='bbox 2744 1193 2960 1264; x_wconf 78' lang='grc' dir='ltr'>συνῆτε.</span> <span class='ocrx_word' id='word_1_393' title='bbox 3000 1214 3020 1247; x_wconf 74' lang='grc' dir='ltr'><strong>ι</strong></span> <span class='ocrx_word' id='word_1_394' title='bbox 3054 1196 3148 1248; x_wconf 86' lang='grc' dir='ltr'><strong>Δεῖ</strong></span> <span class='ocrx_word' id='word_1_395' title='bbox 3171 1194 3232 1248; x_wconf 80' lang='grc' dir='ltr'><strong>δὲ</strong></span> <span class='ocrx_word' id='word_1_396' title='bbox 3260 1197 3356 1249; x_wconf 76' lang='grc' dir='ltr'><strong>καὶ</strong></span> <span class='ocrx_word' id='word_1_397' title='bbox 3390 1199 3616 1268; x_wconf 81' lang='grc' dir='ltr'><strong>μελέτης</strong></span> <span class='ocrx_word' id='word_1_398' title='bbox 3648 1217 3752 1253; x_wconf 80' lang='grc' dir='ltr'>συνο</span> 
     </span>
    </p>
   </div>
   <div class='ocr_carea' id='block_1_54' title="bbox 2201 1282 3751 1357">
    <p class='ocr_par' dir='ltr' id='par_1_54' title="bbox 2201 1282 3751 1357">
     <span class='ocr_line' id='line_1_54' title="bbox 2201 1282 3751 1357; baseline 0.006 -24"><span class='ocrx_word' id='word_1_399' title='bbox 2201 1282 2624 1352; x_wconf 79' lang='grc' dir='ltr'>εχεστέρας.⁶¹ον</span> <span class='ocrx_word' id='word_1_400' title='bbox 2653 1283 2744 1336; x_wconf 75' lang='grc' dir='ltr'><strong>καὶ</strong></span> <span class='ocrx_word' id='word_1_401' title='bbox 2779 1284 3098 1354; x_wconf 80' lang='grc' dir='ltr'><strong>μακαρίζων</strong></span> <span class='ocrx_word' id='word_1_402' title='bbox 3124 1285 3290 1357; x_wconf 75' lang='grc' dir='ltr'>φησὶν</span> <span class='ocrx_word' id='word_1_403' title='bbox 3333 1288 3361 1339; x_wconf 88' lang='grc' dir='ltr'>ὁ</span> <span class='ocrx_word' id='word_1_404' title='bbox 3385 1287 3549 1341; x_wconf 87' lang='grc' dir='ltr'>Δαϐίδ</span> <span class='ocrx_word' id='word_1_405' title='bbox 3567 1304 3580 1318; x_wconf 82' lang='lat'><strong>&#39;</strong></span> <span class='ocrx_word' id='word_1_406' title='bbox 3618 1306 3635 1338; x_wconf 86' lang='grc' dir='ltr'><strong>ι</strong></span> <span class='ocrx_word' id='word_1_407' title='bbox 3659 1289 3751 1342; x_wconf 79' lang='grc' dir='ltr'>Καὶ</span> 
     </span>
    </p>
   </div>
   <div class='ocr_carea' id='block_1_55' title="bbox 2204 1372 3749 1450">
    <p class='ocr_par' dir='ltr' id='par_1_55' title="bbox 2204 1372 3749 1450">
     <span class='ocr_line' id='line_1_55' title="bbox 2204 1372 3749 1450; baseline 0.005 -25"><span class='ocrx_word' id='word_1_408' title='bbox 2204 1373 2384 1425; x_wconf 86' lang='grc' dir='ltr'>πάντα</span> <span class='ocrx_word' id='word_1_409' title='bbox 2421 1374 2519 1426; x_wconf 79' lang='grc' dir='ltr'>ὅσα</span> <span class='ocrx_word' id='word_1_410' title='bbox 2550 1372 2617 1426; x_wconf 77' lang='grc' dir='ltr'>ἂν</span> <span class='ocrx_word' id='word_1_411' title='bbox 2647 1377 2772 1446; x_wconf 78' lang='grc' dir='ltr'>ποιῇ</span> <span class='ocrx_word' id='word_1_412' title='bbox 2807 1376 3328 1448; x_wconf 83' lang='grc' dir='ltr'>κατευοδωθήσεται.</span> <span class='ocrx_word' id='word_1_413' title='bbox 3360 1397 3381 1430; x_wconf 76' lang='grc' dir='ltr'><strong>ι</strong></span> <span class='ocrx_word' id='word_1_414' title='bbox 3410 1408 3481 1420; x_wconf 92' lang='grc'><strong><em>-</em></strong></span> <span class='ocrx_word' id='word_1_415' title='bbox 3519 1399 3537 1431; x_wconf 82' lang='grc' dir='ltr'><strong>ι</strong></span> <span class='ocrx_word' id='word_1_416' title='bbox 3572 1380 3749 1450; x_wconf 79' lang='grc' dir='ltr'><strong>Λύχνος</strong></span> 
     </span>
    </p>
   </div>
   <div class='ocr_carea' id='block_1_56' title="bbox 2200 1462 3750 1541">
    <p class='ocr_par' dir='ltr' id='par_1_56' title="bbox 2200 1462 3750 1541">
     <span class='ocr_line' id='line_1_56' title="bbox 2200 1462 3750 1541; baseline 0.006 -27"><span class='ocrx_word' id='word_1_417' title='bbox 2200 1462 2328 1530; x_wconf 77' lang='grc' dir='ltr'>γὰρ,</span> <span class='ocrx_word' id='word_1_418' title='bbox 2363 1464 2517 1532; x_wconf 64' lang='grc' dir='ltr'>φησι,</span> <span class='ocrx_word' id='word_1_419' title='bbox 2551 1467 2660 1528; x_wconf 74' lang='grc' dir='ltr'>τοῖς</span> <span class='ocrx_word' id='word_1_420' title='bbox 2693 1466 2818 1518; x_wconf 79' lang='grc' dir='ltr'>ποσί</span> <span class='ocrx_word' id='word_1_421' title='bbox 2850 1483 2952 1536; x_wconf 87' lang='grc' dir='ltr'><strong>μου</strong></span> <span class='ocrx_word' id='word_1_422' title='bbox 2985 1467 3013 1518; x_wconf 84' lang='grc' dir='ltr'>ὁ</span> <span class='ocrx_word' id='word_1_423' title='bbox 3039 1467 3201 1537; x_wconf 82' lang='grc' dir='ltr'>νόμος</span> <span class='ocrx_word' id='word_1_424' title='bbox 3240 1486 3358 1534; x_wconf 84' lang='grc' dir='ltr'>σου,</span> <span class='ocrx_word' id='word_1_425' title='bbox 3402 1469 3498 1522; x_wconf 73' lang='grc' dir='ltr'><strong>καὶ</strong></span> <span class='ocrx_word' id='word_1_426' title='bbox 3523 1469 3631 1541; x_wconf 66' lang='grc' dir='ltr'><strong>φῶς</strong></span> <span class='ocrx_word' id='word_1_427' title='bbox 3652 1475 3750 1535; x_wconf 80' lang='grc' dir='ltr'>ταῖς</span> 
     </span>
    </p>
   </div>
   <div class='ocr_carea' id='block_1_57' title="bbox 2156 1544 3750 1628">
    <p class='ocr_par' dir='ltr' id='par_1_57' title="bbox 2156 1544 3750 1628">
     <span class='ocr_line' id='line_1_57' title="bbox 2156 1544 3750 1628; baseline 0.008 -25"><span class='ocrx_word' id='word_1_428' title='bbox 2156 1544 2165 1552; x_wconf 60' lang='grc'>’</span> <span class='ocrx_word' id='word_1_429' title='bbox 2198 1553 2407 1623; x_wconf 83' lang='grc' dir='ltr'>τρίϐοις</span> <span class='ocrx_word' id='word_1_430' title='bbox 2437 1571 2560 1623; x_wconf 88' lang='grc' dir='ltr'>μου.</span> <span class='ocrx_word' id='word_1_431' title='bbox 2592 1574 2611 1607; x_wconf 81' lang='grc' dir='ltr'><strong>ι</strong></span> <span class='ocrx_word' id='word_1_432' title='bbox 2631 1555 2707 1609; x_wconf 88' lang='grc' dir='ltr'><strong>Δι’</strong></span> <span class='ocrx_word' id='word_1_433' title='bbox 2728 1549 2789 1611; x_wconf 76' lang='grc' dir='ltr'>οὗ</span> <span class='ocrx_word' id='word_1_434' title='bbox 2823 1557 3076 1628; x_wconf 76' lang='grc' dir='ltr'><strong>ῥωσθεὶς,</strong></span> <span class='ocrx_word' id='word_1_435' title='bbox 3109 1559 3331 1613; x_wconf 83' lang='grc' dir='ltr'>ἐκϐαλεῐ</span> <span class='ocrx_word' id='word_1_436' title='bbox 3360 1562 3541 1616; x_wconf 82' lang='grc' dir='ltr'>πᾶσαν</span> <span class='ocrx_word' id='word_1_437' title='bbox 3577 1563 3750 1616; x_wconf 76' lang='grc' dir='ltr'>δειλίαν</span> 
     </span>
    </p>
   </div>
   <div class='ocr_carea' id='block_1_58' title="bbox 2201 1645 2510 1716">
    <p class='ocr_par' dir='ltr' id='par_1_58' title="bbox 2201 1645 2510 1716">
     <span class='ocr_line' id='line_1_58' title="bbox 2201 1645 2510 1716; baseline 0.01 -18"><span class='ocrx_word' id='word_1_438' title='bbox 2201 1645 2297 1699; x_wconf 80' lang='grc' dir='ltr'>καὶ</span> <span class='ocrx_word' id='word_1_439' title='bbox 2325 1645 2510 1716; x_wconf 76' lang='grc' dir='ltr'>ιρὸϐον.</span> 
     </span>
    </p>
   </div>
   <div class='ocr_carea' id='block_1_59' title="bbox 2286 1810 3746 1897">
    <p class='ocr_par' dir='ltr' id='par_1_59' title="bbox 2286 1810 3746 1897">
     <span class='ocr_line' id='line_1_59' title="bbox 2286 1810 3746 1897; baseline 0.007 -25"><span class='ocrx_word' id='word_1_440' title='bbox 2286 1818 2696 1888; x_wconf 77' lang='grc' dir='ltr'>Ἑτοιμάζεσθε</span> <span class='ocrx_word' id='word_1_441' title='bbox 2723 1810 3124 1893; x_wconf 57' lang='grc' dir='ltr'>ἐπισιτισμὸν,</span> <span class='ocrx_word' id='word_1_442' title='bbox 3143 1824 3237 1880; x_wconf 83' lang='grc' dir='ltr'>ὅτι</span> <span class='ocrx_word' id='word_1_443' title='bbox 3255 1827 3342 1881; x_wconf 79' lang='grc' dir='ltr'>ἔτι</span> <span class='ocrx_word' id='word_1_444' title='bbox 3368 1828 3527 1896; x_wconf 76' lang='grc' dir='ltr'>τρεῖς</span> <span class='ocrx_word' id='word_1_445' title='bbox 3544 1829 3746 1897; x_wconf 74' lang='grc' dir='ltr'>ἡμέραι,</span> 
     </span>
    </p>
   </div>
   <div class='ocr_carea' id='block_1_60' title="bbox 2198 1907 3751 1981">
    <p class='ocr_par' dir='ltr' id='par_1_60' title="bbox 2198 1907 3751 1981">
     <span class='ocr_line' id='line_1_60' title="bbox 2198 1907 3751 1981; baseline 0.01 -22"><span class='ocrx_word' id='word_1_446' title='bbox 2198 1908 2296 1960; x_wconf 80' lang='grc' dir='ltr'><strong>καί</strong></span> <span class='ocrx_word' id='word_1_447' title='bbox 2336 1907 2699 1974; x_wconf 80' lang='grc' dir='ltr'>διαϐήσεσθε</span> <span class='ocrx_word' id='word_1_448' title='bbox 2725 1912 2835 1964; x_wconf 78' lang='grc' dir='ltr'><strong>τὸν</strong></span> <span class='ocrx_word' id='word_1_449' title='bbox 2867 1912 3174 1981; x_wconf 73' lang='grc' dir='ltr'><strong>Ἰορδάνην</strong></span> <span class='ocrx_word' id='word_1_450' title='bbox 3210 1916 3449 1973; x_wconf 82' lang='grc' dir='ltr'>τοῦτον.</span> <span class='ocrx_word' id='word_1_451' title='bbox 3477 1919 3651 1973; x_wconf 78' lang='grc' dir='ltr'>Ταῦτα</span> <span class='ocrx_word' id='word_1_452' title='bbox 3676 1920 3751 1974; x_wconf 73' lang='grc' dir='ltr'>διὰ</span> 
     </span>
    </p>
   </div>
   <div class='ocr_carea' id='block_1_61' title="bbox 2196 1998 3750 2079">
    <p class='ocr_par' dir='ltr' id='par_1_61' title="bbox 2196 1998 3750 2079">
     <span class='ocr_line' id='line_1_61' title="bbox 2196 1998 3750 2079; baseline 0.009 -29"><span class='ocrx_word' id='word_1_453' title='bbox 2196 1998 2304 2050; x_wconf 78' lang='grc' dir='ltr'><strong>τῶν</strong></span> <span class='ocrx_word' id='word_1_454' title='bbox 2350 1999 2728 2070; x_wconf 81' lang='grc' dir='ltr'>Γραμματέων</span> <span class='ocrx_word' id='word_1_455' title='bbox 2762 2002 2967 2071; x_wconf 86' lang='grc' dir='ltr'>Ἰησοῦς</span> <span class='ocrx_word' id='word_1_456' title='bbox 3011 2004 3278 2075; x_wconf 79' lang='grc' dir='ltr'><strong>δεδήλωκε</strong></span> <span class='ocrx_word' id='word_1_457' title='bbox 3322 2008 3403 2079; x_wconf 84' lang='grc' dir='ltr'>τῷ</span> <span class='ocrx_word' id='word_1_458' title='bbox 3452 2008 3592 2079; x_wconf 84' lang='grc' dir='ltr'>λαῷ·</span> <span class='ocrx_word' id='word_1_459' title='bbox 3624 2010 3750 2072; x_wconf 81' lang='grc' dir='ltr'><strong>οὒςό</strong></span> 
     </span>
    </p>
   </div>
   <div class='ocr_carea' id='block_1_62' title="bbox 2202 2089 3746 2172">
    <p class='ocr_par' dir='ltr' id='par_1_62' title="bbox 2202 2089 3746 2172">
     <span class='ocr_line' id='line_1_62' title="bbox 2202 2089 3746 2172; baseline 0.017 -34"><span class='ocrx_word' id='word_1_460' title='bbox 2202 2089 2301 2158; x_wconf 77' lang='grc' dir='ltr'>μὲν</span> <span class='ocrx_word' id='word_1_461' title='bbox 2336 2089 2585 2154; x_wconf 78' lang='grc' dir='ltr'>Ἀκύλας,</span> <span class='ocrx_word' id='word_1_462' title='bbox 2628 2091 2983 2160; x_wconf 78' lang='grc' dir='ltr'>ἐκϐιϐαστάς</span> <span class='ocrx_word' id='word_1_463' title='bbox 3036 2112 3236 2166; x_wconf 79' lang='grc' dir='ltr'>φησιν’</span> <span class='ocrx_word' id='word_1_464' title='bbox 3281 2100 3310 2151; x_wconf 84' lang='grc' dir='ltr'>ὁ</span> <span class='ocrx_word' id='word_1_465' title='bbox 3355 2100 3413 2153; x_wconf 82' lang='grc' dir='ltr'><strong>δὲ</strong></span> <span class='ocrx_word' id='word_1_466' title='bbox 3459 2101 3746 2172; x_wconf 74' lang='grc' dir='ltr'>Σύμμαχος,</span> 
     </span>
    </p>
   </div>
   <div class='ocr_carea' id='block_1_63' title="bbox 2197 2179 3749 2266">
    <p class='ocr_par' dir='ltr' id='par_1_63' title="bbox 2197 2179 3749 2266">
     <span class='ocr_line' id='line_1_63' title="bbox 2197 2179 3749 2266; baseline 0.013 -36"><span class='ocrx_word' id='word_1_467' title='bbox 2197 2179 2541 2247; x_wconf 80' lang='grc' dir='ltr'>ἐπιστάτας.</span> <span class='ocrx_word' id='word_1_468' title='bbox 2559 2183 2800 2238; x_wconf 86' lang='grc' dir='ltr'>Ἐοίκασι</span> <span class='ocrx_word' id='word_1_469' title='bbox 2833 2186 2891 2239; x_wconf 87' lang='grc' dir='ltr'><strong>δὲ</strong></span> <span class='ocrx_word' id='word_1_470' title='bbox 2936 2188 3079 2242; x_wconf 82' lang='grc' dir='ltr'>κατὰ</span> <span class='ocrx_word' id='word_1_471' title='bbox 3120 2192 3249 2252; x_wconf 78' lang='grc' dir='ltr'>τοὺς</span> <span class='ocrx_word' id='word_1_472' title='bbox 3289 2194 3449 2265; x_wconf 68' lang='grc' dir='ltr'>παρὰ</span> <span class='ocrx_word' id='word_1_473' title='bbox 3485 2196 3749 2266; x_wconf 82' lang='grc' dir='ltr'>Ῥωμαίοις</span> 
     </span>
    </p>
   </div>
   <div class='ocr_carea' id='block_1_64' title="bbox 2198 2270 3748 2358">
    <p class='ocr_par' dir='ltr' id='par_1_64' title="bbox 2198 2270 3748 2358">
     <span class='ocr_line' id='line_1_64' title="bbox 2198 2270 3748 2358; baseline 0.014 -38"><span class='ocrx_word' id='word_1_474' title='bbox 2198 2270 2578 2341; x_wconf 70' lang='grc' dir='ltr'>ὲκσκέπτορας</span> <span class='ocrx_word' id='word_1_475' title='bbox 2628 2270 2790 2339; x_wconf 76' lang='grc' dir='ltr'>εἷναι,</span> <span class='ocrx_word' id='word_1_476' title='bbox 2846 2277 2914 2330; x_wconf 89' lang='grc' dir='ltr'>δι’</span> <span class='ocrx_word' id='word_1_477' title='bbox 2953 2271 3029 2331; x_wconf 85' lang='grc' dir='ltr'>ὧν</span> <span class='ocrx_word' id='word_1_478' title='bbox 3058 2279 3278 2352; x_wconf 85' lang='grc' dir='ltr'>δηλοῦσι</span> <span class='ocrx_word' id='word_1_479' title='bbox 3322 2288 3441 2349; x_wconf 79' lang='grc' dir='ltr'>τοῖς</span> <span class='ocrx_word' id='word_1_480' title='bbox 3489 2287 3670 2358; x_wconf 83' lang='grc' dir='ltr'><strong>δήμοις</strong></span> <span class='ocrx_word' id='word_1_481' title='bbox 3708 2292 3748 2342; x_wconf 72' lang='lat' dir='ltr'><strong>oi</strong></span> 
     </span>
    </p>
   </div>
   <div class='ocr_carea' id='block_1_65' title="bbox 2196 2360 3750 2446">
    <p class='ocr_par' dir='ltr' id='par_1_65' title="bbox 2196 2360 3750 2446">
     <span class='ocr_line' id='line_1_65' title="bbox 2196 2360 3750 2446; baseline 0.013 -34"><span class='ocrx_word' id='word_1_482' title='bbox 2196 2360 2456 2432; x_wconf 75' lang='grc' dir='ltr'>ἄρχοντες</span> <span class='ocrx_word' id='word_1_483' title='bbox 2506 2364 2567 2416; x_wconf 87' lang='grc' dir='ltr'>τὸ</span> <span class='ocrx_word' id='word_1_484' title='bbox 2612 2365 2823 2422; x_wconf 87' lang='grc' dir='ltr'>δοκοῦν.</span> <span class='ocrx_word' id='word_1_485' title='bbox 2842 2368 3218 2443; x_wconf 82' lang='grc' dir='ltr'>Ἐπισιτισμδν</span> <span class='ocrx_word' id='word_1_486' title='bbox 3247 2373 3616 2446; x_wconf 44' lang='grc' dir='ltr'>δὲισυλλέγειν</span> <span class='ocrx_word' id='word_1_487' title='bbox 3656 2380 3750 2434; x_wconf 79' lang='grc' dir='ltr'><strong>ἀπὸ</strong></span> 
     </span>
    </p>
   </div>
   <div class='ocr_carea' id='block_1_66' title="bbox 2197 2452 3747 2542">
    <p class='ocr_par' dir='ltr' id='par_1_66' title="bbox 2197 2452 3747 2542">
     <span class='ocr_line' id='line_1_66' title="bbox 2197 2452 3747 2542; baseline 0.015 -39"><span class='ocrx_word' id='word_1_488' title='bbox 2197 2452 2291 2505; x_wconf 81' lang='grc' dir='ltr'><strong>τοῦ</strong></span> <span class='ocrx_word' id='word_1_489' title='bbox 2329 2454 2503 2523; x_wconf 85' lang='grc' dir='ltr'>μάννα</span> <span class='ocrx_word' id='word_1_490' title='bbox 2527 2457 3127 2533; x_wconf 83' lang='grc' dir='ltr'>προστάττονται,πρδς</span> <span class='ocrx_word' id='word_1_491' title='bbox 3153 2465 3232 2536; x_wconf 82' lang='grc' dir='ltr'>τῷ</span> <span class='ocrx_word' id='word_1_492' title='bbox 3262 2473 3400 2538; x_wconf 76' lang='grc' dir='ltr'>πρὸς</span> <span class='ocrx_word' id='word_1_493' title='bbox 3429 2471 3638 2542; x_wconf 76' lang='grc' dir='ltr'>ἡμέραν</span> <span class='ocrx_word' id='word_1_494' title='bbox 3661 2471 3747 2542; x_wconf 83' lang='grc' dir='ltr'><strong>ἀρ-</strong></span> 
     </span>
    </p>
   </div>
   <div class='ocr_carea' id='block_1_67' title="bbox 2198 2545 3748 2636">
    <p class='ocr_par' dir='ltr' id='par_1_67' title="bbox 2198 2545 3748 2636">
     <span class='ocr_line' id='line_1_67' title="bbox 2198 2545 3748 2636; baseline 0.014 -40"><span class='ocrx_word' id='word_1_495' title='bbox 2198 2545 2383 2599; x_wconf 81' lang='grc' dir='ltr'>κοῦντι</span> <span class='ocrx_word' id='word_1_496' title='bbox 2412 2548 2505 2600; x_wconf 74' lang='grc' dir='ltr'>ἐπὶ</span> <span class='ocrx_word' id='word_1_497' title='bbox 2541 2552 2689 2620; x_wconf 77' lang='grc' dir='ltr'>τρεῖς</span> <span class='ocrx_word' id='word_1_498' title='bbox 2711 2551 2928 2622; x_wconf 79' lang='grc' dir='ltr'>ἡμέρας</span> <span class='ocrx_word' id='word_1_499' title='bbox 2959 2555 3054 2608; x_wconf 70' lang='grc' dir='ltr'>καὶ</span> <span class='ocrx_word' id='word_1_500' title='bbox 3082 2557 3172 2611; x_wconf 81' lang='grc' dir='ltr'><strong>τὸν</strong></span> <span class='ocrx_word' id='word_1_501' title='bbox 3199 2560 3502 2630; x_wconf 84' lang='grc' dir='ltr'>άρκέσοντα</span> <span class='ocrx_word' id='word_1_502' title='bbox 3524 2564 3652 2636; x_wconf 73' lang='grc' dir='ltr'>πρὸς</span> <span class='ocrx_word' id='word_1_503' title='bbox 3671 2564 3748 2618; x_wconf 81' lang='grc' dir='ltr'>τὸν</span> 
     </span>
    </p>
   </div>
   <div class='ocr_carea' id='block_1_68' title="bbox 2198 2639 3745 2722">
    <p class='ocr_par' dir='ltr' id='par_1_68' title="bbox 2198 2639 3745 2722">
     <span class='ocr_line' id='line_1_68' title="bbox 2198 2639 3745 2722; baseline 0.014 -33"><span class='ocrx_word' id='word_1_504' title='bbox 2198 2639 2295 2710; x_wconf 80' lang='grc' dir='ltr'>τῆς</span> <span class='ocrx_word' id='word_1_505' title='bbox 2328 2639 2629 2705; x_wconf 84' lang='grc' dir='ltr'>διαϐάσεως</span> <span class='ocrx_word' id='word_1_506' title='bbox 2659 2646 2867 2715; x_wconf 69' lang='grc' dir='ltr'>χρόνον.</span> <span class='ocrx_word' id='word_1_507' title='bbox 2898 2648 2974 2701; x_wconf 78' lang='grc' dir='ltr'><strong>Οὐ</strong></span> <span class='ocrx_word' id='word_1_508' title='bbox 3004 2650 3112 2720; x_wconf 81' lang='grc' dir='ltr'><strong>γὰρ</strong></span> <span class='ocrx_word' id='word_1_509' title='bbox 3142 2651 3404 2722; x_wconf 73' lang='grc' dir='ltr'><strong>ἠδύναντο</strong></span> <span class='ocrx_word' id='word_1_510' title='bbox 3435 2656 3553 2709; x_wconf 82' lang='grc' dir='ltr'>τότε</span> <span class='ocrx_word' id='word_1_511' title='bbox 3579 2656 3745 2710; x_wconf 89' lang='grc' dir='ltr'>συλλέ-</span> 
     </span>
    </p>
   </div>
   <div class='ocr_carea' id='block_1_69' title="bbox 2208 2731 3746 2820">
    <p class='ocr_par' dir='ltr' id='par_1_69' title="bbox 2208 2731 3746 2820">
     <span class='ocr_line' id='line_1_69' title="bbox 2208 2731 3746 2820; baseline 0.013 -40"><span class='ocrx_word' id='word_1_512' title='bbox 2208 2745 2338 2796; x_wconf 76' lang='grc' dir='ltr'>γειν,</span> <span class='ocrx_word' id='word_1_513' title='bbox 2363 2731 2502 2801; x_wconf 81' lang='grc' dir='ltr'>πρὸς</span> <span class='ocrx_word' id='word_1_514' title='bbox 2522 2732 2620 2803; x_wconf 77' lang='grc' dir='ltr'>τὴν</span> <span class='ocrx_word' id='word_1_515' title='bbox 2645 2734 2896 2790; x_wconf 85' lang='grc' dir='ltr'>διάϐασιν</span> <span class='ocrx_word' id='word_1_516' title='bbox 2920 2739 3329 2812; x_wconf 83' lang='grc' dir='ltr'>ἀσχολούμενοι.</span> <span class='ocrx_word' id='word_1_517' title='bbox 3354 2746 3455 2800; x_wconf 85' lang='grc' dir='ltr'>Διὰ</span> <span class='ocrx_word' id='word_1_518' title='bbox 3478 2747 3581 2801; x_wconf 80' lang='grc' dir='ltr'><strong>τῶν</strong></span> <span class='ocrx_word' id='word_1_519' title='bbox 3600 2748 3746 2820; x_wconf 85' lang='grc' dir='ltr'>τριῶν</span> 
     </span>
    </p>
   </div>
   <div class='ocr_carea' id='block_1_70' title="bbox 2197 2817 3746 2913">
    <p class='ocr_par' dir='ltr' id='par_1_70' title="bbox 2197 2817 3746 2913">
     <span class='ocr_line' id='line_1_70' title="bbox 2197 2817 3746 2913; baseline 0.021 -47"><span class='ocrx_word' id='word_1_520' title='bbox 2197 2817 2290 2875; x_wconf 76' lang='grc' dir='ltr'>οὖν</span> <span class='ocrx_word' id='word_1_521' title='bbox 2334 2825 2555 2894; x_wconf 79' lang='grc' dir='ltr'>ἡμερῶν</span> <span class='ocrx_word' id='word_1_522' title='bbox 2605 2826 2668 2880; x_wconf 80' lang='grc' dir='ltr'>ὲκ</span> <span class='ocrx_word' id='word_1_523' title='bbox 2721 2830 3040 2902; x_wconf 84' lang='grc' dir='ltr'><strong>προσθήκης</strong></span> <span class='ocrx_word' id='word_1_524' title='bbox 3072 2835 3360 2906; x_wconf 85' lang='grc' dir='ltr'>συνέλεγον</span> <span class='ocrx_word' id='word_1_525' title='bbox 3394 2842 3489 2894; x_wconf 79' lang='grc' dir='ltr'><strong>καὶ</strong></span> <span class='ocrx_word' id='word_1_526' title='bbox 3531 2817 3746 2913; x_wconf 36' lang='grc' dir='ltr'>τὸν-τῆς</span> 
     </span>
    </p>
   </div>
   <div class='ocr_carea' id='block_1_71' title="bbox 2198 2912 3747 2998">
    <p class='ocr_par' dir='ltr' id='par_1_71' title="bbox 2198 2912 3747 2998">
     <span class='ocr_line' id='line_1_71' title="bbox 2198 2912 3747 2998; baseline 0.014 -34"><span class='ocrx_word' id='word_1_527' title='bbox 2198 2912 2409 2984; x_wconf 81' lang='grc' dir='ltr'>ἡμέρας</span> <span class='ocrx_word' id='word_1_528' title='bbox 2453 2916 2553 2985; x_wconf 80' lang='grc' dir='ltr'>τῆς</span> <span class='ocrx_word' id='word_1_529' title='bbox 2599 2917 2921 2985; x_wconf 63' lang='grc' dir='ltr'>διαϐάσεωςε</span> <span class='ocrx_word' id='word_1_530' title='bbox 2958 2924 3066 2977; x_wconf 57' lang='grc' dir='ltr'><strong>Καὶ¹</strong></span> <span class='ocrx_word' id='word_1_531' title='bbox 3097 2926 3216 2994; x_wconf 84' lang='grc' dir='ltr'>μετ’</span> <span class='ocrx_word' id='word_1_532' title='bbox 3240 2928 3435 2998; x_wconf 71' lang='grc' dir='ltr'><strong>ὀλίγα⁸</strong></span> <span class='ocrx_word' id='word_1_533' title='bbox 3464 2932 3570 2985; x_wconf 74' lang='grc' dir='ltr'><strong>Καὶ</strong></span> <span class='ocrx_word' id='word_1_534' title='bbox 3595 2931 3747 2994; x_wconf 76' lang='grc' dir='ltr'>ἄλλως</span> 
     </span>
    </p>
   </div>
   <div class='ocr_carea' id='block_1_72' title="bbox 2197 3005 3745 3096">
    <p class='ocr_par' dir='ltr' id='par_1_72' title="bbox 2197 3005 3745 3096">
     <span class='ocr_line' id='line_1_72' title="bbox 2197 3005 3745 3096; baseline 0.015 -40"><span class='ocrx_word' id='word_1_535' title='bbox 2197 3005 2276 3069; x_wconf 82' lang='grc' dir='ltr'><strong>δὲ,</strong></span> <span class='ocrx_word' id='word_1_536' title='bbox 2311 3006 2388 3076; x_wconf 76' lang='grc' dir='ltr'><strong>τῷ</strong></span> <span class='ocrx_word' id='word_1_537' title='bbox 2423 3008 2669 3077; x_wconf 80' lang='grc' dir='ltr'>μέλλοντι</span> <span class='ocrx_word' id='word_1_538' title='bbox 2695 3012 2944 3085; x_wconf 84' lang='grc' dir='ltr'>διαϐῆναι</span> <span class='ocrx_word' id='word_1_539' title='bbox 2987 3018 3078 3072; x_wconf 78' lang='grc' dir='ltr'><strong>τὸν</strong></span> <span class='ocrx_word' id='word_1_540' title='bbox 3116 3019 3387 3096; x_wconf 74' lang='grc' dir='ltr'>Ἰορδάνην</span> <span class='ocrx_word' id='word_1_541' title='bbox 3426 3025 3745 3096; x_wconf 78' lang='grc' dir='ltr'>ἐπισιτισμοῦ</span> 
     </span>
    </p>
   </div>
   <div class='ocr_carea' id='block_1_73' title="bbox 2197 3097 3747 3185">
    <p class='ocr_par' dir='ltr' id='par_1_73' title="bbox 2197 3097 3747 3185">
     <span class='ocr_line' id='line_1_73' title="bbox 2197 3097 3747 3185; baseline 0.015 -36"><span class='ocrx_word' id='word_1_542' title='bbox 2197 3097 2375 3168; x_wconf 82' lang='grc' dir='ltr'>χρεία,</span> <span class='ocrx_word' id='word_1_543' title='bbox 2412 3102 2509 3154; x_wconf 75' lang='grc' dir='ltr'><strong>καὶ</strong></span> <span class='ocrx_word' id='word_1_544' title='bbox 2555 3102 2662 3157; x_wconf 81' lang='grc' dir='ltr'><strong>τῶν</strong></span> <span class='ocrx_word' id='word_1_545' title='bbox 2706 3106 2771 3159; x_wconf 75' lang='grc' dir='ltr'>ὲκ</span> <span class='ocrx_word' id='word_1_546' title='bbox 2820 3109 3104 3177; x_wconf 80' lang='grc' dir='ltr'>μετανοίας</span> <span class='ocrx_word' id='word_1_547' title='bbox 3151 3113 3349 3185; x_wconf 76' lang='grc' dir='ltr'>ἔργων,</span> <span class='ocrx_word' id='word_1_548' title='bbox 3385 3117 3463 3183; x_wconf 87' lang='grc' dir='ltr'>ὡς</span> <span class='ocrx_word' id='word_1_549' title='bbox 3510 3118 3575 3173; x_wconf 82' lang='grc' dir='ltr'><strong>ἃν</strong></span> <span class='ocrx_word' id='word_1_550' title='bbox 3620 3119 3747 3173; x_wconf 76' lang='grc' dir='ltr'>εἴποι</span> 
     </span>
    </p>
   </div>
   <div class='ocr_carea' id='block_1_74' title="bbox 2199 3188 3745 3279">
    <p class='ocr_par' dir='ltr' id='par_1_74' title="bbox 2199 3188 3745 3279">
     <span class='ocr_line' id='line_1_74' title="bbox 2199 3188 3745 3279; baseline 0.015 -42"><span class='ocrx_word' id='word_1_551' title='bbox 2199 3188 2337 3279; x_wconf 74' lang='grc' dir='ltr'>μετὰ</span> <span class='ocrx_word' id='word_1_552' title='bbox 2365 3190 2602 3259; x_wconf 83' lang='grc' dir='ltr'>Χριστοῦ</span> <span class='ocrx_word' id='word_1_553' title='bbox 2627 3200 2642 3223; x_wconf 73' lang='grc' dir='ltr'>δ</span> <span class='ocrx_word' id='word_1_554' title='bbox 2679 3194 2885 3266; x_wconf 74' lang='grc' dir='ltr'>«Ἐμὸν</span> <span class='ocrx_word' id='word_1_555' title='bbox 2927 3201 3044 3252; x_wconf 80' lang='grc' dir='ltr'>ἐστι</span> <span class='ocrx_word' id='word_1_556' title='bbox 3093 3201 3286 3275; x_wconf 74' lang='grc' dir='ltr'>βρῶμα</span> <span class='ocrx_word' id='word_1_557' title='bbox 3333 3208 3399 3260; x_wconf 84' lang='grc' dir='ltr'>τὸ</span> <span class='ocrx_word' id='word_1_558' title='bbox 3452 3209 3663 3279; x_wconf 72' lang='grc' dir='ltr'>ποιῆσαι</span> <span class='ocrx_word' id='word_1_559' title='bbox 3694 3206 3745 3261; x_wconf 80' lang='grc' dir='ltr'>τὸ</span> 
     </span>
    </p>
   </div>
   <div class='ocr_carea' id='block_1_75' title="bbox 2196 3276 3739 3370">
    <p class='ocr_par' dir='ltr' id='par_1_75' title="bbox 2196 3276 3739 3370">
     <span class='ocr_line' id='line_1_75' title="bbox 2196 3276 3739 3370; baseline 0.014 -42"><span class='ocrx_word' id='word_1_560' title='bbox 2196 3276 2407 3348; x_wconf 82' lang='grc' dir='ltr'>θέλημα</span> <span class='ocrx_word' id='word_1_561' title='bbox 2429 3280 2524 3333; x_wconf 86' lang='grc' dir='ltr'><strong>τοῦ</strong></span> <span class='ocrx_word' id='word_1_562' title='bbox 2554 3282 2872 3355; x_wconf 77' lang='grc' dir='ltr'>πέμψαντός</span> <span class='ocrx_word' id='word_1_563' title='bbox 2903 3305 2993 3359; x_wconf 88' lang='grc' dir='ltr'>με.</span> <span class='ocrx_word' id='word_1_564' title='bbox 3022 3310 3041 3343; x_wconf 77' lang='grc' dir='ltr'><strong>ι</strong></span> <span class='ocrx_word' id='word_1_565' title='bbox 3070 3292 3179 3345; x_wconf 77' lang='grc' dir='ltr'><strong>Καὶ</strong></span> <span class='ocrx_word' id='word_1_566' title='bbox 3212 3294 3288 3366; x_wconf 83' lang='grc' dir='ltr'>τῷ</span> <span class='ocrx_word' id='word_1_567' title='bbox 3310 3297 3471 3370; x_wconf 74' lang='grc' dir='ltr'>Ἠλίᾳ</span> <span class='ocrx_word' id='word_1_568' title='bbox 3496 3276 3739 3367; x_wconf 34' lang='grc' dir='ltr'>δὲ-λέγει·</span> 
     </span>
    </p>
   </div>
   <div class='ocr_carea' id='block_1_76' title="bbox 2200 3373 3741 3459">
    <p class='ocr_par' dir='ltr' id='par_1_76' title="bbox 2200 3373 3741 3459">
     <span class='ocr_line' id='line_1_76' title="bbox 2200 3373 3741 3459; baseline 0.014 -37"><span class='ocrx_word' id='word_1_569' title='bbox 2200 3387 2220 3421; x_wconf 79' lang='grc' dir='ltr'><strong>ι</strong></span> <span class='ocrx_word' id='word_1_570' title='bbox 2244 3373 2507 3438; x_wconf 81' lang='grc' dir='ltr'>Ἀναστὰς</span> <span class='ocrx_word' id='word_1_571' title='bbox 2546 3377 2708 3446; x_wconf 83' lang='grc' dir='ltr'>φάγε,</span> <span class='ocrx_word' id='word_1_572' title='bbox 2739 3381 2821 3434; x_wconf 85' lang='grc' dir='ltr'>ὅτι</span> <span class='ocrx_word' id='word_1_573' title='bbox 2857 3383 3073 3455; x_wconf 80' lang='grc' dir='ltr'>μακρὰν</span> <span class='ocrx_word' id='word_1_574' title='bbox 3101 3387 3135 3459; x_wconf 83' lang='grc' dir='ltr'><strong>ή</strong></span> <span class='ocrx_word' id='word_1_575' title='bbox 3170 3388 3288 3452; x_wconf 75' lang='grc' dir='ltr'>ὁδὸς</span> <span class='ocrx_word' id='word_1_576' title='bbox 3313 3390 3423 3445; x_wconf 81' lang='grc' dir='ltr'><strong>ἀπὸ</strong></span> <span class='ocrx_word' id='word_1_577' title='bbox 3450 3391 3561 3447; x_wconf 90' lang='grc' dir='ltr'>σοῦ.</span> <span class='ocrx_word' id='word_1_578' title='bbox 3583 3412 3601 3443; x_wconf 81' lang='grc' dir='ltr'><strong>ι</strong></span> <span class='ocrx_word' id='word_1_579' title='bbox 3628 3390 3741 3445; x_wconf 83' lang='grc' dir='ltr'>Θεοῦ</span> 
     </span>
    </p>
   </div>
   <div class='ocr_carea' id='block_1_77' title="bbox 2193 3465 3739 3556">
    <p class='ocr_par' dir='ltr' id='par_1_77' title="bbox 2193 3465 3739 3556">
     <span class='ocr_line' id='line_1_77' title="bbox 2193 3465 3739 3556; baseline 0.012 -39"><span class='ocrx_word' id='word_1_580' title='bbox 2193 3465 2303 3535; x_wconf 84' lang='grc' dir='ltr'>γὰρ</span> <span class='ocrx_word' id='word_1_581' title='bbox 2350 3466 2468 3530; x_wconf 82' lang='grc' dir='ltr'>ὁδὸς</span> <span class='ocrx_word' id='word_1_582' title='bbox 2495 3469 2756 3539; x_wconf 77' lang='grc' dir='ltr'>ἐργασίαν</span> <span class='ocrx_word' id='word_1_583' title='bbox 2785 3473 2989 3546; x_wconf 81' lang='grc' dir='ltr'>ἀρετῆς</span> <span class='ocrx_word' id='word_1_584' title='bbox 3022 3478 3272 3533; x_wconf 76' lang='grc' dir='ltr'><strong>ἀπαιτεῖο</strong></span> <span class='ocrx_word' id='word_1_585' title='bbox 3309 3485 3407 3537; x_wconf 74' lang='grc' dir='ltr'>καὶ</span> <span class='ocrx_word' id='word_1_586' title='bbox 3438 3485 3518 3539; x_wconf 84' lang='grc' dir='ltr'>δεῖ</span> <span class='ocrx_word' id='word_1_587' title='bbox 3560 3485 3629 3556; x_wconf 79' lang='grc' dir='ltr'>μὴ</span> <span class='ocrx_word' id='word_1_588' title='bbox 3656 3484 3739 3537; x_wconf 68' lang='grc' dir='ltr'><strong>αἰη-</strong></span> 
     </span>
    </p>
   </div>
   <div class='ocr_carea' id='block_1_78' title="bbox 2193 3556 3742 3644">
    <p class='ocr_par' dir='ltr' id='par_1_78' title="bbox 2193 3556 3742 3644">
     <span class='ocr_line' id='line_1_78' title="bbox 2193 3556 3742 3644; baseline 0.011 -37"><span class='ocrx_word' id='word_1_589' title='bbox 2193 3556 2582 3625; x_wconf 76' lang='grc' dir='ltr'>τοσχεδιάζειν,</span> <span class='ocrx_word' id='word_1_590' title='bbox 2612 3560 2748 3615; x_wconf 82' lang='grc' dir='ltr'>ἀλλὰ</span> <span class='ocrx_word' id='word_1_591' title='bbox 2799 3563 2893 3616; x_wconf 86' lang='grc' dir='ltr'><strong>τοῦ</strong></span> <span class='ocrx_word' id='word_1_592' title='bbox 2935 3565 3081 3619; x_wconf 84' lang='grc' dir='ltr'>θείου</span> <span class='ocrx_word' id='word_1_593' title='bbox 3131 3570 3354 3642; x_wconf 81' lang='grc' dir='ltr'>λουτροῦ</span> <span class='ocrx_word' id='word_1_594' title='bbox 3407 3573 3742 3644; x_wconf 82' lang='grc' dir='ltr'>προκαθαίρε-</span> 
     </span>
    </p>
   </div>
   <div class='ocr_carea' id='block_1_79' title="bbox 2195 3647 3739 3730">
    <p class='ocr_par' dir='ltr' id='par_1_79' title="bbox 2195 3647 3739 3730">
     <span class='ocr_line' id='line_1_79' title="bbox 2195 3647 3739 3730; baseline 0.012 -33"><span class='ocrx_word' id='word_1_595' title='bbox 2195 3648 2339 3700; x_wconf 85' lang='grc' dir='ltr'>σθαι.</span> <span class='ocrx_word' id='word_1_596' title='bbox 2371 3647 2525 3719; x_wconf 87' lang='grc' dir='ltr'><strong>Τάχα</strong></span> <span class='ocrx_word' id='word_1_597' title='bbox 2575 3651 2664 3706; x_wconf 69' lang='grc' dir='ltr'><strong>διὰ</strong></span> <span class='ocrx_word' id='word_1_598' title='bbox 2704 3653 2864 3708; x_wconf 86' lang='grc' dir='ltr'>τοῦτο</span> <span class='ocrx_word' id='word_1_599' title='bbox 2909 3659 3254 3730; x_wconf 84' lang='grc' dir='ltr'><strong>κεκράτηκεν</strong></span> <span class='ocrx_word' id='word_1_600' title='bbox 3295 3664 3352 3715; x_wconf 84' lang='grc' dir='ltr'>ὲν</span> <span class='ocrx_word' id='word_1_601' title='bbox 3390 3665 3605 3727; x_wconf 71' lang='grc' dir='ltr'>πολλαῖς</span> <span class='ocrx_word' id='word_1_602' title='bbox 3633 3664 3739 3716; x_wconf 86' lang='grc' dir='ltr'>Ἐκ-</span> 
     </span>
    </p>
   </div>
   <div class='ocr_carea' id='block_1_80' title="bbox 2193 3736 3742 3824">
    <p class='ocr_par' dir='ltr' id='par_1_80' title="bbox 2193 3736 3742 3824">
     <span class='ocr_line' id='line_1_80' title="bbox 2193 3736 3742 3824; baseline 0.012 -37"><span class='ocrx_word' id='word_1_603' title='bbox 2193 3736 2443 3807; x_wconf 84' lang='grc' dir='ltr'>κλησίαις</span> <span class='ocrx_word' id='word_1_604' title='bbox 2485 3742 2551 3811; x_wconf 82' lang='grc' dir='ltr'>τῆ</span> <span class='ocrx_word' id='word_1_605' title='bbox 2583 3744 2814 3814; x_wconf 66' lang='grc' dir='ltr'>ξτετράδι</span> <span class='ocrx_word' id='word_1_606' title='bbox 2862 3747 2963 3817; x_wconf 84' lang='grc' dir='ltr'>τῆς</span> <span class='ocrx_word' id='word_1_607' title='bbox 3011 3749 3172 3818; x_wconf 87' lang='grc' dir='ltr'>ἁγίας</span> <span class='ocrx_word' id='word_1_608' title='bbox 3207 3750 3500 3824; x_wconf 79' lang='grc' dir='ltr'>ἑϐδομάδος</span> <span class='ocrx_word' id='word_1_609' title='bbox 3533 3771 3742 3821; x_wconf 78' lang='grc' dir='ltr'>προκατ-</span> 
     </span>
    </p>
   </div>
   <div class='ocr_carea' id='block_1_81' title="bbox 2190 3828 3737 3917">
    <p class='ocr_par' dir='ltr' id='par_1_81' title="bbox 2190 3828 3737 3917">
     <span class='ocr_line' id='line_1_81' title="bbox 2190 3828 3737 3917; baseline 0.012 -38"><span class='ocrx_word' id='word_1_610' title='bbox 2190 3828 2440 3897; x_wconf 78' lang='grc' dir='ltr'>ηχεῖσθαι</span> <span class='ocrx_word' id='word_1_611' title='bbox 2469 3831 2537 3885; x_wconf 81' lang='grc' dir='ltr'><strong>τὰ</strong></span> <span class='ocrx_word' id='word_1_612' title='bbox 2562 3831 2675 3899; x_wconf 88' lang='grc' dir='ltr'>νῦν,</span> <span class='ocrx_word' id='word_1_613' title='bbox 2703 3835 2778 3898; x_wconf 85' lang='grc' dir='ltr'>ὡς</span> <span class='ocrx_word' id='word_1_614' title='bbox 2805 3837 2978 3891; x_wconf 78' lang='grc' dir='ltr'>εἰπεῖν</span> <span class='ocrx_word' id='word_1_615' title='bbox 3021 3840 3314 3907; x_wconf 85' lang='grc' dir='ltr'>ἀκούοντας</span> <span class='ocrx_word' id='word_1_616' title='bbox 3337 3862 3351 3877; x_wconf 91' lang='grc'><strong>·</strong></span> <span class='ocrx_word' id='word_1_617' title='bbox 3406 3864 3425 3898; x_wconf 82' lang='grc' dir='ltr'><strong>ι</strong></span> <span class='ocrx_word' id='word_1_618' title='bbox 3447 3844 3737 3917; x_wconf 78' lang='grc' dir='ltr'>Ἐτοιμάζε-</span> 
     </span>
    </p>
   </div>
   <div class='ocr_carea' id='block_1_82' title="bbox 2194 3920 3736 4008">
    <p class='ocr_par' dir='ltr' id='par_1_82' title="bbox 2194 3920 3736 4008">
     <span class='ocr_line' id='line_1_82' title="bbox 2194 3920 3736 4008; baseline 0.016 -37"><span class='ocrx_word' id='word_1_619' title='bbox 2194 3920 2286 3972; x_wconf 87' lang='grc' dir='ltr'>σθε</span> <span class='ocrx_word' id='word_1_620' title='bbox 2326 3921 2539 3986; x_wconf 78' lang='grc' dir='ltr'>ἑαυτοῖς</span> <span class='ocrx_word' id='word_1_621' title='bbox 2582 3925 3078 3997; x_wconf 85' lang='grc' dir='ltr'>ὲπισιτισμόν.Ἕτι</span> <span class='ocrx_word' id='word_1_622' title='bbox 3109 3933 3218 4005; x_wconf 81' lang='grc' dir='ltr'><strong>γὰρ</strong></span> <span class='ocrx_word' id='word_1_623' title='bbox 3263 3941 3310 4003; x_wconf 90' lang='grc' dir='ltr'>γ’</span> <span class='ocrx_word' id='word_1_624' title='bbox 3344 3937 3558 4008; x_wconf 73' lang='grc' dir='ltr'>ἡμέρας</span> <span class='ocrx_word' id='word_1_625' title='bbox 3602 3938 3736 4006; x_wconf 82' lang='grc' dir='ltr'>ὑμεῖς</span> 
     </span>
    </p>
   </div>
   <div class='ocr_carea' id='block_1_83' title="bbox 2190 4010 3731 4099">
    <p class='ocr_par' dir='ltr' id='par_1_83' title="bbox 2190 4010 3731 4099">
     <span class='ocr_line' id='line_1_83' title="bbox 2190 4010 3731 4099; baseline 0.017 -36"><span class='ocrx_word' id='word_1_626' title='bbox 2190 4010 2515 4083; x_wconf 79' lang='grc' dir='ltr'>διαϐήσεσθε</span> <span class='ocrx_word' id='word_1_627' title='bbox 2551 4016 2643 4072; x_wconf 89' lang='grc' dir='ltr'>τὸν</span> <span class='ocrx_word' id='word_1_628' title='bbox 2679 4019 2967 4091; x_wconf 82' lang='grc' dir='ltr'>Ἰορδάνην.</span> <span class='ocrx_word' id='word_1_629' title='bbox 3003 4040 3022 4074; x_wconf 76' lang='grc' dir='ltr'><strong>ι</strong></span> <span class='ocrx_word' id='word_1_630' title='bbox 3056 4025 3147 4095; x_wconf 81' lang='grc' dir='ltr'><strong>Μὴ</strong></span> <span class='ocrx_word' id='word_1_631' title='bbox 3179 4026 3386 4096; x_wconf 86' lang='grc' dir='ltr'>κώμοις</span> <span class='ocrx_word' id='word_1_632' title='bbox 3424 4032 3516 4083; x_wconf 75' lang='grc' dir='ltr'>καὶ</span> <span class='ocrx_word' id='word_1_633' title='bbox 3543 4029 3731 4099; x_wconf 80' lang='grc' dir='ltr'>μέθαις,</span> 
     </span>
    </p>
   </div>
   <div class='ocr_carea' id='block_1_84' title="bbox 2194 4102 3733 4190">
    <p class='ocr_par' dir='ltr' id='par_1_84' title="bbox 2194 4102 3733 4190">
     <span class='ocr_line' id='line_1_84' title="bbox 2194 4102 3733 4190; baseline 0.009 -36"><span class='ocrx_word' id='word_1_634' title='bbox 2194 4102 2268 4172; x_wconf 76' lang='grc' dir='ltr'>μὴ</span> <span class='ocrx_word' id='word_1_635' title='bbox 2296 4103 2505 4169; x_wconf 84' lang='grc' dir='ltr'>κοίταις</span> <span class='ocrx_word' id='word_1_636' title='bbox 2532 4111 2629 4159; x_wconf 78' lang='grc' dir='ltr'><strong>καὶ</strong></span> <span class='ocrx_word' id='word_1_637' title='bbox 2651 4110 2962 4179; x_wconf 81' lang='grc' dir='ltr'>ἀσελγείαις</span> <span class='ocrx_word' id='word_1_638' title='bbox 2982 4152 2999 4177; x_wconf 90' lang='lat'><strong>,</strong></span> <span class='ocrx_word' id='word_1_639' title='bbox 3037 4116 3215 4169; x_wconf 84' lang='grc' dir='ltr'>πάντα</span> <span class='ocrx_word' id='word_1_640' title='bbox 3246 4119 3594 4190; x_wconf 83' lang='grc' dir='ltr'>εὐσχημόνως</span> <span class='ocrx_word' id='word_1_641' title='bbox 3611 4160 3625 4184; x_wconf 87' lang='grc'><em>,</em></span> <span class='ocrx_word' id='word_1_642' title='bbox 3654 4116 3733 4170; x_wconf 80' lang='grc' dir='ltr'><strong>καὶ</strong></span> 
     </span>
    </p>
   </div>
   <div class='ocr_carea' id='block_1_85' title="bbox 2189 4195 3731 4279">
    <p class='ocr_par' dir='ltr' id='par_1_85' title="bbox 2189 4195 3731 4279">
     <span class='ocr_line' id='line_1_85' title="bbox 2189 4195 3731 4279; baseline 0.01 -33"><span class='ocrx_word' id='word_1_643' title='bbox 2189 4195 2331 4247; x_wconf 83' lang='grc' dir='ltr'>κατὰ</span> <span class='ocrx_word' id='word_1_644' title='bbox 2378 4196 2532 4260; x_wconf 78' lang='grc' dir='ltr'>τάξιν</span> <span class='ocrx_word' id='word_1_645' title='bbox 2581 4199 2834 4267; x_wconf 82' lang='grc' dir='ltr'>γινέσθω.</span> <span class='ocrx_word' id='word_1_646' title='bbox 2868 4220 2886 4253; x_wconf 84' lang='grc' dir='ltr'><strong>ι</strong></span> <span class='ocrx_word' id='word_1_647' title='bbox 2922 4204 3016 4268; x_wconf 76' lang='lat' dir='ltr'><strong>Ei;</strong></span> <span class='ocrx_word' id='word_1_648' title='bbox 3058 4205 3335 4275; x_wconf 86' lang='grc' dir='ltr'>βασιλείαν</span> <span class='ocrx_word' id='word_1_649' title='bbox 3365 4210 3602 4279; x_wconf 79' lang='grc' dir='ltr'>οὐρανῶν</span> <span class='ocrx_word' id='word_1_650' title='bbox 3631 4209 3731 4261; x_wconf 87' lang='grc' dir='ltr'>δια-</span> 
     </span>
    </p>
   </div>
   <div class='ocr_carea' id='block_1_86' title="bbox 2191 4282 3730 4368">
    <p class='ocr_par' dir='ltr' id='par_1_86' title="bbox 2191 4282 3730 4368">
     <span class='ocr_line' id='line_1_86' title="bbox 2191 4282 3730 4368; baseline 0.013 -35"><span class='ocrx_word' id='word_1_651' title='bbox 2191 4282 2532 4368; x_wconf 80' lang='grc' dir='ltr'>ϐαίνεις,οὐκ</span> <span class='ocrx_word' id='word_1_652' title='bbox 2564 4289 2834 4361; x_wconf 81' lang='grc' dir='ltr'>αἰσθητῶν</span> <span class='ocrx_word' id='word_1_653' title='bbox 2865 4293 2946 4346; x_wconf 85' lang='grc' dir='ltr'><strong>δεῖ</strong></span> <span class='ocrx_word' id='word_1_654' title='bbox 2976 4311 3057 4348; x_wconf 83' lang='grc' dir='ltr'><strong>σοι</strong></span> <span class='ocrx_word' id='word_1_655' title='bbox 3091 4295 3400 4368; x_wconf 89' lang='grc' dir='ltr'>βρωμάτων</span> <span class='ocrx_word' id='word_1_656' title='bbox 3422 4317 3436 4330; x_wconf 90' lang='grc'><strong>·</strong></span> <span class='ocrx_word' id='word_1_657' title='bbox 3466 4300 3541 4364; x_wconf 80' lang='grc' dir='ltr'>ὡς</span> <span class='ocrx_word' id='word_1_658' title='bbox 3566 4300 3626 4354; x_wconf 80' lang='grc' dir='ltr'>ἂν</span> <span class='ocrx_word' id='word_1_659' title='bbox 3651 4297 3730 4349; x_wconf 70' lang='grc' dir='ltr'><strong>καὶ</strong></span> 
     </span>
    </p>
   </div>
   <div class='ocr_carea' id='block_1_87' title="bbox 2189 4366 3727 4463">
    <p class='ocr_par' dir='ltr' id='par_1_87' title="bbox 2189 4366 3727 4463">
     <span class='ocr_line' id='line_1_87' title="bbox 2189 4366 3727 4463; baseline 0.009 -39"><span class='ocrx_word' id='word_1_660' title='bbox 2189 4366 2233 4440; x_wconf 82' lang='grc' dir='ltr'>ᾧ</span> <span class='ocrx_word' id='word_1_661' title='bbox 2267 4375 2885 4463; x_wconf 12' lang='grc' dir='ltr'>συνάπτεσθαιῗμέλλεις</span> <span class='ocrx_word' id='word_1_662' title='bbox 2927 4366 3148 4458; x_wconf 73' lang='grc' dir='ltr'>νυμφίιρ</span> <span class='ocrx_word' id='word_1_663' title='bbox 3191 4390 3473 4463; x_wconf 80' lang='grc' dir='ltr'>ἀπολαύσῃ</span> <span class='ocrx_word' id='word_1_664' title='bbox 3518 4389 3605 4443; x_wconf 83' lang='grc' dir='ltr'><strong>τοῦ</strong></span> <span class='ocrx_word' id='word_1_665' title='bbox 3650 4385 3727 4439; x_wconf 85' lang='grc' dir='ltr'><strong>σοῦ</strong></span> 
     </span>
    </p>
   </div>
   <div class='ocr_carea' id='block_1_88' title="bbox 526 4455 2098 4547">
    <p class='ocr_par' dir='ltr' id='par_1_88' title="bbox 526 4455 2083 4531">
     <span class='ocr_line' id='line_1_88' title="bbox 526 4455 2083 4531; baseline 0.004 -22"><span class='ocrx_word' id='word_1_666' title='bbox 526 4469 646 4509; x_wconf 85' lang='lat' dir='ltr'><strong>eam</strong></span> <span class='ocrx_word' id='word_1_667' title='bbox 684 4455 838 4522; x_wconf 91' lang='lat' dir='ltr'><strong>prius</strong></span> <span class='ocrx_word' id='word_1_668' title='bbox 886 4455 1233 4509; x_wconf 88' lang='lat' dir='ltr'><strong>instruentur</strong></span> <span class='ocrx_word' id='word_1_669' title='bbox 1267 4457 1460 4522; x_wconf 88' lang='lat' dir='ltr'><strong>sacris,</strong></span> <span class='ocrx_word' id='word_1_670' title='bbox 1503 4462 1661 4525; x_wconf 89' lang='lat' dir='ltr'><strong>quasi</strong></span> <span class='ocrx_word' id='word_1_671' title='bbox 1696 4460 2083 4531; x_wconf 83' lang='lat' dir='ltr'><strong>videlicetjam</strong></span> 
     </span>
    </p>
   </div>
   <div class='ocr_carea' id='block_1_89' title="bbox 2196 4455 3729 4547">
    <p class='ocr_par' dir='ltr' id='par_1_89' title="bbox 2196 4455 3729 4547">
     <span class='ocr_line' id='line_1_89' title="bbox 2196 4455 3729 4547; baseline 0.012 -34"><span class='ocrx_word' id='word_1_672' title='bbox 2196 4464 2462 4534; x_wconf 87' lang='grc' dir='ltr'>σιτισμοῦ,</span> <span class='ocrx_word' id='word_1_673' title='bbox 2496 4468 2590 4520; x_wconf 78' lang='grc' dir='ltr'>καὶ</span> <span class='ocrx_word' id='word_1_674' title='bbox 2634 4462 2709 4522; x_wconf 82' lang='grc' dir='ltr'>ὧν</span> <span class='ocrx_word' id='word_1_675' title='bbox 2754 4472 2991 4546; x_wconf 79' lang='grc' dir='ltr'>ἐπιφέρῃ</span> <span class='ocrx_word' id='word_1_676' title='bbox 3044 4455 3295 4547; x_wconf 80' lang='grc' dir='ltr'>καρπῶν.</span> <span class='ocrx_word' id='word_1_677' title='bbox 3334 4455 3492 4533; x_wconf 66' lang='grc' dir='ltr'><strong>Ἀλλᾶ</strong></span> <span class='ocrx_word' id='word_1_678' title='bbox 3539 4478 3646 4541; x_wconf 81' lang='grc' dir='ltr'>πῶς</span> <span class='ocrx_word' id='word_1_679' title='bbox 3680 4474 3729 4526; x_wconf 78' lang='grc' dir='ltr'>τὸ</span> 
     </span>
    </p>
   </div>
   <div class='ocr_carea' id='block_1_90' title="bbox 529 4544 2085 4616">
    <p class='ocr_par' dir='ltr' id='par_1_90' title="bbox 529 4544 2085 4616">
     <span class='ocr_line' id='line_1_90' title="bbox 529 4544 2085 4616; baseline 0.004 -19"><span class='ocrx_word' id='word_1_680' title='bbox 529 4556 674 4597; x_wconf 85' lang='lat' dir='ltr'><strong>nunc</strong></span> <span class='ocrx_word' id='word_1_681' title='bbox 727 4544 1024 4598; x_wconf 88' lang='lat' dir='ltr'><strong>audirent:</strong></span> <span class='ocrx_word' id='word_1_682' title='bbox 1082 4563 1101 4595; x_wconf 83' lang='grc' dir='ltr'><strong>ι</strong></span> <span class='ocrx_word' id='word_1_683' title='bbox 1140 4545 1332 4600; x_wconf 73' lang='lat' dir='ltr'><strong>Pal-ate</strong></span> <span class='ocrx_word' id='word_1_684' title='bbox 1377 4548 1531 4601; x_wconf 82' lang='lat' dir='ltr'><strong>vobis</strong></span> <span class='ocrx_word' id='word_1_685' title='bbox 1562 4560 1950 4616; x_wconf 88' lang='lat' dir='ltr'><strong>commeatum,</strong></span> <span class='ocrx_word' id='word_1_686' title='bbox 1989 4552 2085 4605; x_wconf 86' lang='lat' dir='ltr'><strong>ad-</strong></span> 
     </span>
    </p>
   </div>
   <div class='ocr_carea' id='block_1_91' title="bbox 529 4633 2079 4707">
    <p class='ocr_par' dir='ltr' id='par_1_91' title="bbox 529 4633 2079 4707">
     <span class='ocr_line' id='line_1_91' title="bbox 529 4633 2079 4707; baseline 0.005 -21"><span class='ocrx_word' id='word_1_687' title='bbox 529 4634 636 4687; x_wconf 88' lang='lat' dir='ltr'><strong>huc</strong></span> <span class='ocrx_word' id='word_1_688' title='bbox 677 4633 822 4687; x_wconf 90' lang='lat' dir='ltr'><strong>enim</strong></span> <span class='ocrx_word' id='word_1_689' title='bbox 875 4634 1017 4686; x_wconf 90' lang='lat' dir='ltr'><strong>intra</strong></span> <span class='ocrx_word' id='word_1_690' title='bbox 1053 4635 1302 4687; x_wconf 82' lang='lat' dir='ltr'><strong>triduum</strong></span> <span class='ocrx_word' id='word_1_691' title='bbox 1350 4637 1642 4705; x_wconf 85' lang='lat' dir='ltr'><strong>trajicietis</strong></span> <span class='ocrx_word' id='word_1_692' title='bbox 1684 4637 1980 4695; x_wconf 80' lang='lat' dir='ltr'><strong>Jordancm</strong></span> <span class='ocrx_word' id='word_1_693' title='bbox 2010 4659 2024 4707; x_wconf 91' lang='lat'><strong>;</strong></span> <span class='ocrx_word' id='word_1_694' title='bbox 2060 4660 2079 4693; x_wconf 75' lang='grc' dir='ltr'><strong>ι</strong></span> 
     </span>
    </p>
   </div>
   <div class='ocr_carea' id='block_1_92' title="bbox 526 4722 2091 4794">
    <p class='ocr_par' dir='ltr' id='par_1_92' title="bbox 526 4722 2091 4794">
     <span class='ocr_line' id='line_1_92' title="bbox 526 4722 2091 4794; baseline 0.006 -17"><span class='ocrx_word' id='word_1_695' title='bbox 526 4724 611 4778; x_wconf 71' lang='grc' dir='ltr'><strong>νει</strong></span> <span class='ocrx_word' id='word_1_696' title='bbox 660 4723 790 4778; x_wconf 90' lang='lat' dir='ltr'><strong>illud</strong></span> <span class='ocrx_word' id='word_1_697' title='bbox 843 4740 857 4777; x_wconf 86' lang='lat'><strong>:</strong></span> <span class='ocrx_word' id='word_1_698' title='bbox 898 4742 915 4775; x_wconf 84' lang='grc' dir='ltr'><strong>ι</strong></span> <span class='ocrx_word' id='word_1_699' title='bbox 971 4722 1090 4776; x_wconf 85' lang='grc' dir='ltr'>Νοιι</span> <span class='ocrx_word' id='word_1_700' title='bbox 1131 4728 1646 4794; x_wconf 84' lang='lat' dir='ltr'><strong>comessationibus,</strong></span> <span class='ocrx_word' id='word_1_701' title='bbox 1697 4733 2091 4793; x_wconf 81' lang='lat' dir='ltr'><strong>non&#39;ebrieta-</strong></span> 
     </span>
    </p>
   </div>
   <div class='ocr_carea' id='block_1_93' title="bbox 527 4814 2088 4884">
    <p class='ocr_par' dir='ltr' id='par_1_93' title="bbox 527 4814 2088 4884">
     <span class='ocr_line' id='line_1_93' title="bbox 527 4814 2088 4884; baseline 0.007 -18"><span class='ocrx_word' id='word_1_702' title='bbox 527 4814 699 4880; x_wconf 89' lang='lat' dir='ltr'><strong>tibtts,</strong></span> <span class='ocrx_word' id='word_1_703' title='bbox 758 4830 867 4868; x_wconf 89' lang='lat' dir='ltr'><strong>non</strong></span> <span class='ocrx_word' id='word_1_704' title='bbox 923 4815 1221 4880; x_wconf 88' lang='lat' dir='ltr'><strong>cubilibus,</strong></span> <span class='ocrx_word' id='word_1_705' title='bbox 1281 4833 1391 4871; x_wconf 92' lang='lat' dir='ltr'><strong>non</strong></span> <span class='ocrx_word' id='word_1_706' title='bbox 1443 4819 1846 4884; x_wconf 85' lang='lat' dir='ltr'><strong>salacitatibus,</strong></span> <span class='ocrx_word' id='word_1_707' title='bbox 1897 4838 2088 4877; x_wconf 83' lang='lat' dir='ltr'><strong>verum</strong></span> 
     </span>
    </p>
   </div>
   <div class='ocr_carea' id='block_1_94' title="bbox 2196 4554 3724 4640">
    <p class='ocr_par' dir='ltr' id='par_1_94' title="bbox 2196 4554 3724 4640">
     <span class='ocr_line' id='line_1_94' title="bbox 2196 4554 3724 4640; baseline 0.01 -35"><span class='ocrx_word' id='word_1_708' title='bbox 2196 4554 2370 4623; x_wconf 84' lang='grc' dir='ltr'>μάννα</span> <span class='ocrx_word' id='word_1_709' title='bbox 2397 4557 2522 4621; x_wconf 84' lang='grc' dir='ltr'>τοὺς</span> <span class='ocrx_word' id='word_1_710' title='bbox 2552 4559 2946 4631; x_wconf 85' lang='grc' dir='ltr'>διαϐεϐηκότας</span> <span class='ocrx_word' id='word_1_711' title='bbox 2987 4566 3079 4619; x_wconf 81' lang='grc' dir='ltr'>τὸν</span> <span class='ocrx_word' id='word_1_712' title='bbox 3115 4566 3387 4640; x_wconf 80' lang='grc' dir='ltr'>Ἰορδάνην</span> <span class='ocrx_word' id='word_1_713' title='bbox 3413 4571 3724 4630; x_wconf 66' lang='grc' dir='ltr'>ἐκλέλοιπενς</span> 
     </span>
    </p>
   </div>
   <div class='ocr_carea' id='block_1_95' title="bbox 2196 4646 3769 4732">
    <p class='ocr_par' dir='ltr' id='par_1_95' title="bbox 2196 4646 3769 4732">
     <span class='ocr_line' id='line_1_95' title="bbox 2196 4646 3769 4732; baseline 0.007 -36"><span class='ocrx_word' id='word_1_714' title='bbox 2196 4646 2316 4697; x_wconf 75' lang='lat' dir='ltr'><strong>&quot;Ott</strong></span> <span class='ocrx_word' id='word_1_715' title='bbox 2344 4647 2393 4698; x_wconf 86' lang='grc' dir='ltr'>οἱ</span> <span class='ocrx_word' id='word_1_716' title='bbox 2427 4647 2604 4731; x_wconf 78' lang='grc' dir='ltr'>μὲνέν</span> <span class='ocrx_word' id='word_1_717' title='bbox 2629 4651 2851 4723; x_wconf 78' lang='grc' dir='ltr'>Χριστῷ</span> <span class='ocrx_word' id='word_1_718' title='bbox 2882 4656 3063 4725; x_wconf 81' lang='grc' dir='ltr'>νήπιοι</span> <span class='ocrx_word' id='word_1_719' title='bbox 3086 4657 3147 4710; x_wconf 83' lang='grc' dir='ltr'>τὸ</span> <span class='ocrx_word' id='word_1_720' title='bbox 3170 4661 3275 4713; x_wconf 79' lang='grc' dir='ltr'><strong>πᾶν</strong></span> <span class='ocrx_word' id='word_1_721' title='bbox 3297 4659 3355 4725; x_wconf 76' lang='grc' dir='ltr'>ἐξ</span> <span class='ocrx_word' id='word_1_722' title='bbox 3378 4659 3597 4732; x_wconf 81' lang='grc' dir='ltr'>οὐρανοῦ</span> <span class='ocrx_word' id='word_1_723' title='bbox 3620 4674 3725 4710; x_wconf 89' lang='grc' dir='ltr'>συν·</span> <span class='ocrx_word' id='word_1_724' title='bbox 3764 4706 3769 4709; x_wconf 86' lang='grc'><strong><em>,</em></strong></span> 
     </span>
    </p>
   </div>
   <div class='ocr_carea' id='block_1_96' title="bbox 2196 4735 3726 4819">
    <p class='ocr_par' dir='ltr' id='par_1_96' title="bbox 2196 4735 3726 4819">
     <span class='ocr_line' id='line_1_96' title="bbox 2196 4735 3726 4819; baseline 0.012 -34"><span class='ocrx_word' id='word_1_725' title='bbox 2196 4735 2481 4805; x_wconf 88' lang='grc' dir='ltr'>εργοῦνται</span> <span class='ocrx_word' id='word_1_726' title='bbox 2507 4754 2522 4769; x_wconf 81' lang='lat'><strong><em>°</em></strong></span> <span class='ocrx_word' id='word_1_727' title='bbox 2557 4741 2606 4792; x_wconf 90' lang='grc' dir='ltr'>οἱ</span> <span class='ocrx_word' id='word_1_728' title='bbox 2639 4740 2694 4794; x_wconf 77' lang='grc' dir='ltr'><strong>δὲ</strong></span> <span class='ocrx_word' id='word_1_729' title='bbox 2728 4744 3154 4817; x_wconf 81' lang='grc' dir='ltr'>προϐεϐηκότες,</span> <span class='ocrx_word' id='word_1_730' title='bbox 3178 4752 3272 4804; x_wconf 72' lang='grc' dir='ltr'><strong>καὶ</strong></span> <span class='ocrx_word' id='word_1_731' title='bbox 3301 4752 3361 4817; x_wconf 71' lang='grc' dir='ltr'><strong>ἐξ</strong></span> <span class='ocrx_word' id='word_1_732' title='bbox 3390 4752 3532 4806; x_wconf 85' lang='grc' dir='ltr'>ἰδίων</span> <span class='ocrx_word' id='word_1_733' title='bbox 3573 4750 3726 4819; x_wconf 63' lang='grc' dir='ltr'>ἔργων</span> 
     </span>
    </p>
   </div>
   <div class='ocr_carea' id='block_1_97' title="bbox 2197 4826 2601 4892">
    <p class='ocr_par' dir='ltr' id='par_1_97' title="bbox 2197 4826 2601 4892">
     <span class='ocr_line' id='line_1_97' title="bbox 2197 4826 2601 4892; baseline 0.015 -14"><span class='ocrx_word' id='word_1_734' title='bbox 2197 4826 2601 4892; x_wconf 73' lang='grc' dir='ltr'>ἐπισιτίζονται.</span> 
     </span>
    </p>
   </div>
   <div class='ocr_carea' id='block_1_98' title="bbox 528 4905 3723 5002">
    <p class='ocr_par' dir='ltr' id='par_1_98' title="bbox 528 4905 3723 5002">
     <span class='ocr_line' id='line_1_98' title="bbox 528 4905 3723 5002; baseline 0.008 -43"><span class='ocrx_word' id='word_1_735' title='bbox 528 4908 632 4961; x_wconf 78' lang='lat' dir='ltr'><strong>rite</strong></span> <span class='ocrx_word' id='word_1_736' title='bbox 675 4914 730 4961; x_wconf 92' lang='lat' dir='ltr'><strong>et</strong></span> <span class='ocrx_word' id='word_1_737' title='bbox 758 4905 952 4961; x_wconf 88' lang='lat' dir='ltr'><strong>ordine</strong></span> <span class='ocrx_word' id='word_1_738' title='bbox 983 4906 1113 4969; x_wconf 81' lang='lat' dir='ltr'><strong>ﬁant</strong></span> <span class='ocrx_word' id='word_1_739' title='bbox 1159 4910 1341 4962; x_wconf 89' lang='lat' dir='ltr'><strong>omnia</strong></span> <span class='ocrx_word' id='word_1_740' title='bbox 1366 4911 1431 4964; x_wconf 60' lang='grc'><strong>³⁵.</strong></span> <span class='ocrx_word' id='word_1_741' title='bbox 1470 4927 1488 4962; x_wconf 71' lang='grc' dir='ltr'><strong>ι</strong></span> <span class='ocrx_word' id='word_1_742' title='bbox 1565 4910 1622 4964; x_wconf 91' lang='lat' dir='ltr'><strong>Si</strong></span> <span class='ocrx_word' id='word_1_743' title='bbox 1696 4912 1749 4965; x_wconf 93' lang='lat' dir='ltr'><strong>in</strong></span> <span class='ocrx_word' id='word_1_744' title='bbox 1817 4929 2044 4985; x_wconf 87' lang='lat' dir='ltr'><strong>regnum</strong></span> <span class='ocrx_word' id='word_1_745' title='bbox 2115 4918 2339 4974; x_wconf 82' lang='lat' dir='ltr'><strong>caeleste</strong></span> <span class='ocrx_word' id='word_1_746' title='bbox 2389 4923 2736 4980; x_wconf 88' lang='lat' dir='ltr'><strong>transcendis</strong></span> <span class='ocrx_word' id='word_1_747' title='bbox 2792 4941 2899 4982; x_wconf 92' lang='lat' dir='ltr'><strong>non</strong></span> <span class='ocrx_word' id='word_1_748' title='bbox 2951 4928 3094 4984; x_wconf 89' lang='lat' dir='ltr'><strong>cibis</strong></span> <span class='ocrx_word' id='word_1_749' title='bbox 3145 4932 3443 4990; x_wconf 86' lang='lat' dir='ltr'><strong>sensilibus</strong></span> <span class='ocrx_word' id='word_1_750' title='bbox 3484 4945 3615 5002; x_wconf 85' lang='lat' dir='ltr'><strong>opus</strong></span> <span class='ocrx_word' id='word_1_751' title='bbox 3654 4928 3723 4981; x_wconf 55' lang='lat' dir='ltr'><strong>es!</strong></span> 
     </span>
    </p>
   </div>
   <div class='ocr_carea' id='block_1_99' title="bbox 529 4998 3722 5094">
    <p class='ocr_par' dir='ltr' id='par_1_99' title="bbox 529 4998 3722 5094">
     <span class='ocr_line' id='line_1_99' title="bbox 529 4998 3722 5094; baseline 0.009 -43"><span class='ocrx_word' id='word_1_752' title='bbox 529 4998 651 5063; x_wconf 86' lang='lat' dir='ltr'><strong>tibi,</strong></span> <span class='ocrx_word' id='word_1_753' title='bbox 685 5012 795 5067; x_wconf 92' lang='lat' dir='ltr'><strong>quo</strong></span> <span class='ocrx_word' id='word_1_754' title='bbox 825 5012 1063 5067; x_wconf 88' lang='lat' dir='ltr'><strong>sponsus</strong></span> <span class='ocrx_word' id='word_1_755' title='bbox 1094 5015 1311 5071; x_wconf 90' lang='lat' dir='ltr'><strong>quoque</strong></span> <span class='ocrx_word' id='word_1_756' title='bbox 1346 5001 1435 5054; x_wconf 90' lang='lat' dir='ltr'><strong>cui</strong></span> <span class='ocrx_word' id='word_1_757' title='bbox 1465 5001 1712 5069; x_wconf 89' lang='lat' dir='ltr'><strong>copulari</strong></span> <span class='ocrx_word' id='word_1_758' title='bbox 1745 5006 1902 5073; x_wconf 86' lang='lat' dir='ltr'><strong>cupis</strong></span> <span class='ocrx_word' id='word_1_759' title='bbox 1934 5016 2086 5061; x_wconf 91' lang='lat' dir='ltr'><strong>tuum</strong></span> <span class='ocrx_word' id='word_1_760' title='bbox 2130 5010 2428 5081; x_wconf 87' lang='lat' dir='ltr'><strong>percipere</strong></span> <span class='ocrx_word' id='word_1_761' title='bbox 2481 5015 2656 5084; x_wconf 88' lang='lat' dir='ltr'><strong>possit</strong></span> <span class='ocrx_word' id='word_1_762' title='bbox 2684 5028 3074 5088; x_wconf 84' lang='lat' dir='ltr'><strong>commeatum,</strong></span> <span class='ocrx_word' id='word_1_763' title='bbox 3106 5032 3162 5079; x_wconf 89' lang='lat' dir='ltr'><strong>et</strong></span> <span class='ocrx_word' id='word_1_764' title='bbox 3190 5024 3400 5081; x_wconf 79' lang='lat' dir='ltr'><strong>fructus</strong></span> <span class='ocrx_word' id='word_1_765' title='bbox 3470 4998 3598 5094; x_wconf 73' lang='lat' dir='ltr'><strong>quos</strong></span> <span class='ocrx_word' id='word_1_766' title='bbox 3654 5017 3722 5072; x_wconf 49' lang='lat' dir='ltr'><strong>af.</strong></span> 
     </span>
    </p>
   </div>
   <div class='ocr_carea' id='block_1_100' title="bbox 532 5088 3721 5189">
    <p class='ocr_par' dir='ltr' id='par_1_100' title="bbox 532 5088 3721 5189">
     <span class='ocr_line' id='line_1_100' title="bbox 532 5088 3721 5189; baseline 0.009 -47"><span class='ocrx_word' id='word_1_767' title='bbox 532 5094 654 5143; x_wconf 72' lang='lat' dir='ltr'><strong>ti-rt.</strong></span> <span class='ocrx_word' id='word_1_768' title='bbox 686 5088 755 5142; x_wconf 79' lang='lat' dir='ltr'><strong>At</strong></span> <span class='ocrx_word' id='word_1_769' title='bbox 807 5106 932 5143; x_wconf 84' lang='lat' dir='ltr'><strong>man</strong></span> <span class='ocrx_word' id='word_1_770' title='bbox 1006 5106 1101 5145; x_wconf 92' lang='lat' dir='ltr'><strong>eos</strong></span> <span class='ocrx_word' id='word_1_771' title='bbox 1174 5093 1264 5171; x_wconf 84' lang='lat' dir='ltr'><strong>qui</strong></span> <span class='ocrx_word' id='word_1_772' title='bbox 1316 5088 1612 5147; x_wconf 85' lang='lat' dir='ltr'><strong>Jordanem</strong></span> <span class='ocrx_word' id='word_1_773' title='bbox 1681 5096 2022 5165; x_wconf 84' lang='lat' dir='ltr'><strong>trajecerunt</strong></span> <span class='ocrx_word' id='word_1_774' title='bbox 2089 5100 2288 5156; x_wconf 80' lang='lat' dir='ltr'><strong>defecit</strong></span> <span class='ocrx_word' id='word_1_775' title='bbox 2340 5105 2770 5177; x_wconf 82' lang='lat' dir='ltr'><strong>quodammodo,</strong></span> <span class='ocrx_word' id='word_1_776' title='bbox 2828 5114 3086 5181; x_wconf 89' lang='lat' dir='ltr'><strong>quoniam</strong></span> <span class='ocrx_word' id='word_1_777' title='bbox 3142 5115 3383 5174; x_wconf 84' lang='lat' dir='ltr'><strong>infantes</strong></span> <span class='ocrx_word' id='word_1_778' title='bbox 3431 5088 3635 5189; x_wconf 82' lang='lat' dir='ltr'><strong>quidem</strong></span> <span class='ocrx_word' id='word_1_779' title='bbox 3676 5110 3721 5163; x_wconf 73' lang='lat' dir='ltr'><strong>in</strong></span> 
     </span>
    </p>
   </div>
   <div class='ocr_carea' id='block_1_101' title="bbox 527 5180 3720 5274">
    <p class='ocr_par' dir='ltr' id='par_1_101' title="bbox 527 5180 3720 5274">
     <span class='ocr_line' id='line_1_101' title="bbox 527 5180 3720 5274; baseline 0.008 -41"><span class='ocrx_word' id='word_1_780' title='bbox 527 5180 747 5233; x_wconf 83' lang='lat' dir='ltr'><strong>Christo</strong></span> <span class='ocrx_word' id='word_1_781' title='bbox 799 5181 983 5234; x_wconf 88' lang='lat' dir='ltr'><strong>omnia</strong></span> <span class='ocrx_word' id='word_1_782' title='bbox 1041 5181 1250 5235; x_wconf 79' lang='lat' dir='ltr'><strong>caelesti</strong></span> <span class='ocrx_word' id='word_1_783' title='bbox 1301 5194 1404 5246; x_wconf 84' lang='lat' dir='ltr'><strong>ope</strong></span> <span class='ocrx_word' id='word_1_784' title='bbox 1434 5181 1748 5251; x_wconf 80' lang='lat' dir='ltr'><strong>perﬁciunt.</strong></span> <span class='ocrx_word' id='word_1_785' title='bbox 1802 5187 1907 5251; x_wconf 89' lang='lat' dir='ltr'><strong>Qui</strong></span> <span class='ocrx_word' id='word_1_786' title='bbox 1959 5203 2088 5244; x_wconf 78' lang='lat' dir='ltr'><strong>vero</strong></span> <span class='ocrx_word' id='word_1_787' title='bbox 2126 5205 2528 5259; x_wconf 68' lang='lat' dir='ltr'><strong>prmeesserunt</strong></span> <span class='ocrx_word' id='word_1_788' title='bbox 2578 5215 2678 5255; x_wconf 88' lang='lat' dir='ltr'><strong>sua</strong></span> <span class='ocrx_word' id='word_1_789' title='bbox 2729 5180 2894 5257; x_wconf 81' lang='lat' dir='ltr'><strong>etiam</strong></span> <span class='ocrx_word' id='word_1_790' title='bbox 2946 5219 3114 5274; x_wconf 89' lang='lat' dir='ltr'><strong>opera</strong></span> <span class='ocrx_word' id='word_1_791' title='bbox 3181 5180 3540 5264; x_wconf 48' lang='lat' dir='ltr'><strong>commeat-uin</strong></span> <span class='ocrx_word' id='word_1_792' title='bbox 3601 5216 3720 5261; x_wconf 47' lang='lat' dir='ltr'><strong>uana</strong></span> 
     </span>
    </p>
   </div>
   <div class='ocr_carea' id='block_1_102' title="bbox 527 5271 1690 5342">
    <p class='ocr_par' dir='ltr' id='par_1_102' title="bbox 527 5271 1690 5342">
     <span class='ocr_line' id='line_1_102' title="bbox 527 5271 1690 5342; baseline 0.008 -19"><span class='ocrx_word' id='word_1_793' title='bbox 527 5274 830 5337; x_wconf 60' lang='lat' dir='ltr'><strong>Ciscuntur.</strong></span> <span class='ocrx_word' id='word_1_794' title='bbox 857 5271 929 5327; x_wconf 90' lang='lat' dir='ltr'><strong>De</strong></span> <span class='ocrx_word' id='word_1_795' title='bbox 959 5289 1069 5342; x_wconf 91' lang='lat' dir='ltr'><strong>quo</strong></span> <span class='ocrx_word' id='word_1_796' title='bbox 1103 5277 1264 5327; x_wconf 90' lang='lat' dir='ltr'><strong>etiam</strong></span> <span class='ocrx_word' id='word_1_797' title='bbox 1294 5275 1421 5329; x_wconf 91' lang='lat' dir='ltr'><strong>alibi</strong></span> <span class='ocrx_word' id='word_1_798' title='bbox 1453 5275 1690 5332; x_wconf 89' lang='lat' dir='ltr'><strong>dicetur.</strong></span> 
     </span>
    </p>
   </div>
   <div class='ocr_carea' id='block_1_103' title="bbox 617 5360 2084 5428">
    <p class='ocr_par' dir='ltr' id='par_1_103' title="bbox 617 5360 2084 5428">
     <span class='ocr_line' id='line_1_103' title="bbox 617 5360 2084 5428; baseline 0.007 -15"><span class='ocrx_word' id='word_1_799' title='bbox 617 5360 679 5414; x_wconf 76' lang='lat' dir='ltr'><strong>Et</strong></span> <span class='ocrx_word' id='word_1_800' title='bbox 708 5362 903 5428; x_wconf 81' lang='lat' dir='ltr'><strong>Ruben,</strong></span> <span class='ocrx_word' id='word_1_801' title='bbox 950 5373 998 5417; x_wconf 84' lang='lat' dir='ltr'><strong>et</strong></span> <span class='ocrx_word' id='word_1_802' title='bbox 1056 5363 1192 5424; x_wconf 77' lang='lat' dir='ltr'><strong>Gud.</strong></span> <span class='ocrx_word' id='word_1_803' title='bbox 1235 5377 1282 5419; x_wconf 82' lang='lat' dir='ltr'><strong>et</strong></span> <span class='ocrx_word' id='word_1_804' title='bbox 1326 5364 1559 5421; x_wconf 74' lang='lat' dir='ltr'><strong>dimidia:</strong></span> <span class='ocrx_word' id='word_1_805' title='bbox 1607 5367 1766 5421; x_wconf 84' lang='lat' dir='ltr'><strong>tribui</strong></span> <span class='ocrx_word' id='word_1_806' title='bbox 1829 5368 2084 5425; x_wconf 73' lang='lat' dir='ltr'><strong>Manasse</strong></span> 
     </span>
    </p>
   </div>
   <div class='ocr_carea' id='block_1_104' title="bbox 530 5452 2083 5529">
    <p class='ocr_par' dir='ltr' id='par_1_104' title="bbox 530 5452 2083 5529">
     <span class='ocr_line' id='line_1_104' title="bbox 530 5452 2083 5529; baseline 0.01 -28"><span class='ocrx_word' id='word_1_807' title='bbox 530 5452 660 5504; x_wconf 57' lang='lat' dir='ltr'><strong>diri:</strong></span> <span class='ocrx_word' id='word_1_808' title='bbox 717 5452 883 5506; x_wconf 85' lang='lat' dir='ltr'><strong>Josue</strong></span> <span class='ocrx_word' id='word_1_809' title='bbox 937 5455 993 5506; x_wconf 88' lang='lat' dir='ltr'><strong>in</strong></span> <span class='ocrx_word' id='word_1_810' title='bbox 1029 5454 1139 5508; x_wconf 78' lang='lat' dir='ltr'><strong>Iure</strong></span> <span class='ocrx_word' id='word_1_811' title='bbox 1177 5458 1348 5512; x_wconf 75' lang='lat' dir='ltr'><strong>verba.</strong></span> <span class='ocrx_word' id='word_1_812' title='bbox 1403 5456 1542 5529; x_wconf 59' lang='lat' dir='ltr'><strong>[HJ</strong></span> <span class='ocrx_word' id='word_1_813' title='bbox 1575 5457 1670 5514; x_wconf 88' lang='lat' dir='ltr'><strong>lsti</strong></span> <span class='ocrx_word' id='word_1_814' title='bbox 1704 5459 1872 5517; x_wconf 84' lang='lat' dir='ltr'><strong>Mosis</strong></span> <span class='ocrx_word' id='word_1_815' title='bbox 1903 5463 2083 5517; x_wconf 83' lang='lat' dir='ltr'><strong>verbis</strong></span> 
     </span>
    </p>
   </div>
   <div class='ocr_carea' id='block_1_105' title="bbox 602 5564 1087 5627">
    <p class='ocr_par' dir='ltr' id='par_1_105' title="bbox 602 5564 1087 5627">
     <span class='ocr_line' id='line_1_105' title="bbox 602 5564 1087 5627; baseline 0.012 -14"><span class='ocrx_word' id='word_1_816' title='bbox 602 5567 649 5596; x_wconf 64' lang='grc' dir='ltr'>επ</span> <span class='ocrx_word' id='word_1_817' title='bbox 680 5564 865 5615; x_wconf 73' lang='lat' dir='ltr'><strong>Matth.</strong></span> <span class='ocrx_word' id='word_1_818' title='bbox 902 5583 951 5627; x_wconf 84' lang='lat' dir='ltr'><strong>v,</strong></span> <span class='ocrx_word' id='word_1_819' title='bbox 1002 5568 1087 5621; x_wconf 80' lang='lat'><strong>18.</strong></span> 
     </span>
    </p>
   </div>
   <div class='ocr_carea' id='block_1_106' title="bbox 535 5634 1335 5702">
    <p class='ocr_par' dir='ltr' id='par_1_106' title="bbox 535 5634 1335 5702">
     <span class='ocr_line' id='line_1_106' title="bbox 535 5634 1335 5702; baseline 0.01 -18"><span class='ocrx_word' id='word_1_820' title='bbox 535 5645 649 5689; x_wconf 61' lang='grc' dir='ltr'>δικ,</span> <span class='ocrx_word' id='word_1_821' title='bbox 686 5640 741 5691; x_wconf 87' lang='lat'><strong>7.</strong></span> <span class='ocrx_word' id='word_1_822' title='bbox 816 5634 855 5664; x_wconf 61' lang='grc'><strong>³³</strong></span> <span class='ocrx_word' id='word_1_823' title='bbox 896 5636 1048 5689; x_wconf 70' lang='lat' dir='ltr'><strong>llom.</strong></span> <span class='ocrx_word' id='word_1_824' title='bbox 1089 5653 1210 5702; x_wconf 75' lang='lat' dir='ltr'><strong>xm,</strong></span> <span class='ocrx_word' id='word_1_825' title='bbox 1250 5639 1335 5692; x_wconf 79' lang='grc'>15.</span> 
     </span>
    </p>
   </div>
   <div class='ocr_carea' id='block_1_107' title="bbox 1200 5566 2108 5642">
    <p class='ocr_par' dir='ltr' id='par_1_107' title="bbox 1200 5566 2108 5642">
     <span class='ocr_line' id='line_1_107' title="bbox 1200 5566 2108 5642; baseline 0.009 -21"><span class='ocrx_word' id='word_1_826' title='bbox 1200 5566 1383 5642; x_wconf 80' lang='lat' dir='ltr'><strong>&quot;_l_sa.</strong></span> <span class='ocrx_word' id='word_1_827' title='bbox 1416 5587 1517 5638; x_wconf 77' lang='lat' dir='ltr'><strong>vn,</strong></span> <span class='ocrx_word' id='word_1_828' title='bbox 1586 5571 1648 5626; x_wconf 88' lang='lat'><strong>9.</strong></span> <span class='ocrx_word' id='word_1_829' title='bbox 1716 5572 1761 5604; x_wconf 85' lang='grc'><strong>³⁰</strong></span> <span class='ocrx_word' id='word_1_830' title='bbox 1798 5572 1949 5629; x_wconf 83' lang='lat' dir='ltr'><strong>Psal.</strong></span> <span class='ocrx_word' id='word_1_831' title='bbox 1978 5590 2017 5642; x_wconf 88' lang='lat' dir='ltr'><strong>i,</strong></span> <span class='ocrx_word' id='word_1_832' title='bbox 2054 5576 2108 5630; x_wconf 79' lang='grc'>5.</span> 
     </span>
    </p>
   </div>
   <div class='ocr_carea' id='block_1_108' title="bbox 2266 5371 3718 5453">
    <p class='ocr_par' dir='ltr' id='par_1_108' title="bbox 2266 5371 3718 5453">
     <span class='ocr_line' id='line_1_108' title="bbox 2266 5371 3718 5453; baseline 0.005 -28"><span class='ocrx_word' id='word_1_833' title='bbox 2266 5375 2371 5425; x_wconf 81' lang='grc' dir='ltr'><strong>Καὶ</strong></span> <span class='ocrx_word' id='word_1_834' title='bbox 2423 5371 2503 5437; x_wconf 84' lang='grc' dir='ltr'>τῷ</span> <span class='ocrx_word' id='word_1_835' title='bbox 2544 5372 2805 5444; x_wconf 77' lang='grc' dir='ltr'>Ῥουϐὶμ,</span> <span class='ocrx_word' id='word_1_836' title='bbox 2840 5379 2935 5431; x_wconf 76' lang='grc' dir='ltr'><strong>καὶ</strong></span> <span class='ocrx_word' id='word_1_837' title='bbox 2977 5381 3057 5446; x_wconf 85' lang='grc' dir='ltr'>τῷ</span> <span class='ocrx_word' id='word_1_838' title='bbox 3100 5383 3246 5448; x_wconf 83' lang='grc' dir='ltr'><strong>Γὰδ,</strong></span> <span class='ocrx_word' id='word_1_839' title='bbox 3288 5387 3387 5442; x_wconf 80' lang='grc' dir='ltr'>καὶ</span> <span class='ocrx_word' id='word_1_840' title='bbox 3428 5387 3505 5452; x_wconf 83' lang='grc' dir='ltr'>τῷ</span> <span class='ocrx_word' id='word_1_841' title='bbox 3549 5382 3718 5453; x_wconf 75' lang='grc' dir='ltr'>ἡμίσει</span> 
     </span>
    </p>
   </div>
   <div class='ocr_carea' id='block_1_109' title="bbox 2191 5463 3719 5550">
    <p class='ocr_par' dir='ltr' id='par_1_109' title="bbox 2191 5463 3719 5550">
     <span class='ocr_line' id='line_1_109' title="bbox 2191 5463 3719 5550; baseline 0.003 -34"><span class='ocrx_word' id='word_1_842' title='bbox 2191 5463 2392 5531; x_wconf 74' lang='grc' dir='ltr'>φυλῆς</span> <span class='ocrx_word' id='word_1_843' title='bbox 2436 5466 2737 5548; x_wconf 75' lang='grc' dir='ltr'><strong>Μανασσῆ</strong></span> <span class='ocrx_word' id='word_1_844' title='bbox 2762 5465 2940 5523; x_wconf 77' lang='grc' dir='ltr'><strong>ἐἶπεν</strong></span> <span class='ocrx_word' id='word_1_845' title='bbox 2972 5471 3227 5541; x_wconf 82' lang='grc' dir='ltr'>Ἰησοῦς,</span> <span class='ocrx_word' id='word_1_846' title='bbox 3268 5474 3444 5550; x_wconf 80' lang='grc' dir='ltr'>[Οὗτοι</span> <span class='ocrx_word' id='word_1_847' title='bbox 3472 5477 3555 5531; x_wconf 80' lang='grc' dir='ltr'>διὰ</span> <span class='ocrx_word' id='word_1_848' title='bbox 3581 5473 3719 5530; x_wconf 71' lang='lat' dir='ltr'><strong>Muni-</strong></span> 
     </span>
    </p>
   </div>
   <div class='ocr_carea' id='block_1_110' title="bbox 2198 5575 3710 5677">
    <p class='ocr_par' dir='ltr' id='par_1_110' title="bbox 2198 5575 3710 5677">
     <span class='ocr_line' id='line_1_110' title="bbox 2198 5575 3710 5677; baseline 0.017 -51"><span class='ocrx_word' id='word_1_849' title='bbox 2198 5578 2239 5607; x_wconf 76' lang='grc'><strong>³¹</strong></span> <span class='ocrx_word' id='word_1_850' title='bbox 2291 5575 2647 5645; x_wconf 76' lang='lat' dir='ltr'><strong>Psal.exutt,</strong></span> <span class='ocrx_word' id='word_1_851' title='bbox 2702 5579 2829 5677; x_wconf 58' lang='grc' dir='ltr'><strong>105ζ</strong></span> <span class='ocrx_word' id='word_1_852' title='bbox 2895 5584 2938 5614; x_wconf 81' lang='grc'><strong>³²</strong></span> <span class='ocrx_word' id='word_1_853' title='bbox 2977 5585 3135 5641; x_wconf 82' lang='lat' dir='ltr'><strong>Joan.</strong></span> <span class='ocrx_word' id='word_1_854' title='bbox 3173 5605 3244 5655; x_wconf 78' lang='lat' dir='ltr'><strong>tv,</strong></span> <span class='ocrx_word' id='word_1_855' title='bbox 3298 5593 3382 5646; x_wconf 71' lang='grc'><strong>54.</strong></span> <span class='ocrx_word' id='word_1_856' title='bbox 3445 5591 3487 5623; x_wconf 85' lang='grc'><strong>³³</strong></span> <span class='ocrx_word' id='word_1_857' title='bbox 3519 5588 3572 5642; x_wconf 79' lang='lat' dir='ltr'><strong>ill</strong></span> <span class='ocrx_word' id='word_1_858' title='bbox 3607 5589 3710 5651; x_wconf 61' lang='grc' dir='ltr'><strong>πρε·</strong></span> 
     </span>
    </p>
   </div>
   <div class='ocr_carea' id='block_1_111' title="bbox 3910 3678 3920 3727">
    <p class='ocr_par' dir='ltr' id='par_1_111' title="bbox 3910 3678 3920 3727">
     <span class='ocr_line' id='line_1_111' title="bbox 3910 3678 3920 3727; baseline 0 0"><span class='ocrx_word' id='word_1_859' title='bbox 3910 3678 3920 3727; x_wconf 68' lang='lat' dir='ltr'><strong>i</strong></span> 
     </span>
    </p>
   </div>
  </div>
