4018 6230
333 376 438 444 997

1460 365 1995 434 COMMENTARII
2038 367 2119 429 IN
2162 358 2426 429 JOSUE‘.

3486 360 3592 436 938'

331 487 469 551 σύως
502 483 901 558 ἐκληρώθησαν
932 484 1034 556 τὴν
1069 485 1206 556 γῆν,
1231 484 1431 555 ἐπειδὴ
1462 484 1653 537 πολλοὶ
1696 482 1785 536 διά
1817 481 1909 534 τοῦ

2018 489 2222 533 terram
2280 486 2410 531 sunt
2469 473 2673 530 sortiti.
2732 473 3006 541 Quoniam
3063 476 3221 531 multi
3276 490 3371 547 per
3418 478 3588 549 legem

269 578 273 583 ’
327 580 495 650 νόμου
520 577 627 648 πρὸ
653 579 753 647 τῆς
776 577 995 647 χάριτος
1026 574 1440 648 ἐτελειώθησαν.
1473 578 1584 628 Καὶ
1606 574 1732 627 ἐπεὶ
1758 589 1909 644 πρω-

323 670 547 732 τότοκος
568 667 801 738 -Ίσραὴλ
828 667 1176 737 ὀνομάζεται,
1198 666 1287 720 διὰ
1314 666 1594 730 Μωῡσέως
1621 667 1671 718 ot
1697 665 1909 736 πρωτό-

323 777 476 816 τοκοι
512 762 640 824 τοὺς
689 759 925 831 κλήρους
964 757 1502 828 ἑδέξαντο,⁹Ρου6ὴν,
1528 758 1626 812 καὶ
1654 758 1783 821 Γὰδ,
1812 758 1907 810 καὶ

323 849 676 923 Μανασσῆς]
717 848 1065 903 Διαὸαίνουσι
1118 849 1303 920 μέντοι
1351 849 1451 903 καὶ
1491 845 1637 904 οὗτοι
1683 847 1907 912 εὔζωνοι

325 944 434 1015 πρὸ
464 938 575 996 τῶν
603 941 803 995 ἄλλων.
840 942 901 994 Oi
928 939 1038 1011 γὰρ
1063 939 1123 1005 ἐξ
1160 940 1425 994 Ἰουδαίων
1454 939 1903 1002 πεπιστευκότες,

324 1036 605 1104 ἡγήσαντο
630 1032 731 1101 τῆς
762 1029 871 1084 τῶν
910 1029 1081 1083 ἐθνῶν
1110 1030 1400 1099 σωτηρίας.
1436 1030 1592 1083 Διατὶ
1628 1029 1703 1100 μὴ
1735 1026 1785 1106 γ’
1814 1028 1908 1082 καὶ

325 1123 368 1177 θ’
404 1122 593 1192 φυλαὶ,
634 1119 775 1174 ἀλλὰ
805 1119 917 1173 δύω
944 1118 1119 1189 ἥμισυ
1153 1122 1317 1189 φυλαὶ
1349 1119 1454 1173 ὑπὸ
1479 1120 1783 1183 Μωῦσέως,
1812 1118 1907 1173 καὶ

324 1216 484 1269 ἐννέα
512 1215 687 1285 ἥμισυ
719 1212 1170 1283 κληροδοτοῦνται
1195 1212 1301 1265 ὑπὸ
1341 1212 1556 1281 Ἰησοῦς
1605 1213 1693 1275 Ὠς
1714 1211 1780 1265 ἂν
1810 1212 1909 1282 ἁρ-

328 1307 485 1378 μονία
512 1307 744 1375 γένηται
775 1310 885 1359 τῶν
913 1304 1023 1357 δύω
1054 1302 1200 1355 λαῶν
1232 1301 1649 1378 σημαινομένων
1692 1302 1781 1355 διὰ
1812 1318 1909 1370 φυ-

322 1376 444 1464 λῆς,
474 1395 508 1467 ἦ
538 1396 598 1449 τὸ
628 1395 883 1467 μητρῷον
910 1394 1064 1463 γένος
1090 1395 1170 1457 είς
1194 1394 1553 1461 Αἰγυπτίους,
1585 1376 1667 1455 εἷς
1690 1392 1908 1464 Ἰσραὴλ

323 1486 381 1541 δὲ
403 1488 462 1540 τὸ
492 1486 747 1558 πατρῷον
774 1484 1245 1557 ἁνέπεμπε.Τάχα
1275 1484 1354 1551 δὲ,
1390 1486 1546 1553 φασὶ,
1566 1485 1663 1538 καὶ
1694 1486 1744 1537 οί
1774 1486 1910 1555 πρόρ

323 1597 475 1649 τεροι
520 1578 727 1650 ἥψαντο
774 1578 875 1649 μὲν
918 1579 1018 1649 τῆς
1068 1576 1320 1647 Τριὰδος,
1360 1577 1420 1630 οὐ
1475 1576 1579 1648 μὴν
1624 1575 1905 1647 καθαρῶς.

326 1669 491 1725 Οὔπω
538 1672 646 1741 γὰρ
691 1672 752 1724 τὸ
797 1670 896 1738 τῆς
944 1669 1257 1740 οἰκονομίας
1303 1669 1663 1740 προσέκειτο,
1711 1670 1759 1721 εἰ
1814 1667 1909 1720 καὶ

324 1763 562 1832 Χριστὸν
606 1763 1050 1833 προεκήρυττον’
1099 1761 1216 1815 ἀλλ’
1261 1761 1624 1832 ἠρμόσθησαν
1668 1759 1757 1814 διὰ
1811 1759 1905 1812 τοῦ

2012 578 2141 624 autc
2170 568 2404 638 gratiam
2442 566 2677 637 perfecti
2714 577 3033 631 evaserunt,
3084 569 3339 639 interque
3382 571 3592 641 primo-

2010 659 2226 728 genitos
2246 656 2472 712 lsraelis
2501 666 2890 710 numerantur.
2914 654 3016 710 Per
3033 655 3219 711 Mosen
3241 659 3589 728 primogeuii

2011 757 2192 802 sortes
2215 755 2553 825 acceperunt
2586 748 2803 811 Ruben,
2832 743 2948 801 Gad
2982 756 3035 801 et
3065 747 3369 804 MannsSes.
3395 750 3527 804 Nam
3555 753 3590 805 ii

2009 853 2229 909 quoque
2267 840 2538 894 succincti
2570 853 2679 907 pra:
2715 840 2840 894 aliis
2874 848 3184 895 transeunt.
3216 838 3321 906 Qui
3348 842 3493 897 enim
3521 858 3592 898 ex

2008 930 2215 986 Judaais
2231 930 2489 985 ﬁduciam
2504 930 3110 1003 habuerunt,jauspiccs
3129 936 3371 1003 gentium
3396 936 3591 992 salut's

2008 1024 2362 1080 exstiterunt.
2388 1024 2565 1079 Eccur
2585 1039 2716 1079 vero
2740 1040 2852 1079 non
2888 1025 3064 1079 tribus
3097 1035 3150 1079 et
3181 1041 3378 1080 novem
3414 1028 3592 1082 tribu-

2009 1116 2114 1170 bus
2140 1115 2325 1183 potius
2348 1130 2513 1185 quam
2547 1115 2763 1170 duabus
2794 1116 3041 1170 dimidiis
3072 1132 3107 1189 va
3134 1117 3375 1184 Mose,et
3394 1133 3589 1174 novem

2009 1206 2253 1263 dimidiis
2276 1223 2305 1261 a
2329 1207 2500 1263 Josue
2517 1217 2698 1265 sortes
2725 1208 3055 1265 deferuntur
3074 1211 3097 1263 ἱ)
3117 1209 3235 1276 Quo
3261 1214 3593 1281 composito

2010 1298 2106 1351 ﬁat
2135 1297 2370 1353 duorum
2401 1301 2730 1369 populorum
2782 1300 3219 1371 signiﬁeatorum
3259 1318 3354 1370 per
3386 1304 3589 1357 tribum

2009 1403 2130 1443 eam
2163 1404 2287 1459 quae
2343 1399 2656 1446 maternum
2710 1407 2885 1462 genus
2936 1392 3004 1446 ad
3056 1390 3368 1462 Egyptios,
3406 1403 3591 1462 pater-

2010 1494 2142 1532 num
2200 1495 2331 1535 vero
2386 1482 2451 1534 ad
2526 1480 2786 1537 lsraelem
2844 1483 3050 1537 retulit.
3121 1482 3383 1539 Fortasse
3433 1500 3589 1548 vero,

2010 1572 2189 1640 aiunt,
2224 1576 2442 1643 priores
2495 1575 2716 1645 quidem
2769 1574 3096 1630 Trinitatem
3131 1576 3457 1646 attigerunt,
3493 1592 3591 1631 ve-

2010 1680 2134 1717 rum
2176 1664 2397 1719 sincere
2444 1666 2656 1731 minus,
2689 1666 2935 1720 nonduin
2967 1667 3112 1720 enim
3158 1668 3591 1734 dispensationis

2013 1765 2233 1823 tempus
2278 1755 2546 1820 instabat,
2600 1756 2854 1825 quamvis
2905 1755 3187 1811 Christum
3239 1757 3410 1811 multo
3457 1766 3589 1813 ante

321 1852 623 1916 λείποντος,
646 1853 979 1923 δηλουμένου
1002 1851 1089 1905 διὰ
1110 1853 1205 1906 τοῦ
1230 1853 1473 1922 ἡμίσεως
1501 1852 1594 1905 τοῦ
1624 1852 1906 1917 τελοῦντος

2014 1846 2365 1901 sermonibus
2417 1848 2689 1901 terebant.
2733 1846 2929 1901 Verum
2984 1848 3315 1913 cointegrati
3366 1864 3460 1918 per
3493 1864 3589 1918 po-

323 1944 433 1998 ὑπὺ
474 1945 567 1998 τὸν
599 1945 1061 2015 Ἰησοῦν.Ἔλειπε
1092 1945 1204 2017 (3i)
1233 1945 1292 2000 δὲ
1323 1945 1418 1999 καὶ
1452 1948 1571 2007 ταῖς
1615 1945 1773 2000 ὲννὲα
1809 1945 1905 1999 καὶ

322 2036 515 2107 ἡμίσει
549 2036 747 2107 φυλαῖς
776 2039 858 2100 είς
887 2037 950 2090 τὸ
977 2038 1077 2109 τῆς
1107 2038 1329 2103 δεκάδος
1357 2038 1571 2092 τέλειον
1601 2040 1650 2091 οἱ
1702 2037 1763 2103 ἐξ
1810 2040 1909 2092 Ἰσ-

328 2127 466 2199 ραὴλ
493 2131 605 2192 τοῖς
638 2127 746 2182 ἀπὸ
774 2127 883 2182 τῶν
907 2129 1100 2184 ὲθνῶν.
1119 2128 1538 2200 ’Δρμοζομένων
1573 2128 1629 2183 δὲ
1667 2129 1910 2198 ἀμφοτέ-

322 2237 458 2291 ρων,
493 2219 776 2291 σύμφωνοι
830 2222 886 2275 αἱ
935 2222 1006 2292 ιβ’
1034 2221 1201 2290 φυλαὶ
1239 2223 1296 2276 αί
1346 2221 1453 2275 ὑπὸ
1483 2223 1691 2293 Μωῦσῆ
1723 2238 1780 2275 τε
1813 2222 1909 2275 καὶ

336 2311 532 2383 Ἰησοῦ.

2016 1937 2201 2007 pulum
2253 1953 2362 1991 non
2421 1938 2720 2007 integrum,
2779 1954 2991 2008 perque
3040 1938 3326 1993 dimidiam
3387 1940 3591 1995 tribum

2010 2033 2114 2084 sub
2147 2028 2315 2085 Josue
2370 2032 2702 2086 recensitam
2757 2040 3240 2101 repraesentantur,
3284 2041 3436 2086 sunt.
3488 2032 3592 2087 De-

2011 2124 2114 2177 fuit
2163 2138 2329 2193 porro
2359 2124 2524 2177 etiam
2561 2139 2756 2177 novem
2792 2125 3048 2178 tribubus
3096 2138 3220 2177 cum
3261 2125 3485 2179 dimidia
3522 2126 3589 2179 ad

2010 2216 2222 2271 denarii
2274 2216 2490 2270 numeri
2545 2214 2967 2285 perfeCIionem,
3027 2218 3290 2272 Israelita:
3337 2219 3592 2273 videlicet

2010 2309 2332 2379 gentilibus.
2388 2309 2672 2363 Ambobus
2722 2318 2902 2364 autem
2953 2309 3283 2365 combinatis
3325 2326 3593 2365 numerus

2014 2402 2259 2455 tribuum
2305 2400 2681 2457 duodenarius
2728 2408 2782 2456 et
2831 2401 2933 2456 sub
2984 2401 3136 2457 Mose
3186 2410 3241 2459 et
3287 2403 3392 2457 sub
3419 2401 3591 2458 Josue

2012 2503 2249 2550 constat.

398 2614 594 2673 Omnia
624 2632 948 2688 quwcunque
1005 2617 1282 2672 mandarit
1315 2618 1487 2675 nobis
1518 2620 1806 2691 faciemus,
1861 2631 1910 2677 et
1940 2641 2248 2695 quocunque
2292 2623 2530 2677 locorum
2559 2641 2654 2677 nos
2694 2625 2901 2678 miseris
2941 2625 3109 2696 5,80
3158 2626 3582 2696 proficiscemur.

326 2699 394 2775 ll,
435 2701 525 2775 16]
567 2701 804 2758 Tantum
869 2720 979 2759 non
1016 2706 1182 2760 verba
1215 2705 1419 2762 Christi
1479 2709 1873 2779 discipulorum
1928 2722 2078 2775 sum,
2105 2725 2341 2781 quorum
2384 2726 2550 2781 opera
2586 2720 2775 2780 gentes
2828 2713 2892 2764 ad
2926 2716 3085 2767 tidem
3122 2726 3254 2768 sunt
3287 2716 3563 2769 adductae.

344 2791 535 2860 Qualis
565 2800 683 2846 erat
740 2790 968 2858 Paulus,
1000 2794 1094 2861 qui
1151 2794 1286 2863 legis
1321 2797 1662 2862 auctoritati,
1698 2811 1820 2863 quae
1862 2797 2038 2870 ipsius
2094 2814 2315 2872 quoque
2362 2799 2547 2856 verbis
2592 2799 2748 2853 lucro
2801 2801 2849 2853 ei
2878 2799 3003 2866 fuit,
3035 2818 3160 2856 cuin
3197 2804 3575 2857 renuntiasset

329 2897 351 2933 ι
383 2894 449 2937 ea
482 2894 594 2949 prae
624 2879 860 2935 Christo
891 2881 1121 2934 multam
1151 2897 1275 2961 esse
1305 2882 1461 2950 duxi,
1495 2902 1513 2936 ι
1550 2887 1731 2955 inquit
1756 2885 1823 2941 ³⁸.

393 3009 849 3073 Διαϐιὸασθέντες
882 3009 937 3064 δὲ
961 3011 1052 3065 τὸν
1085 3010 1357 3082 Ἰορδάνην
1397 3003 1576 3078 οὗτοι,
1606 3014 1898 3086 παλινδρο-

325 3102 513 3176 μοῦσι.
544 3103 657 3157 Καὶ
704 3103 881 3167 εῐποις
921 3103 988 3157 ἂν
1022 3103 1144 3158 κατ’
1168 3104 1477 3169 ἰδιάζουσαν
1525 3106 1762 3179 θεωρίαν
1794 3109 1903 3161 ἐοι-

320 3195 479 3251 κέναι
503 3195 712 3259 τούτοις
740 3196 865 3258 τοὺς
890 3194 1031 3266 μετὰ
1051 3195 1148 3266 τὴν
1176 3195 1335 3267 χάριν
1365 3197 1794 3268 εἰσηγουμένους
1813 3195 1905 3250 τὸν

318 3287 508 3355 νόμον.
541 3285 695 3340 Κατὰ
723 3283 781 3338 δὲ
807 3284 906 3356 τὴν
928 3285 1335 3357 προρρηθεῖσαν
1357 3285 1709 3357 άλληγορίαν,
1735 3287 1906 3357 χωρὶς

316 3371 484 3444 ἡμῶν
514 3372 575 3425 οὐ
603 3372 933 3442 τυγχάνουσι
969 3372 1078 3426 τῶν
1128 3373 1473 3442 ἐπαγγελιῶν
1499 3375 1549 3427 οί
1579 3372 1673 3427 τοῦ
1703 3375 1904 3446 προτέ-

325 3482 420 3538 ρου
449 3447 604 3530 λαοῦ,
639 3464 737 3518 τοῦ
771 3463 908 3518 Θεοῦ
946 3466 1197 3538 κρεῖττόν
1244 3483 1296 3520 τι
1335 3468 1462 3538 περὶ
1493 3467 1652 3537 ἡμῶν
1682 3467 1908 3537 προϐλε-

317 3557 592 3629 ψαμένου,
622 3556 712 3611 ἵνα
743 3556 818 3629 μὴ
843 3557 1015 3629 χωρὶς
1061 3557 1221 3629 ἡμῶν
1260 3558 1617 3614 τελειωθῶσι.
1647 3560 1909 3623 Γυναῖκες

319 3648 431 3721 γὰρ
459 3649 640 3703 αὐτῶν
676 3650 770 3702 καὶ
798 3650 988 3711 παῖδες
1031 3649 1411 3705 ἀνεπαύσαντο
1465 3652 1616 3723 μόνοι
1664 3652 1772 3723 πρὸ
1811 3650 1907 3705 τοῦ

334 3739 601 3811 Ἰορδάνου
623 3756 637 3771 ·
677 3742 830 3797 αὐτοὶ
858 3741 915 3795 δὲ
942 3741 1034 3795 τὸν
1060 3740 1189 3795 λαὸν
1219 3742 1474 3812 ὁδηγοῦσι
1518 3743 1905 3814 περιζωσάμε-

320 3847 406 3885 νοι
431 3833 530 3904 τὴν
553 3831 727 3902 ὀσφὺν
755 3833 937 3888 αὐτῶν
967 3834 1025 3891 ὲν
1056 3834 1305 3907 ἀληθείᾳ.
1341 3837 1452 3891 Καὶ
1480 3838 1621 3908 μετὰ
1651 3836 1766 3907 βίον
1798 3837 1907 3907 γὰρ

321 3922 779 3993 συναγωνίζονται
809 3928 919 3990 τοῖς
946 3929 1159 3991 πιστοῖς
1190 3928 1305 3981 ὅσοι
1340 3929 1530 3999 ἄνδρες
1558 3928 1817 3997 γεγόνασι
1839 3928 1908 3980 τὰ

318 4014 417 4070 τοῦ
459 4010 654 4087 νηπίου
700 4017 1191 4088 καταργήσαντες,
1242 4019 1387 4082 οἴους
1434 4020 1462 4071 ὁ
1514 4017 1728 4082 Παῦλος
1781 4019 1907 4080 τοὺς

332 4108 619 4178 Ἐφεσίους
668 4111 827 4180 φησι,
856 4110 1163 4181 Κορινθίων
1199 4110 1654 4182 χρηματιζόντων
1704 4108 1907 4181 παρθέ-

320 4215 452 4270 νων.
483 4200 726 4271 Διαφορὰ
755 4200 863 4272 γὰρ
894 4201 952 4254 ὲν
984 4202 1100 4265 τοῖς
1128 4200 1479 4272 σωζομένοις.

395 4467 506 4520 Καὶ
536 4466 707 4533 ὅστις
728 4465 814 4536 μὴ
845 4466 1083 4538 ἀκούσῃ
1106 4465 1223 4520 τῶν
1243 4464 1529 4535 ῥημάτων
1554 4478 1691 4519 σου.
1712 4463 1907 4518 Τοιαῦ-
1974 4504 1983 4509 -

317 4566 392 4610 τα
414 4558 506 4611 καὶ
535 4557 585 4610 οἱ
613 4555 707 4610 τοῦ
733 4554 972 4626 Χριστοῦ
1003 4553 1245 4625 μαθηταί
1264 4569 1277 4584 ’
1320 4573 1339 4606 ιι
1362 4555 1502 4616 Τοὺς
1534 4554 1632 4623 μὲν
1651 4548 1745 4606 οὖν
1773 4553 1901 4624 χρό-

317 4663 450 4711 νους
497 4648 596 4718 τῆς
643 4648 868 4715 ἀγνοίας
899 4644 1170 4718 ὑπεριδὼν
1197 4647 1225 4698 ὁ
1256 4645 1408 4708 Θεὸς,
1441 4664 1461 4696 ι
1509 4647 1604 4698 καὶ
1644 4644 1713 4698 τὰ
1753 4644 1902 4715 ἑξῆς.

316 4738 435 4793 Καὶ
468 4739 497 4789 ὁ
524 4738 759 4809 Χριστὸς
784 4737 839 4791 δέ
871 4755 1035 4808 φησιν
1055 4752 1069 4766 ·
1113 4756 1131 4788 ι
1153 4737 1328 4809 ’Δμὴν
1350 4736 1493 4801 λέγω
1523 4735 1651 4806 ὑμῖν
1687 4735 1781 4788 ἐὰν
1825 4736 1900 4807 μὴ
1937 4776 1981 4834 D

320 4830 698 4901 πιστεύσητε,
759 4831 818 4883 ὲν
870 4831 992 4892 ταῖς
1049 4829 1351 4900 ἁμαρτίαις
1407 4828 1564 4900 ὑμῶν
1614 4826 1904 4882 ἀποθανεῖ-

320 4922 439 4975 σθε.
468 4940 487 4974 ι

391 5032 505 5086 Kal
526 5031 890 5086 ἀπέστειλεν
926 5029 1159 5098 Ἰησοῦς
1182 5030 1315 5097 υίὸς
1338 5031 1445 5086 τοῦ
1459 5030 1630 5100 Ναυῆ
1662 5032 1731 5086 ἐκ
1758 5031 1903 5085 Σάτ-

316 5138 448 5177 retr
476 5123 590 5194 (32)
629 5122 752 5176 δύω
793 5120 1019 5190 ἀνδρας
1059 5121 1554 5176 κατασκοπεῦσαι
1600 5122 1718 5191 τὴν
1759 5121 1897 5192 γῆν.

317 5213 582 5285 Προλέγει
613 5213 702 5267 τὸν
728 5212 943 5284 σιρῷτον
968 5212 1082 5283 βίον
1147 5213 1249 5283 τῆς
1309 5212 1537 5283 πόρνης,
1566 5213 1653 5267 ἵνα
1682 5213 1898 5283 θαυμά-

218 5374 225 5382 .
317 5320 421 5379 an;
445 5305 543 5376 τὴν
569 5305 634 5358 ὲκ
665 5302 854 5358 τούτου
900 5308 1254 5374 μετάστασιν.
1275 5305 1358 5372 ,Τὸ
1385 5304 1487 5375 μὲν
1515 5302 1611 5359 οὖν
1642 5304 1895 5371 δέξασθαι

377 5480 424 5513 ³⁸
467 5482 698 5553 Philipp.
727 5499 808 5544 ιιι,
850 5485 903 5537 7.

313 5568 434 5615 vui,
466 5552 556 5605 24.

2075 3014 2247 3071 Porro
2281 3014 2520 3070 traducti
2554 3029 2651 3085 per
2698 3012 2994 3068 Jordanein
3048 2988 3589 3081 pedein‘retulerunt

2009 3110 2107 3163 illi.
2146 3109 2301 3175 Quos
2347 3109 2549 3177 aliquis
2604 3107 2883 3177 privatum
2922 3113 3150 3163 secutus
3178 3108 3474 3178 judicium,
3515 3109 3585 3166 iis

2009 3213 2133 3253 esse
2185 3198 2393 3253 similes
2439 3196 2534 3267 qui
2611 3205 2739 3268 post
2786 3197 3019 3267 gratiam
3068 3198 3245 3268 legem
3296 3199 3585 3264 invehunt,

2012 3290 2188 3358 piissit
2233 3288 2442 3344 dicere.
2499 3287 2773 3349 Caeterum
2808 3289 2967 3359 juxta
3021 3290 3339 3358 pra-ﬁctam
3384 3290 3588 3363 allego-

2012 3385 2148 3435 riam
2197 3383 2217 3452 (
2264 3380 2367 3436 hoc
2424 3387 2510 3435 est
2561 3379 2953 3435 similitudinis
3007 3380 3269 3449 sensum)
3321 3381 3587 3452 antiquus

2011 3470 2244 3539 pupulus
2278 3468 2437 3523 nobis
2463 3468 2698 3524 seorsim
2733 3469 3164 3539 promissionum
3204 3484 3311 3523 non
3343 3469 3401 3525 lit
3430 3486 3587 3526 come

2009 3576 2106 3629 pus
2134 3560 2200 3626 ³⁸,
2240 3558 2382 3615 Deus
2411 3559 2559 3615 enim
2595 3558 2777 3613 adhuc
2806 3559 2874 3615 de
2919 3562 3290 3630 praestantiori
3324 3563 3587 3632 quopiam

2008 3651 2169 3708 nobis
2224 3653 2483 3722 dispexit,
2534 3665 2605 3705 ne
2647 3652 2880 3706 scorsim
2934 3652 3314 3721 perﬁciantur,
3377 3655 3588 3723 absque

2009 3743 2277 3798 uxoribus
2327 3743 2587 3798 videlicet
2631 3749 2687 3797 et
2722 3742 2916 3798 liberis
2945 3744 3039 3813 qui
3089 3745 3192 3799 soli
3228 3753 3354 3800 ante
3390 3745 3587 3801 Jordaa

2008 3843 2130 3882 nem
2157 3826 2497 3882 resederant.
2530 3825 2643 3896 Ipsi
2678 3840 2808 3881 vero
2855 3826 3078 3882 lumbos
3114 3827 3170 3881 in
3202 3829 3437 3885 veritate
3467 3830 3589 3884 ciu-

2007 3918 2081 3974 cti
2135 3916 2355 3973 itineris
2408 3918 2614 3987 populo
2684 3922 2816 3973 sunt
2862 3902 3145 3971 auctore’s.
3199 3916 3413 3974 Etenim
3462 3928 3588 3989 post
3674 3918 3679 3923 ’

2008 4008 2174 4063 vitam
2214 4022 2343 4062 cum
2374 4006 2632 4062 ﬁdelibus
2661 4012 2879 4061 certant
2931 4014 3210 4077 quotquot
3244 4008 3454 4065 relictis
3481 4026 3587 4064 nu-

2007 4100 2167 4155 cibus
2193 4100 2348 4155 viros
2396 4113 2519 4155 sese
2553 4096 2955 4168 praestiterunt,
3007 4098 3325 4167 cujusmodi
3376 4100 3589 4157 Paulus

2006 4193 2074 4249 de
2122 4191 2381 4263 Ephesiis
2431 4199 2672 4247 testatur
2703 4190 2775 4256 ³⁷,
2830 4190 2925 4260 qui
2978 4189 3311 4248 Corinthios
3340 4195 3586 4263 virgines

2010 4291 2296 4352 nuncupat
2355 4282 2423 4337 ³⁸.
2457 4280 2555 4335 Est
2600 4280 2749 4336 enim
2798 4268 3114 4337 differentia
3169 4285 3319 4339 inter
3347 4302 3444 4342 eos
3490 4286 3588 4355 qui

2007 4381 2323 4430 servantur.

2069 4464 2139 4518 El
2160 4466 2459 4535 quicunque
2490 4481 2594 4517 non
2631 4464 2916 4519 obediverit
2937 4465 3106 4520 verbis
3124 4467 3259 4522 'luis.
3294 4467 3434 4540 [l8.]
3472 4469 3587 4524 llu-

2001 4556 2245 4627 jusmodi
2320 4556 2484 4611 etiam
2561 4554 2769 4610 Christi
2832 4557 3112 4626 discipuli,
3178 4559 3344 4628 quale
3428 4560 3582 4614 hoc:

2014 4670 2034 4703 ι
2099 4651 2237 4705 Cum
2297 4650 2466 4719 igitur
2532 4659 2779 4720 tempora
2856 4652 3183 4721 ignorantia:
3249 4654 3588 4723 neglexisset

2012 4741 2154 4796 Deus
2193 4741 2262 4807 ³³,
2303 4758 2321 4791 ι
2381 4748 2435 4794 et
2462 4739 2670 4809 reliqua
2733 4741 3019 4810 deinceps.
3070 4740 3294 4797 Necnon
3329 4743 3585 4800 Christus

2008 4832 2188 4901 inquit
2223 4849 2235 4884 :
2271 4849 2289 4882 ι
2342 4831 2519 4885 Amen
2555 4830 2681 4885 dico
2726 4832 2906 4897 vobis,
2959 4834 3002 4886 si
3043 4848 3151 4888 non
3203 4834 3560 4891 credideritis

2006 4920 2061 4974 in
2096 4919 2340 4990 peccatis
2379 4918 2583 4975 vestris
2614 4921 2957 4976 occumhetis
2998 4921 3069 4976 δ’.
3105 4940 3125 4973 ι

2081 5033 2146 5085 Et
2201 5032 2512 5089 amandavit
2556 5029 2725 5088 Iosue
2784 5034 2933 5104 ﬁlius
2974 5032 3123 5089 Nave
3157 5052 3184 5090 ε
3219 5034 3380 5089 Silim
3448 5035 3578 5090 duo‘

1994 5124 2214 5193 juvenes
2313 5125 2514 5179 occulte
2585 5124 2942 5193 exploratum,
3014 5134 3069 5180 et
3152 5125 3362 5194 reliqua
3422 5125 3550 5178 dein

2003 5232 2154 5286 ccps.
2209 5214 2295 5287 [l|,
2333 5215 2411 5288 1.]
2477 5216 2759 5287 l’r0ponit
2804 5218 3094 5287 pristinam
3144 5215 3457 5271 meretricis
3496 5215 3551 5269 vi

2003 5316 2137 5369 tam,
2192 5322 2303 5377 quo
2360 5307 2535 5376 magis
2594 5308 2765 5377 ipsius
2842 5307 3197 5361 mutationem
3263 5305 3576 5361 admireris.

1008 5485 1052 5517 ³⁸
1086 5483 1250 5540 llebr.
1282 5500 1358 5552 ιι,
1393 5484 1483 5542 40.
1549 5485 1591 5517 ³⁷
1623 5481 1825 5555 Ephcs.
1890 5499 1907 5537 ι

2012 5484 2082 5537 ll.
2164 5478 2208 5510 ³⁸
2262 5481 2302 5535 ll
2333 5482 2459 5538 Cor.
2490 5499 2584 5548 xu,
2612 5484 2667 5537 ‘2.
2760 5484 2805 5515 ³⁹
2841 5484 2965 5539 Act.
3016 5495 3151 5545 xm,
3185 5482 3277 5542 ‘50.
3314 5470 3364 5513 λθ
3404 5482 3563 5539 Ιιιειη.

1833 5663 2065 5719 NOTAE.

385 5780 497 5854 (3|)
542 5780 814 5831 Ἕλειπον.
835 5778 1045 5845 Ἀνάγν.

2075 5777 2187 5849 (3‘2)
2232 5777 2357 5841 Υἱὸς
2386 5776 2541 5846 Ναυῆ
2580 5778 2637 5829 ὲν
2667 5777 2882 5834 Σαττίν.
2919 5779 2987 5832 Ai
3017 5779 3137 5832 αὐτ.
