4018 6230
516 328 622 397 999

1813 327 2167 390 PROCOPII
2194 316 2434 391 (ΜΖιεὶ

3635 323 3756 395 1000

517 452 783 507 Caeterum
839 449 944 504 h'oc
999 447 1145 518 quod
1197 446 1344 502 viros
1398 445 1652 514 excipere
1699 457 1782 499 est
1833 446 2082 517 dignata,

2205 450 2313 509 τσὺς
2361 449 2580 518 ἄνδρας,
2616 449 2923 518 θαυμαστὸν
2963 447 3147 501 οὐδέν·
3197 447 3637 518 πανδοκευτρίας
3671 459 3767 520 γαρ

519 540 902 595 admirationis
951 538 1084 594 nihil
1141 538 1324 600 habet,
1371 537 1505 608 quid
1537 538 1683 592 enim
1715 546 1895 607 caupo
1929 553 2080 607 qua:-

518 631 602 686 vis
636 635 746 701 agit
783 632 1001 686 minus?
1030 629 1193 685 Fides
1235 639 1420 684 autem
1462 627 1582 698 ejus
1609 635 1695 682 est
1725 627 1980 682 miriﬁca.

585 725 869 776 Daminum
933 727 1079 777 enim
1134 723 1202 776 ad
1251 723 1398 776 hunc
1467 719 1762 774 conlitetur
1817 718 2086 774 modum:

523 833 542 864 ι
579 813 844 867 Dominus
900 813 1043 869 Deus
1089 823 1220 869 tuus
1275 813 1540 868 Dominus
1589 821 1678 866 est
1720 813 1916 866 unicus
1963 811 2028 867 “.
2065 830 2085 864 ι

518 907 669 970 ρειαί
733 907 1000 961 Ιετιιειίιω
1067 923 1130 960 ex
1191 922 1302 975 quo
1373 905 1665 958 Dominum
1720 905 1814 972 qui
1875 903 1986 958 illis
2035 903 2088 956 in

520 1001 703 1045 monte
755 993 886 1046 Sina
934 995 1264 1062 cotuparuit,
1307 993 1626 1062 eqne'ignis
1681 992 1862 1046 medio
1892 1001 1976 1046 est
2007 994 2089 1046 lo-

519 1097 703 1146 cutus,
757 1083 1105 1147 audiverant,
1161 1085 1333 1138 vitulo
1379 1084 1652 1138 fabricato
1699 1093 1826 1153 post
1877 1097 2088 1152 tergum

521 1175 868 1243 rejet-erunt;
915 1189 1003 1239 ac,
1046 1194 1065 1225 ι
1102 1175 1196 1230 isti
1241 1185 1370 1230 sunt
1409 1176 1486 1226 Lii
1544 1176 1644 1238 lui,
1675 1175 1858 1239 Israel,
1885 1193 1904 1226 ι
1943 1177 2094 1230 dixe-

519 1276 647 1317 runt
678 1264 742 1318 δ’.
782 1267 871 1319 list
905 1281 1035 1318 vero
1067 1269 1182 1320 haec
1233 1265 1428 1318 mulier
1457 1265 1751 1332 cujusdam
1786 1267 2092 1334 margaritae

519 1352 572 1402 in
637 1351 747 1402 luto
797 1351 1029 1406 defossae
1081 1354 1276 1414 instar,
1329 1367 1448 1421 quae
1497 1354 1702 1406 exitum
1767 1351 1986 1407 lsraelis
2023 1369 2088 1406 ex

523 1437 762 1510 Egypto
813 1456 920 1494 non
969 1440 1194 1494 ascribit
1226 1439 1352 1502 diis,
1403 1453 1592 1492 verum
1620 1437 1931 1492 audivimus
1957 1453 2093 1507 quu-

522 1534 640 1586 lia:
701 1552 719 1584 ι
761 1533 1029 1588 Dominus
1080 1533 1226 1588 Deus
1273 1540 1454 1586 vester
1498 1533 1611 1601 egit
1639 1547 1762 1585 cum
1793 1531 2090 1603 Egyptiis,

523 1618 720 1688 inquit.
769 1615 848 1672 Ae
908 1621 1052 1690 quod
1109 1620 1254 1676 faina
1303 1635 1413 1674 non
1445 1619 1713 1691 percepit,
1767 1621 1954 1676 divina
1989 1637 2094 1693 ope

523 1723 620 1778 per
647 1709 804 1764 ﬁdem
831 1711 1096 1780 abripuit.

581 1801 843 1870 Adeoque
897 1779 1230 1856 luculentam
1277 1800 1509 1872 ﬁguram
1565 1802 1820 1860 Ecclesia:
1863 1806 2090 1875 gentilis
2123 1779 2164 1836 Β

521 1893 754 1961 praetulit
791 1909 807 1958 ;
843 1894 984 1962 ejus,
1023 1893 1272 1962 inquam,
1319 1909 1442 1962 qua:
1482 1895 1637 1963 prius
1667 1896 1722 1950 in
1753 1899 2092 1952 scortatione

522 1972 831 2039 damtonutn
887 1985 1336 2056 pervolvebatur.
1391 1984 1554 2040 Juxta
1589 1986 1722 2042 illud
1757 2006 1769 2043 :
1807 2008 1825 2040 ι
1861 1987 2092 2042 Eramus

522 2083 578 2129 et
613 2088 713 2130 nos
747 2075 1023 2139 quondam
1077 2075 1353 2128 increduli
1384 2076 1448 2130 ⁵³.
1506 2095 1524 2128 ι
1563 2076 1694 2142 Quae
1729 2077 1858 2131 item
1887 2077 2092 2132 Cltl'iSti

523 2165 898 2234 exploratores
931 2163 1162 2216 Domino
1204 2165 1472 2233 populum
1506 2164 1841 2220 destinatum
1870 2181 2093 2234 compa-

526 2262 714 2310 rantes
745 2255 1010 2322 suscepit,
1062 2269 1270 2322 eosque
1305 2255 1361 2308 in
1391 2258 1610 2307 dontum
1643 2253 1931 2309 subduxit.
1963 2255 2097 2308 Nul-

529 2337 615 2399 lus
645 2346 790 2399 enim
821 2343 951 2399 Jesu
1003 2347 1322 2414 explorator
1355 2360 1478 2400 esse
1505 2353 1684 2414 potest
1727 2346 1904 2412 humi,
1935 2347 2094 2412 nihil,

527 2437 774 2507 inquam,
807 2437 952 2506 quod
1005 2437 1078 2491 sit
1111 2436 1274 2490 infra.
1323 2439 1402 2492 Ac
1436 2439 1484 2494 si
1539 2439 1664 2509 quis
1720 2453 1816 2494 eos
1848 2441 1979 2494 velit
2015 2453 2098 2497 re-

527 2530 716 2599 cipere
763 2529 816 2600 ei
865 2527 1064 2583 domus
1113 2527 1366 2582 absoluta
1419 2539 1503 2584 est
1547 2531 1904 2593 exstruenda,
1937 2531 2098 2584 cubi-

527 2623 654 2676 culo
707 2637 912 2676 corona
983 2622 1230 2690 prtedita,
1291 2637 1400 2690 quo
1447 2621 1873 2690 eoscommodc
1923 2625 2100 2693 possit

527 2715 828 2784 suscipere,
864 2729 1200 2782 sursumque
1247 2715 1578 2769 subducere.

591 2781 802 2872 Hospes
854 2817 1016 2872 porro
1065 2781 1182 2856 haec
1237 2804 1546 2858 meretricis
1599 2805 1720 2858 loco
1771 2812 1924 2860 Vates
1959 2781 2139 2876 quo:

529 2909 638 2962 que
683 2893 878 2946 evasit.
933 2911 951 2943 ι
985 2891 1118 2946 Novi
1159 2895 1329 2956 enim,
1403 2894 1602 2963 inquit,
1644 2895 1789 2965 quod
1839 2896 2103 2954 Dominus

528 2982 674 3038 Deus
702 2994 884 3038 vester
916 2983 1144 3037 tradidit
1177 2986 1318 3038 hanc
1358 2993 1566 3039 terram
1603 2977 1779 3040 vobis.
1817 3005 1835 3038 ι

597 3075 869 3139 Quocirca
903 3091 1013 3149 non
1044 3077 1250 3148 inepte,
1276 3077 1385 3130 imo
1415 3076 1587 3130 divini
1624 3076 1865 3148 Spiritus
1897 3079 2098 3134 instin-
2127 3104 2170 3163 ρ

527 3173 617 3222 ctu
694 3167 891 3233 suasit,
969 3168 1131 3222 utin
1199 3177 1522 3222 montanum
1591 3170 2097 3238 proficiscerentur.

528 3259 712 3326 Quare
740 3274 858 3314 eam
887 3259 1192 3314 admiratus
1220 3259 1450 3325 Paulus,
1485 3261 1664 3330 inquit
1697 3281 1710 3315 :
1747 3279 1766 3312 ι
1803 3261 1908 3317 Per
1937 3263 2098 3318 ﬁdem

529 3367 636 3406 non
674 3367 797 3406 cum
843 3352 1146 3408 incredulis
1197 3353 1364 3424 periit
1409 3354 1586 3418 Raab,
1632 3369 1754 3424 quae
1786 3357 2103 3425 explorato-

529 3456 620 3496 res
651 3443 900 3510 suscepit
925 3440 992 3494 ιδ.
1051 3459 1070 3492 ›
1111 3440 1356 3512 Eamque
1400 3442 1458 3496 in
1517 3458 1806 3498 numerum
1857 3448 2101 3500 omnium

529 3541 856 3588 sanctorum
892 3530 1083 3587 refert.
1783 3537 1793 3546 ‘

603 3643 777 3697 Porro
829 3642 1102 3713 sapientia
1171 3623 1393 3712 quoque
1444 3650 1876 3715 quantacunque
1934 3647 1988 3701 in
2039 3654 2103 3702 ea

528 3736 732 3800 elucet,
773 3735 842 3790 ab
893 3735 1319 3804 inquisitoribus
1369 3737 1516 3791 enim
1571 3739 1906 3809 interrogata
1939 3741 2006 3795 ad
2045 3757 2104 3796 se

533 3825 816 3896 ingressos
863 3825 1242 3894 exploratores
1275 3837 1406 3879 esse
1441 3839 1550 3878 non
1587 3833 1868 3895 pernegat,
1907 3827 2105 3880 inuno-

532 3917 716 3970 dicum
771 3917 916 3970 enim
965 3915 1310 3968 mendacium
1358 3913 1684 3969 incredibile
1743 3921 1848 3980 cst,
1912 3930 2104 3970 verum

531 4023 658 4064 cum
685 4007 1011 4062 aﬂirmassct
1052 4005 1210 4068 illud,
1243 4006 1532 4061 mendacio
1571 4008 1732 4062 fidem
1764 4008 2102 4063 conciliavit.

537 4099 846 4154 Subiutulit
877 4098 1020 4153 enim
1059 4114 1074 4150 :
1114 4115 1134 4148 ι
1184 4095 1320 4149 Nam
1353 4099 1597 4166 perviam
1632 4098 1778 4152 hanc
1828 4099 2108 4156 discesse-

537 4200 686 4246 runt.
724 4208 742 4242 ι
798 4187 1027 4258 Negatio
1071 4187 1219 4249 enim
1242 4201 1366 4256 qua:
1403 4189 1672 4258 principio
1725 4191 1783 4243 lit
1815 4192 2107 4245 scrutatio-

537 4284 626 4338 nis
664 4295 832 4336 causa
865 4279 1081 4335 luisset.
1567 4279 1590 4305 ‘

606 4397 785 4460 Quare
819 4392 1014 4448 salutis
1055 4391 1361 4446 mercedem
1413 4407 1538 4446 cum
1605 4401 1712 4446 tota
1761 4407 1861 4447 sua
1902 4391 2104 4448 familia

543 4485 804 4554 percepit,
843 4499 965 4538 cum
1023 4483 1181 4552 signo
1231 4481 1378 4537 l‘uuis
1426 4485 1671 4539 coccinei
1723 4483 1927 4540 Christi
1975 4501 2105 4542 san-

545 4578 762 4646 guinem
807 4575 1146 4644 signiticanti
1195 4571 1546 4630 credidisset.
1627 4577 1798 4642 Quem
1848 4576 2109 4633 Pharisaei

546 4683 670 4721 cum
703 4668 950 4735 recipere
978 4665 1304 4735 noluissent,
1333 4684 1362 4722 a
1391 4669 1618 4722 Christo
1647 4669 1876 4723 audiunt
1908 4688 1920 4724 :
1955 4689 1972 4722 ι
2006 4670 2113 4724 Pu-

544 4759 746 4816 blicani
798 4768 854 4812 et
905 4759 1226 4813 meretrices
1273 4760 1586 4829 prmcedent
1635 4774 1730 4813 vos
1770 4759 1825 4812 in
1880 4775 2110 4830 regnum

541 4854 808 4908 caelorum
834 4851 898 4904 ".
927 4867 944 4899 ι

2188 539 2249 590 τὺ
2280 539 2438 609 ἔργον
2463 557 2474 570 ·
2503 541 2564 593 τὸ
2593 541 2647 594 δὲ
2678 543 2777 609 τῆς
2805 541 3036 604 πίστεως
3065 541 3423 611 ύπερὸἀλλει.

2262 719 2465 788 Κύριον
2510 696 2762 786 ὁμοῖογεϊ
2799 717 2890 768 τὸν
2945 715 3101 779 Θεὸν,
3137 716 3279 770 κατὰ
3325 716 3430 770 τό·
3471 735 3491 767 ι
3522 715 3718 787 Κύριος
3743 715 3770 770 ὀ

2189 812 2320 874 Θεός
2351 827 2466 870 σου,
2495 809 2696 880 Κύριος
2726 803 2805 872 εἷς
2837 811 3005 860 εστιν.
3036 825 3054 858 ι
3083 809 3259 878 Ὅπερ
3284 809 3312 860 ὁ
3344 808 3576 877 Ἰσραὴλ
3602 810 3664 860 ὲκ
3685 809 3768 862 τοῦ

2190 905 2248 956 ἐν
2276 902 2354 971 τῷ
2379 901 2510 972 Σινᾷ
2545 899 2804 968 φανέντος
2837 899 3168 962 ἀκούσαντες
3210 901 3275 951 ὲκ
3311 899 3490 968 μέσου
3543 897 3767 966 φθεγγο-

2195 996 2356 1064 μένου
2406 993 2598 1064 πυρδς,
2634 994 2832 1046 αὐτίκα
2875 993 3196 1062 παρέϐησαν
3245 995 3768 1062 μοσχυποιήσαντες,

2192 1087 2340 1151 καὶ,ι
2365 1081 2546 1149 Οὗτοι,
2566 1086 2858 1155 φήσαντες,
2874 1085 2922 1137 οἱ
2954 1083 3064 1136 θεοί
3086 1101 3203 1150 σου,
3221 1084 3502 1154 ’1σροιὴλ.ι
3533 1085 3680 1154 Αὕτη
3697 1086 3763 1152 δὲ,

2191 1173 2279 1232 οἷά
2324 1196 2404 1241 τις
2465 1177 2811 1248 μαργαρίτης
2861 1179 2918 1229 ἐν
2973 1177 3224 1248 βορϐόρῳ
3265 1179 3686 1247 κρυπτόμενος,
3716 1178 3769 1230 ού

2193 1268 2334 1328 θεοῖς
2365 1269 2659 1338 ἐπιγράφει
2686 1269 2786 1334 τὴν
2819 1267 2995 1330 ἔξοδον
3015 1269 3247 1340 Ἰσραὴλ,
3269 1267 3415 1328 ἀλλ’,
3435 1267 3770 1336 Ἦκούσαμεν

2193 1352 2282 1410 οἷα
2337 1357 2537 1426 Κύριος
2561 1357 2744 1419 όΘεὸς
2801 1357 2953 1425 ὑμῶν
2988 1357 3212 1428 ἐποίησε
3265 1359 3384 1420 τοῖς
3441 1357 3769 1424 Αἰγυπτίοις.

2197 1451 2304 1502 Καὶ
2348 1449 2376 1502 ὃ
2411 1451 2485 1520 μὴ
2527 1449 2801 1522 παρέλαϐε
2834 1449 2901 1502 δι’
2926 1450 3117 1520 ἀκοῆς,
3157 1451 3222 1502 ὲκ
3250 1449 3394 1503 Θεοῦ
3430 1449 3523 1503 διὰ
3555 1449 3772 1512 πίστεως

2193 1543 2434 1613 ἥρπασεδ

2265 1809 2444 1872 Τύπος
2471 1805 2640 1873 ὅντως
2667 1809 2765 1878 τῆς
2799 1801 3126 1880 Ἑκκλησίας
3148 1849 3162 1874 ,
3190 1808 3224 1880 ἢ
3256 1807 3534 1878 πρότερον
3565 1803 3774 1876 πορνείᾳ

2193 1901 2256 1970 τῇ
2285 1899 2398 1953 τῶν
2422 1899 2690 1970 δαιμόνων
2718 1901 2968 1972 ἐφέρετο,
2995 1899 3136 1952 κατὰ
3162 1899 3244 1952 τόο
3274 1895 3496 1968 «Ἦμεν
3523 1896 3631 1966 γάρ
3655 1911 3771 1948 ποτε

2195 1991 2289 2044 καὶ
2313 1992 2474 2061 ἡμεῖς
2502 1991 2770 2058 ἀπειθεῖς,
2796 2012 2813 2043 ι
2853 1993 2946 2045 καὶ
2970 1991 3066 2044 τοῦ
3095 1989 3338 2060 Χριστοῦ
3363 1991 3499 2052 τοὺς
3523 1986 3774 2041 κατασκό-

2197 2099 2332 2144 πους
2381 2082 2713 2146 ἀποστόλους
2743 2083 2979 2147 ἐδέξατο,
3010 2083 3406 2152 ἑτοιμάζοντας
3436 2079 3630 2150 Κυρίῳ
3657 2077 3770 2130 λαὸν

2197 2173 2725 2246 κατεσκευασμένον,
2762 2176 2856 2229 καὶ
2887 2175 2980 2228 ἐπὶ
3023 2174 3085 2227 τὸ
3125 2174 3281 2244 δῶμα
3313 2171 3549 2232 τούτους
3577 2169 3772 2239 ἀνήγαό

2197 2284 2314 2335 γεν.
2353 2266 2542 2330 Οὐδεὶς
2589 2267 2696 2338 γὰρ
2746 2267 3096 2330 κατάσκοπος
3139 2263 3314 2334 Ἰησοῦ
3370 2263 3600 2317 δύναται
3644 2255 3770 2314 εἶναι

2198 2360 2394 2430 χαμαὶ,
2430 2360 2552 2415 οὐδὲ
2604 2362 2784 2430 μεῖναι
2817 2359 2986 2413 κάτω.
3029 2359 3140 2412 Καὶ
3172 2359 3219 2410 εἰ
3253 2356 3554 2426 μέλλοιμεν
3586 2353 3772 2414 αὐτοὺς

2202 2451 2586 2519 ὑποδέξασθαι,
2621 2452 2834 2504 τελείαν
2879 2450 3264 2521 οἰκοδομητέον
3308 2449 3516 2512 οὶκίαν,
3550 2445 3767 2515 ἔχουσαν

2183 2546 2358 2614 ,δῶμα
2384 2547 2476 2599 καὶ
2517 2545 2811 2614 στεφάνην,
2841 2544 2929 2597 ἵνα
2963 2542 3325 2610 ὑποδέξασθαι
3360 2541 3592 2604 τούτους
3617 2537 3771 2592 δυνώ-

2206 2639 2364 2708 μεθα,
2403 2637 2498 2691 καὶ
2525 2638 2854 2692 ἀναϐιϐάσαι
2887 2636 3021 2692 ἄνω.

2276 2801 2550 2886 Προφῆτις
2591 2816 2711 2870 ἀντὶ
2757 2817 2963 2886 πόρνης
3009 2815 3253 2885 ἐγένετο,
3291 2835 3308 2864 ι
3333 2815 3664 2882 Ἐπίσταμαι
3692 2810 3766 2864 λέ-

2203 2925 2397 2976 γουσα,
2429 2912 2510 2962 ὅτι
2539 2909 2744 2981 Κύριος
2769 2912 2796 2963 ὁ
2825 2909 2957 2973 Θεὸς
3003 2909 3157 2979 ὑμῶν
3201 2908 3492 2978 παρέδωκε
3538 2906 3633 2976 τὴν
3677 2903 3766 2972 γῆν

2203 3001 2409 3070 ταύτην
2437 3003 2588 3072 ὑμῖν.
2624 3022 2644 3056 ι

2279 3095 2440 3162 Ἀξια
2474 3095 2567 3148 τοῦ
2605 3093 2751 3148 θείου
2785 3079 3134 3148 συνεϐούλευε
3160 3092 3486 3165 Πνεύματος
3505 3107 3519 3123 °
3548 3087 3764 3162 Πορεύε-

2204 3187 2296 3239 σθε
2345 3189 2423 3250 είς
2459 3186 2558 3256 τὴν
2605 3187 2845 3257 ὀρεινήν.
2873 3187 2961 3240 Διὸ
2989 3186 3284 3256 θαυμάζων
3321 3186 3496 3256 αὐτὴν
3521 3187 3549 3238 ὀ
3575 3177 3764 3242 Παῦλος

2205 3278 2340 3348 φησί
2367 3293 2380 3306 ·
2418 3298 2436 3328 ι
2469 3278 2654 3330 Πίστει
2689 3277 2861 3332 Ῥαὰὸ
2903 3281 2936 3348 ὴ
2987 3278 3160 3348 πόρνη
3197 3277 3258 3330 ού
3297 3275 3642 3332 συναπώλετο
3668 3259 3763 3330 τοῖς

2203 3369 2571 3439 ἀπειθήσασι,
2621 3368 2889 3440 δεξαμένη
2932 3371 3059 3434 τοὺς
3101 3366 3524 3434 κατασκόπους,
3553 3385 3574 3420 ι
3619 3363 3764 3416 πᾶσιν

2204 3464 2370 3536 αὐτὴν
2411 3467 2524 3527 τοῖς
2565 3463 2742 3532 ἁγίοις
2781 3463 3218 3534 συναριθμήσας.

2257 3628 2451 3710 ’Καὶή
2501 3641 2662 3710 σοφία
2709 3641 2766 3695 δὲ
2820 3639 3319 3712 ὅση.Ἐρωτωμένη
3364 3641 3476 3712 γὰρ
3527 3629 3625 3692 ὖπδ
3670 3629 3761 3686 τῶν

2208 3732 2629 3802 ἐπιζητούντων,
2671 3733 2769 3786 οὐκ
2819 3733 3063 3804 ἀρνεῖται
3113 3732 3222 3786 τῶν
3277 3730 3638 3787 κατασκόπων
3679 3722 3763 3791 τὴν

2207 3825 2716 3896 εἶ’σοδον.’Λκρατον
2739 3825 2848 3898 γὰρ
2862 3824 3054 3894 ψεῦδος
3071 3825 3354 3878 ἀπίθανον.
3375 3823 3519 3878 Ἀλλ’
3533 3816 3758 3878 εἰποῦσα,

2207 3915 2334 3978 Ναὶ,
2359 3916 2419 3968 τὸ
2436 3915 2630 3985 ψεῦδος
2659 3916 2958 3986 πεποίηκεν
2977 3917 3306 3982 ἀξιόπιστον.
3325 3915 3626 3985 Ἐπὴνεγκε
3647 3907 3757 3974 γὰρ.

2212 4026 2228 4057 ι
2257 4006 2343 4070 Ὠς
2375 4007 2530 4078 τήνδε
2567 4009 2667 4078 τὴν
2721 4007 2838 4060 ὁδὸν
2881 4008 3260 4078 ἄνεχώρησαν.
3293 4027 3312 4058 ι
3359 4007 3423 4060 Ἦ
3457 4005 3563 4075 γὰρ
3595 3999 3650 4064 ἒξ
3675 3999 3758 4067 ἀρ·

2207 4099 2307 4170 χῆς
2340 4099 2570 4170 ἄρνησις
2601 4099 2772 4152 ἐκίνει
2801 4099 2935 4170 πρὸς
2964 4099 3211 4170 ἔρευναν.

2281 4383 2492 4436 Mat:va
2538 4385 2761 4438 πανοικὶ
2799 4383 2897 4454 τὴν
2930 4383 3200 4453 σωτηρίαν
3227 4380 3445 4446 ἐδέξατο
3474 4375 3549 4446 τῷ
3575 4365 3756 4440 σημείῳ

2217 4475 2309 4529 τοῦ
2352 4476 2606 4528 κοκκίνου
2641 4475 3000 4542 πιστεύσασα,
3033 4475 3128 4530 τοῦ
3169 4475 3404 4546 Χριστοῦ
3439 4475 3501 4525 τὸ
3531 4463 3658 4535 αἷμα
3679 4475 3759 4526 σηο

2223 4566 2492 4634 μαίνοντι.
2530 4567 2596 4618 Ὀ
2631 4566 2705 4637 μὴ
2739 4567 3054 4636 δεξαμένοις
3089 4566 3404 4637 Φαρισαίοις
3445 4560 3628 4634 φησίν·
3659 4571 3674 4602 ι
3702 4546 3750 4601 οι

2218 4657 2446 4712 τελῶναι
2483 4658 2578 4710 καὶ
2622 4657 2816 4726 πόρναι
2854 4658 3186 4728 προάγουσιν
3220 4657 3362 4726 ὑμᾶς
3391 4656 3471 4716 εἰς
3505 4648 3597 4720 τὴν
3623 4643 3752 4728 βασις

2214 4747 2370 4799 ’λείαν
2399 4747 2506 4802 τῶν
2531 4747 2794 4817 οὐρανῶν.
2820 4765 2837 4798 ι
2871 4747 3055 4800 Ἔοικε
3084 4747 3140 4800 δὲ
3166 4747 3323 4800 τοῦτο
3351 4745 3412 4798 τὸ
3438 4742 3667 4798 κόκκινον
3687 4723 3750 4796 τῷ

2219 4839 2520 4893 ὲπιδεθέντι
2553 4842 2618 4910 τῇ
2644 4838 2790 4908 χειρὶ
2813 4837 2972 4892 τοῦτο
3011 4877 3024 4894 .
3051 4877 3064 4892 .
3093 4876 3106 4892 .
3149 4839 3283 4901 (55).

617 4989 682 5043 Et
711 4987 959 5044 dixerunt
975 4988 1022 5042 ei
1051 4987 1148 5042 viri
1173 4987 1256 5041 illi
1283 5004 1301 5042 :
1327 4986 1575 5039 Animam
1596 4996 1837 5040 nostram
1861 5002 1954 5054 pro
1981 4988 2125 5043 vobis
2164 4987 2326 5042 morti
2360 4985 2696 5038 devovcmus.
2719 4978 2816 5052 ιιι,
2843 4979 2958 5051 “.1
2993 4977 3070 5033 Ita
3091 4991 3310 5048 quoque
3333 4973 3562 5033 carceris
3588 4971 3746 5022 c0510!

541 5095 667 5136 cum
705 5077 1050 5147 suscepisset
1099 5075 1327 5130 Paulum
1356 5082 1413 5128 et
1441 5073 1634 5137 Silam,
1663 5075 1870 5144 quibus
1896 5076 2156 5146 credidit,
2190 5076 2448 5142 forasque
2476 5069 2854 5142 produxisset,
2908 5068 3129 5137 inquit:
3166 5085 3185 5118 ι
3230 5065 3374 5132 Quid
3413 5057 3543 5118 mihi
3573 5061 3628 5110 ut
3651 5059 3746 5147 ser:

543 5186 640 5222 ver
675 5167 819 5222 l'acto
865 5171 950 5220 est
982 5179 1122 5234 opus
1150 5162 1236 5215 “‘i
1263 5179 1281 5212 ι
1318 5161 1420 5216 Cui
1461 5161 1539 5215 illi
1579 5177 1594 5214 :

1645 5179 1663 5212 ι
1682 5141 1919 5217 Conlide
1943 5162 2012 5218 de
2053 5141 2284 5218 Domino
2313 5141 2442 5216 Jesu
2469 5141 2691 5214 Christo
2726 5175 2739 5211 :
2789 5157 2860 5211 ita
2893 5155 3038 5210 enim
3079 5165 3134 5210 tu
3160 5163 3216 5209 et
3245 5161 3441 5210 cuncta
3463 5151 3643 5206 domus
3669 5141 3742 5188 11³³

543 5255 856 5312 servabitur
881 5251 972 5306 ⁸⁸⁸.
1007 5230 1037 5303 ί
1101 5252 1165 5306 Et
1189 5250 1479 5306 confestim
1535 5251 1812 5318 capitibus
1866 5267 2038 5307 sacra:
2087 5251 2248 5324 481
2311 5247 2565 5304 tinctiooi
2611 5244 2925 5309 submissis,
2957 5257 3146 5298 verum
3195 5245 3513 5311 receperunt
3539 5230 3740 5324 signs-Illo

543 5344 869 5414 sanguinem
900 5339 1158 5397 videlicet
1185 5336 1518 5403 coccineum
1572 5312 1782 5395 Christi
1816 5354 1917 5410 pro
1958 5312 2344 5396 nobis-olidam
2400 5334 2673 5392 Obtestati
2727 5347 2890 5404 porro
2915 5332 3080 5386 etiam
3139 5337 3271 5386 sunt
3312 5325 3554 5384 ﬁdelibus
3579 5312 3739 5368 Τθεείι·

557 5475 564 5482 ’
633 5499 676 5529 δι
717 5500 872 5553 Deut.
908 5512 984 5560 vt,
1014 5499 1068 5554 4.
1129 5496 1175 5528 ’δ’
1221 5495 1398 5550 Exod.
1446 5511 1616 5559 xxx",
1651 5494 1706 5549 4.

547 5583 659 5630 Iri,
689 5571 781 5622 50.
893 5570 960 5600 “‘
989 5565 1225 5624 ibid.5l.

1798 5493 1842 5526 “
1883 5492 1993 5547 Tit.
2037 5507 2120 5558 Ill,
2159 5492 2216 5548 3.

3573 5467 3614 5502 ιι
3635 5442 3749 5516 Λα,

2329 5491 2375 5523 “
2411 5491 2574 5547 llebr.
2621 5507 2698 5552 χι,
2737 5480 2826 5544 3L
2910 5490 2956 5521 “
2978 5479 3168 5544 Matth.
3233 5483 3470 5558 xxl,'_3l.

2053 5645 2285 5704 ΝΟΤιΕ.

623 5767 748 5836 (ΞΓ)
783 5769 998 5824 Asina.
1041 5769 1350 5839 Ἐννοητέον
1401 5768 1458 5824 δὲ
1509 5769 1744 5835 πάντως,
1790 5765 1883 5820 τοῦ
1938 5765 2144 5838 Κυρίου
2197 5763 2370 5834 Ἰησοῦ
2405 5760 2660 5832 Χριστοῦ.
