4018 6230
456 283 584 352 1001

1591 271 2128 338 COMMENTARII
2168 269 2250 331 IN
2281 265 2543 331 JOSUE.

3568 255 3699 322 1002

451 403 648 459 Ionicae
667 397 736 467 ⁸⁷,
766 405 988 467 paratos
1021 407 1146 451 esse
1175 405 1286 447 non
1318 389 1497 447 solum
1542 387 1678 462 ipsis
1709 386 1990 458 impertire
2041 381 2426 455 Evangelium,
2451 389 2644 435 verum
2697 372 2861 431 etiam
2909 385 3039 430 suas
3076 372 3325 444 ipsorum
3354 371 3569 427 animas
3602 388 3702 444 pro

447 492 588 563 ipsis
611 499 910 556 exponere.

516 599 629 656 Kal
657 595 968 666 ἐχάλασεν
1013 590 1236 658 αὐτοὺς
1267 590 1339 644 ἐν
1369 587 1620 659 σχοινίφ
1649 587 1749 642 διὰ
1780 587 1892 656 τῆς
1920 589 2022 642 θυι
2050 635 2056 647 ,

2199 581 2420 636 Demisit
2468 579 2647 645 itaque
2697 590 2785 629 eos
2836 572 2964 643 fune
3007 585 3099 639 per
3140 569 3451 639 fenestram,
3498 567 3710 636 quando

440 693 613 758 ρίδος
641 705 658 723 ο
691 660 790 741 ’δτι
834 688 867 740 ὁ
919 681 1085 747 οἶκος
1131 679 1323 747 αὐτῆς
1366 679 1436 733 ἐν
1473 674 1553 745 τῷ
1599 677 1802 746 τείχει,
1835 674 1934 730 καὶ
1959 675 2034 728 ἐν

2159 668 2339 724 uident
2364 667 2549 721 domus
2578 665 2693 734 ejus
2719 673 2833 718 erat
2851 663 3011 732 juxta
3031 662 3244 725 muenia,
3269 660 3544 715 habitabat
3574 660 3715 714 enim

448 781 530 848 τῷ
547 781 744 848 τείχεϊ
760 777 912 842 αὕτη
928 773 1217 842 ἐκάθητο.
1248 773 1442 840 Τεῖχος
1481 768 1743 840 Ἱεριχοῦς
1767 769 1871 838 τῆς
1897 769 2032 822 ἀσε-

449 876 604 938 ϐείας
634 870 808 938 αὐτῆς
847 869 907 921 τὸ
947 866 1232 936 ὀχύρωμα,
1275 865 1361 932 ἐφ’
1402 855 1448 931 ᾧ
1487 860 1658 916 Ῥαὰϐ
1699 859 2026 924 ἐκαθέζετοο

450 968 588 1023 ἀλλὰ
614 963 977 1025 πιστεύσασα,
1013 957 1287 1013 εὐάλωτον
1316 956 1487 1026 αὐτῆς
1523 953 1779 1018 ἀπέδειξε
1814 953 1877 1006 τὸ
1905 951 2033 1022 ὀχύ-

453 1073 532 1128 ρω
539 1072 635 1126 μα.

525 1229 601 1283 Τὸ
659 1227 718 1280 δὲ
761 1223 1030 1296 σπαρτίον
1072 1222 1134 1276 τὸ
1175 1219 1417 1292 ἔντριτον
1449 1218 1512 1272 ού
1553 1217 2031 1290 διαρραγήσεται,

454 1325 522 1378 δι’
547 1317 606 1378 οὗ
635 1319 731 1374 καὶ
759 1318 1049 1387 διέδρασαν
1084 1315 1134 1368 οἱ
1176 1314 1540 1367 κατάσκοποι.
1582 1312 1661 1365 Δι’
1689 1304 1751 1364 οῦ
1793 1309 2032 1381 σχοινίου

457 1411 666 1467 καὶτὸν
708 1408 910 1477 Ἰωσὴφ
935 1409 1000 1460 ὲκ
1025 1403 1124 1457 τοῦ
1161 1403 1371 1458 λάκκου
1427 1395 1726 1474 ἀνήγαγον,
1763 1401 2038 1472 Ἰερεμίαν

457 1519 516 1556 τε
547 1501 643 1554 καὶ
687 1498 778 1552 τὸν
816 1495 1053 1567 Δανιήλ⁶
1097 1493 1166 1547 δι’
1209 1487 1270 1550 οὗ
1306 1495 1404 1548 καὶ
1455 1493 1625 1548 Δαϐὶδ
1678 1492 1768 1545 διὰ
1819 1492 2038 1563 θυρίδος

461 1593 632 1663 ἔφυγε
665 1588 980 1662 χαλασθεὶς,
1020 1586 1118 1641 καὶ
1161 1585 1492 1663 Παῦλος-διὰ
1518 1585 1806 1656 σαργάνης
1832 1585 1893 1638 ὲν
1929 1586 2043 1638 Δα-

465 1657 705 1754 μοισκιῖίζ
734 1681 788 1734 οἶ
802 1698 864 1734 τι
893 1679 1231 1751 πατριάρχαι
1260 1657 1466 1743 πάντες
1494 1677 1586 1732 διὰ
1619 1676 1812 1731 τούτου
1840 1675 1902 1730 τὸ
1930 1671 2040 1740 ζῶν

463 1775 610 1846 ὕδωρ
634 1778 698 1830 ὲκ
717 1774 826 1828 τῶν
865 1773 1119 1845 φρεάτων
1150 1769 1442 1841 ἀνέφερον.

2130 764 2249 830 ipsa
2311 768 2525 830 propter
2583 772 2814 811 murum.
2844 752 2913 826 [II
2941 792 2956 819 ,
2985 749 3104 821 15.]
3135 750 3338 805 Maenia
3372 751 3713 808 Jerichuutis

2132 851 2436 920 impietatis
2503 849 2680 919 ipsius
2730 853 2896 902 erant
2955 843 3476 915 propugnaculum,
3538 841 3729 914 super'

2133 944 2341 1015 quibus
2439 940 2604 997 sedes
2672 945 2795 994 erat
2873 934 3093 989 Rahab.
3181 934 3384 989 Verum
3451 936 3717 1005 quoniam

2134 1036 2394 1093 ﬁduciam
2425 1032 2750 1089 obtinuerat
2790 1027 3157 1085 munitionem
3188 1025 3312 1096 ejus
3341 1027 3602 1097 capiendi
3637 1027 3719 1082 fa-

2134 1129 2404 1186 cilitatem
2445 1124 2684 1197 aperuit.

2203 1220 2276 1274 At
2321 1216 2473 1273 funis
2525 1211 2888 1285 quantuvis
2931 1210 3135 1266 debilis
3183 1223 3292 1264 non
3327 1209 3720 1283 disrumpitur,

2135 1326 2233 1382 per
2255 1315 2432 1379 quam
2481 1311 2781 1364 evaserunt
2831 1303 3244 1374 exploratores.
3289 1301 3396 1357 Per
3430 1317 3592 1372 quam
3628 1302 3724 1359 Jo-

2136 1402 2372 1471 sephum
2423 1411 2644 1468 quoque
2670 1411 2738 1451 ex
2763 1396 2964 1449 lacuna
2993 1392 3399 1458 subduxerunt,
3427 1390 3722 1449 Jeremiam

2138 1495 2271 1550 item
2298 1501 2353 1550 et
2378 1490 2692 1552 Danielem,
2729 1503 2830 1558 per
2860 1501 3026 1556 quam
3058 1484 3230 1540 David
3262 1499 3484 1554 quoque
3515 1500 3614 1556 per
3647 1485 3730 1540 fe-‘

2139 1593 2387 1642 uestram
2414 1581 2694 1639 demissus
2728 1578 2968 1650 aufugit.
3003 1577 3212 1634 Paulus
3236 1578 3404 1633 etiam
3434 1592 3535 1647 per
3564 1591 3726 1648 spor-

2138 1684 2254 1732 tam
2289 1673 2609 1730 submissus
2657 1669 2939 1724 Damasci.
2975 1668 3084 1724 Per
3129 1683 3298 1740 quam
3344 1668 3586 1739 denique
3625 1684 3726 1734 pa—

2140 1769 2403 1824 triarchae
2451 1780 2650 1823 omnes
2689 1757 2870 1820 vivam
2897 1778 2929 1819 e
2966 1761 3148 1834 puteis
3207 1776 3409 1833 aquam
3437 1763 3726 1819 subduxe-

2144 1869 2301 1915 runt.

537 1952 644 2017 Είς
685 1949 800 2017 τὴν
837 1949 1083 2016 ὀρεινὴν
1132 1911 1446 2002 ἀπέλθετε.
1492 1944 1848 2018 Ὠφεληθεῖσα
1899 1945 2038 2017 γὰρ,

2159 1911 2450 2006 Ι-ίίοηιεηι
2483 1965 2662 2005 uersus
2695 1947 2971 2002 discedite.
3012 1945 3153 2020 [16.]
3186 1945 3388 2018 Adjuta
3417 1947 3568 2002 enim
3607 1947 3728 2019 ipsa

465 2042 538 2097 τὰ
582 2041 764 2112 ὑψηλά
818 2039 1176 2110 μεταδιώκειν
1243 2037 1478 2091 ὑπέθετο
1519 2037 1884 2092 καταλιποῦσι
1941 2038 2044 2107 τῆς

468 2134 732 2196 ἀσεϐείας
777 2133 847 2186 τὰ
891 2131 1214 2202 χαμαίζηλα
1255 2129 1523 2199 δόγματα.
1576 2131 1688 2184 Kal.
1731 2132 1759 2183 ὁ
1789 2129 1956 2184 Δαϐὶδ
1987 2129 2045 2182 δέ

471 2243 661 2297 φησιν,
718 2244 738 2278 ι
767 2221 921 2295 τΗρα
951 2224 1080 2287 τοὺς
1107 2222 1423 2293 ὀφθαλμούς
1456 2239 1556 2293 μου
1583 2224 1665 2286 είς
1703 2221 1773 2276 τὰ
1796 2222 1920 2293 ὅρη,
1949 2223 2048 2277 πό-

471 2319 564 2372 θεν
591 2317 714 2389 ἥξει
741 2319 778 2387 ή
807 2316 1031 2387 βοήθειά
1060 2332 1184 2386 μου.
1215 2332 1234 2366 ι
1279 2316 1391 2368 Καὶ
1431 2315 1680 2380 Ἡσαΐας,
1726 2334 1746 2367 r
1775 2317 1893 2370 Ἐπ’
1921 2315 2048 2386 ὅρος

472 2411 674 2482 ὑψηλὸν
699 2409 932 2479 ἀνάϐηθι
961 2410 990 2462 ὁ
1029 2408 1524 2478 εὐαγγελιζόμενος
1551 2409 1650 2479 τὴν
1696 2407 1858 2474 Σιὼν,
1895 2407 2050 2478 ὑψώ-

475 2519 630 2568 σατε,
665 2503 744 2572 μὴ
777 2498 1051 2570 φοϐεῖσθε.
1085 2517 1105 2551 ›
1140 2501 1254 2553 Ούκ
1286 2502 1371 2569 ἐφ’
1406 2500 1464 2554 ἓν
1502 2499 1562 2553 δὲ
1603 2500 1732 2572 ὅρος
1761 2501 2050 2570 φευκτέον,

473 2594 589 2648 ἀλλ’
625 2597 718 2646 ἐπὶ
745 2593 944 2657 πάντα,
980 2593 1107 2656 τοὺς
1145 2591 1334 2660 ἁγίους
1383 2591 1669 2662 προφήτας
1698 2593 1794 2645 καὶ
1820 2591 2060 2647 ἀποστό-

476 2685 624 2750 λους,
659 2685 735 2753 μὴ
784 2684 881 2737 καὶ
925 2684 1339 2754 συναντήσωσιν
1382 2683 1518 2754 ἡμῖν
1555 2684 1606 2736 οί
1650 2682 1744 2736 τοῦ
1785 2683 2054 2754 βασιλέως

488 2773 750 2845 Ἱεριχοῦς
784 2772 876 2825 τοῦ
904 2774 1113 2844 κόσμου
1140 2772 1330 2826 τούτου
1365 2772 1644 2843 ἄρχοντες.
1678 2772 1769 2826 Διὸ
1790 2773 2055 2841 φευκτέον

479 2867 574 2920 ἐπὶ
615 2869 714 2937 τὴν
757 2864 1012 2936 ὀρεινὴν,
1047 2865 1223 2917 πάντα
1256 2864 1477 2934 ἔχοντας
1506 2863 1637 2917 ἄνω.
1691 2863 1911 2935 Ταύτην
1953 2865 2057 2919 οὐκ

483 2957 631 3010 ἴσασι
655 2955 756 3024 τὴν
787 2955 904 3007 ὁδὸν
943 2957 989 3008 οἱ
1033 2953 1319 3018 διώκοντες
1354 2956 1522 3026 ἡμᾶς.
1561 2954 1734 3026 Ὀρῶν
1760 2955 1868 3028 γάρ
1909 2956 2057 3009 ἐστιν

481 3048 676 3111 ὸΘεὸς
719 3047 816 3100 τοῦ
867 3046 1109 3118 Ἰσραὴλ,
1172 3050 1265 3102 καὶ
1317 3050 1378 3101 ού
1433 3049 1717 3103 κοιλάδων.
1755 3048 1919 3102 Ὅθεν
1957 3050 2059 3102 οὐκ

483 3139 853 3206 ἀναϐήσονται
879 3139 962 3201 εἰς
1001 3138 1068 3190 τὰ
1096 3137 1199 3209 ὅρη
1220 3157 1234 3170 ο
1270 3139 1366 3192 ἐπὶ
1392 3139 1450 3193 δὲ
1489 3139 1588 3210 τὴν
1619 3140 1896 3210 προτέραν
1923 3139 2059 3193 ἀνα-

2143 2043 2404 2101 sublimia
2431 2040 2694 2114 persequi
2734 2048 2945 2106 monet,
2982 2039 3220 2095 terrenis
3259 2039 3562 2110 impietatis
3597 2039 3732 2110 dog-

2146 2136 2313 2194 matis
2342 2135 2579 2192 relictis.
2627 2133 2752 2202 Ipse
2781 2147 3007 2203 quoque
3052 2130 3221 2186 David
3262 2131 3445 2202 inquit
3480 2149 3494 2186 :
3537 2150 3558 2182 ι
3585 2129 3731 2186 Ocu-

2145 2229 2232 2286 los
2272 2243 2427 2285 meos
2477 2227 2535 2282 in
2576 2233 2795 2281 montes
2853 2222 3102 2290 sustuli,
3151 2237 3218 2278 ac
3272 2223 3419 2278 unde
3462 2223 3730 2277 auxilium

2145 2333 2444 2379 venturum
2471 2329 2617 2377 esset
2648 2318 2783 2374 mihi
2841 2317 3056 2388 dispexi
3083 2316 3152 2370 ”.
3179 2333 3199 2369 ι
3235 2315 3412 2372 Isaias
3440 2315 3573 2371 item
3606 2317 3680 2370 ait
3715 2333 3730 2370 :

2153 2431 2174 2466 ι
2207 2411 2386 2484 Super
2423 2417 2666 2466 montem
2698 2408 2985 2465 excelsum
3021 2407 3340 2462 conscende
3380 2415 3438 2462 tu
3480 2407 3736 2477 quisquis

2148 2506 2334 2562 laetum
2364 2504 2626 2560 nuntium
2671 2502 2725 2557 in
2761 2501 2897 2558 Sion
2931 2499 3118 2567 aﬁ‘ers,
3150 2501 3348 2571 erigite
3379 2514 3502 2566 vos,
3536 2516 3637 2555 nec
3667 2502 3732 2554 ti-

2151 2607 2296 2656 mete
2320 2597 2389 2656 ".
2428 2615 2450 2649 ι
2487 2594 2599 2650 Nec
2629 2607 2762 2649 vero
2806 2606 2974 2662 super
3019 2605 3189 2645 unum
3220 2597 3460 2646 montem
3493 2598 3734 2652 tantum.

2151 2705 2344 2748 verum
2374 2703 2543 2760 super
2572 2700 2772 2743 omnes
2805 2684 3018 2740 sanctis
3047 2684 3337 2754 prophetis
3365 2697 3429 2738 ac
3473 2684 3738 2752 apostolis

2153 2792 2239 2840 est
2274 2783 2622 2854 fugiendum,
2658 2795 2728 2834 ne
2760 2779 2924 2835 nobis
2942 2793 3168 2849 quoque
3197 2778 3346 2848 regis
3375 2776 3736 2850 Jerichuntis,

2157 2875 2323 2945 hujus
2360 2872 2552 2927 mundi
2600 2869 2878 2940 principes
2925 2867 3144 2923 obviam
3191 2866 3342 2922 ﬁant.
3389 2867 3740 2941 Quapropter

2160 2979 2331 3036 super
2360 2961 2618 3034 quemvis
2650 2968 2893 3016 montem
2925 2957 3187 3028 supernis
3217 2957 3626 3012 habitatoribus
3656 2965 3742 3013 est

2161 3055 2503 3128 fugiendum,
2559 3068 2680 3108 eam
2744 3051 2892 3105 enim
2936 3051 3081 3106 viam
3130 3064 3240 3104 non
3297 3057 3500 3103 norunt
3553 3049 3742 3104 hostes

2161 3151 2364 3206 nostri.
2395 3148 2534 3204 Nam
2563 3145 2706 3202 Deus
2736 3145 2929 3208 Israel,
2968 3143 3110 3198 Deus
3148 3141 3447 3208 montium,
3480 3157 3592 3197 non
3622 3144 3736 3196 val-

488 3231 775 3302 στρέψουσι
797 3233 1025 3304 πλάνην.
1044 3233 1154 3286 Kal.
1172 3232 1315 3284 οὕτω
1327 3232 1514 3301 φησὶν,
1536 3250 1556 3284 ι
1588 3232 1782 3302 Ὑμεῖς
1825 3229 2056 3286 ἀπελεύ·

2163 3243 2298 3297 lium
2325 3249 2411 3296 est
2441 3239 2510 3292 '°.
2550 3237 2708 3294 Unde
2759 3250 2929 3304 super
2980 3241 3204 3291 montes
3255 3249 3368 3288 non
3421 3235 3742 3299 ascendent,

490 3326 652 3376 σεσθε
688 3323 784 3394 τὴν
813 3323 930 3377 ὁδὸν
959 3323 1164 3394 ὑμῶν..
1195 3322 1288 3376 τὸν
1320 3324 1579 3378 εἰπόντα*
1619 3341 1639 3375 ι
1670 3322 1814 3392 Ἐγώ
1864 3323 1982 3392 εἰμι
2024 3322 2060 3389 ἡ

489 3413 628 3482 ὁδὸς,
667 3433 686 3466 ι
718 3415 784 3468 δι’
809 3410 875 3488 ἦς
905 3415 1106 3469 ὁδεύων
1150 3431 1257 3480 τις,
1307 3415 1407 3486 τὴν
1439 3413 1604 3482 ἁγίαν
1630 3414 1838 3484 Τριάδα
1871 3413 2062 3468 θεάσε-

487 3521 603 3562 ται.
1692 3527 1699 3532 ”

573 3680 785 3737 Ἀθῶοι
834 3679 1025 3749 ἐσμεν
1074 3677 1155 3745 τῷ
1208 3678 1366 3747 ὅρκῳ
1414 3692 1533 3735 σου
1581 3678 1788 3744 τούτῳ.
1839 3677 2066 3742 Τούτοις

492 3775 652 3845 ὃμοια
690 3773 786 3826 καὶ
845 3771 1084 3841 Μωῦσῆς
1135 3771 1462 3836 ἐνετείλατο,
1497 3770 1689 3841 χρίσαι
1741 3768 1819 3840 τῷ
1869 3769 2065 3840 αἵματι

495 3864 769 3935 σταθμοὺς
797 3864 892 3918 καὶ
921 3863 1102 3933 φλιὰς,
1129 3862 1224 3915 καὶ
1257 3862 1332 3932 μὴ
1369 3861 1574 3927 ἐξιέναι
1600 3859 1806 3932 μηδένα
1835 3860 1937 3930 τῆς
1969 3858 2065 3913 θύ-

496 3973 616 4027 ρας,
656 3958 804 4018 ὅπως
849 3954 1063 4024 φύγωσι
1096 3953 1186 4008 τὸν
1229 3953 1572 4024 ὀλοθρευτήν.
1614 3953 1794 4007 Κάκεῖ
1818 3951 1927 4022 γὰρ
1967 3949 2067 4022 τὴν

507 4048 838 4119 Ἐκκλησίαν
894 4047 1116 4114 έτύπου,
1169 4045 1246 4110 ὡς
1294 4045 1576 4101 κάνταῦθα
1627 4047 1718 4101 διὰ
1759 4047 1861 4118 τῆς
1888 4046 2068 4110 οἰκίας

510 4137 702 4203 Ῥαὰϐ,
742 4139 800 4191 ἐν
834 4131 868 4212 ᾖ
907 4137 982 4200 ὡς
1007 4139 1064 4190 ὲν
1111 4135 1266 4206 τύπῳ
1289 4135 1386 4189 καὶ
1410 4136 1472 4190 τὸ
1495 4140 1552 4190 ὲν
1577 4136 1840 4206 Αἰγύπτῳ
1881 4136 2070 4190 ἐθύετο

499 4229 793 4301 πρόϐατον.
841 4229 949 4282 Καὶ
973 4226 1068 4281 νῦν
1095 4229 1192 4298 τῆς
1227 4227 1467 4292 πίστεως
1502 4229 1537 4298 ή
1567 4227 1828 4298 ὁμολογία
1855 4227 1942 4282 διὰ
1972 4226 2068 4281 τοῦ

499 4321 762 4390 σπαρτίου
793 4320 1142 4390 σημαίνεται.

569 4411 682 4474 Πᾶς
727 4407 820 4464 οὖν
854 4411 1044 4474 πιστὸς
1074 4411 1132 4463 ἐν
1161 4412 1228 4481 τῇ
1263 4409 1474 4482 μάνδρᾳ
1504 4411 1615 4464 τῶν
1650 4411 1940 4486 προϐάτων
1969 4429 2069 4485 με·

497 4503 670 4566 νέτω,
706 4501 785 4570 τῷ
828 4499 1040 4571 σημείῳ
1076 4499 1154 4570 τῷ
1185 4499 1278 4553 τοῦ
1319 4501 1557 4570 Χριστοῦ
1604 4505 2066 4574 σφραγιζόμενος.

2165 3345 2356 3386 verum
2409 3329 2479 3383 ad
2526 3342 2777 3383 errorem
2825 3325 3122 3396 pristinum
3177 3332 3544 3379 revertentur.
3605 3326 3742 3380 Dicit

2163 3424 2333 3495 igitur
2363 3440 2377 3477 :
2416 3440 2436 3474 ι
2458 3421 2622 3476 Abite
2655 3435 2756 3475 vos
2776 3434 2880 3488 per
2912 3420 3060 3474 viam
3101 3423 3368 3479 vestram,
3413 3416 3566 3472 vobis
3601 3415 3744 3472 indi-

2164 3523 2366 3572 Catam.
2407 3533 2426 3567 ι
2458 3542 2529 3556 --
2587 3530 2607 3565 ι
2639 3510 2754 3583 Ego
2806 3526 2929 3567 sum
2988 3511 3074 3563 via
3113 3508 3182 3573 “,
3233 3526 3252 3560 ι
3308 3523 3407 3579 per
3451 3524 3616 3579 quam
3645 3510 3741 3580 qui

2165 3608 2272 3664 iter
2297 3607 2452 3673 facit,
2495 3613 2747 3660 sanctam
2780 3601 3118 3657 Trinitatem
3152 3600 3640 3672 contemplabitur.

2235 3697 2506 3751 Immunes
2539 3711 2636 3748 nos
2667 3695 2865 3748 erimus
2903 3693 2968 3746 ab
2990 3692 3089 3746 hoc
3109 3691 3440 3760 iuramento.
3489 3689 3628 3765 [20.]
3651 3691 3750 3747 His

2166 3786 2380 3842 similia
2438 3784 2622 3840 Moses
2681 3781 2968 3837 mandavit
3031 3795 3294 3851 quoque,
3352 3787 3412 3834 ut
3473 3781 3749 3850 sanguine

2166 3885 2355 3948 postes
2387 3881 2602 3946 ungant
2635 3881 2690 3929 et
2745 3873 2958 3938 limina,
3009 3887 3189 3942 neque
3232 3871 3530 3942 quisquam
3580 3871 3748 3927 domo

2167 3974 2350 4034 exeat,
2385 3982 2498 4038 quo
2540 3973 2877 4021 vastatorem
2915 3963 3104 4020 evitet.
3144 3962 3249 4020 Ubi
3278 3963 3542 4020 Ecclesiae
3574 3964 3750 4034 ﬁgura

2167 4069 2310 4126 erat,
2344 4057 2804 4130 quemadmodum
2834 4055 2926 4111 hic
2971 4069 3192 4127 quoque
3220 4055 3276 4110 in
3308 4056 3474 4112 domo
3529 4055 3746 4122 llahab,

2171 4149 2227 4206 in
2255 4164 2362 4221 qua
2395 4156 2656 4219 tanquam
2698 4148 2752 4202 in
2800 4146 2972 4216 ﬁgura
3025 4160 3202 4214 agnus
3233 4143 3598 4216 JEgyptiacus
3644 4146 3748 4201 iut-

2171 4240 2500 4305 molabatur,
2529 4252 2789 4309 nuncque
2821 4235 2946 4290 ﬁdei
2978 4234 3264 4294 confessio
3314 4251 3411 4306 per
3454 4235 3641 4292 funem
3671 4237 3745 4292 si-

2170 4332 2484 4400 gniﬁcatur.

2245 4420 2579 4490 Quicunque
2603 4417 2774 4491 igitur
2799 4415 3061 4473 ﬁduciam
3093 4415 3261 4472 habet
3285 4417 3339 4472 in
3367 4416 3520 4482 ovili,
3542 4416 3750 4474 Christi

2173 4515 2338 4585 signo
2368 4521 2597 4568 notatus
2624 4519 2868 4567 maneat.
2899 4509 2958 4564 Si
2979 4509 3125 4565 enim
3140 4505 3487 4577 quisexierit,
3509 4510 3750 4580 seipsum

511 4593 704 4659 Ἐξιὼν
732 4593 840 4661 γάρ
865 4611 970 4656 τις,
1005 4592 1187 4662 ἔνοχος
1211 4593 1390 4663 ἐαυτῷ
1438 4595 1670 4663 γίνεται.
1697 4594 1938 4650 Τοιαῦτα
1975 4597 2056 4652 καῖ

2173 4609 2338 4680 culpa
2387 4605 2711 4675 obstringit.
2741 4600 3072 4672 Huiusmodi
3117 4599 3327 4656 Paulus
3358 4600 3527 4658 etiam
3579 4601 3752 4660 Mileti

503 4684 712 4747 Παῦλος
737 4687 792 4737 ὲν
821 4683 1051 4754 Μιλήτῳ
1083 4686 1198 4746 τοίς
1224 4684 1619 4756 πρεσϐυτέροις
1652 4686 1878 4755 Ἐφέσου
1908 4687 2063 4755 φησί·

506 4795 524 4828 ι
561 4775 651 4828 Διὸ
682 4774 1048 4846 μαρτύρομαι·
1076 4774 1207 4843 ύμῖν
1247 4776 1307 4826 ὲν
1355 4777 1422 4845 τῇ
1462 4777 1703 4849 σήμερον
1747 4778 1949 4849 ἡμέρᾳ,
1983 4779 2068 4833 δτι

503 4865 742 4935 καθαρός
785 4867 900 4935 εἰμι
943 4863 1054 4918 ἀπὸ
1087 4863 1184 4916 τοῦ
1229 4865 1453 4918 πάντων
1497 4865 1755 4936 αἵματος,
1798 4886 1818 4920 ι
1856 4870 1952 4922 ual.
2001 4867 2073 4922 τὰ

501 4957 650 5027 ἑξῆς.

571 5053 717 5106 Ἐὰν
757 5050 825 5108 δέ
870 5069 959 5118 τις
990 5049 1148 5120 ἡμᾶς
1169 5051 1457 5120 ἀδικήσῃ,
1485 5051 1523 5120 ἢ
1559 5052 1656 5108 καὶ
1704 5053 2076 5124 ἀποκαλύψῃ

504 5142 644 5209 τοὺς
673 5143 894 5212 λόγους
938 5142 1108 5212 ἡμῶν
1151 5143 1438 5209 τούτους,
1483 5142 1744 5212 ἐσόμεθα
1766 5144 1944 5200 ἁθῶοι
1999 5145 2080 5212 τῷ

409 5287 423 5299 ,
508 5234 661 5304 ὅρκῳ
701 5236 914 5302 τούτῳ.
978 5233 1315 5287 Ἀδικοῦνται
1361 5233 1471 5304 γὰρ
1519 5236 1571 5288 οἱ
1602 5237 1702 5306 τῆς
1750 5237 2080 5308 Ἔκκλησίας

507 5327 854 5390 διδάσκαλοι,
914 5326 1026 5381 τῶν
1087 5326 1346 5396 μαθητῶν
1413 5326 1790 5382 ὲκλαλούντων
1846 5331 1916 5383 τὰ
1965 5329 2076 5385 τῶν

509 5418 794 5488 δογμάτων
827 5418 1134 5488 ἀπόρρητα.
1177 5418 1457 5472 Ῥίπτουσι
1493 5420 1600 5490 γὰρ
1639 5421 1766 5484 τοὺς
1809 5420 2081 5492 μαργαρίο

509 5526 607 5571 τας
637 5509 948 5581 ἔμπροσθεν
974 5511 1084 5564 τῶν
1119 5511 1342 5582 χοίρων.
1382 5511 1474 5565 Διὸ
1512 5511 1606 5565 καὶ
1642 5511 1780 5584 πρὸς
1813 5509 2081 5583 Τιμόθεον

583 5685 678 5757 9⁷1
711 5687 905 5742 Thess.
943 5701 1002 5752 lt,
1028 5687 1062 5742 8
1157 5687 1202 5721 ⁸⁸
1232 5687 1376 5745 Psal.
1408 5702 1536 5754 cxx,
1565 5691 1616 5747 l.

800 5779 1076 5843 Panum
1116 5781 1232 5844 GR.
1274 5782 1654 5848 LXXXVII.

1715 5693 1760 5726 ιο
1799 5690 1902 5750 lsa.
1924 5709 2010 5763 xc,
2036 5695 2089 5751 9.

2173 4701 2240 4755 ad
2277 4700 2530 4756 seniores
2568 4696 2773 4766 Ephesi
2805 4695 2988 4765 inquit
3019 4711 3033 4747 :
3074 4711 3093 4745 ι
3118 4693 3336 4750 Idcirco
3365 4695 3617 4750 obtestor
3653 4710 3753 4750 vo.

2175 4793 2262 4848 bis
2296 4791 2566 4846 hodierno
2611 4788 2903 4860 die,quod
2952 4802 3055 4860 ego
3101 4801 3299 4858 expers
3342 4803 3467 4843 sum
3503 4788 3752 4843 omnium

2176 4883 2463 4954 sanguinis
2494 4881 2565 4949 ⁸⁸,
2602 4898 2623 4933 ι
2658 4893 2766 4937 etc.
3039 4885 3049 4894 '

2252 5057 2406 5124 Quod
2444 5057 2492 5112 si
2524 5072 2645 5112 vero
2679 5056 2875 5128 aliquis
2916 5072 3033 5119 nos,
3074 5056 3255 5119 aiunt,
3306 5054 3526 5120 (mserit,
3559 5062 3609 5108 et
3641 5070 3755 5109 ser-

2183 5166 2360 5204 mones
2387 5149 2480 5203 hos
2513 5160 2725 5204 nostros
2761 5149 3084 5215 revelaverit,
3119 5149 3357 5202 insontes
3386 5151 3604 5203 erimus.
3639 5145 3756 5202 ιω.

2183 5241 2393 5297 duntur
2426 5242 2572 5297 enim
2601 5241 2865 5297 Ecclesiae
2889 5241 3165 5313 magistri,
3196 5241 3243 5295 si
3265 5239 3526 5310 discipuli
3556 5255 3757 5296 arcana

2183 5348 2377 5389 eorum
2443 5332 2702 5388 effutiunt
2761 5333 3060 5404 dogmata,
3117 5331 3366 5403 adeoque
3430 5333 3758 5403 margaritas

2187 5433 2317 5479 ante
2347 5439 2548 5494 porcos
2577 5424 2900 5495 projiciunt.
2932 5424 3283 5494 Quapropter
3311 5424 3378 5480 ad
3406 5423 3757 5481 Timotheum

2186 5514 2490 5586 Epistolam
2517 5515 2770 5571 scribens
2799 5515 3022 5580 Paulus,
3050 5514 3296 5570 secundo
3326 5515 3505 5587 inquit
3538 5534 3552 5572 :
3578 5537 3596 5569 ι
3625 5512 3760 5582 Qua

2165 5697 2209 5730 '°
2235 5695 2302 5752 lll
2333 5693 2466 5768 Reg.
2500 5710 2592 5788 xx,
2615 5693 2706 5751 28.
2783 5692 2824 5729 ⁸¹
2852 5694 3008 5754 Joan.
3044 5713 3152 5766 xiv,
3185 5697 3239 5754 ϐ.
3313 5697 3360 5730 ⁸²
3391 5698 3514 5758 Act.
3550 5713 3642 5768 xx,
3671 5705 3760 5764 26.

3318 5791 3398 5853 32
