4018 6230
372 269 518 336 ’1803
543 271 545 274 ’

1680 266 2034 328 PROCOPII
2070 266 2316 333 GAZMI

3512 270 3645 335 1004

374 413 404 447 a
450 403 537 444 me
569 384 836 447 audivisti
895 384 1159 456 frequens
1209 387 1396 450 testis,
1449 385 1647 442 eadem
1708 383 1964 450 ﬁdelibus

2072 386 2402 441 ἐπιστέλλων
2452 387 2483 441 δ
2542 385 2753 452 Παῦλος
2797 385 2861 442 τὸ
2917 386 3189 457 δεύτερον,
3241 387 3424 458 ἔλεγεν
3451 403 3464 416 °
3531 408 3553 443 ι
3581 391 3645 445 ’Δ

379 495 622 554 propone
657 479 978 536 hominibus
1009 480 1085 545 ⁵³,
1118 498 1136 531 ι
1177 480 1246 534 iis
1268 478 1524 535 videlicet
1556 479 1651 550 qui
1687 480 1963 533 exercita-

377 576 531 628 tione
560 585 827 628 sensuum
859 585 1059 633 usum,
1103 578 1165 623 ut
1212 569 1421 628 bonum
1474 584 1506 624 a
1555 567 1702 626 malo
1751 568 1968 641 possint

373 667 718 731 discernere,
749 669 1165 733 compararunt.

415 871 426 878 -
449 845 548 903 His
575 846 759 916 itaque
783 843 929 916 apud
957 841 1152 914 Rahab
1183 844 1252 900 ab
1279 845 1735 915 exploratoribus
1760 845 1965 902 conﬁr-

379 938 566 1004 matis,
596 936 806 1000 reversi
870 936 1060 991 omnia
1117 943 1176 990 ut
1216 947 1520 994 evenerant
1575 940 1966 996 renuntiarunt

375 1029 562 1086 Josue.
597 1026 1077 1096 Quemadmodum
1119 1026 1330 1085 Paulus
1378 1043 1602 1098 quoque
1653 1036 1711 1087 et
1759 1029 1964 1088 Barna-

379 1125 478 1178 bas
501 1137 626 1178 cum
673 1120 962 1176 venissent
999 1119 1376 1186 Antiochiam,
1419 1122 1607 1178 omnia
1656 1122 1965 1178 retulerunt

379 1215 670 1280 fratribus,
705 1226 769 1267 ac
803 1212 857 1267 in
888 1211 1088 1282 primis
1131 1211 1284 1283 quod
1330 1211 1476 1268 Deus
1507 1213 1768 1284 gentibus
1797 1213 1864 1268 ad
1899 1212 1964 1272 ii-

378 1307 502 1364 dem
531 1306 886 1378 patefecisset
919 1305 1133 1360 aditum
1164 1307 1232 1360 “.

453 1399 523 1455 Ut
555 1399 740 1455 sciatis
788 1414 895 1468 qua
947 1399 1034 1453 aia
1060 1398 1204 1453 vobis
1234 1399 1306 1452 sit
1339 1398 1708 1454 incedendum.
1739 1398 1848 1471 [Ill,
1882 1397 1966 1470 4.]

379 1492 616 1547 Causam
657 1489 836 1545 reddit
867 1489 988 1559 ejus
1011 1491 1161 1560 quod
1194 1504 1300 1544 non
1329 1491 1602 1559 continuo
1631 1507 1736 1546 nec
1760 1493 1964 1561 stipato

380 1581 579 1637 ordine
612 1580 849 1636 debeant
879 1579 1163 1645 incedere,
1204 1595 1396 1636 verum
1436 1581 1614 1638 donec
1645 1598 1788 1651 aqua
1820 1583 1964 1638 divi-

380 1688 443 1728 sa
500 1672 910 1743 pertransiisset
981 1686 1108 1729 arca
1189 1672 1416 1743 illisque
1483 1673 1808 1744 prazbuisset
1861 1675 1964 1732 iter

2073 479 2316 549 ήκουσας
2357 480 2489 551 παρ’
2537 480 2672 552 ἐμοῦ
2729 481 2870 552 μετά
2917 479 3129 533 πολλῶν
3168 480 3483 552 μαρτύρων,
3517 482 3644 538 ταῦο

2071 587 2141 624 τα
2180 570 2428 642 παράθου
2467 575 2681 636 πιστοῖς
2728 571 3104 644 ἀνθρώποις,ι
3147 571 3347 644 δηλαδὴ
3396 576 3514 638 τοῖς
3561 575 3647 628 διὰ

2070 666 2171 736 τὴν
2198 665 2311 730 ἕξιν
2341 665 2408 720 τά
2447 665 2782 736 αἰσθητήρια
2821 666 3252 736 γεγυμνασμένα,
3302 665 3485 737 έχουσι
3515 666 3648 738 πρὸς

2071 757 2344 827 διάκρισιν
2373 756 2540 820 καλοῦ
2568 774 2626 810 τε
2658 757 2754 811 καὶ
2786 757 2979 820 κακοῦ.

2141 847 2326 901 Ταῦτα
2373 846 2804 917 βεϐαιωσάμενοι
2850 847 2999 919 παρά
3029 847 3126 916 τῆς
3169 846 3336 901 Ῥαὰϐ
3389 849 3441 901 oi
3480 849 3648 904 κατά-

2073 957 2288 1005 σκοποι,
2322 941 2765 1011 ὑποστρέψαντες
2794 941 3135 1012 ἀπήγγειλαν
3158 942 3226 996 τὰ
3263 943 3649 1012 συμϐεϐηκότα

2069 1032 2149 1104 τῷ
2183 1033 2380 1105 Ἰησοῦ.
2397 1034 2486 1096 Ὠς
2521 1035 2614 1086 καὶ
2634 1033 2844 1096 Παῦλος
2878 1034 2972 1086 καὶ
2998 1033 3282 1102 Βαρνάϐας
3305 1033 3550 1098 ἐλθόντες
3571 1035 3648 1097 είς

2083 1123 2416 1192 Ἀντιόχειαν
2441 1123 2618 1177 πάντα
2647 1123 2852 1191 ἔλεγον,
2883 1123 2976 1176 καὶ
3002 1122 3078 1186 ὡς
3101 1122 3278 1194 ἤνοιξε
3303 1138 3416 1187 τοις
3446 1124 3648 1180 ἔθνεσιν

2069 1215 2102 1278 δ
2127 1215 2260 1279 Θεὸς
2290 1213 2461 1286 θύραν
2487 1214 2748 1278 πίστεως.

2141 1393 2268 1448 Ἵνα
2308 1393 2638 1460 ὰτίστησθε
2677 1390 2791 1460 τὴν
2837 1390 3003 1457 ὁδὸν,
3051 1389 3130 1462 ῆν
3157 1396 3542 1466 πορεύσησθε
3583 1399 3650 1454 ἐν

2069 1485 2247 1555 αὐτῇ.
2282 1487 2473 1542 Αίτίαν
2509 1488 2838 1544 ἀποδίδωσιν
2890 1487 2952 1540 οὐ
2989 1487 3126 1558 πρὸς
3173 1489 3235 1542 τὸ
3287 1491 3560 1561 προσεχὴς
3591 1492 3649 1545 τὸ

2074 1585 2150 1653 μὴ
2178 1583 2290 1636 δεῖν
2324 1581 2668 1652 πλησιάζειν,
2697 1580 2836 1637 ἀλλά
2864 1582 3004 1650 πρὸς
3035 1583 3098 1635 τὸ
3129 1585 3449 1654 περιμεῖναι
3486 1583 3652 1654 μέχρι

2069 1675 2352 1730 διελθοῦσα
2379 1676 2594 1739 τούτοις
2633 1675 3007 1745 ὁδοποιήσειεν
3047 1675 3080 1745 ὴ
3111 1675 3368 1739 κιϐωτὸς,
3412 1675 3650 1746 διαιρου-

379 1771 722 1832 exspectare.
779 1762 1052 1818 Caeterum
1097 1776 1223 1828 cum
1277 1761 1460 1820 Moses
1512 1779 1612 1822 eos
1663 1779 1760 1832 per
1815 1778 1964 1823 mare

2072 1770 2233 1842 μένου
2258 1768 2353 1823 τοῦ
2391 1769 2602 1832 ὓδατος.
2651 1768 2776 1823 Ἐπὶ
2829 1771 2927 1839 μὲν
2969 1763 3065 1824 οὗν
3103 1769 3384 1832 Μωῦσέως
3428 1771 3648 1837 ἄγοντος

378 1869 534 1924 aquae
577 1854 739 1908 salsa:
788 1853 1041 1918 duceret,
1099 1867 1213 1907 non
1255 1854 1390 1908 talis
1443 1853 1550 1907 fuit
1583 1852 1719 1909 ordo
1747 1855 1968 1924 qualem

375 1961 524 2005 nunc
555 1945 724 2002 Josue
739 1946 881 2002 duce
909 1944 1254 2016 dominoque
1289 1945 1466 2017 ipsius
1494 1947 1654 2019 signo
1684 1955 1966 2003 annuente

375 2042 653 2098 videmus.

449 2136 624 2191 Porro
652 2150 798 2207 aqua
826 2151 893 2191 ex
926 2150 1084 2206 aequo
1111 2137 1374 2208 utrinque
1401 2136 1580 2192 divisa
1627 2139 1809 2194 instar
1836 2138 1963 2193 valli

375 2229 631 2300 perstitit.
668 2227 980 2283 Adfuerunt
1008 2235 1190 2285 autem
1243 2227 1447 2284 ibidem
1494 2228 1716 2286 Doiui
1765 2231 1962 2285 litterae

377 2337 477 2377 seu
506 2322 733 2376 tabulae.
772 2320 880 2389 Qui
922 2322 1068 2376 enim
1099 2336 1164 2378 ex
1206 2324 1462 2392 utrisque
1503 2339 1673 2377 unum
1720 2321 1873 2385 fecit,
1906 2330 1963 2379 et

375 2412 740 2468 interstitium
773 2411 1031 2466 maceria:
1055 2411 1363 2482 quassavit,
1399 2413 1490 2468 ille
1515 2412 1627 2468 duo
1651 2413 1758 2469 scit
1780 2429 1968 2485 quam.

315 2543 326 2550 .
377 2503 459 2558 vis
490 2503 545 2558 in
593 2518 763 2558 unum
808 2501 1032 2572 aliquod
1065 2517 1378 2574 congruere
1417 2504 1655 2574 possint.
1717 2506 1796 2560 En
1835 2520 1970 2561 vero.

376 2602 438 2652 ut
459 2611 609 2666 aqua
644 2603 906 2666 tanquam
939 2611 1124 2650 arcam
1180 2597 1418 2652 reverita
1441 2598 1606 2654 cedit.
1645 2597 1841 2655 Iisdem
1873 2614 1968 2655 ve-.

373 2703 442 2744 ro
504 2689 783 2760 mysteriis
835 2687 1097 2757 praeditos
1152 2689 1405 2744 traduxit
1463 2691 1786 2748 sacerdotes
1842 2707 1966 2747 eam

375 2789 847 2859 trpnsportantes.
873 2781 1210 2835 Conlinebat
1242 2783 1389 2836 enim
1441 2783 1662 2840 tabulas
1693 2793 1750 2839 et
1772 2800 1970 2839 urnam

369 2889 526 2936 man,
558 2883 612 2927 et
631 2888 808 2927 cornu
861 2875 1148 2943 unguenti,
1205 2883 1262 2928 et
1314 2874 1526 2944 virgam
1569 2875 1757 2931 Aaron
1789 2893 1967 2948 usque

374 2965 684 3019 ﬂorentem.
715 2965 880 3036 483
911 2965 1044 3032 Quae
1075 2981 1210 3022 sane
1237 2967 1550 3023 sacerdotis
1580 2983 1804 3040 quoque
1845 2972 1964 3026 ani-

375 3072 500 3112 mus
529 3058 796 3124 continet,
827 3058 922 3127 qui
956 3057 1100 3114 vires
1141 3073 1172 3112 a
1225 3058 1338 3114 Deo
1383 3061 1623 3130 accepit,
1658 3071 1718 3116 ut
1771 3063 1961 3117 eadem
1991 3091 2034 3149 ο

369 3153 550 3208 cilicia
583 3154 759 3222 possit
801 3155 1048 3224 explere,
1091 3169 1154 3209 ac
1189 3156 1375 3210 omnia
1408 3172 1509 3227 per
1557 3157 1962 3214 invocationem

372 3251 618 3305 divinam
680 3254 1052 3307 sanctilicare.
1111 3252 1590 3319 Quemadmodum
1643 3256 1790 3311 enim
1832 3270 1963 3310 arca

367 3345 592 3400 tabulas
624 3346 887 3411 continet,
927 3348 1001 3400 ita
1034 3347 1256 3403 animus
1287 3348 1410 3418 ejus
1439 3347 1645 3402 dictata
1696 3348 1963 3402 divinitus

369 3439 646 3508 inspirata
702 3438 828 3494 fert.
865 3439 1084 3508 Siquis
1135 3439 1310 3509 igitur
1359 3455 1456 3510 per
1494 3439 1792 3496 Jordanem
1844 3441 1962 3495 vult

370 3531 657 3600 trajicere,
694 3547 812 3586 non
839 3542 1044 3587 temere
1077 3533 1184 3586 iter
1215 3542 1494 3602 capessat,
1533 3549 1722 3588 verum
1752 3548 1962 3603 prtepa‘

372 3627 646 3679 rationem
685 3631 972 3694 exspectet
1001 3623 1353 3680 sacerdotum
1387 3625 1482 3694 qui
1515 3639 1660 3678 arcte
1687 3625 1962 3679 constitu-

374 3719 525 3772 tione
553 3732 726 3787 aquas
759 3726 1116 3782 consecrant,
1158 3718 1538 3786 transitusque
1609 3717 1960 3772 securitatem

367 3811 635 3878 prtebent.
657 3807 832 3874 Quam
867 3809 1288 3880 ignoraruntilli
1321 3809 1414 3879 qui
1449 3810 1626 3864 isthac
1654 3809 1760 3863 iter
1793 3807 1961 3864 facie-

371 3901 503 3955 bant
530 3917 548 3967 ;
575 3903 721 3972 leges
749 3904 896 3955 enim
936 3900 1204 3957 Ecclesiae
1236 3901 1775 3972 ignorabant-,eaque
1807 3901 1961 3972 prius

369 4007 706 4060 cognoscere
740 3992 1038 4048 debebam.

439 4084 618 4140 Porro
647 4085 758 4140 duo
799 4087 1116 4141 cubitorum
1162 4085 1362 4151 millia,
1418 4087 1558 4142 duas
1602 4087 1959 4142 circuitiones

363 4177 488 4232 sive
560 4177 993 4248 praeparationes
1061 4175 1374 4246 signiﬁcare
1453 4175 1664 4241 aiunt,
1731 4177 1958 4231 alteram

364 4268 594 4340 quidem
631 4271 824 4340 primae
857 4268 1258 4335 institutionis,
1295 4269 1528 4324 alteram
1579 4284 1711 4324 vero
1743 4271 1959 4324 unctio-

373 4365 486 4427 nis,
520 4377 628 4436 qua
668 4370 865 4417 contra
897 4375 1120 4417 omnem
1165 4361 1276 4416 vim
1309 4362 1599 4417 adversam
1651 4371 1953 4434 unguntur,

2068 1863 2154 1917 διὰ
2181 1862 2472 1933 Θαλάττης,
2524 1861 2716 1925 ὓδατος
2766 1859 3034 1932 ἁλμυροῦ,
3083 1862 3312 1931 οὐδεμία
3339 1861 3497 1928 τάξις
3537 1861 3647 1930 ἐγί-

2067 1968 2211 2018 νετο,
2242 1951 2308 2022 ὴν
2343 1950 2437 2004 νῦν
2475 1951 2728 2020 ὁρῶμεν,
2780 1949 2958 2020 Ἰησοῦ
2999 1951 3506 2022 στρατηγήσαντος,
3555 1950 3646 2004 καὶ

2066 2043 2166 2102 τοῦ
2191 2043 2399 2115 Κυρίου
2435 2041 2772 2112 πληροῦντος
2814 2041 2876 2094 τὸ
2911 2040 3203 2111 σύμϐολον.

2095 2173 2098 2175 μ
2139 2133 2212 2187 Τδ
2247 2134 2307 2188 δὲ
2343 2133 2488 2205 ὕδωρ
2514 2132 2720 2202 ὁμοίιος
2761 2133 3068 2203 διαιρεθὲν,
3117 2133 3464 2205 ἑκατέρωθεν
3491 2133 3646 2203 πῆξιν

2068 2224 2364 2295 ὑπέμενεν,
2404 2224 2536 2278 ἔνθα
2571 2225 2766 2294 γέγονε
2811 2225 2907 2280 τοῦ
2960 2225 3165 2297 Κυρίου
3213 2224 3282 2290 τά
3317 2225 3643 2295 γράμματα.

2077 2317 2138 2370 ⁸0
2162 2316 2274 2388 γὰρ
2309 2317 2546 2387 ποιήσας
2573 2316 2645 2370 τὰ
2665 2317 2958 2388 ἀμφότερα
2987 2315 3068 2379 ἓν,
3102 2318 3198 2369 καὶ
3236 2316 3298 2368 τὸ
3333 2319 3646 2387 μεσότοιχον

2066 2409 2162 2463 τοῦ
2191 2409 2449 2479 φραγμοῦ
2482 2407 2670 2473 λύσας,
2716 2410 2922 2472 ἐκεῖνος
2953 2409 3064 2464 δύω
3090 2405 3253 2472 οἶδεν,
3290 2410 3338 2461 εί
3383 2409 3477 2462 καὶ
3517 2408 3648 2477 πρὸς

2067 2504 2126 2564 ἓν
2155 2520 2210 2557 τι
2233 2503 2562 2557 συνέλθοιεν.
2593 2503 2736 2573 Ὅρα
2773 2501 2831 2564 δὲ
2861 2501 2922 2554 τὸ
2950 2501 3095 2572 ὕδωρ
3131 2497 3297 2565 εἶκον,
3331 2501 3526 2570 ὥσπερ
3563 2501 3647 2554 αξ-

2065 2596 2328 2667 δούμενον
2365 2594 2466 2667 τήν
2499 2593 2755 2658 κιϐωτὸν,
2791 2592 2914 2664 μεθ’
2949 2587 3026 2646 ὧν
3063 2595 3386 2662 μυστηρίων
3415 2593 3649 2664 ἐπήγετο

2067 2689 2164 2748 καὶ
2191 2687 2318 2750 τοὺς
2357 2685 2774 2755 διακομίζοντας
2795 2685 2982 2753 ἱερεῖς.
3013 2683 3266 2752 Περιεῖχε
3291 2682 3348 2734 δὲ
3383 2682 3482 2746 τὰς
3515 2681 3646 2735 πλά-

2067 2796 2190 2843 κας,
2224 2781 2320 2836 καὶ
2350 2777 2446 2831 τοῦ
2483 2777 2660 2847 μάννα
2692 2775 2792 2846 τὴν
2824 2775 3084 2846 στάμνον,
3120 2775 3216 2826 καὶ
3261 2773 3321 2825 τὸ
3356 2774 3531 2844 κέρας
3557 2771 3644 2826 τοῦ

2070 2869 2270 2942 μύρου.
2305 2869 2402 2923 καὶ
2434 2868 2534 2940 τὴν
2593 2867 2788 2940 ῥάϐδον
2831 2865 3044 2936 ’Δαρὼν
3085 2866 3186 2934 τὴν
3239 2863 3643 2935 βλαστήσασαν.

2073 2962 2141 3013 Ἃ
2164 2961 2228 3030 δὴ
2261 2961 2508 3030 περιέχει
2543 2960 2638 3013 καὶ
2669 2960 2704 3029 ή
2742 2955 2838 3010 τοῦ
2865 2955 3166 3028 ἀρχιερέως
3203 2955 3376 3025 ψυχὴ,
3426 2955 3646 3022 δύναμιν

2068 3051 2310 3106 λαϐοῦσα
2343 3053 2491 3124 παρὰ
2520 3048 2657 3104 Θεοῦ
2691 3048 2920 3102 τοιαῦτα
2963 3050 3160 3114 ποιεῖν,
3203 3047 3270 3101 δι’
3305 3049 3644 3118 ἐπικλήσεως

2066 3144 2394 3212 ἀγιάζουσα,
2453 3142 2529 3206 ὼς
2572 3144 2630 3195 ὲν
2660 3140 2823 3204 πλαξὶ
2873 3140 3107 3202 λιθίναις
3153 3139 3400 3209 φέρουσα
3425 3139 3493 3192 τά
3527 3137 3644 3191 θεό-

2066 3250 2308 3287 πνευστα
2337 3234 2514 3300 λόγια.
2543 3231 2769 3286 Μέλλων
2797 3226 2891 3284 οὖν
2917 3247 3001 3293 τις
3029 3229 3282 3299 διαϐῆναι
3321 3229 3418 3282 τὸν
3457 3228 3644 3298 Ἰορδά-

2065 3345 2182 3397 νην,
2220 3326 2294 3398 μὴ
2321 3325 2611 3395 τολμηρῶς
2650 3323 2919 3393 χωρείτω,
2959 3323 3268 3392 περιμένων
3292 3321 3394 3389 τὴν
3432 3322 3498 3373 ἐκ
3543 3319 3645 3373 τῶν

2067 3419 2260 3489 ἱερέων
2289 3416 2684 3488 παρασκευὴν,
2735 3417 2804 3485 τῇ
2850 3413 3038 3466 στάσει
3081 3411 3184 3479 τῆς
3223 3411 3464 3464 κιϐωτοῦ
3496 3411 3644 3478 ἁγια-

2065 3510 2268 3576 ζόντων
2311 3509 2383 3563 τὰ
2438 3508 2630 3572 ὕδατα,
2680 3506 2777 3560 καὶ
2826 3507 2894 3576 τῇ
2955 3505 3204 3558 διαϐάσει
3253 3503 3642 3573 παρεχομένων

2062 3603 2162 3673 τὴν
2210 3601 2435 3656 ἄδειαν·
2486 3601 2556 3670 ἢν
2583 3599 2814 3669 ἠγνόουν
2843 3598 2894 3649 οἱ
2946 3596 3151 3665 ταύτην
3193 3595 3498 3658 ὁδεύοντες,
3549 3593 3642 3662 τῆς

2073 3692 2406 3764 Ἕκκλησίας
2440 3690 2763 3760 ἀγνοοῦντες
2799 3689 2868 3742 τά
2902 3687 3132 3759 νόμιμα,
3169 3685 3266 3740 καὶ
3294 3685 3475 3739 ταῦτα
3512 3701 3638 3755 προ-

2066 3783 2363 3856 μανθάνειν
2392 3781 2724 3851 ὀφείλοντες.

2131 4072 2393 4146 Δισχίλιοι
2417 4072 2476 4125 δὲ
2508 4069 2726 4140 πήχεις,
2757 4067 2928 4137 φασὶ,
2959 4065 3055 4120 δύο
3100 4065 3390 4136 περιόδους
3440 4063 3635 4136 σημαί-

2061 4181 2236 4227 νουσι,
2271 4163 2370 4234 τὴν
2419 4160 2518 4231 μὲν
2553 4159 2934 4228 κατηχήσεως,
2989 4156 3088 4226 τὴν
3135 4155 3192 4208 δὲ
3241 4157 3344 4226 τῆς
3387 4157 3633 4226 κρίσεως,

2061 4255 2187 4311 καθ’
2227 4257 2295 4328 ἢν
2326 4253 2646 4322 ἀλείφονται
2693 4249 2834 4304 κατά
2867 4247 3051 4318 πάσης
3081 4246 3466 4317 ἀντικειμένης
3489 4245 3637 4300 δυνά-

2067 4365 2236 4419 μεως,
2281 4345 2442 4417 βατδν
2489 4345 2672 4405 αὐτοῖς
2698 4341 2760 4395 τὸ
2798 4339 2945 4411 ὕδωρ
2990 4337 3327 4408 ποιούμενοι.
3378 4337 3635 4390 Δύνανται

373 4428 691 4527 vadosaque
727 4458 843 4513 illis
875 4471 1017 4526 aqua
1053 4455 1312 4512 efficitur.
1344 4454 1530 4513 Potest
1577 4468 1708 4510 vero
1732 4428 1960 4525 signifi-

2072 4440 2122 4493 δὲ
2150 4437 2440 4508 σημαίνειν
2475 4433 2576 4488 καὶ
2609 4433 2702 4486 τὸν
2748 4431 2860 4485 τῶν
2897 4429 3035 4484 ἐτῶν
3066 4428 3323 4499 ἀριθμὸν,
3371 4429 3501 4496 περί
3538 4442 3633 4479 που

374 4560 502 4599 care
543 4545 706 4600 etiam
756 4561 1050 4600 numerum
1088 4560 1362 4600 annorum
1411 4545 1636 4600 circiter
1674 4543 1760 4599 bis
1811 4545 1963 4600 inille

373 4653 547 4708 usque
591 4639 658 4692 ad
712 4637 1009 4693 adventum
1065 4637 1299 4704 Christi,
1361 4639 1613 4710 adeoque
1665 4638 1963 4692 monstrari

365 4729 696 4801 mysterium
741 4729 809 4785 ad
861 4745 964 4785 nos
1022 4730 1075 4784 in
1123 4746 1346 4786 carnem
1400 4729 1679 4784 venientis
1727 4727 1962 4783 Christi.

2063 4529 2342 4600 δισχιλίων
2392 4526 2564 4580 ὄντων
2629 4523 2793 4594 μέχρι
2849 4521 2912 4575 τδ
2965 4518 3204 4592 Χριστοῦ
3252 4519 3490 4590 δειχθείη
3539 4533 3634 4588 μυ-

2067 4622 2309 4693 στήριον,
2355 4617 2614 4687 φανέντος
2659 4616 2790 4685 ἡμῖν
2836 4615 2894 4666 ὲν
2929 4611 3112 4682 σαρκί.
3151 4612 3248 4664 Ὃν
3293 4611 3388 4663 καὶ
3421 4609 3498 4681 τῷ
3539 4603 3631 4669 τῆς

2064 4712 2254 4776 δυάδος
2293 4708 2610 4781 θλικωτέρῳ
2657 4705 2754 4760 καὶ
2797 4702 3095 4776 ἀκαθάρτῳ
3130 4701 3480 4772 παρέστησεν
3521 4699 3632 4769 ἀρι-

359 4821 541 4888 ’ριιοιιι
595 4822 811 4878 binario
859 4838 1083 4894 quoque
1125 4824 1343 4878 minore
1371 4836 1437 4876 ac
1468 4822 1690 4890 impuro
1724 4834 1956 4876 numero

2072 4801 2206 4876 ὒμῷ.

354 4914 641 4972 exhibuit.

425 5007 758 5064 Consecrate
795 5026 886 5065 vos
911 5009 966 5064 in
991 5009 1310 5072 crastinum,
1335 5023 1456 5062 cras
1477 5008 1615 5061 enim
1648 5007 1808 5076 faciet
1841 5008 1953 5062 Do-

352 5101 542 5169 .mimts
588 5101 735 5154 inter
776 5117 875 5155 vos
936 5101 1190 5169 miriﬁca.
1262 5097 1368 5171 [5.]
1426 5100 1638 5153 initiari
1695 5100 1839 5154 enim
1891 5116 1957 5155 ac

374 5193 594 5248 lustrari
629 5201 759 5247 ante
812 5195 996 5248 omnia
1039 5192 1510 5259 contemplaturos
1551 5191 1643 5245 Dei
1691 5193 1956 5246 miracula

369 5293 604 5356 oportet.
641 5285 780 5351 Quid
811 5299 940 5338 vero
979 5299 1048 5338 an
1088 5282 1341 5336 miraculi
1381 5280 1489 5336 non
1541 5292 1626 5337 est
1653 5284 1832 5338 simile
1861 5301 1956 5339 ve-

367 5386 538 5434 terem
586 5377 809 5447 quidem
843 5376 1121 5430 hominem
1158 5391 1282 5429 rum
1332 5377 1589 5430 omnibus
1621 5378 1738 5432 suis
1784 5378 1957 5432 mori-

368 5471 473 5526 bus
517 5470 1014 5539 aﬂectionibusque
1057 5481 1279 5533 exuere,
1333 5483 1396 5522 ac
1445 5485 1646 5524 novum
1678 5468 1954 5524 hominem

365 5565 522 5637 juxta
583 5560 676 5616 Dei
750 5577 1000 5616 normam
1055 5560 1416 5616 fabrefactum
1444 5541 1716 5632 .induere,
1777 5561 1964 5623 hostes

379 5719 408 5770 ι’
453 5729 500 5759 ⁸³
538 5727 582 5785 il
634 5729 773 5786 Tim.
805 5745 867 5798 ιι,
895 5733 948 5787 2.
1022 5730 1074 5764 "
1091 5729 1210 5787 Act.
1245 5747 1354 5798 inv,
1387 5731 1483 5788 26.

2139 5002 2505 5073 Ἀγνίσασθε
2531 5001 2618 5063 εις
2641 4996 2757 5066 τὴν
2788 4994 3022 5062 αὔριον,
3043 4991 3132 5045 ὅτι
3169 4991 3381 5058 αὔριον
3405 4985 3633 5051 ποιήσει

2067 5097 2280 5163 Κύριος
2308 5095 2379 5147 ἐν
2415 5089 2556 5161 ὑμῖν
2609 5086 2933 5157 θαυμάσια.
2977 5083 3361 5154 Προτελείσθαι
3411 5081 3514 5150 γὰρ
3561 5077 3632 5128 δεῖ

2064 5189 2158 5241 καὶ
2183 5183 2656 5258 προκαθαίρεσθαι
2684 5178 2811 5241 τοὺς
2847 5175 3140 5248 μέλλοντας
3169 5174 3396 5246 θεωρεῖν
3420 5173 3482 5224 τὰ
3513 5170 3631 5220 θαυ-

2071 5283 2241 5354 μάσια
2284 5280 2380 5334 τοῦ
2412 5278 2570 5332 Θεοῦ.
2609 5274 2733 5336 Πῶς
2773 5271 2883 5341 γὰρ
2925 5269 2986 5322 οὑ
3016 5266 3348 5338 θαυμαστὸν,
3372 5261 3629 5354 ἀποδύσα-

2066 5352 2190 5428 σθαι
2239 5373 2338 5446 μὲν
2373 5371 2467 5426 τὸν
2506 5369 2738 5423 παλαιὸν
2769 5364 3054 5434 ἄνθρωπον
3100 5360 3197 5412 σὺν
3237 5360 3353 5421 ταῖς
3387 5352 3629 5446 πράξεσιν

2067 5440 2252 5522 αὐτοῦ,
2287 5467 2384 5521 καὶ
2443 5461 2788 5532 ἐπιθυμίαις,
2838 5451 3163 5510 ἐνδύσασθαι
3217 5449 3274 5503 δὲ
3325 5448 3414 5502 τὸν
3461 5440 3630 5498 καινίιν

2071 5562 2358 5634 ἄνθρωπον
2391 5557 2481 5613 τὸν
2521 5554 2662 5612 κατά
2685 5553 2820 5607 Θεὸν
2848 5545 3161 5612 κτισθέντα,
3194 5542 3290 5597 καὶ
3322 5539 3444 5603 τοὺς
3472 5532 3626 5608 a'topd-
