4018 6230
418 286 558 350 10ῧῦ

1534 287 2076 380 comesum;
2113 287 2198 350 IN
2235 286 2495 350 IOSUE.

3527 285 3664 352 1006

411 425 538 469 τους
569 407 800 481 ἐχθροὺς
820 406 1028 478 vomth
1056 409 1190 480 δρᾷν
1219 408 1689 476 ἐναποπνιγέντας
1711 406 1790 479 τῷ
1805 405 1983 472 ’ύδατις

2111 405 2395 462 nvisibiles
2415 405 2578 475 aquis
2592 404 2916 464 submersos
2947 411 3130 462 mente
3147 405 3538 476 contemplari,
3551 407 3675 463 loco

425 499 568 553 Ἀπ’
614 500 839 570 αἴσχους
880 499 973 564 δὲ,
1031 501 1228 564 κάλλος
1277 501 1677 572 ἀνειληφότας,
1733 498 1829 553 καὶ
1882 499 1991 551 πᾶν

413 592 670 662 φρόνημα
734 590 1139 654 καταλιπόντας
1199 591 1403 659 γεῶδες
1433 631 1450 658 ,
1521 592 1848 661 πτεροφυεῐν
1915 588 1992 651 ὡς

409 683 622 750 ἀετοὺς,
672 681 768 734 καὶ
801 684 925 744 ταῖς
967 682 1270 751 ἁμαρτίαις
1311 681 1664 753 γηράσαντας
1702 678 1989 734 ἀνακαινέ-

411 771 638 836 ζεσθαι,
690 773 786 826 καὶ
837 773 1106 836 πεσόντας
1153 774 1234 836 είς
1277 773 1414 842 γῆν,
1471 770 1705 843 ούρανοῦ
1765 769 1991 833 πολίτας

409 863 970 935 ὲγκαταγράφεσθαι,
1024 865 1119 916 καὶ
1165 864 1326 927 ὂντας
1384 862 1662 934 ἐχθροὺς,
1718 861 1991 923 υἱοθεσίας

409 953 752 1025 ἀξιωθῆναις
827 954 1068 1008 Τοιαῦτα
1143 953 1452 1020 κατέδειξεν
1520 954 1548 1005 ὁ
1615 952 1727 1006 τῶν
1800 950 1990 1020 ψυχῶν

412 1046 594 1116 ἰατρὸς
637 1046 704 1099 τὰ
747 1046 1049 1116 θαυμάσια,
1103 1046 1408 1108 συνθλάσας
1448 1044 1546 1109 τὰς
1593 1043 1838 1112 κεφαλὰς
1895 1040 1990 1096 τοῦ

408 1136 702 1207 δράκοντος
723 1135 819 1190 ἐπὶ
851 1136 946 1190 τοῦ
986 1136 1201 1203 ὓδατος,
1239 1137 1614 1208 ἀναγεννήσας
1647 1136 1796 1206 ἡμᾶς
1839 1133 1993 1188 ὕδατι

408 1229 502 1278 καὶ
537 1227 693 1298 πυρί.

2095 494 2460 563 turpitudinis
2494 495 2962 565 pulchritudinem
2988 496 3264 566 accipere,
3298 496 3558 565 omnique
3589 511 3678 552 sa-

2098 585 2306 654 pientia
2345 593 2567 644 terrena
2599 587 2795 643 relicta
2843 588 2959 644 alas
3005 589 3201 658 aquilae
3234 589 3406 644 instar
3452 588 3678 658 acquire

2097 677 2340 746 peccatis
2406 678 2743 735 inveteratos
2807 680 3087 748 renovari,
3135 681 3186 734 in
3231 688 3434 736 terram
3513 681 3679 750 depo-

2096 770 2236 824 sitos
2272 772 2416 825 inter
2449 771 2598 828 cives
2645 775 2903 829 cmlestes
2931 772 3194 840 describi,
3239 773 3480 845 denique
3509 774 3676 829 etiam

2099 861 2292 918 hostes
2322 863 2378 917 in
2407 862 2648 918 ﬁliorum
2695 866 2876 920 locum
2937 866 3232 936 adeptari?
3275 866 3381 920 Tot
3415 873 3679 936 tantaque

2096 969 2230 1009 vero
2291 953 2599 1010 animarum
2667 957 2914 1013 medicus
2968 972 3133 1012 verus
3189 956 3358 1013 Josue
3412 958 3679 1014 miracula

2099 1045 2313 1113 edidit,
2343 1061 2466 1102 cum
2495 1049 2769 1118 serpentis
2797 1051 2975 1118 capita
3015 1064 3181 1120 super
3208 1064 3352 1121 aqua
3383 1047 3679 1120 confregit,

2103 1154 2318 1211 nosque
2349 1139 2460 1212 igni
2492 1148 2546 1194 et
2580 1154 2723 1211 aqua
2745 1141 3018 1213 regenuit.

479 1338 548 1392 Et
572 1339 711 1392 dixit
734 1338 993 1392 Dominus
1017 1339 1086 1392 ad
1102 1336 1265 1393 Iosue
1287 1355 1306 1394 :
1335 1337 1450 1394 Hoc
1468 1338 1552 1392 die
1569 1347 1617 1391 te
1633 1336 1826 1407 incipio
1849 1337 2197 1401 evehere,etc.
2217 1334 2336 1408 μη,
2363 1333 2445 1407 7.]
2466 1333 2582 1391 Non
2603 1335 2784 1392 minus
2803 1351 2935 1393 vero
2961 1334 3224 1395 Dominus
3245 1353 3466 1409 quoque
3493 1351 3684 1395 noster

409 1427 570 1483 Jesus
599 1426 858 1482 Christus
892 1426 1149 1481 evehitur
1186 1427 1528 1481 humanitate
1579 1439 1702 1488 sua,
1745 1424 2036 1481 divinitate
2083 1427 2226 1480 enim
2259 1441 2480 1482 omnem
2516 1423 2873 1480 altitudinem
2918 1437 3164 1496 superat.
3204 1427 3263 1483 lu
3291 1427 3531 1485 Jordane
3555 1446 3682 1486 eum

411 1515 608 1570 extulit
633 1526 807 1584 pater,
843 1530 968 1569 cum
1007 1513 1189 1569 dixit:
1223 1532 1242 1566 ι
1270 1513 1370 1568 Hic
1401 1521 1488 1570 est
1520 1513 1666 1568 (ilius
1700 1528 1858 1568 meus
1895 1513 2133 1568 dilectus
2175 1513 2230 1567 in
2262 1528 2373 1582 quo
2415 1512 2548 1567 mihi
2595 1513 2786 1583 placeo
2813 1513 2879 1568 ⁵⁸.
2911 1532 2929 1566 ›
2967 1514 3097 1569 Item
3133 1531 3148 1570 :
3207 1534 3226 1567 ι
3259 1515 3529 1579 Quoniam
3589 1535 3677 1573 se-

421 1602 600 1672 ipsum
628 1602 856 1671 abiecit,
898 1600 1078 1656 iactus
1107 1601 1177 1656 ad
1204 1607 1436 1656 mortem
1465 1615 1640 1671 usque
1659 1600 1804 1671 patri
1833 1599 2162 1670 morigerus,
2194 1609 2446 1663 mortem,
2471 1601 2717 1670 inquam.
2745 1603 2952 1667 crucis,
2988 1603 3184 1657 extulit
3218 1619 3341 1658 eum
3373 1603 3516 1659 Deus
3546 1605 3613 1671 '°,
3656 1624 3674 1658 ι

413 1699 520 1744 etc.
562 1688 618 1744 lu
648 1690 845 1759 primis
873 1704 1003 1744 vero
1051 1689 1108 1743 in
1163 1689 1365 1743 animis
1395 1689 1606 1744 nostris
1658 1693 1926 1744 transitus
1961 1702 2057 1758 per
2104 1685 2401 1742 Iordanem
2425 1694 2674 1759 tempore
2715 1687 2988 1744 evehitur.
3025 1687 3104 1744 Ne
3132 1690 3223 1744 cui
3257 1705 3386 1746 vero
3419 1691 3676 1748 videatur

414 1778 580 1832 alium
614 1779 814 1833 veteris
835 1788 890 1832 et
932 1792 1090 1832 novat
1129 1792 1255 1832 esse
1291 1775 1554 1832 Ecclesiae
1596 1775 1792 1842 Deum,
1823 1773 1996 1831 Josue
2035 1789 2160 1829 cum
2201 1774 2351 1830 Mose
2391 1776 2697 1848 conjungit,
2731 1783 2793 1830 ut
2831 1777 2998 1832 unius
3031 1776 3123 1831 Dei
3170 1793 3360 1833 curam
3396 1780 3679 1834 amborum

413 1881 538 1922 esse
564 1866 924 1921 demonstret.
956 1869 1140 1933 Quare
1182 1864 1390 1919 Paulus
1423 1879 1646 1936 quoque
1675 1863 1740 1918 ad
1801 1863 2058 1919 Hebraeos
2081 1863 2157 1917 ait
2191 1879 2206 1916 :
2237 1882 2254 1914 ι
2282 1863 2348 1918 Ει
2379 1862 2560 1918 Moses
2588 1863 2810 1934 quidem
2845 1864 3023 1919 ﬁdelis
3063 1864 3116 1920 iu
3146 1876 3347 1919 cuncta
3375 1866 3495 1934 ejus
3519 1866 3682 1922 domo

414 1953 568 2008 velut
597 1952 854 2020 famulus,
883 1953 1143 2009 Christus
1175 1967 1310 2010 vero
1343 1951 1494 2007 velut
1521 1952 1674 2009 illius
1700 1951 1769 2004 ⁸⁷.
1810 1970 1828 2004 ι
1861 1949 2056 2007 Modus
2079 1950 2268 2021 itaque
2312 1951 2602 2006 amborum
2632 1952 2830 2019 variat,
2862 1967 2972 2007 non
3004 1954 3158 2007 omni
3200 1962 3381 2008 tamen
3420 1953 3683 2009 similitu—

411 2044 560 2099 dinis
591 2045 796 2098 evitata
814 2042 1028 2115 specie.

493 2151 586 2218 Ὠς
638 2150 716 2206 ἂν
757 2151 1069 2219 εισέλθητε
1103 2151 1203 2206 ἐπὶ
1237 2150 1462 2222 μέρους
1501 2150 1609 2206 τοῦ
1639 2150 1858 2218 ὕδατος
1888 2149 1997 2205 τοῦ

2174 2146 2310 2202 Cum
2341 2148 2586 2204 ueneritis
2633 2148 2703 2202 ad
2740 2149 2969 2218 primum
3008 2163 3212 2219 partem
3251 2167 3518 2220 aquarum
3558 2149 3685 2206 Jor-

410 2244 742 2312 Ἰορδάνου,
773 2245 870 2298 καὶ
899 2244 969 2298 ἐν
1005 2244 1274 2314 Ἰορδάνῃ
1304 2242 1637 2311 στήσεσθε.
1682 2244 2000 2313 Ὀράτωσαν

410 2340 462 2392 οἱ
521 2337 866 2410 μεμυημένοι
914 2337 1042 2403 τοὺς
1093 2338 1301 2402 τύπους
1344 2339 1637 2402 ὠδίνοντας
1697 2337 1798 2407 τὴν
1866 2336 2000 2404 ἀλή-

413 2429 589 2484 θειαν.

484 2519 593 2575 Καὶ
652 2519 992 2587 ὀλοθρεύων
1057 2519 1408 2586 ὀλοθρεύσει
1473 2518 1594 2574 ἀπὸ
1671 2515 2000 2586 προσώπου

415 2610 583 2680 ὑμῶν
621 2610 730 2665 τὸν
775 2611 1139 2667 Χαναναῖον.
1191 2611 1256 2665 Ἦ
1285 2611 1544 2675 διάϐασις
1585 2611 1684 2681 τῆς
1734 2608 1998 2674 κιϐωτοῦ,

417 2705 574 2776 φησὶ,
611 2705 838 2775 σημεῖον
871 2704 1004 2774 ὑμῖν
1034 2703 1178 2756 ἔστω
1207 2702 1311 2773 τῆς
1339 2702 1450 2757 τῶν
1483 2702 1657 2756 ἐθνῶν
1687 2700 1996 2764 ἀπωλείας*

423 2800 494 2860 ὡς
512 2797 596 2864 ἐφ’
621 2795 782 2866 ἡμῶν
815 2794 926 2848 τῶν
963 2793 1357 2864 ἀντικειμένων
1401 2793 1706 2862 δυνάμεων,
1739 2792 1794 2845 ετ
1830 2807 1912 2855 τις
1941 2792 2000 2849 ὲν

429 2885 667 2956 Ἰορδάνῃ
689 2885 920 2953 γένηται
951 2883 1186 2944 κιϐωτὸς
1217 2882 1309 2938 τοῦ
1346 2881 1505 2947 Θεοῦ,
1544 2883 1613 2937 τὰ
1635 2883 1735 2950 τῆς
1765 2882 2000 2946 πίστεως

417 2979 474 3031 ὲν
499 2977 679 3050 ἑαυτῷ
723 2977 996 3049 περιέχων
1047 2976 1346 3046 μυστήρια,
1390 2976 1493 3044 τῆς
1518 2973 1750 3043 γεώδους
1778 2973 2000 3044 ἀπάρας

417 3069 557 3124 κατὰ
587 3070 714 3133 τοὺς
753 3068 1092 3140 Ἰσραηλίτας
1134 3067 1361 3137 σκηνῆς,
1399 3066 1640 3136 γεγονὼς
1677 3068 1740 3136 τῇ
1789 3065 1999 3136 διανοίᾳ

421 3160 719 3232 μετέωρος,
752 3160 1057 3230 ἀνεχόντων
1077 3157 1293 3229 ἱερέων,
1329 3158 1421 3211 καὶ⁵
1450 3156 1888 3228 προϐαδιζόντων
1919 3156 1999 3228 τῷ

415 3252 570 3324 τύπῳ
599 3253 707 3306 τῶν
743 3251 1019 3324 πράξεων,
1053 3251 1149 3304 καὶ⁸
1191 3250 1270 3321 τῷ
1311 3250 1466 3305 ὕδατι
1514 3250 1831 3320 βαπτὸντων
1873 3250 1998 3316 τοὺς

417 3343 608 3406 πόδας.
650 3362 669 3395 t
695 3343 755 3396 '0
783 3343 891 3414 γὰρ
934 3342 1257 3414 λελουμένος
1285 3343 1347 3396 ού
1385 3341 1722 3413 χρείαν-ἔχει
1752 3341 1848 3395 τοῦ
1875 3340 1999 3394 λού-

417 3436 635 3492 σασθαι.
669 3437 826 3490 Ἔστι
858 3435 966 3507 γὰρ
993 3436 1113 3498 ὅλος
1145 3433 1385 3505 καθαρός
1405 3447 1420 3464 ο
1463 3434 1580 3487 ἀλλ’
1609 3434 1704 3487 ἵνα·
1735 3433 1862 3505 νίψῃ
1898 3433 1996 3502 μό-

2103 2241 2282 2307 danis,
2316 2241 2617 2295 consistetis
2657 2242 2711 2295 in
2741 2242 2854 2310 ipso
2886 2240 3148 2298 Iordane.
3182 2243 3288 2316 [8.]
3328 2242 3560 2300 Videant
3589 2245 3682 2317 qui

2103 2343 2261 2405 typos
2283 2334 2525 2389 veritatis
2556 2342 2760 2389 matres
2803 2331 3220 2393 abstruserunt.

2174 2507 2441 2565 Funditus
2455 2518 2642 2566 evertet
2665 2509 2918 2566 Dominus
2937 2522 3059 2568 ante
3077 2531 3162 2568 vos
3185 2512 3681 2583 Chananmum,etc.

2105 2599 2242 2674 [10.]
2277 2601 2570 2658 Transitus
2604 2617 2744 2658 arcae
2769 2603 2922 2659 vobis
2954 2605 3047 2672 sit,
3093 2607 3295 2678 inquit,
3327 2608 3485 2679 signo
3517 2610 3688 2667 inter-

2104 2694 2352 2752 necionis
2397 2695 2670 2764 gentium.
2722 2695 3197 2762 Quemadmodum
3251 2702 3408 2757 vobis
3465 2719 3687 2774 quoque

2101 2799 2228 2856 esse
2265 2785 2431 2842 debet
2459 2789 2748 2858 copiarum
2805 2791 3186 2860 adversarum,
3229 2795 3276 2850 si
3313 2811 3436 2866 qua:
3474 2798 3528 2852 in
3559 2797 3686 2853 Jor-

2101 2878 2246 2938 dane
2275 2880 2444 2935 fuerit
2469 2895 2624 2946 arca,
2652 2898 2774 2952 qute
2817 2884 2942 2939 ﬁdei
2976 2885 3032 2940 in
3062 2902 3122 2944 se
3174 2889 3560 2959 complectitur
3593 2907 3688 2948 ar-

2101 2983 2259 3028 cana.
2304 2969 2436 3036 Quae
2473 2971 2697 3040 quidem
2747 2973 2897 3044 apud
2947 2973 3228 3032 lsraelitas
3278 2992 3309 3033 e
3359 2987 3578 3036 terreno
3606 2989 3689 3036 ta-

2101 3061 2405 3118 bernaculo
2458 3070 2544 3118 est
2578 3062 2852 3133 profecta,
2886 3066 3196 3123 ministerio
3219 3078 3403 3124 tamen
3429 3071 3691 3128 sublimis

2101 3150 2230 3219 fuit,
2286 3168 2409 3223 quae
2477 3162 2699 3223 portata
2760 3164 2844 3212 est
2895 3172 2926 3212 a
2987 3159 3375 3218 sacerdotibus
3437 3171 3689 3236 exemplo

2101 3245 2385 3301 actionum
2424 3247 2525 3302 toti
2560 3249 2765 3319 populo
2793 3253 3195 3320 prmeuntibus,
3223 3267 3480 3325 aquaque
3523 3258 3690 3326 pedes

2100 3333 2436 3391 lavantibus.
2481 3335 2625 3403 «Qui
2680 3339 2827 3394 enim
2876 3340 3102 3398 ablutus
3159 3352 3265 3409 est,
3320 3345 3530 3402 lotione
3575 3363 3689 3404 non

2103 3426 2334 3498 indiget,
2366 3429 2605 3484 mundus
2645 3431 2792 3484 enim
2828 3437 2982 3487 totus
3031 3441 3138 3498 est,
3175 3449 3364 3490 verum
3408 3445 3466 3492 ut
3521 3438 3688 3509 pedes

415 3545 508 3583 νον
531 3490 658 3591 τοῦς
686 3490 881 3590 πόδας..
906 3490 946 3578 ιΙ
971 3490 1150 3596 Καὶ.νὴ
1173 3490 1382 3596 vdit;qu
1413 3524 1471 3578 δέ
1496 3533 1659 3594 φησιν
1684 3541 1701 3556 ο
1731 3541 1752 3576 t
1776 3490 1997 3594 ’bivttitdt-

2105 3519 2249 3576 lavet
2272 3520 2451 3575 solum
2477 3520 2577 3575 ⁵⁸.»
2610 3521 2782 3578 Porro
2814 3539 3016 3594 sponsa
3047 3527 3210 3581 etiam
3265 3528 3444 3598 inquit
3479 3547 3494 3584 :
3537 3550 3554 3580 ι
3590 3531 3693 3586 Pe-

420 3636 529 3691 μην
553 3620 680 3682 τοὺς
709 3619 898 3683 πόδας,
945 3618 1062 3681 πῶς
1104 3616 1317 3689 μολυνῶ
1358 3615 1593 3682 αὑτούς;
1629 3634 1649 3668 s
1682 3617 1906 3688 ’Ὠσπερ-
1940 3616 1999 3670 δδ

414 3709 492 3781 τῷ
542 3703 852 3782 ἁμαρτωλῷ
898 3712 1047 3764 πᾶσα
1079 3711 1110 3780 ἠ
1156 3709 1331 3772 κτίσις
1367 3709 1615 3777 πολεμεῖ,
1666 3708 1742 3772 ὡς
1771 3707 2001 3762 ἐπὶτῶν

421 3804 756 3870 Λίγυπτίων,
804 3801 948 3855 οὕτω
994 3802 1207 3870 γίνεται
1240 3803 1418 3854 πάντα
1466 3800 1543 3870 τῷ
1590 3799 1785 3870 δικαίῳ
1837 3800 1998 3870 βατά,

429 3893 698 3964 Ἐρυθρὰν
723 3892 1014 3946 διοδεύοντι
1054 3891 1348 3956 θάλατταν,
1391 3891 1486 3944 καὶ
1530 3889 1628 3962 τὴν
1674 3888 2002 3961 ἔρημοντὴν

416 3985 640 4056 πολλὴν,
669 3985 784 4056 τὴν·
813 3984 871 4050 ἐξ
899 3982 1150 4053 (ούρανοῦ
1189 3981 1581 4054 χορηγουμένῳ
1614 3983 1845 4053 τροφήν.
1889 3982 2000 4035 Καὶ

416 4079 445 4131 ὁ
474 4077 582 4146 ἀὴρ
626 4074 685 4129 δὲ
729 4075 907 4145 τούτῳ
951 4073 1136 4145 βατδς,
1169 4074 1312 4127 κατὰ
1356 4073 1437 4137 τὸ,
1494 4073 2003 4144 «Ἃρπαγησόμεθα

415 4170 476 4222 ὲν
528 4168 778 4237 νεφέλαις
823 4169 904 4228 εἰς
949 4167 1153 4238 ἀέρα.»
1199 4164 1447 4220 Καθόλου
1491 4164 1600 4236 γὰρ
1643 4165 1881 4235 ἢκουσε,
1925 4163 2000 4235 μὴ

417 4261 724 4330 φοϐεῖσθαι·
761 4280 780 4314 ‹
831 4259 960 4315 Ἐὰν
993 4262 1100 4332 γὰρ
1138 4260 1354 4332 διέλθῃς
1383 4259 1472 4314 διὰ
1528 4260 1720 4332 πυρὸς,
1757 4259 1886 4330 φλὸξ
1936 4260 2000 4313 οὐ

417 4353 759 4408 κατακαύσει
787 4370 871 4406 σε.
903 4372 922 4406 ι

487 4533 598 4587 Καὶ
625 4533 765 4602 τάχα
790 4533 914 4586 ὅσον
949 4531 1050 4602 μὲν
1089 4531 1256 4600 ἐγγὺς
1299 4526 1353 4584 εἶ
1388 4530 1696 4600 Αἰγύπτου,
1725 4531 2000 4587 θάλασσαν

415 4623 651 4694 διοδεύῃ,
683 4625 898 4677 οὐδέπω
921 4621 1088 4692 ούσης
1135 4619 1394 4685 κιϐωτοῦ,
1445 4621 1567 4676 οὐδὲ
1609 4622 1798 4692 ἱερέων
1847 4640 1999 4693 χειρ·

415 4715 782 4786 αγωγούντων
827 4732 885 4769 σε
913 4753 932 4780 ,
962 4714 1085 4768 οὐδὲ
1129 4713 1372 4768 Λευῖτῶν
1397 4730 1412 4747 ο
1465 4714 1605 4768 ἐπάν
1643 4714 1700 4767 δὲ
1729 4714 1888 4786 ἔλθῃς
1923 4717 1999 4780 εἰς

2103 3611 2204 3667 des
2231 3613 2363 3678 lavi,
2392 3623 2446 3669 et
2466 3629 2642 3684 quare
2663 3615 3011 3685 inquinarem
3035 3634 3131 3674 eos
3156 3619 3246 3672 ὀἳ
3273 3638 3291 3673 ι
3320 3620 3690 3686 Οιιεηιοόηιυο

2103 3701 2232 3758 dum
2264 3720 2398 3760 vero
2444 3708 2724 3776 peccatori
2751 3710 2932 3766 omnis
2965 3719 3218 3767 creatura
3259 3712 3516 3768 hostilem
3567 3712 3691 3770 sese

2103 3797 2330 3865 praebet,
2395 3799 2544 3853 velut
2595 3813 2728 3870 erga
2786 3799 3076 3872 Egyptios
3127 3801 3329 3858 factum
3366 3822 3381 3860 :
3420 3805 3496 3859 ita
3534 3806 3688 3876 justo

2104 3889 2290 3942 omnia
2320 3889 2460 3944 vado
2488 3890 2714 3956 cedunt,
2764 3892 2881 3947 sive
2929 3909 3026 3964 per
3057 3909 3211 3951 mare
3271 3895 3521 3951 Rubrum
3573 3899 3689 3954 sive

2103 3994 2201 4048 per
2231 3979 2514 4036 desertum
2562 3991 2780 4039 vastum
2842 3994 3112 4056 permeat,
3163 3987 3254 4043 cui
3312 3989 3480 4045 etiam
3512 3988 3688 4044 victus

2103 4071 2326 4129 caelitus
2365 4075 2705 4144 suppeditat.
2741 4075 2988 4134 Necnon
3021 4094 3115 4135 aer
3148 4080 3347 4135 vadum
3381 4092 3486 4145 est,
3529 4082 3688 4153 juxta

2101 4165 2279 4220 illud:
2324 4165 2622 4225 «Nubibus
2671 4169 2726 4224 in
2773 4185 2956 4226 aerem
2990 4165 3268 4242 rapientur
3294 4175 3358 4228 °°.
3401 4193 3418 4227 ι
3455 4173 3511 4230 In
3541 4191 3689 4232 sum-

2103 4271 2192 4312 ma
2225 4258 2372 4314 enim
2427 4260 2634 4316 dictum
2685 4272 2770 4320 est
2826 4263 2902 4318 illi
2945 4282 2958 4318 :
3010 4285 3028 4315 ι
3058 4263 3138 4321 Ne
3190 4269 3412 4322 timeas.
3459 4268 3685 4326 Etiamsi

2102 4351 2248 4407 enim
2303 4352 2503 4424 ignem
2540 4357 2968 4426 pertransieris,
3021 4359 3242 4416 ﬂamma
3321 4377 3430 4417 non
3489 4364 3688 4420 aduret

2103 4451 2157 4498 te
2181 4442 2248 4499 “.
2287 4461 2306 4496 ι

2176 4535 2288 4590 Iino
2330 4535 2516 4600 etiam,
2550 4539 2912 4607 quantumvis
2967 4542 3184 4598 vicinus
3232 4541 3472 4616 Egypto
3514 4543 3684 4604 fueris

2102 4640 2365 4694 mareque
2421 4627 2691 4698 trajicias,
2746 4645 2871 4684 cum
2909 4647 3034 4686 arca
3080 4634 3325 4690 nondum
3374 4637 3556 4703 fuerit,
3586 4656 3687 4696 nec

2102 4717 2424 4772 sacerdotes
2453 4734 2556 4773 nec
2581 4718 2786 4777 Levita:
2821 4732 2874 4777 te
2905 4723 3257 4782 deduxerint.
3285 4727 3423 4783 Cum
3456 4745 3584 4786 vero
3617 4732 3687 4786 ad

414 4810 485 4863 τὰ
521 4810 646 4881 ὅρια
676 4811 774 4881 τῆς
800 4809 960 4878 ἁγίας
981 4807 1106 4878 γῆς,
1139 4809 1233 4862 καὶ
1261 4807 1635 4880 παραδέξηταί
1660 4825 1721 4860 σε
1767 4809 1996 4880 Ἰησοῦς,

2105 4807 2499 4880 M-montes
2525 4820 2732 4868 sanctae
2758 4822 2919 4871 terrae
2940 4819 3313 4888 appuleris,et
3342 4830 3395 4877 te
3421 4839 3683 4893 suscepe-

415 4902 512 4956 καὶ
559 4901 722 4966 αὐτος
768 4900 993 4972 γένηται
1047 4917 1130 4953 σοι
1163 4899 1378 4970 ὁδηγὺς,
1419 4900 1540 4952 τότε
1582 4899 1798 4954 ἵσταταί
1847 4917 1930 4954 σοι
1967 4901 1995 4954 δ

428 4993 720 5063 Ἰορδάνης,
773 4994 870 5046 “Av
920 4993 1030 5063 γὰρ
1075 4991 1287 5060 ἀληθῶς
1333 4988 1398 5064 ᾖς
1437 4991 1676 5061 Ἰησοῦς,
1734 4992 1797 5045 τὸ
1850 4992 1996 5064 ὕδωρ

414 5084 508 5138 τοῦ
559 5084 828 5156 Ἰορδάνου
885 5086 1328 5154 ἐντραπὴσεται,
1376 5085 1472 5137 καὶ
1522 5085 1870 5156 ἀναχωρήσει
1917 5086 1994 5148 είς

414 5177 484 5230 τὰ
513 5178 730 5230 ὀπίσωο
778 5177 840 5229 τὸ
888 5176 946 5229 δὲ
995 5175 1126 5230 ἄλλο
1173 5175 1318 5246 ὕδωρ
1368 5173 1732 5228 ἀπελεύσεται
1782 5178 1865 5239 εἰς
1897 5175 1996 5241 τὴν

415 5265 696 5318 θάλασσαν
723 5264 834 5318 τῶν
871 5265 1036 5318 ἁλῶν.
1081 5265 1204 5319 Τῶν
1253 5265 1366 5336 γὰρ
1420 5265 1559 5334 μετὰ
1591 5265 1654 5318 τὸ
1709 5264 2000 5336 βάπτισμα

415 5355 690 5422 ἀπολομέν
708 5373 790 5420 υν,
832 5355 893 5408 τὸ
921 5353 1065 5426 ὕδωρ
1105 5355 1200 5408 τοῦ
1243 5355 1512 5426 Ἰορδάνου
1548 5357 1628 5418 είς
1653 5355 1752 5427 τὴν
1793 5355 1998 5410 θάλασ-

419 5461 518 5498 σαν
558 5446 745 5499 ἄπεισι
795 5447 908 5499 τῶν
951 5447 1237 5508 ἁλῶν·,τὸ
1284 5447 1341 5501 δὲ
1392 5446 1522 5501 ἄλλο
1547 5488 1562 5511 ,
1612 5448 1674 5500 τὸ
1705 5446 1850 5520 ὕδωρ
1882 5450 2002 5502 ἐστὶ.

415 5535 525 5588 τῶν
551 5537 796 5601 δικαίων,
836 5538 1036 5607 πῆγμα
1073 5537 1378 5608 ἐνυπάρχον
1416 5539 1680 5608 ἀνάλογον
1709 5539 1788 5609 τῷ
1816 5557 1999 5611 πεπη-

485 5651 862 5726 "_htatth._ut,
890 5653 976 5706 17.
1053 5654 1360 5726 ’ξΡὶιίιίρμ
1397 5669 1457 5720 ιι,
1491 5653 1546 5720 8,
1579 5655 1632 5710 9.
1709 5657 1755 5687 ⁸⁷
1791 5657 1960 5711 Hebr.
1995 5675 2076 5726 ιιι,
2115 5661 2166 5716 5.

413 5737 490 5790 tv,
527 5723 614 5778 16.
688 5723 730 5756 ⁸⁸
767 5722 871 5779 iss.
898 5738 1052 5789 mu,
1079 5722 1134 5778 2.

713 5827 748 5839 σο

2104 4903 2173 4954 rit
2195 4900 2360 4956 losue
2387 4904 2629 4976 :tibique
2658 4907 2768 4962 dux
2801 4911 3097 4978 exstiterit,
3117 4921 3232 4968 tum
3266 4915 3365 4970 tibi
3417 4919 3686 4971 consistet

2101 4991 2393 5050 Jordanes.
2428 4995 2562 5052 Nam
2606 4999 2652 5054 si
2687 5015 2817 5056 vere
2847 5003 3151 5060 adhaseris
3177 5006 3368 5071 Josue,
3398 5023 3540 5078 aqua
3559 5007 3684 5063 Jor-

2104 5086 2273 5142 danls
2300 5098 2633 5158 revertetur,
2669 5109 2734 5149 ac
2761 5103 2918 5151 retro
2950 5099 3236 5154 concedet.
3274 5101 3506 5170 Reliqua
3553 5117 3684 5156 vero

2105 5192 2246 5270 aqua
2279 5179 2334 5234 in
2367 5196 2519 5238 mare
2547 5185 2754 5242 salsum
2786 5189 2982 5244 abibit.
3025 5190 3226 5246 Eorum
3257 5192 3404 5248 enim
3437 5195 3532 5264 qui
3564 5203 3688 5270 post

2101 5269 2435 5340 baptismum
2467 5287 2729 5344 pereunt,
2762 5295 2904 5349 aqua
2926 5280 3186 5338 .Iordauis
3214 5284 3269 5337 in
3297 5298 3449 5341 mare
3473 5287 3685 5343 salsum

2101 5362 2292 5420 eﬂluit.
2338 5365 2570 5438 Reliqua
2611 5386 2742 5426 vero
2766 5387 2909 5442 aqua
2951 5374 3112 5428 unica
3137 5376 3417 5445 justorum
3447 5387 3529 5435 est
3563 5389 3683 5435 mti~

2103 5455 2266 5520 nitio,
2331 5476 2453 5530 quae
2525 5463 2652 5532 pani
2725 5466 2950 5522 cmlitus
3021 5467 3249 5539 delapso
3312 5481 3686 5545 concretaque

2105 5553 2402 5620 respondet
2456 5572 2467 5608 :
2520 5553 2792 5622 Quoniam
2853 5565 2911 5612 tu
2988 5573 3207 5632 quoque
3270 5563 3494 5629 unicum
3551 5570 3686 5622 colis

2261 5667 2305 5698 ⁸⁸
2337 5666 2497 5723 Joan.
2533 5686 2654 5737 xm,
2687 5673 2768 5728 10.
2876 5676 2920 5707 ⁸³
2946 5677 3104 5732 Cant.
3136 5695 3185 5743 v,
3212 5680 3264 5732 5.
3373 5683 3416 5713 ⁸ο
3447 5684 3463 5736 1
3491 5682 3685 5741 Thess.
