4018 6230
411 285 545 375 ιδθτ
1643 289 1648 294 ·
1702 292 1989 357 PROCOP

2099 291 2336 357 ΒΑΖᾹΞΙ
3523 288 3654 352 1008

404 429 598 492 Deum,
651 421 740 478 cui
789 419 838 476 si
884 418 1073 474 unitus
1122 413 1294 471 fueris
1339 426 1368 465 a
1415 409 1835 482 propugnaculo
1882 408 1980 463 tibi

2099 410 2237 479 (έναι
2265 409 2358 463 τὸν
2378 409 2543 481 ἄρτον
2564 408 2654 464 τδν
2685 406 2746 474 ἐξ
2773 406 3004 480 οὐρανοῦ
3038 405 3480 483 καταϐεϐηκότα,
3509 408 3656 460 ἐπει-

403 516 593 573 stabit.
650 512 783 569 ltem
833 530 847 568 :
889 510 1036 566 Beati
1087 507 1286 578 quibus
1323 517 1430 558 non
1482 499 1702 570 longius
1761 499 1981 555 duobus

2099 501 2150 572 Βὴ
2186 502 2281 554 καὶ
2335 501 2401 554 σὺ
2454 500 2633 564 σέϐεις
2679 503 2772 555 τὸν
2812 499 2908 554 ἕνα
2952 498 3106 553 Θεόν.
3144 498 3393 561 Ἑνωθεὶς
3442 497 3556 568 γὰρ
3582 498 3659 570 τῷ

404 608 718 662 cubitorum
747 601 986 657 millibus
1009 598 1078 652 ab
1109 609 1239 651 arca
1279 593 1475 649 abesse
1505 590 1684 645 licuit.
1713 588 1983 658 Reliquus

2099 592 2231 664 Θεῷ,
2279 593 2433 663 παρὰ
2483 593 2562 666 τῷ
2599 594 2858 665 πήγματι
2916 593 3111 664 στήσῃ.
3146 592 3258 646 Kal
3307 590 3574 663 μακάριοι
3609 595 3658 647 οἱ

405 699 552 754 enim
580 693 748 751 lsrael
779 691 965 746 salvus
990 687 1211 759 quidem
1239 693 1347 747 est,
1383 681 1480 736 sed
1511 680 1731 736 duobus
1769 679 1984 735 cubito-

2099 683 2410 755 δυνηθέντες
2453 685 2530 756 μὴ
2566 685 2784 756 μακρὰν
2825 680 2964 738 εἶναι
3009 685 3109 754 τῆς
3159 683 3417 737 κιϐωτοῦ.
3467 684 3526 737 ὐ
3555 685 3660 754 γὰρ

405 805 526 845 rum
561 785 806 844 millibus
840 780 1016 851 magis
1045 778 1201 834 abest
1231 775 1302 830 ab
1337 788 1489 829 arca.

2099 777 2268 840 ιοιπὸς
2308 775 2544 848 Ἰσραὴλ,
2577 779 2625 828 εί
2652 777 2745 829 καὶ
2791 774 3046 840 σώζεται,
3086 775 3226 830 ἀλλὰ
3277 774 3502 846 μακράν
3547 778 3658 830 ἔστι

435 878 438 880 ’
523 899 527 904 ι
2081 869 2184 939 τῆς
2221 868 2460 922 κιϐωτοῦ
2481 868 2590 921 ἀπὸ
2610 867 2886 938 δισχιλίων
2924 869 3166 938 πήχεων.

474 995 540 1050 Et
570 996 794 1066 populus
822 991 1063 1048 constitit
1097 1007 1123 1046 e
1155 988 1366 1059 regione
1389 983 1622 1051 Iericho,
1659 990 1769 1039 etc.
1797 979 1938 1054 [17.]
1973 977 2042 1035 Ut
2066 983 2272 1039 bellum
2303 983 2427 1037 urbi
2457 982 2505 1037 ei
2540 997 2605 1037 ac
2638 983 2855 1037 civibus
2895 989 3189 1051 antequam
3218 977 3520 1036 Jordanem
3549 988 3661 1035 tra-

397 1085 682 1156 jecissent,
712 1082 1050 1146 indicerent,
1096 1085 1257 1146 atque
1285 1077 1422 1129 adeo
1447 1083 1709 1140 tanquam
1745 1078 1891 1123 terra
1919 1073 2244 1128 transirent.

469 1175 710 1244 Acceptis
741 1188 769 1228 e
794 1171 989 1242 populo
1015 1167 1293 1223 duodecim
1324 1165 1474 1229 viris,
1498 1175 1606 1218 etc.
1629 1159 1749 1232 μγ,
1782 1159 1864 1231 4.]
1889 1159 1982 1213 Fi-

2156 1163 2528 1234 Παραλαϐὼν
2550 1161 2669 1218 ἀπὸ
2704 1160 2812 1216 τοῦ
2841 1160 2995 1216 λαοῦ
3020 1159 3251 1214 δώδεκα
3287 1159 3538 1228 ἄνδρας.
3577 1159 3666 1224 El;

399 1283 588 1338 guram
642 1263 869 1319 instruit
924 1259 1215 1316 duodecim
1259 1256 1680 1327 discipulorum,
1712 1253 1809 1322 qui
1845 1267 1982 1308 sane

2099 1255 2254 1309 ιύπον
2301 1255 2410 1308 τῶν
2462 1254 2529 1324 ιβ’
2591 1253 2886 1324 μαθητῶν·
2933 1255 2980 1305 οί
3012 1253 3070 1305 δὲ
3111 1253 3176 1321 ιβ’
3206 1251 3363 1314 λίθοι,
3405 1251 3503 1304 τοῦ
3554 1253 3670 1315 ἑνὸς

398 1357 607 1429 lapides
641 1353 935 1411 duodecim
972 1357 1126 1414 sunt,
1160 1348 1358 1404 structi
1412 1361 1579 1415 super
1609 1344 1775 1398 unico
1803 1357 1978 1412 angu-

2099 1345 2485 1416 Ιικρογωνιαίου
2513 1346 2608 1398 καὶ
2639 1343 2900 1397 ὲκλεκτοῢ
2925 1345 3020 1396 καὶ
3041 1343 3265 1412 ἐντίμου
3292 1341 3388 1394 τοῦ
3417 1341 3666 1404 τεθέντος

397 1450 525 1514 lari,
559 1448 760 1504 eximio
787 1460 849 1500 ac
903 1442 1164 1514 pretioso,
1193 1441 1247 1493 in
1285 1434 1659 1492 fundamentis
1689 1433 1820 1488 Sion
1861 1430 1979 1485 col-

2099 1441 2145 1491 ὲν
2165 1436 2244 1506 τῷ
2273 1435 2511 1506 θεμελίῳ
2543 1436 2642 1506 τῆς
2670 1435 2829 1488 Σιών.
2856 1435 2960 1486 Τὸν
2984 1434 3146 1488 αὐτὸν
3171 1435 3278 1503 γὰρ
3303 1433 3511 1495 πάντες
3541 1434 3666 1502 lxi]-

399 1543 604 1596 locato.
638 1537 824 1608 Ipsum
855 1535 1002 1590 enim
1031 1533 1308 1588 Christum
1335 1543 1443 1582 uno
1481 1541 1578 1581 ore
1608 1524 1982 1594 praedicarunt

2099 1547 2283 1599 ουττον
2299 1529 2536 1600 Χριστὸν
2553 1528 2648 1582 καὶ
2671 1527 2835 1580 αὑτὸν
2862 1525 3161 1588 ἐϐάσταζον
3196 1527 3283 1577 ἐπ’
3307 1524 3665 1595 ὥμων.Λαμ-

397 1648 612 1695 omnes,
641 1630 939 1700 ipsumque
985 1623 1231 1679 humeris
1258 1629 1567 1691 gestarum.
1606 1615 1982 1672 Desumuntur

2099 1621 2341 1676 δάνονται
2363 1621 2422 1674 δὲ
2447 1620 2556 1674 ἀπὸ
2585 1622 2686 1691 τῆς
2713 1621 2954 1682 στάσεως
2982 1618 3092 1671 τῶν
3111 1617 3287 1670 ποδῶν
3313 1619 3427 1670 τῶν
3452 1618 3669 1688 ἱερέων.

398 1739 526 1781 vero
557 1738 585 1776 a
617 1721 852 1776 statione
900 1715 1274 1776 sacerdotum,
1324 1725 1491 1780 super
1540 1709 1609 1763 iis
1640 1707 1789 1762 enim
1832 1716 1982 1761 stare

397 1826 555 1875 erant
597 1814 767 1879 soliti,
813 1812 969 1883 juxta
1014 1809 1192 1863 illud:
1230 1823 1250 1858 ι
1281 1802 1636 1861 Constituisti
1689 1814 1856 1871 super
1889 1814 1984 1869 pc-

400 1924 544 1966 tram
587 1909 756 1980 pedes
787 1919 940 1960 meos
963 1903 1029 1958 ".
1063 1921 1082 1954 ι
1117 1900 1286 1955 istam
1320 1912 1538 1968 quoque
1583 1894 1636 1947 in
1675 1900 1858 1948 castra
1891 1906 1990 1947 sua

399 2001 525 2072 poni
564 1999 703 2063 vult,
734 1995 1054 2063 ubicunque
1080 2005 1141 2046 ea
1173 1988 1523 2044 metabantur
1548 1995 1737 2048 noctu,
1765 1997 1877 2053 quo
1919 1982 1989 2036 ab

421 2107 521 2162 pso
562 2089 782 2161 quidem
863 2082 1124 2139 illustrati
1164 2081 1394 2136 dicant:
1435 2097 1453 2130 ι
1487 2074 1755 2142 Quoniam
1800 2081 1858 2128 tu
1898 2087 1993 2128 ac-

399 2180 590 2237 cendis
624 2181 908 2234 lucernam
953 2188 1154 2240 meam,
1192 2169 1512 2226 Domine“.
1550 2185 1570 2220 ι
1609 2163 1823 2220 Servati
1861 2163 1994 2217 item

404 2272 680 2328 fateantur
709 2287 724 2324 :
752 2289 770 2322 ι
795 2268 898 2333 Τυ,
927 2265 1180 2330 Domine,
1207 2261 1476 2331 refugium
1500 2273 1679 2313 meum
1704 2271 1763 2312 es
1795 2257 1846 2309 in
1877 2269 1996 2310 om-

402 2365 567 2420 nibus
607 2359 994 2417 allliction'rbus
1055 2371 1179 2426 quae
1243 2369 1330 2409 me
1397 2346 1924 2422 complectuntur“.
1969 2365 1990 2400 ι

404 2463 598 2524 Porro,
634 2455 846 2525 inquit,
885 2449 1128 2506 mirifica:
1164 2442 1505 2516 traiectionis
1551 2439 1716 2510 hujus
1762 2441 1976 2506 oportet

407 2554 759 2604 monumenta
798 2542 1103 2606 relinquere
1130 2534 1344 2590 liberis.

467 2631 577 2686 Alii
606 2645 740 2686 vero
776 2628 1071 2684 duodecim
1099 2627 1256 2698 juxta
1291 2625 1470 2695 ipsum
1518 2621 1868 2678 transitionis
1905 2619 1988 2676 lo-

399 2737 523 2780 cum
551 2725 918 2788 collocantur,
941 2729 1268 2792 argumento
1299 2717 1427 2772 fidei
1457 2731 1649 2772 eorum
1681 2716 1777 2786 qui
1810 2724 1993 2769 trans-

400 2817 583 2871 ierunt
633 2815 943 2879 firmitatis,
1006 2812 1160 2882 juxta
1225 2810 1554 2880 Apostolum
1618 2808 1713 2878 qui
1767 2805 1995 2876 inquit:

405 2925 422 2958 ι
454 2906 650 2962 Omnia
683 2919 915 2975 possum
957 2902 1013 2956 in
1049 2917 1136 2956 me
1160 2901 1522 2955 conlirmante
1547 2897 1768 2952 Christo
1797 2897 1862 2949 ⁸³⁵.
1899 2912 1918 2948 ι

417 3009 424 3013 ‘
472 2997 785 3053 Sacerdotes
823 3012 943 3050 vero
972 2995 1204 3059 ferentes
1229 3008 1415 3046 arcam
1455 2993 1509 3044 in
1532 2989 1715 3044 medio
1740 2985 1996 3042 consiste-

400 3089 528 3144 bant
553 3087 816 3143 Jordane.
853 3086 995 3160 [-10,]
1032 3085 1290 3142 Ostendit
1330 3083 1473 3154 quod
1501 3081 1594 3151 qui
1650 3083 1860 3144 volunt,
1903 3093 1997 3134 sa-

2019 1862 2066 1921 Β

2088 1709 2208 1764 Ἐπ’
2225 1709 2407 1763 αὐτῶν
2427 1709 2536 1779 γὰρ
2554 1705 2694 1781 ἦσαν
2713 1709 2973 1772 ἑστῶτες,
2989 1707 3130 1761 κατὰ
3148 1707 3230 1768 τὸ,
3253 1726 3270 1759 ι
3285 1708 3569 1778 Ἕστησας
3585 1708 3670 1759 ἐπὶ

2091 1802 2297 1872 πέτραν
2329 1799 2455 1863 τοὺς
2489 1802 2659 1863 πόδας
2688 1817 2811 1871 μου.
2849 1819 2871 1853 ι
2910 1799 3113 1852 Τοῦτον
3151 1797 3401 1868 βούλεται
3431 1797 3673 1851 τίθεσθαι

2093 1895 2174 1957 είς
2205 1894 2303 1958 τὰς
2330 1893 2834 1966 στρατοπεδαρχίας
2858 1892 3062 1956 αὐτῶν,
3089 1892 3222 1945 ὅπου
3247 1890 3312 1945 ἂν
3333 1889 3674 1962 παρέϐαλλον

2094 1985 2151 2038 ἔν
2191 1985 2384 2039 νυκτίο
2419 1985 2508 2039 ἵνα
2545 1984 2637 2038 ὑπ’
2671 1983 2838 2038 αὐτοῦ
2867 1984 3232 2054 φωτιζόμενοι
3272 1984 3394 2054 μὲν,
3429 1983 3671 2049 λέγοιεν⁶

2101 2079 2259 2131 «Ὅτι
2292 2080 2356 2130 σὺ
2379 2078 2603 2146 φωτιεῖς
2634 2075 2828 2145 λύχνον
2858 2092 2983 2146 μου,
3009 2073 3212 2144 Κύριε·
3235 2091 3253 2124 ι
3279 2072 3674 2141 φυλαττόμενοι

2093 2168 2173 2234 δὲ,
2208 2187 2228 2221 ι
2274 2167 2347 2220 Σύ
2387 2181 2490 2238 μου
2531 2161 2583 2219 εἴ
2624 2164 2916 2235 καταφυγὴ
2958 2163 3067 2217 ἀπὸ
3097 2162 3330 2230 θλίψεως
3370 2164 3478 2230 τῆς
3517 2175 3672 2228 περιέ

2094 2262 2331 2333 εχούσης
2365 2277 2456 2331 με.
2482 2276 2502 2311 ι
2535 2261 2630 2312 Δεῖ
2659 2259 2736 2324 δὲ,
2772 2258 2929 2326 φασὶ,
2959 2257 3058 2310 καὶ
3089 2255 3190 2327 τῆς
3219 2253 3536 2323 παραδόξου
3560 2251 3670 2304 δια.

2097 2354 2312 2417 ϐάσεως
2341 2351 2642 2422 ὑπόμνημα
2676 2349 3000 2404 καταλιπεῖν
3034 2346 3230 2409 αὐτοὺς
3254 2346 3367 2407 τοῖς
3407 2345 3572 2406 υίοῖς.

2173 2616 2360 2672 Ἀλλοι
2406 2615 2462 2672 δὲ
2509 2615 2750 2672 τίθενται
2785 2615 2852 2686 ιβ’
2903 2613 3056 2687 παρὰ
3109 2612 3209 2685 τὴν
3246 2611 3530 2676 διάϐασιν,
3579 2606 3676 2679 τὴν

2098 2710 2336 2782 στερρὰν
2359 2709 2542 2763 πίστιν
2563 2709 2672 2762 τῶν
2691 2707 3098 2777 διαϐεϐηκότων
3122 2705 3511 2774 σημαίνοντες,
3536 2699 3676 2752 κατὰ

2095 2800 2190 2854 τὸν
2231 2799 2582 2864 Ἀπὸστολον,
2615 2799 2849 2867 λέγοντα
2868 2814 2882 2826 '
2920 2817 2939 2852 ι
2971 2798 3158 2853 Πάντα
3198 2795 3369 2867 ἰσχύω
3400 2795 3465 2847 ὲν
3489 2791 3568 2863 τῷ
3592 2793 3676 2844 ὲν·

2094 2889 2424 2960 δυναμοῦντι
2461 2907 2529 2961 με
2560 2888 2803 2961 Χριστῷ.
2830 2906 2850 2939 ι
3453 2935 3456 2938 ς

2169 2984 2577 3051 Είστήκεισαν
2609 2983 2679 3036 δὲ
2723 2986 2778 3037 οἱ
2824 2980 3000 3050 ἱερεῖς
3031 2982 3086 3034 ol
3131 2979 3400 3049 αἴροντες
3431 2975 3550 3044 τὴν
3592 2990 3676 3028 κιο

2099 3073 2288 3128 ϐωτόν
2316 3073 2425 3142 τῆς
2451 3073 2742 3140 διαθήκης
2763 3074 2834 3127 ἐν
2858 3067 2937 3140 τῷ
2966 3069 3246 3138 Ἰορδάνῃ.
3272 3069 3577 3126 Δείκνυσιν,
3602 3065 3673 3127 ὡς

400 3183 683 3238 cerdotnm
744 3195 914 3251 opera
975 3153 1301 3240 transeunt,
1342 3153 1405 3239 et
1440 3172 1589 3244 quod
1642 3181 1772 3225 tunc
1821 3183 1989 3226 saeta

2099 3165 2188 3219 διὰ
2214 3165 2324 3218 τῶν
2357 3165 2549 3235 ἱερέων
2595 3163 2964 3217 διαϐαίνουσιν
2993 3161 3044 3214 ol
3094 3160 3432 3231 βουλόμενοι,
3474 3158 3569 3208 καὶ
3605 3153 3678 3216 ὡς

2407 3258 2420 3269 ι
2737 3255 2762 3266 -
3023 3253 3035 3269 ι
3135 3251 3179 3269 ιι
3233 3250 3364 3269 1η---
3393 3247 3496 3269 λη..
3549 3245 3652 3269 --ΣΑ

402 3275 710 3344 disciplinae
747 3284 964 3343 tempus
1005 3283 1109 3326 εει.
1146 3269 1554 3324 Denuntiarunt
1587 3264 1735 3319 enim
1766 3263 1990 3332 pepulo,

403 3370 603 3439 inquit,
665 3367 813 3438 quod
877 3365 1187 3419 transiture
1235 3361 1522 3415 alacritate
1559 3372 1700 3427 opus
1749 3364 1853 3410 est.
1906 3355 1997 3409 Ait

402 3463 587 3516 enim:
621 3473 645 3512 ‹
668 3460 735 3514 Ει
767 3458 1053 3513 festinavit
1083 3454 1346 3524 populus,
1377 3469 1397 3504 ι
1426 3449 1588 3521 quale
1612 3448 1717 3502 hoc
1741 3460 1993 3516 quoque:

409 3571 428 3604 ι
457 3551 523 3606 Ει
574 3565 807 3622 propere
860 3549 1004 3603 edite
1049 3546 1255 3617 pascha
1302 3543 1368 3599 ⁸⁸.
1406 3562 1426 3596 ι
1471 3541 1802 3596 Exsecratus
1847 3539 1994 3595 enim

403 3643 722 3714 quicunque
743 3655 892 3710 Opus
927 3637 1147 3693 Domini
1191 3635 1438 3706 segniter
1474 3633 1690 3702 peragit
1711 3631 1780 3685 °'.

409 3729 415 3736 ’
459 3732 548 3788 Et
585 3732 790 3802 lapides
818 3747 1002 3785 coram
1036 3730 1134 3796 eis,
1158 3735 1263 3784 etc.
1301 3721 1440 3799 [11.]
1471 3722 1826 3786 Sacerdotes,
1861 3718 1994 3776 reli-

406 3824 499 3896 qui
527 3813 906 3880 reddiderunt
961 3821 1332 3888 interpretes,
1367 3813 1580 3885 lapides
1619 3811 1767 3866 enim
1815 3806 1995 3864 sancti

405 3931 627 3988 quoque
678 3922 976 3970 vocantur.
1015 3928 1036 3963 ι
1065 3909 1303 3980 Lapides
1336 3908 1482 3963 enim
1534 3904 1736 3970 sancti,
1791 3901 1992 3972 inquit,

407 4026 573 4082 super
610 4018 772 4064 terra"
797 4007 1122 4062 volutantur
1157 4003 1224 4058 “.
1273 4021 1291 4053 ι
1347 3999 1545 4054 Petrus
1580 3997 1710 4053 item
1774 3995 1991 4064 inquit:

407 4103 565 4156 allen
615 4101 724 4154 vivi
758 4097 972 4168 lapides
1025 4096 1088 4148 in
1139 4095 1364 4146 domum
1417 4087 1762 4158 spiritualem
1810 4086 1994 4140 coale-

406 4193 564 4255 scite,
601 4192 656 4246 in
678 4185 1099 4250 sacerdotium,
1131 4193 1190 4237 ut
1224 4180 1480 4236 victimas
1514 4177 1830 4248 spirituales
1860 4174 1995 4231 offe-

408 4284 547 4337 ratis
573 4281 639 4337 ".
666 4297 688 4330 ι
718 4276 884 4348 Lapis
904 4274 1034 4329 item
1064 4273 1269 4327 unicus
1309 4283 1408 4339 per
1439 4267 1541 4322 hos
1557 4263 1860 4336 signiﬁcari
1895 4280 1994 4334 po-

406 4382 535 4440 test,
565 4372 658 4442 qui
721 4370 790 4425 ab
841 4358 1156 4423 hominibus
1210 4363 1433 4433 Quidem
1493 4357 1824 4428 reprobatus
1885 4365 1990 4412 est.

410 4467 566 4536 Apud
597 4466 766 4518 Deum
798 4475 929 4515 vero
959 4461 1197 4514 selectus
1215 4463 1299 4510 est
1326 4468 1389 4509 ac
1410 4451 1702 4523 pretiosus.
1726 4450 1803 4504 Ad
1829 4449 1990 4519 cujus

408 4554 822 4612 similitudinem
851 4551 1026 4607 sancti
1054 4563 1274 4619 quoque
1305 4546 1569 4600 dicuntur
1597 4541 1829 4611 lapides.

481 4727 854 4798 Quadraginta
887 4724 1062 4778 millia
1085 4724 1154 4778 ad
1191 4722 1386 4776 bellum
1416 4717 1670 4787 expediti,
1702 4722 1808 4769 etc.
1850 4711 1988 4786 [-l5.]

407 4823 806 4889 Quaternarius
845 4819 1330 4888 conjunctus-eum
1390 4817 1621 4870 unitate.
1649 4825 1771 4864 cum
1801 4817 1992 4862 cente-

409 4912 588 4973 nario,
631 4911 714 4963 vel
765 4911 929 4964 etiam
983 4907 1250 4976 ampliore
1303 4915 1538 4957 uulnere
1591 4899 1723 4953 mali
1782 4897 1989 4951 ominis

410 5017 676 5073 iittnnerus
705 5006 759 5054 in
789 5001 1064 5069 scriptura
1094 5007 1200 5052 est.

473 5093 580 5148 -l)ie
611 5093 708 5146 illa
737 5093 944 5147 clarum
973 5091 1096 5159 fecit
1135 5086 1396 5140 Dominus
1425 5081 1676 5144 Josuam,
1713 5089 1821 5134 etc.
1853 5076 1992 5149 [14.]

411 5186 630 5241 Clarum
687 5185 822 5239 fecit
869 5182 1164 5236 virtutibus
1213 5193 1334 5247 quae
1386 5184 1598 5229 aetatem
1654 5172 1996 5242 spirituulem

412 5282 649 5336 maxime
679 5279 892 5334 decent.
930 5275 1256 5329 Timuerunt
1289 5285 1416 5325 vero
1448 5265 1616 5320 tilium
1649 5264 1797 5319 Nave
1845 5271 1992 5316 metu

2102 3258 2490 3332 μυσταγωγίας
2536 3255 2837 3325 τηνικαῦτα
2877 3253 3090 3324 καιρός.
3135 3247 3498 3320 ’Δνὴγγειλαν
3548 3245 3672 3314 γὰρ,

2097 3350 2234 3420 φησὶ
2261 3348 2340 3420 τῷ
2365 3347 2508 3419 λαῷ·
2541 3346 2640 3399 καὶ
2665 3345 2742 3408 ὡς
2775 3344 2858 3397 δεῖ
2885 3341 3198 3414 προθυμίας
3216 3338 3295 3410 τῷ
3316 3337 3674 3390 διαϐαίνοντι·

2102 3440 2237 3510 φησὶ
2290 3437 2423 3508 γὰρ,
2457 3437 2617 3489 (Καὶ
2671 3435 2936 3488 ἔσπευσεν
2989 3435 3018 3485 ὁ
3067 3430 3230 3494 λαός·
3269 3446 3288 3480 ι
3342 3427 3419 3490 ὡς
3463 3427 3558 3479 καὶ
3597 3423 3673 3486 τὸ,

2100 3551 2121 3586 ι
2148 3530 2304 3587 Μετὰ
2334 3529 2578 3597 σπουδῆς
2619 3527 2804 3581 ἑδεσθε
2837 3526 2898 3578 τὸ
2939 3523 3149 3592 Πάσχα.
3181 3539 3201 3574 ι
3247 3519 3678 3590 Ἐπικατάρατος

2093 3623 2204 3694 γὰρ
2231 3623 2259 3674 ὁ
2289 3620 2462 3677 ποιῶν
2483 3619 2546 3673 τὸ
2567 3620 2730 3690 ἔργον
2771 3615 2976 3686 Κυρίου
3007 3611 3250 3684 ἀμελῶς.

2164 3712 2275 3768 Kal
2347 3714 2405 3768 οί
2449 3712 2608 3766 λίθοι
2684 3710 2976 3778 πρότερον
3055 3707 3400 3775 ἔμπροσθεν
3461 3697 3672 3755 αὐτῶν.

2107 3806 2295 3878 Ἱερεῖς
2347 3807 2396 3858 οἱ
2455 3804 2634 3858 λοιποὶ
2695 3801 2804 3855 τῶν
2868 3799 3324 3871 ὲρμηνευσάντων
3377 3792 3661 3858 ἐξέδωκαν.

2095 3896 2264 3954 Λίθοι
2296 3895 2406 3967 γὰρ
2467 3897 2563 3949 καὶ
2618 3895 2668 3947 οἱ
2719 3892 2866 3961 ἅγιοι
2921 3890 3198 3959 λέγονται.
3253 3904 3274 3939 ι
3315 3885 3474 3940 Λίθοι
3529 3885 3672 3952 γὰρ,

2096 3990 2293 4062 φησὶν,
2336 3987 2482 4055 ἅγιοι
2532 3985 2808 4039 κυλίονται
2857 3982 2950 4035 ἐπὶ
3002 3981 3101 4052 τῆς
3137 3979 3264 4050 γῆς.
3296 3995 3314 4029 ι
3357 3975 3472 4030 Καὶ
3500 3975 3528 4026 ὁ
3573 3971 3673 4025 Πέ-

2095 4099 2224 4152 τρος
2263 4079 2452 4150 φησιν,
2493 4096 2512 4128 ι
2553 4077 2645 4139 Ὧς
2682 4073 2822 4128 λίθοι
2864 4073 3067 4138 ζῶντες
3100 4066 3546 4139 ἑποικοδομείσθε
3595 4065 3670 4126 εἰς

2094 4165 2248 4226 οἷκον
2302 4166 2713 4238 πνευματικὸν,
2793 4167 2874 4228 είς
2933 4163 3258 4234 ἱεράτευμα,
3311 4157 3408 4212 τοῦ
3459 4155 3670 4222 ἐνέγκαι

2097 4261 2478 4332 πνευματικὰς
2529 4258 2740 4320 θυσίας.
2781 4275 2800 4308 ι
2845 4255 2958 4310 Kal
2995 4256 3024 4308 ὁ
3055 4249 3136 4317 εἷς
3167 4253 3226 4306 δὲ
3266 4251 3414 4312 λίθος
3452 4248 3670 4302 δύναται

2094 4353 2186 4409 διὰ
2245 4352 2453 4406 τούτων
2516 4348 2884 4420 σημαίνεσθαι
2950 4350 2978 4400 ὁ
3053 4341 3514 4413 ἀποδοκιμασθεὶς
3578 4336 3670 4406 μὲν

2097 4446 2157 4511 ἐξ
2212 4441 2557 4512 ἀνθρώπων,
2612 4440 2762 4511 παρὰ
2829 4438 2886 4492 δὲ
2948 4435 3069 4508 Θεῷ
3121 4431 3401 4496 ἐκλεκτὸς,
3437 4430 3666 4496 ἔντιμος.

2021 4531 2171 4610 ι)οὗ
2228 4532 2352 4589 καθ’
2409 4531 2721 4601 ὁμοιότητα,
2759 4531 2858 4582 καὶ
2926 4528 2976 4582 ol
3045 4528 3231 4596 ἅγιοι,
3294 4522 3435 4576 λίθοι
3485 4518 3665 4586 λέγον-

2095 4643 2208 4680 ται.

2175 4715 2656 4784 Τετρακισμύριοι
2707 4710 2949 4770 εὔζωνοι
2991 4711 3079 4774 είς
3121 4705 3329 4776 μάχην
3359 4705 3661 4770 διέϐησαν.

2099 4807 2442 4877 Σημειωτὲον
2477 4803 2588 4876 (54)
2623 4805 2704 4855 ὃτι
2755 4803 2788 4869 ἡ
2838 4801 3054 4870 τετρὰς,
3086 4799 3194 4849 εἴτε
3245 4795 3508 4866 μονάδων,
3563 4791 3661 4844 εἴτε

2096 4896 2496 4959 ὲκατοντάδων,
2544 4894 2657 4947 εἴτε
2714 4893 2907 4962 ἐτέρου
2964 4889 3210 4951 πλείονος
3263 4884 3534 4956 ἀριθμοῦ,
3579 4877 3664 4932 ἐπὶ

2095 4986 2399 5048 κακώσεως
2429 4989 2630 5039 κεῖται.

2182 5079 2284 5132 Ἐν
2333 5078 2537 5144 ἐκείνῃ
2587 5074 2662 5144 τῇ
2735 5073 2926 5142 ἡμέρᾳ
2984 5073 3223 5141 ηὔξησε
3292 5073 3506 5142 Κύριος
3563 5064 3660 5122 τὸν

2112 5169 2376 5236 Ἰησοῖν.
2412 5168 2630 5237 Ηῦξησε
2667 5167 2872 5239 Κύριος
2901 5167 2994 5218 τὸν
3038 5163 3245 5236 Ἰησοῦν
3273 5165 3372 5236 τὴν
3403 5165 3518 5220 κατ’
3545 5163 3661 5230 ἀρε·

2098 5260 2200 5331 τὴν
2223 5257 2454 5329 αὔξησιν
2476 5257 2575 5327 τὴν
2600 5256 2788 5327 ἡλικίᾳ
2809 5256 3130 5327 πρέπουσαν
3155 5258 3340 5327 νοητῇ.
3361 5250 3660 5324 Ἐφοϐοὖντο

484 5457 529 5490 ⁸⁸
566 5453 710 5510 Psal.
742 5465 930 5511 xxnx,
954 5447 1008 5501 2.
1080 5446 1124 5478 "
1159 5442 1303 5499 Psal.
1332 5436 1587 5511 xvn,_2_9.
1671 5435 1716 5469 “
1751 5434 1894 5511 Psal.
1927 5447 1989 5486 xx

2099 5431 2150 5485 7.
2217 5431 2262 5464 ⁸⁵
2300 5429 2536 5500 Philipp.
2566 5445 2641 5498 tv,
2675 5429 2764 5484 15.
2833 5429 2877 5460 ⁸⁸
2905 5427 3082 5484 Exod.
3136 5443 3232 5495 xu,
3269 5428 3324 5481 ll
3403 5427 3444 5458 "
3470 5422 3655 5478 Jerem.

412 5505 772 5591 XLVIII—[7170.7
794 5521 838 5553 ⁸⁸
868 5505 1100 5572 zachar.
1137 5530 1213 5580 Ix,
1247 5511 1333 5568 16.
1400 5509 1487 5564 "1
1515 5508 1660 5564 Petr.
1687 5522 1750 5571 ιι,
1784 5505 1836 5559 5.

1927 5619 2137 5676 Μ)Τῶ
2149 5661 2163 5674 .

486 5726 597 5799 (54)
628 5728 741 5782 Hoc
765 5726 1034 5783 scholium
1080 5724 1135 5780 in
1161 5724 1364 5780 Catena
1411 5721 1682 5795 Lipsiensi
1730 5716 1949 5789 Origcni
1989 5713 2305 5771 ascribitur.
