4018 6230
447 414 580 480 1011

1747 421 2102 486 PROCOPII
2148 419 2391 484 GAZEI

3563 414 3693 489 101%

445 528 864 596 coniunxerint,
923 531 1039 588 sive
1067 544 1286 604 tempus
1339 532 1691 604 prorogariut
1732 542 2026 604 utrumque

2131 533 2303 602 ἐγγὺς
2326 527 2592 584 ἀδυνάτου
2627 525 2763 598 πρὸς
2793 524 2858 580 τδ
2879 523 2974 579 τοῦ
2999 523 3372 597 βαπτίσματος
3402 531 3698 600 μυστήριον

445 617 513 672 ad
550 619 806 690 baptismi
835 625 1154 696 mysterium
1191 641 1293 682 nos
1323 625 1569 682 deducit.

521 707 874 766 Comederunt
915 729 1120 784 quoque
1160 716 1224 772 de
1268 717 1536 786 frumento
1563 717 1855 784 superioris
1897 715 2024 776 anni

447 797 608 868 Inuus
643 811 818 869 terra,
837 801 991 872 idque
1018 807 1275 873 postridie
1319 808 1626 871 Paschalis,
1644 808 1914 875 placentas
1942 809 2025 861 in-

449 891 812 961 (crmenlatas,
841 905 890 950 et
919 899 1093 965 spicas
1119 907 1419 962 novas,etc.
1448 897 1539 970 [V,
1559 900 1581 952 l
1600 897 1672 969 1.]
1701 897 1826 955 Post
1853 911 2026 952 sacrae

443 985 591 1038 enim
627 987 912 1044 tinctionis
949 991 1204 1061 ﬁguram,
1253 992 1502 1062 mystica:
1553 1005 1774 1061 quoque
1824 1004 2026 1046 mensa

447 1076 695 1132 exhiberi
725 1089 845 1134 erat
878 1094 1127 1136 necesse.

515 1168 596 1224 Ac
652 1170 1123 1239 quemadmodum
1174 1173 1433 1230 Christus
1490 1188 1617 1230 cum
1657 1173 1861 1244 pascha
1909 1172 2025 1230 suis

443 1273 572 1314 cum
621 1260 914 1332 discipulis
949 1265 1304 1332 comedisset,
1361 1267 1496 1337 legis
1523 1267 1747 1336 pascha,
1785 1280 1926 1321 nova
1959 1279 2024 1320 ac

445 1352 722 1423 spirituali
753 1353 977 1408 victima
1013 1356 1300 1411 exordium
1331 1358 1648 1429 aditumque
1679 1366 2024 1428 capescente,

445 1441 771 1511 abrogavit;
811 1443 886 1498 ita
922 1446 1149 1526 quando
1181 1447 1432 1502 subactis
1463 1447 1675 1518 azymis
1706 1445 1856 1502 Nave
1880 1447 2027 1504 ﬁlius

445 1549 546 1589 ceu
586 1535 640 1588 in
676 1534 849 1604 ﬁgura
891 1533 1104 1594 Pascha
1149 1539 1376 1609 agitavit
1420 1547 1577 1594 vetus
1604 1555 1821 1598 manna:
1867 1539 2027 1594 cibus

446 1635 575 1682 ante
612 1628 897 1686 Paschatis
927 1630 1075 1687 diem
1110 1642 1396 1700 postremo
1427 1641 1623 1703 captus
1660 1633 1918 1688 exolevit.

2129 625 2280 695 ἡμᾶς
2309 622 2701 688 ὲπανάγοντος.

2199 715 2308 771 Kal
2340 714 2568 783 ἔφαγον
2595 709 2714 765 ἀπὸ
2742 709 2848 763 τοῦ
2877 709 3053 764 σίτου
3099 709 3210 776 τῆς
3238 710 3352 778 τῆς
3385 711 3579 781 ἄζυμα
3610 715 3697 768 και

2130 806 2259 862 νέα.
2282 804 2478 866 Καλῶς
2512 819 2575 871 γε
2614 805 2641 856 ὁ
2664 802 2852 865 τύπος,
2884 801 3022 872 μετὰ
3053 802 3150 872 τὴν
3170 804 3226 855 ὲν
3247 804 3470 876 Χριστῷ
3489 824 3697 876 περιτο-

2134 900 2264 970 μὴν,
2294 899 2392 953 καὶ
2430 897 2530 968 τὴν
2560 896 2648 951 διὰ
2682 894 2777 949 τοῦ
2813 894 2972 963 άγίου
3007 893 3378 965 βαπτίσματος
3414 897 3697 966 λύτρωσιν,

2128 990 2228 1062 τὴν
2259 989 2353 1042 τοῦ
2394 988 2586 1057 Πάσχα
2621 988 2755 1058 ἡμῖν
2809 986 3115 1053 εἰσηγεῖται
3164 985 3389 1056 τροφὴν,
3445 988 3547 1056 τὴν
3603 1006 3697 1058 μυ.

2130 1082 2323 1150 στικὴν
2350 1079 2718 1143 αἰνιττόμενος
2768 1077 3041 1146 εὐλογίαν.
3070 1076 3144 1130 Τὸ
3183 1076 3292 1148 γὰρ
3321 1079 3520 1150 Πάσχα
3550 1080 3698 1150 ἡμῶν

2111 1169 2272 1245 ’ὑπὲρ
2299 1171 2456 1243 ἡμῶν
2505 1170 2674 1242 ἐτύθη
2705 1171 2964 1240 Χριστός.

2205 1265 2419 1334 Ὥσπερ
2457 1265 2488 1317 ὁ
2537 1263 2775 1334 Χριστὸς
2822 1263 3018 1318 ἐσθίων
3043 1264 3104 1319 τὸ
3157 1264 3348 1335 Πάσχα
3390 1263 3454 1317 τδ
3489 1263 3702 1332 νομικὸν

2131 1358 2272 1429 μετὰ
2305 1357 2414 1412 τῶν
2447 1356 2730 1427 μαθητῶν,
2763 1358 2856 1410 καὶ
2891 1356 3092 1426 μεταξὺ
3122 1357 3233 1427 (56)
3263 1355 3358 1408 τοῦ
3401 1357 3570 1426 ἄρτου
3610 1355 3699 1423 τῆς

2127 1450 2482 1522 εὐχαριστίας
2511 1449 2607 1502 καὶ
2635 1449 2695 1502 τὸ
2725 1449 2991 1519 ποτήριον
3025 1449 3352 1519 εὐλογήσας,
3384 1450 3448 1502 τὸ
3488 1448 3702 1517 νομικὸν

2125 1543 2325 1616 ,Πάσχα
2359 1541 2724 1606 κατέπαυσεν,
2758 1541 2932 1610 ἀρχὴν
2963 1541 3057 1594 καὶ
3110 1542 3346 1611 πάροδον
3379 1542 3486 1610 τῆς
3521 1540 3700 1608 καινῆς

2132 1634 2227 1686 καὶ
2250 1633 2444 1701 νοερᾶς
2483 1632 2674 1695 θυσίας
2706 1630 3010 1701 λαϐούσηςο
3041 1630 3185 1685 οὕτω
3228 1632 3322 1685 καὶ
3361 1634 3394 1685 ὁ
3433 1632 3528 1684 τοῦ
3559 1631 3698 1700 Ναυῆ

447 1721 575 1782 παῖς
599 1718 676 1781 ὡς
703 1721 763 1774 ἐν
793 1721 954 1784 τύπῳ
982 1722 1147 1792 ἡνίκα
1171 1725 1284 1787 τοῖς
1315 1725 1378 1778 ἐκ
1405 1723 1500 1777 τοῦ
1533 1724 1654 1777 νέου
1677 1723 1825 1784 σίτου
1855 1720 2177 1792 φυραθεῖσιν
2200 1721 2432 1792 ἀζύμοις
2463 1722 2734 1793 πεποίηκε
2764 1721 2823 1774 τὸ
2851 1721 3066 1791 Πάσχα,
3100 1723 3134 1792 ἡ
3166 1722 3370 1775 παλαιὰ
3402 1720 3624 1792 βρῶσις,
3647 1721 3700 1773 τὸ

447 1808 641 1879 μάννα,
669 1811 1012 1884 ὑπεχώρησε,
1033 1815 1124 1867 καὶ
1141 1816 1198 1868 ὲν
1222 1816 1404 1887 ἐκείνῃ
1429 1817 1495 1886 τῇ
1513 1815 1696 1886 ἡμέρᾳ
1717 1814 1982 1878 ἐξέλιπεν.

530 1900 674 1955 Vidit
701 1918 1014 1972 comparare
1055 1906 1157 1960 sibi
1185 1907 1446 1961 hominem
1479 1906 1632 1973 cujus
1659 1905 1871 1976 gladius
1909 1903 2025 1958 dis-

2193 1900 2373 1960 είδεν
2423 1905 2740 1973 ἄνθρωπον
2804 1904 3107 1972 ἑστηκότα
3147 1903 3434 1958 ἐναντίον
3481 1904 3660 1958 αὐτοῦ
3677 1926 3696 1954 ο

443 1992 633 2048 trictus
691 2005 840 2059 erat,
880 2005 990 2051 etc.
1045 1995 1187 2070 [13.]
1237 1998 1365 2054 Post
1416 1998 1578 2053 ﬁdem
1634 1998 1688 2052 in
1744 1997 2023 2051 Christum

448 2091 770 2154 conceptam
804 2093 1083 2142 certamen
1133 2104 1257 2144 cum
1310 2089 1562 2144 hostibus
1613 2088 1884 2158 reliquum
1916 2095 2023 2153 est,

445 2178 710 2244 quocirca
743 2179 912 2234 armis
949 2179 1340 2250 spiritualibus
1392 2181 1725 2236 instructum
1770 2195 1915 2243 esse,
1943 2178 2026 2232 di-

446 2265 699 2333 vinisque
731 2266 1196 2336 promissionibus
1222 2267 1454 2322 ﬁrmiter
1476 2268 1637 2323 inniti
1669 2275 1752 2323 est
1775 2280 2021 2321 necesse.

445 2358 512 2410 At
534 2358 817 2427 probabile
849 2369 968 2413 erat
999 2357 1167 2416 Iosue
1202 2361 1477 2416 hominem
1509 2373 1634 2415 esse
1667 2357 2026 2426 hostibusque

448 2447 792 2520 undequavis
822 2451 1086 2513 stipatum
1124 2459 1269 2505 metu
1312 2449 1653 2506 labefactari.
1682 2448 2026 2518 Quapropter

445 2541 519 2594 illi
554 2540 762 2595 indicat
806 2539 954 2598 Deus
1016 2557 1076 2598 se
1117 2541 1384 2597 invisibili
1432 2556 1532 2596 sua
1579 2541 1827 2611 potentia
1883 2539 2018 2609 ipsis

441 2648 816 2707 propugnare,
852 2634 1043 2691 habitu
1096 2635 1243 2690 enim
1295 2634 1467 2690 armis
1507 2634 1762 2691 instructi
1798 2644 2023 2701 compa-

427 2727 573 2784 ruit.

509 2823 590 2876 lta
664 2822 800 2879 Mosi
851 2837 1078 2893 quoque
1133 2821 1199 2876 ad
1251 2819 1594 2876 Pharaonem
1669 2819 2023 2886 descendenti

445 2913 587 2969 visio
617 2913 1060 2968 conﬁrmationis
1089 2927 1259 2966 causa
1296 2919 1383 2966 est
1417 2911 1654 2981 objecta.
1682 2909 1764 2965 lta
1818 2909 2024 2968 Jacobo

2129 1997 2225 2051 καί
2273 1996 2313 2063 ἡ
2350 1997 2618 2065 ῥομφαία
2659 1995 3020 2065 ἐσπασμένη
3067 1995 3138 2050 ἐν
3181 1994 3254 2063 τῇ
3294 1994 3451 2064 χειρί
3499 1993 3696 2048 αὐτοῦ.

2127 2087 2283 2141 Μετὰ
2333 2082 2548 2158 τὴνέίς
2605 2085 2842 2157 Χριστὸν
2889 2087 3074 2138 πίστιν
3115 2085 3304 2139 λοιπὸν
3349 2087 3378 2136 ὁ
3412 2086 3551 2155 πρὸς
3580 2087 3699 2148 τοὺς

2124 2178 2422 2248 πολεμίους
2453 2179 2599 2232 ἐστὶν
2644 2175 2796 2244 ἀγὼν
2823 2178 2938 2238 τοῖς
2995 2175 3477 2246 καθωπλισμένοις
3522 2177 3697 2238 ὅπλοις

2126 2270 2644 2342 πνευματικοῖς,καὶ
2661 2270 2781 2332 ταῖς
2805 2269 2898 2320 τοῦ
2925 2267 3061 2320 Θεοῦ
3111 2267 3511 2338 τεθαρῤηκὸσιν
3540 2269 3702 2334 ὲπαγο

2127 2361 2356 2432 γελίαις.
2400 2360 2540 2414 Ἀλλ’
2572 2360 2721 2423 εἰκὸς
2755 2355 2826 2430 ἦν
2849 2358 3133 2429 ἄνθρωπον
3179 2357 3308 2411 δντα
3337 2357 3430 2410 τὸν
3481 2355 3696 2426 Ἰησοῦν,

2127 2453 2222 2506 καὶ
2253 2449 2591 2520 πανταχόθεν
2632 2449 2914 2520 πολεμίοις
2964 2448 3388 2518 κεκυκλωμένον
3434 2449 3571 2516 πρὸς
3599 2447 3698 2500 δει-

2127 2547 2248 2600 λίαν
2284 2545 2538 2600 ὀκλάσαι.
2568 2541 2870 2612 Τοιγαροῦν
2904 2541 3175 2596 δείκνυσιν
3229 2541 3381 2613 αύτῷ
3436 2540 3588 2603 Θεὸς,
3627 2538 3694 2600 ὡς

2126 2640 2358 2711 ἀόρατος
2427 2636 2608 2691 αὐτῶν
2660 2635 3075 2706 ύπερμαχήσειε
3132 2632 3386 2703 δύναμις.
3449 2631 3692 2686 Ὀπλίτου

2127 2731 2236 2802 γὰρ
2261 2730 2357 2792 καὶ
2388 2729 2485 2784 τοῦ
2518 2727 2782 2798 φανέντος
2806 2726 2867 2779 τὸ
2892 2725 3103 2796 σχῆμα.

2198 2823 2358 2880 Οὕτω
2427 2820 2524 2875 καὶ
2587 2820 2817 2875 Μωῡσεῖ
2863 2819 3002 2888 πρὸς
3059 2813 3260 2887 Φαραὼ
3324 2813 3696 2868 καταϐαίνοντι

2126 2915 2365 2974 ὀπτασία
2410 2912 2546 2981 πρὸς
2585 2911 2790 2980 θάρσος
2837 2909 3126 2978 ἐφαίνετο·
3171 2905 3316 2960 οὕτω
3363 2908 3460 2959 καὶ
3513 2901 3695 2959 Ἰακὼϐ

444 3019 569 3058 cum
609 3002 754 3058 Esau
795 3003 1204 3058 reformidaret.
1240 3001 1318 3058 Ita
1345 3018 1570 3074 quoque
1598 3003 1817 3058 servulo
1846 3002 2024 3059 Elisaei

2129 3007 2222 3062 ἐπὶ
2243 3005 2336 3059 τοῦ
2378 3003 2550 3059 Ἠσαῦ
2570 3018 2584 3032 ⁸
2608 3003 2751 3058 οὕτω
2779 3001 2875 3056 καί⁵
2903 2999 2984 3072 τῷ
3007 2999 3280 3068 παιδαρίῳ
3311 2999 3409 3060 τοῦ
3439 2993 3697 3060 Ἐλισσαιδ

444 3095 740 3150 multitudo
790 3111 1054 3151 curruum
1110 3103 1194 3150 est
1251 3107 1493 3151 051.8088.
1547 3094 1817 3151 Caeterum
1855 3093 2025 3150 JOSIIB

2135 3096 2339 3164 πλῆθος
2389 3094 2686 3166 ἁρμάτων·
2745 3091 2879 3162 πρὸς
2936 3091 3002 3161 ἢν
3062 3088 3268 3160 Ἰησοῦς
3325 3085 3696 3160 άμφιόάλλων,

443 3188 646 3244 dubius
676 3189 932 3258 quamvis
966 3190 1016 3244 ei
1065 3188 1224 3244 ﬁdem
1269 3188 1486 3243 tribuit.
1535 3186 1654 3243 Non
1705 3189 1848 3244 enim
1897 3203 2024 3258 spe-

443 3294 622 3337 ctrum
651 3281 823 3354 486
868 3280 970 3336 fuit
1005 3283 1114 3337 tale
1159 3281 1360 3350 quibus
1409 3281 1798 3336 dementantur
1852 3279 2020 3334 oculi.

445 3373 730 3430 Fiduciam
776 3389 904 3429 vero
947 3373 1015 3429 de
1063 3388 1129 3429 eo
1188 3383 1446 3443 tanquam
1499 3372 1567 3428 de
1602 3370 1883 3436 familiari,
1933 3371 2024 3441 qui

444 3467 611 3522 modo
669 3465 970 3520 advenerat
1008 3466 1298 3535 concepit,
1362 3465 1566 3533 alioqui
1620 3464 1765 3520 enim
1825 3477 2025 3517 nomen

447 3559 663 3615 Domini
689 3575 798 3614 non
828 3573 1100 3630 usurpare
1123 3573 1387 3613 ausurum
1419 3555 1858 3629 eogitavit.Cnm
1883 3555 2024 3611 alius

442 3653 720 3724 quispiam
781 3653 952 3718 dicat,
996 3653 1273 3708 daemones
1326 3651 1461 3705 fumi
1499 3651 1674 3704 instar
1706 3649 2023 3721 diﬂ‘ugiunt.

443 3745 802 3817 Quapropter
834 3743 925 3800 Dei
957 3759 1177 3818 quoque
1223 3743 1447 3799 nomine
1491 3741 1868 3798 inclinationis
1926 3741 2027 3796 bo-

444 3853 637 3895 norem
663 3837 883 3893 detulit.
913 3835 1034 3892 Non
1066 3837 1213 3892 enim
1247 3846 1561 3890 creaturam
1591 3835 1765 3891 sancti
1811 3835 2024 3891 colunt.

442 3931 626 3999 Quare
668 3946 770 3988 nec
814 3940 1034 4001 spectro
1062 3931 1165 3994 vel,
1217 3928 1467 3994 Domine,
1498 3929 1580 3983 vel
1629 3946 1648 3980 ι
1676 3927 1817 3998 Quid
1858 3929 2029 4001 impe-

446 4040 539 4081 ras
570 4023 776 4079 lamulo
807 4032 924 4088 tuo,
965 4043 983 4076 ι
1023 4023 1182 4078 dixit.

517 4114 801 4186 Tanquam
836 4123 1121 4184 promptus
1145 4129 1275 4170 vero
1301 4115 1367 4170 ad
1403 4114 1690 4184 imperium
1731 4127 2030 4182 capessen-

441 4208 573 4264 dum
605 4209 718 4264 hac
753 4207 919 4263 verba
944 4207 1170 4278 protulit
1223 4207 1377 4276 juxta
1433 4207 1561 4262 illud
1600 4224 1614 4260 :
1645 4223 1663 4256 ι
1707 4203 2028 4276 Promptum

445 4306 532 4352 est
557 4311 652 4352 cor
682 4312 889 4360 meum,
913 4311 946 4350 ο
973 4294 1118 4350 Deus
1147 4296 1214 4354 τ’.
1243 4315 1261 4347 ι
1291 4296 1402 4351 Hoc
1443 4297 1589 4350 enim
1620 4297 1897 4364 ingenium
1933 4296 2026 4352 Dei

446 4388 828 4444 ministrorum
865 4395 972 4444 est.

2133 3186 2484 3248 πυνθάνεται,
2525 3185 2600 3256 μὴ
2652 3183 2762 3236 τῶν
2811 3181 2877 3235 δι’
2912 3181 3161 3244 ἐναντίας
3217 3179 3619 3250 φενακιζόντων
3666 3175 3695 3244 ἡ

2132 3281 2251 3334 θέα.
2296 3278 2600 3349 Ἐθάῤῥησε
2637 3276 2718 3339 δὲ,
2741 3275 2817 3337 ὡς
2882 3275 3010 3337 ἴδιος
3045 3276 3073 3326 ὁ
3130 3273 3340 3343 φανείς.
3397 3273 3473 3325 Ού
3511 3270 3616 3338 γάρ
3638 3266 3695 3320 ἂν

2130 3371 2369 3441 τοῦνομα
2402 3367 2607 3439 Κυρίου
2640 3367 2834 3440 φέρειν
2869 3367 3168 3437 ἐτόλμησεν
3198 3365 3287 3418 ἐπὶ
3318 3365 3601 3432 στόματος.
3637 3360 3694 3411 '0

2132 3463 2226 3517 καὶ
2258 3463 2417 3518 ἄλλου
2468 3461 2740 3530 λέγοντος,
2796 3461 2846 3512 oi
2875 3458 3132 3528 δαίμονες
3178 3457 3310 3510 ὡσεὶ
3346 3455 3552 3518 καπνὸς
3594 3452 3695 3505 δια-

2132 3554 2374 3611 λύονται.
2417 3551 2507 3608 Διὸ
2556 3552 2652 3607 κοιλ⁵
2693 3550 2772 3624 τῷ
2811 3550 3039 3623 ὀνόματι
3069 3547 3163 3604 τοῦ
3214 3547 3348 3603 Θεοῦ
3394 3546 3693 3621 προσήγαγε

2134 3649 2231 3720 τὴν
2265 3647 2662 3720 προσκύνησιν.
2691 3647 2767 3700 Uti
2797 3646 2905 3716 γὰρ
2935 3648 3001 3716 τῇ
3030 3635 3209 3698 κτίσει
3259 3642 3610 3714 λατρεύουσιν
3649 3637 3692 3688 ol

2135 3743 2300 3812 ἅγιοι.
2327 3740 2402 3794 υύ
2435 3741 2574 3809 πρὸς
2604 3737 2664 3792 τδ
2698 3739 2863 3808 φανὲν
2893 3732 3008 3804 οῦν,
3042 3736 3162 3790 οὐδὲ
3185 3735 3266 3799 τὸ,
3289 3736 3558 3799 Δέσποτα,
3586 3727 3693 3782 οὐδὲ

2132 3836 2216 3906 τὸ,
2264 3853 2282 3888 ι
2307 3834 2371 3889 Τί
2405 3831 2771 3905 προστάσσεις
2796 3832 2873 3904 τῷ
2899 3831 3089 3905 οἰκέτῃ
3111 3847 3203 3884 σου
3230 3845 3246 3895 ;
3272 3847 3290 3882 ι

2209 4126 2222 4143 ⁸
2251 4122 2508 4192 Ἕτοιμός
2559 4123 2678 4193 είμι
2724 4119 3044 4190 πειθαρχεῖν
3072 4119 3153 4190 τῷ
3209 4118 3462 4190 ὑμετέρῳ
3535 4126 3692 4183 προσ-ρ

2136 4214 2400 4283 τάγματι.
2437 4211 2594 4266 Οὕτω
2626 4209 3150 4283 παρασκευάζεσθαι
3179 4209 3259 4264 δεῖ
3291 4210 3420 4274 τοὺς
3464 4208 3687 4270 λειτουρ-

2137 4302 2366 4369 γοῦντας
2395 4301 2534 4372 Θεῷ,
2565 4303 2658 4356 καὶ
2683 4301 2865 4371 λέγειν
2904 4303 3042 4370 μετὰ
3079 4299 3176 4354 τοῦ
3207 4299 3496 4353 θεσπεσίου
3522 4291 3689 4354 Δαόὶδ,

2056 4386 2102 4444 Ι)
2137 4414 2156 4445 ι
2179 4394 2403 4465 Ἐτοίμη
2421 4397 2453 4464 ή
2470 4393 2667 4466 καρδία
2693 4411 2816 4464 μου,
2832 4395 2861 4447 ὁ
2876 4392 3029 4456 Θεὸς,
3050 4392 3242 4463 ἑτοίμη
3263 4392 3296 4462 ἡ
3319 4389 3519 4462 καρδία
3537 4400 3646 4457 μου.
3667 4404 3683 4436 ι

521 4524 707 4596 Itaque
735 4542 844 4582 non
875 4541 1263 4599 quamcunque
1295 4527 1776 4598 disceptationem,
1813 4528 2134 4600 priusquam
2168 4530 2313 4586 unde
2345 4529 2589 4602 profecta
2625 4529 2698 4584 sit
2730 4528 3180 4600 cognoverimus,
3212 4525 3560 4596 recipiemus.

521 4637 888 4693 Securitatem
944 4639 1234 4708 pollicetur
1295 4637 1505 4707 Josue,
1561 4639 2029 4710 quemadmodum

2206 4647 2222 4668 ⁶
2249 4644 2460 4717 Θάρσος
2488 4644 2764 4714 δίδωσιτῷ
2796 4643 2996 4712 Ἰησοῦ,
3045 4641 3237 4711 ὥσπερ
3261 4641 3355 4694 καὶ
3371 4639 3450 4710 τῷ
3479 4629 3680 4697 Μωῦτῇ’

451 4729 611 4796 Mosi,
661 4729 950 4800 discipulis
1010 4730 1138 4785 item
1199 4731 1286 4788 his
1326 4733 1554 4786 verbis:
1592 4751 1611 4784 ι
1661 4731 1740 4787 Ne
1784 4740 2032 4788 assumat

2133 4733 2229 4788 καὶ
2271 4737 2386 4798 τοῖς
2420 4734 2688 4804 μαθηταῖς
2719 4733 2776 4785 δὲ
2805 4735 2833 4786 6
2866 4731 3088 4801 Κύριος,
3126 4730 3322 4797 λέγων,
3363 4749 3382 4783 ι
3414 4727 3502 4797 Μὴ
3532 4722 3684 4790 αίρειν

452 4823 681 4894 virgam,
717 4835 820 4877 nec
869 4831 1103 4892 petram,
1155 4838 1257 4879 nec
1305 4825 1520 4879 calceos
1569 4823 1681 4877 ⁸ο.»
1729 4823 1830 4877 Dat
1877 4825 2029 4878 enim

451 4917 532 4971 eis
557 4920 883 4987 potestatem
932 4913 1182 4970 calcandi
1235 4929 1402 4986 super
1454 4927 1740 4985 serpentes
1786 4923 1841 4971 et
1876 4931 2032 4973 scor-

449 5009 640 5078 pinncs
672 5006 740 5062 ⁸³.

521 5095 678 5152 Solve
737 5095 1155 5151 calceamentum
1213 5105 1394 5157 tuum,
1452 5104 1560 5152 etc.
1611 5094 1748 5170 [16.]
1799 5095 2031 5164 Quidam

453 5206 580 5247 vero
641 5191 776 5246 illud
843 5207 856 5244 :
925 5210 943 5242 ι
1011 5189 1172 5244 Solve
1249 5189 1680 5244 calceamentnm
1755 5199 1952 5256 tuum,
2008 5209 2027 5242 ι

454 5299 610 5339 move
677 5282 868 5355 pedem
915 5291 1069 5336 tuum
1128 5290 1324 5336 contra
1395 5283 1579 5338 hostes
1639 5293 1761 5337 tuos
1823 5283 2034 5351 signiﬁ-

2136 4826 2353 4898 ῥάϐδον,
2391 4825 2529 4896 μηδὲ
2569 4820 2777 4894 π’ήραν,
2828 4821 2962 4895 μηδὲ
3026 4822 3384 4894 ὑποδήματα·
3417 4841 3436 4872 ι
3471 4818 3582 4876 δοὺς
3606 4809 3686 4864 αὕη

2133 4921 2247 4981 τοῖς
2281 4917 2531 4982 ἐξουσίαν
2580 4919 2771 4971 πατεῖν
2829 4916 3015 4970 ἐπάνω
3067 4914 3244 4985 ὄφεων
3288 4916 3381 4967 καὶ
3411 4906 3681 4980 σκορπίων.

2142 5010 2308 5064 Οὐδὲν
2333 5008 2444 5080 γὰρ
2475 5009 2640 5078 ὑμᾶς,
2680 5008 2868 5080 φησὶν,
2899 5008 3268 5078 ἀδικήσουσιν.

2210 5101 2418 5156 Λῦσον
2439 5101 2506 5155 τὸ
2521 5099 2975 5171 ὑπόδημα.Τινὲς
2995 5100 3105 5163 τὸ,‹
3132 5095 3302 5152 Λῦσαι
3325 5100 3384 5152 τὸ
3406 5093 3676 5157 ὑπόδημανι

2139 5191 2220 5259 τὸ,
2239 5193 2476 5264 Κίνησον
2500 5192 2590 5245 τὸν
2621 5192 2754 5244 πόδα
2788 5208 2882 5245 σου
2911 5190 3052 5243 κατὰ
3081 5190 3188 5242 τῶν
3217 5189 3444 5259 ἐχθρῶν,
3474 5175 3679 5250 δηλῶσαί

2143 5301 2326 5353 φασιν.
2370 5283 2579 5338 Ὀ-ποῖόν
2611 5286 2724 5337 ἐστι
2767 5282 2849 5347 τὸ,
2910 5301 2928 5334 ι
2975 5281 3098 5334 Ἐπὶ
3142 5281 3236 5352 τὴν
3281 5276 3568 5347 Ἰδουμαίαν
3607 5268 3679 5317 ἐκ-

452 5390 582 5429 care
620 5384 901 5430 asserunt.
950 5375 1122 5440 Quale
1147 5374 1281 5429 illud
1320 5382 1440 5429 est:
1467 5394 1484 5425 ‹
1522 5375 1697 5446 Super
1745 5375 2031 5430 ldmnaeam

2139 5377 2276 5431 τενῶ
2333 5378 2394 5430 τὸ
2441 5377 2693 5447 ὑπόδημα
2724 5387 2849 5438 μου,
2875 5375 2967 5428 ἐπὶ
3029 5375 3190 5446 [ἀν-τὶ,
3244 5365 3516 5441 φρέαρ]
3565 5357 3674 5414 τοῦ.

453 5466 741 5522 extendam
765 5465 986 5522 calceos
1011 5480 1162 5520 meos
1187 5463 1255 5531 ⁸’,
1283 5482 1300 5516 ι
1351 5464 1454 5519 hoc
1483 5472 1589 5531 est,
1635 5484 1653 5516 ι
1685 5465 1870 5535 Ipsum
1895 5481 2029 5519 cou-

527 5650 569 5680 τ’
597 5649 739 5704 Psal.
771 5665 900 5715 cvn,
936 5657 991 5713 2.

2137 5465 2458 5525 καταπατῶ.
2497 5469 2637 5522 Ἀλλ’
2663 5472 2698 5542 ὴ
2725 5469 2871 5525 αἰτία
2900 5467 3128 5534 κωλύει,
3158 5466 3420 5536 λέγουσι·
3455 5479 3474 5515 ι
3512 5458 3562 5510 '0
3583 5447 3676 5520 -γάρ

1097 5647 1142 5681 ⁸⁰
1173 5646 1364 5703 Matth.
1395 5645 1563 5711 κ,10.
1654 5647 1698 5679 ⁸¹
1731 5645 1865 5701 Luc.
1894 5662 1946 5712 x,
1993 5646 2078 5702 l9.
2154 5646 2198 5678 "
2224 5644 2368 5704 Psal.
2392 5661 2502 5715 Lix,
2539 5654 2621 5712 ιο.

1943 5764 2172 5822 NOTAE.

533 5849 646 5923 (56)
683 5853 790 5907 Ἴσ.
816 5854 1119 5922 ἀναγνωστ.
1152 5857 1309 5926 οὕτω,
1339 5858 1541 5929 μεταξὺ
1572 5859 1662 5912 τὸν
1694 5859 1872 5930 ἄρτον.
