4018 6230
439 395 574 465 1013
1565 393 2057 466 (ΣΟΜΜΕΝΤΑΒΙ

2157 401 2228 464 [Ν
2257 383 2514 464 Jos'UE.
3562 352 3703 452 mit
3815 454 3833 472 ,

439 515 622 580 τόπος,
651 514 710 566 ιν
745 507 792 582 ᾧ
825 518 889 569 σύ
919 517 1188 587 ιστηκας,
1226 519 1381 587 ἅγιός
1441 520 1578 574 ἐστι.
1615 538 1635 572 ι
1680 519 1816 574 Θεοῦ
1845 521 2023 574 τοίνυν
2055 571 2057 580 ,

2165 518 2380 574 ulcabo.
2417 537 2436 570 ι
2480 518 2681 574 Verum
2733 529 2902 571 causa
2958 527 3121 584 quam
3186 511 3345 579 dicit,
3389 510 3441 564 id
3477 517 3704 563 credere

440 604 828 674 ἐνεργοῦντος,
881 607 1240 664 ὑπολελύσθαι
1302 613 1566 683 προσήκει
1616 613 1708 666 τδν
1761 613 1885 683 δφιν
1927 613 2020 667 τὸν

2157 611 2382 668 ιτοίιίῠει
2418 631 2431 667 :
2459 629 2478 664 ι
2522 611 2702 667 Locus
2731 610 2876 666 enim
2918 608 2974 662 in
3001 622 3111 678 quo
3140 614 3257 662 stas
3289 613 3515 664 sanctus
3539 609 3642 658 est.
3680 621 3698 652 ι
3738 657 3788 683 μ

442 695 704 750 δάκνοντα
745 697 1012 768 μηδαμῶς
1035 740 1051 765 ,
1105 700 1484 772 λογιζομένους
1537 704 1627 757 ὅτε
1675 705 1771 758 καὶ
1821 703 1922 777 τὴν
1964 703 2024 772 ἐξ

2157 705 2234 758 ’ρι-
2283 718 2442 772 opem
2497 703 2682 774 itaque
2731 701 2976 757 divinam
3009 706 3319 770 serpentem
3353 699 3448 769 qui
3483 695 3708 751 minime

445 787 728 859 ἁμαρτιῶν
761 789 1182 863 αποσαλοιεμεθα
1208 794 1494 863 νέκρωσιν.

2157 796 2445 866 »ρὶηεηιειη
2471 797 2592 860 icit,
2633 804 2894 858 excutere
2939 793 3222 860 convenit,
3256 807 3365 862 quo
3391 790 3554 848 simul
3583 803 3709 860 pec-

2125 886 2235 941 cati
2265 895 2484 960 qudque
2515 887 2996 943 mortificationem
3027 885 3371 955 abjiciemus.

517 984 752 1053 Septimo
782 995 958 1041 autem
985 988 1070 1044 die
1131 989 1484 1044 circumibitis
1503 989 1771 1044 civitatem
1805 990 2019 1058 septies,
2051 996 2155 1044 etc.
2189 988 2305 1063 [γι.
2339 989 2422 1062 4.]
2459 991 2565 1057 Qui
2608 999 2780 1046 totam
2828 990 3012 1045 mundi
3047 987 3320 1044 fabricam
3369 1001 3465 1042 sex
3508 984 3707 1039 diebus

447 1073 699 1142 perfecit,
731 1074 876 1130 lente
908 1075 975 1129 ad
1015 1077 1181 1131 unius
1208 1077 1450 1132 civitatis
1473 1077 1822 1132 eversionem
1845 1075 2088 1131 bonitate
2127 1076 2426 1146 impeditus
2467 1079 2807 1148 aggreditur.
2833 1076 2954 1133 Non
2982 1077 3130 1131 enim
3171 1076 3372 1130 virium
3415 1072 3711 1128 imbecilli-

446 1169 558 1215 tate
587 1175 710 1217 esse
744 1162 948 1216 factum
975 1164 1240 1233 propheta
1271 1172 1526 1228 testatur,
1549 1164 1616 1217 ad
1650 1164 1826 1233 ipsum
1855 1164 2045 1220 dicens
2082 1181 2096 1218 :
2137 1182 2156 1216 ι
2186 1162 2244 1217 Si
2298 1165 2499 1220 eoa-lum
2537 1165 2884 1236 patefeceris,
2933 1172 3147 1218 montes
3187 1171 3391 1217 tremor
3422 1160 3500 1213 tui
3557 1159 3714 1213 inva-

447 1247 539 1302 det
565 1247 634 1302 ³⁸.
670 1269 690 1301 ι
721 1247 927 1304 Verum
961 1251 1423 1320 quemadmodum
1450 1250 1643 1306 Nlnive
1671 1251 1914 1306 triduum
1964 1249 2359 1320 resipisccntiae
2399 1249 2572 1316 dedit,
2623 1252 2698 1306 ita
2746 1252 2828 1307 his
2858 1266 3082 1322 quoque
3115 1258 3352 1320 septem.
3395 1247 3576 1318 thue
3634 1246 3712 1300 illi

445 1332 641 1388 Jonam
673 1349 979 1404 praeconem
1007 1337 1343 1402 habuerunt,
1369 1340 1448 1393 ita
1477 1337 1530 1390 hi
1568 1337 1760 1393 lisbab
1801 1337 2029 1393 habent.
2054 1338 2287 1407 Insuper
2304 1351 2437 1392 vero
2459 1353 2651 1394 omnes
2680 1346 2931 1410 portenta
2951 1353 3068 1408 quae
3086 1335 3351 1390 Dominus
3385 1332 3711 1404 designavit,

448 1422 674 1478 auribus
710 1429 1054 1492 acceperant.
1092 1424 1158 1478 At
1182 1423 1325 1479 idem
1352 1423 1445 1494 qui
1493 1422 1628 1478 dicit
1663 1442 1677 1478 :
1709 1440 1728 1477 ι
1764 1423 1881 1480 Non
1900 1425 2236 1480 scortaberis
2265 1425 2331 1488 “,
2383 1446 2401 1479 ι
2445 1443 2540 1498 per
2573 1427 2741 1485 Jusue
2784 1429 2962 1499 inquit
2997 1446 3011 1482 :
3043 1447 3059 1479 ι
3107 1423 3271 1480 Vivat
3310 1423 3508 1478 liahab
3537 1437 3716 1501 mere-

449 1511 576 1564 trix.
617 1528 636 1560 ι
667 1509 772 1576 Qui
797 1514 963 1566 etiam
986 1512 1120 1568 dicit
1152 1527 1165 1564 :
1203 1529 1222 1565 ι
1265 1512 1584 1567 Meretrices
1612 1522 1666 1566 et
1703 1511 1988 1582 publicani
2022 1527 2119 1567 vos
2140 1513 2454 1581 praecedent
2489 1516 2543 1569 in
2575 1531 2804 1587 regnum
2831 1516 3094 1571 caelorum
3129 1513 3196 1566 ⁸⁸.
3233 1530 3250 1562 ι
3286 1509 3544 1587 Praecipit
3581 1523 3709 1574 vero

453 1599 666 1653 militia:
699 1598 941 1664 idoneis,
974 1614 1181 1669 perque
1211 1609 1431 1654 montes
1462 1599 1756 1667 dispersis,
1800 1605 1863 1652 ut
1900 1597 2135 1657 Domino
2177 1601 2396 1655 obviam
2435 1603 2489 1657 in
2534 1582 2880 1659 obsidionem
2913 1601 3206 1673 prodeant.
3239 1582 3712 1666 Quemadmodum

452 1695 555 1737 nos
584 1696 807 1752 quoque
868 1697 900 1737 a
953 1681 1179 1738 Christo
1223 1697 1324 1753 per
1372 1682 1543 1738 duces
1567 1682 1742 1754 ipsius
1777 1681 2063 1752 jubemur,
2099 1697 2295 1741 contra
2330 1689 2518 1746 hostes
2553 1691 2807 1760 imperia,
2842 1705 2906 1744 ac
2934 1689 3281 1761 principatus
3306 1687 3591 1755 legemque
3659 1683 3713 1736 in

453 1787 624 1826 Carne
674 1771 990 1828 saevientem
1048 1787 1315 1846 pugnare.
1376 1766 1610 1838 Quando
1660 1780 1714 1828 et
1765 1784 1867 1828 nm
1897 1771 1950 1826 in
2000 1773 2182 1831 oculis
2213 1774 2311 1832 Dei
2358 1780 2588 1845 erimus,
2629 1794 2741 1836 non
2779 1779 2949 1834 armis
2994 1777 3236 1841 carneis,
3273 1789 3459 1831 verum
3499 1771 3716 1842 iustitia

455 1859 737 1914 instructi.
1642 1869 1654 1880 '

525 1968 678 2022 Διατί
735 1969 993 2038 σάλπιγξι
1021 1971 1357 2043 κερατίναις,
1394 1972 1491 2026 καὶ
1538 1974 1658 2038 ταῖς
1689 1971 1786 2026 τοῦ
1838 1953 2030 2045 ἰωσὴλ

2204 1975 2317 2032 Cur
2331 1993 2458 2035 vero
2477 1981 2625 2037 tubis
2638 1980 2855 2036 corneis
2882 1975 3190 2049 acjubilaeis
3209 1972 3498 2031 classicum
3517 1986 3722 2027 canere

353 2135 364 2140 _
457 2059 742 2125 σαλπίζειν
790 2059 1084 2130 culmos;
1129 2063 1249 2116 Πᾶν
1310 2061 1451 2126 ζῶον
1511 2063 1853 2135 κερασφόρον
1892 2063 2032 2118 ὅπλα

2165 2072 2343 2127 nssit?
2372 2070 2448 2125 Eo
2479 2075 2625 2144 quod
2671 2067 3000 2128 animalibus
3028 2068 3334 2140 cornigeris
3369 2080 3580 2121 cornua
3615 2078 3715 2118 an-

455 2150 570 2221 ιχει
599 2152 698 2206 καὶ
747 2155 925 2223 τεῖχος
953 2154 1020 2208 τὸ
1047 2153 1240 2224 κέρας,
1271 2154 1349 2218 ὡς
1393 2156 1489 2210 καὶ
1518 2157 1652 2227 ἡμῖν
1680 2156 1895 2226 κέραςδ
1923 2155 2038 2210 Κύ-

2157 2177 2337 2218 torum
2391 2179 2789 2234 murorumque
2841 2165 2960 2218 vice
3013 2169 3161 2218 sunt.
3231 2159 3492 2228 Adeoque
3557 2153 3720 2210 nobis

457 2261 596 2314 ριος,
627 2245 772 2299 κατὰ
800 2245 882 2311 τὸ,
911 2263 930 2298 ι
976 2246 1426 2317 ’Υπερασπιστής
1467 2264 1572 2318 μου
1597 2247 1693 2302 καὶ
1730 2248 1898 2319 κέρας
1929 2263 2038 2302 σω-

2157 2268 2312 2308 :oruu
2345 2255 2470 2311 loco
2497 2254 2766 2311 Dominus
2792 2269 2916 2311 esse
2961 2254 3140 2319 debet,
3163 2253 3319 2324 juxta
3350 2249 3482 2305 illud
3506 2266 3519 2302 :
3548 2267 3566 2299 ι
3589 2245 3721 2301 Pro-

460 2337 652 2407 τηρίας
689 2353 816 2405 μου.
847 2355 866 2388 ι
900 2365 971 2378 -—
1001 2354 1020 2389 ι
1071 2337 1161 2392 Ἐν
1190 2339 1273 2391 σοὶ
1306 2338 1435 2409 γὰρ,
1470 2340 1626 2410 φησὶ,
1653 2341 1782 2403 τούς
1812 2335 2039 2410 ἐχθροὺς

457 2426 615 2496 ἡμῶν
640 2427 1024 2499 κερατιοῦμεν.
1064 2447 1083 2480 ι
1113 2428 1235 2484 Τῶν
1263 2429 1322 2482 δὲ
1355 2431 1635 2501 μαχίμων,
1664 2431 1726 2484 οὐ
1764 2431 1872 2485 τῶν
1899 2433 2040 2486 άπο-

458 2518 870 2575 δεδειλιακότων
920 2523 1070 2577 ἐστὶν
1110 2522 1251 2576 έλεῖν
1304 2523 1408 2594 τὴν
1466 2517 1694 2594 Ἱεριχώ.
1738 2523 1878 2586 Tabe;
1940 2524 2041 2594 μὲν

461 2611 572 2680 γάρ
596 2613 926 2682 ἑρεϐίζουσι,
950 2616 1076 2678 τοὺς
1101 2615 1159 2668 δὲ
1193 2615 1598 2669 καταπτοοῦσιν
1625 2616 1684 2668 αί
1718 2614 2037 2684 σάλπιγγες,

461 2705 602 2759 ὅπλα
633 2705 858 2776 ἔχοντας
924 2707 1184 2778 σαρκικὰ.
1240 2707 1480 2761 Τοιαῦτα
1531 2707 1634 2778 τῆς
1683 2707 1946 2779 Ἱεριχοῦς
1974 2706 2043 2760 τά

463 2797 640 2867 τείχη,
696 2799 790 2853 καὶ
825 2799 1119 2854 πίπτουσιν
1151 2799 1256 2854 ὐπὸ
1301 2799 1584 2869 σάλπιγγι.
1616 2800 1726 2853 Καὶ
1756 2801 1789 2871 ή
1823 2813 2044 2871 παρεμὸ

465 2887 596 2960 ϐολὴ
627 2889 686 2944 δὲ
713 2891 808 2945 τοῦ
836 2892 1066 2963 Μαδιάμ
1092 2892 1203 2946 τῶν
1253 2899 1300 2946 τ’
1331 2892 1707 2956 σαλπιζόντων
1738 2892 2041 2961 νενίκηται.

478 2980 567 3035 Ἐν
603 2981 665 3046 ἓξ
691 2981 749 3036 δὲ
780 2983 1020 3055 ἡμέραις
1043 2984 1400 3048 σαλπίζουσιν
1421 2987 1467 3036 οῖ
1493 2984 1681 3054 ἱερεῖς.
1721 2982 1908 3036 Διόλου
1937 2982 2046 3052 γάρ

466 3070 561 3128 τοῦ
591 3071 651 3124 έν
682 3070 743 3138 ἓξ
790 3072 1029 3144 ἡμέραις
1087 3072 1286 3137 αἰῶνος
1329 3073 1380 3126 oi
1433 3074 1580 3142 ἅγιοι
1610 3071 1817 3135 πάντες
1851 3073 2047 3140 ἄφεσιν

466 3163 886 3232 ἁμαρτημάτων
913 3165 1286 3235 κηρύττουσι·
1319 3165 1480 3219 τοῦτο
1501 3165 1610 3234 γὰρ
1633 3166 1691 3218 αί
1713 3163 1808 3217 τοῦ
1859 3162 2047 3234 Ἰωϐήλ

471 3253 693 3324 ἐδήλουν
747 3254 1048 3325 σάλπιγγες
1074 3272 1089 3290 ⁶
1146 3259 1207 3312 έν
1261 3251 1306 3327 ᾧ
1330 3259 1548 3312 πάντων
1574 3258 1769 3327 ἄφεσις
1813 3257 2044 3327 γίνεται,

471 3439 932 3511 διαμαρτύρσνται
956 3439 1138 3495 τοίνυν
1155 3443 1212 3494 αί
1231 3442 1550 3510 σάλπιγγες·
1581 3459 1602 3494 t
1621 3443 2013 3513 Μετανοήσατε
2033 3459 2048 3472 ·

470 3533 670 3603 ἧγγικε
699 3532 808 3604 γάρ
831 3535 865 3603 ἡ
900 3531 1150 3602 βασιλεία
1171 3534 1282 3590 τῶν
1311 3533 1577 3604 οὐρανῶν.
1605 3552 1623 3585 ι
1653 3534 1789 3604 Περὶ
1819 3529 1889 3608 ἧς
1917 3550 2053 3604 φησι

471 3625 550 3692 τῷ
582 3621 719 3692 λαῷ,
765 3641 786 3675 ι
822 3623 1118 3677 ’Δκούσατε
1143 3623 1243 3694 τῆς
1266 3625 1451 3693 φωνῆς
1467 3623 1568 3693 τῆς
1599 3622 1929 3691 σάλπιγγος·
1959 3623 2055 3677 καὶ⁸

474 3709 658 3780 εἶπαν,
683 3715 799 3769 Οὐκ
845 3715 1212 3786 ἀκουσόμεθα.
1249 3734 1270 3768 ι
1303 3716 1414 3769 Καὶ
1448 3716 1646 3788 Ἡσαΐᾳ
1707 3715 1767 3769 δε
1809 3714 2052 3784 λέγεται,

480 3826 500 3860 ι
541 3806 627 3871 Ὠς
658 3807 922 3876 σάλπιγγι
975 3807 1192 3877 ὐψωσον
1245 3807 1346 3879 τὴν
1388 3807 1574 3877 φωνήν
1616 3823 1734 3868 σου,
1763 3809 1860 3860 καὶ
1887 3807 2057 3873 ἀνάγ-

475 3902 658 3969 γειλον
690 3901 769 3974 τῷ
799 3900 916 3973 λαῷ
945 3901 1014 3954 τά
1038 3901 1418 3972 ἁμαρτήματα
1451 3897 1653 3953 αὐτῶν.
1682 3918 1701 3951 ι
1724 3899 1835 3952 Καὶ
1864 3898 2057 3969 πρώην

480 3993 579 4064 μὲν
610 3992 760 4057 ἅπαξ
788 4009 892 4046 που
922 3993 1023 4062 τῆς
1046 3991 1265 4062 ἡμέρας
1292 3992 1555 4046 ἐκύκλουν
1585 3991 1633 4044 οἱ
1674 3990 1821 4058 ἅγιοι
1851 3991 2060 4062 κηρύτ-

476 4099 658 4147 τοντες
715 4083 888 4138 ἅπασι
953 4083 1054 4153 τῆς
1113 4083 1396 4146 εὐσεϐείας
1465 4083 1566 4154 τὴν
1623 4081 1861 4151 γνῶσιν·
1895 4085 1964 4154 τῇ
2001 4081 2059 4136 δὲ

478 4174 681 4248 ἑϐδόμῃ
739 4174 944 4247 ἡμέρᾳ,
978 4174 1226 4230 τουτέστι
1271 4177 1339 4246 τῇ
1397 4173 1684 4246 συντελείᾳ
1711 4173 1807 4228 τοῦ
1836 4174 2057 4238 αίῶνος,

480 4267 712 4343 ὲπτάκις
731 4267 1070 4334 ἐκύκλωσαν,
1115 4267 1363 4320 τουτέστι
1411 4265 1674 4330 πολλάκις
1699 4306 1714 4331 ,
1771 4265 2062 4320 ἁπόστολοί

477 4375 538 4413 τε
565 4362 660 4414 καὶ
691 4361 933 4432 μαθηταὶ
977 4361 1072 4414 τοῦ
1127 4359 1359 4430 Κυρίου,
1409 4359 1504 4413 καὶ
1553 4359 1756 4422 πάντες
1784 4359 1833 4411 oi
1863 4356 2064 4427 ἑφεξῆς

479 4455 579 4523 τῆς
620 4451 951 4522 Ἐκκλησίας
1008 4451 1322 4505 διδάσκαλοι
1394 4451 1690 4520 μετάνοιαν
1745 4450 1842 4504 καὶ
1867 4450 2063 4519 άφεσιν

483 4544 846 4616 κηρύττοντες
889 4542 970 4614 τῷ
997 4542 1135 4614 λαῷ,
1167 4537 1250 4605 οἷς
1268 4543 1316 4594 oi
1345 4541 1768 4612 μὴοπεισθέντες
1794 4540 2066 4594 ἀπολοῦνο

2139 2343 2319 2400 tector
2348 2360 2528 2412 meus,
2571 2355 2625 2401 et
2678 2361 2852 2402 cornu
2905 2344 3099 2400 salutis
3131 2359 3263 2398 mea:
3289 2342 3358 2395 ⁸⁸.
3401 2360 3506 2393 μ-
3545 2356 3562 2390 ι
3602 2335 3718 2392 Tua

2139 2438 2284 2493 enim
2318 2453 2441 2508 ope,
2467 2439 2666 2508 inquit,
2698 2436 2885 2495 hostes
2939 2435 3301 2492 retundemus
3343 2440 3564 2487 nostros
3599 2430 3664 2482 ⁸⁷.
3696 2447 3718 2479 ι

2142 2531 2411 2586 (Ζεειειυιιι
2441 2531 2828 2586 bellicosorum
2865 2544 2976 2584 non
3002 2525 3488 2583 formidolosarum
3526 2535 3723 2590 capere

2143 2628 2226 2676 est
2251 2619 2472 2676 Jericho
2501 2637 2515 2673 :
2541 2621 2664 2677 illos
2681 2621 2825 2676 enim
2879 2619 3122 2684 irritant,
3161 2617 3260 2673 hos
3309 2629 3439 2671 vero
3468 2611 3723 2666 territant

2145 2713 2236 2780 qui
2275 2727 2425 2767 arma
2456 2713 2658 2768 habent
2686 2712 2950 2768 carnalia.
2985 2707 3165 2765 Tanto
3213 2723 3342 2764 vero
3371 2706 3573 2762 mtenia
3599 2719 3725 2758 cum

2147 2805 2260 2861 sint
2292 2802 2530 2871 Jericho,
2564 2805 2704 2860 tuba:
2752 2812 2934 2859 tamen
2966 2816 3101 2860 voce
3137 2800 3449 2856 concidunt.
3477 2795 3590 2852 Nec
3617 2811 3727 2850 non

2147 2907 2329 2952 castra
2357 2895 2576 2974 Madjan
2599 2912 2696 2966 per
2716 2896 2993 2950 tubicines
3022 2900 3151 2952 sunt
3174 2893 3413 2948 devicta.
3445 2889 3578 2959 Ipsa:
3601 2903 3732 2943 vero

2141 2987 2293 3043 tuba:
2335 2987 2553 3060 signum
2584 2993 2847 3042 extrema:
2875 2986 3020 3040 tubae
3052 2993 3198 3041 sunt.
3221 2983 3342 3053 ipse
3374 2982 3521 3036 etiim
3552 2977 3732 3034 Domi-

2150 3094 2256 3133 nus
2315 3093 2438 3132 cum
2505 3077 2826 3134 hortatione
2863 3091 3107 3146 voceque
3140 3071 3477 3144 archangeli,
3505 3084 3569 3126 ac
3600 3069 3750 3124 tuba-

2152 3169 2218 3225 de
2251 3169 2392 3225 caelo
2407 3168 2722 3225 descendet.
2757 3168 2832 3224 De
2879 3183 2990 3239 qua
3011 3167 3314 3224 Zacharias
3354 3178 3576 3236 quoque
3609 3161 3685 3215 ait
3716 3178 3732 3216 :

2077 3325 2118 3380 Γ
2161 3280 2178 3312 ι
2212 3259 2481 3317 Dominus
2503 3263 2853 3331 omnipotens
2887 3262 3015 3316 tuba
3052 3261 3271 3330 clanget
3304 3259 3370 3312 ⁸³.
3415 3275 3434 3309 ι
3469 3255 3576 3310 Sex
3605 3268 3736 3308 vero

2098 3365 2121 3380 Α
2156 3353 2348 3380 AtAt“...
2382 3354 2507 3380 aut...
2529 3353 2844 3380 -........A.....-
2869 3355 2912 3380 ..ι
2934 3360 3128 3380 ...,.....ι
3171 3364 3360 3380 ,κυηηο
3380 3350 3526 3380 Anim
3559 3346 3734 3380 ωιηηιί

475 3348 566 3398 καὶ
590 3347 684 3400 επὶ
711 3349 839 3412 τούς
864 3349 1100 3414 οἰκείους
1127 3351 1332 3414 τόπους
1375 3350 1850 3414 ἀποκατάστασις.
1904 3350 2048 3420 Προ·
2077 3347 2121 3384 ¹ι

2154 3353 2350 3410 diebus
2382 3354 2511 3408 tuba
2529 3353 2846 3410 sacerdotes
2865 3355 3156 3424 clangunt,
3171 3364 3362 3406 omnes
3379 3350 3526 3404 enim
3559 3346 3736 3404 sancti

2155 3460 2253 3518 per
2289 3460 2380 3500 sex
2411 3446 2624 3501 dierum
2662 3446 2931 3501 saeculum
2967 3449 3238 3515 integrum
3263 3446 3617 3512 peccatorum
3647 3451 3739 3491 re-

2155 3537 2478 3592 missionem
2537 3536 2908 3608 promulgant.
2943 3534 3000 3589 Id
3044 3547 3283 3602 namque
3323 3529 3467 3584 tuba:
3511 3541 3738 3597 quoque

2155 3629 2390 3696 Jubilzei,
2447 3644 2557 3699 quo
2604 3626 2936 3682 universalis
2967 3623 3024 3679 fit
3060 3623 3343 3688 remissio,
3374 3634 3436 3673 ac
3467 3616 3740 3687 cujusque

2157 3719 2212 3774 in
2240 3734 2370 3774 suas
2395 3716 2554 3773 sedes
2575 3716 2879 3781 restitutio,
2915 3713 3326 3785 significabant.
3362 3707 3533 3764 Tuba;
3553 3707 3741 3775 itaque

2158 3801 2535 3880 proteStantur
2596 3819 2838 3864 mentem
2893 3805 3212 3862 mutandam
3254 3817 3420 3866 esse,
3476 3815 3542 3856 eo
3590 3798 3741 3870 quod

2161 3917 2386 3972 regnum
2413 3902 2678 3957 caelorum
2699 3915 2869 3971 prope
2893 3899 2967 3956 sit
2991 3899 3056 3952 '9.
3079 3896 3152 3952 De
3174 3913 3280 3968 qua
3304 3896 3511 3968 p0pulo
3542 3896 3736 3951 edicit:

2166 4014 2185 4048 ι
2223 3993 2418 4049 Audite
2445 4007 2631 4047 vocem
2660 3993 2818 4048 tubae.
2843 3991 2943 4046 Cui
2993 3989 3401 4062 responderunt
3436 4007 3449 4044 :
3484 3987 3604 4044 Non
3639 4004 3741 4044 au-

2161 4087 2382 4142 diemus
2419 4085 2488 4138 “.
2532 4105 2550 4136 ι
2577 4083 2733 4139 Isaiae
2760 4084 2889 4140 item
2916 4083 3118 4138 dicitur
3150 4100 3164 4137 :
3209 4099 3226 4134 ι
3267 4083 3449 4137 lnslar
3482 4080 3626 4136 tuba:
3651 4095 3746 4136 vo—

2163 4191 2282 4232 cent
2314 4186 2460 4231 tuam
2488 4173 2641 4242 effer,
2669 4184 2722 4230 et
2741 4175 2947 4246 populo
2969 4184 3193 4246 peccata
3220 4189 3318 4230 sua
3351 4173 3610 4228 denuntia
3640 4173 3740 4225 ⁸⁸.»

2162 4269 2243 4324 Ac
2295 4269 2458 4340 paulo
2490 4279 2617 4323 ante
2655 4266 2875 4339 quidem
2910 4267 3080 4322 semel
3121 4267 3175 4321 in
3207 4265 3298 4320 die
3335 4263 3742 4320 circumierunt

2166 4362 2362 4423 sancti,
2396 4360 2768 4429 omnibusque
2818 4359 3038 4428 pictatis
3079 4357 3448 4428 cognitionem
3480 4353 3744 4425 praedica-

2167 4461 2312 4507 runt.
2336 4451 2583 4522 Septimo
2611 4466 2741 4506 vero
2766 4449 2875 4517 die,
2909 4449 3013 4503 hoc
3032 4457 3115 4504 est
3136 4454 3298 4502 astate
3315 4456 3505 4502 exacta
3525 4445 3746 4515 septies,

2167 4547 2271 4601 hoc
2303 4553 2408 4610 est,
2438 4557 2816 4615 saepenumero
2851 4539 3089 4612 apostoli
3113 4555 3176 4596 ac
3208 4539 3468 4610 discipuli
3511 4540 3748 4604 Domini,

480 4653 574 4691 ται
607 4635 752 4690 κατὰ
771 4635 1062 4708 τὴνιπόλιν
1116 4632 1347 4706 Ἱεριχὼ,
1397 4633 1570 4689 τύπον
1594 4635 1695 4704 τῆς
1758 4634 2057 4698 συντελείας

2176 4652 2477 4707 omnesque
2533 4633 2794 4703 deinceps
2843 4633 3108 4689 Ecclesiae
3140 4633 3392 4703 magistri
3424 4629 3754 4686 circumire-

483 4729 731 4799 ὑπάρχου
740 4745 861 4784 σαν.

2179 4737 2340 4794 runt,
2393 4742 2458 4781 ac
2515 4724 2995 4794 resipiscentiam,
3039 4723 3534 4793 remissioncmque
3588 4717 3753 4792 487

485 4823 685 4893 populo
711 4818 1347 4889 renuntiarunt:quibus
1375 4818 1467 4888 qui
1504 4830 1696 4888 parere
1723 4828 2079 4887 recusarunt,
2147 4819 2300 4876 urbis
2359 4815 2605 4879 Jericho,
2655 4829 2777 4886 qua:
2841 4811 3234 4870 internecibnis
3282 4822 3369 4870 est
3415 4813 3762 4882 exemplum,

489 4929 721 4990 pereunt
749 4919 945 4972 instar.

556 5033 631 5088 Τδ
663 5032 954 5098 ἀλαλάζειν
1002 5031 1094 5085 τὸν
1120 5031 1271 5094 λαὸν,
1325 5031 1552 5100 σημεῖον
1592 5028 1685 5082 τοῦ
1725 5030 1852 5094 τούς
1881 5029 2072 5100 ἁγίους

487 5123 925 5194 ἀναγγέλλοντας
968 5120 1455 5192 ὲπευφραίνεσθαι,
1509 5120 1604 5172 καὶ
1671 5119 2070 5192 διηγουμένους

487 5216 556 5268 τὰ
610 5213 874 5286 μεγαλεῖα
926 5214 1022 5270 τοῦ
1079 5213 1239 5281 Θεοῦ,
1296 5211 1392 5266 καὶ
1432 5210 1592 5282 νίκην
1630 5211 1730 5280 τὴν
1761 5212 1908 5265 κατὰ
1959 5211 2073 5266 τῶν

489 5314 584 5385 ὲχθ
593 5313 724 5384 ρῶν.

561 5407 635 5460 Τὸ
657 5406 1006 5480 προδαδίζειν
1042 5403 1142 5475 τῆς
1199 5399 1442 5459 κιϐωτοῦ
1490 5400 1619 5464 τοὺς
1668 5399 1964 5469 μαχίμους,
2012 5399 2072 5452 τὸ

489 5499 709 5570 ἕτοιμον
741 5499 986 5552 δείκνυσι
1017 5498 1110 5554 καλ⁸
1134 5497 1244 5548 τῶν
1297 5495 1470 5566 ἁγίων
1493 5491 1552 5546 τὺ
1577 5491 1861 5562 πρόθυμον
1881 5508 1894 5522 ·
1929 5491 1988 5543 τὸ
2017 5490 2074 5543 δὲ

489 5592 589 5665 τὴν
645 5591 916 5664 οὐραγίαν
967 5588 1306 5656 ἀκολουθεῖν,
1353 5587 1416 5641 τὸ
1447 5585 1652 5658 μηδένα
1697 5583 1808 5637 δεῖν
1849 5581 1950 5654 τῆς
1975 5581 2074 5637 τοῦ

562 5772 610 5805 ⁸³
651 5773 756 5829 lsa.
785 5787 932 5832 uiv,
961 5771 1016 5825 l.
1091 5769 1137 5802 “
1159 5768 1333 5825 Exod.
1370 5785 1459 5827 xx.
1496 5769 1580 5822 Η.
1668 5766 1712 5801 ⁸⁵
1739 5764 1932 5820 Matth.
1965 5779 2054 5816 xxi

2157 5759 2196 5814 Ι.
2275 5757 2320 5832 δέ
2356 5755 2502 5813 Psal.
2531 5755 2732 5820 xvu,3-

2255 5027 2446 5098 Populi
2471 5039 2637 5097 porro
2659 5023 2870 5096 jubilus
2891 5031 3116 5078 sanctos
3150 5018 3390 5074 laetitiam
3417 5015 3754 5074 renuntiare.

2181 5139 2244 5180 ac
2268 5119 2362 5178 Dei
2392 5119 2856 5192 magnificentiam
2891 5125 3326 5172 commemorare
3351 5111 3578 5166 indicat.

2253 5393 2410 5461 Quod
2481 5407 2616 5447 vero
2679 5387 2927 5445 bellicosi
2976 5396 3105 5442 ante
3177 5397 3364 5440 arcam
3437 5379 3765 5436 incedebant

2179 5484 2625 5558 promptitudinis
2649 5481 2919 5536 indicium
2943 5486 3048 5544 est,
3081 5491 3143 5533 ac
3181 5475 3409 5531 fortium
3437 5473 3770 5530 alacritatis.

2179 5579 2240 5635 lu
2270 5577 2448 5633 cauda
2477 5575 2607 5630 item
2637 5571 2926 5643 consequi,
2957 5570 3231 5626 neminem
3292 5567 3387 5622 Dei
3435 5565 3609 5621 aciem
3673 5565 3764 5620 de-

2848 5747 2894 5779 ³⁷
2926 5746 3069 5805 Psal.
3104 5763 3254 5813 xuii,
3292 5745 3344 5801 6.
3451 5739 3496 5774 ⁸⁸
3532 5740 3761 5795 lat-har.

495 5859 569 5910 Ix,
609 5845 693 5899 lii.
768 5843 814 5877 ”
850 5829 1042 5897 Matth.
1080 5843 1240 5909 "1,2.
1317 5837 1586 5894 "Jerem.
1623 5853 1695 5904 vt,
1732 5837 1816 5891 l7.
1893 5836 1934 5866 ⁹¹
1979 5832 2057 5888 lsa

2157 5845 2264 5895 vui,
2303 5829 2348 5882 l.
