  <div class='ocr_page' id='page_1' title='image "/cluster/home/n/w/nwhite01/storage/ocr_20150623/87 pt.1/mdp.39015032856539/537.png"; bbox 0 0 4018 6230; ppageno 0'>
   <div class='ocr_carea' id='block_1_1' title="bbox 333 297 468 362">
    <p class='ocr_par' dir='ltr' id='par_1_1' title="bbox 333 297 468 362">
     <span class='ocr_line' id='line_1_1' title="bbox 333 297 468 362; baseline -0.015 0"><span class='ocrx_word' id='word_1_1' title='bbox 333 297 468 362; x_wconf 73' lang='lat'><strong>1015</strong></span> 
     </span>
    </p>
   </div>
   <div class='ocr_carea' id='block_1_2' title="bbox 1619 295 2262 361">
    <p class='ocr_par' dir='ltr' id='par_1_2' title="bbox 1619 295 2262 361">
     <span class='ocr_line' id='line_1_2' title="bbox 1619 295 2262 361; baseline -0.005 -2"><span class='ocrx_word' id='word_1_2' title='bbox 1619 297 1975 361; x_wconf 85' lang='lat' dir='ltr'><strong>PROCOPII</strong></span> <span class='ocrx_word' id='word_1_3' title='bbox 2015 295 2262 358; x_wconf 60' lang='lat' dir='ltr'><strong>GAZZEI</strong></span> 
     </span>
    </p>
   </div>
   <div class='ocr_carea' id='block_1_3' title="bbox 3439 283 3587 348">
    <p class='ocr_par' dir='ltr' id='par_1_3' title="bbox 3439 283 3587 348">
     <span class='ocr_line' id='line_1_3' title="bbox 3439 283 3587 348; baseline 0.007 -1"><span class='ocrx_word' id='word_1_4' title='bbox 3439 283 3587 348; x_wconf 76' lang='lat'><strong>1016</strong></span> 
     </span>
    </p>
   </div>
   <div class='ocr_carea' id='block_1_4' title="bbox 327 398 1924 482">
    <p class='ocr_par' dir='ltr' id='par_1_4' title="bbox 327 409 1901 482">
     <span class='ocr_line' id='line_1_4' title="bbox 327 409 1901 482; baseline 0.001 -17"><span class='ocrx_word' id='word_1_5' title='bbox 327 414 453 465; x_wconf 85' lang='lat' dir='ltr'><strong>bere</strong></span> <span class='ocrx_word' id='word_1_6' title='bbox 487 412 765 480; x_wconf 80' lang='lat' dir='ltr'><strong>deserere,</strong></span> <span class='ocrx_word' id='word_1_7' title='bbox 821 426 1011 467; x_wconf 81' lang='lat' dir='ltr'><strong>verum</strong></span> <span class='ocrx_word' id='word_1_8' title='bbox 1067 425 1168 482; x_wconf 91' lang='lat' dir='ltr'><strong>pro</strong></span> <span class='ocrx_word' id='word_1_9' title='bbox 1226 411 1374 466; x_wconf 80' lang='lat' dir='ltr'><strong>virili</strong></span> <span class='ocrx_word' id='word_1_10' title='bbox 1436 409 1684 466; x_wconf 78' lang='lat' dir='ltr'><strong>adversis</strong></span> <span class='ocrx_word' id='word_1_11' title='bbox 1723 411 1901 481; x_wconf 89' lang='lat' dir='ltr'><strong>c0piis</strong></span> 
     </span>
    </p>
   </div>
   <div class='ocr_carea' id='block_1_5' title="bbox 2025 398 3586 482">
    <p class='ocr_par' dir='ltr' id='par_1_5' title="bbox 2025 398 3586 480">
     <span class='ocr_line' id='line_1_5' title="bbox 2025 398 3586 480; baseline -0.007 -18"><span class='ocrx_word' id='word_1_12' title='bbox 2025 409 2138 463; x_wconf 66' lang='grc' dir='ltr'><strong>Ξεοῦ</strong></span> <span class='ocrx_word' id='word_1_13' title='bbox 2182 407 2546 480; x_wconf 79' lang='grc' dir='ltr'><strong>παρατάξεως</strong></span> <span class='ocrx_word' id='word_1_14' title='bbox 2603 402 3020 469; x_wconf 82' lang='grc' dir='ltr'><strong>ἀπολείπεσθαι,</strong></span> <span class='ocrx_word' id='word_1_15' title='bbox 3069 401 3210 457; x_wconf 86' lang='grc' dir='ltr'><strong>κατά</strong></span> <span class='ocrx_word' id='word_1_16' title='bbox 3255 398 3498 470; x_wconf 78' lang='grc' dir='ltr'><strong>δύναμιν</strong></span> <span class='ocrx_word' id='word_1_17' title='bbox 3529 399 3586 451; x_wconf 74' lang='grc' dir='ltr'><strong>δὲ</strong></span> 
     </span>
    </p>
   </div>
   <div class='ocr_carea' id='block_1_6' title="bbox 327 491 1924 570">
    <p class='ocr_par' dir='ltr' id='par_1_6' title="bbox 327 502 1902 570">
     <span class='ocr_line' id='line_1_6' title="bbox 327 502 1902 570; baseline 0.001 -13"><span class='ocrx_word' id='word_1_18' title='bbox 327 502 603 567; x_wconf 76' lang='lat' dir='ltr'><strong>resistere,</strong></span> <span class='ocrx_word' id='word_1_19' title='bbox 628 504 742 559; x_wconf 91' lang='lat' dir='ltr'><strong>sive</strong></span> <span class='ocrx_word' id='word_1_20' title='bbox 764 504 819 558; x_wconf 89' lang='lat' dir='ltr'><strong>in</strong></span> <span class='ocrx_word' id='word_1_21' title='bbox 846 503 1033 560; x_wconf 89' lang='lat' dir='ltr'><strong>eadem</strong></span> <span class='ocrx_word' id='word_1_22' title='bbox 1065 512 1212 558; x_wconf 79' lang='lat' dir='ltr'><strong>Stent</strong></span> <span class='ocrx_word' id='word_1_23' title='bbox 1237 503 1379 570; x_wconf 86' lang='lat' dir='ltr'><strong>acie,</strong></span> <span class='ocrx_word' id='word_1_24' title='bbox 1401 503 1522 560; x_wconf 85' lang='lat' dir='ltr'><strong>sive</strong></span> <span class='ocrx_word' id='word_1_25' title='bbox 1553 502 1902 559; x_wconf 75' lang='lat' dir='ltr'><strong>decertantes</strong></span> 
     </span>
    </p>
   </div>
   <div class='ocr_carea' id='block_1_7' title="bbox 2025 491 3586 570">
    <p class='ocr_par' dir='ltr' id='par_1_7' title="bbox 2025 491 3586 564">
     <span class='ocr_line' id='line_1_7' title="bbox 2025 491 3586 564; baseline -0.009 -9"><span class='ocrx_word' id='word_1_26' title='bbox 2025 501 2211 564; x_wconf 75' lang='grc' dir='ltr'><strong>πάντας</strong></span> <span class='ocrx_word' id='word_1_27' title='bbox 2237 496 2594 553; x_wconf 87' lang='grc' dir='ltr'><strong>ἀνθίστασθαι</strong></span> <span class='ocrx_word' id='word_1_28' title='bbox 2619 498 2738 557; x_wconf 82' lang='grc' dir='ltr'><strong>ταῖς</strong></span> <span class='ocrx_word' id='word_1_29' title='bbox 2790 493 3192 563; x_wconf 76' lang='grc' dir='ltr'><strong>ἀντικειμέναις</strong></span> <span class='ocrx_word' id='word_1_30' title='bbox 3241 491 3549 561; x_wconf 83' lang='grc' dir='ltr'><strong>δυνάμεσιν</strong></span> <span class='ocrx_word' id='word_1_31' title='bbox 3567 530 3586 555; x_wconf 90' lang='grc'><strong>,</strong></span> 
     </span>
    </p>
   </div>
   <div class='ocr_carea' id='block_1_8' title="bbox 327 602 658 664">
    <p class='ocr_par' dir='ltr' id='par_1_8' title="bbox 327 602 658 664">
     <span class='ocr_line' id='line_1_8' title="bbox 327 602 658 664; baseline 0.003 -17"><span class='ocrx_word' id='word_1_32' title='bbox 327 602 658 664; x_wconf 76' lang='lat' dir='ltr'><strong>sequantur.</strong></span> 
     </span>
    </p>
   </div>
   <div class='ocr_carea' id='block_1_9' title="bbox 399 770 1905 842">
    <p class='ocr_par' dir='ltr' id='par_1_9' title="bbox 399 770 1905 842">
     <span class='ocr_line' id='line_1_9' title="bbox 399 770 1905 842; baseline 0.003 -18"><span class='ocrx_word' id='word_1_33' title='bbox 399 770 532 824; x_wconf 87' lang='lat' dir='ltr'><strong>Cum</strong></span> <span class='ocrx_word' id='word_1_34' title='bbox 564 784 690 825; x_wconf 86' lang='lat' dir='ltr'><strong>vero</strong></span> <span class='ocrx_word' id='word_1_35' title='bbox 736 770 874 824; x_wconf 85' lang='lat' dir='ltr'><strong>nihil</strong></span> <span class='ocrx_word' id='word_1_36' title='bbox 926 771 1108 826; x_wconf 89' lang='lat' dir='ltr'><strong>vivum</strong></span> <span class='ocrx_word' id='word_1_37' title='bbox 1169 778 1252 826; x_wconf 84' lang='lat' dir='ltr'><strong>est</strong></span> <span class='ocrx_word' id='word_1_38' title='bbox 1308 770 1658 842; x_wconf 87' lang='lat' dir='ltr'><strong>capiendum,</strong></span> <span class='ocrx_word' id='word_1_39' title='bbox 1709 772 1905 842; x_wconf 87' lang='lat' dir='ltr'><strong>impios</strong></span> 
     </span>
    </p>
   </div>
   <div class='ocr_carea' id='block_1_10' title="bbox 332 861 1393 931">
    <p class='ocr_par' dir='ltr' id='par_1_10' title="bbox 332 861 1393 931">
     <span class='ocr_line' id='line_1_10' title="bbox 332 861 1393 931; baseline 0 -15"><span class='ocrx_word' id='word_1_40' title='bbox 332 861 576 916; x_wconf 79' lang='lat' dir='ltr'><strong>funditus</strong></span> <span class='ocrx_word' id='word_1_41' title='bbox 615 861 926 931; x_wconf 85' lang='lat' dir='ltr'><strong>perdendos</strong></span> <span class='ocrx_word' id='word_1_42' title='bbox 948 878 1072 918; x_wconf 88' lang='lat' dir='ltr'><strong>esse</strong></span> <span class='ocrx_word' id='word_1_43' title='bbox 1096 862 1393 917; x_wconf 89' lang='lat' dir='ltr'><strong>indicatur.</strong></span> 
     </span>
    </p>
   </div>
   <div class='ocr_carea' id='block_1_11' title="bbox 403 953 1904 1025">
    <p class='ocr_par' dir='ltr' id='par_1_11' title="bbox 403 953 1904 1025">
     <span class='ocr_line' id='line_1_11' title="bbox 403 953 1904 1025; baseline 0.001 -18"><span class='ocrx_word' id='word_1_44' title='bbox 403 953 468 1007; x_wconf 85' lang='lat' dir='ltr'><strong>In</strong></span> <span class='ocrx_word' id='word_1_45' title='bbox 497 955 845 1025; x_wconf 80' lang='lat' dir='ltr'><strong>primogenito</strong></span> <span class='ocrx_word' id='word_1_46' title='bbox 871 972 966 1009; x_wconf 82' lang='lat' dir='ltr'><strong>suo</strong></span> <span class='ocrx_word' id='word_1_47' title='bbox 985 956 1392 1025; x_wconf 82' lang='lat' dir='ltr'><strong>fundamentum</strong></span> <span class='ocrx_word' id='word_1_48' title='bbox 1431 957 1548 1024; x_wconf 83' lang='lat' dir='ltr'><strong>ejus</strong></span> <span class='ocrx_word' id='word_1_49' title='bbox 1564 955 1754 1022; x_wconf 82' lang='lat' dir='ltr'><strong>jaciet,</strong></span> <span class='ocrx_word' id='word_1_50' title='bbox 1778 965 1827 1009; x_wconf 86' lang='lat' dir='ltr'><strong>et</strong></span> <span class='ocrx_word' id='word_1_51' title='bbox 1850 957 1904 1009; x_wconf 80' lang='lat' dir='ltr'><strong>in</strong></span> 
     </span>
    </p>
   </div>
   <div class='ocr_carea' id='block_1_12' title="bbox 331 1045 1905 1118">
    <p class='ocr_par' dir='ltr' id='par_1_12' title="bbox 331 1045 1905 1118">
     <span class='ocr_line' id='line_1_12' title="bbox 331 1045 1905 1118; baseline 0.002 -21"><span class='ocrx_word' id='word_1_52' title='bbox 331 1045 546 1099; x_wconf 82' lang='lat' dir='ltr'><strong>minimo</strong></span> <span class='ocrx_word' id='word_1_53' title='bbox 561 1061 655 1099; x_wconf 81' lang='lat' dir='ltr'><strong>suo</strong></span> <span class='ocrx_word' id='word_1_54' title='bbox 686 1046 968 1100; x_wconf 82' lang='lat' dir='ltr'><strong>collocabit</strong></span> <span class='ocrx_word' id='word_1_55' title='bbox 988 1055 1168 1115; x_wconf 85' lang='lat' dir='ltr'><strong>portas</strong></span> <span class='ocrx_word' id='word_1_56' title='bbox 1199 1047 1329 1115; x_wconf 79' lang='lat' dir='ltr'><strong>ejus.</strong></span> <span class='ocrx_word' id='word_1_57' title='bbox 1357 1045 1474 1118; x_wconf 75' lang='lat' dir='ltr'><strong>[VL</strong></span> <span class='ocrx_word' id='word_1_58' title='bbox 1515 1045 1637 1118; x_wconf 71' lang='lat'><strong>26.]</strong></span> <span class='ocrx_word' id='word_1_59' title='bbox 1660 1045 1773 1101; x_wconf 84' lang='lat' dir='ltr'><strong>Hoc</strong></span> <span class='ocrx_word' id='word_1_60' title='bbox 1803 1058 1905 1112; x_wconf 90' lang='lat' dir='ltr'><strong>est,</strong></span> 
     </span>
    </p>
   </div>
   <div class='ocr_carea' id='block_1_13' title="bbox 337 1137 1906 1207">
    <p class='ocr_par' dir='ltr' id='par_1_13' title="bbox 337 1137 1906 1207">
     <span class='ocr_line' id='line_1_13' title="bbox 337 1137 1906 1207; baseline 0.002 -18"><span class='ocrx_word' id='word_1_61' title='bbox 337 1137 381 1189; x_wconf 92' lang='lat' dir='ltr'><strong>si</strong></span> <span class='ocrx_word' id='word_1_62' title='bbox 419 1137 544 1205; x_wconf 88' lang='lat' dir='ltr'><strong>quis</strong></span> <span class='ocrx_word' id='word_1_63' title='bbox 610 1138 874 1207; x_wconf 78' lang='lat' dir='ltr'><strong>inceperit</strong></span> <span class='ocrx_word' id='word_1_64' title='bbox 931 1138 1134 1192; x_wconf 90' lang='lat' dir='ltr'><strong>liberos</strong></span> <span class='ocrx_word' id='word_1_65' title='bbox 1192 1137 1481 1192; x_wconf 88' lang='lat' dir='ltr'><strong>inhumare</strong></span> <span class='ocrx_word' id='word_1_66' title='bbox 1528 1137 1746 1191; x_wconf 87' lang='lat' dir='ltr'><strong>interim</strong></span> <span class='ocrx_word' id='word_1_67' title='bbox 1777 1137 1906 1192; x_wconf 90' lang='lat' dir='ltr'><strong>dum</strong></span> 
     </span>
    </p>
   </div>
   <div class='ocr_carea' id='block_1_14' title="bbox 335 1225 1911 1298">
    <p class='ocr_par' dir='ltr' id='par_1_14' title="bbox 335 1225 1911 1298">
     <span class='ocr_line' id='line_1_14' title="bbox 335 1225 1911 1298; baseline 0.003 -20"><span class='ocrx_word' id='word_1_68' title='bbox 335 1225 753 1281; x_wconf 80' lang='lat' dir='ltr'><strong>fundamentum</strong></span> <span class='ocrx_word' id='word_1_69' title='bbox 787 1227 954 1283; x_wconf 76' lang='lat' dir='ltr'><strong>fuerit</strong></span> <span class='ocrx_word' id='word_1_70' title='bbox 1005 1229 1238 1298; x_wconf 88' lang='lat' dir='ltr'><strong>jactum,</strong></span> <span class='ocrx_word' id='word_1_71' title='bbox 1277 1226 1494 1281; x_wconf 88' lang='lat' dir='ltr'><strong>tandem</strong></span> <span class='ocrx_word' id='word_1_72' title='bbox 1527 1228 1690 1282; x_wconf 85' lang='lat' dir='ltr'><strong>etiam</strong></span> <span class='ocrx_word' id='word_1_73' title='bbox 1730 1236 1911 1283; x_wconf 73' lang='lat' dir='ltr'><strong>extre-</strong></span> 
     </span>
    </p>
   </div>
   <div class='ocr_carea' id='block_1_15' title="bbox 337 1317 1910 1379">
    <p class='ocr_par' dir='ltr' id='par_1_15' title="bbox 337 1317 1910 1379">
     <span class='ocr_line' id='line_1_15' title="bbox 337 1317 1910 1379; baseline 0.004 -11"><span class='ocrx_word' id='word_1_74' title='bbox 337 1332 484 1371; x_wconf 86' lang='lat' dir='ltr'><strong>mum</strong></span> <span class='ocrx_word' id='word_1_75' title='bbox 508 1331 698 1379; x_wconf 90' lang='lat' dir='ltr'><strong>eorum</strong></span> <span class='ocrx_word' id='word_1_76' title='bbox 726 1319 1055 1374; x_wconf 83' lang='lat' dir='ltr'><strong>inhumabit.</strong></span> <span class='ocrx_word' id='word_1_77' title='bbox 1099 1317 1274 1373; x_wconf 90' lang='lat' dir='ltr'><strong>Porro</strong></span> <span class='ocrx_word' id='word_1_78' title='bbox 1329 1333 1530 1373; x_wconf 75' lang='lat' dir='ltr'><strong>eversae</strong></span> <span class='ocrx_word' id='word_1_79' title='bbox 1582 1320 1703 1373; x_wconf 87' lang='lat' dir='ltr'><strong>loco</strong></span> <span class='ocrx_word' id='word_1_80' title='bbox 1747 1321 1910 1374; x_wconf 88' lang='lat' dir='ltr'><strong>aliam</strong></span> 
     </span>
    </p>
   </div>
   <div class='ocr_carea' id='block_1_16' title="bbox 338 1407 1914 1480">
    <p class='ocr_par' dir='ltr' id='par_1_16' title="bbox 338 1407 1914 1480">
     <span class='ocr_line' id='line_1_16' title="bbox 338 1407 1914 1480; baseline 0.003 -20"><span class='ocrx_word' id='word_1_81' title='bbox 338 1407 579 1462; x_wconf 82' lang='lat' dir='ltr'><strong>radicem</strong></span> <span class='ocrx_word' id='word_1_82' title='bbox 623 1408 739 1463; x_wconf 88' lang='lat' dir='ltr'><strong>lliel</strong></span> <span class='ocrx_word' id='word_1_83' title='bbox 770 1409 1068 1465; x_wconf 88' lang='lat' dir='ltr'><strong>Bethelites</strong></span> <span class='ocrx_word' id='word_1_84' title='bbox 1101 1409 1168 1464; x_wconf 87' lang='lat' dir='ltr'><strong>de</strong></span> <span class='ocrx_word' id='word_1_85' title='bbox 1214 1411 1360 1464; x_wconf 85' lang='lat' dir='ltr'><strong>tribu</strong></span> <span class='ocrx_word' id='word_1_86' title='bbox 1393 1410 1652 1480; x_wconf 87' lang='lat' dir='ltr'><strong>Ephraim</strong></span> <span class='ocrx_word' id='word_1_87' title='bbox 1679 1413 1914 1466; x_wconf 87' lang='lat' dir='ltr'><strong>suscita-</strong></span> 
     </span>
    </p>
   </div>
   <div class='ocr_carea' id='block_1_17' title="bbox 337 1497 1912 1571">
    <p class='ocr_par' dir='ltr' id='par_1_17' title="bbox 337 1497 1912 1571">
     <span class='ocr_line' id='line_1_17' title="bbox 337 1497 1912 1571; baseline 0.005 -22"><span class='ocrx_word' id='word_1_88' title='bbox 337 1497 438 1562; x_wconf 87' lang='lat' dir='ltr'><strong>vit,</strong></span> <span class='ocrx_word' id='word_1_89' title='bbox 464 1513 626 1568; x_wconf 88' lang='lat' dir='ltr'><strong>quam</strong></span> <span class='ocrx_word' id='word_1_90' title='bbox 666 1498 931 1554; x_wconf 82' lang='lat' dir='ltr'><strong>Dominus</strong></span> <span class='ocrx_word' id='word_1_91' title='bbox 985 1499 1145 1555; x_wconf 79' lang='lat' dir='ltr'><strong>Jesus</strong></span> <span class='ocrx_word' id='word_1_92' title='bbox 1185 1501 1443 1557; x_wconf 86' lang='lat' dir='ltr'><strong>Christus</strong></span> <span class='ocrx_word' id='word_1_93' title='bbox 1478 1517 1581 1557; x_wconf 90' lang='lat' dir='ltr'><strong>sua</strong></span> <span class='ocrx_word' id='word_1_94' title='bbox 1623 1504 1912 1571; x_wconf 81' lang='lat' dir='ltr'><strong>praesentia</strong></span> 
     </span>
    </p>
   </div>
   <div class='ocr_carea' id='block_1_18' title="bbox 338 1589 1914 1658">
    <p class='ocr_par' dir='ltr' id='par_1_18' title="bbox 338 1589 1914 1658">
     <span class='ocr_line' id='line_1_18' title="bbox 338 1589 1914 1658; baseline 0.004 -18"><span class='ocrx_word' id='word_1_95' title='bbox 338 1589 714 1658; x_wconf 83' lang='lat' dir='ltr'><strong>estdignatus.</strong></span> <span class='ocrx_word' id='word_1_96' title='bbox 740 1590 786 1642; x_wconf 84' lang='lat' dir='ltr'><strong>A</strong></span> <span class='ocrx_word' id='word_1_97' title='bbox 825 1589 1089 1646; x_wconf 75' lang='lat' dir='ltr'><strong>Romanis</strong></span> <span class='ocrx_word' id='word_1_98' title='bbox 1131 1605 1264 1644; x_wconf 89' lang='lat' dir='ltr'><strong>vero</strong></span> <span class='ocrx_word' id='word_1_99' title='bbox 1299 1591 1368 1646; x_wconf 91' lang='lat' dir='ltr'><strong>ob</strong></span> <span class='ocrx_word' id='word_1_100' title='bbox 1408 1591 1780 1646; x_wconf 78' lang='lat' dir='ltr'><strong>inﬁdelitatem</strong></span> <span class='ocrx_word' id='word_1_101' title='bbox 1813 1592 1914 1647; x_wconf 89' lang='lat' dir='ltr'><strong>hac</strong></span> 
     </span>
    </p>
   </div>
   <div class='ocr_carea' id='block_1_19' title="bbox 2002 580 3592 664">
    <p class='ocr_par' dir='ltr' id='par_1_19' title="bbox 2002 580 3592 664">
     <span class='ocr_line' id='line_1_19' title="bbox 2002 580 3592 664; baseline -0.01 -17"><span class='ocrx_word' id='word_1_102' title='bbox 2002 589 2597 664; x_wconf 82' lang='grc' dir='ltr'><strong>ἢπαραταττομένους,</strong></span> <span class='ocrx_word' id='word_1_103' title='bbox 2655 588 2710 657; x_wconf 50' lang='grc' dir='ltr'><strong>ἢκ</strong></span> <span class='ocrx_word' id='word_1_104' title='bbox 2742 588 2853 652; x_wconf 82' lang='grc' dir='ltr'><strong>τοῖς</strong></span> <span class='ocrx_word' id='word_1_105' title='bbox 2877 583 3303 656; x_wconf 78' lang='grc' dir='ltr'><strong>ἀγωνιζομένοις</strong></span> <span class='ocrx_word' id='word_1_106' title='bbox 3340 580 3592 634; x_wconf 82' lang='grc' dir='ltr'><strong>ἀκολου-</strong></span> 
     </span>
    </p>
   </div>
   <div class='ocr_carea' id='block_1_20' title="bbox 2004 683 2250 745">
    <p class='ocr_par' dir='ltr' id='par_1_20' title="bbox 2004 683 2250 745">
     <span class='ocr_line' id='line_1_20' title="bbox 2004 683 2250 745; baseline 0.008 -11"><span class='ocrx_word' id='word_1_107' title='bbox 2004 683 2250 745; x_wconf 87' lang='grc' dir='ltr'><strong>θοῦντας.</strong></span> 
     </span>
    </p>
   </div>
   <div class='ocr_carea' id='block_1_21' title="bbox 2075 763 3591 845">
    <p class='ocr_par' dir='ltr' id='par_1_21' title="bbox 2075 763 3591 845">
     <span class='ocr_line' id='line_1_21' title="bbox 2075 763 3591 845; baseline -0.009 -17"><span class='ocrx_word' id='word_1_108' title='bbox 2075 773 2150 827; x_wconf 84' lang='grc' dir='ltr'>Τὸ</span> <span class='ocrx_word' id='word_1_109' title='bbox 2175 774 2336 845; x_wconf 84' lang='grc' dir='ltr'><strong>μηδὲν</strong></span> <span class='ocrx_word' id='word_1_110' title='bbox 2394 773 2766 844; x_wconf 80' lang='grc' dir='ltr'><strong>ζωγρηθῆναι,</strong></span> <span class='ocrx_word' id='word_1_111' title='bbox 2798 771 2897 843; x_wconf 74' lang='grc' dir='ltr'><strong>τὴν</strong></span> <span class='ocrx_word' id='word_1_112' title='bbox 2952 768 3192 839; x_wconf 82' lang='grc' dir='ltr'><strong>παντελῆ</strong></span> <span class='ocrx_word' id='word_1_113' title='bbox 3219 765 3329 820; x_wconf 86' lang='grc' dir='ltr'><strong>τῶν</strong></span> <span class='ocrx_word' id='word_1_114' title='bbox 3360 763 3591 820; x_wconf 85' lang='grc' dir='ltr'><strong>ἀσεϐῶν</strong></span> 
     </span>
    </p>
   </div>
   <div class='ocr_carea' id='block_1_22' title="bbox 2007 866 2581 922">
    <p class='ocr_par' dir='ltr' id='par_1_22' title="bbox 2007 866 2581 922">
     <span class='ocr_line' id='line_1_22' title="bbox 2007 866 2581 922; baseline -0.002 -1"><span class='ocrx_word' id='word_1_115' title='bbox 2007 866 2285 922; x_wconf 84' lang='grc' dir='ltr'><strong>ἀπώλειαν</strong></span> <span class='ocrx_word' id='word_1_116' title='bbox 2313 867 2581 920; x_wconf 87' lang='grc' dir='ltr'><strong>δείκνυσι.</strong></span> 
     </span>
    </p>
   </div>
   <div class='ocr_carea' id='block_1_23' title="bbox 2093 946 3590 1028">
    <p class='ocr_par' dir='ltr' id='par_1_23' title="bbox 2093 946 3590 1028">
     <span class='ocr_line' id='line_1_23' title="bbox 2093 946 3590 1028; baseline -0.011 -14"><span class='ocrx_word' id='word_1_117' title='bbox 2093 961 2196 1014; x_wconf 79' lang='grc' dir='ltr'><em>Ἐν</em></span> <span class='ocrx_word' id='word_1_118' title='bbox 2226 959 2306 1024; x_wconf 85' lang='grc' dir='ltr'><strong>τῷ</strong></span> <span class='ocrx_word' id='word_1_119' title='bbox 2335 959 2685 1028; x_wconf 81' lang='grc' dir='ltr'><strong>πρωτοτόκῳ</strong></span> <span class='ocrx_word' id='word_1_120' title='bbox 2735 955 2920 1011; x_wconf 85' lang='grc' dir='ltr'><strong>αὐτοῦ</strong></span> <span class='ocrx_word' id='word_1_121' title='bbox 2988 951 3330 1022; x_wconf 73' lang='grc' dir='ltr'><strong>θεμελιώσει</strong></span> <span class='ocrx_word' id='word_1_122' title='bbox 3358 946 3590 1012; x_wconf 79' lang='grc' dir='ltr'><strong>αὐτὴν,</strong></span> 
     </span>
    </p>
   </div>
   <div class='ocr_carea' id='block_1_24' title="bbox 2009 1039 3593 1120">
    <p class='ocr_par' dir='ltr' id='par_1_24' title="bbox 2009 1039 3593 1120">
     <span class='ocr_line' id='line_1_24' title="bbox 2009 1039 3593 1120; baseline -0.01 -14"><span class='ocrx_word' id='word_1_123' title='bbox 2009 1052 2107 1107; x_wconf 78' lang='grc' dir='ltr'><strong>καί</strong></span> <span class='ocrx_word' id='word_1_124' title='bbox 2137 1053 2207 1106; x_wconf 78' lang='grc' dir='ltr'><strong>ἐν</strong></span> <span class='ocrx_word' id='word_1_125' title='bbox 2227 1050 2308 1117; x_wconf 84' lang='grc' dir='ltr'><strong>τῷ</strong></span> <span class='ocrx_word' id='word_1_126' title='bbox 2335 1052 2638 1120; x_wconf 73' lang='grc' dir='ltr'><strong>ἐλαχίστῳ</strong></span> <span class='ocrx_word' id='word_1_127' title='bbox 2659 1048 2847 1103; x_wconf 83' lang='grc' dir='ltr'><strong>αὺτοῦ</strong></span> <span class='ocrx_word' id='word_1_128' title='bbox 2892 1044 3208 1112; x_wconf 78' lang='grc' dir='ltr'><strong>ἐπιστήσει</strong></span> <span class='ocrx_word' id='word_1_129' title='bbox 3236 1042 3345 1107; x_wconf 79' lang='grc' dir='ltr'><strong>τὰς</strong></span> <span class='ocrx_word' id='word_1_130' title='bbox 3381 1039 3593 1102; x_wconf 73' lang='grc' dir='ltr'><strong>πύλας</strong></span> 
     </span>
    </p>
   </div>
   <div class='ocr_carea' id='block_1_25' title="bbox 2009 1133 3600 1213">
    <p class='ocr_par' dir='ltr' id='par_1_25' title="bbox 2009 1133 3600 1213">
     <span class='ocr_line' id='line_1_25' title="bbox 2009 1133 3600 1213; baseline -0.012 -12"><span class='ocrx_word' id='word_1_131' title='bbox 2009 1145 2200 1213; x_wconf 79' lang='grc' dir='ltr'><strong>αὐτῆς</strong></span> <span class='ocrx_word' id='word_1_132' title='bbox 2229 1161 2243 1176; x_wconf 80' lang='grc' dir='ltr'><strong>ο</strong></span> <span class='ocrx_word' id='word_1_133' title='bbox 2279 1145 2559 1198; x_wconf 80' lang='grc' dir='ltr'><strong>τουτέστιν</strong></span> <span class='ocrx_word' id='word_1_134' title='bbox 2588 1141 2892 1212; x_wconf 85' lang='grc' dir='ltr'><strong>ἀρξάμενος</strong></span> <span class='ocrx_word' id='word_1_135' title='bbox 2920 1139 3015 1193; x_wconf 90' lang='grc' dir='ltr'><strong>τοῦ</strong></span> <span class='ocrx_word' id='word_1_136' title='bbox 3042 1138 3266 1191; x_wconf 83' lang='grc' dir='ltr'><strong>θάπτειν</strong></span> <span class='ocrx_word' id='word_1_137' title='bbox 3298 1134 3434 1196; x_wconf 80' lang='grc' dir='ltr'><strong>τοὺς</strong></span> <span class='ocrx_word' id='word_1_138' title='bbox 3463 1133 3600 1183; x_wconf 85' lang='grc' dir='ltr'><strong>παῖ-</strong></span> 
     </span>
    </p>
   </div>
   <div class='ocr_carea' id='block_1_26' title="bbox 2009 1223 3598 1308">
    <p class='ocr_par' dir='ltr' id='par_1_26' title="bbox 2009 1223 3598 1308">
     <span class='ocr_line' id='line_1_26' title="bbox 2009 1223 3598 1308; baseline -0.012 -16"><span class='ocrx_word' id='word_1_139' title='bbox 2009 1239 2106 1301; x_wconf 87' lang='grc' dir='ltr'><strong>δας</strong></span> <span class='ocrx_word' id='word_1_140' title='bbox 2141 1237 2256 1307; x_wconf 72' lang='grc' dir='ltr'><strong>ἅμα</strong></span> <span class='ocrx_word' id='word_1_141' title='bbox 2287 1235 2366 1308; x_wconf 83' lang='grc' dir='ltr'><strong>τῷ</strong></span> <span class='ocrx_word' id='word_1_142' title='bbox 2394 1233 2798 1290; x_wconf 76' lang='grc' dir='ltr'><strong>καταϐαλέσθαι</strong></span> <span class='ocrx_word' id='word_1_143' title='bbox 2849 1230 3122 1300; x_wconf 82' lang='grc' dir='ltr'><strong>θεμέλιον,</strong></span> <span class='ocrx_word' id='word_1_144' title='bbox 3169 1227 3305 1298; x_wconf 76' lang='grc' dir='ltr'><strong>πρὸς</strong></span> <span class='ocrx_word' id='word_1_145' title='bbox 3326 1225 3412 1294; x_wconf 84' lang='grc' dir='ltr'><strong>τῷ</strong></span> <span class='ocrx_word' id='word_1_146' title='bbox 3445 1223 3598 1275; x_wconf 79' lang='grc' dir='ltr'><strong>τέλει</strong></span> 
     </span>
    </p>
   </div>
   <div class='ocr_carea' id='block_1_27' title="bbox 2009 1310 3602 1398">
    <p class='ocr_par' dir='ltr' id='par_1_27' title="bbox 2009 1310 3602 1398">
     <span class='ocr_line' id='line_1_27' title="bbox 2009 1310 3602 1398; baseline -0.013 -16"><span class='ocrx_word' id='word_1_147' title='bbox 2009 1329 2102 1382; x_wconf 82' lang='grc' dir='ltr'><strong>τὸν</strong></span> <span class='ocrx_word' id='word_1_148' title='bbox 2124 1327 2350 1398; x_wconf 74' lang='grc' dir='ltr'><strong>ἔσχατον</strong></span> <span class='ocrx_word' id='word_1_149' title='bbox 2377 1324 2553 1378; x_wconf 81' lang='grc' dir='ltr'><strong>αὐτῶν</strong></span> <span class='ocrx_word' id='word_1_150' title='bbox 2580 1323 2763 1393; x_wconf 75' lang='grc' dir='ltr'><strong>θάψει.</strong></span> <span class='ocrx_word' id='word_1_151' title='bbox 2821 1320 2967 1374; x_wconf 80' lang='grc' dir='ltr'><strong>Ἀντὶ</strong></span> <span class='ocrx_word' id='word_1_152' title='bbox 3000 1319 3058 1372; x_wconf 79' lang='grc' dir='ltr'><strong>δὲ</strong></span> <span class='ocrx_word' id='word_1_153' title='bbox 3077 1317 3176 1384; x_wconf 83' lang='grc' dir='ltr'><strong>τῆς</strong></span> <span class='ocrx_word' id='word_1_154' title='bbox 3209 1310 3602 1378; x_wconf 63' lang='grc' dir='ltr'><strong>κατασκαφείη-</strong></span> 
     </span>
    </p>
   </div>
   <div class='ocr_carea' id='block_1_28' title="bbox 2015 1401 3602 1490">
    <p class='ocr_par' dir='ltr' id='par_1_28' title="bbox 2015 1401 3602 1490">
     <span class='ocr_line' id='line_1_28' title="bbox 2015 1401 3602 1490; baseline -0.007 -17"><span class='ocrx_word' id='word_1_155' title='bbox 2015 1436 2135 1490; x_wconf 87' lang='grc' dir='ltr'><strong>σης,</strong></span> <span class='ocrx_word' id='word_1_156' title='bbox 2191 1419 2386 1486; x_wconf 77' lang='grc' dir='ltr'><strong>ἑτέραν</strong></span> <span class='ocrx_word' id='word_1_157' title='bbox 2445 1417 2634 1487; x_wconf 69' lang='grc' dir='ltr'><strong>ἤγειρε</strong></span> <span class='ocrx_word' id='word_1_158' title='bbox 2685 1411 2840 1484; x_wconf 81' lang='grc' dir='ltr'><strong>ῥίζαν</strong></span> <span class='ocrx_word' id='word_1_159' title='bbox 2891 1413 2919 1464; x_wconf 99' lang='lat'><strong>6</strong></span> <span class='ocrx_word' id='word_1_160' title='bbox 2981 1411 3046 1463; x_wconf 80' lang='grc' dir='ltr'><strong>ὲκ</strong></span> <span class='ocrx_word' id='word_1_161' title='bbox 3117 1405 3323 1474; x_wconf 83' lang='grc' dir='ltr'><strong>Βαιθὴλ</strong></span> <span class='ocrx_word' id='word_1_162' title='bbox 3415 1401 3602 1470; x_wconf 77' lang='grc' dir='ltr'><strong>φυλῆς</strong></span> 
     </span>
    </p>
   </div>
   <div class='ocr_carea' id='block_1_29' title="bbox 2026 1492 3601 1580">
    <p class='ocr_par' dir='ltr' id='par_1_29' title="bbox 2026 1492 3601 1580">
     <span class='ocr_line' id='line_1_29' title="bbox 2026 1492 3601 1580; baseline -0.007 -17"><span class='ocrx_word' id='word_1_163' title='bbox 2026 1509 2284 1580; x_wconf 79' lang='grc' dir='ltr'><strong>Ἐφραῖμ.</strong></span> <span class='ocrx_word' id='word_1_164' title='bbox 2310 1508 2422 1562; x_wconf 78' lang='grc' dir='ltr'><strong>Καὶ</strong></span> <span class='ocrx_word' id='word_1_165' title='bbox 2475 1507 2504 1558; x_wconf 91' lang='lat'><strong>6</strong></span> <span class='ocrx_word' id='word_1_166' title='bbox 2557 1505 2760 1575; x_wconf 81' lang='grc' dir='ltr'><strong>Κύριος</strong></span> <span class='ocrx_word' id='word_1_167' title='bbox 2801 1502 3008 1572; x_wconf 82' lang='grc' dir='ltr'><strong>Ἰησοῦς</strong></span> <span class='ocrx_word' id='word_1_168' title='bbox 3057 1498 3291 1570; x_wconf 84' lang='grc' dir='ltr'><strong>Χριστὸς</strong></span> <span class='ocrx_word' id='word_1_169' title='bbox 3317 1495 3424 1564; x_wconf 83' lang='grc' dir='ltr'><strong>τῆς</strong></span> <span class='ocrx_word' id='word_1_170' title='bbox 3459 1492 3601 1552; x_wconf 76' lang='grc' dir='ltr'><strong>ἰδίας</strong></span> 
     </span>
    </p>
   </div>
   <div class='ocr_carea' id='block_1_30' title="bbox 2012 1587 3597 1674">
    <p class='ocr_par' dir='ltr' id='par_1_30' title="bbox 2012 1587 3597 1674">
     <span class='ocr_line' id='line_1_30' title="bbox 2012 1587 3597 1674; baseline -0.011 -19"><span class='ocrx_word' id='word_1_171' title='bbox 2012 1600 2320 1674; x_wconf 76' lang='grc' dir='ltr'><strong>παρουσίας</strong></span> <span class='ocrx_word' id='word_1_172' title='bbox 2370 1600 2593 1671; x_wconf 75' lang='grc' dir='ltr'><strong>ἠξίωσε.</strong></span> <span class='ocrx_word' id='word_1_173' title='bbox 2639 1596 3089 1667; x_wconf 78' lang='grc' dir='ltr'><strong>Καταϐληθείσης</strong></span> <span class='ocrx_word' id='word_1_174' title='bbox 3133 1593 3191 1646; x_wconf 81' lang='grc' dir='ltr'><strong>δὲ</strong></span> <span class='ocrx_word' id='word_1_175' title='bbox 3243 1590 3336 1642; x_wconf 74' lang='grc' dir='ltr'><strong>καί</strong></span> <span class='ocrx_word' id='word_1_176' title='bbox 3358 1587 3597 1653; x_wconf 80' lang='grc' dir='ltr'><strong>ταύτης,</strong></span> 
     </span>
    </p>
   </div>
   <div class='ocr_carea' id='block_1_31' title="bbox 341 1681 1924 1764">
    <p class='ocr_par' dir='ltr' id='par_1_31' title="bbox 341 1681 1916 1752">
     <span class='ocr_line' id='line_1_31' title="bbox 341 1681 1916 1752; baseline 0.004 -19"><span class='ocrx_word' id='word_1_177' title='bbox 341 1696 559 1750; x_wconf 81' lang='lat' dir='ltr'><strong>quoque</strong></span> <span class='ocrx_word' id='word_1_178' title='bbox 592 1681 832 1752; x_wconf 85' lang='lat' dir='ltr'><strong>dejecla,</strong></span> <span class='ocrx_word' id='word_1_179' title='bbox 890 1682 1055 1737; x_wconf 82' lang='lat' dir='ltr'><strong>tertio</strong></span> <span class='ocrx_word' id='word_1_180' title='bbox 1091 1683 1272 1738; x_wconf 90' lang='lat' dir='ltr'><strong>denuo</strong></span> <span class='ocrx_word' id='word_1_181' title='bbox 1311 1684 1572 1738; x_wconf 81' lang='lat' dir='ltr'><strong>surrexit.</strong></span> <span class='ocrx_word' id='word_1_182' title='bbox 1619 1681 1820 1739; x_wconf 83' lang='lat' dir='ltr'><strong>Verum</strong></span> <span class='ocrx_word' id='word_1_183' title='bbox 1851 1699 1916 1739; x_wconf 87' lang='lat' dir='ltr'><strong>ea</strong></span> 
     </span>
    </p>
   </div>
   <div class='ocr_carea' id='block_1_32' title="bbox 2025 1681 3596 1764">
    <p class='ocr_par' dir='ltr' id='par_1_32' title="bbox 2025 1681 3596 1764">
     <span class='ocr_line' id='line_1_32' title="bbox 2025 1681 3596 1764; baseline -0.011 -15"><span class='ocrx_word' id='word_1_184' title='bbox 2025 1695 2124 1749; x_wconf 71' lang='grc' dir='ltr'><strong>ὐπὸ</strong></span> <span class='ocrx_word' id='word_1_185' title='bbox 2167 1694 2454 1764; x_wconf 85' lang='grc' dir='ltr'><strong>Ῥωμαίων</strong></span> <span class='ocrx_word' id='word_1_186' title='bbox 2483 1693 2572 1745; x_wconf 88' lang='grc' dir='ltr'><strong>διά</strong></span> <span class='ocrx_word' id='word_1_187' title='bbox 2601 1693 2704 1763; x_wconf 79' lang='grc' dir='ltr'><strong>τὴν</strong></span> <span class='ocrx_word' id='word_1_188' title='bbox 2731 1690 2987 1744; x_wconf 78' lang='grc' dir='ltr'><strong>ἀπιστίαν</strong></span> <span class='ocrx_word' id='word_1_189' title='bbox 3021 1689 3086 1741; x_wconf 85' lang='grc' dir='ltr'><strong>ὲκ</strong></span> <span class='ocrx_word' id='word_1_190' title='bbox 3109 1685 3295 1756; x_wconf 88' lang='grc' dir='ltr'><strong>τρίτου</strong></span> <span class='ocrx_word' id='word_1_191' title='bbox 3326 1681 3596 1748; x_wconf 79' lang='grc' dir='ltr'><strong>συνέστη.</strong></span> 
     </span>
    </p>
   </div>
   <div class='ocr_carea' id='block_1_33' title="bbox 341 1773 1916 1840">
    <p class='ocr_par' dir='ltr' id='par_1_33' title="bbox 341 1773 1916 1840">
     <span class='ocr_line' id='line_1_33' title="bbox 341 1773 1916 1840; baseline 0.004 -16"><span class='ocrx_word' id='word_1_192' title='bbox 341 1788 576 1840; x_wconf 88' lang='lat' dir='ltr'><strong>quorum</strong></span> <span class='ocrx_word' id='word_1_193' title='bbox 611 1773 699 1827; x_wconf 90' lang='lat' dir='ltr'><strong>hic</strong></span> <span class='ocrx_word' id='word_1_194' title='bbox 732 1775 938 1828; x_wconf 86' lang='lat' dir='ltr'><strong>mentio</strong></span> <span class='ocrx_word' id='word_1_195' title='bbox 969 1774 1026 1828; x_wconf 80' lang='lat' dir='ltr'><strong>lit</strong></span> <span class='ocrx_word' id='word_1_196' title='bbox 1054 1775 1128 1828; x_wconf 89' lang='lat' dir='ltr'><strong>ita</strong></span> <span class='ocrx_word' id='word_1_197' title='bbox 1154 1775 1440 1830; x_wconf 76' lang='lat' dir='ltr'><strong>revocabis</strong></span> <span class='ocrx_word' id='word_1_198' title='bbox 1469 1775 1675 1830; x_wconf 91' lang='lat' dir='ltr'><strong>animo.</strong></span> <span class='ocrx_word' id='word_1_199' title='bbox 1698 1773 1916 1831; x_wconf 82' lang='lat' dir='ltr'><strong>Jericho</strong></span> 
     </span>
    </p>
   </div>
   <div class='ocr_carea' id='block_1_34' title="bbox 343 1860 1918 1935">
    <p class='ocr_par' dir='ltr' id='par_1_34' title="bbox 343 1860 1918 1935">
     <span class='ocr_line' id='line_1_34' title="bbox 343 1860 1918 1935; baseline 0.005 -22"><span class='ocrx_word' id='word_1_200' title='bbox 343 1860 528 1915; x_wconf 87' lang='lat' dir='ltr'><strong>lunam</strong></span> <span class='ocrx_word' id='word_1_201' title='bbox 583 1861 894 1932; x_wconf 85' lang='lat' dir='ltr'><strong>signiﬁcare</strong></span> <span class='ocrx_word' id='word_1_202' title='bbox 937 1862 1114 1918; x_wconf 86' lang='lat' dir='ltr'><strong>aiunt.</strong></span> <span class='ocrx_word' id='word_1_203' title='bbox 1179 1862 1280 1918; x_wconf 85' lang='lat' dir='ltr'><strong>Est</strong></span> <span class='ocrx_word' id='word_1_204' title='bbox 1330 1873 1512 1918; x_wconf 91' lang='lat' dir='ltr'><strong>autem</strong></span> <span class='ocrx_word' id='word_1_205' title='bbox 1548 1865 1727 1935; x_wconf 82' lang='lat' dir='ltr'><strong>imago</strong></span> <span class='ocrx_word' id='word_1_206' title='bbox 1759 1872 1918 1921; x_wconf 88' lang='lat' dir='ltr'><strong>tene-</strong></span> 
     </span>
    </p>
   </div>
   <div class='ocr_carea' id='block_1_35' title="bbox 346 1952 1915 2024">
    <p class='ocr_par' dir='ltr' id='par_1_35' title="bbox 346 1952 1915 2024">
     <span class='ocr_line' id='line_1_35' title="bbox 346 1952 1915 2024; baseline 0.003 -19"><span class='ocrx_word' id='word_1_207' title='bbox 346 1952 567 2005; x_wconf 86' lang='lat' dir='ltr'><strong>brarum</strong></span> <span class='ocrx_word' id='word_1_208' title='bbox 637 1953 904 2022; x_wconf 89' lang='lat' dir='ltr'><strong>principis</strong></span> <span class='ocrx_word' id='word_1_209' title='bbox 955 1952 1182 2019; x_wconf 88' lang='lat' dir='ltr'><strong>diaboli,</strong></span> <span class='ocrx_word' id='word_1_210' title='bbox 1235 1953 1329 2022; x_wconf 86' lang='lat' dir='ltr'><strong>qui</strong></span> <span class='ocrx_word' id='word_1_211' title='bbox 1394 1967 1520 2007; x_wconf 90' lang='lat' dir='ltr'><strong>cum</strong></span> <span class='ocrx_word' id='word_1_212' title='bbox 1584 1954 1915 2024; x_wconf 84' lang='lat' dir='ltr'><strong>impietatem</strong></span> 
     </span>
    </p>
   </div>
   <div class='ocr_carea' id='block_1_36' title="bbox 347 2042 1917 2114">
    <p class='ocr_par' dir='ltr' id='par_1_36' title="bbox 347 2042 1917 2114">
     <span class='ocr_line' id='line_1_36' title="bbox 347 2042 1917 2114; baseline 0.002 -18"><span class='ocrx_word' id='word_1_213' title='bbox 347 2042 507 2096; x_wconf 88' lang='lat' dir='ltr'><strong>struit</strong></span> <span class='ocrx_word' id='word_1_214' title='bbox 537 2044 903 2111; x_wconf 83' lang='lat' dir='ltr'><strong>cogitationes</strong></span> <span class='ocrx_word' id='word_1_215' title='bbox 955 2044 1135 2112; x_wconf 89' lang='lat' dir='ltr'><strong>primo</strong></span> <span class='ocrx_word' id='word_1_216' title='bbox 1166 2043 1266 2098; x_wconf 85' lang='lat' dir='ltr'><strong>sibi</strong></span> <span class='ocrx_word' id='word_1_217' title='bbox 1317 2051 1475 2098; x_wconf 89' lang='lat' dir='ltr'><strong>natas</strong></span> <span class='ocrx_word' id='word_1_218' title='bbox 1507 2045 1560 2098; x_wconf 92' lang='lat' dir='ltr'><strong>in</strong></span> <span class='ocrx_word' id='word_1_219' title='bbox 1581 2044 1754 2114; x_wconf 90' lang='lat' dir='ltr'><strong>portis</strong></span> <span class='ocrx_word' id='word_1_220' title='bbox 1784 2045 1917 2099; x_wconf 72' lang='lat' dir='ltr'><strong>tedi-</strong></span> 
     </span>
    </p>
   </div>
   <div class='ocr_carea' id='block_1_37' title="bbox 348 2133 1917 2207">
    <p class='ocr_par' dir='ltr' id='par_1_37' title="bbox 348 2133 1917 2207">
     <span class='ocr_line' id='line_1_37' title="bbox 348 2133 1917 2207; baseline 0.002 -20"><span class='ocrx_word' id='word_1_221' title='bbox 348 2133 457 2187; x_wconf 84' lang='lat' dir='ltr'><strong>tlcii</strong></span> <span class='ocrx_word' id='word_1_222' title='bbox 493 2136 720 2204; x_wconf 80' lang='lat' dir='ltr'><strong>spargit.</strong></span> <span class='ocrx_word' id='word_1_223' title='bbox 747 2134 910 2190; x_wconf 85' lang='lat' dir='ltr'><strong>Tales</strong></span> <span class='ocrx_word' id='word_1_224' title='bbox 936 2137 1082 2189; x_wconf 91' lang='lat' dir='ltr'><strong>enim</strong></span> <span class='ocrx_word' id='word_1_225' title='bbox 1136 2135 1316 2205; x_wconf 87' lang='lat' dir='ltr'><strong>ipsius</strong></span> <span class='ocrx_word' id='word_1_226' title='bbox 1379 2137 1733 2206; x_wconf 82' lang='lat' dir='ltr'><strong>primogeniti</strong></span> <span class='ocrx_word' id='word_1_227' title='bbox 1763 2137 1917 2207; x_wconf 85' lang='lat' dir='ltr'><strong>cogi-</strong></span> 
     </span>
    </p>
   </div>
   <div class='ocr_carea' id='block_1_38' title="bbox 346 2224 1914 2297">
    <p class='ocr_par' dir='ltr' id='par_1_38' title="bbox 346 2224 1914 2297">
     <span class='ocr_line' id='line_1_38' title="bbox 346 2224 1914 2297; baseline 0.002 -19"><span class='ocrx_word' id='word_1_228' title='bbox 346 2233 548 2279; x_wconf 90' lang='lat' dir='ltr'><strong>tentur.</strong></span> <span class='ocrx_word' id='word_1_229' title='bbox 580 2224 1050 2290; x_wconf 87' lang='lat' dir='ltr'><strong>Quemadmodum</strong></span> <span class='ocrx_word' id='word_1_230' title='bbox 1096 2227 1241 2281; x_wconf 90' lang='lat' dir='ltr'><strong>enim</strong></span> <span class='ocrx_word' id='word_1_231' title='bbox 1300 2241 1529 2293; x_wconf 88' lang='lat' dir='ltr'><strong>serpens</strong></span> <span class='ocrx_word' id='word_1_232' title='bbox 1558 2227 1736 2297; x_wconf 88' lang='lat' dir='ltr'><strong>capite</strong></span> <span class='ocrx_word' id='word_1_233' title='bbox 1765 2243 1914 2282; x_wconf 89' lang='lat' dir='ltr'><strong>mea-</strong></span> 
     </span>
    </p>
   </div>
   <div class='ocr_carea' id='block_1_39' title="bbox 343 2315 1913 2388">
    <p class='ocr_par' dir='ltr' id='par_1_39' title="bbox 343 2315 1913 2388">
     <span class='ocr_line' id='line_1_39' title="bbox 343 2315 1913 2388; baseline 0.004 -20"><span class='ocrx_word' id='word_1_234' title='bbox 343 2323 460 2368; x_wconf 87' lang='lat' dir='ltr'><strong>tum</strong></span> <span class='ocrx_word' id='word_1_235' title='bbox 491 2317 710 2386; x_wconf 69' lang='lat' dir='ltr'><strong>quaerit,</strong></span> <span class='ocrx_word' id='word_1_236' title='bbox 753 2315 1132 2386; x_wconf 87' lang='lat' dir='ltr'><strong>reliquumque</strong></span> <span class='ocrx_word' id='word_1_237' title='bbox 1191 2316 1390 2372; x_wconf 88' lang='lat' dir='ltr'><strong>deinde</strong></span> <span class='ocrx_word' id='word_1_238' title='bbox 1418 2332 1620 2388; x_wconf 89' lang='lat' dir='ltr'><strong>corpus</strong></span> <span class='ocrx_word' id='word_1_239' title='bbox 1654 2320 1718 2372; x_wconf 86' lang='lat' dir='ltr'><strong>ad</strong></span> <span class='ocrx_word' id='word_1_240' title='bbox 1736 2328 1913 2374; x_wconf 83' lang='lat' dir='ltr'><strong>extre-</strong></span> 
     </span>
    </p>
   </div>
   <div class='ocr_carea' id='block_1_40' title="bbox 345 2407 1918 2480">
    <p class='ocr_par' dir='ltr' id='par_1_40' title="bbox 345 2407 1918 2480">
     <span class='ocr_line' id='line_1_40' title="bbox 345 2407 1918 2480; baseline 0.004 -21"><span class='ocrx_word' id='word_1_241' title='bbox 345 2421 490 2459; x_wconf 92' lang='lat' dir='ltr'><strong>mam</strong></span> <span class='ocrx_word' id='word_1_242' title='bbox 515 2407 744 2462; x_wconf 87' lang='lat' dir='ltr'><strong>caudam</strong></span> <span class='ocrx_word' id='word_1_243' title='bbox 768 2407 903 2477; x_wconf 80' lang='lat' dir='ltr'><strong>agili&#39;</strong></span> <span class='ocrx_word' id='word_1_244' title='bbox 931 2418 1079 2462; x_wconf 92' lang='lat' dir='ltr'><strong>motu</strong></span> <span class='ocrx_word' id='word_1_245' title='bbox 1131 2412 1514 2479; x_wconf 88' lang='lat' dir='ltr'><strong>consequitur.</strong></span> <span class='ocrx_word' id='word_1_246' title='bbox 1540 2409 1620 2464; x_wconf 88' lang='lat' dir='ltr'><strong>lta</strong></span> <span class='ocrx_word' id='word_1_247' title='bbox 1655 2411 1747 2480; x_wconf 88' lang='lat' dir='ltr'><strong>qui</strong></span> <span class='ocrx_word' id='word_1_248' title='bbox 1773 2410 1918 2467; x_wconf 89' lang='lat' dir='ltr'><strong>hunc</strong></span> 
     </span>
    </p>
   </div>
   <div class='ocr_carea' id='block_1_41' title="bbox 342 2499 1916 2571">
    <p class='ocr_par' dir='ltr' id='par_1_41' title="bbox 342 2499 1916 2571">
     <span class='ocr_line' id='line_1_41' title="bbox 342 2499 1916 2571; baseline 0.004 -21"><span class='ocrx_word' id='word_1_249' title='bbox 342 2499 549 2567; x_wconf 79' lang='lat' dir='ltr'><strong>reaepit</strong></span> <span class='ocrx_word' id='word_1_250' title='bbox 567 2499 949 2568; x_wconf 84' lang='lat' dir='ltr'><strong>malitiamque</strong></span> <span class='ocrx_word' id='word_1_251' title='bbox 970 2502 1393 2564; x_wconf 87' lang='lat' dir='ltr'><strong>consummavit,</strong></span> <span class='ocrx_word' id='word_1_252' title='bbox 1416 2512 1602 2571; x_wconf 87' lang='lat' dir='ltr'><strong>portas</strong></span> <span class='ocrx_word' id='word_1_253' title='bbox 1642 2502 1768 2556; x_wconf 92' lang='lat' dir='ltr'><strong>huic</strong></span> <span class='ocrx_word' id='word_1_254' title='bbox 1795 2502 1916 2557; x_wconf 87' lang='lat' dir='ltr'><strong>urbi</strong></span> 
     </span>
    </p>
   </div>
   <div class='ocr_carea' id='block_1_42' title="bbox 346 2587 1918 2662">
    <p class='ocr_par' dir='ltr' id='par_1_42' title="bbox 346 2587 1918 2662">
     <span class='ocr_line' id='line_1_42' title="bbox 346 2587 1918 2662; baseline 0.003 -18"><span class='ocrx_word' id='word_1_255' title='bbox 346 2589 549 2658; x_wconf 86' lang='lat' dir='ltr'><strong>posuit.</strong></span> <span class='ocrx_word' id='word_1_256' title='bbox 592 2587 940 2660; x_wconf 86' lang='lat' dir='ltr'><strong>Quapropter</strong></span> <span class='ocrx_word' id='word_1_257' title='bbox 977 2597 1141 2661; x_wconf 86' lang='lat' dir='ltr'><strong>caput</strong></span> <span class='ocrx_word' id='word_1_258' title='bbox 1174 2591 1348 2662; x_wconf 90' lang='lat' dir='ltr'><strong>ipsius</strong></span> <span class='ocrx_word' id='word_1_259' title='bbox 1379 2593 1674 2647; x_wconf 88' lang='lat' dir='ltr'><strong>observare</strong></span> <span class='ocrx_word' id='word_1_260' title='bbox 1711 2593 1918 2648; x_wconf 90' lang='lat' dir='ltr'><strong>Adamo</strong></span> 
     </span>
    </p>
   </div>
   <div class='ocr_carea' id='block_1_43' title="bbox 341 2680 1921 2752">
    <p class='ocr_par' dir='ltr' id='par_1_43' title="bbox 341 2680 1921 2752">
     <span class='ocr_line' id='line_1_43' title="bbox 341 2680 1921 2752; baseline 0.003 -19"><span class='ocrx_word' id='word_1_261' title='bbox 341 2680 788 2750; x_wconf 62' lang='lat' dir='ltr'><strong>praecipiebatur.</strong></span> <span class='ocrx_word' id='word_1_262' title='bbox 840 2680 955 2736; x_wconf 87' lang='lat' dir='ltr'><strong>Hoc</strong></span> <span class='ocrx_word' id='word_1_263' title='bbox 997 2683 1141 2738; x_wconf 91' lang='lat' dir='ltr'><strong>enim</strong></span> <span class='ocrx_word' id='word_1_264' title='bbox 1172 2683 1337 2750; x_wconf 80' lang='lat' dir='ltr'><strong>facto,</strong></span> <span class='ocrx_word' id='word_1_265' title='bbox 1369 2681 1552 2738; x_wconf 88' lang='lat' dir='ltr'><strong>dolum</strong></span> <span class='ocrx_word' id='word_1_266' title='bbox 1593 2683 1766 2752; x_wconf 86' lang='lat' dir='ltr'><strong>ipsius</strong></span> <span class='ocrx_word' id='word_1_267' title='bbox 1805 2684 1921 2739; x_wconf 85' lang='lat' dir='ltr'><strong>evi-</strong></span> 
     </span>
    </p>
   </div>
   <div class='ocr_carea' id='block_1_44' title="bbox 347 2770 1922 2844">
    <p class='ocr_par' dir='ltr' id='par_1_44' title="bbox 347 2770 1922 2844">
     <span class='ocr_line' id='line_1_44' title="bbox 347 2770 1922 2844; baseline 0.006 -23"><span class='ocrx_word' id='word_1_268' title='bbox 347 2770 796 2826; x_wconf 86' lang='lat' dir='ltr'><strong>tasset.&#39;l‘antum</strong></span> <span class='ocrx_word' id='word_1_269' title='bbox 825 2771 971 2826; x_wconf 88' lang='lat' dir='ltr'><strong>enim</strong></span> <span class='ocrx_word' id='word_1_270' title='bbox 1028 2771 1245 2826; x_wconf 88' lang='lat' dir='ltr'><strong>initium</strong></span> <span class='ocrx_word' id='word_1_271' title='bbox 1299 2773 1509 2829; x_wconf 61' lang='lat' dir='ltr'><strong>damon</strong></span> <span class='ocrx_word' id='word_1_272' title='bbox 1563 2774 1717 2842; x_wconf 86' lang='lat' dir='ltr'><strong>petit.</strong></span> <span class='ocrx_word' id='word_1_273' title='bbox 1752 2779 1922 2844; x_wconf 67' lang='lat' dir='ltr'><strong>utaue</strong></span> 
     </span>
    </p>
   </div>
   <div class='ocr_carea' id='block_1_45' title="bbox 348 2865 1922 2940">
    <p class='ocr_par' dir='ltr' id='par_1_45' title="bbox 348 2865 1922 2940">
     <span class='ocr_line' id='line_1_45' title="bbox 348 2865 1922 2940; baseline 0.004 -21"><span class='ocrx_word' id='word_1_274' title='bbox 348 2866 558 2919; x_wconf 87' lang='lat' dir='ltr'><strong>semina</strong></span> <span class='ocrx_word' id='word_1_275' title='bbox 588 2865 758 2933; x_wconf 89' lang='lat' dir='ltr'><strong>possit</strong></span> <span class='ocrx_word' id='word_1_276' title='bbox 821 2880 1104 2936; x_wconf 78' lang='lat' dir='ltr'><strong>spargere,</strong></span> <span class='ocrx_word' id='word_1_277' title='bbox 1155 2883 1222 2922; x_wconf 81' lang='lat' dir='ltr'><strong>ex</strong></span> <span class='ocrx_word' id='word_1_278' title='bbox 1255 2868 1456 2938; x_wconf 88' lang='lat' dir='ltr'><strong>quibus</strong></span> <span class='ocrx_word' id='word_1_279' title='bbox 1497 2870 1588 2939; x_wconf 90' lang='lat' dir='ltr'><strong>qui</strong></span> <span class='ocrx_word' id='word_1_280' title='bbox 1616 2872 1809 2940; x_wconf 88' lang='lat' dir='ltr'><strong>recipit</strong></span> <span class='ocrx_word' id='word_1_281' title='bbox 1840 2871 1922 2925; x_wconf 88' lang='lat' dir='ltr'><strong>in-</strong></span> 
     </span>
    </p>
   </div>
   <div class='ocr_carea' id='block_1_46' title="bbox 345 2952 1918 3028">
    <p class='ocr_par' dir='ltr' id='par_1_46' title="bbox 345 2952 1918 3028">
     <span class='ocr_line' id='line_1_46' title="bbox 345 2952 1918 3028; baseline 0.006 -22"><span class='ocrx_word' id='word_1_282' title='bbox 345 2952 619 3021; x_wconf 86' lang='lat' dir='ltr'><strong>justitiam</strong></span> <span class='ocrx_word' id='word_1_283' title='bbox 659 2955 918 3024; x_wconf 88' lang='lat' dir='ltr'><strong>parturit,</strong></span> <span class='ocrx_word' id='word_1_284' title='bbox 955 2966 1011 3008; x_wconf 89' lang='lat' dir='ltr'><strong>et</strong></span> <span class='ocrx_word' id='word_1_285' title='bbox 1042 2956 1292 3012; x_wconf 90' lang='lat' dir='ltr'><strong>molestia</strong></span> <span class='ocrx_word' id='word_1_286' title='bbox 1319 2966 1581 3028; x_wconf 86' lang='lat' dir='ltr'><strong>concepta</strong></span> <span class='ocrx_word' id='word_1_287' title='bbox 1618 2967 1918 3016; x_wconf 80' lang='lat' dir='ltr'><strong>extremam</strong></span> 
     </span>
    </p>
   </div>
   <div class='ocr_carea' id='block_1_47' title="bbox 2028 1771 3601 1854">
    <p class='ocr_par' dir='ltr' id='par_1_47' title="bbox 2028 1771 3601 1854">
     <span class='ocr_line' id='line_1_47' title="bbox 2028 1771 3601 1854; baseline -0.011 -13"><span class='ocrx_word' id='word_1_288' title='bbox 2028 1786 2270 1852; x_wconf 79' lang='grc' dir='ltr'><strong>’Δνάξεις</strong></span> <span class='ocrx_word' id='word_1_289' title='bbox 2297 1786 2354 1840; x_wconf 82' lang='grc' dir='ltr'><strong>δὲ</strong></span> <span class='ocrx_word' id='word_1_290' title='bbox 2376 1785 2518 1839; x_wconf 75' lang='grc' dir='ltr'><strong>οὕτω</strong></span> <span class='ocrx_word' id='word_1_291' title='bbox 2539 1784 2649 1838; x_wconf 88' lang='grc' dir='ltr'><strong>τῶν</strong></span> <span class='ocrx_word' id='word_1_292' title='bbox 2691 1782 2996 1854; x_wconf 87' lang='grc' dir='ltr'><strong>λεγομένων</strong></span> <span class='ocrx_word' id='word_1_293' title='bbox 3022 1779 3112 1833; x_wconf 79' lang='grc' dir='ltr'><strong>τὸν</strong></span> <span class='ocrx_word' id='word_1_294' title='bbox 3139 1778 3262 1830; x_wconf 90' lang='grc' dir='ltr'><strong>νοῦν</strong></span> <span class='ocrx_word' id='word_1_295' title='bbox 3287 1775 3456 1843; x_wconf 72' lang='grc' dir='ltr'><strong>ὀτὴν</strong></span> <span class='ocrx_word' id='word_1_296' title='bbox 3499 1771 3601 1825; x_wconf 84' lang='grc' dir='ltr'><strong>Ἰε-</strong></span> 
     </span>
    </p>
   </div>
   <div class='ocr_carea' id='block_1_48' title="bbox 2019 1861 3597 1952">
    <p class='ocr_par' dir='ltr' id='par_1_48' title="bbox 2019 1861 3597 1952">
     <span class='ocr_line' id='line_1_48' title="bbox 2019 1861 3597 1952; baseline -0.013 -17"><span class='ocrx_word' id='word_1_297' title='bbox 2019 1880 2177 1952; x_wconf 80' lang='grc' dir='ltr'><strong>ριχὼ,</strong></span> <span class='ocrx_word' id='word_1_298' title='bbox 2207 1879 2443 1951; x_wconf 83' lang='grc' dir='ltr'><strong>σελήνην</strong></span> <span class='ocrx_word' id='word_1_299' title='bbox 2500 1878 2663 1947; x_wconf 73' lang='grc' dir='ltr'><strong>φασὶν</strong></span> <span class='ocrx_word' id='word_1_300' title='bbox 2713 1872 3145 1946; x_wconf 77' lang='grc' dir='ltr'><strong>ὲρμηνεύεσθαι’</strong></span> <span class='ocrx_word' id='word_1_301' title='bbox 3197 1868 3349 1937; x_wconf 86' lang='grc' dir='ltr'><strong>δηλοῖ</strong></span> <span class='ocrx_word' id='word_1_302' title='bbox 3378 1867 3446 1919; x_wconf 82' lang='grc' dir='ltr'><strong>δὲ</strong></span> <span class='ocrx_word' id='word_1_303' title='bbox 3503 1861 3597 1916; x_wconf 83' lang='grc' dir='ltr'><strong>τοῦ</strong></span> 
     </span>
    </p>
   </div>
   <div class='ocr_carea' id='block_1_49' title="bbox 2017 1953 3602 2038">
    <p class='ocr_par' dir='ltr' id='par_1_49' title="bbox 2017 1953 3602 2038">
     <span class='ocr_line' id='line_1_49' title="bbox 2017 1953 3602 2038; baseline -0.013 -13"><span class='ocrx_word' id='word_1_304' title='bbox 2017 1971 2244 2032; x_wconf 75' lang='grc' dir='ltr'><strong>σκότους</strong></span> <span class='ocrx_word' id='word_1_305' title='bbox 2259 1969 2349 2023; x_wconf 84' lang='grc' dir='ltr'><strong>τὸν</strong></span> <span class='ocrx_word' id='word_1_306' title='bbox 2377 1968 2636 2038; x_wconf 75' lang='grc' dir='ltr'><strong>ἄρχοντα,</strong></span> <span class='ocrx_word' id='word_1_307' title='bbox 2663 1966 2753 2020; x_wconf 80' lang='grc' dir='ltr'><strong>τὸν</strong></span> <span class='ocrx_word' id='word_1_308' title='bbox 2779 1963 3045 2019; x_wconf 79' lang='grc' dir='ltr'><strong>διάϐολον.</strong></span> <span class='ocrx_word' id='word_1_309' title='bbox 3071 1953 3241 2022; x_wconf 74' lang='grc' dir='ltr'><strong>Οὗτος</strong></span> <span class='ocrx_word' id='word_1_310' title='bbox 3281 1953 3602 2022; x_wconf 85' lang='grc' dir='ltr'><strong>οἰκοδομῶν</strong></span> 
     </span>
    </p>
   </div>
   <div class='ocr_carea' id='block_1_50' title="bbox 2015 2043 3602 2134">
    <p class='ocr_par' dir='ltr' id='par_1_50' title="bbox 2015 2043 3602 2134">
     <span class='ocr_line' id='line_1_50' title="bbox 2015 2043 3602 2134; baseline -0.01 -18"><span class='ocrx_word' id='word_1_311' title='bbox 2015 2062 2115 2134; x_wconf 84' lang='grc' dir='ltr'><strong>τὴν</strong></span> <span class='ocrx_word' id='word_1_312' title='bbox 2140 2061 2415 2126; x_wconf 85' lang='grc' dir='ltr'><strong>ἀσέϐειαν,</strong></span> <span class='ocrx_word' id='word_1_313' title='bbox 2447 2061 2574 2123; x_wconf 75' lang='grc' dir='ltr'><strong>τοὺς</strong></span> <span class='ocrx_word' id='word_1_314' title='bbox 2631 2055 3008 2129; x_wconf 82' lang='grc' dir='ltr'><strong>πρωτοτόκους</strong></span> <span class='ocrx_word' id='word_1_315' title='bbox 3053 2049 3246 2106; x_wconf 78' lang='grc' dir='ltr'><strong>ἑαυτοῦ</strong></span> <span class='ocrx_word' id='word_1_316' title='bbox 3286 2043 3602 2116; x_wconf 70' lang='grc' dir='ltr'><strong>λογισμοὺς</strong></span> 
     </span>
    </p>
   </div>
   <div class='ocr_carea' id='block_1_51' title="bbox 2017 2135 3604 2207">
    <p class='ocr_par' dir='ltr' id='par_1_51' title="bbox 2017 2135 3604 2207">
     <span class='ocr_line' id='line_1_51' title="bbox 2017 2135 3604 2207; baseline -0.013 0"><span class='ocrx_word' id='word_1_317' title='bbox 2017 2153 2120 2207; x_wconf 76' lang='grc' dir='ltr'><strong>ὑπὸ</strong></span> <span class='ocrx_word' id='word_1_318' title='bbox 2141 2153 2248 2205; x_wconf 84' lang='grc' dir='ltr'><strong>τῶν</strong></span> <span class='ocrx_word' id='word_1_319' title='bbox 2269 2150 2490 2205; x_wconf 87' lang='grc' dir='ltr'><strong>εἰσόδων</strong></span> <span class='ocrx_word' id='word_1_320' title='bbox 2535 2149 2645 2202; x_wconf 86' lang='grc' dir='ltr'><strong>τῶν</strong></span> <span class='ocrx_word' id='word_1_321' title='bbox 2682 2147 2892 2201; x_wconf 79' lang='grc' dir='ltr'><strong>ἐκείνου</strong></span> <span class='ocrx_word' id='word_1_322' title='bbox 2921 2143 3177 2206; x_wconf 84' lang='grc' dir='ltr'><strong>διόλλυσι,</strong></span> <span class='ocrx_word' id='word_1_323' title='bbox 3205 2139 3299 2194; x_wconf 74' lang='grc' dir='ltr'><strong>καὶ</strong></span> <span class='ocrx_word' id='word_1_324' title='bbox 3325 2137 3518 2191; x_wconf 80' lang='grc' dir='ltr'><strong>αὐτῶν</strong></span> <span class='ocrx_word' id='word_1_325' title='bbox 3543 2135 3604 2187; x_wconf 78' lang='grc' dir='ltr'><strong>έν</strong></span> 
     </span>
    </p>
   </div>
   <div class='ocr_carea' id='block_1_52' title="bbox 2016 2227 3604 2314">
    <p class='ocr_par' dir='ltr' id='par_1_52' title="bbox 2016 2227 3604 2314">
     <span class='ocr_line' id='line_1_52' title="bbox 2016 2227 3604 2314; baseline -0.011 -17"><span class='ocrx_word' id='word_1_326' title='bbox 2016 2243 2168 2314; x_wconf 82' lang='grc' dir='ltr'><strong>αὐτῷ</strong></span> <span class='ocrx_word' id='word_1_327' title='bbox 2195 2242 2554 2314; x_wconf 86' lang='grc' dir='ltr'><strong>πρωτοτόκων</strong></span> <span class='ocrx_word' id='word_1_328' title='bbox 2586 2239 2910 2309; x_wconf 87' lang='grc' dir='ltr'><strong>νοουμένων.</strong></span> <span class='ocrx_word' id='word_1_329' title='bbox 2950 2236 3038 2298; x_wconf 85' lang='grc' dir='ltr'><strong>Ὧς</strong></span> <span class='ocrx_word' id='word_1_330' title='bbox 3084 2235 3196 2305; x_wconf 83' lang='grc' dir='ltr'><strong>γὰρ</strong></span> <span class='ocrx_word' id='word_1_331' title='bbox 3231 2234 3377 2300; x_wconf 80' lang='grc' dir='ltr'><strong>όφις,</strong></span> <span class='ocrx_word' id='word_1_332' title='bbox 3419 2227 3604 2300; x_wconf 76' lang='grc' dir='ltr'><strong>ἀρχὴν</strong></span> 
     </span>
    </p>
   </div>
   <div class='ocr_carea' id='block_1_53' title="bbox 2017 2322 3599 2406">
    <p class='ocr_par' dir='ltr' id='par_1_53' title="bbox 2017 2322 3599 2406">
     <span class='ocr_line' id='line_1_53' title="bbox 2017 2322 3599 2406; baseline -0.011 -17"><span class='ocrx_word' id='word_1_333' title='bbox 2017 2333 2172 2406; x_wconf 77' lang='grc' dir='ltr'><strong>ζητεῖ</strong></span> <span class='ocrx_word' id='word_1_334' title='bbox 2203 2337 2267 2405; x_wconf 79' lang='grc' dir='ltr'><strong>τῇ</strong></span> <span class='ocrx_word' id='word_1_335' title='bbox 2298 2333 2508 2404; x_wconf 80' lang='grc' dir='ltr'><strong>κεφαλῇ</strong></span> <span class='ocrx_word' id='word_1_336' title='bbox 2544 2330 2968 2396; x_wconf 83' lang='grc' dir='ltr'><strong>παρεισδύσεως,</strong></span> <span class='ocrx_word' id='word_1_337' title='bbox 2998 2326 3093 2380; x_wconf 91' lang='grc' dir='ltr'><strong>τοῦ</strong></span> <span class='ocrx_word' id='word_1_338' title='bbox 3117 2323 3303 2379; x_wconf 81' lang='grc' dir='ltr'><strong>λοιποῦ</strong></span> <span class='ocrx_word' id='word_1_339' title='bbox 3335 2322 3599 2391; x_wconf 84' lang='grc' dir='ltr'><strong>σώματος</strong></span> 
     </span>
    </p>
   </div>
   <div class='ocr_carea' id='block_1_54' title="bbox 1970 2409 3600 2492">
    <p class='ocr_par' dir='ltr' id='par_1_54' title="bbox 1970 2409 3600 2492">
     <span class='ocr_line' id='line_1_54' title="bbox 1970 2409 3600 2492; baseline -0.014 -9"><span class='ocrx_word' id='word_1_340' title='bbox 1970 2443 1978 2449; x_wconf 92' lang='grc'><strong>·</strong></span> <span class='ocrx_word' id='word_1_341' title='bbox 2018 2424 2438 2487; x_wconf 83' lang='grc' dir='ltr'><strong>ἀκολουθοῦντος</strong></span> <span class='ocrx_word' id='word_1_342' title='bbox 2458 2422 2696 2485; x_wconf 78' lang='grc' dir='ltr'><strong>εὐκόλως</strong></span> <span class='ocrx_word' id='word_1_343' title='bbox 2725 2421 2884 2492; x_wconf 77' lang='grc' dir='ltr'><strong>μέχρι</strong></span> <span class='ocrx_word' id='word_1_344' title='bbox 2906 2419 2999 2473; x_wconf 73' lang='grc' dir='ltr'><strong>καὶ</strong></span> <span class='ocrx_word' id='word_1_345' title='bbox 3023 2420 3119 2486; x_wconf 83' lang='grc' dir='ltr'><strong>τῆς</strong></span> <span class='ocrx_word' id='word_1_346' title='bbox 3135 2415 3480 2482; x_wconf 72' lang='grc' dir='ltr'><strong>λεπτοτάτης</strong></span> <span class='ocrx_word' id='word_1_347' title='bbox 3506 2409 3600 2462; x_wconf 81' lang='grc' dir='ltr'><strong>οὐ·</strong></span> 
     </span>
    </p>
   </div>
   <div class='ocr_carea' id='block_1_55' title="bbox 2020 2501 3598 2590">
    <p class='ocr_par' dir='ltr' id='par_1_55' title="bbox 2020 2501 3598 2590">
     <span class='ocr_line' id='line_1_55' title="bbox 2020 2501 3598 2590; baseline -0.012 -19"><span class='ocrx_word' id='word_1_348' title='bbox 2020 2520 2140 2590; x_wconf 82' lang='grc' dir='ltr'><strong>ρᾶς.</strong></span> <span class='ocrx_word' id='word_1_349' title='bbox 2181 2517 2283 2568; x_wconf 85' lang='grc' dir='ltr'><strong>Ἦν</strong></span> <span class='ocrx_word' id='word_1_350' title='bbox 2333 2517 2360 2568; x_wconf 89' lang='lat'><strong>6</strong></span> <span class='ocrx_word' id='word_1_351' title='bbox 2413 2513 2708 2584; x_wconf 81' lang='grc' dir='ltr'><strong>δεξάμενος</strong></span> <span class='ocrx_word' id='word_1_352' title='bbox 2761 2507 3170 2580; x_wconf 78' lang='grc' dir='ltr'><strong>συμπληρώσας</strong></span> <span class='ocrx_word' id='word_1_353' title='bbox 3225 2506 3326 2575; x_wconf 81' lang='grc' dir='ltr'><strong>τὴν</strong></span> <span class='ocrx_word' id='word_1_354' title='bbox 3366 2501 3598 2590; x_wconf 80' lang='grc' dir='ltr'><strong>κακίαν,</strong></span> 
     </span>
    </p>
   </div>
   <div class='ocr_carea' id='block_1_56' title="bbox 2018 2588 3603 2679">
    <p class='ocr_par' dir='ltr' id='par_1_56' title="bbox 2018 2588 3603 2679">
     <span class='ocr_line' id='line_1_56' title="bbox 2018 2588 3603 2679; baseline -0.015 -15"><span class='ocrx_word' id='word_1_355' title='bbox 2018 2588 2257 2679; x_wconf 64' lang='grc' dir='ltr'><strong>ἐπέθηκε</strong></span> <span class='ocrx_word' id='word_1_356' title='bbox 2275 2605 2470 2670; x_wconf 80' lang='grc' dir='ltr'><strong>πύλας.</strong></span> <span class='ocrx_word' id='word_1_357' title='bbox 2503 2605 2592 2658; x_wconf 80' lang='grc' dir='ltr'><strong>Διὸ</strong></span> <span class='ocrx_word' id='word_1_358' title='bbox 2614 2605 2803 2675; x_wconf 82' lang='grc' dir='ltr'><strong>τηρεῖν</strong></span> <span class='ocrx_word' id='word_1_359' title='bbox 2823 2601 2988 2654; x_wconf 86' lang='grc' dir='ltr'><strong>αὐτοῦ</strong></span> <span class='ocrx_word' id='word_1_360' title='bbox 3015 2600 3112 2670; x_wconf 84' lang='grc' dir='ltr'><strong>τὴν</strong></span> <span class='ocrx_word' id='word_1_361' title='bbox 3138 2595 3383 2666; x_wconf 77' lang='grc' dir='ltr'><strong>κεφαλὴν</strong></span> <span class='ocrx_word' id='word_1_362' title='bbox 3423 2588 3603 2657; x_wconf 77' lang='grc' dir='ltr'><strong>’Δδάμ</strong></span> 
     </span>
    </p>
   </div>
   <div class='ocr_carea' id='block_1_57' title="bbox 2020 2691 3595 2778">
    <p class='ocr_par' dir='ltr' id='par_1_57' title="bbox 2020 2691 3595 2778">
     <span class='ocr_line' id='line_1_57' title="bbox 2020 2691 3595 2778; baseline -0.015 -18"><span class='ocrx_word' id='word_1_363' title='bbox 2020 2705 2438 2778; x_wconf 85' lang='grc' dir='ltr'><strong>προσετάττετο,</strong></span> <span class='ocrx_word' id='word_1_364' title='bbox 2467 2702 2543 2766; x_wconf 85' lang='grc' dir='ltr'><strong>ὡς</strong></span> <span class='ocrx_word' id='word_1_365' title='bbox 2572 2700 2784 2754; x_wconf 76' lang='grc' dir='ltr'><strong>ἐκείνου</strong></span> <span class='ocrx_word' id='word_1_366' title='bbox 2819 2697 2917 2769; x_wconf 80' lang='grc' dir='ltr'><strong>τὴν</strong></span> <span class='ocrx_word' id='word_1_367' title='bbox 2963 2696 3199 2765; x_wconf 84' lang='grc' dir='ltr'><strong>πτέρναν</strong></span> <span class='ocrx_word' id='word_1_368' title='bbox 3223 2691 3595 2778; x_wconf 53' lang='grc' dir='ltr'><strong>τηρήσαντος,</strong></span> 
     </span>
    </p>
   </div>
   <div class='ocr_carea' id='block_1_58' title="bbox 2033 2773 3599 2871">
    <p class='ocr_par' dir='ltr' id='par_1_58' title="bbox 2033 2773 3599 2871">
     <span class='ocr_line' id='line_1_58' title="bbox 2033 2773 3599 2871; baseline -0.015 -18"><span class='ocrx_word' id='word_1_369' title='bbox 2033 2773 2234 2871; x_wconf 74' lang='grc' dir='ltr'><strong>Ἀρχὴν</strong></span> <span class='ocrx_word' id='word_1_370' title='bbox 2278 2797 2389 2868; x_wconf 86' lang='grc' dir='ltr'><strong>γὰρ</strong></span> <span class='ocrx_word' id='word_1_371' title='bbox 2446 2795 2607 2866; x_wconf 84' lang='grc' dir='ltr'><strong>μόνον</strong></span> <span class='ocrx_word' id='word_1_372' title='bbox 2660 2778 2812 2847; x_wconf 48' lang='grc' dir='ltr'><strong>’θέλει</strong></span> <span class='ocrx_word' id='word_1_373' title='bbox 2857 2793 2955 2846; x_wconf 78' lang='grc' dir='ltr'><strong>καὶ</strong></span> <span class='ocrx_word' id='word_1_374' title='bbox 3006 2782 3320 2858; x_wconf 87' lang='grc' dir='ltr'><strong>σπέρματα,</strong></span> <span class='ocrx_word' id='word_1_375' title='bbox 3373 2781 3434 2847; x_wconf 75' lang='grc' dir='ltr'>ἐξ</span> <span class='ocrx_word' id='word_1_376' title='bbox 3468 2773 3599 2832; x_wconf 80' lang='grc' dir='ltr'><strong>ὧνό</strong></span> 
     </span>
    </p>
   </div>
   <div class='ocr_carea' id='block_1_59' title="bbox 2021 2873 3597 2962">
    <p class='ocr_par' dir='ltr' id='par_1_59' title="bbox 2021 2873 3597 2962">
     <span class='ocr_line' id='line_1_59' title="bbox 2021 2873 3597 2962; baseline -0.016 -15"><span class='ocrx_word' id='word_1_377' title='bbox 2021 2892 2312 2962; x_wconf 84' lang='grc' dir='ltr'><strong>δεξάμενος</strong></span> <span class='ocrx_word' id='word_1_378' title='bbox 2335 2889 2516 2943; x_wconf 84' lang='grc' dir='ltr'><strong>ὼδίνει</strong></span> <span class='ocrx_word' id='word_1_379' title='bbox 2535 2886 2771 2950; x_wconf 82' lang='grc' dir='ltr'><strong>ἀδικίαν,</strong></span> <span class='ocrx_word' id='word_1_380' title='bbox 2799 2884 2895 2937; x_wconf 73' lang='grc' dir='ltr'><strong>καὶ</strong></span> <span class='ocrx_word' id='word_1_381' title='bbox 2923 2881 3083 2935; x_wconf 88' lang='grc' dir='ltr'><strong>πόνον</strong></span> <span class='ocrx_word' id='word_1_382' title='bbox 3110 2874 3392 2932; x_wconf 85' lang='grc' dir='ltr'><strong>συλλαϐὼν</strong></span> <span class='ocrx_word' id='word_1_383' title='bbox 3421 2873 3597 2926; x_wconf 83' lang='grc' dir='ltr'><strong>τίκτει</strong></span> 
     </span>
    </p>
   </div>
   <div class='ocr_carea' id='block_1_60' title="bbox 2021 2966 3592 3054">
    <p class='ocr_par' dir='ltr' id='par_1_60' title="bbox 2021 2966 3592 3054">
     <span class='ocr_line' id='line_1_60' title="bbox 2021 2966 3592 3054; baseline -0.015 -15"><span class='ocrx_word' id='word_1_384' title='bbox 2021 2982 2280 3054; x_wconf 83' lang='grc' dir='ltr'><strong>ἀνομίαν,</strong></span> <span class='ocrx_word' id='word_1_385' title='bbox 2335 2980 2497 3052; x_wconf 84' lang='grc' dir='ltr'><strong>μέχρι</strong></span> <span class='ocrx_word' id='word_1_386' title='bbox 2547 2978 2658 3031; x_wconf 87' lang='grc' dir='ltr'><strong>τῶν</strong></span> <span class='ocrx_word' id='word_1_387' title='bbox 2695 2976 2937 3046; x_wconf 74' lang='grc' dir='ltr'><strong>ἐσχάτων</strong></span> <span class='ocrx_word' id='word_1_388' title='bbox 3001 2971 3289 3040; x_wconf 85' lang='grc' dir='ltr'><strong>γενόμενος</strong></span> <span class='ocrx_word' id='word_1_389' title='bbox 3345 2966 3592 3054; x_wconf 54' lang='grc' dir='ltr'><strong>θήραμαΓ</strong></span> 
     </span>
    </p>
   </div>
   <div class='ocr_carea' id='block_1_61' title="bbox 353 3044 1924 3144">
    <p class='ocr_par' dir='ltr' id='par_1_61' title="bbox 353 3044 1916 3123">
     <span class='ocr_line' id='line_1_61' title="bbox 353 3044 1916 3123; baseline 0.004 -25"><span class='ocrx_word' id='word_1_390' title='bbox 353 3044 698 3114; x_wconf 84' lang='lat' dir='ltr'><strong>iniquitatem</strong></span> <span class='ocrx_word' id='word_1_391' title='bbox 772 3047 934 3116; x_wconf 89' lang='lat' dir='ltr'><strong>parit.</strong></span> <span class='ocrx_word' id='word_1_392' title='bbox 998 3047 1102 3104; x_wconf 88' lang='lat' dir='ltr'><strong>Cui</strong></span> <span class='ocrx_word' id='word_1_393' title='bbox 1163 3049 1296 3104; x_wconf 91' lang='lat' dir='ltr'><strong>illud</strong></span> <span class='ocrx_word' id='word_1_394' title='bbox 1351 3066 1570 3122; x_wconf 90' lang='lat' dir='ltr'><strong>quoque</strong></span> <span class='ocrx_word' id='word_1_395' title='bbox 1620 3054 1916 3123; x_wconf 85' lang='lat' dir='ltr'><strong>congruit:</strong></span> 
     </span>
    </p>
   </div>
   <div class='ocr_carea' id='block_1_62' title="bbox 2025 3044 3598 3144">
    <p class='ocr_par' dir='ltr' id='par_1_62' title="bbox 2028 3044 3598 3144">
     <span class='ocr_line' id='line_1_62' title="bbox 2028 3044 3598 3144; baseline -0.018 -16"><span class='ocrx_word' id='word_1_396' title='bbox 2028 3044 2284 3144; x_wconf 39' lang='grc' dir='ltr'><strong>(τάφρων</strong></span> <span class='ocrx_word' id='word_1_397' title='bbox 2311 3044 3066 3141; x_wconf 41' lang='grc' dir='ltr'><strong>ίὰρζφησὶνάλλοιοῦταιώς</strong></span> <span class='ocrx_word' id='word_1_398' title='bbox 3096 3062 3128 3132; x_wconf 82' lang='grc' dir='ltr'><strong>ὴ</strong></span> <span class='ocrx_word' id='word_1_399' title='bbox 3160 3058 3382 3128; x_wconf 83' lang='grc' dir='ltr'><strong>σελήνη.</strong></span> <span class='ocrx_word' id='word_1_400' title='bbox 3418 3074 3436 3102; x_wconf 78' lang='grc' dir='ltr'><strong>ι</strong></span> <span class='ocrx_word' id='word_1_401' title='bbox 3465 3050 3598 3144; x_wconf 70' lang='grc' dir='ltr'><strong>Περὶ</strong></span> 
     </span>
    </p>
   </div>
   <div class='ocr_carea' id='block_1_63' title="bbox 358 3133 1925 3214">
    <p class='ocr_par' dir='ltr' id='par_1_63' title="bbox 358 3133 1925 3214">
     <span class='ocr_line' id='line_1_63' title="bbox 358 3133 1925 3214; baseline 0.008 -29"><span class='ocrx_word' id='word_1_402' title='bbox 358 3155 377 3185; x_wconf 80' lang='grc' dir='ltr'><strong>ι</strong></span> <span class='ocrx_word' id='word_1_403' title='bbox 423 3133 611 3189; x_wconf 88' lang='lat' dir='ltr'><strong>Sultus</strong></span> <span class='ocrx_word' id='word_1_404' title='bbox 647 3144 894 3190; x_wconf 84' lang='lat' dir='ltr'><strong>mutatur</strong></span> <span class='ocrx_word' id='word_1_405' title='bbox 928 3147 986 3192; x_wconf 94' lang='lat' dir='ltr'><strong>ut</strong></span> <span class='ocrx_word' id='word_1_406' title='bbox 1020 3139 1149 3192; x_wconf 88' lang='lat' dir='ltr'><strong>luna</strong></span> <span class='ocrx_word' id='word_1_407' title='bbox 1175 3141 1243 3194; x_wconf 69' lang='grc' dir='ltr'><strong>θ’.</strong></span> <span class='ocrx_word' id='word_1_408' title='bbox 1277 3159 1295 3192; x_wconf 78' lang='grc' dir='ltr'><strong>ι</strong></span> <span class='ocrx_word' id='word_1_409' title='bbox 1329 3140 1403 3197; x_wconf 92' lang='lat' dir='ltr'><strong>De</strong></span> <span class='ocrx_word' id='word_1_410' title='bbox 1451 3157 1556 3213; x_wconf 86' lang='lat' dir='ltr'><strong>qua</strong></span> <span class='ocrx_word' id='word_1_411' title='bbox 1584 3142 1754 3198; x_wconf 83' lang='lat' dir='ltr'><strong>David</strong></span> <span class='ocrx_word' id='word_1_412' title='bbox 1789 3159 1925 3214; x_wconf 89' lang='lat' dir='ltr'><strong>quo-</strong></span> 
     </span>
    </p>
   </div>
   <div class='ocr_carea' id='block_1_64' title="bbox 354 3226 1929 3305">
    <p class='ocr_par' dir='ltr' id='par_1_64' title="bbox 354 3226 1929 3305">
     <span class='ocr_line' id='line_1_64' title="bbox 354 3226 1929 3305; baseline 0.008 -27"><span class='ocrx_word' id='word_1_413' title='bbox 354 3239 461 3294; x_wconf 89' lang='lat' dir='ltr'><strong>que</strong></span> <span class='ocrx_word' id='word_1_414' title='bbox 490 3226 543 3279; x_wconf 90' lang='lat' dir='ltr'><strong>in</strong></span> <span class='ocrx_word' id='word_1_415' title='bbox 583 3227 847 3282; x_wconf 91' lang='lat' dir='ltr'><strong>vaticinio</strong></span> <span class='ocrx_word' id='word_1_416' title='bbox 898 3227 966 3283; x_wconf 87' lang='lat' dir='ltr'><strong>de</strong></span> <span class='ocrx_word' id='word_1_417' title='bbox 1033 3229 1258 3287; x_wconf 90' lang='lat' dir='ltr'><strong>Christo</strong></span> <span class='ocrx_word' id='word_1_418' title='bbox 1310 3233 1530 3305; x_wconf 89' lang='lat' dir='ltr'><strong>inquit:</strong></span> <span class='ocrx_word' id='word_1_419' title='bbox 1579 3253 1598 3286; x_wconf 77' lang='grc' dir='ltr'><strong>ι</strong></span> <span class='ocrx_word' id='word_1_420' title='bbox 1640 3233 1929 3291; x_wconf 84' lang='lat' dir='ltr'><strong>Exorietur</strong></span> 
     </span>
    </p>
   </div>
   <div class='ocr_carea' id='block_1_65' title="bbox 356 3318 1931 3398">
    <p class='ocr_par' dir='ltr' id='par_1_65' title="bbox 356 3318 1931 3398">
     <span class='ocr_line' id='line_1_65' title="bbox 356 3318 1931 3398; baseline 0.009 -28"><span class='ocrx_word' id='word_1_421' title='bbox 356 3318 410 3370; x_wconf 89' lang='lat' dir='ltr'><strong>in</strong></span> <span class='ocrx_word' id='word_1_422' title='bbox 442 3318 638 3375; x_wconf 86' lang='lat' dir='ltr'><strong>diebus</strong></span> <span class='ocrx_word' id='word_1_423' title='bbox 668 3321 787 3390; x_wconf 89' lang='lat' dir='ltr'><strong>ejus</strong></span> <span class='ocrx_word' id='word_1_424' title='bbox 809 3319 1048 3390; x_wconf 90' lang='lat' dir='ltr'><strong>justitia,</strong></span> <span class='ocrx_word' id='word_1_425' title='bbox 1074 3332 1129 3378; x_wconf 90' lang='lat' dir='ltr'><strong>et</strong></span> <span class='ocrx_word' id='word_1_426' title='bbox 1164 3325 1273 3380; x_wconf 86' lang='lat' dir='ltr'><strong>alta</strong></span> <span class='ocrx_word' id='word_1_427' title='bbox 1309 3342 1434 3397; x_wconf 83' lang='lat' dir='ltr'><strong>pax,</strong></span> <span class='ocrx_word' id='word_1_428' title='bbox 1459 3327 1635 3384; x_wconf 90' lang='lat' dir='ltr'><strong>donec</strong></span> <span class='ocrx_word' id='word_1_429' title='bbox 1658 3328 1931 3398; x_wconf 84' lang='lat' dir='ltr'><strong>subripie-</strong></span> 
     </span>
    </p>
   </div>
   <div class='ocr_carea' id='block_1_66' title="bbox 361 3416 1929 3490">
    <p class='ocr_par' dir='ltr' id='par_1_66' title="bbox 361 3416 1929 3490">
     <span class='ocr_line' id='line_1_66' title="bbox 361 3416 1929 3490; baseline 0.004 -22"><span class='ocrx_word' id='word_1_430' title='bbox 361 3427 449 3468; x_wconf 90' lang='lat' dir='ltr'><strong>tur</strong></span> <span class='ocrx_word' id='word_1_431' title='bbox 477 3416 605 3470; x_wconf 89' lang='lat' dir='ltr'><strong>luna</strong></span> <span class='ocrx_word' id='word_1_432' title='bbox 637 3417 705 3472; x_wconf 82' lang='lat'><strong>”.</strong></span> <span class='ocrx_word' id='word_1_433' title='bbox 747 3435 766 3467; x_wconf 74' lang='grc' dir='ltr'><strong>ι</strong></span> <span class='ocrx_word' id='word_1_434' title='bbox 795 3416 970 3486; x_wconf 88' lang='lat' dir='ltr'><strong>Cujus</strong></span> <span class='ocrx_word' id='word_1_435' title='bbox 999 3432 1217 3473; x_wconf 90' lang='lat' dir='ltr'><strong>necnon</strong></span> <span class='ocrx_word' id='word_1_436' title='bbox 1265 3420 1649 3490; x_wconf 85' lang='lat' dir='ltr'><strong>primogenita,</strong></span> <span class='ocrx_word' id='word_1_437' title='bbox 1676 3419 1804 3476; x_wconf 88' lang='lat' dir='ltr'><strong>item</strong></span> <span class='ocrx_word' id='word_1_438' title='bbox 1836 3436 1929 3476; x_wconf 90' lang='lat' dir='ltr'><strong>ca—</strong></span> 
     </span>
    </p>
   </div>
   <div class='ocr_carea' id='block_1_67' title="bbox 357 3509 1926 3582">
    <p class='ocr_par' dir='ltr' id='par_1_67' title="bbox 357 3509 1926 3582">
     <span class='ocr_line' id='line_1_67' title="bbox 357 3509 1926 3582; baseline 0.004 -20"><span class='ocrx_word' id='word_1_439' title='bbox 357 3509 468 3576; x_wconf 89' lang='lat' dir='ltr'><strong>pita</strong></span> <span class='ocrx_word' id='word_1_440' title='bbox 499 3519 1023 3567; x_wconf 87' lang='lat' dir='ltr'><strong>commemorantur.</strong></span> <span class='ocrx_word' id='word_1_441' title='bbox 1079 3509 1156 3566; x_wconf 91' lang='lat' dir='ltr'><strong>De</strong></span> <span class='ocrx_word' id='word_1_442' title='bbox 1198 3512 1398 3582; x_wconf 88' lang='lat' dir='ltr'><strong>quibus</strong></span> <span class='ocrx_word' id='word_1_443' title='bbox 1447 3520 1630 3567; x_wconf 82' lang='lat' dir='ltr'><strong>exstat</strong></span> <span class='ocrx_word' id='word_1_444' title='bbox 1679 3513 1926 3568; x_wconf 86' lang='lat' dir='ltr'><strong>dictum:</strong></span> 
     </span>
    </p>
   </div>
   <div class='ocr_carea' id='block_1_68' title="bbox 365 3599 1930 3672">
    <p class='ocr_par' dir='ltr' id='par_1_68' title="bbox 365 3599 1930 3672">
     <span class='ocr_line' id='line_1_68' title="bbox 365 3599 1930 3672; baseline 0.005 -21"><span class='ocrx_word' id='word_1_445' title='bbox 365 3619 383 3651; x_wconf 76' lang='grc' dir='ltr'><strong>ι</strong></span> <span class='ocrx_word' id='word_1_446' title='bbox 412 3599 767 3655; x_wconf 85' lang='lat' dir='ltr'><strong>Comminuet</strong></span> <span class='ocrx_word' id='word_1_447' title='bbox 793 3602 973 3672; x_wconf 83' lang='lat' dir='ltr'><strong>capita</strong></span> <span class='ocrx_word' id='word_1_448' title='bbox 1005 3602 1248 3657; x_wconf 88' lang='lat' dir='ltr'><strong>hostium</strong></span> <span class='ocrx_word' id='word_1_449' title='bbox 1287 3618 1546 3669; x_wconf 88' lang='lat' dir='ltr'><strong>suorum,</strong></span> <span class='ocrx_word' id='word_1_450' title='bbox 1590 3611 1646 3658; x_wconf 90' lang='lat' dir='ltr'><strong>et</strong></span> <span class='ocrx_word' id='word_1_451' title='bbox 1670 3604 1930 3659; x_wconf 89' lang='lat' dir='ltr'><strong>verticem</strong></span> 
     </span>
    </p>
   </div>
   <div class='ocr_carea' id='block_1_69' title="bbox 359 3693 1933 3766">
    <p class='ocr_par' dir='ltr' id='par_1_69' title="bbox 359 3693 1933 3766">
     <span class='ocr_line' id='line_1_69' title="bbox 359 3693 1933 3766; baseline 0.003 -20"><span class='ocrx_word' id='word_1_452' title='bbox 359 3693 772 3748; x_wconf 88' lang='lat' dir='ltr'><strong>obversantium</strong></span> <span class='ocrx_word' id='word_1_453' title='bbox 837 3695 892 3748; x_wconf 89' lang='lat' dir='ltr'><strong>in</strong></span> <span class='ocrx_word' id='word_1_454' title='bbox 948 3695 1190 3766; x_wconf 88' lang='lat' dir='ltr'><strong>peccatis</strong></span> <span class='ocrx_word' id='word_1_455' title='bbox 1219 3695 1286 3748; x_wconf 57' lang='grc' dir='ltr'><strong>θλ.</strong></span> <span class='ocrx_word' id='word_1_456' title='bbox 1328 3713 1346 3746; x_wconf 74' lang='grc' dir='ltr'><strong>ι</strong></span> <span class='ocrx_word' id='word_1_457' title='bbox 1392 3696 1458 3750; x_wconf 86' lang='lat' dir='ltr'><strong>Et</strong></span> <span class='ocrx_word' id='word_1_458' title='bbox 1504 3697 1705 3752; x_wconf 89' lang='lat' dir='ltr'><strong>iterum</strong></span> <span class='ocrx_word' id='word_1_459' title='bbox 1744 3714 1757 3750; x_wconf 90' lang='lat'><strong>:</strong></span> <span class='ocrx_word' id='word_1_460' title='bbox 1799 3715 1816 3748; x_wconf 82' lang='grc' dir='ltr'><strong>ι</strong></span> <span class='ocrx_word' id='word_1_461' title='bbox 1851 3695 1933 3750; x_wconf 92' lang='lat' dir='ltr'><strong>Tu</strong></span> 
     </span>
    </p>
   </div>
   <div class='ocr_carea' id='block_1_70' title="bbox 361 3781 1933 3855">
    <p class='ocr_par' dir='ltr' id='par_1_70' title="bbox 361 3781 1933 3855">
     <span class='ocr_line' id='line_1_70' title="bbox 361 3781 1933 3855; baseline 0.004 -22"><span class='ocrx_word' id='word_1_462' title='bbox 361 3781 685 3852; x_wconf 79' lang='lat' dir='ltr'><strong>confregisti</strong></span> <span class='ocrx_word' id='word_1_463' title='bbox 715 3783 896 3852; x_wconf 87' lang='lat' dir='ltr'><strong>capita</strong></span> <span class='ocrx_word' id='word_1_464' title='bbox 926 3783 1186 3839; x_wconf 89' lang='lat' dir='ltr'><strong>draconis</strong></span> <span class='ocrx_word' id='word_1_465' title='bbox 1203 3797 1372 3853; x_wconf 88' lang='lat' dir='ltr'><strong>super</strong></span> <span class='ocrx_word' id='word_1_466' title='bbox 1397 3797 1542 3854; x_wconf 88' lang='lat' dir='ltr'><strong>aqua</strong></span> <span class='ocrx_word' id='word_1_467' title='bbox 1571 3785 1639 3838; x_wconf 81' lang='lat'><strong>&quot;.</strong></span> <span class='ocrx_word' id='word_1_468' title='bbox 1683 3804 1703 3837; x_wconf 71' lang='grc' dir='ltr'><strong>ι</strong></span> <span class='ocrx_word' id='word_1_469' title='bbox 1741 3783 1933 3855; x_wconf 88' lang='lat' dir='ltr'><strong>Capita</strong></span> 
     </span>
    </p>
   </div>
   <div class='ocr_carea' id='block_1_71' title="bbox 363 3873 1937 3945">
    <p class='ocr_par' dir='ltr' id='par_1_71' title="bbox 363 3873 1937 3945">
     <span class='ocr_line' id='line_1_71' title="bbox 363 3873 1937 3945; baseline 0.003 -21"><span class='ocrx_word' id='word_1_470' title='bbox 363 3873 494 3926; x_wconf 89' lang='lat' dir='ltr'><strong>item</strong></span> <span class='ocrx_word' id='word_1_471' title='bbox 522 3887 585 3927; x_wconf 77' lang='lat' dir='ltr'><strong>ex</strong></span> <span class='ocrx_word' id='word_1_472' title='bbox 620 3873 937 3944; x_wconf 88' lang='lat' dir='ltr'><strong>hujusmodi</strong></span> <span class='ocrx_word' id='word_1_473' title='bbox 975 3873 1268 3929; x_wconf 86' lang='lat' dir='ltr'><strong>structuris</strong></span> <span class='ocrx_word' id='word_1_474' title='bbox 1285 3875 1623 3939; x_wconf 89' lang='lat' dir='ltr'><strong>cnascentia,</strong></span> <span class='ocrx_word' id='word_1_475' title='bbox 1652 3881 1937 3945; x_wconf 75' lang='lat' dir='ltr'><strong>autsuper</strong></span> 
     </span>
    </p>
   </div>
   <div class='ocr_carea' id='block_1_72' title="bbox 366 3965 1936 4037">
    <p class='ocr_par' dir='ltr' id='par_1_72' title="bbox 366 3965 1936 4037">
     <span class='ocr_line' id='line_1_72' title="bbox 366 3965 1936 4037; baseline 0.004 -19"><span class='ocrx_word' id='word_1_476' title='bbox 366 3965 499 4032; x_wconf 86' lang='lat' dir='ltr'><strong>ipsis</strong></span> <span class='ocrx_word' id='word_1_477' title='bbox 539 3966 642 4020; x_wconf 89' lang='lat' dir='ltr'><strong>sita</strong></span> <span class='ocrx_word' id='word_1_478' title='bbox 677 3965 928 4021; x_wconf 87' lang='lat' dir='ltr'><strong>demoliri</strong></span> <span class='ocrx_word' id='word_1_479' title='bbox 955 3965 1203 4021; x_wconf 80' lang='lat' dir='ltr'><strong>Jeremiae</strong></span> <span class='ocrx_word' id='word_1_480' title='bbox 1257 3966 1568 4021; x_wconf 89' lang='lat' dir='ltr'><strong>mandatur.</strong></span> <span class='ocrx_word' id='word_1_481' title='bbox 1603 3965 1676 4023; x_wconf 90' lang='lat' dir='ltr'><strong>De</strong></span> <span class='ocrx_word' id='word_1_482' title='bbox 1738 3967 1936 4037; x_wconf 89' lang='lat' dir='ltr'><strong>quibus</strong></span> 
     </span>
    </p>
   </div>
   <div class='ocr_carea' id='block_1_73' title="bbox 364 4057 1938 4128">
    <p class='ocr_par' dir='ltr' id='par_1_73' title="bbox 364 4057 1938 4128">
     <span class='ocr_line' id='line_1_73' title="bbox 364 4057 1938 4128; baseline 0.004 -18"><span class='ocrx_word' id='word_1_483' title='bbox 364 4058 534 4112; x_wconf 85' lang='lat' dir='ltr'><strong>David</strong></span> <span class='ocrx_word' id='word_1_484' title='bbox 595 4059 722 4113; x_wconf 89' lang='lat' dir='ltr'><strong>item</strong></span> <span class='ocrx_word' id='word_1_485' title='bbox 758 4059 968 4128; x_wconf 88' lang='lat' dir='ltr'><strong>inquit:</strong></span> <span class='ocrx_word' id='word_1_486' title='bbox 1005 4077 1022 4110; x_wconf 80' lang='grc' dir='ltr'><strong>ι</strong></span> <span class='ocrx_word' id='word_1_487' title='bbox 1053 4057 1314 4113; x_wconf 90' lang='lat' dir='ltr'><strong>Destrues</strong></span> <span class='ocrx_word' id='word_1_488' title='bbox 1369 4073 1484 4123; x_wconf 88' lang='lat' dir='ltr'><strong>eos,</strong></span> <span class='ocrx_word' id='word_1_489' title='bbox 1533 4073 1636 4114; x_wconf 89' lang='lat' dir='ltr'><strong>nec</strong></span> <span class='ocrx_word' id='word_1_490' title='bbox 1687 4069 1938 4116; x_wconf 77' lang='lat' dir='ltr'><strong>exstrues</strong></span> 
     </span>
    </p>
   </div>
   <div class='ocr_carea' id='block_1_74' title="bbox 364 4147 1935 4221">
    <p class='ocr_par' dir='ltr' id='par_1_74' title="bbox 364 4147 1935 4221">
     <span class='ocr_line' id='line_1_74' title="bbox 364 4147 1935 4221; baseline 0.001 -17"><span class='ocrx_word' id='word_1_491' title='bbox 364 4151 602 4220; x_wconf 85' lang='lat' dir='ltr'><strong>amplius</strong></span> <span class='ocrx_word' id='word_1_492' title='bbox 632 4151 701 4202; x_wconf 79' lang='lat'><strong>&quot;.</strong></span> <span class='ocrx_word' id='word_1_493' title='bbox 745 4167 764 4202; x_wconf 76' lang='grc' dir='ltr'><strong>ι</strong></span> <span class='ocrx_word' id='word_1_494' title='bbox 803 4149 973 4203; x_wconf 83' lang='lat' dir='ltr'><strong>Item:</strong></span> <span class='ocrx_word' id='word_1_495' title='bbox 1009 4167 1028 4199; x_wconf 76' lang='grc' dir='ltr'><strong>ι</strong></span> <span class='ocrx_word' id='word_1_496' title='bbox 1072 4148 1312 4204; x_wconf 86' lang='lat' dir='ltr'><strong>Hostiles</strong></span> <span class='ocrx_word' id='word_1_497' title='bbox 1367 4147 1686 4204; x_wconf 79' lang='lat' dir='ltr'><strong>defecerunt</strong></span> <span class='ocrx_word' id='word_1_498' title='bbox 1738 4151 1935 4221; x_wconf 77' lang='lat' dir='ltr'><strong>gladii,</strong></span> 
     </span>
    </p>
   </div>
   <div class='ocr_carea' id='block_1_75' title="bbox 363 4239 1941 4312">
    <p class='ocr_par' dir='ltr' id='par_1_75' title="bbox 363 4239 1941 4312">
     <span class='ocr_line' id='line_1_75' title="bbox 363 4239 1941 4312; baseline 0.001 -17"><span class='ocrx_word' id='word_1_499' title='bbox 363 4251 418 4295; x_wconf 86' lang='lat' dir='ltr'><strong>et</strong></span> <span class='ocrx_word' id='word_1_500' title='bbox 449 4242 611 4297; x_wconf 88' lang='lat' dir='ltr'><strong>urbes</strong></span> <span class='ocrx_word' id='word_1_501' title='bbox 637 4240 962 4297; x_wconf 82' lang='lat' dir='ltr'><strong>destruxisti</strong></span> <span class='ocrx_word' id='word_1_502' title='bbox 995 4242 1064 4294; x_wconf 86' lang='lat'><strong>&quot;&#39;.</strong></span> <span class='ocrx_word' id='word_1_503' title='bbox 1099 4260 1119 4293; x_wconf 71' lang='grc' dir='ltr'><strong>ι</strong></span> <span class='ocrx_word' id='word_1_504' title='bbox 1141 4241 1248 4295; x_wconf 89' lang='lat' dir='ltr'><strong>Tot</strong></span> <span class='ocrx_word' id='word_1_505' title='bbox 1280 4255 1409 4296; x_wconf 89' lang='lat' dir='ltr'><strong>vero</strong></span> <span class='ocrx_word' id='word_1_506' title='bbox 1435 4239 1599 4295; x_wconf 89' lang='lat' dir='ltr'><strong>urbes</strong></span> <span class='ocrx_word' id='word_1_507' title='bbox 1628 4249 1778 4310; x_wconf 88' lang='lat' dir='ltr'><strong>sunt,</strong></span> <span class='ocrx_word' id='word_1_508' title='bbox 1807 4249 1941 4312; x_wconf 90' lang='lat' dir='ltr'><strong>quot</strong></span> 
     </span>
    </p>
   </div>
   <div class='ocr_carea' id='block_1_76' title="bbox 367 4335 1940 4403">
    <p class='ocr_par' dir='ltr' id='par_1_76' title="bbox 367 4335 1940 4403">
     <span class='ocr_line' id='line_1_76' title="bbox 367 4335 1940 4403; baseline 0.002 -15"><span class='ocrx_word' id='word_1_509' title='bbox 367 4335 581 4391; x_wconf 88' lang='lat' dir='ltr'><strong>vivendi</strong></span> <span class='ocrx_word' id='word_1_510' title='bbox 636 4338 903 4403; x_wconf 86' lang='lat' dir='ltr'><strong>rationes,</strong></span> <span class='ocrx_word' id='word_1_511' title='bbox 967 4352 1032 4392; x_wconf 89' lang='lat' dir='ltr'><strong>ac</strong></span> <span class='ocrx_word' id='word_1_512' title='bbox 1074 4351 1278 4392; x_wconf 88' lang='lat' dir='ltr'><strong>mores.</strong></span> <span class='ocrx_word' id='word_1_513' title='bbox 1324 4335 1536 4392; x_wconf 64' lang='lat' dir='ltr'><strong>Politia:</strong></span> <span class='ocrx_word' id='word_1_514' title='bbox 1587 4337 1716 4392; x_wconf 90' lang='lat' dir='ltr'><strong>item</strong></span> <span class='ocrx_word' id='word_1_515' title='bbox 1773 4336 1940 4391; x_wconf 73' lang='lat' dir='ltr'><strong>variae</strong></span> 
     </span>
    </p>
   </div>
   <div class='ocr_carea' id='block_1_77' title="bbox 2027 3142 3594 3239">
    <p class='ocr_par' dir='ltr' id='par_1_77' title="bbox 2027 3142 3594 3239">
     <span class='ocr_line' id='line_1_77' title="bbox 2027 3142 3594 3239; baseline -0.017 -18"><span class='ocrx_word' id='word_1_516' title='bbox 2027 3161 2095 3239; x_wconf 88' lang='grc' dir='ltr'><strong>ἦς</strong></span> <span class='ocrx_word' id='word_1_517' title='bbox 2143 3142 2239 3219; x_wconf 74' lang='grc' dir='ltr'><strong>καὶ</strong></span> <span class='ocrx_word' id='word_1_518' title='bbox 2292 3162 2459 3216; x_wconf 71' lang='grc' dir='ltr'><strong>Δαϐὶδ</strong></span> <span class='ocrx_word' id='word_1_519' title='bbox 2523 3160 2653 3231; x_wconf 77' lang='grc' dir='ltr'><strong>περὶ</strong></span> <span class='ocrx_word' id='word_1_520' title='bbox 2694 3155 2932 3228; x_wconf 83' lang='grc' dir='ltr'><strong>Χριστοῦ</strong></span> <span class='ocrx_word' id='word_1_521' title='bbox 2983 3149 3367 3239; x_wconf 65' lang='grc' dir='ltr'><strong>προφητεύων</strong></span> <span class='ocrx_word' id='word_1_522' title='bbox 3391 3142 3594 3239; x_wconf 46' lang='grc' dir='ltr'><strong>φησίνς</strong></span> 
     </span>
    </p>
   </div>
   <div class='ocr_carea' id='block_1_78' title="bbox 2034 3228 3600 3320">
    <p class='ocr_par' dir='ltr' id='par_1_78' title="bbox 2034 3228 3600 3320">
     <span class='ocr_line' id='line_1_78' title="bbox 2034 3228 3600 3320; baseline -0.019 -8"><span class='ocrx_word' id='word_1_523' title='bbox 2034 3228 2086 3312; x_wconf 35' lang='lat' dir='ltr'><strong>cr</strong></span> <span class='ocrx_word' id='word_1_524' title='bbox 2107 3255 2381 3312; x_wconf 80' lang='grc' dir='ltr'><strong>’Δνατελεί</strong></span> <span class='ocrx_word' id='word_1_525' title='bbox 2411 3255 2470 3307; x_wconf 82' lang='grc' dir='ltr'><strong>έν</strong></span> <span class='ocrx_word' id='word_1_526' title='bbox 2493 3228 2615 3313; x_wconf 78' lang='grc' dir='ltr'><strong>ταῖς</strong></span> <span class='ocrx_word' id='word_1_527' title='bbox 2649 3249 2886 3320; x_wconf 81' lang='grc' dir='ltr'><strong>ἡμέραις</strong></span> <span class='ocrx_word' id='word_1_528' title='bbox 2922 3242 3086 3299; x_wconf 87' lang='grc' dir='ltr'><strong>αὐτοῦ</strong></span> <span class='ocrx_word' id='word_1_529' title='bbox 3121 3237 3467 3304; x_wconf 82' lang='grc' dir='ltr'><strong>δικαιοσύνη,</strong></span> <span class='ocrx_word' id='word_1_530' title='bbox 3506 3228 3600 3284; x_wconf 81' lang='grc' dir='ltr'><strong>καὶ</strong></span> 
     </span>
    </p>
   </div>
   <div class='ocr_carea' id='block_1_79' title="bbox 2031 3327 3596 3419">
    <p class='ocr_par' dir='ltr' id='par_1_79' title="bbox 2031 3327 3596 3419">
     <span class='ocr_line' id='line_1_79' title="bbox 2031 3327 3596 3419; baseline -0.019 -16"><span class='ocrx_word' id='word_1_531' title='bbox 2031 3348 2235 3419; x_wconf 82' lang='grc' dir='ltr'><strong>πλῆθος</strong></span> <span class='ocrx_word' id='word_1_532' title='bbox 2266 3345 2510 3415; x_wconf 75' lang='grc' dir='ltr'><strong>εἰρήνης,</strong></span> <span class='ocrx_word' id='word_1_533' title='bbox 2564 3341 2669 3403; x_wconf 75' lang='grc' dir='ltr'><strong>ἕως</strong></span> <span class='ocrx_word' id='word_1_534' title='bbox 2723 3334 2806 3391; x_wconf 59' lang='lat' dir='ltr'><strong>ob</strong></span> <span class='ocrx_word' id='word_1_535' title='bbox 2849 3331 3211 3404; x_wconf 79' lang='grc' dir='ltr'><strong>ἀνταναιρεθῇ</strong></span> <span class='ocrx_word' id='word_1_536' title='bbox 3252 3329 3285 3399; x_wconf 81' lang='grc' dir='ltr'>ἡ</span> <span class='ocrx_word' id='word_1_537' title='bbox 3324 3327 3596 3419; x_wconf 42' lang='lat' dir='ltr'><strong>adﬁxa—1].?</strong></span> 
     </span>
    </p>
   </div>
   <div class='ocr_carea' id='block_1_80' title="bbox 2030 3410 3600 3506">
    <p class='ocr_par' dir='ltr' id='par_1_80' title="bbox 2030 3410 3600 3506">
     <span class='ocr_line' id='line_1_80' title="bbox 2030 3410 3600 3506; baseline -0.018 -13"><span class='ocrx_word' id='word_1_538' title='bbox 2030 3410 2140 3502; x_wconf 76' lang='grc' dir='ltr'><strong>Ἧς</strong></span> <span class='ocrx_word' id='word_1_539' title='bbox 2163 3438 2212 3491; x_wconf 87' lang='grc' dir='ltr'><strong>οἰ</strong></span> <span class='ocrx_word' id='word_1_540' title='bbox 2242 3410 2579 3506; x_wconf 78' lang='grc' dir='ltr'><strong>πρωτότοκοι</strong></span> <span class='ocrx_word' id='word_1_541' title='bbox 2610 3429 2707 3484; x_wconf 69' lang='grc' dir='ltr'><strong>καὶ</strong></span> <span class='ocrx_word' id='word_1_542' title='bbox 2741 3425 2978 3497; x_wconf 74' lang='grc' dir='ltr'><strong>κεφαλαὶ</strong></span> <span class='ocrx_word' id='word_1_543' title='bbox 3013 3419 3440 3495; x_wconf 78' lang='grc' dir='ltr'><strong>χρηματίζουσι.</strong></span> <span class='ocrx_word' id='word_1_544' title='bbox 3465 3410 3600 3482; x_wconf 74' lang='grc' dir='ltr'><strong>Περὶ</strong></span> 
     </span>
    </p>
   </div>
   <div class='ocr_carea' id='block_1_81' title="bbox 2030 3507 3599 3599">
    <p class='ocr_par' dir='ltr' id='par_1_81' title="bbox 2030 3507 3599 3599">
     <span class='ocr_line' id='line_1_81' title="bbox 2030 3507 3599 3599; baseline -0.018 -16"><span class='ocrx_word' id='word_1_545' title='bbox 2030 3523 2106 3583; x_wconf 79' lang='grc' dir='ltr'><strong>ὧν</strong></span> <span class='ocrx_word' id='word_1_546' title='bbox 2146 3545 2300 3599; x_wconf 84' lang='grc' dir='ltr'><strong>φησι,</strong></span> <span class='ocrx_word' id='word_1_547' title='bbox 2337 3545 2356 3577; x_wconf 78' lang='grc' dir='ltr'><strong>ι</strong></span> <span class='ocrx_word' id='word_1_548' title='bbox 2392 3518 2951 3588; x_wconf 83' lang='grc' dir='ltr'><strong>Συνθλάσεικεφαλάς</strong></span> <span class='ocrx_word' id='word_1_549' title='bbox 2981 3512 3190 3586; x_wconf 75' lang='grc' dir='ltr'><strong>ἐχθρῶν</strong></span> <span class='ocrx_word' id='word_1_550' title='bbox 3208 3507 3398 3570; x_wconf 84' lang='grc' dir='ltr'><strong>αὐτοῦ,</strong></span> <span class='ocrx_word' id='word_1_551' title='bbox 3437 3519 3599 3574; x_wconf 84' lang='grc' dir='ltr'><strong>κορυ-</strong></span> 
     </span>
    </p>
   </div>
   <div class='ocr_carea' id='block_1_82' title="bbox 2035 3599 3594 3689">
    <p class='ocr_par' dir='ltr' id='par_1_82' title="bbox 2035 3599 3594 3689">
     <span class='ocr_line' id='line_1_82' title="bbox 2035 3599 3594 3689; baseline -0.017 -16"><span class='ocrx_word' id='word_1_552' title='bbox 2035 3619 2142 3689; x_wconf 82' lang='grc' dir='ltr'><strong>φὴν</strong></span> <span class='ocrx_word' id='word_1_553' title='bbox 2204 3615 2387 3688; x_wconf 77' lang='grc' dir='ltr'><strong>τριχὸς</strong></span> <span class='ocrx_word' id='word_1_554' title='bbox 2443 3604 2918 3684; x_wconf 80' lang='grc' dir='ltr'><strong>διαπορευομένων</strong></span> <span class='ocrx_word' id='word_1_555' title='bbox 2975 3610 3035 3660; x_wconf 82' lang='grc' dir='ltr'><strong>ὲν</strong></span> <span class='ocrx_word' id='word_1_556' title='bbox 3097 3599 3522 3689; x_wconf 74' lang='grc' dir='ltr'><strong>πλημμελείαις.</strong></span> <span class='ocrx_word' id='word_1_557' title='bbox 3555 3610 3594 3689; x_wconf 33' lang='grc' dir='ltr'><strong>ι»</strong></span> 
     </span>
    </p>
   </div>
   <div class='ocr_carea' id='block_1_83' title="bbox 2033 3682 3600 3771">
    <p class='ocr_par' dir='ltr' id='par_1_83' title="bbox 2033 3682 3600 3771">
     <span class='ocr_line' id='line_1_83' title="bbox 2033 3682 3600 3771; baseline -0.02 -7"><span class='ocrx_word' id='word_1_558' title='bbox 2033 3682 2144 3764; x_wconf 60' lang='lat' dir='ltr'><strong>im</strong></span> <span class='ocrx_word' id='word_1_559' title='bbox 2176 3682 2360 3771; x_wconf 59' lang='grc' dir='ltr'><strong>πάλιι,</strong></span> <span class='ocrx_word' id='word_1_560' title='bbox 2406 3723 2424 3757; x_wconf 75' lang='grc' dir='ltr'><strong>ι</strong></span> <span class='ocrx_word' id='word_1_561' title='bbox 2464 3704 2537 3756; x_wconf 81' lang='grc' dir='ltr'><strong>Σὺ</strong></span> <span class='ocrx_word' id='word_1_562' title='bbox 2574 3682 2907 3763; x_wconf 82' lang='grc' dir='ltr'><strong>συνέθλασας</strong></span> <span class='ocrx_word' id='word_1_563' title='bbox 2932 3699 3032 3760; x_wconf 83' lang='grc' dir='ltr'><strong>τὰς</strong></span> <span class='ocrx_word' id='word_1_564' title='bbox 3067 3693 3308 3763; x_wconf 86' lang='grc' dir='ltr'><strong>κεφαλὰς</strong></span> <span class='ocrx_word' id='word_1_565' title='bbox 3340 3687 3438 3742; x_wconf 87' lang='grc' dir='ltr'><strong>τοῦ</strong></span> <span class='ocrx_word' id='word_1_566' title='bbox 3476 3682 3600 3752; x_wconf 80' lang='grc' dir='ltr'><strong>δρά-</strong></span> 
     </span>
    </p>
   </div>
   <div class='ocr_carea' id='block_1_84' title="bbox 2035 3775 3597 3862">
    <p class='ocr_par' dir='ltr' id='par_1_84' title="bbox 2035 3775 3597 3862">
     <span class='ocr_line' id='line_1_84' title="bbox 2035 3775 3597 3862; baseline -0.017 -8"><span class='ocrx_word' id='word_1_567' title='bbox 2035 3815 2223 3862; x_wconf 87' lang='grc' dir='ltr'><strong>κοντος</strong></span> <span class='ocrx_word' id='word_1_568' title='bbox 2277 3796 2369 3850; x_wconf 73' lang='grc' dir='ltr'><strong>ἐπὶ</strong></span> <span class='ocrx_word' id='word_1_569' title='bbox 2431 3793 2525 3848; x_wconf 87' lang='grc' dir='ltr'><strong>τοῦ</strong></span> <span class='ocrx_word' id='word_1_570' title='bbox 2581 3792 2794 3856; x_wconf 75' lang='grc' dir='ltr'><strong>ὓδατος.</strong></span> <span class='ocrx_word' id='word_1_571' title='bbox 2833 3810 2853 3844; x_wconf 68' lang='grc' dir='ltr'><strong>ι</strong></span> <span class='ocrx_word' id='word_1_572' title='bbox 2898 3789 3010 3853; x_wconf 82' lang='grc' dir='ltr'><strong>Τάς</strong></span> <span class='ocrx_word' id='word_1_573' title='bbox 3059 3791 3122 3842; x_wconf 80' lang='grc' dir='ltr'><strong>ὲκ</strong></span> <span class='ocrx_word' id='word_1_574' title='bbox 3150 3784 3356 3840; x_wconf 82' lang='grc' dir='ltr'><strong>τούτων</strong></span> <span class='ocrx_word' id='word_1_575' title='bbox 3395 3779 3489 3833; x_wconf 74' lang='grc' dir='ltr'><strong>καὶ</strong></span> <span class='ocrx_word' id='word_1_576' title='bbox 3516 3775 3597 3827; x_wconf 68' lang='grc' dir='ltr'><strong>ἐπ’</strong></span> 
     </span>
    </p>
   </div>
   <div class='ocr_carea' id='block_1_85' title="bbox 2035 3873 3598 3958">
    <p class='ocr_par' dir='ltr' id='par_1_85' title="bbox 2035 3873 3598 3958">
     <span class='ocr_line' id='line_1_85' title="bbox 2035 3873 3598 3958; baseline -0.019 -11"><span class='ocrx_word' id='word_1_577' title='bbox 2035 3893 2226 3954; x_wconf 85' lang='grc' dir='ltr'><strong>αὐταῖς</strong></span> <span class='ocrx_word' id='word_1_578' title='bbox 2278 3887 2589 3958; x_wconf 80' lang='grc' dir='ltr'><strong>οἰκοδομίας</strong></span> <span class='ocrx_word' id='word_1_579' title='bbox 2640 3884 2926 3954; x_wconf 88' lang='grc' dir='ltr'><strong>καθαιρεῖν</strong></span> <span class='ocrx_word' id='word_1_580' title='bbox 2992 3877 3259 3951; x_wconf 82' lang='grc' dir='ltr'><strong>Ἱερεμίας</strong></span> <span class='ocrx_word' id='word_1_581' title='bbox 3327 3873 3598 3958; x_wconf 50' lang='grc' dir='ltr'><strong>ἐτάττετο,</strong></span> 
     </span>
    </p>
   </div>
   <div class='ocr_carea' id='block_1_86' title="bbox 2037 3953 3597 4055">
    <p class='ocr_par' dir='ltr' id='par_1_86' title="bbox 2037 3953 3597 4055">
     <span class='ocr_line' id='line_1_86' title="bbox 2037 3953 3597 4055; baseline -0.026 -10"><span class='ocrx_word' id='word_1_582' title='bbox 2037 3982 2177 4055; x_wconf 66' lang='grc' dir='ltr'><strong>Περὶ</strong></span> <span class='ocrx_word' id='word_1_583' title='bbox 2201 3953 2276 4035; x_wconf 62' lang='lat' dir='ltr'><strong>(iw</strong></span> <span class='ocrx_word' id='word_1_584' title='bbox 2305 3996 2438 4049; x_wconf 84' lang='grc' dir='ltr'><strong>φησι</strong></span> <span class='ocrx_word' id='word_1_585' title='bbox 2453 3953 2554 4030; x_wconf 64' lang='grc' dir='ltr'><strong>καὶ</strong></span> <span class='ocrx_word' id='word_1_586' title='bbox 2583 3974 2768 4040; x_wconf 75' lang='grc' dir='ltr'><strong>Δαϐὶδ,</strong></span> <span class='ocrx_word' id='word_1_587' title='bbox 2799 3953 2818 4025; x_wconf 72' lang='grc' dir='ltr'><strong>ι</strong></span> <span class='ocrx_word' id='word_1_588' title='bbox 2857 3970 3123 4032; x_wconf 81' lang='grc' dir='ltr'><strong>Καθελεῖς</strong></span> <span class='ocrx_word' id='word_1_589' title='bbox 3181 3965 3405 4028; x_wconf 79' lang='grc' dir='ltr'><strong>αὐτοὺς,</strong></span> <span class='ocrx_word' id='word_1_590' title='bbox 3428 3953 3597 4055; x_wconf 55' lang='grc' dir='ltr'><strong>καὶῇού</strong></span> 
     </span>
    </p>
   </div>
   <div class='ocr_carea' id='block_1_87' title="bbox 2042 4046 3600 4146">
    <p class='ocr_par' dir='ltr' id='par_1_87' title="bbox 2042 4046 3600 4146">
     <span class='ocr_line' id='line_1_87' title="bbox 2042 4046 3600 4146; baseline -0.017 -17"><span class='ocrx_word' id='word_1_591' title='bbox 2042 4046 2132 4146; x_wconf 44' lang='grc' dir='ltr'><strong>μὴ.</strong></span> <span class='ocrx_word' id='word_1_592' title='bbox 2175 4046 2538 4142; x_wconf 37' lang='grc' dir='ltr'><strong>οίκοδ-ομήσῃς</strong></span> <span class='ocrx_word' id='word_1_593' title='bbox 2599 4066 2812 4128; x_wconf 81' lang='grc' dir='ltr'><strong>αὐτούς.</strong></span> <span class='ocrx_word' id='word_1_594' title='bbox 2858 4083 2876 4116; x_wconf 77' lang='grc' dir='ltr'><strong>ι</strong></span> <span class='ocrx_word' id='word_1_595' title='bbox 2913 4063 3041 4127; x_wconf 78' lang='grc' dir='ltr'><strong>Καὶ,</strong></span> <span class='ocrx_word' id='word_1_596' title='bbox 3093 4078 3112 4112; x_wconf 75' lang='lat' dir='ltr'><strong>r</strong></span> <span class='ocrx_word' id='word_1_597' title='bbox 3159 4057 3266 4111; x_wconf 88' lang='grc' dir='ltr'><strong>Τοῦ</strong></span> <span class='ocrx_word' id='word_1_598' title='bbox 3289 4051 3489 4146; x_wconf 74' lang='grc' dir='ltr'><strong>ἐχθροῦ</strong></span> <span class='ocrx_word' id='word_1_599' title='bbox 3517 4046 3600 4112; x_wconf 62' lang='grc' dir='ltr'><strong>ἐξ·</strong></span> 
     </span>
    </p>
   </div>
   <div class='ocr_carea' id='block_1_88' title="bbox 2039 4145 3594 4234">
    <p class='ocr_par' dir='ltr' id='par_1_88' title="bbox 2039 4145 3594 4234">
     <span class='ocr_line' id='line_1_88' title="bbox 2039 4145 3594 4234; baseline -0.015 -16"><span class='ocrx_word' id='word_1_600' title='bbox 2039 4145 2224 4219; x_wconf 84' lang='grc' dir='ltr'><strong>έλιπον</strong></span> <span class='ocrx_word' id='word_1_601' title='bbox 2292 4165 2349 4216; x_wconf 88' lang='grc' dir='ltr'><strong>αἰ</strong></span> <span class='ocrx_word' id='word_1_602' title='bbox 2414 4161 2699 4234; x_wconf 82' lang='grc' dir='ltr'><strong>ρομφαῖαι.</strong></span> <span class='ocrx_word' id='word_1_603' title='bbox 2728 4177 2746 4209; x_wconf 75' lang='grc' dir='ltr'><strong>ι</strong></span> <span class='ocrx_word' id='word_1_604' title='bbox 2788 4157 2921 4221; x_wconf 72' lang='grc' dir='ltr'><strong>Καὶ,</strong></span> <span class='ocrx_word' id='word_1_605' title='bbox 2961 4173 2981 4206; x_wconf 75' lang='grc' dir='ltr'><strong>ι</strong></span> <span class='ocrx_word' id='word_1_606' title='bbox 3025 4152 3214 4214; x_wconf 86' lang='grc' dir='ltr'><strong>Πόλεις</strong></span> <span class='ocrx_word' id='word_1_607' title='bbox 3272 4145 3539 4205; x_wconf 78' lang='grc' dir='ltr'><strong>καθεῖλες.</strong></span> <span class='ocrx_word' id='word_1_608' title='bbox 3573 4155 3594 4192; x_wconf 72' lang='grc' dir='ltr'><strong>ι</strong></span> 
     </span>
    </p>
   </div>
   <div class='ocr_carea' id='block_1_89' title="bbox 2042 4236 3602 4317">
    <p class='ocr_par' dir='ltr' id='par_1_89' title="bbox 2042 4236 3602 4317">
     <span class='ocr_line' id='line_1_89' title="bbox 2042 4236 3602 4317; baseline -0.017 -7"><span class='ocrx_word' id='word_1_609' title='bbox 2042 4254 2243 4310; x_wconf 79' lang='grc' dir='ltr'><strong>Πολλαὶ</strong></span> <span class='ocrx_word' id='word_1_610' title='bbox 2279 4252 2336 4306; x_wconf 84' lang='grc' dir='ltr'><strong>δὲ</strong></span> <span class='ocrx_word' id='word_1_611' title='bbox 2353 4255 2407 4307; x_wconf 88' lang='grc' dir='ltr'><strong>αἰ</strong></span> <span class='ocrx_word' id='word_1_612' title='bbox 2433 4252 2640 4314; x_wconf 86' lang='grc' dir='ltr'><strong>πόλεις,</strong></span> <span class='ocrx_word' id='word_1_613' title='bbox 2693 4250 2807 4303; x_wconf 80' lang='grc' dir='ltr'><strong>ὅσοι</strong></span> <span class='ocrx_word' id='word_1_614' title='bbox 2843 4246 2971 4317; x_wconf 83' lang='grc' dir='ltr'><strong>βίοι,</strong></span> <span class='ocrx_word' id='word_1_615' title='bbox 3023 4243 3120 4297; x_wconf 77' lang='grc' dir='ltr'><strong>καὶ</strong></span> <span class='ocrx_word' id='word_1_616' title='bbox 3146 4241 3358 4312; x_wconf 89' lang='grc' dir='ltr'><strong>τρόποι,</strong></span> <span class='ocrx_word' id='word_1_617' title='bbox 3392 4236 3485 4290; x_wconf 75' lang='grc' dir='ltr'><strong>καὶ</strong></span> <span class='ocrx_word' id='word_1_618' title='bbox 3508 4247 3602 4284; x_wconf 82' lang='grc' dir='ltr'><strong>πο·</strong></span> 
     </span>
    </p>
   </div>
   <div class='ocr_carea' id='block_1_90' title="bbox 2041 4322 3596 4410">
    <p class='ocr_par' dir='ltr' id='par_1_90' title="bbox 2041 4322 3596 4410">
     <span class='ocr_line' id='line_1_90' title="bbox 2041 4322 3596 4410; baseline -0.016 -12"><span class='ocrx_word' id='word_1_619' title='bbox 2041 4345 2257 4410; x_wconf 83' lang='grc' dir='ltr'><strong>λιτεῖαι,</strong></span> <span class='ocrx_word' id='word_1_620' title='bbox 2299 4343 2441 4397; x_wconf 87' lang='grc' dir='ltr'><strong>κατά</strong></span> <span class='ocrx_word' id='word_1_621' title='bbox 2468 4342 2567 4404; x_wconf 83' lang='grc' dir='ltr'><strong>τὰς</strong></span> <span class='ocrx_word' id='word_1_622' title='bbox 2587 4340 2851 4409; x_wconf 74' lang='grc' dir='ltr'><strong>διαφορὰς</strong></span> <span class='ocrx_word' id='word_1_623' title='bbox 2899 4335 3005 4390; x_wconf 84' lang='grc' dir='ltr'><strong>τῶν</strong></span> <span class='ocrx_word' id='word_1_624' title='bbox 3054 4333 3156 4402; x_wconf 79' lang='grc' dir='ltr'><strong>τῆς</strong></span> <span class='ocrx_word' id='word_1_625' title='bbox 3185 4330 3386 4391; x_wconf 82' lang='grc' dir='ltr'><strong>κακίας</strong></span> <span class='ocrx_word' id='word_1_626' title='bbox 3416 4322 3596 4379; x_wconf 74' lang='grc' dir='ltr'><strong>εἰδῶνο</strong></span> 
     </span>
    </p>
   </div>
   <div class='ocr_carea' id='block_1_91' title="bbox 367 4409 1924 4504">
    <p class='ocr_par' dir='ltr' id='par_1_91' title="bbox 367 4425 1924 4500">
     <span class='ocr_line' id='line_1_91' title="bbox 367 4425 1924 4500; baseline 0.001 -19"><span class='ocrx_word' id='word_1_627' title='bbox 367 4434 516 4491; x_wconf 84' lang='lat' dir='ltr'><strong>sunt,</strong></span> <span class='ocrx_word' id='word_1_628' title='bbox 577 4439 737 4496; x_wconf 91' lang='lat' dir='ltr'><strong>prout</strong></span> <span class='ocrx_word' id='word_1_629' title='bbox 767 4429 1024 4500; x_wconf 62' lang='lat' dir='ltr'><strong>nequitia</strong></span> <span class='ocrx_word' id='word_1_630' title='bbox 1057 4427 1248 4484; x_wconf 75' lang='lat' dir='ltr'><strong>forma:</strong></span> <span class='ocrx_word' id='word_1_631' title='bbox 1278 4442 1418 4498; x_wconf 91' lang='lat' dir='ltr'><strong>quas</strong></span> <span class='ocrx_word' id='word_1_632' title='bbox 1446 4427 1717 4484; x_wconf 71' lang='lat' dir='ltr'><strong>destruxit</strong></span> <span class='ocrx_word' id='word_1_633' title='bbox 1750 4425 1924 4482; x_wconf 89' lang='lat' dir='ltr'><strong>Domi-</strong></span> 
     </span>
    </p>
   </div>
   <div class='ocr_carea' id='block_1_92' title="bbox 2025 4409 3598 4504">
    <p class='ocr_par' dir='ltr' id='par_1_92' title="bbox 2038 4410 3598 4504">
     <span class='ocr_line' id='line_1_92' title="bbox 2038 4410 3598 4504; baseline -0.019 -11"><span class='ocrx_word' id='word_1_634' title='bbox 2038 4437 2104 4501; x_wconf 83' lang='grc' dir='ltr'><strong>ἀς</strong></span> <span class='ocrx_word' id='word_1_635' title='bbox 2128 4436 2375 4491; x_wconf 85' lang='grc' dir='ltr'><strong>καθεῖλεν</strong></span> <span class='ocrx_word' id='word_1_636' title='bbox 2437 4437 2467 4488; x_wconf 90' lang='lat'><strong>6</strong></span> <span class='ocrx_word' id='word_1_637' title='bbox 2509 4433 2738 4504; x_wconf 83' lang='grc' dir='ltr'><strong>Κύριος.</strong></span> <span class='ocrx_word' id='word_1_638' title='bbox 2792 4426 3036 4484; x_wconf 88' lang='grc' dir='ltr'><strong>Τοιοῦτοί</strong></span> <span class='ocrx_word' id='word_1_639' title='bbox 3063 4423 3210 4488; x_wconf 82' lang='grc' dir='ltr'><strong>τινες</strong></span> <span class='ocrx_word' id='word_1_640' title='bbox 3257 4418 3399 4492; x_wconf 80' lang='grc' dir='ltr'><strong>ἦσαν</strong></span> <span class='ocrx_word' id='word_1_641' title='bbox 3432 4414 3524 4468; x_wconf 78' lang='grc' dir='ltr'><strong>καὶ</strong></span> <span class='ocrx_word' id='word_1_642' title='bbox 3553 4410 3598 4463; x_wconf 83' lang='grc' dir='ltr'><strong>οἰ</strong></span> 
     </span>
    </p>
   </div>
   <div class='ocr_carea' id='block_1_93' title="bbox 367 4516 1940 4591">
    <p class='ocr_par' dir='ltr' id='par_1_93' title="bbox 367 4516 1940 4591">
     <span class='ocr_line' id='line_1_93' title="bbox 367 4516 1940 4591; baseline -0.001 -19"><span class='ocrx_word' id='word_1_643' title='bbox 367 4534 496 4582; x_wconf 86' lang='lat' dir='ltr'><strong>nus,</strong></span> <span class='ocrx_word' id='word_1_644' title='bbox 534 4530 662 4573; x_wconf 92' lang='lat' dir='ltr'><strong>sunt</strong></span> <span class='ocrx_word' id='word_1_645' title='bbox 694 4520 948 4575; x_wconf 65' lang='lat' dir='ltr'><strong>diversae.</strong></span> <span class='ocrx_word' id='word_1_646' title='bbox 982 4518 1116 4590; x_wconf 85' lang='lat' dir='ltr'><strong>Ejus</strong></span> <span class='ocrx_word' id='word_1_647' title='bbox 1164 4519 1384 4591; x_wconf 89' lang='lat' dir='ltr'><strong>generis</strong></span> <span class='ocrx_word' id='word_1_648' title='bbox 1431 4516 1776 4589; x_wconf 81' lang='lat' dir='ltr'><strong>primogeniti</strong></span> <span class='ocrx_word' id='word_1_649' title='bbox 1800 4532 1940 4586; x_wconf 89' lang='lat' dir='ltr'><strong>quo-</strong></span> 
     </span>
    </p>
   </div>
   <div class='ocr_carea' id='block_1_94' title="bbox 370 4607 1937 4681">
    <p class='ocr_par' dir='ltr' id='par_1_94' title="bbox 370 4607 1937 4681">
     <span class='ocr_line' id='line_1_94' title="bbox 370 4607 1937 4681; baseline -0.003 -17"><span class='ocrx_word' id='word_1_650' title='bbox 370 4624 475 4676; x_wconf 88' lang='lat' dir='ltr'><strong>que</strong></span> <span class='ocrx_word' id='word_1_651' title='bbox 512 4607 896 4681; x_wconf 67' lang='lat' dir='ltr'><strong>Egyptiorum</strong></span> <span class='ocrx_word' id='word_1_652' title='bbox 958 4617 1138 4676; x_wconf 90' lang='lat' dir='ltr'><strong>erant,</strong></span> <span class='ocrx_word' id='word_1_653' title='bbox 1163 4625 1300 4680; x_wconf 89' lang='lat' dir='ltr'><strong>quos</strong></span> <span class='ocrx_word' id='word_1_654' title='bbox 1351 4609 1614 4665; x_wconf 87' lang='lat' dir='ltr'><strong>Dominus</strong></span> <span class='ocrx_word' id='word_1_655' title='bbox 1661 4607 1937 4672; x_wconf 89' lang='lat' dir='ltr'><strong>abolevit;</strong></span> 
     </span>
    </p>
   </div>
   <div class='ocr_carea' id='block_1_95' title="bbox 371 4696 1942 4770">
    <p class='ocr_par' dir='ltr' id='par_1_95' title="bbox 371 4696 1942 4770">
     <span class='ocr_line' id='line_1_95' title="bbox 371 4696 1942 4770; baseline -0.001 -19"><span class='ocrx_word' id='word_1_656' title='bbox 371 4713 537 4770; x_wconf 85' lang='lat' dir='ltr'><strong>super</strong></span> <span class='ocrx_word' id='word_1_657' title='bbox 591 4699 795 4769; x_wconf 85' lang='lat' dir='ltr'><strong>quibus</strong></span> <span class='ocrx_word' id='word_1_658' title='bbox 852 4706 1050 4755; x_wconf 89' lang='lat' dir='ltr'><strong>cuncta</strong></span> <span class='ocrx_word' id='word_1_659' title='bbox 1121 4697 1394 4770; x_wconf 62' lang='lat' dir='ltr'><strong>Egyptus</strong></span> <span class='ocrx_word' id='word_1_660' title='bbox 1472 4696 1771 4768; x_wconf 87' lang='lat' dir='ltr'><strong>impietatis</strong></span> <span class='ocrx_word' id='word_1_661' title='bbox 1827 4711 1942 4752; x_wconf 72' lang='lat' dir='ltr'><strong>suae</strong></span> 
     </span>
    </p>
   </div>
   <div class='ocr_carea' id='block_1_96' title="bbox 370 4787 1943 4861">
    <p class='ocr_par' dir='ltr' id='par_1_96' title="bbox 370 4787 1943 4861">
     <span class='ocr_line' id='line_1_96' title="bbox 370 4787 1943 4861; baseline -0.003 -17"><span class='ocrx_word' id='word_1_662' title='bbox 370 4789 626 4861; x_wconf 76' lang='lat' dir='ltr'><strong>dogmata</strong></span> <span class='ocrx_word' id='word_1_663' title='bbox 683 4789 1024 4855; x_wconf 80' lang='lat' dir='ltr'><strong>fundaverat,</strong></span> <span class='ocrx_word' id='word_1_664' title='bbox 1074 4789 1336 4860; x_wconf 90' lang='lat' dir='ltr'><strong>quocirca</strong></span> <span class='ocrx_word' id='word_1_665' title='bbox 1387 4787 1678 4842; x_wconf 88' lang='lat' dir='ltr'><strong>immodice</strong></span> <span class='ocrx_word' id='word_1_666' title='bbox 1725 4800 1943 4855; x_wconf 91' lang='lat' dir='ltr'><strong>quoque</strong></span> 
     </span>
    </p>
   </div>
   <div class='ocr_carea' id='block_1_97' title="bbox 371 4885 960 4940">
    <p class='ocr_par' dir='ltr' id='par_1_97' title="bbox 371 4885 960 4940">
     <span class='ocr_line' id='line_1_97' title="bbox 371 4885 960 4940; baseline -0.002 -2"><span class='ocrx_word' id='word_1_667' title='bbox 371 4898 469 4940; x_wconf 85' lang='lat' dir='ltr'><strong>eos</strong></span> <span class='ocrx_word' id='word_1_668' title='bbox 501 4885 776 4939; x_wconf 86' lang='lat' dir='ltr'><strong>lamentati</strong></span> <span class='ocrx_word' id='word_1_669' title='bbox 812 4891 960 4940; x_wconf 90' lang='lat' dir='ltr'><strong>sunt.</strong></span> 
     </span>
    </p>
   </div>
   <div class='ocr_carea' id='block_1_98' title="bbox 2041 4507 3596 4595">
    <p class='ocr_par' dir='ltr' id='par_1_98' title="bbox 2041 4507 3596 4595">
     <span class='ocr_line' id='line_1_98' title="bbox 2041 4507 3596 4595; baseline -0.001 -14"><span class='ocrx_word' id='word_1_670' title='bbox 2041 4526 2150 4581; x_wconf 87' lang='grc' dir='ltr'><strong>τῶν</strong></span> <span class='ocrx_word' id='word_1_671' title='bbox 2177 4525 2492 4594; x_wconf 83' lang='grc' dir='ltr'><strong>Αἰγυπτίων</strong></span> <span class='ocrx_word' id='word_1_672' title='bbox 2524 4522 2881 4595; x_wconf 87' lang='grc' dir='ltr'><strong>πρωτότοκοι,</strong></span> <span class='ocrx_word' id='word_1_673' title='bbox 2920 4515 3013 4580; x_wconf 86' lang='grc' dir='ltr'><strong>οὒς</strong></span> <span class='ocrx_word' id='word_1_674' title='bbox 3045 4518 3073 4568; x_wconf 92' lang='lat'><strong>6</strong></span> <span class='ocrx_word' id='word_1_675' title='bbox 3104 4513 3234 4575; x_wconf 79' lang='grc' dir='ltr'><strong>Θεὸς</strong></span> <span class='ocrx_word' id='word_1_676' title='bbox 3267 4507 3596 4595; x_wconf 67' lang='grc' dir='ltr'><strong>ἐξηφάνισενς</strong></span> 
     </span>
    </p>
   </div>
   <div class='ocr_carea' id='block_1_99' title="bbox 2057 4588 3599 4688">
    <p class='ocr_par' dir='ltr' id='par_1_99' title="bbox 2057 4588 3599 4688">
     <span class='ocr_line' id='line_1_99' title="bbox 2057 4588 3599 4688; baseline -0.027 0"><span class='ocrx_word' id='word_1_677' title='bbox 2057 4620 2173 4688; x_wconf 78' lang='grc' dir='ltr'><strong>Ἐφ’</strong></span> <span class='ocrx_word' id='word_1_678' title='bbox 2208 4588 2290 4682; x_wconf 60' lang='grc' dir='ltr'><strong>θές</strong></span> <span class='ocrx_word' id='word_1_679' title='bbox 2338 4588 2618 4686; x_wconf 75' lang='grc' dir='ltr'><strong>Αἴγυπτος</strong></span> <span class='ocrx_word' id='word_1_680' title='bbox 2648 4614 2834 4668; x_wconf 82' lang='grc' dir='ltr'><strong>ἀπασα</strong></span> <span class='ocrx_word' id='word_1_681' title='bbox 2859 4612 2958 4680; x_wconf 82' lang='grc' dir='ltr'><strong>τῆς</strong></span> <span class='ocrx_word' id='word_1_682' title='bbox 2984 4606 3234 4666; x_wconf 82' lang='grc' dir='ltr'><strong>ἀσεϐείας</strong></span> <span class='ocrx_word' id='word_1_683' title='bbox 3252 4601 3514 4673; x_wconf 79' lang='grc' dir='ltr'><strong>ᾠκοδόμει</strong></span> <span class='ocrx_word' id='word_1_684' title='bbox 3538 4588 3599 4642; x_wconf 77' lang='grc' dir='ltr'><strong>τὰ</strong></span> 
     </span>
    </p>
   </div>
   <div class='ocr_carea' id='block_1_100' title="bbox 2044 4697 3331 4779">
    <p class='ocr_par' dir='ltr' id='par_1_100' title="bbox 2044 4697 3331 4779">
     <span class='ocr_line' id='line_1_100' title="bbox 2044 4697 3331 4779; baseline -0.013 -15"><span class='ocrx_word' id='word_1_685' title='bbox 2044 4710 2312 4779; x_wconf 88' lang='grc' dir='ltr'><strong>δόγματα.</strong></span> <span class='ocrx_word' id='word_1_686' title='bbox 2346 4708 2438 4762; x_wconf 86' lang='grc' dir='ltr'><strong>Διὸ</strong></span> <span class='ocrx_word' id='word_1_687' title='bbox 2477 4707 2571 4761; x_wconf 76' lang='grc' dir='ltr'><strong>καὶ</strong></span> <span class='ocrx_word' id='word_1_688' title='bbox 2598 4705 2720 4758; x_wconf 86' lang='grc' dir='ltr'><strong>λίαν</strong></span> <span class='ocrx_word' id='word_1_689' title='bbox 2743 4702 2970 4764; x_wconf 85' lang='grc' dir='ltr'><strong>τούτους</strong></span> <span class='ocrx_word' id='word_1_690' title='bbox 3000 4697 3331 4766; x_wconf 81' lang='grc' dir='ltr'><strong>ὲθρήνησαν.</strong></span> 
     </span>
    </p>
   </div>
   <div class='ocr_carea' id='block_1_101' title="bbox 356 4971 3598 5074">
    <p class='ocr_par' dir='ltr' id='par_1_101' title="bbox 356 4971 3598 5074">
     <span class='ocr_line' id='line_1_101' title="bbox 356 4971 3598 5074; baseline -0.008 -23"><span class='ocrx_word' id='word_1_691' title='bbox 356 5013 358 5016; x_wconf 76' lang='lat'>&#39;</span> <span class='ocrx_word' id='word_1_692' title='bbox 443 4998 796 5055; x_wconf 74' lang='lat' dir='ltr'><strong>Prwvaricati</strong></span> <span class='ocrx_word' id='word_1_693' title='bbox 831 5007 954 5053; x_wconf 79' lang='lat' dir='ltr'><strong>sunt</strong></span> <span class='ocrx_word' id='word_1_694' title='bbox 993 5005 1168 5052; x_wconf 81' lang='lat' dir='ltr'><strong>autem</strong></span> <span class='ocrx_word' id='word_1_695' title='bbox 1202 4994 1304 5064; x_wconf 77' lang='lat' dir='ltr'><strong>ﬁlii</strong></span> <span class='ocrx_word' id='word_1_696' title='bbox 1338 4991 1511 5047; x_wconf 78' lang='lat' dir='ltr'><strong>Israel</strong></span> <span class='ocrx_word' id='word_1_697' title='bbox 1536 4993 2057 5061; x_wconf 65' lang='lat' dir='ltr'><strong>praevaricationem,</strong></span> <span class='ocrx_word' id='word_1_698' title='bbox 2089 5002 2196 5050; x_wconf 90' lang='lat' dir='ltr'><strong>etc.</strong></span> <span class='ocrx_word' id='word_1_699' title='bbox 2231 4989 2369 5064; x_wconf 78' lang='lat' dir='ltr'><strong>[Vll,</strong></span> <span class='ocrx_word' id='word_1_700' title='bbox 2411 4985 2659 5074; x_wconf 18' lang='lat' dir='ltr'><strong>1.]7Nam</strong></span> <span class='ocrx_word' id='word_1_701' title='bbox 2689 4983 2783 5040; x_wconf 91' lang='lat' dir='ltr'><strong>Dei</strong></span> <span class='ocrx_word' id='word_1_702' title='bbox 2813 4981 2964 5038; x_wconf 87' lang='lat' dir='ltr'><strong>viros</strong></span> <span class='ocrx_word' id='word_1_703' title='bbox 2989 4971 3598 5074; x_wconf 39' lang='lat' dir='ltr'><strong>nonldivitiarumz-l-lgl:</strong></span> 
     </span>
    </p>
   </div>
   <div class='ocr_carea' id='block_1_102' title="bbox 375 5052 3600 5182">
    <p class='ocr_par' dir='ltr' id='par_1_102' title="bbox 375 5052 3600 5182">
     <span class='ocr_line' id='line_1_102' title="bbox 375 5052 3600 5182; baseline -0.013 -25"><span class='ocrx_word' id='word_1_704' title='bbox 375 5087 582 5157; x_wconf 58' lang='grc' dir='ltr'><strong>εἰσεῖδε,</strong></span> <span class='ocrx_word' id='word_1_705' title='bbox 621 5103 728 5142; x_wconf 89' lang='lat' dir='ltr'><strong>non</strong></span> <span class='ocrx_word' id='word_1_706' title='bbox 759 5087 1037 5157; x_wconf 51' lang='lat' dir='ltr'><strong>potentiai,</strong></span> <span class='ocrx_word' id='word_1_707' title='bbox 1069 5099 1177 5138; x_wconf 89' lang='lat' dir='ltr'><strong>non</strong></span> <span class='ocrx_word' id='word_1_708' title='bbox 1202 5052 1490 5151; x_wconf 67' lang='lat' dir='ltr'><strong>sapientiae</strong></span> <span class='ocrx_word' id='word_1_709' title='bbox 1545 5079 1824 5135; x_wconf 61' lang='lat' dir='ltr'><strong>saecularis</strong></span> <span class='ocrx_word' id='word_1_710' title='bbox 1859 5080 2086 5150; x_wconf 82' lang='lat' dir='ltr'><strong>cupidos</strong></span> <span class='ocrx_word' id='word_1_711' title='bbox 2115 5095 2240 5136; x_wconf 85' lang='lat' dir='ltr'><strong>esse</strong></span> <span class='ocrx_word' id='word_1_712' title='bbox 2281 5078 2459 5132; x_wconf 89' lang='lat' dir='ltr'><strong>decet.</strong></span> <span class='ocrx_word' id='word_1_713' title='bbox 2501 5073 2598 5129; x_wconf 90' lang='lat' dir='ltr'><strong>Est</strong></span> <span class='ocrx_word' id='word_1_714' title='bbox 2648 5080 2832 5126; x_wconf 91' lang='lat' dir='ltr'><strong>autem</strong></span> <span class='ocrx_word' id='word_1_715' title='bbox 2875 5081 3069 5182; x_wconf 59' lang='lat' dir='ltr'><strong>auru|i|n</strong></span> <span class='ocrx_word' id='word_1_716' title='bbox 3101 5060 3417 5182; x_wconf 42' lang='lat' dir='ltr'><strong>divinari:</strong></span> <span class='ocrx_word' id='word_1_717' title='bbox 3447 5052 3600 5182; x_wconf 50' lang='grc' dir='ltr'><strong>ξιξ)ιέἷέ</strong></span> 
     </span>
     <span class='ocr_line' id='line_1_103' title="bbox 540 5159 3387 5182; baseline 0 0"><span class='ocrx_word' id='word_1_718' title='bbox 540 5173 550 5182; x_wconf 86' lang='grc'><strong>.</strong></span> <span class='ocrx_word' id='word_1_719' title='bbox 808 5175 820 5182; x_wconf 86' lang='grc'><strong>.</strong></span> <span class='ocrx_word' id='word_1_720' title='bbox 985 5180 993 5182; x_wconf 36' lang='grc' dir='ltr'>μ</span> <span class='ocrx_word' id='word_1_721' title='bbox 1380 5168 1391 5182; x_wconf 78' lang='grc' dir='ltr'><strong>ι</strong></span> <span class='ocrx_word' id='word_1_722' title='bbox 1485 5165 1596 5182; x_wconf 57' lang='lat'><strong>1,,,</strong></span> <span class='ocrx_word' id='word_1_723' title='bbox 1652 5181 1662 5182; x_wconf 32' lang='grc' dir='ltr'><em>κ</em></span> <span class='ocrx_word' id='word_1_724' title='bbox 1790 5167 1827 5182; x_wconf 64' lang='lat' dir='ltr'><strong>,I</strong></span> <span class='ocrx_word' id='word_1_725' title='bbox 1903 5168 1913 5178; x_wconf 84' lang='lat'><strong>-</strong></span> <span class='ocrx_word' id='word_1_726' title='bbox 2319 5177 2329 5182; x_wconf 84' lang='grc'><strong>-</strong></span> <span class='ocrx_word' id='word_1_727' title='bbox 2375 5173 2388 5182; x_wconf 64' lang='grc' dir='ltr'><strong><em>Α</em></strong></span> <span class='ocrx_word' id='word_1_728' title='bbox 2452 5159 2844 5182; x_wconf 65' lang='lat' dir='ltr'><strong>j9_-_!.-a!-_..-</strong></span> <span class='ocrx_word' id='word_1_729' title='bbox 2877 5169 3006 5182; x_wconf 71' lang='grc' dir='ltr'><strong>,ιοΑη</strong></span> <span class='ocrx_word' id='word_1_730' title='bbox 3052 5167 3115 5182; x_wconf 71' lang='lat' dir='ltr'>un</span> <span class='ocrx_word' id='word_1_731' title='bbox 3151 5163 3253 5182; x_wconf 70' lang='lat' dir='ltr'><strong>nam</strong></span> <span class='ocrx_word' id='word_1_732' title='bbox 3380 5177 3387 5182; x_wconf 89' lang='lat'><strong>.</strong></span> 
     </span>
    </p>
   </div>
   <div class='ocr_carea' id='block_1_103' title="bbox 378 5143 3569 5253">
    <p class='ocr_par' dir='ltr' id='par_1_103' title="bbox 378 5143 3569 5253">
     <span class='ocr_line' id='line_1_104' title="bbox 378 5143 3569 5253; baseline -0.009 -26"><span class='ocrx_word' id='word_1_733' title='bbox 378 5143 472 5227; x_wconf 64' lang='lat' dir='ltr'><strong>seu</strong></span> <span class='ocrx_word' id='word_1_734' title='bbox 538 5143 739 5245; x_wconf 77' lang='lat' dir='ltr'><strong>imago.</strong></span> <span class='ocrx_word' id='word_1_735' title='bbox 762 5143 1094 5244; x_wconf 50' lang='lat' dir='ltr'><strong>-Argentum</strong></span> <span class='ocrx_word' id='word_1_736' title='bbox 1125 5143 1288 5224; x_wconf 41' lang='lat' dir='ltr'><strong>vero-</strong></span> <span class='ocrx_word' id='word_1_737' title='bbox 1310 5165 1606 5237; x_wconf 85' lang='lat' dir='ltr'><strong>splendore</strong></span> <span class='ocrx_word' id='word_1_738' title='bbox 1646 5181 1748 5222; x_wconf 88' lang='lat' dir='ltr'><strong>suo</strong></span> <span class='ocrx_word' id='word_1_739' title='bbox 1777 5167 2006 5237; x_wconf 83' lang='lat' dir='ltr'><strong>gloriam</strong></span> <span class='ocrx_word' id='word_1_740' title='bbox 2039 5173 2414 5236; x_wconf 86' lang='lat' dir='ltr'><strong>repraesentat,</strong></span> <span class='ocrx_word' id='word_1_741' title='bbox 2443 5150 3277 5253; x_wconf 53' lang='lat' dir='ltr'><strong>dignitatisqueexcellentiam.</strong></span> <span class='ocrx_word' id='word_1_742' title='bbox 3320 5143 3569 5253; x_wconf 36' lang='lat' dir='ltr'><strong>alii):</strong></span> 
     </span>
    </p>
   </div>
   <div class='ocr_carea' id='block_1_104' title="bbox 377 5230 3599 5328">
    <p class='ocr_par' dir='ltr' id='par_1_104' title="bbox 377 5230 3599 5328">
     <span class='ocr_line' id='line_1_105' title="bbox 377 5230 3599 5328; baseline -0.007 -17"><span class='ocrx_word' id='word_1_743' title='bbox 377 5230 680 5315; x_wconf 40' lang='lat' dir='ltr'><strong>vocalitate&#39;</strong></span> <span class='ocrx_word' id='word_1_744' title='bbox 709 5275 808 5317; x_wconf 84' lang='lat' dir='ltr'><strong>sua</strong></span> <span class='ocrx_word' id='word_1_745' title='bbox 833 5230 1037 5316; x_wconf 51' lang='lat' dir='ltr'><strong>Graeca</strong></span> <span class='ocrx_word' id='word_1_746' title='bbox 1074 5230 1358 5328; x_wconf 54' lang='lat' dir='ltr'><strong>sapientiae</strong></span> <span class='ocrx_word' id='word_1_747' title='bbox 1389 5230 1806 5324; x_wconf 35' lang='lat' dir='ltr'><strong>loquacitatem.</strong></span> <span class='ocrx_word' id='word_1_748' title='bbox 1852 5230 2345 5322; x_wconf 53' lang='lat' dir='ltr'><strong>Ferrum-denique</strong></span> <span class='ocrx_word' id='word_1_749' title='bbox 2377 5230 2546 5306; x_wconf 76' lang='lat' dir='ltr'><strong>robur</strong></span> <span class='ocrx_word' id='word_1_750' title='bbox 2571 5257 2625 5304; x_wconf 89' lang='lat' dir='ltr'><strong>et</strong></span> <span class='ocrx_word' id='word_1_751' title='bbox 2660 5245 2982 5317; x_wconf 88' lang='lat' dir='ltr'><strong>potentiam.</strong></span> <span class='ocrx_word' id='word_1_752' title='bbox 3022 5239 3358 5328; x_wconf 57' lang='lat' dir='ltr'><strong>Eccurvero</strong></span> <span class='ocrx_word' id='word_1_753' title='bbox 3389 5230 3599 5328; x_wconf 52' lang='lat' dir='ltr'><strong>DOT&#39;IEO</strong></span> 
     </span>
    </p>
   </div>
   <div class='ocr_carea' id='block_1_105' title="bbox 373 5309 3594 5417">
    <p class='ocr_par' dir='ltr' id='par_1_105' title="bbox 373 5309 3594 5417">
     <span class='ocr_line' id='line_1_106' title="bbox 373 5309 3594 5417; baseline -0.002 -14"><span class='ocrx_word' id='word_1_754' title='bbox 373 5309 832 5407; x_wconf 42' lang='lat' dir='ltr'><strong>deferuntur.an</strong></span> <span class='ocrx_word' id='word_1_755' title='bbox 853 5351 990 5416; x_wconf 80' lang='lat' dir='ltr'><strong>Quia</strong></span> <span class='ocrx_word' id='word_1_756' title='bbox 1023 5309 1211 5405; x_wconf 61' lang='lat' dir='ltr'><strong>omnia</strong></span> <span class='ocrx_word' id='word_1_757' title='bbox 1242 5309 1516 5417; x_wconf 75' lang='lat' dir='ltr'><strong>quotquot</strong></span> <span class='ocrx_word' id='word_1_758' title='bbox 1551 5343 1834 5413; x_wconf 57' lang='lat' dir='ltr'><strong>praedicta,</strong></span> <span class='ocrx_word' id='word_1_759' title='bbox 1873 5343 2086 5397; x_wconf 89' lang='lat' dir='ltr'><strong>Domini</strong></span> <span class='ocrx_word' id='word_1_760' title='bbox 2126 5309 2346 5412; x_wconf 49' lang='lat' dir='ltr'><strong>preplrie</strong></span> <span class='ocrx_word' id='word_1_761' title='bbox 2399 5341 2698 5401; x_wconf 77' lang='lat' dir='ltr'><strong>exsistunt.</strong></span> <span class='ocrx_word' id='word_1_762' title='bbox 2727 5334 2850 5404; x_wconf 77' lang='lat' dir='ltr'><strong>eius</strong></span> <span class='ocrx_word' id='word_1_763' title='bbox 2878 5331 3088 5400; x_wconf 62' lang='lat' dir='ltr'><strong>utique.</strong></span> <span class='ocrx_word' id='word_1_764' title='bbox 3134 5325 3226 5417; x_wconf 60' lang='grc' dir='ltr'><strong>(ιιιξ</strong></span> <span class='ocrx_word' id='word_1_765' title='bbox 3257 5338 3330 5417; x_wconf 50' lang='lat' dir='ltr'><strong>Pa</strong></span> <span class='ocrx_word' id='word_1_766' title='bbox 3355 5309 3594 5417; x_wconf 53' lang='lat' dir='ltr'><strong>9°&quot;d‘jffj</strong></span> 
     </span>
    </p>
   </div>
   <div class='ocr_carea' id='block_1_106' title="bbox 465 5639 1057 5708">
    <p class='ocr_par' dir='ltr' id='par_1_106' title="bbox 465 5639 1057 5708">
     <span class='ocr_line' id='line_1_107' title="bbox 465 5639 1057 5708; baseline 0.008 -18"><span class='ocrx_word' id='word_1_767' title='bbox 465 5639 510 5708; x_wconf 51' lang='grc' dir='ltr'><strong>ξ’</strong></span> <span class='ocrx_word' id='word_1_768' title='bbox 547 5639 714 5695; x_wconf 81' lang='lat' dir='ltr'><strong>Eccli.</strong></span> <span class='ocrx_word' id='word_1_769' title='bbox 768 5659 932 5708; x_wconf 77' lang='lat' dir='ltr'><strong>xxvu,</strong></span> <span class='ocrx_word' id='word_1_770' title='bbox 973 5643 1057 5696; x_wconf 72' lang='lat' dir='ltr'><strong>l&#39;2.</strong></span> 
     </span>
    </p>
   </div>
   <div class='ocr_carea' id='block_1_107' title="bbox 1163 5637 1658 5705">
    <p class='ocr_par' dir='ltr' id='par_1_107' title="bbox 1163 5637 1658 5705">
     <span class='ocr_line' id='line_1_108' title="bbox 1163 5637 1658 5705; baseline -0.016 -9"><span class='ocrx_word' id='word_1_771' title='bbox 1163 5643 1206 5674; x_wconf 84' lang='lat'><strong>”</strong></span> <span class='ocrx_word' id='word_1_772' title='bbox 1235 5639 1378 5697; x_wconf 84' lang='lat' dir='ltr'><strong>Psal.</strong></span> <span class='ocrx_word' id='word_1_773' title='bbox 1425 5653 1574 5705; x_wconf 75' lang='lat' dir='ltr'><strong>Lxxl,</strong></span> <span class='ocrx_word' id='word_1_774' title='bbox 1606 5637 1658 5689; x_wconf 88' lang='lat'><strong>7.</strong></span> 
     </span>
    </p>
   </div>
   <div class='ocr_carea' id='block_1_108' title="bbox 393 5707 1482 5775">
    <p class='ocr_par' dir='ltr' id='par_1_108' title="bbox 393 5707 1482 5775">
     <span class='ocr_line' id='line_1_109' title="bbox 393 5707 1482 5775; baseline 0.003 -16"><span class='ocrx_word' id='word_1_775' title='bbox 393 5711 433 5742; x_wconf 75' lang='grc'><strong>’⁷</strong></span> <span class='ocrx_word' id='word_1_776' title='bbox 464 5707 605 5761; x_wconf 76' lang='lat' dir='ltr'><strong>l’sul.</strong></span> <span class='ocrx_word' id='word_1_777' title='bbox 650 5726 724 5775; x_wconf 76' lang='lat' dir='ltr'><strong>Ix,</strong></span> <span class='ocrx_word' id='word_1_778' title='bbox 753 5711 803 5764; x_wconf 87' lang='grc'><strong>6.</strong></span> <span class='ocrx_word' id='word_1_779' title='bbox 921 5707 925 5708; x_wconf 19' lang='grc' dir='ltr'><em>ν</em></span> <span class='ocrx_word' id='word_1_780' title='bbox 1478 5717 1482 5722; x_wconf 89' lang='grc'><em>’</em></span> 
     </span>
    </p>
   </div>
   <div class='ocr_carea' id='block_1_109' title="bbox 1768 5631 2312 5700">
    <p class='ocr_par' dir='ltr' id='par_1_109' title="bbox 1768 5631 2312 5700">
     <span class='ocr_line' id='line_1_110' title="bbox 1768 5631 2312 5700; baseline -0.018 -9"><span class='ocrx_word' id='word_1_781' title='bbox 1768 5637 1810 5669; x_wconf 65' lang='lat'><strong>9&quot;</strong></span> <span class='ocrx_word' id='word_1_782' title='bbox 1846 5635 1993 5691; x_wconf 83' lang='lat' dir='ltr'><strong>Psal.</strong></span> <span class='ocrx_word' id='word_1_783' title='bbox 2035 5649 2202 5700; x_wconf 76' lang='lat' dir='ltr'><strong>van,</strong></span> <span class='ocrx_word' id='word_1_784' title='bbox 2226 5631 2312 5684; x_wconf 64' lang='grc' dir='ltr'><strong>εισι.</strong></span> 
     </span>
    </p>
   </div>
   <div class='ocr_carea' id='block_1_110' title="bbox 382 5395 3598 5519">
    <p class='ocr_par' dir='ltr' id='par_1_110' title="bbox 382 5395 3598 5519">
     <span class='ocr_line' id='line_1_111' title="bbox 382 5395 3598 5519; baseline -0.008 -29"><span class='ocrx_word' id='word_1_785' title='bbox 382 5451 717 5508; x_wconf 85' lang='lat' dir='ltr'><strong>quapropter</strong></span> <span class='ocrx_word' id='word_1_786' title='bbox 747 5395 1820 5507; x_wconf 33' lang='lat' dir='ltr'><strong>sanae,justequeipsiiconsecrantur.</strong></span> <span class='ocrx_word' id='word_1_787' title='bbox 1846 5429 1967 5496; x_wconf 85' lang='lat' dir='ltr'><strong>Quo</strong></span> <span class='ocrx_word' id='word_1_788' title='bbox 1995 5431 2366 5501; x_wconf 87' lang='lat' dir='ltr'><strong>intelligamus</strong></span> <span class='ocrx_word' id='word_1_789' title='bbox 2393 5443 2422 5482; x_wconf 89' lang='lat' dir='ltr'><strong>e</strong></span> <span class='ocrx_word' id='word_1_790' title='bbox 2448 5428 2708 5481; x_wconf 87' lang='lat' dir='ltr'><strong>thesauro</strong></span> <span class='ocrx_word' id='word_1_791' title='bbox 2737 5419 2949 5519; x_wconf 67' lang='lat' dir='ltr'><strong>Domini</strong></span> <span class='ocrx_word' id='word_1_792' title='bbox 2977 5430 3108 5519; x_wconf 73' lang='lat' dir='ltr'><strong>opes</strong></span> <span class='ocrx_word' id='word_1_793' title='bbox 3141 5395 3598 5519; x_wconf 52' lang='lat' dir='ltr'><strong>spiritualfsl&#39;</strong></span> 
     </span>
    </p>
   </div>
   <div class='ocr_carea' id='block_1_111' title="bbox 3141 5484 3596 5550">
    <p class='ocr_par' dir='ltr' id='par_1_111' title="bbox 3141 5484 3596 5550">
     <span class='ocr_line' id='line_1_112' title="bbox 3141 5484 3596 5550; baseline 0 0"><span class='ocrx_word' id='word_1_794' title='bbox 3141 5497 3313 5550; x_wconf 88' lang='lat' dir='ltr'><strong>inatio</strong></span> <span class='ocrx_word' id='word_1_795' title='bbox 3337 5499 3435 5548; x_wconf 90' lang='lat' dir='ltr'><strong>est.</strong></span> <span class='ocrx_word' id='word_1_796' title='bbox 3462 5484 3596 5550; x_wconf 69' lang='grc'><strong>19⁵³³</strong></span> 
     </span>
    </p>
   </div>
   <div class='ocr_carea' id='block_1_112' title="bbox 2419 5618 3008 5685">
    <p class='ocr_par' dir='ltr' id='par_1_112' title="bbox 2419 5618 3008 5685">
     <span class='ocr_line' id='line_1_113' title="bbox 2419 5618 3008 5685; baseline -0.02 -1"><span class='ocrx_word' id='word_1_797' title='bbox 2419 5629 2462 5662; x_wconf 79' lang='grc'><strong><em>³⁵</em></strong></span> <span class='ocrx_word' id='word_1_798' title='bbox 2494 5626 2639 5682; x_wconf 81' lang='lat' dir='ltr'><strong>Psal.</strong></span> <span class='ocrx_word' id='word_1_799' title='bbox 2695 5625 2885 5685; x_wconf 77' lang='lat' dir='ltr'><strong>Lxxin,</strong></span> <span class='ocrx_word' id='word_1_800' title='bbox 2926 5618 3008 5675; x_wconf 75' lang='grc' dir='ltr'><strong>Η.</strong></span> 
     </span>
    </p>
   </div>
  </div>
