4018 6230
318 406 448 474 101³1
1467 412 2012 475 COMMENTARII
2043 414 2126 476 IN
2158 413 2418 478 IOSUE.
2901 405 2914 412 “
3427 405 3562 469 1018

306 535 547 589 namque
581 531 713 588 opes
745 519 917 577 libido
958 522 1344 594 consequitur,
1366 521 1606 594 gloriam
1645 539 1776 579 vero
1810 522 1982 578 animi
2012 525 2180 580 elatio
2229 541 2326 582 seu
2359 525 2658 596 despectio,
2689 522 2989 594 putentiam
3045 519 3293 584 ambitio,
3351 521 3570 588 sapien—

307 610 440 662 tiam
471 621 634 676 porro
675 606 918 666 fucatam
957 610 1276 681 dogmatum
1304 613 1561 667 varietas.
1594 609 1869 677 Quocirca
1895 624 2004 665 non
2031 613 2310 668 immerito
2329 612 2576 669 Paulus:
2612 631 2631 664 ι
2670 612 2730 667 Si
2757 611 2882 681 quis
2905 611 3049 664 inter
3070 624 3167 664 vos
3193 618 3278 663 est
3323 607 3568 677 sapiens,

303 695 508 752 stultus
560 693 656 751 ﬂat
701 704 762 750 ut
803 697 1006 754 evadat
1032 699 1276 769 sapiens.
1305 697 1587 769 Sapientia
1611 699 1756 753 enim
1809 699 2001 754 mundi
2059 700 2229 769 hujus
2266 701 2504 755 stultitia
2529 715 2717 754 coram
2755 698 2867 753 Deo
2891 705 2977 751 est
3003 697 3070 749 °'.
3119 715 3138 748 ι
3165 697 3354 749 Achan
3382 697 3571 765 itaque

300 798 462 838 secus
484 782 542 839 in
570 783 811 853 seipsum
845 785 975 856 egit,
998 802 1122 842 cum
1159 787 1472 856 hujusmoili
1503 787 1781 858 quidpiam
1811 802 1921 841 non
1951 802 2016 842 ex
2046 789 2307 844 thesauro
2323 788 2559 852 Domini,
2585 787 2752 860 488
2796 797 2978 842 verum
3003 801 3070 840 ex
3094 785 3295 839 mundo
3314 784 3475 838 veluti
3500 798 3566 838 ex

300 868 522 924 Jericho
539 871 878 928 abstulisset.
916 875 1092 929 Porro
1119 875 1326 930 furtum
1365 873 1652 946 Scriptura
1700 877 1777 930 ait
1805 879 1987 930 tenuis
2019 890 2084 931 ac
2130 877 2266 930 varii
2318 875 2461 945 sagi,
2508 875 2819 944 chlamydis
2878 875 3006 927 item
3047 875 3342 942 variegalaa
3373 871 3564 924 fuisse.

303 954 489 1012 Vestis
519 959 606 1011 illa
632 959 891 1014 militaris
918 963 1205 1017 avaritiam
1256 964 1504 1019 denotat.
1552 964 1853 1033 Argentum
1896 979 2027 1018 vero
2057 966 2282 1030 liguram
2337 964 2577 1018 sustinet
2611 961 2946 1032 splendoris,
3001 975 3172 1017 aurea
3212 961 3342 1014 item
3382 959 3564 1028 lingua

302 1045 588 1113 sapientia:
613 1045 815 1101 Graecae
845 1057 1070 1118 propter
1098 1051 1393 1106 verborum
1425 1050 1750 1121 dignitatem
1785 1057 1841 1105 et
1873 1052 2271 1120 praestantiam,
2296 1049 2757 1120 signiﬁcationem
2792 1049 2977 1101 habet.

371 1137 475 1190 Σὺν
494 1138 644 1210 πάσῃ
677 1141 970 1213 συγγενείᾳ
995 1143 1090 1196 καὶ
1128 1145 1326 1214 κτήσει
1364 1143 1559 1198 τοῦτον
1586 1145 1882 1214 ἠφάνισαν,

2060 1145 2325 1198 Caeterum
2362 1157 2487 1197 cum
2524 1152 2636 1198 tota
2695 1157 2794 1199 sua
2832 1141 3164 1214 cognatione
3209 1153 3272 1194 ac
3330 1139 3564 1192 fortunis

299 1228 689 1297 ἀναγαγόντες,
715 1234 901 1302 φησὶν,
925 1235 1006 1299 είς
1047 1235 1376 1306 Ἐμεκαχώρ
1395 1251 1408 1267 ⁸
1440 1237 1579 1307 ὅπερ
1613 1235 1882 1300 ἐξέδωκαν

179 1327 194 1331 “
299 1319 598 1376 Θεοδοτίων
629 1323 723 1376 καὶ
755 1325 1074 1396 Σύμμαχος,
1105 1329 1312 1394 κοιλὰς
1371 1329 1576 1398 Ἀχώρ.
1601 1330 1796 1383 Κεῖται
1825 1327 1884 1381 δέ

301 1413 360 1463 ἐν
383 1411 613 1484 βορείοις
650 1415 931 1486 Ἱεριχοῦς,
957 1419 1037 1480 εἰς
1060 1418 1143 1472 ἔτι
1175 1420 1273 1472 νῦν
1294 1419 1437 1473 οὕτω
1464 1421 1600 1492 πρὸς
1633 1419 1744 1473 τῶν
1763 1422 1885 1474 ἐπι-

299 1508 519 1578 χωρίων
547 1508 860 1577 λεγόμενον.
895 1507 1076 1582 Ἀχὼρ
1104 1510 1185 1576 δέ,
1215 1509 1548 1579 διαστροφὴ
1576 1508 1886 1580 ἑρμηνεύε-

297 1616 413 1653 ται.
440 1600 578 1665 Τοὺς
610 1601 667 1654 δὲ
706 1601 1201 1672 διεστραμμένους,
1243 1602 1336 1654 καὶ
1368 1605 1488 1665 ταῖς
1534 1600 1705 1663 θείαις
1738 1603 1884 1653 ἐντο-

299 1691 421 1754 λαῖς
443 1692 872 1762 ἀπειθήσαντας,
901 1695 928 1746 ὁ
951 1692 1238 1755 ἀποδιδοὺς
1261 1692 1480 1761 ἐκάστῳ
1508 1691 1647 1744 κατά
1662 1689 1731 1743 τά
1748 1690 1886 1760 ἔργα.

299 1784 504 1848 αὺτοῦ,
545 1785 643 1838 καὶ
684 1785 876 1839 τούτου
915 1786 1076 1856 χάριν
1122 1784 1457 1856 ἐρχόμενος,
1493 1785 1575 1845 εἰς
1624 1784 1886 1853 φάραγγα

298 1873 394 1926 τὸν
443 1873 581 1945 ᾅδην
656 1875 910 1946 ἐμϐαλὼν
964 1875 1224 1929 ἀπολέσει
1273 1861 1480 1938 κακῶς.
1519 1875 1653 1938 Θεὸς
1697 1873 1756 1927 δέ
1790 1873 1888 1928 καὶ

298 1962 482 2034 τιμῶν
509 1963 767 2033 ἀγαθοὺς,
799 1967 895 2018 καὶ
918 1965 1193 2037 πονηροὺς
1215 1963 1652 2035 τιμωρούμενος,
1683 1962 1749 2016 δι’
1776 1963 1888 2032 ἀμ-

301 2056 427 2124 φοῖν
446 2055 576 2118 τοὺς
611 2055 936 2127 ἀνθρώπους
987 2057 1382 2127 προτρέπεται.
1429 2056 1570 2118 Τοὺς
1614 2055 1671 2108 δέ
1713 2072 1887 2124 προσ-

302 2145 540 2215 ήκοντας
570 2147 746 2220 Ἀχαρ
773 2148 848 2211 ὡς
868 2148 1181 2212 συνειδότας
1214 2147 1488 2203 ἀπώλεσε.
1533 2145 1640 2198 Τοῦ
1668 2145 1724 2198 δέ
1751 2143 1888 2198 Θεοῦ

303 2239 715 2309 κατακαυθῆναι
767 2241 1212 2310 προστάξαντος,
1273 2239 1621 2302 λιθόλευστος
1676 2238 1888 2306 γίνεται

301 2326 393 2380 διὰ
421 2329 654 2400 σφοδρὰν
693 2332 870 2402 ὁρμὴν
913 2331 1009 2384 τοῦ
1057 2331 1211 2397 λαοῦ,
1249 2332 1325 2402 μὴ
1359 2331 1754 2399 ἀναμείναντος
1792 2328 1886 2382 τοῦ

304 2418 537 2474 θανάτου
583 2422 676 2475 τὸν
708 2424 912 2493 τρόπον
966 2423 1183 2494 μαθεῖν,
1241 2423 1556 2486 δεικνύντος
1606 2422 1888 2493 ἀλλότριον

306 2513 498 2566 ἐαυτὸν
528 2513 621 2567 τοῦ
653 2515 1150 2585 πλημμελήματος.
1189 2515 1331 2568 Ἀλλ’
1377 2516 1406 2568 ο
1448 2515 1546 2586 μὲν
1591 2514 1778 2568 δίδωσι
1809 2512 1888 2566 δε.
1921 2500 1964 2555 Β

307 2622 432 2672 κην,
467 2606 498 2673 ή
541 2607 597 2660 δὲ
653 2607 947 2679 συναγωγὴ
990 2608 1128 2677 πρὸς
1171 2607 1456 2660 εὐσέϐειαν
1504 2605 1887 2675 ἀσφαλεστέρα

307 2695 652 2758 καθίσταται,
675 2698 984 2769 φοϐουμένη
1016 2699 1114 2770 τὴν
1145 2698 1472 2770 ἱεροσυλίαν,
1497 2697 1572 2760 ὡς
1594 2697 1693 2767 τὴν
1718 2692 1888 2770 ἧτταν

305 2790 666 2858 γεννήσασαν.
693 2789 841 2862 Αῦτη
875 2789 932 2841 δὲ
957 2791 1070 2852 τοῖς
1112 2789 1210 2859 μὲν
1237 2789 1520 2860 πολεμίοις
1549 2788 1704 2842 οὐδὲν
1744 2787 1888 2859 μέγα

305 2882 683 2952 παρέσχηκεν,
706 2882 904 2953 ἄνδρας
926 2883 983 2939 ,λ’
1007 2882 1102 2936 καὶ
1131 2881 1211 2948 ἒξ,
1242 2881 1338 2935 καὶ
1367 2882 1726 2935 ἀποκτείνασι
1755 2881 1889 2936 πάν-

304 2990 416 3036 τως
440 2974 565 3037 τοὺς
603 2975 661 3026 ἐν
693 2974 990 3044 ἁμαρτίαις
1022 2973 1270 3045 χείρονας
1296 3015 1310 3036 ,
1343 2973 1491 3027 ἰδίων
1529 2973 1889 3044 πταισμάτων

304 3063 610 3134 ὑπέχοντας
635 3067 692 3118 ἐν
715 3063 893 3136 καιρῷ
916 3065 1208 3136 τιμωρίαν,
1232 3065 1292 3118 οὐ
1316 3064 1763 3135 παραδεδωκότος
1788 3065 1888 3118 αύ-

303 3156 435 3218 τοὺς
462 3157 556 3210 τοῦ
588 3156 747 3221 Θεοῦ,
780 3156 854 3227 μὴ
892 3157 1140 3227 συνήθως
1163 3158 1220 3211 δέ
1251 3157 1626 3228 βοηθήσαντος
1648 3156 1714 3209 δι’
1741 3159 1888 3210 οἰκο-

301 3248 527 3318 νομίαν.
577 3248 720 3301 Ἀλλ’
745 3248 868 3302 οὐδὲ
905 3249 1130 3317 παρεῖδε
1164 3249 1466 3313 παντελῶς.
1503 3244 1582 3302 Ἦ
1626 3249 1738 3319 (57)
1778 3249 1889 3320 γὰρ

305 3337 376 3392 ἂν
410 3338 470 3390 οὐ
529 3337 775 3391 τοσοῦτοι
813 3337 978 3407 μόνον
1009 3336 1310 3392 ἀπώλοντο.
1342 3339 1452 3392 Καὶ
1489 3337 1659 3406 ἄλογα
1700 3337 1756 3391 δέ
1793 3339 1890 3393 σὺν

303 3429 537 3500 ἀψύχοις
559 3431 844 3501 ἠφάνιστο,
869 3429 945 3493 ὡς
976 3428 1308 3500 μολυνθέντα
1347 3430 1424 3502 τῷ
1465 3431 1768 3502 κλέμματι,
1793 3430 1889 3484 καὶ

307 3520 536 3592 μηδενὸς
561 3519 743 3574 αὐτῶν
792 3520 1045 3592 μετέχειν
1087 3519 1432 3588 ὀφείλοντος,
1484 3520 1582 3574 τοῦ
1626 3522 1726 3592 τῆς
1758 3523 1888 3575 ἀσε-

304 3611 462 3671 ϐείας
509 3612 775 3682 μεγέθους
829 3613 972 3666 οὕτω
1027 3612 1231 3683 μᾶλλον
1274 3612 1724 3681 ἐμφανισθέντος.
1781 3613 1888 3667 Καὶ

308 3703 512 3772 μᾶλλον
541 3700 610 3758 αὖ
648 3704 998 3776 ἐφοϐήθησαν
1026 3703 1267 3774 ὁρῶντες
1292 3703 1388 3758 τοῦ
1423 3703 1560 3757 Θεοῦ
1589 3705 1691 3773 τὴν
1719 3703 1887 3775 ὀργὴν

302 3797 403 3849 καὶ
432 3796 594 3867 μέχρι
613 3795 817 3850 τούτων
844 3799 1200 3867 χωρήσασαν.
1231 3795 1396 3850 Ἀλλά
1421 3796 1514 3850 καὶ
1541 3796 1651 3849 τῶν
1679 3796 1888 3866 Ἱεριχὼ

303 3886 526 3940 πάντων
553 3885 925 3940 ἀνατεθέντων
957 3879 1100 3956 Θεῷ,
1131 3885 1250 3949 πῶς
1279 3884 1430 3956 αὑτῷ
1460 3885 1531 3939 τὰ
1579 3885 1756 3955 κλοπῇ
1787 3901 1886 3953 μο-

301 3977 568 4030 λυνθέντα
597 3978 970 4049 παρέσχοντο;
996 3977 1092 4030 καὶ
1117 3976 1310 4045 ἕτερον
1336 3975 1395 4030 δὲ
1424 3975 1590 4028 πάλιν
1621 3974 1891 4045 ᾠκονόμει

301 4068 393 4122 διὰ
416 4068 622 4121 τούτων
677 4067 833 4130 Θεός.
891 4067 1268 4122 Πεπτωκότων
1320 4065 1430 4137 γάρ
1480 4064 1594 4118 τῶν
1633 4063 1893 4136 Ἱεριχοῦς

302 4161 631 4229 αὐτομάτως
658 4160 878 4231 τειχῶν,
901 4161 934 4231 ἢ
961 4159 1163 4223 πάντες
1185 4161 1234 4212 οί
1270 4158 1644 4227 Παλαιστίνην
1676 4155 1892 4211 οἰκοῦν-

301 4267 398 4313 τες
419 4251 613 4320 τειχῶν
637 4251 769 4304 εἵσω
791 4251 1100 4320 παρέμενον
1145 4249 1320 4303 ταῦτα
1359 4249 1555 4303 παθεῖν
1589 4248 1891 4320 προσδοκή-

308 4359 527 4406 σαντες,
563 4343 660 4396 καὶ
708 4339 778 4413 ἦν
820 4342 1008 4395 λοιπὸν
1038 4341 1272 4411 ὀχληρόν
1298 4357 1360 4394 τε
1394 4341 1486 4394 καὶ⁵
1541 4340 1891 4411 πολυχρόνιον

304 4435 517 4507 ἑκάστῃ
546 4437 700 4489 πόλει
729 4435 821 4488 τὸν
858 4435 1022 4488 αὑτὸν
1049 4433 1368 4502 εἰσάγεσθαι
1415 4432 1618 4504 τρόπον
1641 4447 1657 4462 ·
1683 4433 1716 4504 ἢ
1753 4432 1891 4504 πρὸς

307 4527 546 4580 ἱκετείαν
579 4525 900 4597 χωρούντων
925 4526 1018 4589 ἐπὶ
1041 4525 1119 4596 τῷ
1145 4527 1419 4594 σωθῆναι·
1438 4524 1790 4588 δουλεύοντας
1815 4524 1891 4588 ὡς

302 4619 356 4670 oi
383 4617 744 4680 Γαϐαωνῖται,
773 4617 896 4680 δέος
921 4613 988 4688 ἦν
1009 4618 1075 4670 ἐκ
1099 4616 1195 4669 τοῦ
1227 4619 1501 4670 συνοικεῖν
1525 4615 1889 4687 μεταδοθῆναι

304 4709 409 4778 τῆς
441 4707 622 4762 αὐτῶν
654 4707 909 4771 ἀσεϐείας
940 4707 1019 4778 τῷ
1071 4708 1186 4778 λαῷ
1223 4708 1316 4761 τοῦ
1349 4707 1508 4763 Θεοῦ.
1553 4709 1648 4772 Εἰς
1680 4709 1746 4780 ἣν
1794 4707 1891 4761 καὶ⁹

309 4801 538 4873 μηδενὸς
564 4802 902 4866 ἀπατῶντος,
925 4801 1272 4854 ὡλίσθαινον.
1313 4800 1428 4854 Νῦν
1463 4801 1520 4854 δέ
1565 4800 1652 4854 διὰ
1673 4801 1774 4871 τὴν
1795 4795 1891 4871 ἦτ-

305 4912 407 4948 ταν
437 4893 816 4966 θαρρήσαντες
843 4896 892 4946 oi
926 4893 1238 4963 ἀλλόφυλοι,
1274 4891 1416 4964 τύχῃ
1445 4893 1553 4944 τινὶ
1579 4891 1676 4945 καὶ
1703 4891 1888 4962 ψεύδει

305 4985 378 5038 τὰ
404 4985 668 5054 γεγονότα
697 4985 1052 5055 παρέχοντες,
1089 4984 1186 5038 καὶ
1221 4982 1500 5054 πανδημεὶ
1529 4981 1716 5035 λοιπὸν
1751 4998 1889 5035 παν-

305 5077 534 5146 ταχόθεν
563 5074 798 5140 ἐξιόντες
828 5075 1128 5140 ἀπώλοντο,
1145 5073 1358 5146 μακροῦ
1383 5073 1624 5142 πολέμου
1653 5073 1751 5126 καὶ
1772 5090 1890 5143 τρι-

1985 1235 2242 1289 omnibus
2283 1249 2349 1288 ex
2392 1233 2674 1288 hominum
2707 1234 2972 1288 memoria
3021 1247 3146 1286 eum
3198 1228 3562 1293 sustulerunt,

1987 1326 2306 1389 abductum,
2365 1334 2424 1379 ut
2471 1325 2653 1378 littera
2699 1324 2884 1388 habet,
2935 1323 2988 1376 in
3041 1321 3365 1386 Emecabor,
3415 1320 3563 1389 quod

1987 1415 2326 1470 Theodotion
2358 1423 2411 1469 et
2433 1413 2821 1485 Symmachus,
2849 1430 3100 1469 cavernas
3136 1411 3335 1474 Achar,
3377 1409 3566 1464 reddi-

1985 1507 2205 1562 derunt.
2235 1505 2388 1563 Situs
2418 1523 2549 1563 vero
2573 1507 2727 1562 locus
2757 1512 2854 1563 est
2893 1521 2924 1560 a
2960 1504 3376 1578 septentrionali
3411 1509 3564 1573 parte

1985 1599 2160 1669 ipsius
2211 1596 2456 1654 Jericho.
2503 1600 2604 1664 Qui
2649 1600 2947 1655 etiamnum
2977 1599 3044 1652 ad
3069 1598 3277 1652 incolas
3311 1597 3414 1650 hoc
3461 1609 3565 1648 no-

1986 1692 2154 1747 minis
2184 1693 2419 1747 obtinet.
2457 1691 2612 1746 Licet
2644 1707 2774 1746 vero
2801 1692 2982 1745 Achor
3026 1690 3438 1760 perversitatem
3477 1688 3564 1742 in-

1989 1783 2300 1855 terpretari.
2328 1783 2463 1838 Nam
2496 1798 2805 1854 perversos,
2839 1797 2904 1837 ac
2935 1783 3316 1836 mandatorum
3347 1779 3563 1833 divino-

1986 1893 2108 1932 rum
2140 1876 2516 1939 insidiatores,
2543 1876 2589 1930 is
2614 1878 2704 1946 qui
2731 1875 3028 1948 unicuique
3051 1874 3228 1928 reddit
3260 1872 3563 1928 secundum

1988 1985 2155 2040 opera
2188 1985 2314 2034 sua,
2343 1969 2436 2041 qui
2473 1985 2593 2024 eam
2627 1985 2846 2039 quoque
2895 1969 2969 2024 ob
3025 1982 3248 2023 causam
3302 1967 3355 2019 in
3388 1974 3565 2020 terras

1989 2058 2227 2123 redibit,
2288 2059 2345 2113 in
2399 2058 2828 2128 profunditatem
2878 2058 3232 2113 tenebrarum
3286 2056 3564 2124 projecms

1989 2151 2132 2205 male
2173 2151 2381 2219 perdet.
2430 2149 2704 2205 Caeterum
2757 2148 2901 2204 Deus
2931 2151 3024 2219 qui
3058 2148 3259 2218 probos
3287 2147 3341 2200 in
3387 2145 3566 2216 pretio

1989 2242 2190 2309 habet,
2228 2243 2508 2312 improbos
2559 2257 2692 2297 vero
2747 2242 2928 2312 punit,
2971 2241 3258 2296 amborum
3315 2239 3566 2307 exemplo

1990 2330 2242 2387 homines
2281 2332 2347 2385 ad
2393 2339 2544 2386 recte
2595 2331 2865 2402 agendum
2914 2329 3168 2398 impellit.
3221 2328 3394 2382 Simul
3433 2342 3564 2382 vero

1990 2439 2117 2479 cum
2147 2424 2338 2478 Achan
2367 2426 2712 2495 propinquos
2743 2423 2922 2492 ipsius
2963 2422 3226 2492 perdidit,
3254 2421 3398 2491 quod
3435 2419 3565 2475 faci—

1992 2515 2143 2569 noris
2187 2515 2359 2582 ipsius
2397 2514 2604 2569 conscii
2659 2514 2915 2568 fuissent.
2955 2515 3023 2565 At
3061 2529 3185 2566 cum
3229 2512 3378 2566 Deus
3411 2513 3564 2564 llam-

1991 2621 2136 2661 mam
2163 2607 2380 2662 absumi
2409 2607 2786 2677 praecepisset.
2833 2605 3107 2675 lapidibus
3147 2605 3422 2658 obruitur.
3454 2601 3562 2656 Po-

1991 2699 2152 2769 pulus
2179 2699 2322 2754 enim
2349 2706 2571 2768 propter
2598 2697 2909 2753 affectionis
2938 2696 3336 2751 vehementiam
3367 2693 3564 2749 montis

1989 2807 2164 2862 genus
2192 2805 2526 2861 cognoscere
2547 2806 2657 2845 non
2689 2789 2976 2855 sustinuit,
3018 2803 3186 2856 seque
3215 2789 3284 2841 ab
3309 2789 3410 2841 hoc
3431 2786 3567 2841 deli-

1991 2894 2078 2940 cto
2115 2885 2354 2938 alienum
2407 2898 2574 2946 esse,
2635 2892 2720 2938 est
2770 2890 3029 2937 testatus.
3077 2881 3566 2942 Verume‘nimyero

1991 2976 2109 3046 ipse
2137 2977 2358 3045 quidem
2397 2991 2586 3044 pmnas
2625 2976 2740 3039 dat,
2771 2983 2950 3030 curtus
2978 2989 3109 3030 vero
3138 2972 3324 3042 populi
3357 2973 3421 3026 ad
3446 2970 3567 3040 pie-

1991 3078 2157 3123 tatem
2193 3069 2436 3124 redditur
2474 3069 2820 3131 instructior,
2852 3067 3112 3123 cautione
3142 3065 3414 3135 sacrilegii
3447 3074 3568 3118 tan-

1991 3176 2154 3230 quam
2186 3163 2263 3216 rei
2300 3159 2568 3230 pestiferae
2595 3162 2673 3216 eis
2699 3161 2986 3215 subeunte.
3035 3158 3293 3211 Hostibus
3323 3170 3452 3210 vero
3481 3155 3566 3208 in-

1991 3252 2150 3306 terim
2181 3267 2290 3309 non
2328 3252 2558 3306 multum
2608 3252 2748 3306 lucri
2785 3251 2990 3315 attulit,
3028 3250 3250 3318 triginta
3285 3263 3380 3302 sex
3429 3246 3566 3301 viris

1990 3343 2190 3398 occisis
2217 3343 2362 3408 licet,
2396 3344 2488 3414 qui
2519 3346 2778 3413 quoniam
2815 3344 2954 3398 forte
2985 3342 3286 3396 deteriores
3319 3339 3408 3392 alii
3449 3337 3568 3391 fue-

1989 3446 2134 3501 rant,
2155 3445 2468 3506 opportune
2495 3452 2722 3491 suorum
2756 3435 3080 3491 delictorum
3106 3433 3323 3486 luerunt
3357 3429 3568 3498 suppli-

1989 3529 2157 3584 cium.
2182 3527 2371 3598 Itaque
2400 3531 2652 3599 quamvis
2679 3528 2818 3584 Deus
2846 3526 3064 3596 quidem
3089 3528 3241 3594 ipsos
3273 3537 3380 3576 nun
3419 3521 3570 3575 abdi-

1990 3619 2152 3684 carit,
2178 3633 2273 3674 seu
2304 3619 2357 3672 in
2389 3619 2693 3688 periculum
2729 3620 2924 3673 mortis
2947 3615 3263 3684 coniecerit,
3299 3620 3452 3668 certe
3487 3619 3568 3664 ta-

1990 3725 2115 3764 men
2145 3711 2382 3766 consilio
2417 3721 2742 3766 consuetum
2785 3711 2866 3765 eis
2926 3709 3194 3764 auxilium
3257 3705 3568 3774 denegavit,

1990 3815 2124 3855 cura
2153 3818 2261 3857 non
2311 3803 2464 3857 omni
2492 3818 2682 3857 eorum
2733 3802 2973 3875 abjecta;
3025 3797 3228 3868 alioqui
3263 3797 3407 3851 enim
3457 3809 3568 3849 non

1993 3903 2100 3946 tam
2137 3908 2308 3963 parvo
2344 3894 2641 3963 periisseut
2701 3893 2876 3948 solum
2938 3905 3190 3946 numero.
3227 3889 3396 3943 Porro
3441 3903 3572 3942 vero

1993 3984 2151 4038 bruta
2179 4000 2399 4055 quoque
2435 4000 2558 4038 cum
2595 3985 2916 4039 inanimatis
2941 3993 3070 4040 sunt
3103 3982 3302 4044 deleta,
3335 3995 3399 4034 eo
3423 3978 3572 4049 quod

1994 4075 2141 4130 furto
2186 4077 2305 4146 ipsa
2361 4091 2582 4145 quoque
2635 4077 2751 4131 sint
2801 4077 3033 4145 polluta,
3076 4081 3130 4128 et
3178 4072 3320 4142 quod
3359 4072 3572 4125 nullum

1991 4180 2182 4220 eorum
2219 4167 2494 4237 particeps
2527 4168 2648 4236 ejus
2681 4182 2803 4223 esse
2837 4156 3112 4232 debuerit,
3164 4164 3404 4233 denique
3445 4178 3573 4218 vero

1992 4265 2052 4310 ut
2075 4256 2376 4326 impietatis
2401 4258 2719 4327 magnitudo
2748 4273 2812 4312 eo
2831 4258 3004 4327 magis
3021 4258 3379 4320 elucesceret,
3404 4255 3572 4310 adeo-

1991 4362 2098 4416 que
2138 4357 2478 4417 spectatores
2518 4351 2594 4404 rei
2638 4352 2771 4403 iram
2817 4350 2935 4413 Dei,
2969 4365 3093 4418 «lure
3129 4350 3196 4402 ad
3252 4363 3316 4401 ea
3353 4361 3573 4416 quoque

1991 4450 2269 4509 serpserat
2309 4442 2686 4496 vehementius
2737 4442 3179 4496 extimescerent.
3229 4441 3391 4508 Atqui
3446 4453 3571 4492 cum

1990 4533 2177 4586 omnia
2206 4533 2348 4587 bona
2375 4531 2600 4588 Jericho
2653 4533 2762 4588 Deo
2795 4533 2904 4588 sint
2955 4533 3177 4597 donata,
3221 4547 3330 4602 qua
3361 4534 3574 4584 ratione

1991 4637 2055 4677 ea
2097 4639 2318 4694 quoque
2363 4641 2485 4694 qua:
2539 4625 2746 4680 furtum
2797 4626 3086 4695 polluerat,
3122 4627 3330 4680 cialmt
3357 4624 3575 4678 oblata?

1992 4718 2153 4772 Aliud
2181 4733 2311 4772 vero
2356 4720 2553 4773 iterum
2599 4720 2683 4776 his
2726 4721 3050 4775 instituebat
3089 4721 3264 4787 Deus;
3294 4736 3417 4774 nam
3447 4738 3572 4775 cum

1993 4809 2195 4863 mcenia
2221 4807 2445 4864 .Icricho
2469 4812 2614 4866 ultro
2636 4814 3005 4878 corruissent,
3042 4814 3236 4868 incolae
3273 4813 3576 4869 Palmstinaa

1991 4913 2052 4954 se
2080 4899 2167 4953 vel
2203 4899 2346 4953 intra
2394 4901 2596 4956 moenia
2639 4903 3050 4970 continuerunt,
3086 4908 3449 4975 eumdemque
3488 4904 3574 4959 sui

1988 4997 2245 5044 eventum
2289 5003 2701 5062 exspectarunt.
2746 4997 2815 5049 At
2849 5012 3010 5065 quam
3045 4997 3354 5058 molestum,
3386 4995 3573 5048 tzedio-

1991 5095 2225 5152 sumque
2275 5083 2454 5140 cuivis
2524 5085 2730 5140 civitati
2790 5087 2940 5142 hunc
2998 5089 3219 5141 modum
3285 5099 3576 5153 capessere

306 5167 413 5237 ϐῆς
443 5167 536 5220 τὸν
577 5166 786 5238 Ἰησοῦν
832 5166 1266 5230 ἀπαλλάξαντες.
1307 5165 1546 5235 Ἔστησε
1594 5164 1703 5235 γὰρ
1739 5163 1888 5236 αὐτῷ

1993 5173 2147 5226 erat?
2174 5177 2284 5228 Aut
2316 5176 2362 5229 si
2388 5176 2666 5246 supplices
2701 5179 3032 5232 servitutise
3067 5192 3177 5246 quo
3202 5184 3574 5236 servarentur,

307 5260 406 5312 καὶ
427 5259 518 5312 τὸν
537 5259 692 5330 ἥλιον
723 5261 752 5311 ὁ
785 5258 975 5312 τούτου
1007 5257 1269 5330 ποιητὴς,
1318 5259 1385 5328 τῇ
1428 5256 1556 5329 νίκῃ
1597 5256 1752 5319 τέλος
1777 5256 1885 5309 δω-

307 5349 596 5420 ρούμενος.
628 5350 692 5402 Ei
724 5349 905 5402 τοίνυν
932 5349 1044 5421 (58)
1071 5351 1104 5420 ἠ
1139 5347 1252 5402 τῶν
1291 5348 1490 5418 ὀλίγων
1532 5346 1885 5418 Ἰσραηλιτῶν

307 5437 476 5509 φυγὴ,
499 5437 591 5492 τὸν
616 5437 714 5508 μὲν
734 5438 1010 5509 ἱερόσυλον
1031 5439 1130 5494 καί
1156 5438 1283 5502 τοὺς
1303 5439 1611 5502 συνειδότας
1632 5437 1884 5505 ἐκόλασε,

374 5560 395 5590 ³
428 5558 443 5610 l
469 5558 598 5614 Cor.
629 5573 714 5628 tu,
744 5559 831 5614 18.

383 5745 497 5816 (δη
528 5742 601 5816 ᾟ
634 5747 904 5815 ὅρθόπερ.

1995 5265 2449 5332 obstrinxissent,
2481 5277 2540 5322 ut
2575 5268 2914 5333 Gabaonitae,
2958 5284 3023 5322 ne
3062 5266 3157 5320 Dei
3212 5266 3411 5336 pepulo
3441 5263 3576 5318 vici-

1995 5353 2163 5408 nitate
2197 5341 2351 5411 suam
2394 5357 2725 5426 impietatem
2757 5360 2810 5411 in
2834 5374 2998 5428 quam
3037 5359 3180 5410 ultro
3225 5354 3577 5410 collaheban-

1993 5451 2084 5498 tur
2113 5451 2629 5519 communicarent,
2687 5459 2803 5507 erat
2860 5451 3186 5520 periculum.
3237 5447 3426 5519 Itaque
3473 5448 3580 5502 ista

1816 5656 2051 5778 ΝΟΤᾹΞ..

387 5817 500 5887 (58)
529 5815 607 5870 Τὰ
629 5818 753 5889 ἑξῆς
785 5819 910 5889 ἄχρι
938 5816 1052 5880 τοῦ,
1078 5815 1350 5886 ἐπέθηκε,
1387 5817 1451 5872 τὰ
1482 5820 1620 5874 αὐτὰ
1648 5823 1755 5883 τοῖς
1797 5819 1888 5873 τοῦ
1929 5820 2307 5890 Μοψουεστίας
2340 5821 2403 5875 τὰ
2431 5822 2485 5872 ἐν
2530 5820 2639 5874 σελ.
2677 5819 2764 5875 Η.
