4018 6230
469 368 606 443 1023

1763 373 2122 439 PROCOPII
2151 374 2396 437 ϐΑΖιἘΙ

3628 373 3758 437 1094

466 470 572 513 etc.
607 457 724 530 [ΧΙ.
754 455 836 530 8.]
867 455 1023 525 Quod
1072 468 1445 527 exposuerunt
1485 459 1653 532 59o
1704 461 1941 532 reliqui,
1979 460 2050 516 ad

2172 461 2423 528 ;ξέδωκαν
2445 458 2496 514 oi
2516 459 2715 526 λοιποὶ,
2738 458 2845 521 ἕως
2865 458 2958 513 τοῦ
2981 459 3174 522 ὓδατος
3196 458 3296 529 τῆς
3317 457 3643 527 θαλάσσης,
3668 465 3754 517 καὶ

416 605 426 615 ,
467 565 635 616 quam
668 551 837 607 maris
877 551 1030 615 item,
1063 551 1346 622 Massepha
1381 568 1578 622 usque.
1621 553 1716 610 Est
1756 570 1886 611 vero
1913 558 2048 611 civi-

467 654 555 700 tas
581 659 645 699 ea
681 644 734 698 iu
767 660 874 714 qua
894 643 1090 713 Jeplite
1116 643 1407 712 habitavit,
1433 645 1614 701 vicina
1638 646 2051 707 Ciriathearim.

470 736 528 790 In
562 751 667 806 qua
695 752 822 790 arca
853 752 1070 805 quoque
1097 747 1236 801 erat,
1261 752 1385 792 cum
1421 737 1642 794 Samuel
1673 739 1845 812 judex
1883 752 2052 800 esset.

473 829 588 882 Sita
611 838 697 884 est
727 837 909 883 autem
935 830 1082 882 inter
1113 828 1290 884 Elias
1333 841 1387 886 et
1417 832 1740 903 Diospolim,
1774 837 1830 891 in
1857 837 1943 891 via
1983 837 2053 892 ad

471 935 676 974 nonum
716 921 952 990 lapidem
977 921 1158 992 posita
1195 931 1282 978 est
1309 922 1722 994 Ciriatliearim,
1751 928 1844 984 cui
1872 929 2053 984 vicina

472 1019 559 1067 est
598 1013 908 1082 Masseplia.

543 1102 666 1158 Seir
698 1105 852 1160 lucus
885 1113 971 1160 est
1003 1105 1093 1159 ubi
1130 1107 1266 1162 Esau
1303 1109 1465 1164 sedit.
1509 1109 1747 1181 Balgaad
1774 1112 1828 1166 in
1857 1125 2055 1182 campo

471 1192 662 1250 Libani
697 1199 802 1252 sita
830 1204 936 1263 est,
973 1198 1078 1252 sub
1109 1208 1296 1256 monte
1329 1199 1561 1256 Aﬂrmon
1593 1217 1689 1258 seu
1722 1202 1986 1260 Hermon.

548 1373 779 1429 Enakim
829 1376 965 1432 urbs
1018 1386 1278 1434 montana
1313 1387 1419 1446 est,
1451 1381 1630 1450 posita
1673 1382 1777 1436 sub
1813 1381 2050 1439 Hebron.

473 1463 817 1534 Przepostere
836 1485 986 1535 vero,
1011 1489 1028 1519 ι
1053 1468 1130 1524 Ex
1155 1471 1416 1527 omnibus
1441 1473 1714 1528 montanis
1738 1472 1900 1540 .Iuda,
1927 1494 1945 1526 ι
1969 1476 2054 1530 in-
2101 1521 2118 1530 -

474 1556 621 1622 quit;
675 1557 914 1609 nondum
966 1559 1112 1612 enim
1165 1575 1227 1614 ea
1282 1558 1423 1616 Juda
1484 1563 1698 1619 habuit.
1755 1563 2056 1637 Distinguit

481 1657 606 1698 vero
634 1642 830 1698 Iudam
861 1655 916 1700 et
945 1647 1200 1703 Israelem
1233 1651 1499 1720 scriptor,
1540 1655 1689 1724 quod
1729 1657 1819 1712 ille
1862 1657 1936 1711 sit
1962 1657 2056 1728 ju-

476 1733 620 1801 nior,
669 1745 861 1804 postea
895 1741 1041 1794 enim
1090 1739 1231 1796 Juda
1285 1742 1407 1798 duae
1458 1745 1666 1811 tribus,
1711 1745 1877 1803 Israel
1925 1765 2056 1805 vero

474 1825 664 1881 decem
725 1831 957 1884 seorsim
1018 1841 1146 1887 sunt
1178 1843 1420 1901 vocatae,
1487 1837 1594 1893 sub
1648 1835 1895 1894 Roboam
1945 1840 2056 1895 tilio

477 1915 813 1977 Salomonis.

501 1995 506 1999 ’
546 2008 823 2065 οαηιιιεται
858 2014 913 2067 in
945 2013 1083 2080 Aza,
1115 2013 1255 2070 ϐαιὴ
1277 2026 1326 2071 et
1351 2017 1552 2075 Asdoth
1579 2020 1753 2075 relicti
1784 2032 1926 2090 sunt,
1948 2035 2056 2080 etc.

476 2099 618 2174 [22.]
653 2101 932 2159 Judicium
964 2107 1067 2162 hoc
1099 2117 1186 2163 est
1233 2120 1508 2165 sectarum
1561 2113 1705 2167 inter
1737 2115 1947 2173 ﬁdeles.
1977 2119 2058 2173 Ac

479 2204 538 2246 ut
571 2209 668 2263 per
701 2211 795 2253 eas
827 2199 1029 2254 eruditi
1063 2210 1462 2258 convertantur
1493 2203 1560 2259 ad
1599 2203 1772 2261 Deum
1807 2209 1900 2279 qui
1927 2225 2058 2280 pec-

474 2297 695 2342 carum.

545 2379 778 2452 Cumque
796 2385 916 2454 jam
944 2387 1113 2443 Josua
1133 2392 1512 2455 consenuisset,
1539 2405 1897 2468 provecta’que
1925 2408 2060 2455 esset

2153 553 2260 618 ἓως
2291 555 2594 624 Μασσηερά.
2623 551 2844 623 Ταύτην
2875 552 2932 606 δὲ
2977 551 3189 620 Ἰεφθάε
3223 551 3488 623 κατῴκει
3530 550 3756 622 πλησίον

2152 647 2250 718 τῆς
2284 646 2735 718 Καριαθιαρείμ·
2774 647 2831 699 έν
2923 645 3016 699 καὶ
3039 646 3072 715 ἡ
3099 643 3333 709 κιϐωτὸς
3366 640 3444 716 ἦν
3474 660 3636 708 ποτε,
3668 647 3755 699 καὶ

2153 739 2409 811 Σαμουὴλ
2435 736 2697 804 ἐδίδαξεν.
2730 738 2886 791 Ἐστι
2914 738 2972 790 δὲ
3006 735 3209 808 μεταξὺ
3236 736 3443 800 Αἱλίας
3478 737 3580 790 καὶ
3609 739 3755 790 Διοσ-

2153 830 2363 894 πόλεως
2402 831 2496 884 έπὶ
2528 829 2630 900 τῆς
2665 829 2787 882 ὀδοῦ
2815 829 3072 899 κειμένη,
3099 828 3175 892 ὼς
3209 828 3322 881 άπὸ
3358 827 3626 899 σημείων
3648 825 3691 880 θ’
3720 829 3751 899 ἡ

2153 922 2586 993 Καριαθιαρεὶμ,
2617 915 2686 993 ἦς
2706 921 2903 991 γείτων
2929 923 2964 993 ὴ
3007 921 3313 992 Μασσηφά.

2227 1104 2382 1157 Ἐστι
2416 1102 2580 1174 Σηεὶρ
2612 1101 2741 1156 ἔνθα
2785 1102 3028 1173 κατῴκει
3066 1101 3259 1164 Ἡσαῦ.
3303 1100 3580 1170 Βαλαγὰδ
3611 1101 3666 1154 δὲ
3701 1101 3756 1154 ἐν

2151 1195 2231 1266 τῷ
2263 1194 2433 1267 πεδίῳ
2459 1194 2554 1248 τοῦ
2585 1185 2817 1249 Λιϐάνου
2853 1196 3029 1248 κεῖται
3081 1193 3185 1247 ὑπὸ
3217 1193 3278 1247 τδ
3320 1193 3463 1264 ὅρος
3498 1192 3564 1247 τδ
3605 1193 3753 1264 ’Δερ-

2197 1308 2295 1345 ων.

2155 1309 2469 1452 μω’ἓνακὶμ
2508 1382 2661 1446 πόλις
2697 1383 2885 1456 ὀρεινὴ
2929 1384 3158 1439 τελοῦσα
3195 1385 3301 1439 ύπδ
3349 1385 3620 1455 Χεϐρών.
3669 1385 3756 1438 Ἐκ

2153 1469 2357 1534 παντὸς
2375 1471 2430 1524 δὲ
2446 1471 2605 1542 ὅρους
2627 1471 2797 1525 ’ἰούδα
2817 1491 2835 1524 ι
2853 1473 3009 1543 φησὶ,
3024 1473 3123 1538 τὰς
3135 1473 3354 1546 ὲνορίας
3379 1474 3452 1527 ὲκ
3467 1473 3582 1526 τῶν
3607 1470 3755 1526 ὕστε-

2157 1579 2249 1633 ρον
2296 1562 2499 1618 καλῶν.
2531 1561 2699 1617 Οὔπω
2746 1565 2856 1636 γὰρ
2883 1561 3160 1636 νῦνρείχεν
3200 1565 3401 1636 αύτήν.
3445 1563 3754 1618 Διαστέλλιι

2151 1653 2209 1707 δὲ
2245 1653 2337 1707 τὸν
2385 1653 2588 1708 Ἰούδαν
2644 1656 2740 1710 καὶ
2787 1656 2879 1710 τὸν
2923 1658 3140 1729 Ἰσραὴλ
3188 1659 3217 1712 ὁ
3267 1659 3644 1728 συγγραφεὺς
3682 1654 3754 1719 ὡς

2157 1743 2442 1816 νεώτερος.
2481 1745 2753 1820 Ὕστερον
2782 1730 2891 1818 γάῥ
2933 1749 3137 1812 Ἰούδας
3174 1749 3296 1819 μὲν,
3327 1750 3390 1802 αἱ
3417 1748 3536 1802 δύω
3562 1745 3752 1816 φυλαί·

2175 1840 2390 1912 Ἰσραὴλ
2445 1840 2524 1908 δὲ,
2575 1842 2631 1895 αἱ
2685 1841 2820 1895 δέκα
2870 1841 3185 1914 ἐκλήθησαν
3227 1843 3324 1896 ἐπὶ
3364 1840 3614 1911 Ῥοϐοάμ
3665 1836 3750 1892 τοῦ

2161 1933 2278 1987 υἱοῦ
2305 1934 2666 2004 Σολομῶντος.

2229 2026 2423 2081 ’Τοῦτο
2456 2030 2685 2098 σημεῖον
2725 2027 2836 2081 τῶν
2863 2027 3047 2094 ξέθνῶν
3076 2028 3171 2082 καὶ
3200 2027 3483 2098 αἱρέσεων
3513 2023 3624 2078 τῶν
3663 2039 3752 2094 με·

2157 2118 2291 2185 ταξὺ
2319 2119 2428 2172 τῶν
2462 2117 2702 2172 πιστῶν·
2737 2120 2832 2172 καὶ
2877 2119 2966 2174 ἴνα
3008 2118 3076 2173 δι’
3126 2118 3311 2172 αὐτῶν
3364 2117 3750 2185 παιδευόμενοι

2159 2211 2531 2282 έπιστρέφωσι
2563 2211 2698 2282 πρὸς
2739 2209 2873 2264 Θεὸν
2905 2212 3320 2283 ἁμαρτάνοντες
3370 2210 3518 2282 (ﬂ).
3559 2203 3752 2260 Ἀσδὼδ

2158 2305 2216 2359 δὲ
2253 2305 2514 2368 Ἄζωτος.

2231 2395 2344 2449 Καὶ
2409 2397 2639 2464 Ἰησοῦς
2695 2397 3102 2466 πρεσϐύτερος
3159 2390 3556 2463 προϐεϐηκὼς
3615 2389 3749 2458 1M8-

477 2470 680 2536 a’talis,
714 2476 851 2529 dixit
876 2477 1133 2534 Dominus
1173 2481 1242 2536 ad
1265 2500 1385 2538 eum
1412 2501 1431 2538 :
1458 2485 1535 2540 Tu
1561 2488 1681 2556 jam
1703 2505 1862 2544 senex
1881 2491 2059 2560 factus

2172 2488 2280 2543 οῶν
2311 2489 2448 2558 (42).
2501 2489 2612 2544 Καὶ
2663 2485 2796 2543 εἷπε
2857 2489 3076 2556 Κύριος
3125 2485 3278 2554 πρὸς
3348 2481 3645 2554 Ἰησοῦν,
3670 2477 3748 2532 Σὺ

476 2581 530 2618 es
558 2576 919 2638 provectwque
968 2577 1164 2640 aetatis,
1211 2585 1322 2633 etc.
1358 2576 1532 2650 [XIIL
1569 2580 1649 2654 I.]
1681 2582 1738 2637 In
1776 2585 2062 2652 Scriptura

477 2671 588 2711 non
647 2660 974 2727 simpliciter
1024 2665 1255 2735 longaavi
1318 2671 1570 2726 seniores
1632 2687 2059 2745 nuncupantur;

477 2761 668 2802 verum
703 2752 798 2820 qui
836 2752 906 2807 ob
936 2754 1284 2822 prudentiam
1314 2759 1528 2815 honore
1551 2761 1702 2834 digni
1737 2775 1888 2830 sunt,
1919 2768 2060 2822 vita-

479 2854 604 2910 quaa
657 2843 892 2898 cmlesti.
943 2844 1298 2918 Quapropter
1338 2866 1440 2907 nec
1471 2853 1670 2920 Adam,
1715 2872 1816 2912 uec
1851 2858 2066 2914 Mathu-

478 2933 618 2998 sala,
643 2949 744 2988 nec
774 2934 889 2991 Noe
915 2939 1134 3005 quidem
1165 2941 1440 2997 seniorem
1463 2944 1626 3006 dixit,
1657 2962 1799 3016 quos
1825 2952 2066 3008 maxime

480 3027 858 3082 conveniebat.
883 3027 1413 3102 Verumdongtevum
1431 3036 1806 3094 Abrahamum
1827 3043 2062 3110 primum

2161 2585 2532 2652 προϐέϐηκας
2557 2582 2678 2637 τῶν
2718 2580 2977 2652 ἡμερῶν.
3015 2581 3127 2650 Οὐχ
3162 2579 3352 2642 ἁπλῶς
3394 2580 3447 2631 oi
3489 2571 3749 2643 πολυχρόο

2162 2687 2265 2724 νιοι
2287 2670 2537 2739 λέγονται
2561 2671 2922 2742 πρεσϐύτεροι
2943 2673 3009 2741 τῇ
3036 2670 3250 2740 Γραφῇ,
3277 2667 3402 2724 ἀλλ’
3424 2667 3476 2720 oi
3499 2663 3746 2736 φρόνημα

2163 2761 2382 2832 ἔχοντες
2427 2763 2576 2830 ἄξιον
2604 2762 2774 2834 τιμῆς
2800 2762 3130 2832 ἐπουρανίου
3168 2756 3603 2830 πρεσϐυτερίου.
3629 2755 3746 2808 Τοι-

2163 2855 2370 2926 γαροῦν
2399 2855 2526 2909 οὔτε
2551 2856 2644 2910 τὸν
2670 2853 3000 2926 Ἀδὰμ,ούτε
3017 2853 3109 2907 τὸν
3145 2850 3508 2912 Μαθουσάλα,
3525 2844 3648 2901 οὔτε
3662 2843 3744 2896 τὸν

2163 2949 2288 3002 Νῶε
2328 2949 2702 3020 πρεσϐύτερον
2738 2947 2984 3018 εἴρηκεν,
3006 2945 3100 3009 οὓς
3134 2944 3334 3017 μᾶλλον
3379 2941 3576 3014 ἐχρῆν,
3619 2936 3750 2992 ἀλλά

2165 3040 2258 3094 τὸν
2287 3038 2800 3112 ὀλιγοχρονιώτερον
2836 3037 3091 3107 Ἀϐραὰμ
3120 3034 3341 3106 πρῶτον
3367 3029 3494 3087 εἷπε
3524 3023 3746 3102 πρεσϐύ-

481 3120 781 3186 appellavit
817 3121 1116 3178 seniorem.
1142 3125 1223 3178 Ad
1269 3123 1455 3180 Mosen
1492 3141 1660 3198 porro
1687 3131 1852 3184 etiam
1884 3131 2064 3202 inquit

2172 3148 2347 3202 τερον.
2378 3132 2490 3185 Καὶ
2525 3133 2661 3203 πρὸς
2693 3131 2934 3186 Μωΰσέα
2960 3129 3018 3183 δέ
3051 3145 3185 3198 φησι
3213 3125 3428 3197 Κύριος
3447 3140 3462 3155 ο
3501 3141 3522 3174 ι
3560 3117 3741 3215 Ἐκλεο

484 3209 753 3268 Dominus
786 3233 800 3269 :
835 3234 855 3267 ι
903 3215 1089 3289 Delige
1123 3218 1224 3273 tibi
1259 3235 1324 3275 ex
1365 3230 1572 3277 cuncto
1623 3225 1829 3294 populo
1874 3226 2060 3282 senio-

482 3320 594 3389 res,
647 3322 789 3378 quos
819 3317 877 3363 tu
923 3309 1046 3379 ipse
1093 3327 1222 3368 vere
1260 3315 1511 3371 seniores
1550 3331 1674 3374 esse
1720 3332 2062 3389 compertum

483 3385 654 3455 habes
682 3401 746 3455 ".
787 3423 806 3455 ι
843 3401 1000 3469 Quod
1036 3405 1085 3459 si
1126 3419 1258 3460 vero
1293 3408 1681 3476 peccatoribus
1717 3409 1821 3464 hoc
1864 3425 2063 3467 nomen

485 3478 774 3564 Scriptura
824 3496 1022 3550 tribuit
1045 3497 1245 3552 alicubi
1267 3535 1283 3561 ,
1334 3515 1446 3553 non
1479 3500 1600 3555 sine
1635 3503 2066 3570 reprehensione

485 3586 568 3649 Iit,
601 3588 764 3656 quale
807 3587 940 3642 illud
983 3589 1159 3658 ipsius
1209 3590 1428 3644 Domini
1460 3598 1588 3646 est:
1626 3609 1645 3644 ι
1689 3594 1750 3648 In
1787 3593 2066 3661 judicium

485 3677 805 3745 descendet,
857 3695 983 3734 cum
1045 3681 1394 3748 senioribus,
1453 3689 1508 3738 et
1567 3685 1912 3755 principibus
1971 3701 2067 3756 po-

487 3772 600 3842 puli
625 3773 689 3825 ⁸³.
731 3790 750 3824 ι
791 3771 870 3826 Ad
899 3772 1156 3829 eumdem
1190 3789 1325 3830 sane
1367 3777 1589 3831 modum
1637 3788 1908 3848 provectae
1937 3790 2071 3835 asta-

487 3863 559 3918 tis
581 3877 706 3917 esse
735 3863 805 3917 de
836 3864 1048 3919 sanctis
1087 3865 1221 3920 dicit
1252 3881 1268 3922 :
1315 3885 1335 3918 ι
1379 3865 1576 3923 Nullus
1607 3869 1750 3923 enim
1785 3877 1936 3926 retro
1975 3887 2070 3927 re-

489 3969 706 4018 versus,
735 3965 819 4010 est
845 3965 1161 4026 provectus.
1205 3977 1225 4010 ι
1262 3958 1466 4014 Verqu
1491 3961 1538 4016 si
1565 3961 1693 4032 quis
1727 3978 1907 4017 rerum
1940 3973 2065 4034 post

489 4057 550 4097 se
581 4045 812 4108 oblitus,
855 4045 926 4099 ad
953 4061 1050 4102 eas
1082 4063 1204 4116 quas
1235 4056 1364 4102 ante
1395 4064 1456 4104 se
1488 4057 1618 4104 sunt
1640 4051 1948 4105 contendit.

559 4133 848 4204 Restatque
875 4137 1049 4190 adhuc
1083 4136 1372 4190 admodum
1409 4141 1582 4194 multa
1613 4151 1758 4195 terra
1791 4158 1950 4212 quam
1981 4161 2073 4200 oc-

488 4229 714 4293 cupetis.
757 4227 1022 4293 Quamvis
1066 4243 1234 4297 supra
1271 4227 1457 4284 dixit:
1497 4250 1515 4282 ι
1565 4229 1631 4286 Ει
1673 4239 1819 4287 terra
1853 4243 2072 4291 vastata

490 4321 616 4389 igne
641 4328 725 4374 est
754 4319 1006 4375 confecta
1033 4321 1098 4374 “.
1143 4340 1160 4372 ι
1210 4320 1344 4376 Item
1373 4322 1520 4390 quod
1563 4321 1736 4379 Josue
1760 4327 1902 4394 cepit
1933 4343 2073 4382 cun-

491 4427 634 4471 ctam
667 4428 896 4471 terram.
941 4415 1243 4470 Considera
1292 4427 1474 4470 autem
1510 4416 1726 4472 Domini
1767 4416 1898 4475 Iesu
1927 4421 2075 4488 prio-

2169 3223 2261 3292 ξας
2281 3223 2492 3295 σεαυτῷ
2535 3223 2644 3277 ἀπὸ
2672 3221 2874 3286 παντὸς
2894 3221 2987 3275 τοῦ
3033 3219 3162 3274 λαοῦ
3202 3215 3630 3290 πρεσϐυτέρους.
3657 3205 3744 3270 οὓς

2167 3315 2330 3379 αὐτὸς
2371 3315 2436 3368 σὺ
2466 3311 2635 3381 οῐδας,
2666 3315 2748 3369 ὅτι
2791 3310 3154 3386 πρεσϐύτεροὶ
3197 3313 3360 3365 εἰσιν.
3395 3327 3417 3361 s
3449 3307 3514 3361 Εί
3544 3305 3600 3359 δέ
3649 3317 3741 3355 που

2167 3405 2316 3473 λέγοι
2347 3404 2508 3459 τοῦτο
2546 3405 2675 3472 περὶ
2713 3403 3043 3476 άμαρτωλοῦ
3084 3405 3118 3474 ἠ
3154 3401 3371 3473 Γραφὴ,
3424 3396 3549 3470 μεθ’
3575 3397 3740 3451 tim-

2172 3496 2393 3568 μήσεώς
2431 3513 2634 3566 φησιν·
2689 3515 2709 3549 ι
2743 3491 2894 3562 Οἷον,
2944 3495 3104 3560 αὐτὸς
3147 3497 3175 3550 ὁ
3222 3494 3434 3564 Κύριος
3463 3492 3546 3554 είς
3575 3485 3740 3558 κρίσιν

2167 3588 2288 3661 ἥξει
2336 3587 2476 3659 μετὰ
2506 3587 2616 3641 τῶν
2647 3586 3061 3657 πρεσϐυτέρων,
3107 3583 3202 3638 καὶ
3247 3582 3389 3654 μετὰ
3416 3580 3528 3634 τῶν
3558 3572 3737 3646 ἀρχόν·

2170 3697 2279 3734 των
2335 3679 2431 3733 τοῦ
2485 3679 2639 3734 λαοῦ.
2674 3697 2695 3731 ι
2747 3677 2980 3748 Ὁμοίως
3014 3677 3072 3731 δὲ
3112 3677 3208 3730 καὶ
3252 3675 3315 3729 τὸ
3349 3665 3734 3745 προϐεϐηκέναι

2171 3776 2292 3837 ταῖς
2320 3772 2560 3844 ἡμέραις
2601 3772 2694 3824 ἐπὶ
2729 3771 2901 3839 ἁγίων
2939 3769 3352 3840 φησίνοούδεὶς
3385 3766 3498 3837 γὰρ
3528 3754 3734 3832 στρεφὸο

2175 3883 2336 3938 μενος
2382 3866 2464 3930 είς
2509 3865 2576 3920 τὰ
2620 3863 2821 3930 ὀπίσω,
2867 3862 3244 3934 προϐέϐηκεν⁸
3291 3858 3410 3914 ἀλλ’
3439 3857 3496 3912 εί
3529 3869 3611 3916 τις
3638 3849 3734 3938 τοῖς

2173 3935 2484 4030 ἔμπροσθεν
2537 3954 2932 4021 ἐπεκτείνεται,
2987 3953 3098 4008 τῶν
3147 3950 3375 4008 δπισθεν
3409 3935 3735 4005 ἐπιλανθανό-

2219 4067 2357 4114 ενος.

2176 4070 2357 4196 “eis;
2376 4141 2415 4208 ἠ
2447 4139 2521 4210 γῆ
2546 4139 2988 4213 ¹ὑπολέλειπται
3013 4135 3216 4203 πολλὴ
3267 4133 3528 4204 σφόδρα.
3562 4122 3730 4180 Καίτοι

2176 4236 2427 4306 προεῖπε,
2450 4253 2468 4286 ι
2493 4233 2603 4285 Καὶ
2623 4235 2656 4303 ἡ
2681 4232 2750 4300 γῆ
2769 4231 3084 4285 κατέπαυσε
3099 4229 3227 4281 πολε
3239 4245 3338 4299 μου
3348 4227 3509 4297 μένη,
3534 4241 3551 4274 ι
3571 4216 3654 4272 καὶ
3663 4214 3730 4268 ὅτι

2174 4328 2203 4381 δ
2230 4325 2438 4398 Ἰησοῦς
2463 4324 2626 4378 ἔλαϐε
2658 4325 2842 4378 πᾶσαν
2871 4322 2969 4394 τὴν
2997 4323 3123 4392 γῆν.
3153 4321 3285 4374 Νόει
3316 4319 3494 4374 τοίνυν
3519 4311 3610 4413 ⁸ιὶοὗ

2181 4418 2301 4489 ρίου
2349 4415 2529 4488 Ἰησοῦ
2564 4414 2842 4487 προτέραν
2893 4414 2992 4484 μὲν
3047 4413 3318 4484 κράτησιν
3366 4411 3469 4479 τῆς
3497 4405 3613 4475 γῆς,
3654 4405 3726 4451 ὅτε

494 4522 605 4561 rem
637 4507 856 4576 quidem
890 4514 1050 4561 terrm
1079 4506 1565 4576 expugnationem,
1598 4507 1820 4578 quando
1843 4511 2064 4564 verbum

2181 4511 2406 4582 ἔσπειρε
2438 4508 2531 4562 τὸν
2565 4507 2724 4576 λόγον
2755 4504 2925 4560 αὐτοῦ
2951 4507 3031 4569 είς
3063 4505 3244 4558 πᾶσαν
3278 4503 3379 4574 τὴν
3409 4493 3725 4565 οἰκουμένην·

493 4616 652 4655 suum
680 4616 775 4670 per
807 4609 983 4653 totum
1021 4599 1209 4653 orbem
1254 4599 1479 4669 sparsit.
1528 4597 1586 4654 In
1619 4615 1685 4655 eo
1729 4603 1873 4657 enim
1924 4604 2072 4673 quod

493 4693 775 4748 daemones
824 4691 881 4746 in
927 4705 1261 4761 unaquaque
1321 4700 1483 4760 gente
1533 4693 1859 4762 superavit,
1897 4696 2077 4765 iisque

496 4787 670 4858 pulsis
707 4786 934 4840 verbum
985 4800 1148 4840 suum
1195 4800 1290 4855 per
1336 4783 1616 4841 Ecclesias
1651 4787 1876 4854 sparsit,
1911 4789 2074 4845 unica

495 4895 560 4935 ac
592 4880 743 4950 prior
771 4876 903 4934 Iesu
940 4878 1173 4933 victoria
1206 4877 1483 4934 consistit.
1517 4878 1585 4930 At
1609 4878 1742 4932 mihi
1776 4880 2076 4936 secundam

494 4983 617 5044 post
645 4972 794 5026 illam
828 4972 972 5036 vide,
1007 4971 1228 5042 quando
1276 4971 1465 5024 multis
1514 4970 1866 5038 portionibus
1895 4972 2078 5029 adhuc

493 5067 706 5122 relictis
748 5073 951 5120 cuncta
983 5063 1289 5134 superabit.
1325 5060 1599 5128 Quocirca
1645 5063 1812 5131 priori
1851 5065 2074 5134 quidem

494 5157 652 5220 illud.
685 5165 896 5212 vastata
925 5157 1200 5225 congruit,
1236 5153 1496 5209 secundae
1537 5169 1670 5208 vero
1707 5155 1863 5222 illud,
1907 5157 2079 5210 multa

493 5252 672 5306 valde.
727 5248 1111 5305 Verumtamen
1175 5247 1442 5301 fortunati
1491 5261 1684 5302 omnes
1736 5248 1833 5317 ‘qui
1897 5249 2080 5317 priore

496 5345 789 5414 prasentia
825 5353 955 5402 sunt
1011 5342 1278 5412 superati.
1318 5324 1472 5394 IIauc
1520 5341 1665 5395 enim
1707 5340 1940 5409 gratiam
1973 5341 2075 5393 ha-

498 5437 651 5503 bent,
705 5437 853 5506 quod
907 5437 1096 5492 multis
1147 5435 1329 5490 adhuc
1381 5433 1784 5489 reluctantibus
1841 5433 2078 5504 imperio

573 5613 615 5644 "
651 5614 813 5668 Num.
849 5631 926 5676 xu,
963 5614 1046 5667 l6.
1127 5614 1169 5644 ¹³
1198 5612 1304 5666 lsa.
1334 5628 1414 5678 ιιι,
1453 5614 1538 5665 Η.
1623 5609 1854 5666 “Josuc
1884 5627 1961 5677 xu,
2002 5607 2090 5665 l6.

2181 4605 2272 4675 Τῷ
2300 4603 2409 4674 γὰρ
2440 4598 2850 4672 κεκρατηκέναι
2901 4599 3046 4668 τάχα
3091 4596 3200 4650 τῶν
3240 4597 3297 4648 ὲν
3348 4595 3559 4659 ἑκάστῳ
3604 4583 3724 4638 ἔθνει

2182 4696 2489 4768 Δαιμὸνων,
2522 4692 2792 4747 ἀπελάσαι
2820 4708 2880 4745 τε
2916 4689 3160 4753 τούτους,
3206 4687 3427 4758 ἔσπειρε
3469 4684 3556 4738 τὸν
3594 4676 3726 4772 λόγον

2182 4793 2261 4856 είς
2296 4791 2395 4854 τὰς
2433 4785 2782 4858 Ἐκκλησίας.
2809 4783 2958 4854 Αὕτη
2997 4783 3093 4854 μία
3121 4781 3387 4855 κράτησις
3424 4776 3514 4831 τοῦ
3555 4772 3720 4858 Ἰηοῦν.

2186 4855 2293 4937 Ἴδε
2329 4896 2422 4952 μοι
2442 4879 2538 4933 καὶ
2565 4855 2650 4931 ἐπ’
2678 4877 2861 4949 ἐκείνῃ
2890 4875 3171 4944 δευτέραν,
3193 4873 3281 4925 ὅτε
3313 4871 3527 4924 πάντων
3551 4855 3722 4958 κραξή·

2181 4994 2282 5043 σει,
2337 4971 2552 5029 πολλῶν
2592 4970 2689 5024 νῦν
2741 4969 2947 5041 μορίων
3000 4963 3444 5035 ὑπολειπομένων
3493 4958 3584 5025 τῆς
3617 4959 3715 5016 γηςι

2182 5069 2274 5124 Διδ
2317 5071 2383 5139 τῇ
2432 5067 2529 5138 μὲν
2559 5063 2809 5135 προτέρᾳ
2833 5059 2912 5126 τὺ,
2945 5057 3353 5130 πολεμουμένῃ,
3399 5047 3717 5148 πρόσκειται

2181 5164 2246 5233 τῇ
2304 5160 2362 5214 δὲ
2412 5158 2661 5230 δευτέρᾳ,
2715 5156 2796 5221 τδ,
2855 5153 3025 5225 πολλὴ
3069 5151 3293 5223 σφόδρα,
3322 5148 3463 5218 Πλὴν
3495 5143 3714 5233 μακάριοι

2184 5225 2386 5315 πάντες
2431 5251 2480 5304 οί
2536 5225 2716 5320 tum
2771 5245 2961 5318 πρώτῃ
3017 5241 3291 5315 παρουσίᾳ
3337 5225 3712 5320 κεκρατημένοι·

2179 5341 2360 5410 Χάρις
2391 5340 2500 5412 γὰρ
2535 5315 2738 5404 αὖτοῖξ,
2767 5315 2848 5391 δέι
2879 5315 3091 5393 πολλῶν
3113 5334 3193 5388 ἔτι
3219 5328 3584 5402 πολεμούντων
3609 5315 3713 5366 ὕπο·

2183 5432 2501 5487 τάσσονται.
2561 5432 2625 5484 Oi
2654 5431 2764 5502 γὰρ
2813 5429 2905 5482 ἐπὶ
2929 5430 3028 5499 τῆς
3059 5425 3320 5498 δευτέρας
3366 5421 3564 5489 ἀνάγκῃ
3607 5415 3716 5474 κρα⁸

1996 5717 2228 5774 ΝΟΤλΕ.

576 5819 689 5884 (Η)
712 5817 792 5868 Τὰ
813 5819 952 5872 αὐτὰ
978 5821 1069 5872 καὶ
1099 5822 1124 5872 ὁ
1151 5820 1391 5890 Προκὸπ.
1418 5820 1472 5869 ἐν
1507 5817 1580 5887 τῷ
1602 5819 1695 5886 τῆς
1751 5816 1885 5883 Αὺγ.
1945 5813 2074 5868 κώδ.

2178 5811 2290 5885 (αἰξὶ)
2322 5809 2443 5864 Τῶν
2474 5807 2714 5880 ἡμερῶν.
2741 5806 2805 5862 Αἱ
2830 5806 2951 5860 αὐτ.
