4018 6230
308 297 454 364 1025

1441 289 1981 356 COMMENTARII
2015 289 2098 352 IN
2133 287 2389 351 JOSUE.

3446 280 3588 345 1026

307 412 546 476 τοῦνται,
577 411 652 474 ὡς
687 410 781 464 καὶ
817 410 906 463 τὸν
937 409 1166 480 ἔσχατον
1197 406 1391 478 ἐχθρὸν
1427 405 1655 460 θάνατον
1682 419 1891 474 καταρ-
1922 447 1929 462 ι

2037 401 2215 456 omini
2243 400 2358 469 jam
2393 397 2677 451 fruuntur.
2711 395 2817 450 Alii
2847 395 2992 450 enim
3032 409 3173 465 quos
3205 393 3445 448 secn'nda
3490 403 3582 447 de-

307 504 566 576 γηθῆναι.
593 504 780 558 Πάντα
817 503 872 556 δὲ
906 501 1123 573 πρῶτον
1148 500 1219 554 τὰ
1249 498 1400 569 ἔθνη,
1431 497 1574 551 καθὰ
1607 497 1754 550 δοκεῖ
1782 497 1894 557 τοῖς

310 597 648 668 προφήταις,
679 595 784 648 ἀπὸ
817 593 1071 665 περάτων
1100 592 1206 656 ἕως
1235 590 1490 662 περάτων
1516 589 1617 660 τῆς
1643 585 1900 658 οἰκουμέ-

309 704 411 761 νης
438 687 866 756 ὑποταγήσεται.

390 949 610 1003 Πολλῶν
640 948 748 1004 τῶν
785 951 1246 1023 ὑποτασσομένων
1269 949 1680 1021 ὀνομασθέντων
1707 947 1901 1014 ἐθνῶν,

320 1042 414 1097 tiri
443 1043 622 1114 μόνων
662 1043 769 1098 τῶν
801 1045 1071 1099 Σιδωνίων
1118 1046 1304 1117 φησὶν,
1337 1045 1412 1109 ῶς
1449 1063 1467 1096 ι
1508 1042 1908 1115 Ἐξολοθρεύσω

323 1137 521 1201 αὐτοὺς
555 1138 663 1191 ἀπὸ
693 1137 992 1209 προσώπου
1037 1139 1149 1192 τῶν
1177 1141 1310 1194 υίῶν
1351 1137 1591 1210 Ἰσραήλ.
1635 1157 1656 1190 ι
1709 1137 1780 1190 Ἢ
1801 1151 1910 1190 κοι-

322 1227 413 1283 νδν
448 1228 612 1282 τοῦτο
644 1229 788 1282 κατά
827 1231 1046 1284 πάντων
1080 1230 1409 1302 λαμϐάνωνο
1457 1229 1491 1301 ἢ
1529 1231 1718 1302 ἐπειδὴ
1745 1227 1912 1284 Σιδώ-

325 1337 428 1375 νιοι
483 1320 902 1391 ἑρμηνεύονται,
952 1323 1252 1392 θηρευταί.
1305 1323 1497 1375 Πᾶσαν
1525 1321 1635 1394 γὰρ
1681 1321 1911 1392 δύναμιν

328 1414 666 1486 θηρεύουσαν
697 1414 878 1486 ψυχὰς
900 1414 1208 1485 ἀνθρώπων
1233 1413 1414 1480 ὲξολοθ
1425 1414 1628 1484 ρεύσει.
1659 1415 1770 1468 Καὶ
1791 1414 1914 1467 τότε

332 1507 562 1578 μηδενὸς
621 1506 772 1570 ὄντος
844 1505 1199 1578 θηρεύοντος,
1255 1506 1633 1561 ἀναπαύσεται
1684 1506 1914 1571 ἕκαστος

331 1599 591 1653 ὑποκάτω
619 1599 720 1669 τῆς
749 1599 1000 1669 ἀμπέλου
1045 1598 1234 1666 αὑτοῦ,
1273 1599 1370 1653 καὶ
1398 1598 1658 1653 ὑποκάτω
1698 1601 1801 1670 τῆς
1830 1616 1918 1654 συο

330 1689 433 1761 κῆς
455 1689 648 1744 αὐτοῦ.

1998 491 2322 562 prehendet,
2357 488 2712 545 necessitatis
2766 488 3032 542 violentia
3067 487 3412 556 subigentur.
3439 482 3592 540 Adeo

1999 591 2063 638 ut
2101 599 2202 639 nec
2234 591 2524 639 extremus
2569 581 2743 636 hostis
2790 595 2945 634 mors
2981 595 3099 635 eam
3144 583 3318 650 possit
3358 579 3587 633 evitare.

1999 668 2166 726 Prius
2213 685 2348 724 vero
2375 669 2540 738 juxta
2587 669 2985 739 prophetarum
3032 669 3364 724 sententiam
3401 677 3594 737 gentes

1995 771 2219 817 cunctae
2252 761 2320 815 ab
2360 762 2619 817 omnibus
2651 771 2812 815 terra!
2853 760 3058 815 finibus
3089 760 3326 816 Domino
3363 759 3591 828 subjun-

2005 858 2228 924 gentur.

2076 944 2370 1000 Multarum
2405 958 2538 1000 vero
2584 945 2833 1014 gentium
2887 943 3234 999 subditarum
3271 941 3593 998 nominibus

2007 1035 2286 1102 adductis,
2338 1037 2408 1093 de
2464 1037 2600 1093 solis
2659 1037 2900 1092 Sidoniis
2946 1037 3169 1106 inquit:
3202 1055 3222 1088 ι
3259 1035 3591 1090 Exscindam

2007 1147 2106 1189 eos
2153 1140 2285 1187 ante
2338 1131 2483 1188 filios
2523 1130 2714 1194 Israel,
2752 1149 2771 1182 ι
2825 1131 2940 1184 sive
2972 1130 3118 1199 quod
3163 1131 3218 1183 in
3262 1145 3462 1200 genere
3495 1144 3595 1198 pro

2009 1224 2269 1281 omnibus
2297 1233 2552 1294 usurpat,
2597 1224 2716 1279 sive
2747 1223 2892 1293 quod
2923 1222 3188 1277 Sidonios
3227 1223 3391 1292 vulgo
3422 1225 3597 1276 inter—

2013 1328 2299 1388 pretantur
2352 1329 2648 1372 venatores.
2682 1316 2952 1370 (iunctam
3001 1316 3149 1370 enim
3202 1330 3423 1368 manum
3477 1329 3599 1383 qua:

2015 1419 2247 1466 venatur
2300 1411 2517 1466 animas
2565 1411 2835 1464 humanas
2868 1407 3174 1463 exscindet.
3221 1407 3380 1462 Nullo
3415 1408 3601 1476 itaque

2017 1509 2279 1555 venatore
2331 1500 2646 1568 superstite,
2700 1499 3084 1570 unusquisque
3133 1497 3238 1552 sub
3276 1498 3440 1553 vinea
3474 1513 3598 1564 sua,

2018 1589 2238 1661 ilcuque
2266 1605 2369 1646 sua
2400 1591 2712 1660 requiescet
2733 1591 2798 1643 η.

402 1747 546 1835 Ᾰότε
573 1780 641 1846 ἐξ
667 1779 838 1850 ἡμῶν
870 1780 1030 1850 τρεῖς
1055 1780 1280 1850 ἀνδρας
1308 1783 1460 1836 κατὰ
1486 1783 1714 1853 φυλήν.
1751 1781 1917 1855 Δῆλον

2092 1765 2237 1822 Date
2266 1783 2292 1822 ε
2327 1767 2469 1822 vobis
2503 1775 2608 1821 tres
2641 1767 2781 1822 viros
2825 1767 3090 1832 tributim,
3126 1774 3234 1822 etc.
3278 1764 3490 1836 [XVII],
3519 1763 3605 1838 4.]

333 1873 418 1927 ὅτι
452 1875 832 1944 γεωμετρικῆς
858 1875 1252 1946 ἐπιστήμονας,
1281 1874 1375 1929 καὶ
1403 1876 1628 1940 ἱκανοὺς
1656 1876 1918 1948 ποιότητα

333 1968 440 2036 γῆς
477 1967 774 2021 ἀντιθεῖναι
811 1968 1091 2038 ποσότητι.
1121 1968 1233 2023 Καὶ
1267 1969 1407 2024 κατὰ
1438 1970 1500 2023 τὸ
1532 1969 1764 2040 μέγεθος
1789 1971 1918 2026 ἑκά-

335 2076 468 2130 στης
502 2060 675 2130 φυλῆς
718 2059 967 2132 ἀφώρισε
1007 2061 1136 2125 τοὺς
1167 2060 1404 2132 κλήρους
1443 2063 1472 2114 ὁ
1516 2061 1746 2131 Ἰησοῦς.
1799 2062 1920 2127 Ἐξ-

335 2151 491 2205 έσται
521 2151 577 2204 δὲ
610 2152 689 2222 τῷ
715 2151 1024 2224 βουλομένῳ
1043 2153 1174 2223 παρ’
1199 2153 1464 2224 Ἰωσήπου
1491 2152 1678 2208 λαϐεῖν
1697 2153 1805 2207 ἀπὸ
1825 2153 1920 2208 τοῦ

338 2243 594 2313 πέμπτου
635 2244 794 2312 λόγου
845 2243 941 2297 τοῦ
991 2244 1122 2314 περὶ
1167 2244 1557 2314 ἀρχαιολογίας
1604 2244 1658 2298 εί
1695 2261 1748 2298 τι
1793 2244 1922 2316 περὶ

337 2335 437 2406 τῆς
467 2338 792 2407 ὲκφράσεως
826 2336 936 2390 τῶν
969 2336 1190 2407 κλήρων
1218 2337 1367 2405 λέγει
1400 2336 1758 2407 σαφέστερον.

411 2426 764 2496 Χειμάρρουν
789 2425 846 2479 δὲ
874 2425 1153 2495 Αίγύπτου
1207 2425 1302 2479 τὸν
1349 2425 1778 2498 Ῥινοκορούρων
1815 2443 1923 2496 φη-

341 2516 419 2572 σί.
448 2517 587 2570 Καθ’
627 2516 823 2588 ἑτέραν
846 2517 904 2570 δὲ
941 2518 1096 2584 τάξιν
1125 2517 1255 2582 τοὺς
1306 2518 1547 2590 κλήρους
1594 2519 1922 2591 ἠρίθμησεν.

355 2608 550 2662 Ἰστέον
571 2607 650 2672 δὲ,
681 2607 756 2672 ὼς
791 2607 862 2661 τά
886 2611 1018 2678 περὶ
1047 2609 1273 2673 Σιδῶνα,
1295 2610 1390 2664 καὶ¹
1439 2610 1784 2681 ’Δρυκαίους,
1812 2612 1928 2674 ,καὶ

354 2697 711 2768 Ἀμαθαίους,
737 2699 836 2752 καὶ
879 2698 1161 2771 Ἀραδίους
1215 2701 1592 2774 ἀδιακόσμητα
1641 2699 1732 2774 ἦν,
1799 2703 1928 2768 ἴσως

343 2788 452 2841 ὑπὸ
479 2791 664 2860 γήρως
692 2789 1114 2858 ὲμποδισθέντος
1150 2790 1349 2860 Ἰησοῦ,
1379 2793 1475 2845 καὶ
1513 2793 1623 2846 τῶν
1672 2795 1789 2864 μετ’
1831 2793 1932 2848 αύ-

345 2883 440 2936 τὸν
480 2881 772 2952 ἡγεμόνων
799 2880 1260 2952 ρᾳθυμησάντων.

419 2971 665 3024 Καθόλου
703 2971 760 3024 δὲ
792 2971 998 3042 νοητῶς
1042 2972 1174 3041 περὶ
1205 2971 1315 3025 τῶν
1361 2971 1671 3043 εἰρημένων
1722 2974 1928 3029 εἰπεῖν·

345 3062 710 3133 ὑποδείγματι
735 3064 830 3115 καὶ
861 3065 989 3132 σκιᾷ
1011 3062 1118 3116 τῶν
1151 3063 1496 3135 ἐπουρανίων
1516 3065 1564 3116 oi
1595 3065 1736 3119 κατὰ
1767 3066 1932 3135 νόμον

349 3155 664 3226 ἑλάτρευον.
724 3156 835 3209 Καὶ
888 3155 964 3218 ὡς
1011 3155 1186 3219 τύπος
1233 3151 1304 3228 ἦν
1351 3157 1732 3229 Ἰερουσαλὴμ,
1769 3160 1863 3212 καὶ
1905 3161 1934 3212 ὁ

349 3249 496 3312 ναὸς,
532 3250 629 3302 καὶ
663 3248 724 3301 τὸ
764 3247 1175 3318 θυσιαστήριον,
1210 3248 1503 3322 ἀρχιερεύς
1528 3267 1587 3304 τε
1615 3252 1710 3305 καὶ
1745 3252 1931 3322 ἱερεῖς·

347 3339 498 3395 οὕτω
540 3341 636 3392 καὶ
681 3341 738 3393 αἱ
769 3339 954 3402 πόλεις
987 3340 1082 3393 καὶ
1111 3339 1299 3410 κῶμαι
1344 3342 1446 3413 τῆς
1485 3343 1780 3407 Ἰουδαίας⁹
1817 3344 1934 3398 ἀλλ’

348 3433 699 3504 ἐπεδήμησεν
751 3432 780 3483 ό
834 3432 1130 3503 καταργῶν
1178 3433 1307 3496 τοὺς
1353 3433 1577 3499 τύπους,
1624 3435 1724 3506 τὴν
1754 3435 1935 3510 ἀληθῆ

339 3527 610 3597 παρέχων
646 3523 1020 3597 προσκύνησίν
1052 3541 1113 3578 τε
1141 3525 1238 3578 καὶ
1267 3525 1645 3597 κληροδοσίαν.

420 3785 544 3840 Τῶν
566 3783 946 3857 κληρονομιῶν
976 3786 1032 3840 αἱ
1067 3785 1164 3856 μὲν
1193 3785 1301 3840 ύπδ
1329 3785 1630 3851 Μωΰσέως,
1663 3787 1721 3840 αἱ
1749 3787 1807 3842 δὲ
1832 3787 1938 3840 ὑπὸ

361 3877 542 3950 Ἰησοῦ
563 3877 904 3948 διεδόθησαν.
924 3877 1121 3932 Οὐδέτε
1130 3894 1221 3948 ρος
1241 3878 1302 3935 δὲ
1318 3881 1435 3942 τοῖς
1457 3879 1711 3943 Λευΐταις
1733 3879 1938 3934 δέδωκε

348 3978 741 4052 κληρονομίαν.
777 3977 983 4048 Κύριος
1025 3976 1136 4048 γὰρ
1167 3979 1196 4030 ὁ
1223 3975 1354 4040 Θεὸς
1385 3975 1721 4048 κληρονομία
1758 3975 1938 4031 αὐτῶν

345 4071 493 4123 ἐστι.
539 4067 688 4141 Πλὴν
723 4065 841 4120 ἔστι
885 4066 1145 4138 διαφορά.
1187 4066 1246 4120 '0
1283 4066 1382 4136 μὲν
1414 4065 1524 4136 γὰρ
1559 4066 1801 4137 Μωῦσῆς
1839 4066 1940 4138 τὴν

348 4164 464 4234 πρὸ
491 4160 588 4216 τοῦ
623 4160 893 4233 Ἰορδάνου
922 4158 1028 4230 γῆν
1070 4160 1378 4230 διανείμας,
1405 4159 1467 4212 τὸ
1498 4157 1793 4213 ἐπιϐάλλον
1823 4160 1942 4214 ἐκεῖ

354 4254 522 4328 μέρος
547 4255 659 4319 τοῖς
682 4254 938 4318 Δευϊταις
961 4252 1063 4306 οὐκ
1089 4251 1288 4306 ἔδωκεν
1307 4267 1322 4281 ·
1345 4251 1462 4307 ἀλλ’
1500 4251 1710 4323 Ἰησοῦς
1740 4255 1860 4307 ἐκεῖ
1879 4269 1941 4306 τε

352 4349 449 4402 καὶ
478 4347 618 4419 μετά
644 4347 737 4401 τὸν
765 4345 1042 4418 Ἰορδάνην
1072 4345 1398 4416 παρέσχετο.
1430 4345 1603 4415 Δῆλον
1637 4345 1746 4417 γὰρ
1774 4345 1855 4399 ὅτι
1880 4345 1943 4399 τὸ

2019 1858 2292 1916 Nimirum
2326 1861 2465 1916 artis
2497 1862 2847 1932 geometriae
2895 1875 3122 1931 gnaros,
3170 1858 3606 1928 quialitatemque

2023 1960 2183 2008 terra
2237 1968 2364 2008 cum
2416 1956 2728 2024 quantitate
2779 1954 3103 2008 conferendi
3156 1961 3334 2022 aptos.
3369 1951 3506 2005 Nam
3550 1951 3604 2004 in

2022 2043 2417 2102 distributione
2447 2049 2759 2116 portionum
2795 2047 3066 2116 cujusque
3114 2046 3296 2100 tribus
3327 2045 3606 2114 magnitu-

2022 2137 2210 2194 dinem
2263 2141 2529 2210 respexit.
2585 2139 2740 2194 Licet
2773 2155 2904 2194 vero
2933 2140 3028 2209 qui
3076 2140 3220 2192 volet
3265 2153 3331 2192 ex
3377 2136 3608 2207 Josephi

2022 2231 2223 2299 quinto
2261 2230 2652 2300 Antiquitatum
2694 2233 3057 2300 libropetere
3086 2229 3234 2299 quod
3266 2230 3336 2285 de
3383 2229 3609 2299 exposi-

2027 2321 2178 2378 tione
2203 2324 2436 2378 sortium
2475 2325 2679 2378 clarius
2719 2325 2898 2378 habet.

2097 2414 2274 2471 Porro
2303 2427 2600 2472 torrentem
2636 2416 2859 2488 Egypti
2903 2417 3171 2482 nominat,
3211 2431 3332 2486 quae
3370 2414 3613 2470 Rinoco-

2028 2523 2158 2564 rura
2195 2519 2300 2564 est.
2347 2509 2619 2565 Caeterum
2657 2513 2770 2565 alio
2814 2510 3009 2566 ordine
3053 2519 3231 2566 sortes
3268 2509 3611 2578 supputavit.

2032 2598 2329 2656 Sciendum
2388 2617 2491 2658 nec
2541 2618 2652 2657 non
2711 2604 2858 2674 quod
2883 2618 2945 2658 ea
2979 2619 3101 2672 qum
3128 2603 3277 2657 circa
3325 2601 3610 2660 Sidonem,

2031 2694 2330 2766 Arycatos,
2392 2694 2744 2762 Amathaeos,
2799 2696 3143 2763 Aradiosque
3199 2702 3348 2760 sunt,
3409 2694 3614 2746 Illt'llila

2031 2801 2213 2843 erant.
2247 2787 2508 2845 Fortasse
2541 2790 2688 2860 quod
2711 2789 2880 2844 Josne
2903 2789 3056 2842 senio
3085 2789 3378 2858 impeditus
3412 2785 3613 2850 fuerat,

2033 2880 2324 2948 ceterique
2349 2889 2470 2948 post
2504 2881 2679 2948 ipsum
2710 2880 2879 2934 duces
2899 2882 3125 2946 segnius
3148 2880 3411 2946 egissent.

2105 2969 2165 3024 In
2198 2985 2412 3025 summa
2445 2987 2576 3026 vero
2614 2983 2672 3026 ιιι
2705 2987 2734 3024 a
2773 2973 2940 3025 rebus
2967 2986 3129 3040 supra
3161 2971 3327 3025 dictis
3359 2969 3425 3023 ad
3456 2966 3619 3037 spiri-

2038 3069 2152 3116 tum
2171 3079 2391 3132 quoque
2411 3063 2804 3134 digrediamur,
2828 3064 2880 3116 in
2904 3055 3074 3132 ﬁgura
3095 3077 3158 3116 ac
3198 3063 3388 3115 utnbra
3433 3075 3616 3114 rerutn

2039 3156 2345 3210 caelestium
2393 3157 2575 3210 cultus
2603 3156 2707 3224 legi
2731 3155 2890 3226 491
2912 3165 3328 3225 attemperatus,
3347 3155 3616 3210 constitit.

2036 3245 2511 3311 Quemadmodum
2560 3249 2747 3316 itaque
2790 3248 2922 3302 urbs
2966 3245 3295 3308 Jerusalem,
3333 3247 3618 3314 templum,

2038 3340 2233 3402 altare,
2270 3354 2516 3394 summus
2551 3339 2820 3409 pontifex,
2857 3348 2910 3392 et
2948 3340 3268 3392 sacerdotes
3303 3349 3486 3408 typum
3523 3353 3619 3391 seu

2040 3430 2270 3502 figuram
2303 3445 2414 3501 prae
2444 3445 2504 3485 se
2534 3431 2798 3492 tulerunt,
2837 3433 2913 3484 ita
2947 3429 3145 3500 oppida
3178 3444 3396 3500 quoque
3428 3444 3492 3482 ac
3516 3429 3622 3482 vici

2036 3521 2262 3577 Judaeae.
2333 3520 2529 3577 Verum
2587 3523 2636 3577 is
2688 3523 2782 3593 qui
2835 3521 3042 3593 figuras
3087 3524 3282 3586 elevat,
3327 3536 3624 3588 veramque

2039 3610 2443 3679 adorationem,
2493 3619 2550 3667 et
2595 3614 2946 3669 sortitionem
2995 3613 3224 3668 exhibet
3268 3612 3322 3666 in
3355 3612 3619 3666 mundum

2035 3699 2147 3770 jam
2181 3703 2518 3757 adventavit.
3590 3705 3595 3709 “

2110 3795 2380 3848 Caeterum
2437 3794 2792 3849 sortilionum
2854 3793 2975 3849 alite
3029 3794 3249 3865 quidem
3302 3795 3403 3850 sub
3449 3793 3621 3857 Mose,

2040 3885 2160 3940 aliae
2195 3901 2324 3941 vero
2359 3886 2462 3941 sub
2487 3883 2656 3940 Josue
2683 3887 2843 3941 facta:
2875 3895 3036 3954 sunt;
3072 3898 3266 3941 muter
3297 3902 3428 3942 vero
3461 3887 3622 3941 Levi-

2041 3978 2114 4034 tis
2143 3986 2348 4034 sortem
2376 3979 2615 4049 aliquam
2653 3978 2870 4044 detulit,
2907 3979 3173 4036 Dominus
3197 3981 3341 4034 enim
3373 3980 3621 4049 ipsorum

2041 4087 2166 4128 sors
2194 4078 2282 4127 est
2304 4071 2369 4124 “.
2395 4069 2494 4126 Est
2516 4079 2702 4127 tamen
2733 4072 2918 4141 aliqua
2941 4074 3108 4128 etiam
3146 4074 3256 4128 illic
3278 4065 3623 4128 differentia:

2041 4162 2223 4220 Moses
2253 4164 2461 4221 etenim
2492 4179 2618 4219 cum
2655 4173 2854 4220 terram
2892 4163 2971 4223 eis
3003 4163 3294 4221 Jordauem
3319 4166 3625 4234 divisisset,

2041 4255 2250 4314 Levitis
2286 4257 2707 4314 convenientem
2744 4258 2858 4313 illic
2905 4267 3120 4328 partem
3154 4275 3264 4314 non
3310 4260 3484 4314 dedit.
3517 4257 3626 4314 Ve-

2043 4363 2166 4403 rum
2195 4346 2361 4405 Josue
2387 4364 2512 4404 cum
2551 4349 2664 4402 illic
2695 4360 2808 4403 tum
2844 4357 2998 4404 trans
3031 4347 3320 4403 Iordanem
3354 4348 3406 4402 id
3446 4350 3626 4420 ipsum

357 4441 633 4515 ἱερατικὸν
658 4437 876 4509 ἀληθῶς
898 4437 1094 4509 τάγμα
1117 4437 1180 4490 τὸ
1200 4437 1677 4508 ὲπισπειρόμενον,
1703 4437 1798 4490 καὶ
1824 4440 1929 4502 τοῖς

2044 4441 2302 4513 praebuit.
2354 4442 2586 4498 Constat
2618 4445 2765 4497 enim
2803 4443 2950 4512 quod
2985 4442 3125 4498 ordo
3156 4444 3519 4499 sacerdotalis
3544 4445 3627 4498 in-

354 4531 618 4603 πρώτοις,
665 4531 742 4596 ὡς
780 4530 847 4585 ἂν
875 4527 1202 4599 ἀγιασθῶσι,
1250 4528 1347 4582 καὶ
1385 4531 1497 4592 τοῖς
1525 4528 1817 4600 δευτέροις,
1853 4529 1940 4583 ἵνα

357 4624 800 4697 μακαρισθῶσιν,
841 4623 946 4677 ὑπὸ
973 4621 1152 4695 Ἰησοῦ
1184 4621 1421 4693 Χριστοῦ
1455 4621 1791 4692 διανέμεται.
1819 4622 1940 4676 Τῶν

353 4719 416 4772 δὲ
460 4719 536 4789 μὴ
577 4715 1066 4788 κληρονομούντων
1095 4717 1146 4768 οί
1192 4714 1290 4785 μὲν
1323 4714 1398 4778 ὡς
1426 4713 1661 4780 ἀνάξιοι,
1709 4716 1758 4768 oi.
1783 4715 1838 4768 δὲ
1865 4715 1942 4780 ὡς

354 4809 668 4879 κρείττονος
713 4806 854 4872 ἀξιοι
901 4807 1271 4877 κληρονομίας
1309 4805 1370 4859 ού
1416 4807 1745 4877 τυγχάνουσι
1772 4806 1941 4861 τῶνδε

354 4902 466 4953 τῶν
498 4901 738 4970 κλήρων.
774 4901 871 4963 Τίς
901 4900 958 4954 δὲ
982 4902 1014 4968 ή
1047 4899 1314 4970 κρείττων
1343 4901 1436 4953 καὶ
1458 4899 1701 4952 Λευῐτῶν
1735 4899 1829 4952 καὶ
1861 4901 1942 4953 is-

359 4995 501 5067 ρέων
533 4995 690 5058 ἀξίας
726 4993 887 5058 αὐτὸς
932 4995 961 5044 ὁ
1003 4993 1229 5061 Κύριος,
1260 4991 1316 5053 ὃς
1350 4991 1582 5062 ἐγενήθη
1615 4993 1746 5062 ἡμῖν
1780 4991 1946 5060 σοφία

358 5088 458 5142 καὶ
485 5086 800 5158 δικαιοσύνη
831 5087 925 5140 καὶ
947 5087 1243 5156 ἁγιασμὸς,
1270 5086 1463 5156 εἰρήνη
1486 5102 1544 5138 τε
1573 5086 1667 5138 καὶ
1693 5085 1942 5155 ἀλήθεια.

357 5181 508 5252 Πλὴν
539 5184 568 5234 ὁ
603 5179 960 5254 κληρονομῶν
1006 5179 1180 5234 ταῦτα
1219 5180 1476 5250 παροικεῖ
1519 5182 1634 5242 τοῖς
1681 5178 1945 5248 κληρονο-

309 5315 342 5349 ο
359 5277 526 5349 μοῦσι
551 5277 650 5348 τὴν
683 5276 808 5346 γῆν,
843 5275 918 5338 ὼς
949 5274 1015 5328 ἃν
1043 5275 1137 5328 καὶ
1168 5275 1323 5326 αὐτοὶ
1347 5273 1450 5343 τῆς
1478 5272 1786 5345 κρείττονος
1817 5274 1946 5345 κλη-

357 5368 622 5442 ρονομίας
668 5369 969 5438 μετέχοιεν,
1007 5368 1056 5419 εί
1088 5367 1185 5419 καὶ
1233 5365 1309 5437 μὴ
1345 5366 1796 5439 προηγουμένως,
1828 5366 1946 5420 ἀλλ’

359 5461 450 5514 ἵνα
476 5460 728 5532 γένηται,
752 5477 771 5510 ι
795 5457 854 5512 '0
871 5458 932 5510 τὸ
950 5456 1107 5522 πολὺ,
1123 5458 1224 5511 οὐκ
1245 5456 1543 5512 ἐπλεόνασε
1562 5472 1576 5486 '
1601 5458 1695 5512 καὶ
1709 5457 1813 5512 ὁτδ
1835 5457 1947 5512 ὀλί-

357 5566 479 5622 γον.
509 5553 610 5606 οὐκ
639 5549 991 5622 ὲλαττόνησε.
1027 5568 1050 5604 ι
1085 5549 1227 5621 Φησὶ
1268 5548 1326 5604 δὲ
1372 5551 1472 5603 καὶ
1511 5548 1724 5616 Παῦλος
1753 5565 1768 5580 °
1815 5567 1842 5606 ε
1876 5549 1950 5606 Τὸ

2049 4544 2133 4590 ter
2185 4535 2324 4589 alios
2369 4535 2676 4604 dispersus,
2714 4535 2991 4604 prioribus
3023 4535 3242 4605 quidem
3289 4535 3630 4598 hominibus,

2049 4638 2108 4682 ut
2153 4641 2250 4698 per
2301 4641 2399 4682 eos
2457 4625 2894 4690 sanctificentur,
2956 4627 3218 4682 secundis
3274 4641 3404 4681 vero
3443 4635 3500 4680 ut
3538 4642 3632 4696 per

2049 4718 2334 4774 Christum
2379 4716 2569 4772 Jesum
2624 4716 2948 4771 felicitatem
3005 4728 3439 4788 consequantur,
3473 4718 3634 4771 attri-

2051 4812 2259 4867 buitur.
2297 4811 2374 4866 Ex
2410 4813 2480 4867 iis
2526 4827 2658 4866 vero
2690 4813 2781 4882 qui
2835 4811 3043 4866 nullam
3083 4814 3481 4866 nanciscnntur
3514 4827 3634 4866 sor-

2053 4914 2160 4960 tem
2194 4905 2320 4958 aliis
2356 4904 2582 4975 quidem
2618 4920 2719 4959 ceu
2776 4905 3018 4975 indignis
3070 4903 3126 4957 fit
3155 4944 3168 4968 ,
3209 4904 3300 4958 alii
3358 4919 3488 4957 vero
3534 4919 3633 4956 t-eu

2053 4999 2437 5069 praestantiore
2464 5009 2614 5053 sorte
2645 4999 2817 5067 digni,
2851 5001 2947 5054 has
2973 5006 3152 5052 sortes
3186 5014 3292 5053 non
3317 4997 3636 5065 adipiscun-

2053 5100 2165 5146 tur.
2200 5093 2332 5158 Qua:
2366 5107 2498 5147 vero
2537 5095 2888 5163 prmstantior
2918 5093 3008 5146 illa
3038 5104 3144 5156 εει,
3191 5101 3286 5144 aut
3330 5087 3631 5142 sacerdoti-

2051 5185 2156 5239 bus
2205 5200 2272 5239 ac
2305 5183 2514 5242 Levitis
2563 5194 2772 5240 tantum
2822 5184 3025 5255 digna?
3061 5186 3178 5252 Ipse
3220 5183 3510 5244 Dominus,
3538 5179 3632 5250 qui

2052 5285 2216 5331 natus
2266 5288 2356 5337 est
2400 5279 2560 5334 nobis
2609 5279 2901 5348 sapientia,
2951 5278 3191 5345 justitia,
3247 5275 3632 5338 sanctiﬁcatio,

2056 5383 2165 5439 pax
2199 5369 2440 5440 denique
2473 5378 2528 5425 et
2554 5371 2758 5425 veritas
2777 5370 2842 5422 ”.
2869 5366 3259 5422 Verumtamen
3287 5367 3378 5436 qui
3407 5368 3634 5420 scrtitur

2053 5477 2116 5517 ea
2145 5462 2408 5518 advenam
2443 5464 2591 5534 apud
2626 5473 2786 5518 terrae
2835 5459 3079 5517 lueredes
3115 5461 3249 5531 agit,
3281 5473 3392 5530 quo
3433 5468 3488 5513 et
3534 5459 3635 5530 ipsi

2059 5554 2466 5626 prastantioris
2497 5555 2666 5627 hujus
2699 5556 2864 5612 sortis
2894 5553 3146 5626 quamvis
3174 5550 3321 5608 haud
3351 5553 3405 5608 in
3444 5551 3639 5624 primis

445 5741 494 5844 ξ’
520 5741 683 5802 Mich.
719 5745 874 5832 1"".
955 5747 1001 5781 ¹⁶
1031 5744 1196 5807 Num.
1227 5764 1382 5818 xvm,
1410 5749 1482 5806 20
1500 5705 1709 5820 {Iosue
1755 5765 1877 5824 xm,
1910 5749 1929 5803 I

2081 5749 2119 5779 ιτ
2158 5713 2332 5804 tuor.
2365 5760 2406 5813 ι,
2444 5745 2533 5801 50.
