4018 6230
512 292 640 360 1027
1776 302 1778 304 ’
1823 291 2182 354 PROCOPII
2215 293 2460 355 GAZIEI
3647 299 3768 364 1098

509 412 642 462 lit-nt
679 406 1002 477 participes.
1058 404 1262 461 Verum
1297 401 1431 458 illud
1465 400 1716 465 eveniat,
1769 405 1928 474 copia
1980 416 2089 457 non
2122 449 2131 468 ι

2235 403 2352 474 μῶν
2393 404 2741 475 περίσσευμα
2776 405 2856 470 είς
2886 406 2947 458 τὸ
2977 407 3203 461 ἐκείνων
3231 407 3544 480 ύστέρημα,
3580 409 3664 464 ἵνα
3689 412 3772 465 καὶ

509 502 834 567 abundavit,
873 501 1059 571 inopia
1089 514 1199 553 non
1227 495 1451 552 defecit.
1501 495 1690 565 lnquit
1722 509 1858 551 vero
1887 494 2094 550 Paulus

2231 493 2264 546 6
2300 493 2482 547 αὐτῶν
2530 493 2876 564 περίσσευμα
2920 497 3145 565 γένηται
3191 495 3272 558 είς
3316 496 3376 550 τὸ
3428 496 3590 566 ὑμῶν
3631 498 3770 551 ὑστέ-

509 600 707 652 etiam:
767 614 787 649 ι
828 595 1019 650 Vestra
1063 590 1226 659 c0pia
1285 589 1509 642 illorum
1565 589 1845 643 succurrit
1897 587 2096 655 inopia

2231 600 2382 654 ιημα.
2421 601 2440 636 ι
2484 584 2595 637 Καὶ
2625 585 2930 654 παροικεῖό
2959 586 3138 655 ἱερεὺς
3163 587 3264 657 τῆς
3292 588 3469 656 φυλῆς
3496 589 3770 659 λαμϐάνων

507 705 620 759 quo
646 697 700 744 et
730 689 974 757 ipsorum
1001 682 1160 751 copia
1190 689 1392 736 vestrae
1423 686 1717 734 succurrat
1750 679 1952 749 inopiae
1975 678 2040 733 ".
2071 696 2091 732 ι

2231 677 2308 759 ’ἦν
2339 678 2406 746 ἢν
2440 676 2539 728 οὐκ
2573 675 2709 746 ἔχει,
2741 677 2833 729 καὶ
2866 677 3042 740 διδοὺς
3077 677 3285 749 Κύριον
3325 681 3439 744 τοῖς
3477 681 3553 751 μὴ
3581 682 3767 752 ἔχωσε,

510 778 645 836 Nam
676 779 936 836 sacerdos
966 790 1187 847 quoque
1223 773 1435 828 advena
1470 788 1566 827 seu
1610 773 1790 827 incola
1824 771 1972 826 inter
2003 771 2105 824 tri-

2231 768 2498 838 ἰνομένης
2532 768 2741 838 ἀγαθῆς
2772 769 3148 838 ἀνακράσεως.

515 866 616 927 bus
672 882 776 934 est,
833 878 1152 938 terramque
1198 865 1400 934 accipit
1446 852 1612 934 quam
1664 880 1774 920 non
1825 864 2012 928 liabet,
2071 877 2139 921 ac
2175 860 2459 915 dominum
2513 861 2729 916 confert
2782 877 3002 931 quoque
3073 876 3183 915 non
3226 860 3580 924 habentibus,
3623 861 3769 933 [itque

512 964 654 1020 bona
692 960 1052 1017 commutatio
1082 974 1178 1014 seu
1207 957 1512 1027 permistio.
3171 983 3176 988 .

586 1057 778 1124 itaque
803 1052 982 1108 Moses
1008 1050 1232 1121 quidem
1260 1063 1444 1105 sortes
1471 1047 1778 1114 distribuit,
1798 1061 1988 1102 verum
2019 1045 2103 1102 cis

2279 1044 2616 1116 Κληροδοτεῖ
2656 1041 2931 1112 Μωῡσῆς,
2965 1041 3102 1096 ἀλλὰ
3151 1041 3326 1112 πέραν
3371 1040 3472 1094 τοῦ
3507 1040 3767 1111 Ἰορδάνου.

511 1147 832 1204 Jordanem.
859 1142 1150 1200 Distribuit
1175 1157 1306 1197 vero
1327 1140 1496 1196 Josue
1522 1156 1648 1195 cum
1680 1141 1922 1195 tribuum
1947 1141 2102 1209 prin-

2231 1138 2550 1208 (ληροὸοτεῖ
2569 1135 2627 1190 δὲ
2659 1133 2867 1206 Ἰησοῦς
2898 1133 3036 1204 μετὰ.
3068 1135 3176 1187 τῶν
3216 1132 3539 1204 ἀρχιφύλων
3566 1135 3655 1187 τοῦ
3683 1135 3770 1187 ’1ο-

515 1241 736 1312 cipibus
773 1254 790 1293 :
821 1239 894 1292 ita
926 1235 1088 1291 .lesus
1119 1233 1383 1288 Christus
1416 1232 1510 1302 qui
1546 1245 1706 1286 veras
1735 1238 1915 1286 sortes
1943 1229 2104 1284 nobis

2231 1233 2368 1304 ιαήλ.
2400 1229 2587 1292 Οὕτως
2613 1227 2826 1299 Ἰησοῦς
2853 1229 2881 1280 ὀ
2911 1225 3149 1297 Χριστὸς
3187 1226 3286 1296 τὴν
3322 1225 3504 1294 ἀληθῆ
3532 1226 3770 1296 κληροόοο

517 1333 825 1406 distribuit,
859 1328 1166 1398 spiritualis
1198 1326 1366 1380 Israel
1403 1324 1684 1393 principes
1713 1323 1945 1379 asciscit
1971 1336 2104 1392 apo-

2231 1324 2334 1376 rlav
2365 1320 2564 1382 διδοὺς,
2594 1317 3016 1387 παραλαμϐάνει
3036 1317 3163 1380 τοὺς
3202 1316 3477 1386 ἄρχοντας
3510 1313 3607 1368 τοῦ
3632 1332 3772 1368 πνευ-

519 1403 718 1488 stolos,
770 1422 837 1478 ad
872 1435 1008 1491 quos
1033 1420 1174 1474 dixit
1230 1435 1244 1472 :
1310 1435 1328 1469 ι
1384 1416 1658 1472 Sedebitis
1686 1430 1854 1484 super
1885 1412 2102 1468 thronis

2231 1411 2443 1480 ιατικοῦ
2476 1410 2718 1481 Ἰσραὴλ,
2742 1409 2869 1472 τοὺς
2895 1407 3247 1470 ἀποστόλους,
3277 1407 3416 1478 πρὸς
3443 1403 3540 1467 οὓς
3566 1404 3771 1474 ἔφησεν,

521 1513 836 1575 duodecim,
849 1519 902 1566 et
925 1508 1246 1579 judicabitis
1275 1507 1565 1563 duodecim
1591 1506 1772 1562 tribus
1799 1505 1970 1560 Israel
1995 1506 2098 1557 ιο.»

2231 1507 2290 1560 ἱτι
2320 1525 2340 1558 ‹
2377 1502 2700 1572 Καθήσεσθε
2734 1503 2829 1555 ἐπὶ
2856 1501 3082 1572 θρόνους
3127 1499 3215 1568 ιβ’,
3263 1498 3552 1569 κρίνοντες
3583 1497 3677 1558 τάς
3719 1496 3773 1565 ιβ’

523 1606 841 1663 Assumitur
891 1605 1020 1657 item
1077 1600 1305 1655 Eleazar
1341 1615 1437 1654 cor
1486 1599 1661 1668 ipsius
1718 1597 1924 1662 .Iosue,
1957 1611 2100 1667 quo-

527 1716 645 1754 rum
692 1705 923 1764 uterque
957 1694 1183 1765 ﬁguram
1219 1692 1479 1758 sustinet,
1515 1689 1813 1761 pontiﬁcis,
1846 1704 1910 1744 ac
1949 1689 2104 1760 prin-

523 1793 663 1862 cipis
697 1789 789 1842 lilii
827 1785 945 1841 Dei.

595 1883 817 1936 Primus
847 1893 976 1933 vero
1003 1875 1173 1933 Caleb
1205 1874 1402 1930 merito
1437 1879 1640 1929 sortem
1669 1885 1828 1925 suam
1859 1877 1945 1925 est
1981 1869 2113 1924 ade—

519 1985 676 2045 ..ptus.
709 1973 869 2039 Quod
907 1984 1110 2025 nomen
1143 1969 1189 2023 si
1231 1963 1637 2036 interpreteris,
1674 1961 1822 2018 sicut
1864 1975 1964 2014 cor
2004 1968 2109 2016 est.

523 2068 624 2123 ‘Est
649 2080 778 2120 vero
813 2066 862 2119 is
884 2063 976 2131 qui
1009 2062 1265 2116 omnibus
1288 2060 1342 2112 in
1368 2059 1534 2113 rebus
1564 2055 1869 2126 prudentiae
1897 2050 2112 2119 studet;

529 2161 622 2232 qui
653 2174 764 2229 pra:
803 2156 1026 2210 caeteris
1063 2152 1327 2208 membris
1357 2165 1478 2221 quae
1497 2149 1684 2204 valere
1709 2146 1878 2216 jussit
1898 2159 1930 2198 a
1949 2142 2118 2199 corde

532 2268 736 2307 nomen
770 2250 956 2309 habet,
989 2246 1067 2300 Ac
1097 2244 1328 2315 proinde
1358 2250 1510 2298 totus
1544 2241 1598 2295 in
1633 2238 1938 2308 principem
1969 2235 2120 2290 ordi-

536 2360 654 2397 nem
718 2349 803 2396 est
861 2340 1091 2394 relatus.
1127 2337 1263 2406 Ejus
1299 2349 1431 2389 vero
1479 2341 1635 2402 pater
1683 2328 1970 2400 Jephonne
2008 2332 2117 2387 est.

533 2435 677 2504 quod
731 2443 837 2498 est,
891 2432 936 2486 si
993 2428 1399 2500 interpreteris,
1435 2425 1581 2495 ﬁlius
1636 2437 1800 2478 cum.
1851 2420 1950 2477 Est
1990 2433 2120 2476 vero

535 2529 796 2596 magister
825 2524 1015 2587 Mosis,
1044 2521 1242 2577 deinde
1276 2529 1328 2575 et
1358 2516 1548 2583 Josue,
1573 2515 1661 2570 cui
1700 2513 1882 2584 inquit
1909 2531 1925 2568 :
1959 2529 1988 2564 «-
2011 2511 2120 2564 An-

537 2634 645 2672 non
676 2628 730 2671 tu
791 2614 934 2670 nosti
969 2612 1192 2668 verbum
1223 2610 1369 2680 quod
1399 2609 1620 2663 locutus
1651 2615 1735 2660 est
1767 2603 2032 2658 Dominus
2051 2599 2122 2654 ad

537 2709 766 2763 Mosm?
794 2726 814 2758 ι
849 2706 988 2771 Quis
1013 2704 1158 2758 enim
1189 2704 1358 2771 legem
1399 2714 1553 2768 aeque
1581 2712 1645 2752 ac
1673 2694 1838 2750 Jesus
1867 2691 2125 2748 Christus

541 2800 734 2856 novit?
760 2800 855 2867 qui
889 2804 1082 2850 exacte
1113 2794 1276 2848 nobis
1305 2807 1424 2847 eam
1457 2787 1728 2859 implevit.
1769 2784 2014 2840 Locutus
2040 2789 2126 2838 est

540 2906 710 2944 vero:
753 2909 772 2940 ι
816 2886 962 2940 Dixit
1013 2885 1280 2938 Dominus
1321 2881 1390 2935 ad
1437 2878 1624 2934 Mosen
1673 2877 1742 2932 de
1785 2890 1872 2930 me
1901 2881 1958 2929 et
1988 2880 2061 2927 te.
2101 2889 2120 2923 ι

542 2981 889 3034 Vaticinatur
939 2975 1086 3029 enim
1140 2973 1320 3027 Moses
1366 2969 1432 3024 de
1464 2966 1636 3022 Josuo
1683 2973 1740 3021 et
1783 2963 1975 3028 Caleb,
2023 2963 2128 3017 hoc

541 3078 648 3130 cst,
678 3067 745 3121 de
775 3065 958 3120 cordis
990 3064 1188 3117 instar.

616 3160 763 3214 Dicit
794 3159 945 3214 item.
975 3170 1086 3208 non
1119 3151 1431 3206 minoribus
1461 3148 1675 3204 viribus
1707 3146 1872 3203 hodie
1909 3160 1970 3200 se
2005 3157 2127 3201 esse
2156 3187 2199 3245 ο

2211 1597 2384 1666 φυλὰς
2411 1596 2510 1651 τοῦ
2538 1594 2775 1666 Ἰσραήλ.
2808 1614 2830 1647 ι
2862 1593 3368 1665 Παραλαμϐάνεται
3405 1592 3466 1645 δὲ
3498 1591 3593 1644 καὶ
3618 1589 3776 1643 Ἐλεά-

2213 1689 2318 1761 ζαρ
2369 1686 2569 1742 συνιὼν
2595 1685 2798 1755 Ἰησοῦ,
2844 1684 3032 1738 τυπῶν
3061 1685 3325 1755 ἑκάτερος
3374 1681 3652 1754 τὸν-ἱερέα
3695 1681 3776 1735 καὶ

2213 1781 2474 1853 ἄρχοντα,
2503 1778 2596 1834 τὸν
2618 1779 2748 1833 Υίὸν
2775 1777 2869 1832 τοῦ
2893 1775 3049 1831 Θεοῦ.

2287 1875 2510 1948 Πρῶτος
2537 1874 2596 1928 δὲ
2629 1875 2658 1927 6
2687 1872 2869 1927 Χάλεϐ
2917 1871 3145 1935 εἰκότως
3191 1869 3349 1940 ἔτυχε
3397 1869 3627 1940 κλήρου.
3673 1864 3776 1936 Ἐρ-

2218 1970 2518 2043 μηνεύεται
2573 1967 2650 2033 δὲ,
2681 1966 2762 2032 ὠς
2795 1963 3037 2031 καρδία·
3094 1961 3174 2016 ἔτι
3225 1962 3303 2023 δὲ,
3347 1956 3510 2024 οὗτος
3559 1962 3587 2013 6
3625 1959 3778 2011 πάντα

2215 2042 2506 2134 προσέχων
2529 2060 2642 2123 τοῖς
2666 2059 2954 2129 νοήμασιν,
2985 2058 3012 2110 6
3047 2053 3197 2125 παρὰ
3227 2054 3410 2108 πάντα
3440 2053 3510 2106 τά
3543 2050 3690 2121 μέλη,
3710 2042 3779 2111 οἷς

2217 2152 2545 2217 ἀπετάξατο,
2597 2148 2953 2222 χρηματίζων
2973 2147 3048 2209 ὡς
3086 2145 3306 2217 καρδία,
3344 2145 3445 2200 καὶ
3493 2143 3629 2206 ὅλως
3665 2143 3778 2193 dva-

2219 2242 2588 2315 στοιχειωθεὶς
2634 2243 2714 2304 εἰς
2763 2238 3114 2309 ἡγεμονικόν.
3167 2237 3227 2292 '0
3275 2237 3333 2290 δὲ
3378 2235 3577 2290 τούτου
3621 2231 3780 2302 πατὴρ

2230 2337 2491 2407 Ἰειροννή.
2547 2331 2940 2403 Ἐρμηνεύεται
2976 2329 3054 2393 δὲ,
3087 2329 3218 2394 υίὸς
3247 2325 3779 2396 ἐπιστροφῆς-,Ἔστι

2217 2427 2278 2482 δὲ
2313 2425 2590 2494 παίδευμα
2626 2421 2938 2484 Μωῦσέως,
2987 2420 3082 2472 καὶ
3112 2419 3367 2490 δεύτερον
3411 2415 3612 2488 Ἰησοῦ.
3650 2413 3708 2466 Τί
3734 2411 3779 2463 δέ

2222 2532 2388 2588 imor;
2419 2533 2438 2566 ι
2477 2516 2547 2568 Σὺ
2576 2514 2770 2584 ἐπίστῃ
2799 2511 2860 2564 τὸ
2887 2511 3062 2583 ῥῆμα,
3092 2509 3120 2563 ὃ
3151 2509 3383 2579 ὲλάλησε
3424 2508 3628 2579 Κύριος
3666 2502 3778 2573 πρὸς

2222 2607 2484 2676 Μωῦσῆν.
2515 2623 2534 2658 ι
2568 2604 2664 2666 Τίς
2691 2602 2801 2674 γὰρ
2820 2599 2928 2654 οἶδε
2952 2601 3044 2654 τὸν
3071 2599 3256 2670 νόμον,
3277 2600 3353 2662 ὡς
3393 2597 3598 2670 Ἰησοῦς
3623 2595 3778 2663 ὀΧρι-

2226 2698 2454 2766 στός;ὃς
2477 2698 2570 2751 καὶ
2589 2694 2828 2767 ἀκριϐῶς
2853 2695 2985 2765 ἡμῖν
3017 2691 3206 2745 τοῦτον
3229 2691 3574 2762 άνήπλωσεν.
3603 2706 3620 2738 t
3647 2682 3778 2738 Ἐλά-

2223 2793 2354 2862 λησε
2385 2790 2460 2858 δὲ,
2489 2789 2644 2858 φησι,
2674 2785 2880 2857 Κύριος
2924 2784 3060 2849 πρὸς
3091 2781 3331 2837 Μωῦσέσ.
3356 2782 3489 2852 περὶ
3537 2775 3663 2848 ἐμοῦ
3703 2775 3779 2826 καὶ

2227 2881 2344 2936 σοῦ.
2385 2900 2403 2934 ι
2444 2877 2781 2950 Προφητεύει
2810 2876 2919 2946 γὰρ
2949 2875 3190 2944 Μωῦσῆς
3221 2873 3351 2945 περί
3379 2891 3442 2926 τε
3487 2867 3674 2942 Ἰησοῦ,
3701 2865 3778 2918 καὶ

2225 2975 2320 3028 τοῦ
2346 2971 2550 3039 Χάλεϐ,
2582 2972 2721 3041 ἦτοι,
2766 2968 2854 3033 Ὠς
2885 2967 3104 3038 καρδία.

2299 3145 2437 3210 Φησὶ
2493 3144 2734 3212 σήμερον
2785 3138 2990 3209 ἰσχύειν
3017 3178 3032 3200 ,
3067 3138 3142 3200 ὡς
3191 3135 3343 3204 ἴσχυε
3395 3133 3541 3187 τότε.
3577 3132 3658 3184 Ἐν
3694 3128 3780 3196 ἀμ·

543 3268 708 3324 quam
741 3261 854 3305 tum
892 3245 1161 3316 temporis
1201 3242 1388 3298 fuerit.
1424 3241 1484 3296 lu
1521 3241 1791 3295 ambobus
1834 3237 1983 3294 enim
2013 3237 2125 3292 vim

2233 3237 2484 3308 φοτέροις
2527 3234 2636 3304 γὰρ
2684 3230 2858 3301 ἰσχύει
2890 3231 3002 3291 τοῖς
3034 3227 3215 3296 λόγοις
3259 3228 3287 3278 ὁ
3320 3225 3499 3294 ἅγιος,
3534 3223 3589 3276 ἒν
3615 3237 3670 3274 τε
3695 3231 3778 3270 πα·

545 3361 701 3398 suam
735 3345 965 3396 san‘t-tus
1001 3337 1165 3391 habet
1193 3333 1545 3389 sermonibus
1575 3347 1672 3386 seu
1709 3329 1890 3394 libris,
1928 3336 2040 3382 tam
2070 3329 2125 3380 in

544 3436 715 3492 veteri
751 3448 912 3502 quam
944 3431 999 3484 in
1029 3441 1192 3490 novo,
1226 3434 1338 3480 tam
1377 3425 1432 3478 in
1466 3424 1616 3478 Mose
1645 3437 1810 3490 quam
1839 3421 1894 3475 iu
1933 3419 2124 3476 Josue.

616 3526 870 3581 Postulat
900 3536 1030 3576 vero
1059 3525 1299 3573 montem
1333 3515 1675 3572 submissum
1711 3513 1959 3580 nihilque
1978 3509 2126 3581 quod

547 3620 714 3676 urbes
771 3629 999 3686 magnas
1058 3620 1112 3668 et
1162 3609 1406 3664 munitas
1458 3607 1644 3668 habet,
1707 3605 1845 3658 vult.
1889 3602 2130 3656 Noverat

545 3711 692 3768 enim
726 3708 828 3763 sibi
864 3702 1215 3775 pugnandum
1244 3713 1366 3754 esse
1397 3706 1590 3751 contra
1615 3693 1872 3750 Anakim.
1905 3693 1978 3747 De
2004 3691 2128 3761 qui-

548 3803 654 3857 bus
712 3798 998 3867 Scriptura
1054 3793 1280 3857 indicat,
1337 3789 1482 3861 quod
1515 3787 1682 3843 urbes
1719 3785 1960 3840 munitas
1992 3798 2130 3837 cou-

547 3891 830 3949 scemlerit
879 3887 1124 3958 sapiens,
1182 3884 1546 3939 munitionem
1597 3880 1726 3933 item
1767 3880 1820 3932 in
1851 3891 1960 3946 qua
1992 3874 2134 3930 ﬁdu-

547 3986 690 4042 ciam
723 3997 878 4038 suam
910 3982 1260 4036 collocarunt
1302 3975 1478 4046 impii.
1524 3971 1660 4027 Nam
1694 3969 1958 4025 Salomon
1997 3980 2135 4038 quo-

550 4095 660 4151 que
693 4079 768 4131 ait
804 4075 1105 4145 :‘Sapiens
1162 4071 1327 4124 urbes
1381 4065 1638 4128 munivit,
1691 4071 1748 4117 et
1799 4059 2134 4116 munitiones

551 4145 827 4227 destruxit
847 4166 916 4219 ’⁸.
951 4182 968 4216 ι
1013 4160 1283 4216 Nimirum
1317 4168 1606 4212 sermones
1632 4151 1728 4221 qui
1757 4145 2135 4218 persuasionis

2233 3327 2370 3398 λαιῷ
2403 3328 2497 3380 καὶ
2529 3322 2727 3392 καινῷ,
2753 3322 2847 3375 ἐπὶ
2867 3319 3147 3382 Μωῦσὲως
3173 3318 3268 3372 καὶ
3309 3315 3512 3387 Ἰησοῦ.

2306 3503 2460 3559 Atrei
2482 3503 2608 3574 ὅρος
2637 3499 3000 3572 χαμαιπετὲς,
3024 3498 3227 3552 ἐθέλων
3265 3495 3446 3560 οὐδὲν,
3478 3496 3536 3548 ὲν
3564 3485 3607 3560 ᾧ
3627 3490 3778 3548 πόλεις

2239 3595 2474 3666 μεγάλαι
2523 3595 2618 3647 καὶ
2667 3593 2881 3664 ὀχυραὶ,
2923 3591 2999 3654 ὡς
3027 3589 3182 3652 εἰδὼς
3225 3589 3485 3657 πολεμεῖν
3531 3584 3657 3656 πρὸς
3680 3580 3779 3638 τοὺς

2247 3686 2462 3742 Ἐνακεί
2469 3705 2526 3756 μ.
2552 3686 2740 3746 Πόλεις
2768 3683 2876 3752 γὰρ
2897 3680 3099 3752 ὀχυρὰς
3122 3678 3290 3749 ἐπέϐη
3313 3677 3498 3746 σοφὸς,
3524 3673 3613 3728 καὶ
3637 3666 3776 3732 ἐπέϐη

2237 3779 2298 3833 τὸ
2325 3755 2610 3848 ὀχύρωμα,
2641 3775 2724 3843 ὶφ’
2747 3768 2794 3842 ᾧ
2816 3771 3179 3827 ἐπεποίθεσαν
3203 3771 3253 3823 οἱ
3282 3769 3520 3831 ἀσεϐεῖς,
3553 3755 3776 3848 Φησὶγάρ

2238 3843 2526 3939 Σολομὼν,⁷
2556 3884 2577 3918 r
2615 3866 2783 3934 Σοφὸς
2809 3864 2996 3926 πόλεις
3028 3862 3316 3932 ὠχύρωσε,
3348 3861 3446 3912 καὶ
3503 3851 3700 3910 καθεῖλε
3721 3843 3774 3898 τὰ

2238 3956 2595 4030 ὀχυρώματα,
2634 3976 2653 4008 ι
2687 3954 2890 4024 δηλαδὴ
2934 3954 3062 4015 τοὺς
3102 3951 3240 4023 μετὰ
3269 3948 3620 4016 πιθανότητος
3647 3939 3774 4030 λύγου

2240 4029 2456 4120 ἀπατᾷν
2505 4045 2836 4117 δυναμένους
2873 4060 2888 4076 ο
2925 4041 3017 4105 οὓς
3068 4045 3126 4096 ὲν
3172 4041 3290 4111 ὀρει
3341 4041 3545 4110 φησὶν,
3586 4029 3774 4120 ἐπείπερ

2243 4113 2514 4212 ὑψώματά
2545 4113 2681 4192 εἰσιν
2733 4136 3077 4206 ἐπαιρόμενα
3120 4133 3264 4188 κατὰ
3309 4134 3410 4202 τῆς
3448 4113 3774 4196 γνώσεωέτθῧ

554 4265 660 4316 vim
693 4261 980 4320 habentes,
1018 4253 1085 4306 ad
1113 4246 1500 4319 decipiendum
1534 4209 1666 4300 sunl
1705 4237 1968 4311 appositi,
1997 4249 2131 4305 quos

2234 4209 2394 4288 Θεοῦ.
2423 4231 2610 4285 Ταῦτα
2634 4229 2820 4283 Χάλεϐ
2851 4227 3032 4290 ἱκανὸς
3063 4221 3204 4280 εἶναι
3229 4225 3514 4295 καθαιρεῖν
3543 4209 3770 4283 Errant}?

554 4355 758 4410 montis
792 4349 1015 4406 nomine
1041 4343 1221 4399 innuit
1247 4357 1263 4410 ;
1294 4338 1551 4408 quoniam
1586 4334 1930 4405 fastigiorum
1962 4329 2131 4384 instat

2236 4323 2408 4379 λεται.
2457 4322 2574 4393 Ἐφ’
2611 4316 2765 4393 ᾧπερ
2797 4321 2960 4376 αὑτὸν
2990 4320 3285 4388 εὐλόγησεν
3325 4317 3552 4388 Ἰησοῦς.

545 4451 921 4509 excitatorum
953 4449 1146 4497 contra
1194 4437 1288 4493 Dei
1324 4433 1722 4504 cognitionem,
1759 4433 1890 4484 sunt
1911 4424 1977 4480 ²ί.
2008 4421 2224 4491 Quibus
2274 4435 2408 4478 sane
2468 4418 2834 4476 demoliendis
2898 4416 3102 4472 Calebo
3167 4415 3505 4485 promittitur
3564 4400 3768 4462 facultas,

551 4546 661 4597 lioc
685 4543 804 4612 ipso
829 4537 974 4610 quod
1004 4536 1054 4591 ei
1086 4529 1363 4588 benedixit
1399 4525 1589 4582 Josue.

627 4633 801 4689 Porro
849 4630 1105 4686 Chebron
1160 4636 1376 4691 compar
1419 4613 1775 4687 interpretari
1817 4612 1966 4675 licet,
1999 4621 2136 4680 quo-
2170 4612 2212 4668 D

553 4729 707 4786 niam
759 4738 887 4780 ossa
932 4731 1154 4792 patrum
1198 4711 1480 4782 comparia
1527 4722 1626 4765 seu
1677 4703 1991 4776 coniugalia
2028 4700 2143 4755 illic

553 4825 690 4875 sunt
715 4813 987 4886 deposita,
1021 4807 1258 4865 Abrahae
1279 4814 1332 4860 ct
1358 4803 1547 4866 Sara;
1582 4799 1737 4854 Isaac
1767 4804 1820 4851 et
1846 4793 2140 4857 Rebecrae;

553 4909 747 4967 Jacobi
779 4915 833 4964 et
863 4905 1004 4960 Lean.

2309 4601 2330 4622 θ
2366 4596 2597 4670 Χεϐρὼν
2626 4593 3014 4667 ἑρμηνεύεται,
3035 4593 3075 4662 ἠ
3096 4605 3182 4649 συ
3196 4586 3386 4660 Curia.
3414 4586 3546 4644 Φασὶ
3563 4584 3614 4639 δὲ
3630 4583 3699 4636 ὅτι
3719 4574 3768 4670 τά

2239 4693 2375 4746 ὀστᾶ
2404 4663 2512 4744 τῶν
2543 4663 2942 4757 πατέρωνλὲκεί
2963 4685 3102 4748 ἐστι,
3139 4681 3284 4738 κατὰ
3305 4679 3565 4749 συζυγίαν
3588 4663 3768 4728 ἀποκεί-
3813 4701 3816 4704 -

2245 4799 2403 4855 μενα,
2449 4776 2703 4848 Ἀϐραὰμ
2734 4774 2830 4828 καὶ
2857 4773 3092 4844 Σάρρας,
3142 4771 3328 4824 Ἰσαὰκ
3367 4770 3459 4823 καὶ
3500 4761 3766 4820 Ῥεϐέκκας,

2255 4871 2451 4930 Ἰακὼϐ
2476 4871 2573 4925 καὶ
2600 4869 2786 4931 Λείας.

627 5027 856 5082 Patrum
893 5025 1079 5091 itaque
1121 5018 1344 5074 nomine
1374 5028 1438 5068 ac
1468 5011 1682 5064 honore
1724 5015 1885 5062 ornat
1935 5001 2236 5058 Chalebum
2265 5009 2388 5052 eum
2422 4990 2515 5062 qui
2545 4999 2768 5076 exteros
2800 4985 3054 5041 homines
3081 4982 3369 5038 deleturus
3402 4986 3534 5034 erat.

634 5115 699 5170 Et
737 5125 878 5169 terra
909 5114 1133 5183 quietem
1173 5105 1358 5159 habuit
1393 5118 1424 5153 a
1456 5097 1627 5153 bellis.
1655 5094 1772 5166 [XL
1814 5093 1934 5167 93.]
1965 5091 2140 5160 Ecqui

558 5211 706 5264 enim
747 5209 930 5262 locum
984 5220 1012 5258 a
1053 5201 1218 5256 Josue
1249 5195 1545 5253 sortiretur
1577 5189 1799 5258 aliquis,
1832 5203 1997 5258 quem
2031 5200 2141 5240 non

561 5301 722 5356 bellis
753 5295 1038 5354 solvisset?

636 5394 774 5447 Cum
807 5406 940 5446 vero
974 5393 1213 5457 quatuor
1246 5380 1534 5453 generales
1576 5386 1852 5433 terrarum
1895 5369 2150 5441 regiones

564 5501 659 5542 seu
691 5493 902 5538 tractus
920 5478 1084 5551 492
1115 5479 1248 5537 sint,
1272 5490 1396 5528 cum
1430 5473 1487 5526 in
1517 5471 1720 5525 ﬁnibus
1747 5465 1887 5521 Juda
1909 5465 2142 5519 duarum

566 5577 897 5633 mentionem
945 5573 1174 5628 fecisset
1207 5564 1456 5621 meridici
1485 5574 1539 5619 et
1567 5559 1820 5624 orientis,
1853 5557 1991 5614 duas
2019 5555 2147 5609 reli-

642 5731 684 5762 "
717 5730 760 5784 ιι
789 5730 891 5784 Cor
952 5745 1067 5794 \‘m,
1095 5729 1180 5782 Η.
1262 5727 1302 5760 ³⁸
1331 5723 1526 5780 Matth.
1564 5736 1676 5786 xix,
1708 5716 1800 5774 28.

2321 5051 2502 5150 Kal-1'1
2541 5067 2916 5150 τῆἓκόπασε
2943 5073 3051 5129 τοῦ
3089 5073 3377 5142 πολέμου.
3413 5070 3518 5124 Καὶ
3556 5061 3657 5122 πῶς
3687 5051 3768 5122 γὰρ

2249 5180 2314 5234 άν
2347 5193 2430 5240 τις
2469 5172 2860 5245 κληρονομήσῃ
2913 5169 3044 5239 παρ’
3099 5166 3299 5238 Ἰησοῦ,
3343 5167 3420 5236 μὴ
3464 5163 3551 5216 τὸν
3578 5153 3766 5216 πόλεμον

2247 5269 2559 5333 καταλύσας
2580 5267 2672 5321 τὸν
2711 5267 2769 5318 ὲν
2799 5260 2980 5332 αὑτῴς
3701 5328 3710 5333 _
3762 5263 3782 5295 ο

2321 5328 2617 5432 Τεσσάρων
2649 5360 2818 5412 ὄντων
2843 5328 3082 5425 γενικῶν
3112 5352 3392 5419 κλιμάτων
3415 5348 3502 5401 ἐπὶ
3524 5340 3620 5432 τῶν
3639 5328 3766 5430 ῥρίαζθ

2262 5457 2454 5522 Ἰούδα,
2472 5427 2540 5509 τά
2561 5453 2672 5507 δύω
2699 5451 2896 5518 λέγων,
2911 5447 3052 5502 Λίϐα
3070 5462 3130 5498 τε
3151 5445 3244 5498 καὶ
3269 5440 3540 5500 ἀνατολὰς»
3562 5427 3765 5522 “PT?

2253 5505 2919 5619 σὲξιίιξίξὲέήξεζιιιετάγάῥ
2963 5540 3034 5593 τὰ
3074 5536 3310 5600 Λιϐυκὰ,
3338 5533 3486 5605 φησι,
3520 5523 3603 5580 τοῦ
3632 5505 3764 5570 Ἰούδθ

1896 5715 1942 5746 ¹⁰
1968 5713 2130 5768 Prov.
2175 5709 2401 5775 utﬂi.
2478 5707 2522 5738 ¹¹
2557 5703 2600 5760 ll
2625 5701 2753 5758 Cor.
2788 5697 2876 5764 lO,
2909 5699 2961 5752 5.
