4018 6230
247 323 380 387 1029
494 290 502 297 ’

1377 309 1918 378 COMMENTARII
1956 307 2042 370 IN
2087 304 2343 368 lOSUE.

3383 300 3521 364 1030

241 431 363 505 ὅρια
392 429 721 500 διαδέχεται.
749 427 929 498 Ἀπερ
969 426 1088 480 ἔστι
1114 424 1343 497 πλησίον
1363 425 1464 495 τῆς
1492 423 1820 495 Ἰδουμαίας.
1856 425 1874 482 ἐ

1973 431 2074 473 uas
2101 415 2353 471 reticuit.
2381 413 2423 468 Δ
2450 408 2828 482 septentrione
2857 408 3004 466 enim
3023 407 3180 467 ludat
3208 407 3343 468 lines
3364 419 3518 476 sunt,

242 526 364 594 ἥτις
394 520 762 594 ἑρμηνεύεται
801 521 998 589 γήινα,
1042 519 1181 590 μετὰ
1208 519 1276 578 τὰ
1311 519 1435 588 ὅρια
1476 515 1667 570 Ἰούδα.
1699 513 1840 583 Φησὶ

241 616 299 669 δὲ
329 615 423 668 καὶ
453 612 562 666 άπὸ
592 613 689 683 τῆς
719 611 926 682 ἐρήμου
963 610 1084 664 Σίν·
1125 609 1490 681 ἑρμηνεύεται
1524 608 1582 660 δὲ
1632 621 1838 674 πείρας-

244 709 411 778 σμοΙ.
457 706 596 763 Μεθ’
635 704 731 769 οὒς
775 704 941 758 Ἰούδα
975 703 1329 775 κληρονομία.
1383 703 1494 756 Καὶ
1540 701 1634 754 ἐπὶ
1670 698 1840 752 τῶνδε

246 801 387 854 κατὰ
409 799 551 853 Λίδα
576 797 676 868 τῆς
711 796 885 867 φυλῆς
917 795 1083 868 ὁρίων
1120 795 1274 849 οὐδὲν
1302 793 1617 864 ὠνόμασται
1647 791 1837 859 κλίμα,

248 889 428 959 ἀλλ’ἢ
481 886 610 958 Λὶψ,
663 888 696 958 ἢ
751 887 990 956 δυσμαὶ,
1043 885 1077 955 ἢ
1131 885 1351 954 φάραγξ
1389 883 1692 950 Αἰγύπτου.
1723 881 1841 935 Ἵνα

249 979 423 1035 ταῦτα
475 981 570 1033 καὶ
629 979 756 1041 τοὺς
812 977 1159 1047 πειρασμοὺς
1203 975 1536 1046 διαπορευθῇ
1586 988 1694 1036 τις,
1746 969 1842 1024 καὶ

249 1068 451 1138 δυνηθῇ
483 1066 669 1120 λαϐεῖν
703 1067 829 1136 ὅρια
871 1067 929 1118 ἐν
965 1067 1033 1135 τῇ
1082 1065 1223 1136 φυλῇ
1271 1067 1339 1136 τῇ
1379 1062 1664 1134 βασιλικῇο
1713 1059 1842 1128 περὶ

253 1154 322 1230 ἧς
349 1159 695 1230 γέγραπται·
751 1156 1018 1228 πρόδηλον
1069 1157 1198 1227 γὰρ,
1231 1157 1304 1218 ὡς
1336 1156 1393 1222 ἐξ
1436 1153 1608 1207 Ἰούδα
1640 1148 1840 1204 ἀνατέ-

253 1253 449 1306 ταλκεν
479 1253 508 1304 6
537 1249 763 1320 Κύριος.

331 1433 443 1486 Καὶ
470 1428 887 1500 προσαναϐῆναι
915 1426 1013 1499 τὴν
1048 1424 1314 1482 ἀνάϐασιν
1363 1427 1657 1499 ’Δκραϐίμ.
1702 1409 1827 1498 Ἑρ.

267 1520 560 1593 μηνεύεται
585 1519 643 1572 δὲ
669 1519 973 1586 σκορπίοι,
1026 1520 1149 1574 καθ’
1197 1513 1274 1575 ὧν
1335 1522 1526 1572 πατεῖν
1583 1520 1678 1573 καὶ
1733 1518 1843 1572 τῶν

265 1610 444 1680 ὄφεων
480 1608 749 1679 ιλάδομεν
783 1608 934 1678 παρά
967 1609 1062 1662 τοῦ
1096 1607 1358 1680 Χριστοῦ.
1430 1609 1726 1678 ’Δναδῆναι
1786 1606 1843 1662 δέ

1941 523 2111 578 prope
2137 507 2434 562 ldumaeam
2457 503 2914 572 videlicet,quam
2949 501 3398 571 interpretabitur
3421 503 3523 556 ali-

1941 600 2088 670 quis,
2124 607 2408 663 terrenam,
2449 610 2616 668 quam
2655 593 2811 650 Judae
2842 593 3061 650 termini
3089 594 3369 664 excipiunt
3429 595 3523 649 ln-

1941 691 2061 762 quit
2093 690 2226 744 item
2263 703 2296 744 a
2339 689 2561 745 deserto
2617 686 2738 754 Sin,
2788 685 2936 756 quod
2971 685 3323 754 interpretari
3373 686 3522 752 licet,

1945 785 2283 843 natationes.
2311 792 2438 852 post
2467 796 2606 850 quas
2633 794 2756 836 sors
2786 777 2929 834 Jutla
2954 786 3058 834 est.
3086 778 3329 849 Denique
3360 779 3525 833 etiam

1945 877 2002 930 in
2034 875 2233 930 ﬁnibus
2258 873 2381 944 ejus
2418 873 2601 928 tribus
2633 873 2729 942 qui
2757 887 2788 925 a
2819 871 3047 928 meridie
3079 879 3224 932 sunt.
3259 872 3407 926 nulla
3447 886 3528 924 re-

1943 969 2033 1040 gio
2055 975 2140 1023 est
2166 967 2357 1031 citata,
2390 981 2553 1036 quam
2588 965 2870 1030 meridies,
2901 972 2954 1018 ct
2983 978 3239 1028 occasus,
3268 971 3325 1019 et
3369 963 3527 1019 vallis

1943 1059 2190 1131 Egypti,
2223 1069 2282 1115 ut
2309 1061 2356 1114 si
2401 1060 2530 1130 quis
2574 1060 2711 1124 haec,
2743 1066 2798 1113 et
2851 1057 3186 1112 tentationes
3230 1056 3525 1124 superarit,

1945 1153 2237 1222 acquirere
2269 1152 2446 1222 possit
2483 1151 2619 1206 ﬁnes
2669 1151 2724 1204 in
2758 1149 2908 1218 regia
2940 1150 3108 1212 tribu,
3141 1149 3209 1203 de
3250 1163 3356 1218 qua
3387 1149 3528 1204 scri-

1945 1255 2097 1319 ptum
2125 1256 2242 1315 est;
2301 1256 2524 1304 constat
2575 1245 2722 1300 enim
2757 1243 2906 1315 quod
2945 1258 3012 1298 ex
3063 1242 3206 1298 Juda
3245 1253 3404 1298 ortus
3443 1249 3530 1297 est

1949 1338 2238 1394 Dominus.

2015 1429 2249 1501 Oportet
2303 1429 2531 1498 insuper
2619 1425 3001 1481 conscendere
3065 1423 3197 1494 juga
3243 1420 3529 1486 Acrabim,

1947 1521 2097 1590 quod
2127 1523 2568 1590 interpretantur
2602 1518 2928 1580 scorpiones,
2961 1530 3106 1584 quos
3159 1511 3530 1569 conculcandi

1952 1613 2100 1668 sicut
2128 1619 2185 1667 et
2220 1618 2530 1680 serpentes,
2563 1619 2895 1680 potestatem
2948 1608 3266 1678 accepimus
3302 1622 3333 1660 a
3371 1605 3532 1660 Chri-

270 1717 330 1755 σε
352 1701 456 1768 δεῖ,
480 1699 760 1754 τουτέστιν
784 1699 1202 1770 ύπραναὸῆναι
1233 1700 1358 1760 τοὺς
1392 1698 1688 1768 σκορπίους
1717 1696 1844 1760 τοὺς

1967 1713 2058 1760 ito.
2092 1699 2482 1760 Conscendere
2515 1718 2644 1756 vero
2679 1710 2733 1757 te
2761 1711 3004 1772 oportet,
3041 1705 3146 1757 hoc
3199 1711 3307 1764 est,
3363 1713 3532 1770 supe.

270 1791 639 1863 πολεμοῦντας
673 1793 732 1844 ὲν
773 1789 965 1862 Ἰούδᾳ,
1023 1790 1433 1860 κληρονομῆσαι
1497 1787 1842 1859 βουλόμενον.

1967 1809 2076 1850 rare
2099 1795 2454 1863 scorpiones,
2479 1793 2574 1862 qui
2605 1807 2664 1847 se
2695 1793 2971 1848 hostiliter
3001 1801 3165 1846 terra:
3192 1788 3348 1844 Judae
3409 1804 3532 1844 sor—

280 1885 547 1955 Ἰεζεκιηλ
579 1883 636 1936 δέ
661 1899 823 1953 φησιν
849 1897 866 1915 ο
899 1899 920 1934 ι
963 1882 1021 1935 ’0
1055 1881 1114 1935 δὲ
1133 1881 1342 1944 δίκαιος
1393 1883 1448 1934 ἐν
1479 1881 1633 1951 μέσῳ
1689 1895 1850 1952 σκορ-

271 1979 414 2033 πίων
444 1977 706 2030 κατοικεῖ.
737 1993 756 2027 ι
787 1973 869 2028 Τὰ
883 1973 941 2026 δὲ
967 1974 1092 2044 ὅρια
1118 1973 1224 2037 ἕως
1254 1973 1458 2043 Κάδης.
1479 1973 1655 2044 ὀπερ
1679 1972 1850 2042 ἄτιον

270 2073 368 2126 καὶ
396 2066 692 2138 ἁγιασμὸς
724 2065 1110 2138 ἑρμηνεύεται.

350 2246 580 2313 Ἰδωμεν
612 2244 706 2300 καὶ
736 2245 806 2298 τὰ
835 2242 929 2299 ἐπὶ
955 2240 1066 2299 τῶν
1083 2243 1422 2298 ἀνατολικῶν
1449 2243 1612 2314 ὁρίων
1646 2243 1854 2315 μυστή-

275 2357 392 2410 ρια,
424 2339 499 2408 μὴ
517 2335 670 2406 ψιλὸν
701 2334 950 2398 νοοῦντες
983 2333 1268 2404 ὀνομάτων
1304 2333 1629 2401 κατάλογον.
1683 2332 1854 2400 Λέγε-

273 2447 367 2484 ται
400 2429 578 2484 τοίνυν
606 2429 664 2480 ἐν
693 2425 910 2488 τούτοις
939 2426 1092 2496 πηγὴ
1139 2424 1504 2486 Ἦλιούπολις,
1566 2421 1853 2477 Ἠλιούποο

273 2524 360 2586 λις
389 2519 759 2592 γραμμάτων,
789 2519 856 2587 ἣν
886 2519 915 2570 6
943 2517 1124 2592 λαδῲν
1189 2519 1250 2570 ἐν
1284 2515 1562 2584 εὐλογίαις
1623 2513 1851 2584 γίνεται.

289 2589 452 2668 Ἀλλά
479 2589 562 2674 τίς
620 2613 677 2666 ἐν
723 2608 902 2680 Ἰούδᾳ,
943 2589 1064 2668 τοῦθ
1093 2607 1244 2679 ἡλίου
1304 2610 1496 2678 πηγῆς
1546 2606 1642 2660 καὶ
1700 2603 1854 2658 ποίου

277 2705 464 2776 ἡλίους
505 2702 694 2774 Δῆλον,
717 2701 793 2764 ὼς
822 2699 954 2770 περὶ
979 2691 1040 2754 οὗ
1067 2699 1380 2768 γέγραπται
1403 2715 1416 2727 ·
1457 2716 1477 2751 t
1520 2697 1646 2759 Τοῖς
1676 2694 1732 2750 δὲ
1763 2708 1859 2762 φο-

277 2793 564 2864 ϐουμένοις
591 2792 649 2844 τὸ
665 2789 840 2858 ὄνομά
867 2805 973 2859 μου
1003 2787 1254 2842 άνατελεῖ
1280 2787 1429 2858 ἥλιος
1449 2785 1816 2853 δικαιοσύνης.
1833 2804 1851 2840 ι

277 2889 497 2958 ταύτην
545 2887 646 2959 τὴν
693 2885 876 2954 πηγὴν
911 2881 1200 2954 χαρίζεται
1252 2885 1364 2943 τοῖς
1425 2881 1716 2952 μαθηταῖς,
1773 2881 1860 2938 ἵνα

275 2983 432 3054 πηγὴ
471 2981 663 3044 ὓδατος
707 2978 1004 3050 ἁλλομένου
1038 2979 1117 3041 είς
1153 2977 1298 3048 ζωὴν
1329 2971 1606 3050 αίὼνιονῇ
1650 2977 1710 3030 ὲν
1762 2975 1862 3028 αὐ-

274 3075 580 3138 τοῖς.⁹Εστι
607 3074 663 3126 δὲ
687 3073 783 3128 καὶ
817 3072 972 3133 πόλις
1000 3069 1150 3142 ἡλίου
1177 3067 1298 3123 κατ’
1319 3069 1616 3137 Αἴγυπτον,
1650 3067 1718 3122 τὰ
1740 3070 1860 3121 ἐπι-

1952 1892 2062 1942 t-ein
2080 1886 2436 1955 captantibus
2464 1893 2772 1956 opponunt.
2802 1884 2934 1939 Nam
2953 1891 3009 1939 et
3041 1883 3291 1938 Ezechiel
3311 1883 3488 1953 inquit
3514 1899 3529 1936 :

1955 1993 1975 2028 ι
2012 1975 2205 2032 Justus
2263 1992 2392 2032 vero
2453 1977 2510 2032 in
2578 1976 2759 2031 medio
2815 1977 3169 2046 scorpionum
3224 1977 3378 2033 sedet
3428 1977 3526 2029 ³⁸.»

1951 2065 2117 2124 Fines
2148 2069 2278 2124 item
2311 2069 2434 2138 ejus
2459 2066 2528 2122 ad
2557 2066 2734 2123 Gades
2756 2067 2971 2122 Barnea
3007 2083 3184 2138 usque
3217 2069 3536 2138 pertiugunt

1952 2158 2102 2230 quod
2128 2165 2383 2212 sanctum
2443 2165 2497 2212 et
2524 2156 2797 2211 sanctitas
2822 2139 3180 2227 interpretari
3215 2157 3368 2210 licet.

2026 2247 2140 2304 Sed.
2166 2247 2430 2319 mysteria
2459 2261 2682 2317 quoque
2710 2246 2902 2300 [inium
2963 2248 3034 2302 ab
3090 2247 3327 2308 oriente,
3383 2241 3535 2298 nuda

1958 2342 2247 2396 nominum
2304 2341 2629 2395 recensione
2668 2339 2904 2403 omissa,
2959 2352 3389 2409 cognoscamus.
3443 2334 3536 2388 Di-

1956 2434 2102 2487 citur
2132 2433 2316 2499 itaque
2343 2432 2487 2484 intra
2523 2431 2625 2486 hos
2653 2446 2781 2488 esse
2822 2430 3025 2486 fontem
3081 2428 3407 2496 Heliopolis,
3455 2427 3537 2482 di-

1957 2528 2044 2575 cta
2075 2518 2378 2590 Heliopolis
2415 2519 2653 2590 Sepher,
2686 2535 2848 2590 quem
2887 2519 2982 2588 qui
3039 2519 3259 2588 accepit
3306 2518 3434 2571 felix
3482 2525 3537 2570 et

1956 2611 2152 2667 beatus
2182 2611 2261 2669 iit.
2291 2613 2360 2664 At
2389 2611 2516 2681 quis
2553 2614 2609 2668 in
2647 2611 2791 2667 Juda
2826 2613 2965 2668 solis
2993 2611 3118 2666 fons
3149 2622 3230 2666 est
3254 2609 3278 2665 Ἰ
3304 2613 3412 2664 Aut
3438 2623 3537 2664 cu-

1954 2704 2046 2775 jus
2074 2704 2208 2760 solis
2239 2704 2360 2760 est?
2389 2705 2522 2776 Ejus
2574 2705 2860 2772 nimirum,
2897 2705 2965 2760 de
2997 2719 3109 2774 quo
3127 2705 3390 2771 scriptum
3413 2710 3533 2756 est:

1963 2814 1983 2848 ι
2002 2795 2210 2850 Nomen
2231 2811 2410 2851 meum
2428 2797 2811 2852 reverentibus
2841 2798 2922 2851 sol
2942 2797 3172 2865 justitite
3197 2794 3487 2850 orietur".
3512 2809 3532 2844 ι

1961 2887 2122 2944 Hunc
2160 2887 2371 2943 fontem
2404 2891 2694 2944 Dominum
2721 2889 3013 2960 discipulis
3045 2889 3252 2954 donat,
3286 2898 3346 2941 ut
3375 2900 3533 2956 aqua

1961 2981 2217 3037 salientis
2253 2981 2308 3034 in
2336 2980 2504 3035 vitam
2530 2991 2793 3036 aeternam
2821 2981 2872 3016 “
2907 2983 2980 3038 sit
3009 2984 3062 3036 in
3104 2982 3283 3035 vobis.
3322 2981 3418 3034 Est
3447 2993 3541 3035 ve-

1962 3090 2026 3130 ro
2059 3073 2363 3145 Heliopolis
2397 3075 2596 3130 civitas
2626 3074 2850 3145 Egypti
2883 3090 3006 3145 quae
3067 3073 3416 3144 Splendorem
3479 3085 3542 3126 ac

278 3169 428 3239 φανῆ
469 3183 564 3222 και
603 3166 788 3232 ἔνδοξα
813 3164 908 3220 τοῦ
939 3165 1148 3234 κόσμου
1183 3163 1547 3234 σημαίνουσα.
1607 3161 1688 3216 Τὰ
1747 3159 1856 3231 γάρ

1967 3166 2188 3238 gloriam
2230 3166 2395 3236 hujus
2451 3167 2636 3221 mundi
2688 3168 2933 3221 denotat.
2996 3166 3140 3220 Deus
3169 3167 3352 3236 itaque
3384 3179 3540 3219 suam

277 3263 423 3318 κατὰ
451 3262 582 3314 Θεὸν
615 3259 802 3324 ἔνδοξα
832 3259 932 3328 τῆς
965 3257 1320 3329 κληροδοσίας
1365 3255 1536 3311 Ἰούδα
1568 3254 1858 3325 βασιλικῆς

278 3371 341 3411 τε
379 3352 577 3421 φυλῆς,
611 3352 704 3404 καὶ
730 3353 788 3406 ἐν
820 3352 892 3420 γῇ
921 3349 1074 3419 ἁγίᾳ.

353 3443 470 3512 Πρὸ
490 3441 586 3512 τῆς
623 3440 838 3510 μερίδος
865 3440 932 3510 ἦν
966 3437 1159 3492 ἐλαϐεν
1211 3438 1245 3506 ἡ
1280 3436 1422 3508 φυλὴ
1473 3435 1656 3491 Χάλεὸ
1693 3435 1863 3506 ἀκλη-

285 3535 422 3605 ρωτὶ
451 3534 612 3604 μέρος
641 3530 909 3600 λαμϐάνει
955 3531 1042 3586 διά
1094 3529 1516 3600 προστάγματος
1575 3527 1669 3582 τοῦ
1703 3526 1860 3582 Θεοῦ.

285 3627 420 3680 Τίνα
448 3626 506 3679 δὲ
537 3624 692 3677 πόλιν
741 3622 848 3676 ἔδει
877 3621 968 3674 τὸν
1003 3622 1164 3690 μόνον
1192 3620 1436 3674 σωθέντα
1503 3621 1621 3690 μετ’
1685 3617 1865 3688 Ἰησοῦ

289 3718 444 3785 παρὰ
478 3715 575 3778 τὰς
617 3712 664 3784 χ’
717 3711 967 3782 χιλιάδας
1029 3711 1305 3782 λαδεῖν,ῆ
1368 3709 1707 3781 μητρόπολιν
1766 3708 1866 3780 τὴν

301 3811 487 3870 Ἐνάκ,
515 3808 612 3878 τῆν
639 3805 864 3876 Χεϐρών
891 3822 906 3870 ;
933 3804 1000 3874 ἢν
1027 3803 1093 3874 δὴ
1119 3801 1320 3865 λαὸὼν,
1371 3801 1539 3871 ἀνέὸη
1589 3801 1685 3853 ἐπὶ
1744 3802 1869 3863 τοὺς

287 3900 679 3962 κατοικοῦντας
727 3897 963 3968 Δαόείρο
1030 3897 1064 3966 ἢ
1119 3894 1384 3966 πρότερον
1441 3893 1660 3960 ἐλέγετο
1715 3892 1872 3955 πόλις

291 3993 673 4066 Γραμμάτων·
707 3991 798 4043 καί
829 3987 1112 4059 κηρύττει,
1133 3985 1213 4056 τῷ
1227 3985 1433 4054 ταύτην
1461 3985 1634 4037 ἑλόντι
1673 3984 1871 4052 Ἀσχὰν

289 4086 491 4140 διδόναι
525 4083 624 4152 τὴν
648 4080 948 4151 θυγατέρα,
983 4079 1048 4149 ἣν
1085 4073 1199 4132 εἷλε
1232 4076 1272 4129 Γ
1275 4075 1490 4146 οθονιὴλ
1519 4075 1634 4138 υίὸς
1668 4075 1864 4139 Κενὲξ,

293 4173 521 4242 ἀδελφὸς
539 4171 723 4225 Χάλεὸ
759 4172 788 4224 6
815 4167 1079 4238 νεώτερος
1107 4181 1120 4195 ⁸
1149 4166 1310 4236 δῆλον
1339 4166 1414 4228 ὡς
1437 4168 1492 4232 ἐξ
1552 4166 1742 4238 ὲτέρου
1769 4182 1877 4218 πα-

294 4266 445 4336 τρὸς,
494 4263 640 4320 κατά
663 4280 727 4332 γε
765 4261 856 4316 τὸν
884 4260 980 4314 τοῦ
1011 4259 1344 4329 γράμματος
1372 4257 1551 4326 λόγον,
1587 4256 1875 4326 Λαμδὰνει

295 4359 355 4414 δὲ
387 4357 508 4412 κατ’
535 4356 751 4425 αττησιν
777 4355 810 4423 ή
854 4352 1053 4422 Ἀσχὰν
1087 4349 1242 4422 παρὰ
1266 4348 1363 4401 τοῦ
1407 4347 1617 4420 πατρὸς
1639 4348 1742 4419 τὴν
1774 4348 1876 4401 Γο-

1962 3260 2200 3330 gloriam
2241 3260 2297 3314 in
2327 3267 2534 3314 sortem
2567 3259 2709 3314 Juda
2740 3261 2946 3314 tribum
3007 3261 3238 3332 regiam,
3295 3259 3545 3325 adeoque

1964 3360 2182 3407 terram-
2203 3362 2460 3404 sanctam
2493 3351 2763 3419 reposuit.

2037 3441 2106 3496 Et
2131 3452 2473 3496 accesserunt
2509 3442 2612 3510 ﬁlii
2637 3440 2786 3495 Iuda
2815 3440 2885 3494 ad
2904 3439 3264 3514 Josue.[XlV,
3295 3439 3378 3513 6.]
3405 3440 3546 3496 Ante

1965 3544 2170 3590 sortem
2204 3549 2372 3604 quam
2403 3549 2466 3588 ea
2494 3533 2674 3587 tribus
2709 3535 2944 3603 arcepit,
2996 3534 3166 3588 Caleb
3233 3549 3366 3588 vero
3423 3548 3550 3604 por-

1966 3624 2172 3678 tionem
2216 3639 2374 3679 suam
2405 3623 2542 3678 citra
2570 3631 2775 3677 sortem
2818 3623 2939 3694 (sed
2987 3630 3048 3676 ut
3091 3623 3359 3692 scriptum
3391 3623 3549 3676 habet

1968 3731 2132 3784 quam
2161 3716 2396 3770 calcavit
2425 3730 2520 3786 pes
2557 3715 2756 3786 ipsius)
2789 3716 3014 3784 accipit.
3042 3716 3216 3781 Quam
3269 3729 3398 3769 vero
3452 3730 3550 3767 ur-

1969 3809 2092 3862 bem
2152 3808 2318 3860 aliam
2349 3809 2395 3861 is
2451 3809 2546 3878 qui
2607 3808 2760 3864 solus
2819 3816 3072 3863 servatus
3093 3815 3177 3863 est
3207 3805 3550 3878 cumJosue,

1969 3899 2322 3969 septuaginta
2397 3897 2645 3955 millibus
2708 3899 3001 3954 exstinctis
3073 3914 3270 3970 capere
3325 3898 3553 3964 debuit,

1973 4007 2141 4061 quam
2178 3991 2526 4060 metropolim
2561 3989 2819 4058 Anakim,
2859 3991 3210 4047 llehroncm?
3256 3992 3373 4058 Qua
3423 4007 3556 4047 sane

1975 4087 2247 4147 occupata
2279 4079 2345 4132 ad
2385 4078 2600 4134 incolas
2638 4078 2823 4146 Dahir,
2859 4096 2981 4151 quae
3007 4081 3162 4151 prius
3216 4081 3349 4136 urbs
3385 4082 3562 4135 libro-

1978 4183 2102 4222 ruin
2143 4169 2456 4235 dicebatur,
2492 4171 2764 4235 ascendit,
2816 4185 2881 4225 ac
2938 4173 3274 4243 promulgat,
3322 4177 3559 4242 quicun—

1978 4275 2086 4330 que
2107 4274 2225 4314 eam
2253 4263 2484 4331 ceperit,
2523 4262 2781 4316 daturum
2814 4263 2863 4318 ei
2893 4265 3058 4317 tiliam
3093 4279 3248 4318 suam
3288 4263 3510 4319 Aschan
3543 4284 3558 4318 :

1981 4367 2145 4424 quam
2179 4354 2328 4423 cepit
2373 4354 2671 4409 Gothoniel
2717 4355 2864 4410 tilius
2918 4356 3119 4424 Cenez,
3172 4357 3344 4411 frater
3393 4357 3567 4412 Caieb

297 4447 493 4508 νέθλαν
529 4446 628 4518 τὴν
657 4445 770 4500 άνω
812 4446 908 4497 καὶ
950 4442 1048 4513 τὴν
1097 4440 1362 4495 Γονὲθλαν
1426 4438 1528 4510 τὴν
1576 4439 1727 4494 κάτω
1779 4440 1874 4510 τῆς

1980 4442 2190 4509 iunior,
2226 4443 2496 4497 nimirum
2529 4445 2600 4500 ab
2625 4443 2735 4498 alio
2763 4453 2938 4515 patre.
2972 4445 3240 4517 lmpetrat
3273 4461 3400 4502 vero
3458 4450 3560 4502 As-

297 4538 665 4612 κληρονομίας
712 4536 904 4591 Ἰούδα.
949 4533 1112 4587 Ἀλλά
1143 4532 1228 4596 τίς
1261 4533 1296 4602 ἠ
1326 4531 1657 4602 μητρόπολις
1686 4547 1702 4598 ;
1742 4529 1881 4586 Πολ-

295 4632 407 4688 λῶν
434 4630 613 4684 τοίνυν
634 4629 812 4682 οὐσῶν
853 4626 1063 4682 πόλεων
1105 4625 1164 4678 ὲν
1209 4625 1276 4694 τῇ
1335 4623 1469 4694 ἁγίᾳ
1527 4623 1878 4695 κληροδοσίᾳ,

299 4729 398 4784 καὶ
422 4726 721 4797 ταγμάτων
758 4721 1148 4792 διαφερόντων,
1175 4720 1256 4774 δεῖ
1303 4720 1396 4773 καὶ
1427 4719 1617 4788 τάγμα
1662 4719 1880 4787 ταγμά-

299 4838 411 4877 των
439 4821 710 4889 ὑπάρχειν
746 4813 1098 4888 περιεκτικόν
1123 4829 1182 4866 τε
1216 4813 1308 4866 καὶ
1371 4810 1584 4882 κύριον,
1645 4812 1739 4866 καὶ
1769 4805 1883 4864 οἷον

307 4913 681 4986 μητρόπολιν,
731 4909 798 4981 ῆν
844 4911 892 4962 oi
937 4909 1157 4978 διαφερ.
1189 4906 1300 4978 (45)
1363 4905 1696 4976 λαμϐάνουσι
1718 4945 1733 4971 ,
1790 4903 1888 4958 καὶ

303 5007 474 5077 άλλην
519 5005 690 5060 ἄλλοι.
755 5001 963 5063 Πολλὰς
1015 5000 1124 5071 γὰρ
1197 4998 1560 5068 μητροπόλεις
1621 4995 1790 5066 φησὶν
1851 4997 1884 5067 ή

305 5099 520 5172 Γραφὴ,
554 5098 628 5161 ὡς
653 5094 785 5166 παρ’
813 5091 1043 5162 Ἡσαΐᾳ·
1075 5109 1094 5142 ι
1122 5088 1466 5161 Μητρόπολις
1489 5089 1654 5160 πιστὴ
1675 5087 1833 5142 Σιών.
1861 5105 1880 5139 ι

303 5189 410 5246 Ὠν
433 5189 700 5259 λαμϐάνει
720 5186 818 5255 τὴν
861 5182 1088 5256 πρώτην
1111 5184 1138 5236 6
1185 5179 1372 5234 Χάλεδ
1409 5177 1576 5234 οὖσαν
1606 5179 1716 5232 τῶν
1731 5179 1888 5232 Ἐνα-

1986 4535 2129 4588 chan
2161 4547 2192 4587 a
2226 4543 2379 4603 patre
2422 4534 2633 4606 irrigua
2656 4537 2948 4606 superiora
2979 4548 3036 4594 et
3072 4539 3340 4595 inferiora
3368 4540 3423 4595 iu
3449 4540 3563 4596 hae-

1986 4625 2220 4680 reditate
2249 4623 2413 4680 Juda.
2445 4624 2648 4681 Verum
2704 4644 2825 4699 quae
2881 4638 2965 4685 est
3027 4631 3142 4687 haec
3197 4633 3568 4704 metrOpolis?

1987 4713 2170 4770 Multae
2205 4731 2339 4771 sane
2384 4731 2505 4770 cum
2542 4718 2707 4774 urbes
2749 4719 2805 4773 in
2847 4719 3169 4778 haereditate
3200 4731 3414 4790 sancta,
3467 4739 3564 4778 or-

1984 4807 2258 4878 dinesque
2299 4807 2507 4865 diversi
2541 4810 2674 4874 sint,
2708 4813 2958 4868 ordinem
2987 4829 3211 4885 quoque
3247 4830 3564 4885 supremum

1985 4900 2308 4956 distinctum
2344 4941 2360 4965 ,
2396 4915 2461 4955 ac
2517 4904 2807 4972 proprium
2863 4921 2964 4960 ceu
3036 4907 3383 4976 metropolim
3444 4921 3568 4960 esse

1982 5001 2220 5062 oportet.
2273 4992 2450 5058 Quam
2507 4995 2931 5053 excellentiores
2977 4994 3303 5068 accipiunt,
3361 5006 3416 5053 et
3473 4998 3566 5054 alii

1985 5085 2209 5154 quidem
2246 5086 2432 5140 aliam.
2465 5084 2760 5144 Multarum
2785 5093 2932 5145 enim
2967 5093 3354 5163 metropolium
3419 5090 3567 5143 Scri-

1991 5186 2156 5250 plura
2225 5177 2496 5242 meminit,
2574 5183 3040 5250 quemadmodum
3118 5185 3260 5254 apud
3317 5183 3565 5237 Isaiam:

303 5285 460 5354 κεὶμ,
495 5282 635 5352 ὅπερ
697 5277 1060 5338 ταπείνωσις
1119 5272 1266 5341 κενὴ
1295 5314 1310 5338 ,
1343 5272 1510 5342 ἧγουν
1569 5271 1874 5340 ἀπόκρισις

1998 5286 2018 5321 ι
2056 5267 2375 5338 Metropolis
2417 5269 2598 5327 ﬁdelis
2629 5273 2762 5329 Sion
2797 5277 2864 5328 ⁸⁵.
2896 5295 2913 5326 ι
2948 5276 3190 5341 Quarum
3245 5272 3412 5327 Caleb
3447 5275 3570 5342 qui-

307 5374 481 5441 κενὴ,
510 5367 890 5443 ἑρμηνεύεται.
923 5363 1272 5436 Μητρόπολιν
1302 5361 1395 5418 οὖν
1430 5362 1697 5434 λαμϐάνει
1728 5362 1874 5433 κενῆς

1991 5362 2114 5418 dem
2139 5361 2468 5434 principem,
2504 5365 2735 5422 Enacim
2789 5367 3082 5434 videlicet,
3114 5376 3391 5439 occupat,
3422 5366 3568 5437 quod

920 5548 966 5580 "
993 5542 1230 5601 Malacb.
1261 5557 1335 5606 ιν,
1371 5540 1428 5595 2.
1503 5539 1550 5572 ’δ
1580 5536 1717 5594 Joan
1789 5552 1865 5604 tv,
1908 5536 1998 5597 14.
2075 5540 2120 5573 ’³
2161 5540 2269 5598 lsa.
2306 5559 2364 5607 ll,
2402 5541 2456 5600 ‘5.

1815 5651 2051 5716 ΝΟΤΔΕ.

311 5546 325 5559 ’
379 5555 426 5587 ³⁸
467 5553 661 5612 Ezecb.
695 5566 761 5614 ιι,
791 5548 846 5604 6.

391 5761 502 5831 (δῦ)
531 5757 652 5814 Ἰσ.
683 5756 1028 5828 διαφέροντες
1051 5749 1151 5821 τὴν
1181 5747 1398 5820 ἀρετήν.
