4018 6230
386 347 526 415 1033
634 392 642 400 -

1504 347 2039 408 COMMENTARII
2085 347 2166 406 IN
2207 343 2461 406 JOSUE.

382 480 487 521 cuc
541 478 705 533 porro
750 462 883 516 hinc
918 467 1205 516 venturum
1271 459 1471 530 inquit,
1532 459 1722 521 Deum.
1786 459 2243 528 quemadmodum
2306 460 2395 512 lux
2431 473 2460 511 a
2516 456 2779 512 meridie.

384 556 648 612 Themam
683 557 888 615 veniet,
933 574 951 605 ι
990 551 1185 621 reliqui
1211 551 1274 603 ab
1305 559 1487 604 austro
1524 559 1651 605 sunt
1684 547 2048 618 interpretati.

3519 334 3652 401 103i.

2872 454 3007 510 Illud
3060 454 3258 508 enim:
3330 450 3565 509 Nileus
3620 469 3678 512 ιι.

454 647 559 701 Καὶ
590 650 621 699 ό
665 645 1017 708 Ἰεϐουσαῖος
1063 642 1373 708 κατῴκησε
1413 643 1483 696 ἐν
1524 640 1953 710 Ἰερουσαλὴμ,

2136 633 2200 685 Et
2229 632 2506 685 Jebuswus
2545 622 2803 683 habitavit
2850 630 2901 681 in
2929 626 3252 692 Jerusalem,
3318 648 3411 684 nec
3463 637 3651 699 potue-

384 740 481 793 καὶ
515 740 625 790 οὐκ
659 735 1098 805 ἠδυνάσθησαν
1125 734 1241 788 υἱοὶ
1287 732 1483 789 Ἰούδα
1516 732 1821 788 ἀπολέσαι
1855 735 1967 787 αὑ-

384 832 528 894 τούς
548 846 563 859 ο
599 830 697 882 καὶ
723 826 1087 893 κατῴκησαν
1111 831 1164 881 οὶ
1192 826 1534 880 Ἰεϐουσαῖοι
1562 827 1631 880 ἐν
1673 826 1972 893 Ἰερουσα-

381 924 506 991 λὴμ
526 920 637 986 ἕως
675 919 786 987 τῆς
816 918 1040 987 ἡμέρας
1068 918 1315 985 ταύτης.

466 1009 801 1080 Ἐρωτητέον
831 1009 956 1071 τοὺς
984 1010 1050 1061 ὲκ
1073 1009 1273 1071 παντὸς
1296 1009 1505 1081 τρόπου
1539 1006 1969 1080 προϊσταμένους

384 1102 478 1157 τοῦ
512 1103 866 1171 γράμματος,
904 1099 1025 1163 πῶς
1060 1100 1166 1162 ἓως
1206 1100 1304 1169 τῆς
1337 1102 1577 1169 σήμερον
1612 1098 1825 1168 ἡμέρας
1865 1115 1970 1168 φη-

387 1196 509 1259 σίν;
544 1196 685 1265 ὅπερ
708 1195 767 1246 ὲν
796 1197 865 1264 τῇ
899 1194 1093 1263 Γραφῇ
1129 1193 1292 1263 μέχρι
1350 1194 1447 1260 τῆς
1506 1188 1816 1254 συντελείας
1873 1190 1967 1243 τοῦ

387 1285 657 1355 παρόντος
719 1284 919 1347 αἰῶνος
965 1284 1138 1354 δηλοῖ,
1179 1283 1321 1337 κατὰ
1379 1282 1461 1346 τὸ,
1523 1300 1541 1334 ‹
1576 1278 1739 1345 Οὗτος
1789 1281 1971 1351 πατὴρ

389 1376 690 1431 Μωαϐιτῶν
719 1376 825 1438 ἕως
865 1378 964 1445 τῆς
999 1377 1240 1445 σήμερον
1273 1374 1512 1445 ἡμέρας.
1552 1393 1571 1425 ι
1632 1375 1739 1427 Καὶ
1797 1374 1965 1427 πάλιν

393 1487 412 1519 ι
452 1470 541 1536 Μὴ
571 1467 844 1536 ἀπόστητε
877 1466 981 1519 ἀπὸ
1019 1465 1224 1538 Κυρίου
1255 1467 1313 1520 ὲν
1336 1468 1457 1528 ταῖς
1516 1466 1761 1536 σήμερον
1813 1465 1953 1534 ἡμέ-

392 1577 535 1630 ραις,
570 1578 588 1610 ι
622 1559 744 1612 ἀντὶ
775 1556 891 1619 τοῦ,
927 1559 1050 1611 ὅσον
1075 1558 1138 1610 τὸ
1171 1558 1415 1629 σήμερον
1441 1557 1712 1612 καλεῖται.
1748 1558 1966 1628 Μηκέτι

387 1648 481 1704 οὖν
503 1651 611 1702 τῶν
640 1650 773 1702 υἱῶν
815 1648 985 1702 Ἰούδα
1009 1650 1412 1703 κατοικούντων
1466 1651 1524 1703 ὲν
1585 1648 1965 1720 Ἰερουσαλὴμ,

391 1741 509 1803 πῶς
536 1744 564 1795 6
603 1740 929 1803 Ἰεϐουσαῖος
954 1743 1097 1795 οἰκεῖ
1121 1742 1240 1811 μετ’
1277 1740 1443 1795 αὐτοῦ
1470 1760 1486 1809 ;
1539 1741 1830 1813 τοιγαροῦν
1873 1742 1966 1795 ὲπί

387 1852 439 1887 τι
478 1833 668 1902 νοητὸν
694 1833 1099 1905 ἀναδράμωμεν
1132 1835 1339 1904 ὅμοιον,
1363 1836 1463 1901 τὴν
1503 1835 1765 1905 περὶτῶν
1805 1834 1992 1899 ζιζα-,

389 1926 520 1980 νεων
568 1925 845 1996 εἰληφότες
882 1925 1305 1996 παραϐολήν·ἃ
1357 1924 1436 1996 τῷ
1483 1927 1616 1995 σίτῳ
1672 1925 1965 1980 κατέλειπε

389 2015 839 2081 συναυξάνεσθαι,
864 2016 937 2086 μὴ
970 2015 1341 2088 συνεκριζωθῇ
1373 2016 1584 2079 τούτοις
1619 2018 1646 2068 ὁ
1669 2019 1833 2079 σῖτος.
1878 2017 1967 2070 Ἐν

385 2109 496 2178 γὰρ
522 2110 587 2177 τῇ
642 2106 939 2177 Ἐκκλησία
967 2107 1103 2159 εἰσὶν
1165 2107 1480 2160 Ἰεϐουσαῖοι
1540 2107 1967 2177 καταπατούμε-

387 2216 488 2262 νοι,
528 2198 843 2270 ἁμαρτωλοί
892 2217 951 2251 τε
975 2199 1071 2251 καὶ
1110 2198 1210 2267 τῆς
1243 2199 1483 2261 πίστεως
1532 2189 1827 2269 ἀλλότριοι.
1856 2200 1967 2253 Καὶ

385 2291 488 2345 οὐκ
517 2291 582 2345 ἄν
603 2307 686 2354 τις
705 2292 762 2343 ὲν
800 2290 878 2359 τῷ
900 2290 1365 2361 παρόντιπαύσειε
1390 2290 1490 2361 βίῳ
1517 2289 1794 2352 τοιούτους
1820 2289 1966 2360 ἔχειν

386 2383 485 2454 τὴν
527 2382 872 2452 Ἐκκλησίαν,
907 2382 1000 2436 κοιλ⁹
1028 2386 1205 2452 μονων
1235 2382 1500 2452 ὑπάρχειν
1533 2381 1725 2451 ἁγίων.
1774 2383 1839 2435 Ti
1860 2385 1968 2454 γὰρ

388 2475 453 2529 ἄν
484 2492 567 2537 τις
588 2476 831 2545 ποιήσειε
871 2475 998 2545 περί
1021 2474 1129 2528 τῶν
1160 2473 1476 2544 ἀμφιϐόλων
1495 2473 1857 2545 ἁμαρτωλῶν,
1881 2476 1968 2528 ὅτε

387 2570 483 2620 καὶ
512 2569 638 2629 τοὺς
661 2569 936 2638 φανεροὺς
969 2566 1295 2634 amittis-ets;
1325 2568 1395 2621 τὰ
1424 2567 1480 2622 δὲ
1510 2570 1672 2639 ὃμοια
1698 2569 1793 2623 κα)⁵
1842 2571 1970 2639 περὶ

385 2657 481 2712 ⁶τοῦ
527 2658 765 2729 Ἐφρατμ
793 2676 955 2727 φησιν
980 2660 1013 2728 ἡ
1040 2659 1230 2728 Γραφή
1256 2674 1271 2690 ·
1302 2678 1321 2710 ι
1355 2660 1464 2713 Καὶ
1528 2660 1627 2714 οὐκ
1685 2660 1969 2714 ἀπώλεσεν

402 2748 639 2820 Ἐφραῒμ
666 2750 758 2802 τὸν
793 2750 1094 2803 Καναναῖον
1121 2748 1211 2802 τὸν
1243 2751 1599 2804 κατοικοῦντα
1627 2752 1684 2805 ὲν
1704 2750 1900 2823 Γαζέρ.
1944 2771 1963 2804 ι

388 2872 461 2884 -
498 2860 517 2893 ς
554 2842 664 2894 Καὶ
694 2840 935 2912 κατῴκει
964 2844 991 2895 6
1019 2843 1321 2904 Χαναναῖος
1349 2843 1406 2894 ὲν
1428 2842 1505 2913 τῷ
1542 2843 1782 2915 Ἐφραῖμ
1808 2844 1968 2915 μέχρι

389 2933 491 3001 τῆς
520 2933 736 3003 ἡμέρας
770 2932 995 3005 ταύτης.
1046 2954 1065 2984 ι
1109 2934 1351 3005 Ἐφραῒμ
1380 2935 1458 2998 δὲ,
1490 2938 1865 3005 καρποφορία
1887 2938 1973 3009 ἑρ-

395 3023 713 3094 μηνεύεται.
763 3024 821 3076 Ὀ
853 3025 1221 3095 καρποφορῶν
1255 3022 1348 3079 οῦν
1374 3026 1434 3079 οὐ
1464 3026 1686 3083 δύναται
1714 3029 1803 3082 τὸν
1856 3031 1972 3084 Xa-

390 3117 630 3180 ναναῖον,
665 3115 725 3168 τὸ
759 3116 982 3184 σπέρμα
1039 3117 1097 3168 τὸ
1155 3116 1435 3187 ἀλλότριον
1489 3120 1551 3172 τὸ
1589 3122 1970 3192 κατηραμένον

390 3208 679 3263 ἐκϐάλλειν
708 3209 818 3262 ἀπὸ
872 3211 968 3278 τῆς
990 3209 1175 3280 χώρας
1226 3210 1396 3262 αὑτοῦ
1457 3210 1563 3274 ἕως
1605 3212 1705 3282 τῆς
1756 3214 1970 3284 ἡμέρας

2073 735 2198 779 runt
2236 725 2337 793 ﬁlii
2366 723 2513 776 Juda
2551 740 2639 777 eos
2666 723 3051 787 exterminare,
3092 722 3182 776 sed
3247 723 3443 777 mansit
3489 721 3654 779 Jeba-

2072 834 2210 871 sarus
2243 832 2362 868 cum
2392 816 2523 884 [iliis
2554 814 2703 868 Iuda
2735 806 3127 885 Hierosolymis
3163 830 3329 884 usque
3386 815 3443 868 in
3513 831 3655 883 pra'v

2070 917 2268 961 sentem
2292 908 2431 959 diem
2463 904 2604 978 μιν,
2641 906 2754 977 65].
3118 958 3127 962 -

2141 1000 2482 1054 Consulendi
2548 999 2855 1054 litterarum
2913 997 3173 1052 omnibus
3230 998 3481 1053 numeris
3536 1013 3653 1053 ma-

2072 1094 2233 1163 gistri
2298 1093 2722 1158 ahsolutissimi,
2785 1108 2892 1163 qua
2946 1093 3161 1146 ratione
3208 1090 3276 1146 ad
3328 1090 3656 1147 hodiernum

2073 1200 2248 1253 usque
2296 1183 2438 1238 diem
2491 1185 2657 1236 dicat.
2716 1181 2831 1237 Hac
2895 1184 3043 1237 enim
3129 1180 3390 1252 loquendi
3473 1181 3651 1236 forma

2072 1275 2603 1329 consummationem
2670 1273 2839 1342 hujus
2903 1271 3190 1342 praesentis
3251 1273 3439 1327 saeculi
3501 1271 3656 1327 Scri-

2073 1372 2231 1435 ptura
2302 1364 2581 1435 signiﬁcat
2631 1364 2788 1434 juxta
2842 1363 2976 1418 illud
3024 1358 3183 1419 :iHic
3243 1373 3398 1435 pater
3449 1363 3658 1419 Moabi-

2073 1465 2251 1509 tarum
2305 1462 2391 1510 est
2444 1455 2497 1508 in
2560 1454 2892 1508 hodiernum
2971 1468 3149 1523 usque
3224 1452 3369 1507 diem
3412 1454 3477 1507 ⁸³.
3516 1472 3534 1504 ι
3593 1453 3659 1506 Et

2072 1546 2271 1601 iterum
2306 1564 2318 1597 :
2358 1563 2377 1596 ι
2421 1543 2498 1599 Ne
2530 1544 2800 1599 detieiatis
2853 1558 2885 1598 a
2938 1543 3171 1598 Domino
3212 1543 3498 1599 hodiernis
3543 1544 3661 1599 die-

2072 1636 2195 1691 bus.
2236 1654 2253 1687 ι
2290 1635 2394 1690 Pro
2423 1650 2517 1697 eo.
2552 1634 2796 1704 quandiu
2825 1648 3026 1688 nomen
3079 1634 3242 1688 hodie
3275 1632 3462 1687 durat.
3517 1633 3658 1688 Cum

2070 1728 2256 1798 itaque
2289 1727 2385 1782 tilii
2416 1726 2555 1781 Juda
2578 1727 2974 1798 Hierosolyma;
2993 1743 3103 1782 non
3123 1727 3368 1781 habitent
3397 1729 3658 1797 amplius,

2071 1819 2350 1891 quomodo
2380 1818 2594 1873 habitat
2621 1817 2912 1875 Jebuszeus
2943 1835 3067 1874 eum
3125 1820 3207 1875 eis
3234 1822 3257 1873 ?
3310 1820 3661 1891 Quapropter

2073 1926 2268 1967 sensus
2320 1910 2746 1966 similitudinem
2786 1910 3135 1980 indagemus,
3178 1927 3344 1981 quam
3410 1912 3477 1967 de
3514 1914 3662 1966 ziza-

2000 1980 2044 2036 Β
2075 2005 2184 2060 niis
2243 2003 2503 2074 parabola
2528 2002 2925 2074 suppeditabit.
2958 2003 3030 2056 Ea
3056 1980 3203 2058 enim
3228 2020 3354 2059 cum
3386 2005 3660 2060 frumento

2079 2111 2337 2151 crescere
2370 2096 2644 2164 permisit,
2678 2110 2747 2149 ne
2808 2080 2973 2150 simul
3032 2113 3158 2150 cum
3209 2097 3291 2154 eis
3321 2097 3658 2152 frumentum

2075 2188 2342 2242 evellatur
2399 2186 2684 2241 radicitus.
2752 2185 2812 2240 In
2850 2186 3094 2242 Ecclesia
3122 2191 3268 2242 enim
3326 2189 3659 2243 conculcan-

2078 2290 2165 2335 tur
2219 2280 2479 2345 Jebusaei,
2511 2280 2616 2335 hoc
2654 2288 2757 2347 est,
2790 2288 3113 2350 peccatores
3170 2292 3224 2337 et
3274 2296 3305 2336 a
3336 2280 3441 2337 [ide
3472 2283 3657 2337 alieni.

2077 2372 2190 2428 Nec
2227 2387 2469 2443 unquam
2505 2380 2691 2427 tamen
2741 2372 2796 2427 in
2865 2374 3122 2444 praesenti
3167 2374 3277 2428 vita
3342 2374 3661 2445 huiusmodi

2078 2467 2280 2523 habere
2309 2466 2526 2523 desinet
2579 2466 2851 2536 Ecclesia,
2903 2482 2969 2523 ac
3022 2484 3088 2524 ex
3158 2470 3325 2525 meris
3385 2471 3662 2525 constabit

2078 2560 2306 2616 sanctis.
2337 2561 2456 2627 Quo
2486 2559 2633 2615 enim
2684 2561 2808 2616 loco
2845 2560 3042 2617 dubios
3095 2570 3414 2631 peccatores
3471 2571 3659 2633 ponet,

2077 2651 2296 2707 etiamsi
2377 2652 2700 2707 manifestos
2791 2652 3078 2724 abegerit?
3136 2651 3335 2708 Eadem
3409 2669 3542 2709 vero
3591 2655 3661 2709 de

2078 2742 2337 2813 Ephraim
2366 2759 2585 2815 quoque
2626 2743 2913 2814 Scriptura
2947 2745 3147 2798 astruit
3176 2762 3189 2799 :
3232 2764 3251 2796 ‹
3286 2742 3395 2800 Nec
3455 2746 3661 2801 delevit

2078 2835 2337 2907 Ephraim
2363 2837 2734 2892 Chananaeum
2762 2836 2857 2907 qui
2892 2838 3106 2891 habitat
3172 2838 3228 2892 in
3277 2832 3476 2893 Gazer.
3518 2857 3538 2890 ι
3568 2840 3661 2891 Ait

2078 2930 2281 2985 enim:
2340 2950 2358 2982 ι
2398 2929 2466 2984 Et
2518 2931 2790 2985 habitavit
2850 2927 3200 2985 Chananeeus
3256 2930 3311 2984 in
3392 2928 3661 2999 Ephraim

2080 3038 2252 3093 usque
2278 3022 2347 3076 ad
2373 3023 2517 3078 diem
2573 3024 2740 3076 hunc.
2772 3042 2791 3075 ο
2828 3020 3087 3092 prraim
3141 3036 3271 3076 vero
3306 3012 3659 3091 fr'uctuositas

2079 3121 2259 3184 potest
2293 3112 2465 3167 reddi.
2498 3110 2841 3167 Fructuosus
2870 3112 3037 3181 igitur
3067 3125 3174 3164 non
3208 3118 3392 3181 potest
3449 3110 3662 3165 Chana-

2079 3220 2279 3268 naaum,
2316 3219 2505 3260 semen
2552 3203 2794 3258 alienum
2858 3211 2914 3258 et
2963 3212 3341 3266 exsecratum,
3372 3217 3402 3257 e
3432 3206 3662 3273 regione

389 3300 616 3369 ταύτης.
656 3302 720 3367 "__O
742 3302 806 3370 δὴ
859 3302 1112 3373 περὶτῆς
1154 3303 1481 3372 Ἐκκλησίας
1507 3306 1833 3376 εἰρήκαμεν.
1862 3308 1970 3359 Καὶ

2082 3311 2181 3353 sua
2207 3297 2426 3365 ejicere,
2457 3294 2525 3349 ad
2572 3310 2695 3350 eum
2737 3309 2912 3365 usque
2977 3295 3148 3350 diem.
3196 3290 3352 3360 Quod
3403 3310 3535 3349 sane
3592 3294 3662 3349 de

389 3391 570 3455 ἄλλως
609 3391 667 3444 δέ
688 3408 700 3421 ·
722 3393 795 3446 Οὐ
818 3392 1041 3445 δύναται
1074 3392 1219 3463 ψυχὴ
1237 3394 1493 3464 καθαρῶς
1540 3395 1896 3469 Ἰερουσαλὴμ
1921 3402 1970 3453 ἐι

2082 3389 2329 3443 Ecclesia
2350 3388 2715 3444 assentimus.
2748 3388 2894 3454 Quin
2924 3396 2978 3443 et
3011 3388 3148 3442 alias
3181 3389 3363 3441 anima
3387 3402 3493 3441 non
3526 3403 3661 3457 pure

390 3482 471 3551 τῷ
502 3482 726 3552 παρόντι
753 3482 852 3552 βίῳ
882 3482 1136 3550 γενέσθαι
1172 3485 1342 3555 μόνην
1373 3486 1600 3556 εἰρήνην
1636 3488 1847 3558 ὁρῶσα,
1886 3496 1981 3545 καὶ

394 3572 561 3642 μηδὲν
592 3574 985 3643 ἁμαρτάνουσα
1016 3590 1030 3604 ’
1062 3574 1155 3627 τὸν
1183 3576 1417 3646 Χριστὸν
1448 3576 1654 3648 ὁρῶσα,
1702 3580 1797 3631 τοῦ
1830 3580 1967 3634 Θεοῦ

386 3665 486 3736 τὴν
518 3667 762 3735 εἰρήνην,
791 3666 886 3718 καὶ
928 3666 1357 3737 καρποφοροῦσα
1415 3668 1728 3733 διαπαντός.
1781 3673 1974 3737 Οὐδεὶς

386 3758 497 3827 γὰρ
524 3756 760 3827 καθαρὸς
786 3757 895 3811 ἀπὸ
917 3758 1118 3828 ῥύπου,
1151 3761 1245 3813 καὶ
1261 3759 1626 3833 διαλογισμῶν
1646 3762 1966 3835 ἀλλοτρίωνο

386 3852 463 3913 ὡς
494 3849 853 3922 εὑρίσκεσθαι
894 3853 1113 3916 πάντως
1152 3854 1475 3908 Ἰεὸουσαῖον
1532 3855 1629 3908 καὶ
1674 3855 1974 3911 Καναναῖον

385 3945 447 3995 ὲν
497 3943 854 4015 Ἰερουσαλήμ
881 3961 896 3975 ·
920 3946 968 3999 εἰ
996 3945 1090 3998 καὶ
1121 3946 1200 3999 δεῖ
1242 3946 1376 4016 7:96;
1397 3946 1498 4017 τὴν
1513 3946 1717 4000 τούτων
1743 3948 1975 4020 ἐκϐολὴν

384 4032 771 4100 ἀγωνίζεσθαι,
838 4032 971 4086 Θεὸν
1017 4034 1317 4098 καλοῦντας
1341 4035 1433 4088 τὸν
1470 4034 1630 4105 μόνον
1650 4036 1970 4107 δυνάμενον.

453 4216 651 4288 Τρίτον
681 4219 738 4273 δέ
773 4236 937 4288 φησιν
958 4222 990 4289 ὴ
1015 4220 1206 4292 Γραφὴ
1228 4220 1321 4275 τὸν
1355 4223 1663 4277 Καναναῖον
1693 4217 1836 4277 εἶναι
1870 4241 1966 4295 με·

382 4307 449 4360 τὰ
488 4307 597 4360 τῶν
629 4308 762 4361 υἱῶν
807 4308 1071 4380 Ἐφραῒμ,
1102 4310 1161 4362 οὑ
1188 4309 1349 4379 ψιλὴν
1394 4311 1656 4383 ἱστορίαν,
1695 4311 1833 4367 ἀλλά
1885 4330 1967 4367 τι·

379 4417 447 4452 να
477 4400 715 4468 δηλοῦσα
749 4402 1047 4472 μυστήρια.
1084 4401 1269 4466 "Arreti
1297 4403 1396 4473 μὲν
1429 4403 1540 4474 γὰρ
1597 4406 1815 4476 εἴρηται
1878 4406 1961 4470 τὸ,

388 4511 407 4543 ‹
443 4493 556 4545 Οὐκ
580 4493 864 4547 ἀπώλεσεν
909 4493 1153 4565 Ἐφραῒμ
1181 4494 1274 4548 τὸν
1320 4497 1649 4563 Καναναῖον,
1691 4516 1708 4549 ι
1769 4498 1867 4551 καὶ
1894 4499 1963 4553 τὰ

380 4582 509 4653 ὲξῆς
543 4583 645 4646 ἕως
670 4583 786 4648 τοῦ,
824 4604 842 4634 ι
877 4583 988 4637 Καὶ
1020 4584 1220 4639 ἔδωκεν
1250 4585 1418 4657 αὐτὴν
1442 4586 1644 4658 Φαραὼ
1674 4589 1732 4640 ἐν
1788 4591 1959 4660 φερνῇ

379 4677 447 4744 τῇ
478 4673 710 4749 θυγατρί¹
735 4676 923 4731 αὑτοῦ.
946 4695 965 4728 ι
1003 4675 1266 4747 Δεύτερον
1287 4677 1346 4729 δὲ
1376 4679 1633 4749 ἐγενήθη,
1670 4679 1795 4732 ἐπεὶ
1827 4697 1963 4734 κατ-

386 4748 613 4837 ίσχυσαν
642 4769 692 4821 οἰ
714 4769 823 4821 υἱοὶ
864 4768 1221 4841 Ἰσραὴλ,καί
1249 4748 1667 4840 ὲποίησανίτοὺς
1690 4773 1965 4825 Χαναναί-

380 4875 476 4922 ους
502 4859 780 4929 ὑπηκόους
809 4874 825 4890 ·
862 4860 922 4912 τὸ
945 4859 1151 4930 τρίτον,
1192 4862 1280 4914 ὅτε
1310 4862 1599 4931 ζητοῦντες
1629 4865 1677 4916 οἰ
1721 4864 1965 4935 Ἐφραῒμ

380 4951 533 5022 παρὰ.
579 4950 756 5020 Ἰησοῦ
786 4950 957 5021 μείζω
992 4952 1213 5024 κλῆρον,
1250 4952 1566 5008 κελεύονται
1589 4955 1970 5027 ἐξολοθρεῦσαι

378 5041 473 5097 τὸν
494 5043 820 5110 Χαναναίον,
841 5043 918 5107 ὠς
940 5042 1007 5097 ἂν
1033 5045 1113 5107 εἰς
1137 5045 1228 5096 τὸν
1259 5044 1462 5116 δρυμὸν
1475 5047 1811 5115 ἀνελθόντες,
1844 5051 1969 5103 ἑαυ·

377 5136 492 5197 τοῖς
516 5135 888 5206 εύτρεπίσωσι
912 5137 1099 5221 τόπονε
1123 5135 1338 5192 Ουκοῦν
1366 5138 1586 5209 πρῶτον
1612 5143 1640 5193 6
1666 5142 1971 5205 Χαναναῖος

381 5226 503 5298 μεθ’
534 5228 690 5298 ἡμῶν
716 5230 886 5292 ἐστιν,
912 5230 1066 5283 οὐδὲν
1089 5229 1214 5284 καθ’
1243 5232 1400 5302 ἡμῶν
1428 5232 1681 5286 τοσοῦτον
1730 5234 1964 5305 δυνάμε-

377 5339 467 5382 νος
494 5338 507 5349 ·
540 5322 817 5393 ὑπόφορος
853 5323 950 5393 μὲν
974 5322 1071 5387 ὢν,
1107 5324 1204 5395 οὐχ
1233 5325 1476 5397 ὑπήκοος
1496 5325 1576 5391 δὲ,
1600 5327 1721 5380 οὐδὲ
1750 5328 1956 5393 δοῦλος.

375 5413 562 5467 Ταῦτα
592 5416 701 5483 γὰρ
727 5415 784 5467 τὸ
809 5415 1063 5484 δεύτερον
1093 5418 1323 5485 γίνεται.
1380 5418 1549 5472 Ὅταν
1583 5422 1688 5490 γὰρ
1734 5421 1803 5473 τὰ
1856 5439 1960 5475 σω-
2004 5407 2011 5416 ’

379 5506 588 5574 ματικὰ
652 5507 1029 5577 ὑποτάσσηται
1062 5511 1127 5580 τῇ
1156 5507 1324 5581 ψυχῇ,
1358 5512 1417 5564 οὐ
1447 5510 1607 5581 μόνον
1669 5512 1809 5590 ἐστὶ⁶
1838 5514 1959 5584 μεθ’

376 5593 557 5664 ἡμῶν,
591 5594 729 5647 ἀλλὰ
765 5595 862 5649 καὶ
888 5595 1093 5659 δοῦλος.
1126 5598 1165 5649 Τ
1170 5597 1198 5653 ὸ
1224 5596 1280 5651 δὲ
1308 5599 1492 5671 τρίτον
1524 5601 1617 5655 ἐὰν
1649 5601 1952 5656 τελειωθῶ-
2002 5644 2005 5645 ν

447 5769 493 5803 ³⁸
540 5770 748 5829 llabac.
804 5756 890 5835 tu,
922 5772 976 5826 5.

582 5915 619 5960 ,θ
699 5868 968 5929 ΡΑΤιιοι..
1017 5868 1136 5929 Gn.
1170 5870 1564 5955 ΙΑΧΧΧΥΙΙη

1996 4835 2041 4889 D

2079 3478 2383 3535 Jerusalem
2433 3480 2490 3534 in
2535 3480 2639 3534 hac
2700 3480 2814 3533 vita
2862 3480 2981 3534 ﬁeri
3014 3488 3221 3549 potest,
3275 3493 3397 3548 quae
3443 3479 3658 3533 scilicet

2080 3573 2254 3628 solum
2312 3587 2502 3644 pacem
2546 3580 2798 3644 spectet,
2870 3572 3118 3642 nihilque
3152 3571 3478 3641 delinquat,
3536 3588 3660 3641 quze

2077 3665 2357 3719 Christum
2402 3666 2494 3722 Dei
2536 3681 2727 3736 pacem
2787 3665 3066 3735 respiciat,
3094 3680 3417 3735 semperque
3446 3662 3660 3718 fructus

2079 3757 2270 3821 ferat;
2313 3774 2474 3812 nemo
2518 3761 2664 3813 enim
2713 3774 2885 3830 purus
2930 3767 3013 3813 est
3049 3772 3076 3809 a
3107 3756 3387 3822 sordibus,
3445 3771 3475 3811 a
3509 3757 3659 3826 cogi~

2080 3851 2380 3906 tationibus
2439 3852 2677 3917 alienis;
2754 3853 2939 3921 itaque
2996 3865 3213 3920 semper
3275 3848 3562 3905 Jebusteus
3606 3860 3661 3904 et

2078 3939 2499 3994 Chananazusin
2548 3938 2854 3993 Jerusalem
2906 3939 3205 3993 invenitur.
3263 3936 3523 4005 Quamvis
3575 3939 3660 3991 di-

2078 4030 2204 4085 vina
2237 4046 2360 4102 ope,
2400 4031 2492 4100 qui
2529 4032 2682 4086 solus
2740 4037 2941 4101 potest,
2992 4030 3306 4100 implorata,
3342 4039 3401 4085 ut
3428 4031 3659 4100 ejician-

2079 4136 2169 4180 tur
2210 4125 2657 4180 contendendum
2690 4131 2798 4181 est.

2146 4217 2319 4273 Porro
2344 4218 2508 4275 tertio
2533 4218 2905 4274 Chanananun
2928 4233 3054 4273 cum
3084 4217 3392 4273 ﬁliislsracl
3428 4234 3547 4274 esse
3570 4234 3657 4273 re-

2075 4311 2231 4380 petit,
2262 4325 2328 4365 ae
2364 4326 2472 4364 non
2494 4309 2700 4365 nudam
2743 4311 3143 4376 narrationem,
3183 4326 3373 4366 verum
3444 4321 3648 4383 myste-

2072 4404 2154 4457 ria
2214 4402 2463 4473 quaedam
2500 4402 2780 4474 proponit.
2813 4402 2996 4458 Semel
3057 4406 3203 4458 enim
3271 4403 3651 4477 dicttnncst:

2077 4513 2096 4546 ι
2124 4494 2245 4552 Non
2290 4495 2532 4565 perdidit
2589 4495 2850 4565 Ephraim
2915 4495 3325 4559 Chananaeum,
3354 4515 3372 4547 ι
3435 4506 3489 4550 et
3535 4512 3655 4566 quae

2070 4588 2350 4658 deinceps.
2384 4586 2502 4643 Huc
2534 4603 2709 4659 usque
2738 4576 2755 4643 ι’
2786 4607 2805 4639 ι
2834 4586 2900 4643 Ει
2956 4587 3109 4643 dedit
3151 4603 3272 4643 eam
3321 4586 3537 4643 Pharao
3594 4588 3651 4641 in

2071 4681 2254 4738 dotem
2288 4682 2414 4737 tilia:
2435 4698 2549 4741 sum
2582 4682 2648 4736 “.
2693 4701 2713 4734 ι
2745 4680 3003 4739 Secundo
3055 4696 3186 4736 vero
3219 4697 3232 4733 :
3287 4679 3515 4735 Factum
3570 4693 3655 4736 est

2073 4790 2197 4829 eum
2232 4776 2596 4830 invaluissent
2623 4774 2719 4828 lilii
2762 4773 2954 4837 Israel,
3019 4783 3075 4829 et
3136 4773 3387 4828 fecerunt
3435 4773 3654 4827 Chana-

2070 4879 2220 4920 nteos
2248 4865 2519 4923 subditos.
2551 4863 2743 4921 Tertio
2796 4865 3057 4937 denique,
3088 4864 3309 4936 quando
3348 4863 3649 4935 Ephraimi-

2066 4967 2136 5013 tae
2171 4956 2391 5015 a'Josue
2444 4959 2708 5029 majorem
2765 4970 2972 5015 sortem
3033 4966 3248 5029 petunt,
3297 4972 3363 5013 ac
3434 4958 3650 5012 Chana-

2066 5067 2244 5106 naaum
2281 5051 2606 5107 exscindere
2631 5051 2928 5121 jubentur,
2953 5061 3013 5105 ut
3036 5052 3125 5106 ubi
3158 5052 3212 5104 in
3242 5051 3434 5105 silvam
3459 5062 3649 5103 ascen-

2067 5142 2249 5196 derint
2288 5142 2467 5198 locum
2527 5143 2633 5198 sibi
2683 5142 2822 5213 ipsis
2887 5152 3100 5212 parent.
3158 5140 3401 5194 Primum
3460 5138 3648 5209 itaque

2065 5232 2406 5289 Chauanaeus
2467 5235 2755 5291 nobiscum
2810 5244 2915 5300 est,
2972 5251 3041 5290 ne
3093 5233 3364 5286 tantillum
3421 5228 3644 5301 quidem

2064 5335 2261 5384 contra
2306 5346 2408 5391 nos
2470 5340 2691 5401 potens,
2739 5349 2803 5387 ac
2840 5332 3129 5401 vectigalis
3151 5328 3371 5399 quidem
3413 5337 3646 5392 est,nee

2066 5438 2269 5479 servus
2311 5434 2517 5490 tamen,
2555 5433 2649 5479 aut
2692 5424 2966 5479 subditus.
2998 5423 3268 5499 Eo~enim
3297 5421 3541 5478 secundo
3558 5419 3647 5475 de«

2070 5508 2217 5588 mum
2257 5532 2345 5571 res
2396 5517 2560 5571 redit.
2600 5516 2736 5570 Cum
2774 5516 2921 5571 cnim
2962 5529 3165 5584 corpus
3193 5514 3389 5567 animae
3421 5512 3647 5583 subjun-

2064 5602 2215 5659 ctutu
2245 5606 2426 5672 fuerit,
2461 5622 2569 5661 non
2597 5608 2775 5662 solum
2804 5606 3090 5662 nobiseum
3115 5615 3217 5669 est,
3244 5620 3431 5657 verum
3450 5618 3644 5658 servus

1079 5773 1123 5804 ³³
1164 5772 1299 5827 Gen.
1333 5790 1445 5839 xu,
1486 5775 1575 5831 38.
1658 5778 1701 5809 ³³
1738 5770 1805 5826 ΠΙ
1841 5771 1969 5839 lleg.
2005 5789 2080 5839 Ix,
2121 5775 2202 5829 l6.

3156 5878 3236 5941 33
