4018 6230
445 352 581 420 1037

1567 336 2115 410 ΕΟΜΜΕΝΤᾺΗΙΙ
2155 348 2234 407 1N
2279 347 2543 409 JOSUE.

3553 349 3693 413 1038

443 457 597 511 γεται
623 440 731 513 γὰρ
747 438 882 512 πρὸς
921 437 1194 508 Ἐφεσίους
1220 436 1348 507 περὶ
1377 436 1611 508 Χριστοῦ
1638 452 1650 465 ·
1693 455 1712 487 ι
1735 437 1825 488 Ἐν
1853 430 1896 503 ᾧ
1925 435 2019 487 καὶ

2135 444 2229 487 tem
2263 450 2405 490 esse.
2440 433 2691 490 Invenies
2721 448 2886 504 porro
2913 435 3051 490 hanc
3083 448 3253 504 super
3288 433 3569 491 Christum
3599 455 3690 494 ve-

432 532 861 604 ἐκληρώθημεν,
909 529 1328 600 προορισθέντες
1353 528 1506 580 κατὰ
1549 529 1807 598 πρόθεσιν
1836 528 1929 580 τοῦ
1957 525 2025 578 τὰ

440 625 623 680 πάντα
651 622 1005 693 δνεργοῦντος
1026 620 1169 674 κατὰ
1199 620 1300 692 τὴν
1341 619 1596 691 βούλησιν
1628 619 1724 673 τοῦ
1752 619 2025 689 ὀνόματος

428 715 608 771 αὑτοῦ
637 732 651 746 ·
670 716 765 778 ,ἑις
792 714 860 769 τι
890 710 1042 767 κεῖναι
1103 713 1360 781 quam;
1392 710 1814 782 ’ἔπαινον-δόξης
1830 712 2022 775 αὐτοῦ,

439 809 567 873 τοὺς
608 804 1024 879 προηλπικότας
1068 805 1142 857 sv
1183 800 1523 873 τῷΧρὶστῷ.
1558 821 1577 855 ι
1603 802 1715 856 Καὶ
1740 802 1878 874 πρὸς
1902 804 2027 856 Ko-

441 901 704 960 λασσαεῖς
726 913 741 930 ⁸
767 916 786 950 ι
814 893 1281 968 Εὑχαριστοῢντες
1293 893 1371 965 τῷ
1390 894 1569 967 natth
1584 893 1663 963 τῷ
1695 893 2026 947 ἱκανώσαντι

442 993 590 1061 ἡμᾶς
628 993 710 1053 εἰς
741 990 842 1057 τὴν
913 988 1111 1059 μερίδα
1150 987 1253 1044 τοῦ
1286 987 1494 1057 κλήρου
1525 985 1633 1040 τῶν
1658 986 1913 1054 ἁγίων-έν
1942 983 2028 1054 τῷ

441 1071 602 1151 φωτί.
634 1100 653 1133 ι
686 1082 913 1152 Μήποτε
943 1076 1036 1133 οὖν
1057 1096 1243 1148 φασιν,
1266 1077 1342 1141 ὼς
1390 1074 1784 1146 ὲνιάνθρὼποις
1828 1076 2027 1146 κλῆροι

440 1175 705 1242 γίνονται,
774 1171 918 1225 οὕτω
978 1171 1072 1226 καὶ
1126 1171 1184 1224 ὲν
1212 1169 1546 1240 δυνάμεσιν;
1591 1168 1680 1231 3ος
1711 1167 1777 1221 ἂν
1818 1163 1912 1222 οὖν
1944 1166 2026 1238 μὴ

444 1266 580 1336 πρὸς
609 1265 770 1335 χάριν
803 1264 838 1334 ή
878 1262 974 1332 τῆς
1003 1262 1102 1332 γῆς
1157 1260 1335 1325 ἔξεστι
1382 1259 1724 1331 διανέμησις,
1771 1260 2027 1328 γίνεσθαι

442 1353 520 1424 τῷ
553 1353 674 1423 Θεῷ
702 1352 790 1405 διὰ
844 1351 1063 1422 κλήρων
1105 1350 1311 1422 Ἰησοῦς
1344 1348 1513 1420 αὐτὴν
1561 1351 1870 1423 ἐπιτρέπει.
1897 1353 2028 1404 Τοι-

442 1447 632 1505 ούτους
660 1444 705 1497 δ’
756 1442 823 1498 ἂν
884 1442 1135 1505 εἷττοιτις
1171 1443 1452 1510 γεγονέναι
1506 1441 1745 1513 κλήρους
1801 1443 1897 1496 καὶ
1929 1441 2030 1494 ἐπὶ

447 1534 539 1589 τοῦ
566 1532 930 1604 διαμερισμοῦ
954 1532 1064 1586 τῶν
1098 1534 1292 1597 ἐθνῶν,
1315 1534 1403 1586 ὅτε
1439 1533 1749 1605 διεμέριζεν
1776 1536 1817 1587 λὸ
1857 1532 2030 1602 "Yth-'-

446 1644 569 1690 στος
599 1626 755 1696 έθνηέ
769 1627 844 1680 Οὐ
876 1626 984 1698 γὰρ
1008 1627 1348 1697 συντυχικῶς
1373 1629 1424 1679 οἱ
1439 1627 1665 1695 ἄγγελοι
1687 1628 1788 1695 τὴν
1815 1626 2031 1680 τούτων

445 1719 768 1788 ἐπιμέλειαν
828 1718 1167 1785 ἀνεδέξαντο,
1207 1718 1284 1783 ὡς
1331 1718 1455 1772 οὐδὲ
1498 1718 2028 1790 τὴν.ὲνδς·ἑκά.στου

2126 526 2294 590 uisse,
2350 534 2405 579 et
2454 524 2732 581 Ecclesiae
2787 527 3049 596 mysteria
3111 542 3281 597 super
3331 542 3426 583 eos
3453 530 3548 597 qui
3578 545 3696 584 scr-

2126 627 2340 673 vantur.
2370 618 2451 673 Ad
2481 619 2745 688 Ephesios
2770 620 2914 673 enim
2938 618 3005 675 de
3034 619 3253 676 (ibi-isto
3278 622 3479 677 dicitur
3507 640 3520 675 :
3548 642 3566 674 ι
3593 622 3696 679 Per

2126 722 2289 776 quem
2313 718 2366 762 et
2397 710 2452 761 in
2480 718 2687 764 sortem
2721 708 2884 764 asciti
2927 724 3141 774 sumus,
3176 713 3549 780 praedestinati
3606 730 3695 770 se-

2126 800 2366 855 cundum
2402 803 2743 871 propositum
2773 802 2947 871 ipsius
2997 802 3157 872 cujus
3185 804 3232 856 vi
3270 804 3407 858 ﬁunt
3438 807 3696 861 universa

2123 890 2279 960 juxta
2313 892 2592 946 decretum
2642 893 2884 948 nominis
2918 894 3026 959 sui,
3054 904 3114 947 ut
3147 895 3322 949 simus
3348 910 3447 948 nos
3480 898 3531 950 iu
3581 898 3699 951 Iau-

2128 979 2251 1033 dem
2311 980 2500 1049 gloria:
2562 981 2758 1050 ipsius,
2814 983 2908 1052 qui
2983 985 3194 1052 priores
3245 985 3590 1054 speravimus
3643 987 3696 1038 in

2106 1067 2436 1125 -Christo”.
2480 1090 2513 1123 .›
2587 1072 2667 1127 Ad
2723 1070 3081 1129 Colossenses
3146 1078 3274 1130 item
3331 1090 3345 1128 :
3407 1096 3423 1126 ι
3479 1076 3699 1131 Gratias

2131 1168 2357 1229 agentes
2387 1161 2562 1223 Patri,
2595 1161 2690 1230 qui
2722 1162 2957 1217 idoneos
2983 1179 3086 1219 nos
3117 1164 3245 1220 fecit
3303 1166 3368 1221 ad
3405 1168 3701 1238 participa-

2110 1251 2334 1306 -tionem
2366 1252 2534 1307 sortis
2561 1260 2891 1307 sanctorum
2947 1255 3002 1309 in
3033 1256 3238 1311 lumine
3262 1258 3327 1311 ³³.
3354 1276 3374 1308 ι
3406 1259 3699 1330 Nunquam

2112 1342 2297 1413 igitur
2318 1343 2494 1406 aiunt,
2532 1344 2677 1414 quod
2705 1359 2871 1415 penes
2905 1345 3157 1402 homines
3178 1350 3409 1403 sortium
3448 1354 3519 1406 sit
3539 1369 3706 1407 even-

2133 1443 2239 1498 tus,
2283 1434 2471 1505 itaque
2501 1450 2606 1491 nee
2634 1436 3285 1494 distributionum.-Cum
3317 1457 3447 1497 vero
3473 1443 3529 1497 in
3563 1443 3706 1498 divi-

2131 1525 2289 1581 sione
2344 1528 2729 1595 terramratia:
2776 1528 2914 1582 nihil
2965 1528 3209 1585 tribuere
3248 1532 3400 1597 licet,
3441 1533 3551 1590 Deo
3609 1552 3706 1604 per

2132 1624 2312 1673 sortes
2340 1617 2520 1687 ipsam
2552 1617 2743 1672 tradit.
2776 1617 2919 1684 Quid
2959 1634 3103 1686 vero
3158 1623 3433 1690 ejusmodi
3486 1641 3706 1696 quoque

2128 1717 2313 1763 sortes
2380 1708 2437 1762 in
2475 1708 2722 1778 gentium
2775 1709 3069 1775 divisione,
3121 1712 3343 1781 quando
3387 1714 3708 1771 Altissimus

444 1811 644 1883 ψυχὴν,
669 1810 1014 1881 θειοτέρῳδὲ
1049 1811 1255 1882 κλήρῳ,
1291 1812 1384 1865 καὶ
1413 1787 1567 1882 ὑπὲρ*
1610 1811 1929 1882 ἄνθρωπον.
1963 1809 2027 1863 Οἱ

2135 1808 2321 1868 gentes
2345 1798 2537 1854 divisit
2564 1799 2630 1864 ‘9,
2658 1799 2832 1857 factas
2882 1816 3007 1857 esse
3053 1803 3295 1859 obstabit
3324 1805 3545 1861 dicere?
3588 1808 3707 1863 Non

447 1902 506 1956 δὲ
537 1903 665 1971 περὶ¹
690 1901 790 1970 τῆς
807 1904 909 1972 γῆς
928 1901 1119 1973 κλῆροι
1149 1903 1249 1972 τῆς
1275 1901 1630 1974 κληροδοσίας
1659 1902 1760 1974 τῆς
1797 1899 2027 1972 μελλούσ-

2110 1887 2273 1943 -enim
2288 1883 2490 1944 temere
2503 1902 2696 1947 eorum
2719 1904 2908 1945 curam
2921 1903 3284 1962 susceperunt
3299 1897 3500 1964 angeli,
3515 1912 3709 1966 quem-

451 2010 551 2065 σης
573 1994 669 2064 τὴν
689 1993 998 2064 οἰκονομίαν
1035 1993 1379 2064 σημαίνουσι.
1414 1993 1580 2047 Σκιὰν
1632 1994 1740 2063 γὰρ
1779 1990 2030 2064 περιέχει

2135 1979 2427 2035 admodum
2478 1995 2581 2035 nec
2610 1981 3049 2051 uniuscujusque
3111 1985 3376 2051 animam,
3405 2002 3591 2041 verum
3622 1987 3709 2041 di-

447 2084 517 2138 τὰ
545 2084 749 2138 παλαιὰ
767 2085 875 2138 τῶν
909 2085 1214 2155 μελλόντων
1266 2084 1510 2153 ἀγαθῶν.
1567 2084 1680 2138 Καὶ
1711 2083 2030 2154 εἴπερὲστι

2135 2076 2317 2127 vinam
2347 2087 2413 2127 ac
2444 2073 2569 2144 plus
2598 2089 2762 2143 quam
2786 2073 3029 2129 humana
3058 2084 3229 2131 sorte.
3260 2077 3529 2132 Caeterum
3553 2089 3712 2134 terrae

450 2175 909 2246 προσεληλυθέναι
948 2174 1096 2229 ’Σιὼν
1140 2175 1290 2245 ¹δρει,
1328 2175 1423 2229 καὶ
1452 2176 1608 2229 πόλει
1635 2175 1772 2231 Θεοῦ
1795 2175 2024 2241 ζῶντος,

2135 2165 2302 2235 hujus
2339 2173 2517 2221 sortes
2551 2165 2753 2219 futura:
2806 2166 3115 2222 sortitionis
3145 2168 3551 2225 ordinationem
3601 2186 3713 2241 prae

462 2266 819 2339 Ἰερουσαλὴμ
849 2267 1178 2339 ἐπουρανίῳ,
1208 2267 1351 2321 διατι
1395 2269 1470 2338 μὴ
1521 2268 1710 2340 ὥσπερ
1746 2267 2030 2338 Ἰερουσα-

2137 2272 2196 2312 se
2224 2257 2424 2315 ferunt.
2457 2257 2654 2315 Vetera
2690 2259 2836 2315 enim
2875 2259 3128 2316 umbram
3163 2262 3477 2320 futurorqu
3533 2267 3713 2321 bono-

449 2357 562 2428 λὴμ
586 2357 1081 2430 ὲν.κλήρῳ.γέγονε
1108 2359 1203 2412 τοῦ
1228 2359 1512 2430 Βενιαμὶν,
1541 2357 1653 2413 -καλ¹
1675 2359 1761 2428 ἐφ’
1788 2359 2032 2426 ἑκάστης

2135 2364 2256 2403 rum
2280 2351 2588 2407 continent.
2652 2351 2933 2425 Siquidem
2977 2364 3160 2411 autem
3195 2358 3264 2413 ad
3287 2370 3528 2414 montem
3579 2358 3713 2415 Sion

451 2449 642 2519 φυλῆς,
660 2438 780 2503 ἐῐεν
798 2450 874 2517 ςᾶν
893 2468 1036 2519 τινες
1069 2451 1326 2521 ἀνάλογοι
1359 2452 1547 2514 τόποι..
1567 2451 1818 2522 Βηθλεὲμ.
1865 2450 2032 2520 τυχὸν

2137 2441 2398 2498 accedere
2430 2444 2605 2509 licuit,
2641 2445 2711 2501 ad
2741 2447 2933 2507 urbem
2967 2448 3096 2503 item
3156 2450 3247 2504 Dei
3276 2451 3516 2507 viventis
3542 2454 3714 2508 coele-

451 2541 547 2595 καὶ
581 2539 807 2611 Χεϐρὼν
834 2542 1170 2612 ἐπουράνιοι.
1203 2542 1343 2596 κατὰ
1378 2542 1601 2612 τὴνγῆν
1634 2542 1743 2595 τῶν
1777 2542 2032 2611 πραέων;

2138 2546 2274 2592 stem
2298 2535 2602 2594 Jerusalem
2635 2525 2708 2605 ιδ,
2735 2557 2834 2595 cur
2866 2558 2977 2597 non
3014 2544 3138 2599 aliis
3175 2559 3396 2614 quoque
3454 2547 3712 2609 tribubus

449 2631 913 2700 quemadmodum
964 2633 1130 2687 tribui
1183 2631 1794 2703 BenjaminJerusalem
1833 2632 2028 2695 cessit,
2070 2627 2174 2681 loci
2202 2628 2427 2699 quidem
2456 2629 2732 2687 Bethleem
2767 2633 2911 2689 forte
2943 2645 3035 2689 aut
3062 2636 3323 2702 Hebrou,
3386 2639 3479 2708 qui
3548 2640 3715 2694 caele-

452 2722 618 2776 stium
673 2723 887 2778 sedium
922 2732 1067 2779 terra
1129 2734 1541 2780 mansuetorum
1567 2723 1821 2779 videlicet
1846 2723 2125 2777 rationem
2150 2721 2523 2789 continerent,
2553 2724 2756 2779 cessit?

524 2814 670 2884 Ὅρα
713 2814 803 2868 τὸν
846 2814 1053 2886 Ἰησοῦν
1110 2816 1330 2887 ἐπιεικῆ
1385 2833 1445 2870 τε
1497 2815 1641 2884 λίαν,
1677 2815 1898 2886 καὶτῆς
1933 2815 2026 2868 τοῦ

454 2904 703 2975 Σωτῆρος
730 2905 1050 2977 ἐπωνυμίας
1073 2906 1313 2974 ἐπάξιον.
1333 2907 1488 2962 Μετὰ
1515 2907 1726 2973 πάντας
1751 2908 1860 2979 γὰρ
1882 2906 2026 2978 λαμ-

454 2995 609 3050 ϐάνει
656 2996 748 3051 τὸν
804 2996 1026 3069 κλῆρον,
1083 2997 1184 3052 οὐκ
1241 2999 1404 3063 αὐτὸς
1452 2998 1724 3071 ἑλόμενος,
1756 2997 1889 3053 ἀλλὰ
1916 2998 2027 3053 τῶν

456 3087 590 3141 υἱῶν
624 3087 849 3160 ,Ἰσραὴλ
873 3088 1187 3143 δεδωκότων
1216 3088 1384 3160 αὐτῷ.
1407 3091 1519 3145 Καὶ
1537 3091 1709 3145 ταῦτα
1730 3090 1911 3145 Χάλεσ
1931 3090 2024 3145 τοῦ

446 3179 556 3234 σὺν
576 3179 724 3251 αὐτῷ
756 3179 1021 3242 σωθέντος
1039 3179 1256 3252 πρώτου
1282 3180 1538 3245 λαϐόντος
1561 3181 1652 3235 τὸν
1677 3181 1900 3252 κλῆρον.
1919 3182 2030 3235 Καὶ

456 3273 486 3326 ὁ
515 3270 1061 3340 εἰσαγαγὼναὺτοὺς,
1090 3274 1119 3325 ὁ
1154 3271 1458 3343 διανείμας,
1491 3274 1774 3346 όπρῶτος
1799 3275 1858 3329 ὲν
1890 3274 2032 3329 ἃπα-

2209 2816 2279 2866 At
2312 2830 2475 2885 quam
2509 2826 2832 2873 mansuetus
2860 2817 3248 2884 admodum,et
3281 2819 3593 2876 Servatoxis
3610 2838 3712 2877 no-

2138 2903 2291 2959 mine
2311 2918 2475 2974 quam
2506 2903 2708 2975 dignus
2740 2906 2814 2961 sit
2843 2907 2991 2974 vide;
3044 2915 3167 2978 post
3205 2924 3396 2964 omnes
3417 2912 3560 2965 enim
3594 2927 3715 2967 δειγ-

2140 3002 2243 3049 tem
2271 3010 2426 3050 suam
2486 2995 2709 3066 accipit,
2760 3011 2925 3067 quam
2991 3012 3092 3053 nec
3150 2998 3269 3068 ipse
3297 2999 3517 3068 quidem
3539 3000 3711 3077 Αθξς

2141 3086 2457 3151 vindicavit,
2519 3102 2710 3145 verum
2741 3085 2835 3143 lilii
2896 3086 3062 3143 Israel
3097 3089 3148 3144 ei
3204 3091 3533 3147 tribuerunt.
3567 3091 3715 3147 Prte-

2138 3179 2329 3233 sertim
2362 3192 2489 3235 vero
2511 3192 2634 3237 cum
2659 3176 2829 3233 Caieb
2860 3177 2982 3249 ipso
3005 3194 3130 3236 cum
3169 3188 3422 3237 servatus
3444 3183 3714 3251 imprimis

2138 3279 2345 3327 sortem
2397 3285 2553 3325 suam
2617 3271 2915 3340 acceperit.
2976 3269 3027 3328 Is
3067 3280 3252 3327 autem
3279 3274 3374 3343 qui
3419 3289 3517 3329 eos
3548 3276 3715 3330 intro-

446 3378 566 3431 .σιν,
599 3362 825 3434 ἔσχατος
853 3360 1124 3433 λαμϐάνει
1146 3379 1161 3394 θ
1197 3362 1286 3417 ἵνα
1328 3363 1499 3428 δντως
1527 3365 1752 3435 γένηται
1792 3365 2029 3436 πρῶτος.

2135 3362 2320 3431 duxit,
2370 3365 2465 3434 qui
2519 3364 2826 3431 distribuit,
2856 3365 3133 3420 .omnium
3182 3366 3420 3436 denique
3454 3369 3712 3438 princeps

459 3453 713 3508 Τοιοῦτον
735 3454 817 3519 τὸ,
850 3472 868 3507 ι
892 3454 1177 3509 -Ταπεινου
1218 3455 1445 3510 σεαυτὸν
1460 3455 1642 3510 ἔναντι
1673 3457 1905 3529 Κυρίου,
1938 3458 2034 3519 καὶ

458 3548 712 3621 εὑρήσεις
741 3549 918 3620 χάριν.
961 3567 980 3601 ι
1012 3550 1122 3603 Καὶ
1141 3548 1223 3615 τὸ,
1268 3570 1285 3602 ι
1322 3550 1662 3621 ,Ἡγούμενόν
1691 3568 1751 3604 σε
1779 3550 2035 3624 κατέστη-

461 3659 582 3705 σαν,
611 3642 686 3714 μὴ
709 3641 959 3714 ἐπαίρου.
988 3642 1149 3696 Γίνου
1172 3642 1466 3709 ὲν-αὐτοῖς,
1491 3644 1566 3707 ὡς
1591 3640 1673 3709 εἷς
1692 3644 1752 3710 ἐξ
1778 3645 1982 3699 αὐτῶν.
2012 3665 2030 3697 ι

459 3730 656 3786 Λαϐὼν
710 3732 767 3787 δὲ
827 3718 1044 3804 μερίδα,
1084 3735 1356 3808 οἰκοδομεῖ
1391 3736 1484 3790 τὸν
1513 3736 1711 3799 τόπον,
1736 3736 1794 3791 ὃν
1821 3736 2035 3809 εἴληφε,

462 3822 685 3894 κοσμῶν
706 3824 892 3891 αὑτὸν,
915 3825 990 3890 ὡς
1022 3826 1366 3898 ἂναποιήσειε
1407 3827 1611 3899 κλῆρον
1628 3827 1792 3893 eam
1824 3828 2037 3900 μερίδος

461 3916 621 3971 Θεοῦ.
656 3918 766 3971 Καὶ
795 3919 903 3980 πᾶς
922 3918 979 3972 δὲ
1007 3921 1036 3973 ὁ
1063 3918 1270 3990 ἀληθὴς
1302 3919 1430 3983 λαὸς
1477 3919 1673 3973 δίδωσιν
1695 3919 1775 3991 τῷ
1801 3918 2040 3990 ἀληθινῷ

475 4006 651 4078 Ἰησοῦ
684 4007 847 4065 τόπον
870 4011 1278 4082 οἰκήσεωςιαμα
1306 4010 1477 4083 αὐτῷ.
1525 3994 1857 4077 ὐνιλαῦὼν,
1889 4013 2038 4066 οἱκο-

430 4096 619 4168 ιδομεί
664 4099 759 4153 καὶ
808 4102 1039 4170 κοσμεῖ,
1091 4099 1378 4170 κρείττονα
1425 4097 1598 4154 ποιῶν
1641 4098 1675 4171 ἢ
1730 4099 2041 4173 παρέλαϐεν

461 4187 693 4244 ἕκαστον
714 4190 882 4245 αὐτοῦ
913 4189 1078 4245 τόπον
1102 4190 1418 4261 γενόμενον.

517 4453 645 4507 ’Καὶ
699 4454 732 4507 ὁ
780 4453 1127 4523 Ἀμορῤαῒος
1185 4457 1623 4526 ὑπέμεινετοῦ
1648 4464 2045 4517 καθικεῖνέν

436 4588 441 4593 .
464 4543 668 4613 Audo];
695 4544 828 4613 (45),
855 4544 953 4598 καὶ
982 4545 1059 4599 ἐν.
1078 4547 1348 4617 Salapia-
1371 4562 1389 4578 ·
1418 4548 1517 4602 καὶ
1534 4549 1828 4621 ἐϐαρύνθη
1857 4553 1896 4622 ἡ
1913 4553 2043 4622 χεὶρ

465 4635 572 4689 τοῦ
604 4636 851 4705 Ἐςρραῒμ
881 4636 976 4689 ἐπ’
1009 4639 1254 4705 αὐτούς.

547 4726 876 4797 τΑμορραϊος
934 4727 1301 4798 ἑρμηνεύεται
1336 4734 1371 4786 δ
1421 4734 1776 4805 λαιμὸς·πῆ
1834 4738 1868 4789 ὁ
1906 4752 2040 4793 mx-

430 4815 706 4885 .ραίνων.
771 4818 939 4888 Δῆλον
980 4819 1073 4883 δὲ,
1133 4821 1209 4885 ὡς
1270 4824 1601 4890 οἰ.πλείους
1658 4826 1768 4880 τῶν
1823 4828 2040 4902 ἀνθρὼ-

466 4924 584 4961 πων
634 4907 859 4962 λαλοῦσι
914 4912 1045 4982 περὶ
1117 4915 1375 4985 χειρόνων
1422 4917 1730 4988 δυνάμεων,
1783 4919 1938 4973 οὐδὲν
1984 4921 2042 4975 δὲ

466 4999 598 5069 περὶ
644 4998 800 5053 Θεοῦ.
854 5002 1187 5067 υῖτινεςκαὶ
1243 5008 1624 5079 πικραίνουσιο
1672 5009 1725 5063 οἳ
1752 5012 1846 5065 καὶ
1908 5012 2042 5064 ὑπο-

432 5090 721 5161 ,μένουσιν
790 5093 958 5147 οἰκεῖν
1019 5098 1078 5149 ἐν
1133 5100 1249 5160 τοῖς
1318 5101 1710 5171 κεκριωμένοις
1764 5101 1874 5172 (46)
1922 5102 2042 5156 ἐθέ-

465 5180 651 5244 λοντες
669 5199 682 5213 ο
724 5181 752 5236 ὃ
779 5181 930 5254 δηλοῖ
980 5186 1040 5238 τὸ
1072 5186 1259 5258 Ἐλώμ
1279 5205 1293 5219 ο
1327 5190 1421 5242 καὶ⁹
1449 5192 1507 5244 ὲν
1534 5192 1665 5255 τοῖς
1704 5192 1998 5264 εἰρηνικοῖς
2025 5210 2038 5226 ·

2070 4701 2119 4755 υ

2138 3463 2421 3526 postremo
2469 3455 2731 3528 accipiat.
2783 3454 2905 3525 Quo
2964 3456 3224 3512 videlicet
3256 3459 3710 3515 reveraomnium

2114 3597 2119 3612 ,
2138 3549 2350 3621 primus
2401 3549 2575 3606 ﬁeret.
2638 3550 2762 3606 Non
2826 3550 2971 3607 enim
3030 3558 3239 3608 temere
3292 3552 3711 3623 pronuntiatum

2137 3650 2262 3697 est:
2299 3658 2320 3693 ι
2370 3641 2648 3698 Submitte
2672 3651 2723 3697 te
2749 3658 2939 3699 coram
2973 3642 3223 3706 Domino,
3256 3651 3311 3698 et
3360 3644 3714 3714 comparabis

2137 3732 2372 3802 gratiam
2407 3733 2476 3787 “.
2518 3752 2536 3785 ›
2570 3733 2709 3788 Illud
2741 3733 2872 3791 item
2909 3751 2923 3788 :
2972 3750 2993 3785 ι
3055 3731 3257 3788 Ducem
3305 3744 3356 3789 te
3407 3738 3715 3789 Constitue-

2139 3830 2291 3887 runt,
2318 3838 2396 3879 ,ηε
2409 3823 2695 3880 eﬂ‘eraris:
2727 3824 2918 3895 igitur,
2945 3840 3075 3894 gere
3093 3832 3145 3880 te
3170 3825 3314 3880 inter
3334 3840 3429 3881 eos
3455 3832 3714 3895 tanquam

2141 3912 2237 3965 uni
2267 3926 2454 3966 eorum
2476 3913 2710 3968 similem
2746 3913 2815 3967 δ’.
2858 3892 3121 3968 {Partem
3149 3928 3311 3985 porro
3340 3930 3496 3971 suam
3518 3922 3715 3970 nactus

2140 4002 2389 4059 aediliciis
2448 4003 2627 4059 locum
2688 4019 2852 4074 quem
2910 4006 3141 4063 sortitus
3193 4013 3277 4060 est
3312 4007 3551 4072 ornavit,
3605 4021 3716 4075 quo

2141 4102 2348 4153 sortem
2381 4093 2862 4165 divinaportione
2901 4096 3123 4166 dignam
3169 4095 3427 4152 eﬂiceret.
3462 4097 3606 4163 Quin
3661 4103 3717 4152 et

2142 4186 2321 4242 omnis
2344 4198 2519 4253 verus,
2549 4187 2789 4258 populus
2819 4202 2950 4244 vero
2970 4187 3136 4244 Josue
3185 4187 3371 4243 locum
3430 4188 3712 4246 habitandi

2143 4292 2330 4334 secum
2382 4277 2654 4333 concedit.
2695 4276 2871 4345 Quem
2922 4278 3017 4334 ubi
3053 4279 3290 4350 accepit,
3340 4278 3600 4347 aedificat,
3664 4290 3718 4334 et

2143 4377 2394 4436 exornat,
2430 4369 2824 4438 melioremque
2854 4370 3053 4426 reddit.

2217 4458 2285 4513 Et
2313 4459 2659 4514 Amorrhwus
2692 4462 2947 4517 sustinuit
2993 4463 3236 4519 habitare
3280 4466 3335 4519 in
3362 4465 3539 4535 Elom,
3574 4476 3624 4522 et
3666 4468 3717 4521 in

2145 4550 2807 4624 Salomin,etaggravala
2846 4563 2927 4609 est
2991 4572 3180 4612 manus
3241 4556 3497 4627 Ephraim
3561 4577 3720 4631 super

2151 4658 2239 4696 eos
2269 4640 2414 4713 [XX,
2453 4640 2568 4713 47].
3178 4645 3181 4647 ’

2216 4736 2767 4799 Αιιιοτῐιιεευε,εοηδι
2796 4740 3014 4812 loquax,
3041 4751 3135 4797 aut
3185 4743 3451 4798 irritator.
3491 4743 3722 4801 Constat

2148 4844 2279 4885 vero
2308 4832 2496 4899 plures
2526 4829 2810 4891 hominum
2875 4831 2942 4887 de
2974 4833 3349 4909 tenebrarum
3379 4837 3720 4906 principibus

2150 4920 2319 4975 verba
2344 4936 2508 4990 quam
2540 4920 2607 4976 de
2646 4920 2758 4978 Deo
2807 4920 3016 4980 facere.
3049 4924 3152 4991 Qui
3178 4924 3399 4995 quidem
3421 4942 3543 4979 eum
3595 4927 3721 4982 irri-

2150 5019 2267 5065 tare
2307 5011 2509 5065 audent
2554 5012 2749 5089 etiam.
2792 5013 2897 5079 Qui
2922 5015 3090 5069 etiam
3148 5014 3397 5072 habitare
3427 5018 3619 5070 voluut
3667 5019 3719 5070 in

2151 5101 2285 5157 locis
2308 5103 2577 5170 arietatis,
2617 5104 2763 5173 quod
2794 5103 2947 5161 Elom
2977 5106 3256 5178 signiﬁcat
3287 5108 3425 5178 (47).
3455 5106 3518 5161 Et
3540 5107 3591 5160 in
3625 5123 3722 5178 pa-

2150 5192 2290 5249 catis
2335 5194 2483 5265 quod
2514 5194 2792 5266 significat
2849 5195 3053 5264 Salen),
3078 5214 3202 5253 cum
3247 5213 3342 5268 per
3371 5198 3721 5261 Amorrhmos

540 5359 585 5392 ³¹¹
614 5358 816 5437 Ephes.
846 5358 995 5428 1,Il,
1038 5360 1124 5416 I3.
1205 5362 1250 5395 ³⁸
1271 5362 1483 5421 Coloss.
1519 5381 1559 5430 ι,
1604 5365 1691 5419 12.
1770 5366 1814 5398 ³⁹
1846 5366 2000 5422 Deut.
2031 5414 2032 5419 η

2143 5383 2203 5431 ιι,
2237 5366 2291 5423 8.
2369 5367 2414 5399 ⁸ο
2457 5367 2621 5422 Hebr.
2667 5384 2767 5433 xu,
2792 5369 2883 5424 22.
2961 5370 3005 5402 ’⁵⁸
3038 5369 3211 5427 Eccii.
3246 5389 3328 5437 ιιι,
3365 5371 3458 5426 20.
3538 5373 3581 5407 δ’
3618 5374 3723 5429 Ee-

467 5429 821 5494 ch.xxxn,l.

1966 5519 2198 5576 NOT'IE.

494 5618 648 5688 ’(Απὸι)
679 5570 991 5686 ”Ελὼμ.·-Αἱι
1016 5615 1138 5669 αὐτ.
1170 5614 1264 5667 καὶ⁸
1309 5616 1338 5668 ὁ
1386 5614 1628 5686 Προκόπ.
1680 5616 1741 5670 ιν
1781 5615 1859 5686 τῷ
1901 5617 2036 5670 bno-

468 5692 642 5764 ?“le
683 5759 729 5764 __
1072 5755 1081 5764 .
1265 5755 1278 5764 .
1335 5754 1346 5764 .
1452 5753 1479 5764 -

537 5754 649 5828 (λϐ)
682 5759 789 5812 Ἵσ.
816 5755 1219 5828 κικριγμένοις,
1254 5754 1360 5809 ἀπὸ
1388 5754 1481 5807 τοῦ
1527 5754 1721 5825 κρίζω.

2212 5617 2328 5703 gn)
2363 5617 2605 5703 _Stru_ctis
2631 5621 2890 5703 nimirum
2933 5625 3357 5703 adificiiscum
3412 5631 3719 5703 insignibus

2114 5684 2437 5767 columnis.
2470 5691 2651 5759 Κριὸμ
2682 5696 2828 5748 enim
2856 5697 3142 5754 architecti
3177 5684 3719 5767 Corinthiae

2142 5772 2223 5811 me
2255 5765 2465 5824 partem
2500 5771 2713 5815 vocant.
