4018 6230
469 277 606 343 1039

1755 281 2108 342 PROCOPII
2146 283 2386 343 GAZ/EI

3567 294 3680 358 1040

469 391 598 444 mali
638 389 867 462 spiritus
887 389 1270 462 designentur.
1303 389 1572 458 Quoniam
1611 406 1737 446 vero
1763 391 2035 446 vocabulo

2137 393 2166 445 ὃ
2197 393 2346 464 δηλοῖ
2392 395 2602 467 Σαλὴμ,
2635 396 2742 450 τῶν
2787 399 3048 469 χειρόνων
3090 399 3176 453 διὰ
3231 401 3336 456 τῶν
3371 405 3682 480 ’Δμορραίων

469 483 728 536 sustinuit
761 497 900 538 usus
930 491 1036 548 est,
1065 481 1213 552 quod
1249 483 1493 536 laborem
1546 481 1749 545 innuit,
1810 491 2037 538 causam

471 572 782 636 subintulit,
845 572 1147 642 inquiens:
1219 589 1238 622 ι
1293 570 1666 640 Etingravata
1705 578 1791 627 est
1841 587 2039 628 manus

469 659 729 732 Ephraim
771 661 871 717 eis.
910 680 935 713 ι
987 659 1124 716 Nam
1185 661 1432 716 actiones
1497 661 1742 717 honestae
1795 664 2039 720 molesta

432 820 436 828 ι
469 753 958 808 admodum-malis
987 762 1118 809 sunt
1142 753 1460 823 spiritibus,
1495 753 1555 809 in
1608 753 1713 810 hoc
1771 763 1830 809 ut
1873 756 2036 810 nobis

469 847 686 900 molesti
721 860 843 901 esse
868 845 1089 914 possint
1141 846 1390 913 intentis,
1414 853 1470 901 et
1511 847 1816 917 reetigales
1863 864 2039 918 quan-

468 937 670 990 tumvis
705 936 922 992 validos
945 935 1188 990 faciunt.

539 1048 611 1102 Et
679 1057 1015 1104 accesserunt
1069 1049 1334 1119 principes
1403 1049 1739 1119 familiarum
1807 1049 2042 1118 ﬁliorum

469 1140 610 1208 Levi,
636 1152 736 1197 etc.
759 1140 855 1198 Isti
886 1141 980 1197 Dei
1016 1143 1334 1197 haereditate
1365 1143 1778 1208 suntcontenti,
1799 1144 2040 1196 decima-

465 1249 603 1306 sque
624 1242 806 1300 terrm,
839 1249 943 1290 nec
972 1249 1083 1288 non
1116 1233 1350 1288 aliorum
1409 1234 1654 1288 omnium
1708 1234 2036 1305 percipiunt.

465 1329 724 1398 Oportuit
756 1343 885 1382 vero
913 1327 1016 1382 bos
1041 1329 1205 1382 etiam
1250 1327 1496 1383 sortibus
1547 1328 1747 1382 collata
1771 1326 2036 1390 dividere,

467 1435 532 1476 ac
557 1419 924 1490 aequalitatem
949 1419 1148 1488 partim
1178 1418 1401 1488 quidem
1427 1417 1672 1472 eamdem
1697 1433 1822 1486 erga
1846 1431 2038 1472 omnes

468 1513 522 1568 in
557 1511 834 1566 divisione
896 1511 1134 1573 servari,
1191 1511 1390 1580 partim
1427 1525 1556 1564 vero
1582 1524 1680 1578 pro
1747 1509 2033 1579 dignitate,

468 1602 712 1657 sortibus
745 1599 814 1654 ad
845 1599 1092 1654 divinum
1123 1599 1389 1668 judicium
1422 1599 1491 1653 ab
1525 1599 1700 1669 ipsius
1759 1599 2040 1667 magistris

2141 486 2556 557 σημαινομένων
2610 489 2916 560 δυνάμεων.
2985 492 3093 546 Καὶ
3131 495 3250 546 ἐπεὶ
3290 495 3372 559 τὸ,
3407 499 3679 566 ὑπέμεινε,
3781 533 3785 537 ~

2143 575 2300 628 πόνον
2325 576 2497 646 δηλοῖ,
2527 577 2625 646 τὴν
2683 578 2866 631 αἰτίαν
2887 581 3159 650 ἐπήνεγκε
3179 599 3193 614 ·
3230 603 3248 636 ι
3286 586 3394 638 Καὶ
3438 587 3681 660 ἐϐαρύνθη

2142 667 2174 736 ὴ
2217 668 2341 738 χεὶρ
2389 666 2483 720 τοῦ
2557 668 2794 740 Ἐφραῒμ
2834 671 3174 736 ὲπάὺτούς.
3203 692 3224 724 ι
3258 677 3324 728 Ai
3357 677 3463 747 γὰρ
3505 679 3682 746 ἀγαθαί

2142 757 2368 828 πράξεις
2394 759 2618 830 βαρεῖαι
2637 763 2756 824 ταῖς
2809 767 3074 834 πονηραῖς
3101 765 3239 832 ἄγαν
3267 767 3546 837 δυνάμεσι,
3577 770 3685 840 βου--

2138 851 2398 920 λομέναις
2425 854 2560 922 ἡμῖν
2598 853 2839 924 ἐνοχλεῖν
2865 871 2878 885 ⁸
2910 857 3005 909 καὶ
3027 856 3338 928 ὑποφόρους
3369 861 3680 930 ἐργάζονται.
3745 901 3749 905 ι

2142 942 2406 996 Τοσοῦτον
2436 944 2699 1014 ἰσχύουσι.
3101 954 3105 965 ’

2209 1051 2322 1105 Καὶ
2351 1054 2792 1121 προσήλθοσαν
2819 1058 2874 1110 οὶ
2926 1057 3391 1127 ἀρχιπατριῶται
3427 1059 3540 1114 τῶν
3562 1061 3687 1116 υἱῶν

2141 1146 2302 1199 Λευΐ.
2325 1139 2484 1198 Οὗτοι
2505 1149 2846 1219 κληρονομίᾳ
2868 1149 3160 1218 ἀρκοῦνται
3183 1150 3328 1222 Θεῷ,
3361 1153 3452 1204 καὶ
3482 1153 3686 1214 δεκάτας

2139 1237 2474 1306 λαμϐάνουσι
2501 1237 2626 1306 γῆς,
2659 1239 2734 1301 ὼς
2770 1237 2867 1292 καῖ
2891 1240 2998 1295 τῶν
3027 1242 3204 1295 ἀλλων
3253 1243 3526 1296 ἁπάντων.
3558 1245 3688 1296 Ἔδει

2137 1328 2194 1381 δὲ
2219 1329 2311 1380 καὶ
2340 1329 2564 1392 τούτους
2600 1331 2744 1384 κατά
2771 1331 3008 1402 κλήρους
3059 1333 3440 1404 διανείμασθαι
3463 1335 3527 1386 τὰ
3565 1335 3686 1388 διδό-

2141 1433 2301 1486 μενα,
2341 1418 2436 1470 καὶ
2481 1419 2542 1470 τὸ
2594 1418 2694 1488 μὲν
2756 1419 2869 1472 ἴσον
2926 1421 3060 1474 πᾶσι
3109 1421 3204 1474 διὰ
3237 1421 3334 1474 τοῦ
3370 1421 3687 1490 κληρωῦῆναι

2140 1507 2530 1576 φυλάττεσθαι*
2557 1509 2620 1563 τὸ
2643 1510 2700 1564 δὲ
2730 1505 2850 1564 κατ’
2879 1512 3139 1576 ἀξίαν,δι’
3163 1509 3238 1566 ὧν
3267 1515 3318 1566 at
3352 1514 3536 1584 κλῆροι
3564 1518 3687 1566 κατα

2140 1599 2290 1653 θείαν
2347 1601 2528 1672 κρίσιν
2579 1601 2843 1671 ἀνήγοντο
2898 1605 3013 1666 τοῖς
3059 1602 3300 1674 πρώτοις
3352 1605 3421 1657 τὰ
3471 1606 3686 1674 πρωτεῖα

371 1703 376 1708 ·
471 1691 686 1755 relatis,
732 1689 1060 1759 primatibus
1107 1689 1382 1759 principes
1413 1703 1630 1758 quoque
1659 1697 1843 1758 partes
1881 1689 2035 1742 exhi-

2142 1691 2495 1762 παρέχοντες,
2523 1683 2622 1748 ’καὶ
2650 1697 2761 1758 τοῖς
2805 1695 2986 1758 ἄλλοις
3036 1697 3185 1764 ἑξῆς,
3225 1697 3302 1760 ὡς
3354 1697 3448 1750 καὶ
3485 1698 3540 1749 ἐν
3589 1698 3684 1758 τοῖς

472 1785 766 1849 bebantur,
800 1789 964 1852 atque
995 1781 1120 1836 aliis
1165 1781 1446 1852 deinceps.
1481 1779 1950 1846 Quemadmodum
1987 1781 2038 1834 in

2157 1783 2432 1855 Ἀριθμοῖς
2455 1785 2606 1849 τάξει
2637 1786 2742 1840 τινὶ⁵
2767 1786 2895 1857 περὶ
2945 1787 3044 1856 τὴν
3101 1789 3316 1858 σκηνὴν
3375 1792 3684 1856 ἐστρατοπε-

475 1874 734 1929 Numeris
775 1873 940 1928 etiam
993 1871 1186 1927 ordine
1252 1871 1488 1942 quodam
1543 1871 1693 1926 circa
1747 1870 2035 1926 tentorium:

2140 1872 2356 1928 δεύοντο
2386 1877 2434 1928 οἱ
2471 1877 2536 1929 ἐκ
2553 1877 2646 1930 τοῦ
2678 1877 2962 1946 Καάθ,καὶ
2981 1879 3219 1950 Γερσὼν,
3249 1881 3342 1933 καὶ
3369 1879 3593 1950 Μεραρί.

470 1974 652 2022 castra
682 1964 1048 2034 disponebant
1079 1961 1274 2029 Caath,
1305 1961 1536 2030 Gerson,
1575 1970 1630 2018 et
1663 1961 1859 2018 Merari
1919 1961 2036 2017 ﬁlii.

527 2098 644 2154 iam
670 2113 801 2155 vero
830 2087 1010 2168 operae
1032 2095 1266 2164 pretium
1319 2104 1404 2152 est
1427 2097 1767 2168 perpendere
1805 2097 2037 2152 sortium

471 2191 792 2262 inaequalem
816 2188 1187 2259 aequalitatem
1216 2188 1762 2258 proportionemque,
1791 2189 2040 2244 sacerdo-

463 2296 580 2341 tum
611 2283 1128 2354 item,aliorumque
1156 2297 1280 2338 cum
1314 2282 1566 2338 tribubus
1594 2283 2053 2353 permistionem.-

460 2377 596 2432 Nam
623 2391 748 2430 cum
803 2382 1040 2445 quatuor
1091 2373 1220 2429 caeli
1277 2375 1528 2445 regiones
1581 2373 1715 2440 sint,
1775 2374 2040 2444 juxtaque

458 2487 554 2528 eas
575 2471 755 2525 tribus
782 2470 1087 2530 distinctae,
1109 2467 1414 2523 orientales
1457 2482 1522 2522 ac
1544 2467 1749 2536 primas
1806 2467 2038 2522 sortitur

448 2561 654 2626 ’Caath,
699 2561 790 2616 ubi
815 2562 1261 2630 primasquoque
1294 2557 1400 2612 fert
1448 2555 1588 2611 Iuda
1629 2557 1874 2611 omnium
1931 2557 2034 2611 tri-

447 2652 628 2712 ”buum
659 2653 1118 2718 honoratissima,
1143 2665 1376 2721 qumque
1406 2651 1462 2704 in
1492 2659 1637 2704 terra
1670 2657 1865 2704 sancta
1891 2650 2034 2704 citra

460 2753 666 2801 sortem
699 2757 729 2796 a
756 2741 923 2796 Josue
975 2741 1156 2812 primo
1201 2741 1504 2810 portionem
1542 2739 1778 2809 accepit.
1827 2737 2036 2794 Secun-

459 2835 586 2889 dam
606 2847 737 2887 vcro
759 2831 993 2886 orientis
1021 2835 1229 2898 partem
1269 2827 1479 2908 Gerson
1513 2835 1597 2882 est
1622 2828 1876 2893 sortitus,
1925 2843 2035 2898 quo

461 2925 656 2992 utique
721 2921 892 2976 Caath
960 2934 1070 2974 non
1105 2926 1364 2972 cunctum
1424 2919 2032 2987 oceuparetorientcm,

458 3029 649 3072 verum
682 3009 1045 3068 commutatio
1071 3009 1319 3080 quasdam
1339 3007 1597 3085 ordinum
1654 3007 2031 3064 Leriticorum

2211 2093 2322 2146 Καὶ
2349 2093 2444 2146 νῦν
2487 2094 2545 2148 δὲ
2585 2099 2868 2151 κατανοεῖν
2899 2095 3049 2162 ἄξιον
3096 2097 3195 2168 τὴν
3219 2098 3404 2152 ἄνισον
3460 2098 3680 2166 ίσότητα,

2139 2183 2234 2236 καὶ
2271 2184 2584 2254 ἀναλογίαν,
2633 2187 2726 2240 καὶ
2754 2187 2853 2257 τὴν
2879 2188 3016 2258 πρὸς
3050 2187 3146 2250 τάς
3174 2189 3348 2256 φυλὰς
3383 2187 3484 2240 τῶν
3515 2187 3684 2256 ἱερέων

2138 2275 2237 2328 καὶ
2253 2275 2362 2328 τῶν
2393 2275 2567 2331 ἀλλων
2596 2278 2922 2350 άνάκρασιν.
2953 2279 3248 2353 Τεσσάρων
3272 2278 3381 2352 γὰρ
3402 2279 3562 2333 ὅντων
3583 2278 3685 2330 κλισ

2140 2369 2347 2440 μάτων,
2376 2373 2472 2424 καὶ
2500 2371 2608 2424 τῶν
2641 2372 2822 2440 φυλῶν
2849 2374 2990 2428 κατά
3019 2372 3189 2428 ταῦτα
3220 2373 3575 2446 διῃρημένων,
3600 2371 3686 2432 τὰς

2138 2461 2463 2526 ἀνατολικάς
2492 2464 2584 2516 καὶ
2618 2463 2840 2536 πρώτας
2867 2464 3124 2537 λαγχάνει
3151 2466 3313 2520 Καάθ
3346 2481 3359 2494 ο
3394 2463 3516 2518 ἔνθα
3542 2463 3630 2516 καὶ
3653 2461 3684 2531 ή

2137 2553 2229 2606 τοῦ
2273 2555 2440 2608 Ἰούδα
2467 2555 2535 2610 τὰ
2557 2555 2748 2628 πρῶτα
2772 2558 2926 2628 φέρει
2957 2557 3066 2610 τῶν
3105 2558 3289 2627 φυλῶν
3321 2558 3354 2628 ὴ
3381 2555 3682 2626 τιμιωτάτη.

2135 2648 2229 2700 καὶ
2286 2647 2425 2701 κατά
2457 2647 2554 2718 τὴν
2609 2648 2772 2716 ἁγίαν
2823 2651 2924 2720 γῆν
2971 2649 3284 2720 ἀκληρωτεὶ
3335 2647 3466 2720 παρ’
3526 2643 3682 2715 Ἰησοῦ

2137 2740 2330 2812 πρώτη
2359 2741 2598 2794 λαϐοῦσα
2621 2741 2711 2796 τὸν
2742 2741 2966 2814 κλῆρον.
2996 2743 3100 2796 Τὸν
3123 2743 3177 2794 δὲ
3209 2741 3461 2812 δεύτερον
3488 2743 3541 2794 ὲν
3570 2740 3683 2792 ἁνα-

2134 2833 2316 2896 τολαῖς
2349 2832 2540 2904 ἔλαχεν
2567 2835 2597 2886 6
2644 2833 2898 2904 Γερσὼμ,
2944 2833 3019 2896 ὡς
3071 2831 3137 2886 ἂν
3166 2834 3194 2884 6
3221 2832 3382 2885 Καὰθ
3424 2832 3496 2902 μὴ
3523 2831 3682 2885 πᾶσαν

2134 2925 2275 2998 λάϐῃ
2303 2926 2404 2995 τὴν
2437 2925 2717 2998 ἀνατολὴν,
2739 2926 2871 2978 ἀλλὰ
2893 2926 3088 2996 κρᾶσίς
3114 2943 3196 2988 τις
3289 2924 3576 2980 Λευῖτικῶν
3603 2920 3683 2974 καὶ

2135 3017 2549 3087 Ἰσραηλιτικῶν
2599 3017 2911 3086 ταγμάτων.
2957 3018 3020 3070 Ei
3073 3019 3182 3088 γὰρ
3231 3020 3412 3070 πᾶσαν
3431 3011 3682 3084 εἴληφενὸ

457 3116 512 3165 et
571 3104 1006 3161 lsraeliticorum
1068 3107 1238 3157 esset.
1297 3099 1434 3156 Nam
1471 3081 1528 3155 si.
1563 3109 1739 3155 totum
1763 3101 2032 3156 orientem

2141 3074 2418 3180 Καάθτὴν
2467 3074 2756 3179 ἀνατολὴν,
2793 3108 2948 3178 ὕϐρις
2971 3103 3038 3179 ἦν
3074 3074 3184 3172 rei;
3212 3106 3442 3170 λοιποῖς.
3473 3074 3600 3159 Νυνὶ
3631 3102 3682 3154 δὲ

2140 3197 2280 3250 κατά
2312 3198 2412 3266 τὴν
2441 3199 2504 3250 ὲκ
2536 3195 2670 3249 Θεοῦ
2703 3197 2810 3250 τῶν
2845 3197 3062 3268 κλήρων
3103 3195 3450 3267 δικαιοσύνην
3492 3195 3607 3256 τοὺς
3631 3192 3682 3243 ὲν

2139 3286 2444 3348 ἀνατολαῖς,
2478 3285 2697 3353 Ἰούδαν,
2739 3286 3016 3356 ’Ῑσσάχαρ,
3047 3285 3354 3352 Ζαϐουλὼν,
3381 3283 3680 3354 λαγχάνουσι

2137 3377 2319 3442 Καάθ,
2352 3376 2602 3448 Γηρσὼν,
2649 3379 2886 3448 Μεραρὶ,
2926 3379 2974 3431 οἱ
3002 3377 3208 3447 πρῶτοι
3256 3377 3364 3431 υἱοὶ
3407 3374 3498 3428 τοῦ
3533 3371 3678 3426 Λευῖ’

2138 3470 2262 3532 τοὺς
2291 3469 2346 3522 δὲ
2391 3470 2534 3522 κατά
2585 3469 2746 3532 Λίϐα,
2788 3469 3036 3540 Ῥουϐὶμ,
3059 3469 3153 3522 καὶ
3179 3469 3427 3538 Συμεὼν,
3456 3467 3544 3520 καὶ
3569 3461 3680 3527 Γὰδ,
3716 3462 3722 3468 “

2139 3561 2248 3614 ἀπὸ
2287 3560 2444 3613 Καάθ
2477 3561 2620 3616 κατά
2643 3561 2733 3614 τὸν
2761 3561 3014 3637 δεύτερον
3042 3562 3203 3615 τόπον
3223 3561 3316 3614 τὸν
3341 3561 3432 3614 τοῦ
3458 3553 3678 3627 Συμεών.

2138 3648 2297 3702 Κατά
2341 3649 2400 3702 δὲ
2441 3649 2537 3703 τὸν
2589 3651 2806 3721 πρῶτον
2849 3651 2876 3703 6
2917 3651 3154 3722 Μεραρὶ,
3187 3651 3280 3704 τὸν
3311 3649 3405 3703 τοῦ
3460 3646 3677 3714 Ῥουϐίμ.

2139 3740 2308 3792 Πάλιν
2329 3741 2357 3794 6
2385 3741 2718 3812 Μεραρὶτὸν
2746 3741 2928 3813 τρίτον
2977 3741 3115 3795 κατά
3147 3742 3413 3802 ἀνατολὰς
3452 3742 3504 3792 ὲν
3524 3735 3681 3806 Ἀριθ·

2141 3835 2281 3903 μοῖς,
2310 3831 2402 3886 τὸν
2448 3832 2750 3897 Ζαϐουλὼν,
2793 3833 2890 3901 τῆς
2923 3833 3016 3886 τοῦ
3043 3831 3178 3886 Θεοῦ
3218 3830 3560 3898 δικαιοσύνης
3591 3842 3680 3895 μυ-

2140 3923 2339 3987 στικῶς
2361 3924 2626 3996 δηλούσης
2681 3925 2749 3978 τά
2791 3925 3052 3994 μέλλοντα
3091 3925 3190 3994 τῆς
3211 3924 3323 3977 τῶν
3357 3925 3470 3976 ἐκεῖ
3490 3919 3680 3987 κλήρων

2135 4015 2415 4087 διαμονῆς.
2459 4017 2625 4070 Πάλιν
2667 4017 2766 4088 τὴν
2829 4017 2970 4070 κατὰ
3020 4017 3286 4072 Θάλατταν
3321 4012 3570 4084 Ἐφραῒμ,
3599 4005 3681 4062 καὶ

2137 4109 2416 4179 Βενιαμὶν,
2443 4110 2539 4163 καὶ
2561 4110 2850 4180 Μανασσῆ,
2889 4111 2918 4162 6
2946 4109 3098 4163 Καάθ
3144 4109 3403 4179 λαγχάνει
3456 4095 3550 4158 τὸν
3579 4097 3680 4154 δεύ-

459 4188 759 4274 secundam
789 4211 960 4266 Caath
995 4211 1230 4266 sortitur
1281 4211 1592 4282 Beniamin.
1625 4214 1843 4285 Reliqui
1905 4231 2035 4272 vero

2137 4214 2292 4268 τερον
2349 4199 2440 4252 τὸν
2489 4196 2772 4269 Βενιαμίν.
2833 4198 2897 4252 Oi
2939 4197 3004 4254 ’δὲ
3075 4198 3254 4251 λοιποὶ
3298 4195 3392 4250 τοῦ
3421 4192 3566 4248 Καάθ
3602 4188 3678 4289 τὸν

458 4307 636 4364 Caath
670 4304 878 4360 familia
934 4304 1221 4375 Ephraim.
1255 4303 1464 4362 Deinde
1514 4284 1798 4362 dimidiam
1832 4309 2032 4364 tribum

2149 4284 2561 4360 Ἐφραῖμ.Εῐτα
2616 4291 2744 4354 τοὺς
2791 4289 2900 4342 ἀπὺ
2943 4290 3170 4360 ἡμίσους
3219 4287 3394 4358 φυλῆς
3437 4284 3676 4348 Μανασσῆ

457 4397 731 4462 Manasse,
765 4395 888 4464 ejus
913 4411 1033 4466 quae
1065 4395 1120 4450 in
1152 4405 1298 4452 terra
1327 4407 1518 4451 sancta
1549 4405 1656 4452 est.
1699 4396 1872 4453 Porro
1898 4397 2035 4454 Ger-

2137 4379 2230 4433 τοῦ
2265 4383 2322 4434 ὲν
2345 4383 2410 4451 τῇ
2439 4381 2569 4451 ἁγίᾳ
2619 4384 2713 4452 γῇ.
2763 4377 2896 4435 Εἶτα
2947 4380 3186 4452 Γηρσὼμ
3234 4381 3397 4434 πάλιν
3426 4379 3486 4432 τὸ
3528 4375 3676 4491 mus:

2162 4473 2272 4491 νυ
2358 4473 2412 4491 ι.
2476 4490 2480 4491 ν
2579 4473 2619 4491 ν-
2689 4472 2747 4491 ..ς
2809 4472 2839 4491 ν.
2882 4471 2926 4491 με
2977 4471 3074 4491 μη
3113 4490 3140 4491 η
3179 4472 3192 4486 .
3351 4489 3359 4491 ,
3398 4469 3485 4491 ,__,
3529 4464 3643 4491 0-“

460 4504 562 4546 son
618 4460 894 4556 reliquum
930 4460 1118 4542 tribus
1163 4487 1414 4544 Manasse
1441 4488 1748 4544 dimidium.
1771 4489 2035 4555 Quoniam

2138 4473 2312 4542 φυλῆς
2358 4473 2648 4543 Μανασσῆ.
2689 4472 2848 4526 Ἐπεὶ
2879 4471 2935 4524 δὲ
2975 4471 3080 4526 ἔδει
3109 4472 3201 4525 καὶ
3235 4473 3362 4534 τοὺς
3390 4469 3492 4523 ἀπὸ
3527 4460 3678 4536 βορρᾶ

459 4593 591 4634 vero
635 4555 760 4630 loca
813 4575 1034 4631 lsraelis
1091 4578 1558 4646 septentrionalia
1599 4580 2035 4638 sacerdotalibus

2137 4563 2430 4636 τιμηθῆναι
2487 4565 2685 4628 τόπους
2725 4565 2821 4618 τοῦ
2887 4564 3102 4635 Ἰσραὴλ
3151 4565 3265 4626 τοῖς
3301 4563 3536 4632 τάγμασι
3580 4555 3674 4646 τοῖς

2136 4654 2430 4724 ἱερατικοῖς
2451 4669 2468 4685 ’
2495 4653 2583 4707 ἵνα
2629 4652 2704 4724 μὴ
2737 4654 3104 4724 πλεονεκτηθῇ
3139 4653 3208 4706 τά
3256 4651 3534 4704 τελευταῖα
3559 4645 3672 4709 τάγ-

460 3201 635 3258 Canth
659 3200 992 3270 accepisset,
1023 3197 1227 3268 injuria
1244 3197 1473 3265 reliquis
1505 3195 1712 3252 inisset
1743 3194 2038 3250 facta.lta-

461 3312 571 3368 que
629 3295 812 3350 divina
863 3291 1080 3363 justitia
1131 3297 1311 3346 sortes
1359 3293 1705 3362 gubernante
1745 3291 2040 3347 orientales

465 3389 642 3444 tri-bus
692 3385 914 3449 Judam,
968 3381 1512 3449 lsacbar,Zabulon,
1545 3383 1742 3451 Caath,
1799 3381 2037 3449 Gersun,

459 3481 660 3536 Mcrari
729 3477 890 3550 primi
921 3476 1050 3531 Levi
1097 3477 1191 3530 lilii
1249 3477 1581 3532 sortiuntur;
1613 3477 1718 3532 Eos
1749 3492 1882 3532 vero
1945 3477 2040 3546 qui

463 3573 531 3628 ab
555 3571 746 3627 Africo
799 3579 928 3625 sunt
985 3567 1204 3631 Ruben,
1231 3568 1452 3624 Simeon
1485 3577 1540 3624 et
1571 3567 1686 3623 Gad
1723 3567 2035 3636 ﬁliiCaath,

463 3680 492 3716 a
553 3659 796 3718 secundo
841 3658 1122 3713 Simeonis
1167 3659 1313 3714 loco.
1349 3661 1396 3713 A
1435 3659 1621 3730 primo
1661 3675 1790 3716 vero
1838 3659 2040 3714 Merari

431 3752 670 3825 partem
732 3751 948 3806 Ruben.
1003 3749 1218 3805 Rursus
1269 3749 1471 3806 hierari
1547 3751 1764 3806 tertiam
1807 3753 2038 3808 orientis

461 3847 662 3901 tribum
689 3843 956 3910 Zabnlon,
985 3843 1450 3913 quemadmodum
1503 3850 1590 3900 est
1639 3845 1693 3898 in
1747 3841 2030 3900 Numeris.

463 3937 582 4004 Quo
602 3935 790 4014 divina
815 3934 1030 4004 iustitia
1081 3935 1312 4006 mystice
1346 3935 1586 3990 futuram
1615 3937 1905 4006 sequentis
1936 3952 2037 3992 saa-

459 4033 568 4090 culi
603 4047 700 4104 per
723 4039 902 4086 sortes
937 4029 1268 4086 divisionem
1291 4031 1521 4086 indicat.
1562 4030 1779 4088 Rursus
1829 4049 1893 4087 ex
1963 4032 2034 4088 iis

459 4125 551 4196 qui
573 4124 729 4194 juxta
757 4137 912 4177 mare
935 4130 1064 4176 sunt
1091 4119 1374 4190 Ephraim,
1401 4121 1686 4193 Beniamin
1718 4132 1770 4178 et
1789 4123 2037 4180 Manasse

459 4666 749 4724 ordinibus
779 4679 1001 4735 quoque
1041 4666 1303 4722 honorari
1353 4669 1622 4738 oportuit,
1659 4685 1727 4724 ne
1766 4671 2036 4740 posterio-

459 4761 614 4816 ribus
637 4757 926 4813 ordinibus
946 4757 1640 4828 septeutrionalibus,Dan,
1661 4758 2030 4830 Nephthalim,

457 4851 598 4908 Aser
623 4848 779 4905 fraus
827 4848 1002 4915 ﬁeret,
1037 4848 1234 4920 reliqui
1257 4849 1352 4906 ﬁlii
1385 4851 1574 4916 Caath,
1604 4867 1712 4906 non
1738 4850 2030 4906 ﬁliisaeer-

457 4943 600 4996 dotis
653 4941 889 5011 primam
925 4946 981 4994 et
1003 4939 1312 5010 digniorem
1371 4943 1891 5012 septentrionalium
1929 4942 2028 4998 tri-

455 5035 624 5088 buum
653 5029 764 5084 Dan
791 5031 1400 5100 acceperunt.Alteram
1433 5045 1582 5096 vero,
1609 5032 1768 5097 Aser,
1793 5031 2025 5095 Gerson.

455 5121 560 5188 Qui
583 5119 803 5175 tertiam
830 5120 960 5174 item
995 5117 1307 5190 Nephtalim
1360 5128 1448 5174 est
1481 5121 1738 5191 adeptus.
1772 5121 1928 5188 Quod
1981 5121 2028 5177 si

453 5225 588 5267 vero
627 5209 962 5266 narrationis
1011 5209 1250 5265 varietas
1298 5217 1538 5265 mentem
1597 5225 1662 5266 ac
1709 5211 2028 5268 memoriam

459 5309 707 5374 superat,
738 5299 869 5370 quid
897 5299 966 5355 de
991 5299 1178 5355 futura
1197 5314 1385 5355 rerum
1417 5299 1790 5371 dispositione
1816 5318 1914 5358 seu
1929 5301 2027 5356 ad-

461 5395 870 5450 ministratione
898 5399 984 5450 est
1003 5393 1331 5450 dicendum?

530 5505 678 5561 Tum:
693 5505 894 5562 vocarit
931 5503 1098 5561 Iosue
1115 5505 1261 5576 ﬁlios
1283 5502 1484 5560 Ruben.
1517 5504 1708 5579 [χχιι
1727 5503 1809 5578 1.]
1836 5502 2028 5558 Dimit-

463 5604 654 5650 tuntur
683 5597 862 5654 tribus
894 5612 1016 5669 qua:
1041 5606 1193 5653 trans
1223 5593 1520 5653 Iordanem
1545 5597 1914 5653 hereditatem
1929 5609 2028 5650 ac-

463 5696 750 5759 ceperunt.
773 5687 909 5744 Cum
937 5689 1081 5746 enim
1108 5705 1208 5746 nos
1232 5689 1326 5763 qui
1353 5689 1459 5747 sub
1496 5688 1664 5748 Josue
1703 5690 2024 5756 militamus,

2137 4761 2306 4816 ματα,
2335 4744 2506 4800 ὄντων
2535 4743 2677 4797 κατά
2707 4743 2930 4816 βορρᾶν,
2963 4743 3090 4807 Δὰν,
3143 4740 3480 4810 Νεφθαλείμ,
3509 4730 3672 4801 Ἀσὴρν

2135 4837 2292 4890 Καάθ
2320 4839 2348 4891 6
2373 4838 2514 4891 κατὰ
2561 4836 2688 4900 τοὺς
2743 4835 2968 4899 λοιποὺς
3013 4836 3112 4906 οὐχ
3153 4835 3181 4888 ὁ
3217 4832 3357 4888 κατὰ
3384 4830 3505 4891 τοὺς
3532 4822 3674 4893 ἱερεῖς

2135 4928 2400 5000 λαμϐάνει
2438 4929 2530 4984 τδν
2561 4928 2777 4999 πρῶτον
2800 4929 2897 4981 καὶ
2916 4925 3242 4998 τιμιώτερον
3263 4925 3370 4977 τῶν
3401 4919 3536 4976 κατά
3568 4912 3672 4984 βοῤ·

2108 5007 2258 5092 ’ρἄ,
2289 5020 2382 5076 τὸν
2408 5021 2533 5076 Δάν,
2577 5021 2637 5073 'O
2658 5021 2714 5074 δὲ
2735 5020 2978 5105 Γηρὶσὼμ
2992 5020 3082 5072 τὸν
3107 5019 3373 5090 δεύτερον,
3393 5005 3668 5105 arm-'66??-

2134 5110 2269 5169 Εἶτα
2299 5113 2462 5167 πάλιν
2512 5113 2541 5167 ὁ
2591 5095 2962 5183 Γηρσὼμὶτὸν
2986 5111 3190 5181 τρίτον,
3222 5109 3312 5162 τὸν
3357 5095 3664 5173 Νεφθαλείμ.

2135 5206 2198 5259 Ei
2225 5205 2282 5258 δὲ
2310 5205 2418 5260 τῶν
2451 5205 2574 5259 καθ’
2604 5204 2845 5272 ἱστορίαν
2873 5203 2908 5274 ἡ
2933 5201 3170 5256 ποικιλία
3193 5201 3285 5254 τὸν
3307 5196 3430 5252 νοῦν
3458 5192 3546 5248 καὶ
3579 5186 3664 5253 τὴν

2137 5299 2359 5370 μνήμην
2387 5298 2534 5367 νικᾷ,
2565 5295 2618 5350 τί
2641 5295 2722 5349 δεῖ
2752 5294 2930 5364 λέγειν
2962 5294 3089 5366 περὶ
3133 5293 3230 5364 τῆς
3257 5291 3366 5346 τῶν
3395 5282 3666 5358 μελλόντων

2037 5407 2041 5417 ·
2133 5389 2444 5460 οἰκονομίας
2470 5406 2486 5452 ;

2212 5505 2350 5558 Τότε
2407 5501 2826 5557 συνεκάλεσεν
2859 5502 3101 5572 Ἰησοῦς
3129 5501 3272 5565 τοὺς
3310 5490 3667 5554 Ῥουϐινίτας.

2147 5595 2500 5650 Ἀπολύονται
2536 5597 2584 5647 oi
2632 5593 2804 5666 πέραν
2851 5593 3119 5666 Ἰορδάνου
3176 5587 3664 5676 κληρονομήσαῆ

2135 5688 2304 5743 Ὅταν
2363 5687 2476 5781 γὰρ
2509 5687 2873 5762 ἀπολαύωμεν
2918 5689 3016 5754 τὰς
3046 5684 3376 5760 ἐπαγγελίας
3417 5680 3463 5737 οἱ
3489 5673 3666 5738 ύπδτῷ
