4018 6230
426 376 552 440 1041

1494 393 2027 455 COMMENTARII
2074 395 2156 456 IN
2195 350 2526 458 mulces.

3402 370 3447 423 ὀ
3534 403 3686 467 tata

434 478 608 557 Ἰησοῦ
644 493 1080 565 στρατευόμενοι,
1122 499 1214 551 καὶ
1257 498 1613 569 συγκάμωσιν
1644 502 1776 570 ἡμῖν
1806 502 1855 551 οἱ
1886 500 1989 551 ὑπὸ

2103 500 2496 567 promissiones
2516 498 2689 573 496
2740 505 3171 574 perceperimus,
3207 508 3498 563 nobiscum
3537 527 3666 568 vero
3752 497 3761 506 ’

421 580 701 645 Μωῦσέως
731 582 984 649 λαϐόντες
1002 588 1100 657 τὴν
1122 588 1509 658 κληρονομίαν,
1533 587 1686 641 οὔπω
1720 589 1776 642 δὲ
1804 607 1989 642 κατοι-

418 672 689 742 κήσαντες
726 675 784 727 ὲν
808 676 965 747 αὐτῇ,
1027 678 1353 734 ἀπολύονται
1402 681 1635 745 ἕκαστος
1675 682 1753 739 εἰς
1787 681 1855 734 τὰ
1886 680 1991 733 ἴδια

426 764 565 833 μετὰ
582 763 690 817 τῶν
711 766 880 820 τελῶν
935 767 1042 822 τῶν
1075 770 1181 823 ὑπὸ
1219 769 1392 841 Ἰησοῦ
1446 771 1764 842 δεδομένων,
1796 771 1872 835 ὡς
1925 771 1991 825 ἂν

422 854 654 920 ἕκαστος
686 859 983 931 κατοικήσῃ
1000 861 1056 912 ὲν
1082 861 1295 935 εἰρήνῃ,
1315 862 1517 926 παντὸς
1538 864 1776 933 πολέμου
1805 843 1994 916 καθαι-

428 939 696 1008 ρεθέντος.

494 1024 654 1086 Οὗτοι
686 1035 744 1089 δὲ
775 1038 872 1090 καὶ
906 1037 1079 1109 μέγαν
1108 1042 1452 1113 οἰκοδομοῦσι
1500 1042 1704 1113 βωμὸν.
1732 1043 1826 1098 καὶ
1855 1038 1991 1098 ἀπό-

426 1137 616 1176 στασιν
644 1126 1001 1198 ἐγκληθέντες
1033 1132 1441 1202 ἀπολογοῦνται,
1470 1133 1545 1196 ὡς
1591 1135 1653 1188 τὸ
1703 1134 1994 1206 θυσιαστή-

427 1212 542 1279 ριόν
570 1215 718 1268 ἐστιν
743 1218 875 1270 ὅπου
915 1220 1121 1291 Ἰησοῦς
1155 1223 1332 1293 ἄρχει.
1354 1225 1591 1277 Ἐκείνου
1632 1224 1689 1277 δὲ
1718 1224 1877 1278 τοῦτο
1910 1226 1991 1295 μί-

428 1302 585 1370 μημά
616 1319 673 1355 τε
712 1306 805 1358 καὶ
833 1307 1116 1377 σύμϐολον.
1138 1311 1225 1375 Ὠς
1255 1313 1320 1366 ἂν
1348 1313 1422 1384 μὴ
1451 1315 1580 1377 τοὺς
1606 1314 1764 1378 ἐκτὸς
1798 1315 1995 1385 ’ῐορδόιο

424 1408 513 1445 νου
546 1392 728 1459 ξένους
766 1399 903 1466 μετὰ
927 1402 1117 1470 χρόνον
1151 1405 1199 1455 οἱ
1235 1404 1383 1466 ἐντὸς
1411 1401 1551 1458 εἶναι
1579 1407 1861 1476 νομίσωσι,
1887 1426 1995 1462 κω-

422 1481 643 1544 λύοντες
687 1487 885 1552 αύτοὺς
929 1489 1029 1559 τῆς
1074 1490 1168 1543 τοῦ
1219 1492 1368 1564 ἱεροῦ
1427 1498 1679 1566 μετοχῆς.
1728 1498 1892 1566 Δηλοῖ
1940 1499 1997 1551 δὲ

425 1572 615 1634 ταῦτα,
646 1574 726 1638 ὡς
759 1579 787 1628 6
816 1578 944 1643 λαὸς
973 1581 1071 1650 τῆς
1101 1586 1406 1653 περιτομῆς
1433 1587 1461 1638 6
1496 1588 1785 1658 πρότερος,
1808 1588 1858 1639 oi
1891 1589 1997 1640 υίοὶ

436 1661 647 1717 Ῥουσὶν
676 1666 767 1719 τοῦ
804 1672 1145 1739 πρωτοτόκου
1165 1714 1178 1736 ,
1209 1677 1261 1727 οἱ
1315 1675 1420 1727 υίοὶ
1448 1676 1556 1730 Γὰδ
1588 1677 1755 1733 ἄλλου
1782 1695 1996 1747 πρωτο-

423 1753 607 1821 τόκου,
649 1758 696 1809 oi
748 1759 855 1811 uio‘t
902 1761 1170 1832 Μανασσῆ
1224 1766 1383 1819 ἄλλου
1441 1768 1807 1837 πρωτοτόκου,
1854 1770 1996 1832 κατά

426 1846 617 1915 χρόνον
662 1849 922 1917 δηλονότι,
956 1855 1170 1908 ποιοῦσι
1229 1856 1410 1927 βωμὸν
1461 1860 1521 1911 οὑ
1571 1860 1661 1911 τὸν
1712 1859 1990 1929 ἀληθινὸν,
2028 1851 2067 1906 Β

424 1936 562 1990 ἀλλὰ
591 1939 850 2009 σύμϐολον
870 1961 882 1974 ·
911 1945 997 1998 ἵνα
1027 1947 1102 2016 μὴ
1128 1946 1392 2019 διέλωμεν
1414 1950 1608 2014 αὐτοὺς
1630 1953 1724 2004 ἀπ’
1745 1953 1991 2008 ἐκείνων.

437 2029 680 2099 Ἀδελφοὶ
712 2035 819 2105 γὰρ
851 2037 1005 2106 ἡμῶν
1037 2040 1089 2090 οἱ
1120 2040 1227 2110 πρὸ
1256 2041 1357 2110 τῆς
1394 2042 1692 2113 παρουσίας
1729 2045 1993 2107 Ἰουδαῖοι,

423 2123 516 2173 καὶ
542 2122 603 2174 τὸ
629 2123 878 2194 ἀληθινὸν
913 2129 1211 2201 μυστήριον
1243 2131 1442 2202 ⁴ᾔδεσαν
1489 2135 1563 2196 ὡς
1616 2135 1712 2187 οὐκ
1759 2133 1994 2204 ἔχουσιν.

436 2211 579 2266 Ἀλλ’
607 2217 660 2265 ai
710 2215 937 2270 παλαιαὶ
970 2217 1151 2272 θυσίαι
1184 2220 1293 2273 τῶν
1335 2222 1605 2292 ἀληθινῶν
1634 2224 1803 2287 τύπος
1848 2224 2002 2292 ἐτύγ-

424 2322 607 2375 χανον,
641 2307 775 2359 ὅπου
804 2304 872 2378 ἦν
905 2310 1134 2380 Ἰησοῦς.
1155 2312 1479 2384 Ἀμφότεροι
1524 2315 1706 2366 τοίνυν
1735 2315 1999 2384 γινόμεθα

429 2403 527 2473 μία
556 2404 784 2474 ποίμνη,
803 2400 884 2469 εἷς
912 2408 1142 2477 ποιμήν.
1161 2408 1250 2471 Ὠς
1273 2408 1381 2480 γὰρ
1403 2409 1571 2462 πάλαι
1606 2409 1949 2477 ἀπέθνησκεν
1975 2413 2002 2463 6

426 2493 574 2557 λαὸς,
604 2496 698 2548 καὶ
746 2492 911 2566 ἦλθεν
948 2498 1180 2568 Ἀαρὼν,
1213 2499 1308 2552 καὶ
1359 2499 1493 2570 ἔστη
1532 2499 1733 2571 μεταξὺ
1768 2501 1877 2553 τῶν
1908 2517 2002 2553 τε-

428 2585 704 2656 θνηκότων
734 2588 830 2640 καὶ
856 2587 965 2641 τῶν
995 2587 1212 2652 ζώντων
1236 2630 1250 2656 ,
1282 2592 1377 2644 καὶ
1409 2591 1518 2646 ἀπὸ
1545 2590 1655 2644 τῶν
1683 2591 1886 2645 λοιπῶν
1913 2592 2003 2645 τὸν

428 2677 653 2732 θάνατον
682 2677 944 2751 ἔστησενο
976 2681 1150 2746 οὕτως
1187 2683 1216 2734 6
1260 2684 1514 2753 ἀληθινὸς
1560 2685 1852 2755 ἀρχιερεὺς
1902 2702 2003 2755 με·
2044 2696 2045 2699 ‘

427 2767 560 2833 ταξὺ
587 2770 697 2824 τῶν
722 2771 1062 2841 τεθνηκότων
1093 2774 1185 2826 καὶ
1212 2775 1321 2828 τῶν
1352 2774 1572 2839 ζώντων
1597 2775 1706 2829 τῶν
1740 2792 1801 2828 τε
1840 2776 2003 2847 μέχρι

427 2862 527 2929 τῆς
554 2866 859 2933 παρουσίας
887 2866 980 2918 τὸν
1012 2867 1342 2932 Ἰουδαϊσμὸν
1366 2864 1771 2938 τετηρηκότων,
1790 2869 1885 2921 καὶ
1913 2868 2006 2921 τὸν

429 2953 591 3006 αὐτὸν
622 2954 695 3023 μὴ
729 2954 1069 3026 δεξαμένων,
1103 2958 1199 3009 καὶ
1228 2959 1454 3020 ἑαυτοὺς
1489 2958 1744 3029 μᾶλλονῆ
1780 2959 1872 3013 τὸν
1898 2958 2005 3028 Ἰη-

433 3045 559 3097 σοῦν
609 3051 1020 3116 νεκρωσάντων,
1051 3049 1118 3102 δι’
1140 3045 1214 3103 ὧν
1245 3051 1331 3119 ἐφ’
1361 3053 1590 3115 ἑαυτοὺς
1632 3052 1692 3104 τὸ
1737 3045 1876 3120 αἷμα
1911 3049 2005 3120 φέ-

434 3153 549 3236 ρειν
599 3138 906 3209 ἐτόλμησαν
942 3140 1137 3209 Ἰησοῦ.
1188 3143 1279 3195 Διὸ
1320 3144 1415 3195 καὶ
1462 3143 1569 3194 πᾶν
1618 3136 1756 3211 αἷμα
1801 3142 2007 3196 δίκαιον
2033 3176 2079 3236 c

348 3278 357 3285 _
431 3224 671 3296 ἔφθασεν
724 3230 1055 3294 ὲπάὑτούς.
1084 3233 1305 3299 Μεταξὺ
1351 3233 1533 3288 τοίνυν
1578 3232 1748 3287 ἐλθὼν
1775 3232 2003 3301 ἔστησεν

433 3320 528 3388 ἀφ’
552 3319 706 3390 ἡμῶν
739 3321 835 3391 τὴν
864 3323 959 3375 τοῦ
994 3322 1226 3391 θανάτου
1262 3325 1451 3395 νομὴν,
1481 3325 1588 3379 τῶν
1617 3324 1826 3394 νεκρῶν
1871 3325 2003 3379 Ἰου-

395 3410 595 3467 .δαίων
629 3412 794 3482 μηδὲν
833 3413 914 3467 ἔτι
945 3415 1244 3470 ποιούντων
1275 3417 1527 3487 ἀληθινὸν
1557 3416 1668 3471 τῶν
1699 3419 1804 3470 ὑπὸ
1835 3417 2001 3488 νόμου

428 3502 796 3574 διῃρημένων.
834 3507 969 3576 Παρ⁹
994 3508 1125 3578 ἡμῖν
1155 3508 1263 3578 γὰρ
1291 3511 1318 3563 6
1344 3509 1597 3582 ἀληθινὸς
1618 3510 1744 3573 ναὸς
1770 3511 1797 3563 6
1826 3512 1889 3563 ὲκ
1916 3510 2001 3564 λί-

430 3591 540 3645 θων
572 3591 811 3661 ζώντων,
838 3596 935 3650 καὶ
969 3596 1176 3669 Ἰησοῦς
1201 3600 1229 3651 6
1256 3597 1533 3670 ἀληθινός.

432 3839 1892 3875 W

894 3902 2068 4174 COMMENTARII
2179 3998 2335 4123 IN
2441 3995 3141 4192 JUDICES.

504 4346 626 4409 Τοϊς
659 4342 913 4414 ἀγνοοῦσι
945 4345 1040 4399 τοῦ
1074 4347 1339 4418 παρόντος
1373 4346 1579 4417 βιϐλίου
1620 4348 1718 4420 τὴν
1751 4347 2002 4419 δύναμιν,

435 4438 531 4490 καὶ
580 4438 661 4490 ὅτι
705 4438 856 4491 πᾶσα
900 4437 1093 4509 Γραφὴ
1145 4437 1503 4501 θεόπνευστος
1559 4441 1654 4492 καὶ
1708 4439 2004 4510 ὠφέλιμος,

437 4528 694 4599 ἀνόνητον
741 4526 879 4582 εἶναι
926 4530 1090 4594 δοκεῖ,
1124 4529 1393 4600 πολέμους
1438 4531 1533 4583 καὶ
1585 4530 1763 4601 μάχας
1814 4530 1890 4594 ὡς
1937 4532 2006 4586 τὰ

439 4618 611 4671 πολλὰ
635 4619 1010 4691 διηγούμενον.
1041 4620 1116 4672 Οὐ
1161 4620 1270 4691 γὰρ
1311 4620 1627 4685 σκοποῦσιν,
1657 4622 1731 4685 ὡς
1760 4621 2006 4685 τυπικῶς

2094 589 2260 646 Mosis
2288 593 2493 647 subditi
2524 593 2924 658 laboraverint,
2944 605 3169 668 acccpta
3198 599 3513 655 haereditate
3529 617 3669 659 non-

2094 680 2225 735 dum
2262 693 2443 738 autem
2472 696 2760 754 occupata,
2786 686 2851 739 ad
2892 689 3050 742 sedes
3075 689 3443 760 sempiternas
3466 692 3667 763 singuli

2094 784 2219 823 cum
2255 772 2413 828 bonis
2445 791 2474 826 a
2504 771 2674 830 Iosue
2703 775 2849 830 datis
2911 776 3284 845 dimittuntur,
3316 790 3373 835 ut
3432 782 3667 852 quisque

2095 862 2243 916 omni
2264 860 2411 916 bello
2439 864 2656 921 sublato
2710 881 2804 922 seu
2831 880 3058 937 peracto
3088 869 3144 923 in
3175 873 3522 941 pace-degat.

2165 1041 2437 1096 Caeterum
2486 1040 2569 1095 illi
2602 1055 2836 1112 quoque
2864 1057 3118 1113 magnam
3167 1058 3317 1097 aram
3350 1050 3667 1109 exstruunt,

2096 1135 2531 1201 defectionisque
2565 1135 2830 1203 probrum
2862 1149 2984 1188 cum
3026 1135 3138 1189 illis
3175 1136 3456 1204 obiectum
3489 1147 3664 1202 esset,

2094 1230 2266 1283 altare
2308 1227 2440 1281 illud
2510 1227 2567 1279 in
2622 1225 2835 1279 ditione
2904 1224 3072 1280 Iosue
3126 1241 3248 1280 esse
3311 1228 3666 1297 respondent.

2098 1320 2175 1373 Ac
2206 1316 2356 1372 illius
2400 1316 2622 1388 quidem
2664 1315 2767 1370 hoc
2811 1299 2932 1371 esse
2979 1317 3266 1386 exemplar
3313 1332 3376 1372 ac
3428 1318 3667 1388 signum,

2100 1425 2166 1479 ne
2194 1409 2451 1463 videlicet
2496 1415 2743 1479 vertente
2801 1415 3048 1476 tempore
3104 1408 3358 1464 homines
3398 1409 3494 1479 qui
3526 1410 3668 1463 intra

2096 1502 2394 1558 Jordanem
2448 1508 2598 1563 sunt,
2636 1514 2730 1554 eos
2770 1499 2863 1568 qui
2915 1506 3068 1553 extra
3118 1507 3249 1554 sunt
3290 1514 3391 1569 pro
3421 1500 3673 1571 peregri-

2098 1587 2186 1649 nis
2241 1600 2517 1662 reputent,
2567 1600 2621 1646 et
2668 1606 2698 1644 a
2741 1591 2890 1646 cultu
2940 1604 3101 1645 sacro
3144 1605 3240 1645 eos
3286 1597 3531 1645 arceant.
3576 1588 3673 1644 [iis
3725 1607 3729 1610 ’

2102 1699 2231 1738 vero
2265 1682 2547 1736 indicatur
2586 1680 2728 1749 quod
2771 1679 3008 1750 populus
3037 1679 3493 1735 circumcisionis
3522 1679 3673 1748 prior

2104 1773 2197 1826 lilii
2242 1771 2505 1838 Manasse
2529 1769 2671 1824 alius
2717 1770 3072 1841 prituogeniti
3102 1784 3204 1824 suo
3236 1777 3489 1838 tempore
3521 1785 3671 1825 aram

2099 1863 2352 1918 videlicet
2406 1868 2723 1939 exstruunt,
2780 1876 2890 1914 non
2941 1861 3165 1930 quidem
3202 1875 3391 1915 veram
3426 1861 3521 1915 sed
3551 1876 3673 1915 um-

2098 1953 2371 2016 bratilem,
2407 1967 2474 2005 ne
2503 1967 2600 2005 eos
2631 1953 2701 2006 ab
2735 1952 2846 2006 illis
2887 1966 3232 2020 separemus.
3270 1951 3494 2007 Fratres
3523 1952 3671 2006 enim

2100 2045 2275 2098 nes-tri
2339 2046 2431 2115 qui
2497 2051 2626 2096 ante
2681 2043 2978 2096 adventum
3052 2042 3269 2096 Domini
3334 2042 3671 2097 exstiterunt

2098 2134 2293 2200 Judaei,
2332 2149 2396 2187 ac
2429 2149 2621 2187 verum
2657 2133 2981 2204 mysterium
3008 2133 3255 2187 venerati
3290 2142 3441 2197 sunt,
3472 2149 3672 2203 quant-

2101 2222 2185 2277 vis
2230 2237 2336 2277 non
2374 2221 2728 2286 habuissent,
2768 2228 2983 2276 veteres
3034 2235 3168 2275 vero
3198 2220 3434 2274 victimae
3469 2222 3672 2274 verita-

2102 2313 2172 2367 tis
2200 2314 2370 2382 ligura
2402 2311 2647 2379 luerunt,
2694 2326 2818 2381 quae
2858 2326 3050 2366 verum
3090 2310 3258 2366 Josue
3302 2319 3673 2381 repraesenta-

2102 2414 2254 2460 runt.
2304 2404 2482 2458 Ambo
2528 2403 2718 2473 itaque
2766 2418 2911 2459 unus
2963 2402 3221 2473 idemque
3271 2418 3403 2472 grex
3456 2416 3670 2463 sumus,

2102 2496 2360 2565 idemque
2391 2502 2601 2565 pastor.
2637 2493 3119 2561 Quemadmodum
3147 2496 3296 2549 enim
3337 2494 3465 2548 olim
3500 2508 3672 2548 oceu-

2103 2589 2224 2643 buit
2270 2588 2527 2657 populus,
2572 2588 2925 2657 accessitque
2972 2586 3156 2641 Aaron
3211 2595 3266 2642 et
3324 2601 3385 2641 se
3431 2585 3675 2640 medium

2104 2680 2251 2735 inter
2305 2688 2554 2734 mortuos
2613 2695 2678 2734 ac
2724 2681 2880 2735 vivos
2935 2680 3152 2745 statuit,
3223 2686 3279 2734 et
3344 2694 3375 2734 a
3445 2677 3673 2748 reliquis

2105 2782 2335 2827 mortem
2393 2772 2647 2842 depulit:
2706 2773 2779 2826 ita
2827 2788 2991 2829 verus
3039 2772 3288 2842 pontifex
3339 2772 3485 2825 inter
3527 2786 3678 2825 mor-

2107 2874 2229 2921 tuos
2263 2881 2325 2919 ac
2353 2866 2528 2931 vivos,
2577 2866 2724 2921 inter
2766 2881 2861 2920 eos
2904 2866 2998 2935 qui
3043 2865 3111 2919 ad
3162 2864 3459 2918 adventum
3502 2863 3677 2933 ipsius

2107 2973 2282 3027 usque
2311 2956 2661 3013 Judaismum
2703 2965 3126 3022 conservaruut,
3177 2944 3395 3027 eosque.
3419 2956 3512 3026 qui
3547 2972 3673 3010 eum

2107 3066 2215 3104 non
2251 3059 2599 3120 receperunt,
2632 3066 2805 3121 seque
2854 3052 3004 3120 ipsos
3040 3065 3206 3119 quam
3239 3047 3430 3104 Jesum
3476 3063 3709 3104 necare

2112 3145 2451 3207 maluerunt,
2481 3159 2545 3198 eo
2575 3144 2723 3213 quod
2766 3144 3096 3214 sanguinem
3136 3141 3267 3198 Jesu
3305 3143 3358 3197 in
3397 3158 3456 3197 se
3490 3150 3678 3197 trans-

2110 3233 2257 3288 ferre
2298 3234 2418 3288 ausi
2457 3245 2607 3299 sunt,
2648 3234 2703 3287 in
2746 3247 2885 3303 quos
2937 3233 3149 3286 idcirco
3176 3232 3360 3287 omnis
3396 3232 3677 3300 iustorum

2109 3325 2334 3394 sanguis
2379 3325 2598 3379 recidit.
2642 3323 2776 3390 Cum
2829 3324 3242 3379 intercessisset
3286 3322 3494 3391 itaque,
3527 3336 3676 3375 mor-

2112 3427 2219 3473 tem
2251 3432 2280 3471 a
2309 3417 2471 3473 nobis
2504 3418 2768 3473 abstulit:
2805 3432 2931 3472 cum
2968 3417 3170 3470 mortui
3203 3413 3380 3470 Judaei
3419 3415 3521 3469 sub
3560 3414 3678 3482 lege

2109 3507 2351 3578 separati
2411 3507 2625 3562 nullum
2683 3507 2923 3577 amplius
2972 3504 3223 3560 veritatis
3293 3518 3434 3573 Opus
3489 3501 3677 3556 edant.

2109 3598 2265 3667 Apud
2307 3614 2408 3654 nos
2460 3598 2609 3658 enim
2663 3612 2854 3652 verum
2910 3603 2994 3651 est
3041 3597 3309 3664 templum
3363 3593 3509 3663 quod
3541 3591 3678 3647 vivis

2110 3691 2386 3759 lapidibus
2412 3696 2650 3755 constat,
2687 3706 2849 3745 verus
2893 3690 3020 3743 item
3054 3685 3236 3741 Josue.

2890 3832 3654 3871 Μ

2184 4350 2241 4404 Si
2275 4347 2401 4419 quis
2450 4345 2615 4416 hujus
2659 4340 2949 4414 praesentis
2990 4337 3160 4394 libelli
3217 4336 3503 4402 virtutem,
3564 4349 3683 4391 om-

2112 4455 2348 4510 nemque
2402 4435 2747 4506 Scripturam
2804 4430 3066 4487 divinitus
3120 4428 3447 4497 inspiratam
3493 4424 3689 4498 utilem

2112 4546 2235 4587 esse
2270 4532 2508 4599 ignorat,
2553 4523 2699 4579 bella
2745 4537 2810 4576 ac
2856 4533 3068 4591 pugnas
3102 4516 3305 4587 saepius
3336 4528 3682 4571 commemo-

2112 4629 2325 4676 rantem
2373 4617 2587 4672 futilem
2627 4629 2750 4670 esse
2792 4613 2981 4667 ducet.
3031 4610 3151 4665 Non
3182 4604 3346 4667 enim
3407 4609 3461 4661 in
3508 4606 3683 4682 figura

443 4711 542 4781 μὲν
589 4711 819 4775 ἐκείνοις
880 4710 1075 4780 συνέϐη
1104 4753 1118 4778 ,
1165 4712 1379 4786 ἐγράφη
1428 4713 1485 4765 δὲ
1536 4714 1677 4783 πρὸς
1728 4714 2004 4769 νουθεσίαν

2113 4717 2222 4771 illis
2260 4713 2539 4776 evenisse,
2580 4718 2633 4763 et
2664 4707 2731 4762 ad
2773 4715 3024 4760 nostram
3059 4702 3442 4759 eruditionem
3476 4702 3686 4769 scripta

443 4803 620 4874 ήμῶν,
656 4804 749 4857 καὶ
779 4802 898 4857 κατ’
925 4803 1057 4856 αὐτὸ
1094 4803 1154 4857 τὸ
1186 4804 1349 4875 ῥητὸν
1377 4804 1656 4874 ὠφελῆσαι
1699 4804 1820 4859 λίαν
1848 4806 2004 4861 δυνά-

2115 4821 2241 4863 esse
2298 4802 2619 4875 pet-pendet.
2673 4798 2786 4854 Nec
2837 4796 3005 4853 etiam
3069 4794 3217 4865 quod
3265 4793 3380 4848 haec
3442 4790 3688 4846 narratio

448 4909 635 4964 μενον·
667 4895 794 4948 ὅταν
824 4896 1039 4965 ὁρῶμεν
1065 4895 1189 4949 ὅσον
1223 4895 1448 4950 δύναται
1474 4897 1608 4950 Θεοῦ
1635 4897 1892 4969 λατρεία,
1919 4900 2004 4953 καὶ

2114 4897 2414 4968 plurimum
2463 4892 2621 4948 nobis
2666 4890 2924 4945 utilitatis
2974 4886 3156 4954 aﬁ‘ert,
3219 4901 3348 4941 cum
3380 4885 3450 4940 ob
3496 4883 3688 4938 oculos

441 4984 606 5038 πάλιν
647 4986 968 5048 ἀπόστασις.
1035 4987 1148 5041 Καὶ
1189 4987 1265 5050 ὼς
1313 4989 1347 5057 ὴ
1403 4989 1537 5058 μὲν,
1586 4989 1839 5060 καθαιρεῖ
1885 4992 2004 5055 τοὺς

2115 4995 2322 5061 quanta
2376 4985 2545 5041 divini
2604 4983 2814 5048 cultus,
2859 4995 2923 5035 ac
2970 4987 3201 5036 econtra
3247 4974 3576 5031 defectionis
3605 4971 3716 5026 vis-

440 5075 690 5145 ἐχθροὺς,
718 5078 822 5130 κᾶν
866 5078 1206 5132 ἀπέλθωσιν·
1240 5081 1273 5150 ἡ
1299 5080 1388 5147 δὲ,
1421 5079 1634 5144 τούτοις
1661 5080 2004 5152 ὑποχειρίους

2112 5083 2349 5138 exsistat
2381 5079 2553 5149 ponit,
2587 5076 2734 5146 quod
2782 5074 3041 5129 videlicet
3063 5072 3153 5125 ille
3182 5071 3372 5124 hostes
3407 5065 3512 5121 etsi
3552 5079 3689 5118 con-

433 5168 746 5239 ὲργάζεται.
794 5169 1098 5240 Τοιγαροῦν
1152 5173 1179 5224 6
1231 5170 1375 5234 θεῖος
1427 5172 1638 5235 Παῦλος
1688 5174 1753 5225 ὲκ
1800 5173 2004 5228 τούτων

2114 5182 2199 5227 tra
2249 5188 2352 5226 nos
2410 5167 2835 5234 insurrexerint,
2913 5163 3161 5233 reprimit
3218 5179 3231 5214 :
3279 5173 3343 5213 ea
3396 5164 3525 5211 vero
3587 5154 3688 5210 sub

431 5260 661 5315 πλεῖστα
691 5261 958 5332 λαμϐάνει
990 5262 1060 5315 τὰ
1090 5262 1532 5333 παραδείγματα,
1566 5265 1825 5335 γράφων
1882 5268 2004 5319 ὲπι-

2118 5268 2363 5337 ipsorum
2414 5279 2640 5319 manum
2684 5260 2873 5315 mittit.
2924 5258 3108 5322 Quare
3135 5255 3298 5309 divus
3342 5251 3552 5307 Paulus
3577 5265 3690 5307 non

429 5352 610 5421 λείψει
638 5354 746 5421 γάρ
802 5370 870 5422 με
898 5353 1254 5424 διηγούμενον
1288 5344 1330 5408 ⁴ὁ
1375 5355 1565 5426 χρόνος
1611 5357 1739 5427 περὶ
1778 5354 2004 5423 Γεδεὼν,

2116 5360 2340 5430 indigne
2376 5373 2446 5411 ex
2479 5356 2579 5411 his.
2620 5349 2924 5422 Scripturis
2965 5345 3203 5417 plurima
3245 5346 3383 5399 citat
3407 5343 3684 5413 exempla.

432 5444 625 5515 Βαράκ
652 5461 709 5497 τε
740 5446 833 5498 καὶ
864 5444 1102 5515 Σαμψὼν
1122 5485 1137 5511 ,
1169 5447 1263 5500 καὶ
1297 5445 1538 5516 Ἰεφθάε·
1574 5447 1624 5501 οἲ
1654 5449 1740 5504 διὰ
1770 5447 2004 5514 πίστεως

2114 5455 2246 5522 Quae
2285 5451 2466 5521 qualia
2515 5448 2625 5503 sint
2659 5459 2780 5516 quae
2811 5443 2878 5498 de
2907 5440 3181 5505 Gedeone,
3232 5436 3300 5493 de
3343 5436 3584 5501 Barach,
3617 5434 3693 5496 dt

433 5536 881 5605 κατηγωνίσαντο
909 5536 1212 5607 βασιλείας,
1244 5539 1339 5593 καὶ
1376 5539 1443 5593 τὰ
1478 5538 1629 5609 ἑξῆς.

2115 5548 2441 5617 Sampsone,
2488 5540 2684 5610 Jephte
2733 5545 2786 5592 et
2846 5535 2968 5590 aliis
3002 5533 3095 5602 qui
3141 5531 3267 5587 lidei
3291 5530 3495 5586 virtute
3529 5526 3678 5583 devia

2115 5647 2311 5698 cerunt
2353 5650 2517 5706 regn.
2550 5625 3130 5693 commemorantur“,
3160 5626 3207 5681 si
3242 5631 3532 5682 recensere
3568 5619 3673 5676 vel!

2119 5740 2245 5804 lem,
2278 5742 2490 5801 tempus
2520 5742 2605 5781 me
2643 5723 2921 5778 deﬁceret.

552 5824 599 5860 “
624 5824 787 5881 llebr.
824 5842 899 5893 xu,
957 5824 1047 5880 σε.
