4018 6230
314 396 359 465 /

296 468 315 551 Ι

154 638 284 677 ““κη

244 704 277 753 ῖ“
344 694 407 761 τι*

154 778 221 797 χ

368 600 389 619 κ

378 656 401 665 ,-

340 972 371 984 δ

440 385 555 452 ﬁt!)

1475 392 2011 457 COMMENTARII
2046 399 2125 459 ΙΝ
2162 401 2504 462 JUDICES.

3524 409 3660 475 1050

430 499 653 571 Ξπρησεν
706 500 935 570 Ἰησοῦς,
990 500 1065 566 ὡς
1088 501 1196 557 τῶν
1247 502 1454 558 λοιπῶν
1509 506 1981 578 προκαθεζομένηι

2104 510 2209 563 lam
2246 510 2603 567 inﬂammavit
2634 509 2824 577 Josue,
2864 510 3063 584 'utpote
3110 516 3200 585 qui
3254 515 3488 585 primum
3518 517 3660 574 inter

417 590 721 660 Ιδοισιλειῶν,
758 592 848 645 καὶ
877 592 1147 663 ἄρχουσαν
1177 596 1286 648 τῶν
1314 595 1647 667 ἀλλοφύλων.

472 905 576 969 Εις
617 902 757 971 ὅρος
802 903 1030 973 Βαθώρ.
1086 906 1251 977 Ὄρος
1311 907 1507 977 Βαθὼρ
1552 908 1613 961 ἐν
1661 910 1729 980 τῇ
1773 907 1983 962 πεδιάδι

327 976 371 1071 ί
409 998 586 1048 κεῖται
615 995 726 1048 ἀπὸ
754 996 996 1065 σημείων
1022 1003 1052 1050 ι’
1078 976 1502 1069 Διοκαισαρείας
1529 999 1672 1054 κατὰ.
1694 976 1981 1063 ἆνατολάς.

349 1110 360 1122 ·
414 1088 602 1157 Ὅριον
623 1086 680 1139 δὲ
717 1086 874 1140 τοῦτο
918 1087 1091 1157 φυλῆς
1134 1089 1385 1161 ἰσσὰχαρ
1424 1093 1520 1144 καὶ
1560 1091 1732 1159 φυλῆς
1767 1092 1989 1159 Νεφθα-

210 1072 281 1091 Ἣ

233 1094 297 1217 'l

342 1166 357 1197 ι’

330 1270 347 1305 κ

409 1177 573 1246 λείμ’
608 1172 676 1249 ἦς
709 1173 777 1249 ἦν
805 1178 974 1241 Κεδὲς
1005 1182 1037 1249 ἡ
1063 1179 1216 1244 πόλις
1241 1182 1491 1252 ιερατική
1517 1199 1575 1234 τε
1606 1183 1700 1235 xal.
1723 1183 1989 1252 φυγαδευ-

418 1269 598 1337 .ήριον
629 1268 728 1334 τῆς
762 1267 1073 1332 Γαλιλαίας.

471 1361 578 1424 Εἷς
600 1360 843 1426 σκηνὴν
872 1359 1032 1429 Ἰαὴλ
1061 1362 1345 1430 γυναικὸς
1364 1364 1553 1429 Χαόὲρ
1586 1363 1691 1417 τοῦ
1720 1365 1983 1420 Κιναίου.

409 1449 600 1519 Χάὃερ
630 1451 722 1503 τοῦ
759 1452 1006 1507 Κιναίου.
1053 1452 1258 1517 Υἰωνὸς
1303 1445 1460 1517 οὗτος
1500 1453 1686 1524 Ἰοθὼρ
1718 1453 1810 1506 τοῦ
1842 1471 1986 1527 γαμ-

409 1542 540 1612 ϐροῦ
591 1543 894 1607 Μωῦσέως.
952 1545 1048 1606 Ὃς
1077 1545 1196 1598 ἐκεῖ
1236 1543 1427 1617 πρώην
1455 1546 1682 1613 διάγων,
1709 1546 1983 1616 θεασάμε-

407 1649 497 1695 νος
528 1632 622 1685 τοῦ
656 1633 891 1703 πολέμου
925 1632 1021 1703 τὴν
1050 1633 1258 1701 ἔφοδον,
1294 1636 1485 1706 πόρρω
1529 1651 1633 1687 που
1666 1635 1762 1703 τῆς
1805 1635 1985 1705 μάχης

407 1724 642 1792 ἐγένετο,
683 1725 778 1778 καὶ
818 1724 918 1795 τὴν
966 1726 1165 1779 ἑαυτοῦ
1211 1725 1417 1796 σκηνὴν
1472 1724 1638 1795 ἔπηξε
1674 1727 1810 1797 πρὸς
1853 1725 1985 1799 δρῦν

406 1814 837 1883 ἀναπαυομένων
877 1814 1108 1884 πλησίον
1138 1815 1237 1886 τῆς
1265 1815 1451 1879 Κεδές.

478 1904 569 1972 Τῷ
594 1905 799 1976 Σισάρᾳ
820 1904 963 1977 ὕδωρ
997 1905 1236 1958 αἰτοῦντι
1277 1907 1419 1975 γάλα
1445 1909 1774 1979 παρέσχετο,
1808 1908 1883 1972 ὡς
1914 1907 1982 1963 ἂν

404 1996 500 2049 καὶ
533 1997 732 2066 μᾶλλον
762 1997 837 2061 ὡς
861 1997 1125 2070 εὐνοούσῃ
1162 1999 1475 2052 πιστεύσειε
1501 2017 1515 2033 ·
1556 2001 1650 2054 καὶ
1681 2000 1983 2070 καθυγραν-
2013 2031 2055 2090 Β

404 2087 541 2153 θεὶς,
577 2090 674 2142 καὶ
701 2092 813 2153 τοῖς
844 2089 1213 2161 περιϐολαίοις
1242 2091 1600 2162 θαλπόμενος,
1629 2092 1981 2163 κατενεχθείη

402 2181 539 2250 πρὸς
590 2181 776 2237 ὕπνον.
823 2183 1128 2255 Ἐθάρῤησε
1172 2183 1229 2237 δὲ
1273 2184 1373 2254 τὴν
1417 2184 1591 2255 ἀρχὴν
1651 2187 1772 2247 ταῖς
1850 2202 1983 2254 προ-

402 2272 747 2343 ὓπαρξάσαις
779 2274 1035 2338 σπονδαῖς
1061 2274 1210 2345 αὺτῷ
1233 2291 1294 2329 τε
1322 2276 1416 2330 καὶ
1446 2276 1629 2348 Χάΰερ
1656 2276 1749 2329 τοῦ
1770 2276 1973 2345 ταύτης

403 2362 618 2431 ἀνδρός.

475 2540 582 2593 Kal
619 2535 736 2612 ᾖσε
785 2542 1050 2610 Δεϐϐὠρα
1098 2544 1197 2598 καὶ
1243 2546 1441 2613 Βαράκ
1496 2546 1625 2611 υἱὸς
1675 2544 1984 2614 Ἀμᾶιγεὲμ

401 2628 470 2682 ὲν
499 2626 572 2696 τῇ
599 2630 785 2698 ἡμέρᾳ
812 2631 1039 2700 ἐκε’νῃ,
1070 2635 1378 2702 λέγοντες.
1422 2636 1509 2687 Ἐν
1542 2639 1607 2705 τῇ
1636 2636 1753 2707 θείᾳ
1790 2636 1980 2706 Γραφῇ

402 2722 596 2792 πρώτη
626 2723 723 2792 μὲν
750 2722 862 2793 ᾠδὴ
901 2726 933 2794 ή
980 2726 1038 2778 ἐν
1078 2707 1152 2797 τῇ
1188 2727 1378 2797 Ἐξὸδῳ
1401 2742 1413 2755 ’
1453 2729 1739 2798 ι’ᾼσωμεν
1767 2727 1842 2799 τῷ
1868 2731 1983 2782 Κυο

407 2814 529 2884 ρίῳ,
566 2814 791 2879 ἐνδόξως
847 2815 957 2887 γὰρ
1001 2815 1333 2882 δεδόξασται.
1379 2837 1397 2869 ι
1434 2817 1671 2888 Δευτέρα
1701 2820 1734 2888 ἡ
1766 2821 1821 2871 ὲν
1871 2821 1982 2882 τοῖς

416 2904 695 2975 ’Δριθμοϊς
743 2906 839 2958 ἐπὶ
867 2905 946 2977 τῷ
993 2909 1225 2978 φρέατι·
1258 2909 1416 2980 τρίτη
1449 2910 1508 2962 ἐν
1557 2907 1634 2979 τῷ
1662 2911 1983 2979 Δευτερονο-

406 2998 517 3068 μίῳ
544 3012 557 3027 ο
591 3016 610 3048 ι
635 2996 909 3069 Πρόσεχε,
944 3000 1163 3070 οὐρανὲ,
1199 3001 1295 3053 καὶ
1325 3001 1561 3072 λαλήσω.
1601 3020 1620 3053 ι
1644 3000 1889 3071 Τετάρτη
1925 3002 1982 3052 ἐν

399 3088 517 3150 τοῖς
543 3087 797 3159 Κριταίς,
829 3092 863 3161 ὴ
896 3092 1170 3162 παροῦσα.
1198 3093 1320 3164 Χρὴ
1346 3093 1400 3146 δὲ
1429 3093 1519 3146 τὸν
1544 3093 1817 3161 ἐφθακότα
1846 3092 1980 3145 ταύ-

400 3196 503 3248 την
531 3180 700 3251 ᾄδειν,
733 3181 851 3253 ἦτοι
894 3182 1156 3253 μέλισσαν
1202 3184 1304 3254 ἤδη
1342 3186 1627 3255 γεγονέναι
1658 3203 1670 3216 ·
1721 3181 1981 3253 Δεδϐώρα

401 3270 513 3340 γὰρ
538 3269 711 3334 οὕτως
758 3272 1127 3342 ἑρμηνεύεται
1156 3291 1168 3305 ·
1226 3275 1259 3347 ἢ
1306 3275 1726 3347 ἀναϐεϐηκέναι,
1757 3276 1883 3327 ὥστ’
1912 3274 1979 3327 ἂν

2098 600 2313 671 reliqua
2345 604 2527 658 locum
2564 612 2795 668 teneret,
2829 608 3115 663 et‘exteris
3154 608 3519 677 imperitaret.

481 700 577 756 Est
606 718 733 756 vero
760 700 910 756 labis
943 702 1083 756 ultra
1119 701 1421 759 Jordanem
1460 708 1659 776 posita.
1691 704 1849 760 Nunc
1873 722 2008 763 vero
2026 707 2183 765 vicus
2209 719 2291 766 est
2322 712 2391 767 ad
2431 714 2755 770 vicesimum
2785 717 3004 786 signum
3037 716 3068 770 ἐι
3100 716 3244 774 Pella
3273 718 3473 789 oppido
3490 719 3662 777 dissi-

352 862 363 866 δ
410 798 531 844 tus:
574 791 639 845 ad
667 792 956 861 sexaginta
994 806 1129 847 vero
1166 794 1602 852 ascendentibus
1648 794 1933 850 Gerasam.

364 886 371 897 ⁴

242 962 287 987 κ’

2160 911 2226 967 1η
2251 922 2477 970 montem
2493 915 2719 991 But/tor.
2745 918 2858 988 HV,
2874 919 2952 991 6.]
2975 920 3032 974 In
3046 919 3273 989 planitie
3298 921 3441 977 situs
3467 929 3571 986 est,
3593 920 3661 976 ad

2089 991 2366 1058 decimum
2411 1019 2441 1058 a
2492 983 2833 1085 Dio_ca:.sarea
2881 1008 3113 1077 lapidem
3147 1009 3214 1064 ab
3251 1010 3483 1066 oriente.
3525 1010 3661 1065 Ter-

2095 1096 2540 1151 minusverobic
2570 1107 2655 1152 est
2681 1100 2858 1153 tribus
2902 1099 3155 1154 Issacbar
3206 1112 3261 1155 et
3288 1100 3658 1172 Nepltthalim.

2095 1181 2154 1236 In
2181 1196 2294 1251 qua
2344 1184 2489 1238 tribu
2530 1181 2704 1239 Cedes
2730 1193 2842 1239 erat
2869 1186 2998 1240 urbs
3026 1187 3414 1255 sacerdotalis,
3451 1197 3505 1243 et
3537 1202 3661 1259 asy-

2093 1272 2203 1325 lum
2234 1271 2491 1327 Galliam.

2164 1359 2231 1413 In
2265 1362 2545 1415 tentorium
2578 1359 2703 1415 laet
2737 1365 2919 1417 uxoris
2959 1362 3137 1419 llebor
3165 1363 3363 1421 Cenwi.
3390 1364 3531 1439 [l7.]
3559 1367 3662 1421 Ne-

2091 1463 2190 1518 pos
2224 1447 2507 1506 Jethronis
2529 1453 2707 1507 soceri
2738 1452 2904 1507 Mosis
2933 1454 3023 1509 hic
3050 1462 3154 1509 est.
3185 1454 3289 1521 Qui
3329 1471 3453 1510 cum
3486 1455 3659 1510 Paulo

2091 1553 2219 1594 ante
2252 1540 2341 1593 hic
2370 1540 2499 1594 belli
2540 1554 2798 1596 eventum
2846 1551 3192 1612 spectaturus
3228 1554 3433 1615 ageret,
3468 1546 3655 1614 procul

2086 1645 2114 1683 a
2150 1646 2327 1700 pugna
2384 1633 2617 1686 exstitit.
2662 1632 2829 1703 499
2896 1632 3041 1686 Fixit
3113 1644 3297 1688 autem
3360 1635 3657 1691 tentorium

2086 1737 2245 1776 suum
2304 1722 2372 1777 ad
2421 1739 2689 1794 quercum
2749 1725 3215 1794 requiescentium
3266 1742 3433 1797 prope
3464 1726 3656 1781 Cedes.

2151 1895 2323 1953 Porro
2354 1914 2491 1953 uxor
2517 1899 2638 1969 ejus
2692 1896 2812 1955 Jael
2861 1898 3059 1957 Sisaraa
3098 1915 3294 1971 aquam
3341 1902 3545 1972 petenti
3575 1902 3658 1957 lac

2084 1990 2476 2061 praebuit,an
2534 1991 2930 2047 benevolentia:
2990 1989 3344 2048 simulatione
3392 1993 3656 2062 majorem

2082 2092 2316 2138 mereret
2343 2082 2503 2138 ﬁdem
2531 2101 2544 2138 :
2577 2098 2676 2138 nec
2709 2099 2820 2138 non
2866 2084 3243 2151 bumectatus,
3280 2086 3656 2154 stragulisque

2080 2172 2381 2230 calefactus
2447 2176 2501 2229 in
2548 2190 2806 2230 somnum
2861 2175 3230 2231 delaberetur.
3293 2176 3423 2243 Quae
3482 2177 3658 2245 ollieja

2084 2266 2270 2322 Sisara
2298 2268 2504 2338 recepit
2534 2269 2717 2322 statim
2758 2268 3007 2337 pristinis
3035 2268 3332 2323 ftederibus
3363 2283 3483 2338 qua:
3515 2270 3657 2323 inter

2082 2360 2265 2430 ipsum
2304 2369 2358 2416 et
2417 2358 2597 2414 Heber
2632 2361 2892 2414 maritum
2927 2359 3048 2429 ejus
3089 2361 3520 2415 intercesserant
3548 2358 3664 2413 fre-

2083 2460 2195 2508 tus.

2156 2543 2571 2612 Cecineruntque
2624 2541 2865 2596 Debbora
2896 2551 2943 2595 et
2984 2542 3159 2596 Barac
3205 2541 3349 2611 [ilius
3386 2542 3656 2608 Abinoem,

2082 2636 2138 2689 in
2163 2634 2256 2687 illo
2278 2634 2363 2687 die
2394 2634 2645 2689 dicentes.
2677 2633 2768 2705 Π,
2804 2632 2881 2704 1.]
2907 2633 3147 2687 Primum
3175 2635 3229 2687 in
3256 2634 3455 2688 divinis
3483 2632 3656 2687 Litte-

2081 2728 2159 2783 ris
2180 2726 2473 2799 epinicium
2500 2726 2554 2779 in
2609 2724 2796 2779 Exodo
2851 2734 2970 2779 est:
3008 2744 3027 2776 ι
3067 2724 3377 2779 Cmtemus
3419 2724 3657 2778 Domino

2081 2822 2208 2889 quia
2239 2818 2524 2886 magnifice
2560 2833 2712 2871 suam
2752 2818 3217 2886 magnificentiam
3248 2817 3497 2871 exseruit
3522 2816 3590 2868 ⁵⁸.
3632 2834 3651 2866 ι

2083 2907 2395 2963 Secundum
2429 2908 2483 2960 in
2518 2907 2794 2969 Numeris,
2829 2922 2997 2974 super
3033 2914 3197 2974 puteo
3220 2905 3284 2959 ⁵⁵.
3321 2905 3564 2958 Tertium
3600 2905 3656 2958 in

2083 3001 2508 3056 Deuteronomio
2544 3019 2557 3053 :
2595 3019 2612 3050 ι
2643 3001 2898 3062 Advorte,
2930 3000 3153 3061 crelum,
3175 3013 3299 3051 nam
3342 2998 3651 3065 loquar“.n

2080 3092 2344 3159 Quartum
2370 3093 2475 3147 hoc
2499 3109 2738 3162 prmsens
2759 3094 2810 3146 in
2830 3092 3143 3146 Judicibus.
3169 3090 3393 3159 Oportet
3416 3103 3658 3159 praecen-

2079 3191 2254 3237 torem
2300 3183 2467 3251 hujus
2499 3182 2765 3234 carminis
2797 3181 2880 3235 vel
2924 3194 3080 3249 apem
3111 3178 3303 3245 fuisse,
3333 3193 3455 3247 quae
3482 3178 3658 3232 nomi-

2080 3277 2164 3332 nis
2191 3275 2447 3330 Debborae
2478 3275 2857 3344 interpretatio
2901 3282 3004 3338 est,
3046 3282 3140 3326 aut
3176 3288 3298 3327 eum
3334 3273 3427 3342 qui
3462 3287 3659 3327 ascen-

402 3360 567 3413 αὐτὸν
612 3360 751 3417 εἶναι
801 3365 897 3417 καὶ
935 3366 1225 3436 ἀστραπήν
1251 3383 1265 3397 ο
1303 3365 1332 3418 ὃ
1374 3367 1438 3433 δὴ
1470 3369 1721 3436 σημαίνει
1748 3367 1969 3438 Βαράκ·

2088 3366 2241 3432 derit,
2303 3367 2549 3433 adeoque
2609 3366 2701 3434 qni
2756 3364 2939 3433 fulgur
2997 3365 3110 3426 sit,
3168 3361 3314 3431 quod
3379 3360 3657 3430 significat

399 3451 545 3522 ᾅδων
741 3454 1026 3518 ἐπινίκιον,
1053 3457 1412 3511 ἐκλειπόντων
1444 3457 1707 3528 βασιλέων
1736 3459 1845 3511 τῶν
1875 3476 1971 3511 πο-

2088 3459 2263 3524 Barac,
2294 3458 2387 3526 qui
2424 3471 2645 3510 carmen
2678 3454 2964 3508 victoriale
2994 3453 3162 3507 canit.

403 3541 703 3612 ρευθὲντων
742 3544 892 3607 ὁδοὺς
914 3546 1374 3616 διεστραμμένας.

471 3632 693 3703 Δηλοῖή
728 3634 884 3703 ῥῆσις
906 3651 917 3664 ·
956 3655 975 3686 ι
1017 3636 1105 3689 Ἐν
1136 3637 1214 3706 τῷ
1250 3637 1517 3708 ἄρχοντας
1550 3641 1609 3693 ὲν
1644 3637 1721 3707 τῷ
1759 3637 1973 3709 Ἰσραὴλ

399 3722 814 3791 ἀναφαίνεσθαι,
851 3743 870 3775 ι
909 3725 1004 3777 καὶ
1036 3726 1126 3778 τὸν
1157 3727 1281 3780 λαὸν
1322 3730 1506 3791 αὐτοῖς
1553 3728 1793 3782 ὑπείκειν
1818 3730 1973 3783 ἑκόν-

397 3829 487 3876 τα,
511 3813 603 3866 τὸν
629 3813 837 3885 Κύριον
876 3816 1171 3885 εὐλογεῖτε.
1216 3819 1385 3873 Ὅταν
1410 3821 1517 3892 γὰρ
1559 3822 1837 3893 συνδράμῃ
1870 3821 1970 3892 ἄρ·-

397 3922 510 3973 χων
537 3922 595 3958 τε
625 3906 853 3975 νόμιμος
884 3907 979 3961 καὶ
1003 3909 1129 3973 λαὸς
1172 3911 1451 3981 εὐπειθὴς,
1492 3911 1774 3975 δοξάζεται
1804 3912 1934 3974 θεός
1957 3930 1971 3945 ο

397 3996 458 4061 ἐξ
505 3991 566 4051 οὗ
605 3997 744 4069 ἀρχή
790 4016 848 4051 τε
900 4002 1050 4054 πᾶσα
1101 4004 1195 4055 καὶ
1239 4003 1392 4070 τάξις
1427 4005 1483 4054 ἐν
1537 4001 1614 4071 τῷ
1645 4003 1837 4056 παντί·
1880 4001 1972 4056 θά-

396 4103 554 4161 τερον
602 4089 710 4161 γὰρ
757 4088 983 4163 θατέρου
1041 4094 1243 4165 χωρὶς
1290 4094 1513 4157 ἀσθενές
1573 4110 1632 4146 τε
1702 4095 1796 4146 καὶ
1850 4094 1977 4147 ἄτα-

398 4196 543 4236 κτον.

481 4363 622 4432 Ἐγώ
645 4367 765 4434 ειμι
811 4364 890 4430 τῷ
938 4368 1136 4433 Κυρίῳ
1180 4366 1295 4435 ἐγώ
1341 4366 1744 4437 εΙμι,ᾅσομαι.
1790 4348 1976 4420 Ταῦτα

396 4458 509 4518 τοῖς
532 4455 813 4526 βασιλεῦσι
836 4456 946 4511 τῶν
969 4458 1280 4526 ἀλλοφύλων
1311 4459 1405 4512 καὶ
1430 4458 1742 4529 σατράπαις
1761 4458 1928 4529 φησίν
1953 4471 1968 4487 ⁶

395 4545 472 4608 ὡς
499 4547 559 4599 οὐ
591 4548 796 4616 τῇκὲμῇ
821 4546 1068 4616 δυνάμει,
1104 4547 1237 4600 Θεοῦ
1272 4548 1328 4601 δὲ
1368 4548 1779 4617 συνεργοῦντος,
1811 4548 1977 4618 ἐκρά-

2142 3638 2412 3694 C:eterum
2451 3624 2755 3693 versiculus
2794 3636 2918 3689 ille:
2967 3654 2984 3686 ι
3017 3634 3155 3689 Cum
3208 3632 3539 3686 defecissent
3575 3646 3657 3685 res

2072 3745 2166 3800 ges
2188 3730 2279 3799 qui
2307 3730 2359 3782 in
2390 3729 2493 3783 viis
2521 3727 2800 3796 perversis
2859 3725 3095 3795 ingressi
3143 3731 3323 3788 erant,
3360 3741 3379 3773 ι
3428 3721 3659 3803 iudicat’

2072 3818 2352 3889 principes
2373 3817 2889 3872 lsraelisitnlixisse
2937 3816 3155 3870 laudem
3216 3813 3451 3876 Domini,
3487 3829 3662 3883 popu-

2075 3911 2300 3977 lumque
2355 3908 2464 3963 illis
2515 3909 2747 3961 libenter
2825 3921 3034 3959 morem
3106 3904 3367 3976 gessisse.
3430 3903 3563 3956 Nam
3611 3905 3654 3958 si

2073 4001 2333 4070 princeps
2397 3998 2697 4068 legitimus,
2752 3998 3103 4068 populusque
3160 3996 3472 4064 morigerus
3528 4008 3662 4047 con-

2075 4100 2321 4154 currant,
2359 4091 2530 4160 gloria
2586 4090 2677 4145 Dci
2732 4093 3032 4144 enascitur.
3092 4088 3152 4143 In
3208 4103 3274 4143 eo
3325 4087 3659 4158 principium

2076 4184 2322 4238 omnium
2349 4198 2532 4238 rerum
2570 4182 2817 4252 ordoque
2853 4182 3128 4245 consistit,
3150 4194 3386 4250 quorum
3422 4179 3657 4234 alterum

2078 4278 2197 4333 sine
2230 4277 2401 4330 altero
2436 4274 2714 4328 infirmum
2773 4283 2858 4327 est
2883 4290 2944 4328 ac
2978 4288 3257 4327 mancum.

2150 4365 2261 4435 Ego
2295 4365 2523 4418 Domino
2553 4381 2763 4417 canam.
2792 4362 2893 4434 [3.]
2926 4362 3021 4417 llis
3065 4364 3128 4417 ad
3156 4377 3313 4432 reges
3333 4370 3387 4415 et
3411 4369 3660 4427 satrapas

2077 4466 2392 4513 exterorum
2422 4459 2672 4526 respicit,
2704 4464 3051 4526 testaturque
3107 4469 3215 4509 non
3259 4454 3497 4523 propriis
3528 4450 3661 4504 viri-

2075 4548 2203 4612 bus,
2236 4564 2425 4605 verum
2451 4546 2546 4601 Dei
2599 4562 2704 4617 ope
2748 4561 2847 4601 eos
2899 4560 3207 4616 superasse.
3247 4543 3350 4599 Cui
3380 4558 3542 4607 cano,
3574 4542 3658 4594 in-

396 4653 557 4705 τησα.
588 4630 657 4707 ᾮ
698 4638 791 4690 καὶ
828 4637 959 4708 ᾄδω,
997 4639 1182 4707 φησὶν,
1225 4638 1297 4701 ὡς
1340 4634 1497 4709 αἰτίῳ
1529 4638 1630 4708 τῆς
1667 4639 1843 4708 νίκης.
1878 4639 1973 4701 Ὃς

2088 4656 2266 4710 quam,
2316 4652 2646 4707 omnemque
2685 4636 2928 4691 victoriae
2990 4635 3212 4693 laudem
3285 4633 3505 4699 tribuo;
3566 4630 3662 4701 qui

280 4728 287 4731 ⁷
396 4702 494 4779 καὶ
521 4725 612 4779 τὸν
630 4702 857 4797 λισραὴλ
884 4702 1167 4791 ἐξελέξατο
1189 4768 1203 4793 ,
1247 4726 1341 4780 καὶ
1380 4702 1525 4791 ἁξιοῖ
1556 4702 1748 4780 τούτου
1776 4702 1968 4781 ’καλεῖν

2088 4702 2328 4788 lsraelem
2396 4744 2618 4800 quoque
2690 4729 2887 4799 elegit,
2956 4727 3190 4798 ejusque
3253 4726 3398 4782 Deus
3479 4724 3660 4781 vocari

397 4819 523 4872 σθαι
548 4819 703 4883 Θεός.

478 4913 581 4965 Ἐν
625 4910 704 4977 τῷ
736 4910 1174 4981 ἐκπορεύεσθαί
1200 4926 1277 4964 σε
1309 4912 1379 4964 ἐκ
1411 4911 1606 4979 Σηείρ.
1642 4909 1752 4981 Τὴν
1786 4910 1845 4975 ἐξ
1874 4912 1971 4964 Ai-

396 5002 606 5070 γύπτου
630 4995 794 5072 φησὶν
814 5003 1070 5056 ἐπάνοδον
1084 5002 1175 5055 τοῦ
1192 5000 1346 5064 λαοῦ,
1366 5003 1780 5073 προηγουμένου
1813 5005 1967 5069 Θεοῦ,

398 5093 487 5143 ὅτε
513 5091 784 5143 ἔσπευσαν
835 5092 1103 5161 ἡγεμόνες
1154 5089 1332 5160 Ἐδώμ
1361 5107 1373 5120 ·
1422 5091 1559 5160 ὅπερ
1602 5091 1831 5155 Ἀκύλας
1862 5110 1969 5164 φη-

399 5185 504 5248 σὶν,
536 5183 984 5252 ἐκλονήθησαν.

469 5275 579 5328 Καί
634 5291 700 5344 γε
726 5273 984 5341 οὐρανὸς
1014 5273 1310 5342 ἐταράχθη
1348 5289 1360 5302 ·
1408 5274 1463 5326 αἱ
1488 5274 1777 5343 ἁγγελικαὶ
1805 5276 1969 5331 δυνά-

401 5382 523 5433 μεις
545 5367 624 5429 εἰς
663 5366 762 5434 τὴν
789 5365 928 5433 ὑπὲρ
953 5364 1049 5416 τοῦ
1078 5364 1593 5436 λαοῦαδιανέστησαν
1630 5368 1967 5437 συμμαχίαν.

396 5456 688 5511 Θεοδοτίων
741 5455 798 5508 δέ
849 5473 1036 5525 φησιν,
1082 5457 1342 5520 Ἕσταξὲ
1393 5458 1675 5525 δρόσους.
1711 5459 1993 5535 Ὂ-δηλοῖ

398 5545 459 5600 τὸ
501 5547 632 5601 Ἐπὶ
669 5547 777 5600 τὸν
814 5547 969 5601 λαὸν
1011 5547 1182 5612 ἔλεος
1226 5548 1330 5601 τοῦ
1370 5550 1539 5603 Θεοῦ.
1584 5550 1694 5602 Καὶ
1725 5532 1974 5619 αἱθνεφέ-

404 5639 589 5705 λαιδὲ,
630 5638 1048 5708 φησ“ιν,έσταξαν
1090 5639 1253 5709 ὓδωρ.
1300 5640 1578 5710 Ἐπήγασε
1615 5643 1720 5713 γὰρ
1748 5641 1969 5709 διψῶντι

467 5816 519 5849 ⁵⁸
555 5815 726 5870 Exod.
798 5830 884 5884 xv,
916 5817 960 5870 ι.

2074 4823 2355 4892 dignatur.
2806 4879 2813 4885 ,

2165 4913 2296 4969 Cum
2352 4913 2524 4967 exires
2585 4929 2612 4966 e
2657 4912 2793 4967 Seir.
2849 4908 2951 4984 [4.]
2999 4910 3310 4966 Rcditionis
3368 4908 3553 4978 populi
3594 4925 3660 4963 ex

2081 5003 2338 5074 Aigypto,
2398 5018 2564 5072 quam
2621 5002 2734 5056 Deo
2790 5000 3043 5057 fecerunt
3079 5002 3325 5070 auspice,
3389 4999 3657 5053 meminit.

2080 5087 2313 5155 Quando
2343 5091 2622 5160 principes
2673 5090 2847 5144 Edom
2889 5106 2985 5145 eos
3034 5089 3292 5146 insectati
3322 5096 3469 5141 sunt.
3504 5085 3660 5151 Quod

2078 5167 2275 5251 Aquila
2312 5182 2604 5252 exprimit:
2631 5180 2893 5237 Concussi
2924 5190 3071 5235 sunt.

2142 5273 2345 5328 Cottum
2375 5290 2502 5328 sane
2537 5285 2858 5327 commotum
2904 5262 3004 5335 est,
3051 5281 3159 5327 etc.
3194 5271 3377 5339 Copiae
3402 5268 3661 5339 angelica:

2069 5366 2123 5419 in
2155 5367 2421 5420 auxilium
2460 5365 2649 5435 pepuli
2674 5365 3118 5427 insurrexerunt.
3148 5359 3497 5415 Theodotiou
3529 5374 3660 5414 vero

2078 5460 2280 5529 inquit,
2314 5456 2438 5511 Illis
2470 5457 2764 5511 destillauit
2820 5468 3016 5520 rorem,
3062 5454 3208 5524 quod
3246 5451 3388 5506 idem
3433 5466 3495 5505 ac
3527 5450 3657 5504 illud

2082 5561 2204 5607 est:
2255 5549 2423 5615 Super
2448 5547 2640 5618 populo
2685 5537 3053 5601 misericordia
3109 5542 3223 5597 Dei.
3277 5542 3365 5596 Ait
3414 5542 3563 5597 item.
3605 5552 3659 5595 et

2083 5644 2256 5700 nubes
2284 5644 2564 5699 stillarum
2622 5654 2826 5711 aquas;
2886 5635 3095 5693 sitienti
3128 5634 3273 5689 enim
3299 5634 3496 5705 popqu
3536 5633 3656 5690 fou-

1070 5813 1298 5869 “Num.
1334 5817 1564 5882 xxt,18.
1643 5817 1689 5849 "
1712 5816 1869 5873 Deut.
1907 5834 2081 5886 xxxii,
2125 5820 2176 5877 1.
