4018 6230
348 355 483 420 1053

1353 357 1893 418 COMMENTAHII
1941 359 2022 419 ΙΝ
2058 356 2399 419 JUDICES.

3447 363 3588 432 1054

354 468 656 535 Ἐξέλειπον
675 465 754 533 δὲ,
783 467 938 538 φησὶ,
963 466 1219 538 Φαραζὰν
1241 467 1298 525 ὲν
1329 468 1712 540 Ἰσραὴλ,ὄπερ
1740 471 1914 539 ἑρμη-

2030 469 2225 538 inquit,
2253 467 2543 522 Pharazon
2571 465 2624 520 in
2659 467 2891 534 Israelc,
2931 469 3076 539 quod
3106 469 3162 538 si
3185 470 3586 543 interpreteris,

337 559 553 612 νεύεται
582 557 848 619 δυνατοὶ,
901 557 1062 629 μέχρι
1111 557 1425 628 Δεϐϐώρας.
1472 559 1528 612 Ὀ
1547 560 1603 612 δὲ
1632 559 1909 631 Σαμεγὰρ,

337 649 618 719 πάροικος
643 649 791 720 δηλοῖ
800 662 821 681 ··
840 649 1000 703 Ἀνὰθ
1018 649 1095 715 δὲ,
1118 651 1496 717 ταπείνωσις,
1521 651 1552 723 ἢ
1572 652 1909 720 ἀπόκρισις·

349 741 494 812 Ἰαὴλ
518 741 594 804 δὲ,
623 741 940 804 ἀνάϐασις.
983 739 1383 794 Ἦνίκα-ιὼίνυν
1416 742 1639 812 γένηταί
1661 759 1744 824 ςιις
1772 742 1914 814 πάρ-

343 845 499 897 οικος
538 833 632 886 τοῦ
666 833 780 902 βίου
807 832 900 886 τοῦ
929 833 1199 909 παρόφς
1220 872 1236 898 ,
1267 835 1383 896 υἱὸς
1409 833 1483 887 ὢν
1513 839 1614 906 τῆς
1646 833 1913 888 ταπεινώ-

342 942 501 986 σεως,
549 925 692 976 κατὰ
758 922 849 976 τὸν
898 924 1165 978 εἰπόνταο
1215 941 1233 976 ι
1263 926 1479 986 Μάθετε
1511 926 1606 978 ἀπ’
1639 924 1775 995 ἐμοῦ
1830 926 1914 978 ὅτι

341 1017 519 1084 πρᾶός
560 1017 673 1083 εἰμι
746 1016 839 1066 καὶ
863 1015 1115 1078 ταπεινὸς
1143 1018 1209 1086 τῇ
1251 1017 1470 1086 καρδίᾳ,
1495 1035 1513 1066 ι
1547 1017 1643 1068 καὶ
1669 1016 1821 1085 τύχοι
1848 1015 1914 1067 δι’

343 1105 514 1172 αϋῖῆε
541 1105 888 1166 ἀναϐάσεως·
925 1104 1044 1167 ὁδὸς
1092 1107 1196 1176 γὰρ
1223 1105 1536 1176 ὑψώσεωςή
1564 1107 1912 1169 ταπείνωσις·

345 1199 538 1261 ίθεωρεῖ
577 1213 666 1246 κα.
725 1198 850 1257 τοὺς
879 1195 1243 1265 πορευθέντας
1276 1197 1717 1267 διεστραμμένας
1762 1197 1917 1261 ὁδοὺς

347 1288 582 1354 ρισιλεῖς
611 1287 1068 1355 ὲκλιμπάνοντας,
1116 1287 1250 1356 πρὸς
1296 1287 1386 1350 οὒς
1433 1290 1564 1358 ἡμῖν
1589 1291 1620 1358 ἠ
1648 1289 1822 1357 πάλη,
1853 1289 1914 1340 οὐ

390 1381 476 1446 ρλις
527 1373 660 1442 αἷμα
710 1380 802 1429 καὶ
847 1378 1044 1446 σάρκα.
1079 1379 1174 1440 Ὃς
1208 1377 1297 1430 καί
1347 1396 1480 1448 φησι
1525 1397 1537 1409 ’
1594 1399 1612 1430 ι
1641 1380 1917 1448 Πάροικός

346 1485 367 1516 ε
399 1484 458 1532 ,αι
507 1465 616 1532 ἐγὼ
682 1468 774 1518 καὶ
822 1467 1264 1536 παρεπίδημος.»
1335 1469 1464 1531 Καὶ,
1512 1486 1529 1515 ι
1561 1470 1675 1520 Οὐκ
1724 1469 1919 1536 ἔχομεν

346 1553 444 1607 (ᾍόε
504 1559 769 1624 μένουσαν
819 1557 998 1621 πόλιν,
1049 1560 1186 1613 ἀλλὰ
1234 1559 1330 1630 νὴν
1379 1560 1683 1630 μέλλουσαν
1731 1560 1921 1630 ἐπιζη-

346 1665 568 1718 τουμεν.
594 1666 614 1700 ι

420 1741 545 1791 Ὅτι
575 1739 684 1804 ἕως
721 1738 1020 1808 ἐξανέστη
1039 1741 1235 1810 μήτηρ
1273 1743 1344 1796 ἐν
1389 1740 1470 1807 τῷ
1508 1741 1777 1809 Ἰσραήλ.
1811 1741 1922 1808 Τὴν

2023 569 2260 630 potentes
2328 566 2512 627 sonat,
2564 559 2630 613 ad
2696 559 3004 614 Debboram
3061 577 3260 632 usque.
3317 563 3588 620 Caeterum

2021 649 2256 722 Samgar
2294 651 2494 704 advena
2533 649 2838 721 signiﬁcat;
2872 650 3050 706 Anath
3102 664 3283 709 autem
3316 654 3590 724 humilitas

2015 739 2132 795 Jael
2195 755 2324 794 vero
2366 743 2628 794 ascensio.
2691 741 2925 807 Quando
2978 743 3145 813 igitur
3187 745 3314 814 quis
3381 747 3588 800 advena

1979 853 1982 856 ·
2015 832 2071 885 in
2128 832 2232 885 hac
2284 832 2541 903 prmsenti
2573 833 2706 895 vita,
2747 833 3002 903 liliusque
3045 835 3371 892 humilitatis
3405 837 3591 904 fuerit,

1959 969 1965 977 .
2015 940 2086 979 eo
2137 925 2304 978 modo
2328 939 2438 994 q-uo
2485 924 2608 994 ipse
2642 925 2814 979 dictat
2859 943 2871 979 :
2925 945 2944 977 ‹
2982 926 3190 983 Discite
3242 942 3271 982 a
3321 944 3406 983 me
3444 931 3590 999 quod

2017 1018 2168 1072 mitis
2233 1033 2356 1072 sum
2419 1025 2475 1071 et
2515 1019 2688 1072 corde
2749 1019 2974 1074 humilis
3003 1021 3043 1052 °'
3084 1039 3098 1075 :
3138 1039 3157 1073 ι
3215 1023 3593 1077 ascensionem

2017 1123 2088 1162 ea
2139 1122 2508 1177 consequetur
2533 1126 2552 1176 ;-
2583 1110 2944 1166 sublimitatis
3001 1111 3147 1164 enim
3179 1113 3267 1166 via
3315 1113 3596 1180 humilitas

2017 1207 2120 1252 est.
2159 1197 2310 1252 Videt
2338 1215 2558 1268 quoque
2614 1215 2768 1269 reges
2832 1217 2927 1270 per
2979 1196 3408 1271 obliquas‘vias
3463 1219 3595 1274 pron

2021 1286 2193 1341 lectos
2259 1288 2516 1353 deiicere,
2569 1304 2691 1342 cum
2729 1290 2952 1357 quibus,
2999 1306 3110 1344 non
3170 1307 3293 1346 cum
3337 1307 3503 1347 carne
3544 1303 3598 1348 et

2020 1380 2305 1448 sanguine,
2337 1382 2481 1433 lucta
2514 1381 2733 1434 exsistit
2753 1383 2813 1436 θ’,
2841 1381 2942 1446 Qui
2977 1383 3168 1446 etiam,
3198 1383 3397 1451 inquit,
3424 1401 3442 1433 ι
3482 1381 3596 1435 Ad-

2021 1488 2160 1526 vena
2215 1487 2340 1526 sum
2387 1487 2488 1541 ego
2545 1487 2609 1526 ac
2666 1474 2992 1542 peregrinus
3017 1472 3088 1525 ".
3127 1491 3147 1524 ι
3203 1472 3386 1526 Item:
3419 1490 3438 1523 ι
3480 1471 3626 1526 Non-

2023 1563 2288 1616 habeinus
2313 1561 2401 1614 hic
2433 1562 2594 1614 lixam
2623 1564 2834 1628 urbem,
2866 1577 3056 1617 verum
3079 1560 3326 1616 futuram
3360 1559 3596 1630 inquiri-

2022 1669 2147 1707 mus
2177 1652 2242 1705 “.
2286 1670 2306 1704 ι

2093 1742 2353 1807 Quoniam
2367 1739 2529 1795 donec
2557 1743 2782 1794 surrexit
2806 1731 2974 1794 mater
2997 1741 3048 1794 in
3069 1738 3259 1804 Israel,
3278 1747 3387 1794 etc.
3409 1737 3496 1810 [ιι
3517 1737 3601 1809 7.]-

346 1831 455 1900 πρδ
484 1831 670 1899 αὐτῆς,
715 1833 920 1902 μητρὸς
952 1834 1156 1903 τρόπον
1206 1835 1533 1904 ἐπεχούσης,
1587 1834 1916 1888 πολιτευσα-

2030 1833 2230 1888 Statum
2265 1833 2482 1888 lsraelis
2545 1834 2857 1903 pristinum,
2897 1843 3195 1902 antequam
3273 1840 3448 1886 mater
3491 1832 3596 1884 im-

349 1923 522 1992 μένην
545 1923 797 1976 ἀσέϐειαν
829 1925 888 1976 ὲν
924 1923 1003 1992 τῷ
1050 1924 1264 1995 Ἰσραὴλ
1302 1926 1591 1996 διηγεῖται.

433 2011 748 2086 ᾙρέτισαν
792 2012 968 2078 θεοὺς
992 2013 1230 2078 κενοὺς,
1264 2014 1345 2080 ὡς
1391 2015 1576 2084 ἄρτον
1626 2017 1913 2084 κρίθινον.

348 2107 558 2176 Ὥσπερ
579 2107 686 2175 γὰρ
704 2107 770 2160 ἄν
797 2123 881 2168 τις
913 2105 1116 2159 σιτίνου
1148 2107 1556 2177 παρακειμένου
1573 2106 1764 2178 ἄρτου,
1783 2126 1919 2179 καχ-

347 2196 501 2262 εξίαν
530 2197 724 2262 νοσῶν,
759 2197 1056 2268 exussum
1087 2197 1331 2268 κρίθινον
1352 2215 1366 2230 ο
1387 2197 1529 2252 οὕτω
1554 2197 1652 2252 τοῦ
1684 2197 1919 2271 ἀληθοῦς

346 2287 483 2341 Θεοῦ
513 2288 639 2352 τοὺς
666 2287 929 2358 ματαίους
957 2287 1288 2344 ὰνθείλοντο.

420 2487 622 2557 Σκέπη
648 2485 942 2542 νεανίδων
970 2487 1406 2557 σειρομαστῶν,
1447 2489 1558 2544 ἐὰν
1612 2489 1770 2558 ὀφθῇ
1799 2505 1926 2543 σει-

343 2577 654 2648 ρομὰστης
668 2577 736 2630 ἐν
751 2584 809 2646 μ’
835 2577 1108 2648 χιλιάσιν
1125 2579 1194 2631 ἐν
1210 2578 1290 2643 τῷ
1319 2577 1597 2647 Ἰσραὴλ,
1620 2580 1658 2647 ἡ
1707 2579 1926 2645 καρδία

343 2688 464 2739 μου
493 2669 588 2722 ἐπὶ
610 2671 680 2723 τὰ
698 2671 1026 2740 τεταγμένα
1052 2670 1132 2736 τῷ
1154 2671 1427 2739 Ἰσραήλ.
1467 2671 1680 2740 Ὥσπερ
1709 2671 1737 2722 ὁ
1768 2670 1929 2740 ἄρτος

351 2761 379 2812 ὁ
401 2760 660 2829 κρίθινος,
687 2763 834 2831 καὶὴ
864 2762 970 2814 ἀπὸ
1006 2762 1278 2830 γυναικῶν
1307 2763 1364 2814 ἐν
1398 2761 1620 2831 πολέμῳ
1653 2761 1829 2831 σκέπη
1861 2763 1928 2815 δι’

350 2854 598 2924 ὀργάνων
624 2853 934 2924 πολεμικῶν
983 2853 1218 2926 ἀσθενής
1247 2855 1394 2908 ἐστιν
1420 2871 1433 2885 ·
1487 2854 1661 2918 οὕτως
1685 2857 1840 2918 ἐλπὶς
1869 2858 1928 2908 ὲν

353 2947 613 3011 εἰδώλοις.
653 2943 747 3008 Οἷς
774 2949 822 2998 oi
853 2946 1223 3011 πιστεύοντες,
1263 2949 1369 3002 κᾶν
1391 2941 1524 3001 ὦσιν
1553 2949 1768 3001 ὁπλῖται
1800 2951 1931 3000 πολ-

351 3040 436 3091 λο)⁸
466 3040 586 3091 κατ’
642 3038 857 3110 Ἰσραὴλ
889 3039 1293 3108 συνιστάμενοι,
1359 3038 1625 3110 ὴκαρδία
1692 3056 1790 3107 μου
1847 3040 1930 3108 ἐφ’

357 3129 501 3199 ἅπερ
548 3129 736 3194 ἔταξεν
766 3131 793 3181 ὁ
823 3129 955 3193 Θεὸς
999 3129 1076 3200 τῷ
1107 3129 1222 3198 λαῷ
1247 3147 1261 3161 ’
1284 3128 1523 3194 ἐλπίζειν
1572 3131 1664 3183 ἐπὶ
1697 3130 1925 3201 Κύριον,

359 3219 646 3288 φυλάττειν
663 3220 757 3280 τὰς
786 3218 1004 3282 ἐντολὰς
1022 3219 1208 3278 αὑτοῦ,
1238 3221 1330 3272 καὶ
1373 3221 1445 3290 μὴ
1477 3219 1758 3290 λατρεύειν
1787 3221 1929 3282 Osci;

357 3311 588 3378 ἑτέροις,
615 3311 706 3363 καὶ
728 3311 826 3363 ὅσα
854 3309 931 3380 τῷ
961 3309 1110 3381 νόμῳ
1138 3309 1427 3380 διείρηται.
1456 3305 1555 3364 ’Ὧν
1581 3313 1712 3380 ἡμῖν
1735 3311 1936 3379 φυλατ-

357 3401 622 3469 τομένων,
647 3401 808 3464 αὐτὸς
843 3400 1145 3470 πολεμήσει
1178 3401 1317 3468 ὑπὲρ
1339 3404 1370 3470 ἡ
1382 3401 1518 3468 μῶν.
1553 3402 1634 3453 Τὰ
1665 3401 1774 3468 γὰρ
1796 3401 1935 3454 ὅπλα

358 3489 537 3558 ἡμῶν,
569 3489 629 3540 οὐ
659 3489 920 3558 σαρκικὰ,
950 3488 1090 3541 ἀλλὰ
1133 3489 1513 3557 πνευματικά(
1542 3507 1559 3540 ι
1589 3490 1662 3541 Οὐ
1695 3491 1802 3559 γὰρ
1838 3507 1934 3558 φο-

361 3581 674 3652 ϐηθήσομαι
727 3581 834 3634 ἀπὸ
889 3581 1167 3654 μυριάδων
1216 3581 1369 3645 λαοῦ,
1423 3581 1532 3632 τῶν
1581 3580 1765 3650 κύκλῳ
1815 3598 1938 3632 συν-

361 3672 757 3741 επιτιθεμένων
797 3690 905 3741 μοι.
947 3691 966 3723 ι
999 3673 1079 3725 Τὰ
1110 3672 1218 3743 γὰρ
1270 3672 1579 3741 τεταγμένα
1629 3671 1935 3740 φθέγξομαι

361 3762 440 3833 τῷ
481 3763 728 3833 Ἰσραήλο
794 3781 812 3815 ι
848 3763 1104 3828 ’Δνάστα,
1137 3764 1310 3836 Κύριε
1332 3805 1345 3829 ,
1380 3763 1552 3816 σῶσόν
1609 3780 1698 3832 με,
1747 3765 1774 3815 ὁ
1807 3763 1938 3825 θεός

366 3873 489 3928 μου.
516 3874 535 3908 ι

439 3971 504 4022 οι
533 3967 826 4044 βυνάσται
846 3968 952 4022 τοῦ
981 3967 1160 4029 λαοῦ,
1200 3968 1504 4037 εὐλογεῖτε
1541 3968 1651 4022 τὸν
1690 3969 1936 4036 Κύριον,

365 4053 667 4126 φάσκοντες
689 4073 702 4084 ·
743 4073 762 4107 ι
797 4057 890 4108 Ἐν
912 4055 990 4126 τῷ
1023 4055 1140 4126 Θεῷ
1196 4057 1497 4126 ποιήσομεν
1540 4056 1808 4128 δύναμιν,
1844 4057 1940 4110 καὶ

365 4148 528 4202 αὐτὸς
556 4149 901 4214 ὲξουδενὼσει
927 4149 1052 4212 τοὺς
1076 4149 1356 4224 θλίϐοντας
1384 4151 1558 4219 ἡμᾶς.
1593 4169 1612 4202 ι

337 4303 347 4311 .
453 4261 896 4328 Ἐπιϐε-ϐηκότες
922 4259 1021 4314 ἐπὶ
1055 4261 1389 4331 ὑποζυγίων
1453 4261 1552 4314 ἐπὶ
1599 4259 1939 4329 λαμπινῶν,

367 4351 693 4419 καθήμενοι
719 4352 816 4404 ἐπὶ
861 4351 1204 4420 κριτήριον,
1252 4352 1351 4406 καὶ
1399 4354 1790 4422 πορευόμενοι
1850 4352 1941 4422 ἐφ’

369 4442 516 4508 ὀδῷ,
574 4444 916 4513 φθέγξασθε
969 4445 1198 4513 φωνήν.
1261 4447 1322 4498 Ol
1377 4446 1671 4510 δυνάσται,
1739 4446 1939 4516 φησὶν,

2017 1924 2238 1994 pietatis
2267 1923 2646 1991 gubernacula
2670 1924 2931 1987 inhibuit,
2959 1923 3211 1994 exponit.

2090 2013 2366 2083 Elegerunt
2388 2015 2511 2068 deos
2543 2016 2746 2075 inanes,
2769 2015 3208 2085 quemadmodum
3244 2029 3434 2082 panem
3469 2012 3596 2066 [toro

2019 2106 2284 2161 deaceum.
2338 2105 2812 2172 Quemadmodum
2880 2107 3028 2160 enim
3073 2106 3122 2162 si
3162 2107 3288 2177 quis
3326 2103 3596 2161 stomachi

2021 2199 2291 2253 cruditate
2323 2199 2556 2263 laboret,
2595 2199 2981 2268 triticeumque
3018 2213 3214 2269 panem
3239 2213 3410 2268 prope
3432 2211 3491 2252 se
3513 2195 3600 2265 ja-

2022 2299 2234 2344 centem
2282 2306 2378 2359 pro
2407 2290 2711 2346 hordeaceo
2738 2291 3182 2356 eommutaverit,
3223 2291 3314 2352 ita,
3334 2304 3435 2360 pro
3468 2302 3598 2346 vero

2025 2380 2134 2440 Deo
2163 2396 2334 2435 vanos
2362 2381 2668 2450 elegerunt.

2099 2489 2210 2543 Nec
2239 2489 2469 2560 clypeus,
2505 2507 2596 2544 nec
2624 2493 2779 2546 hasta
2825 2492 2938 2545 visa
2982 2502 3100 2545 sunt
3148 2493 3203 2545 in
3240 2491 3596 2560 quadraginta
3701 2510 3710 2520 ·

2027 2577 2260 2631 millibus
2309 2576 2550 2631 Israelis.
2578 2577 2683 2631 Cor
2709 2596 2880 2632 meum
2917 2578 2986 2632 ad
3021 2579 3278 2646 prwsides
3306 2578 3480 2647 lc'gum
3507 2579 3600 2648 qui

2027 2673 2148 2716 sunt
2187 2666 2239 2716 in
2277 2663 2504 2728 lsraele,
2540 2672 2646 2718 etc.
2692 2663 2796 2736 [8.1,
2843 2666 3316 2731 Quemadmodum
3356 2665 3595 2718 hordea-

2029 2769 2158 2808 ceus
2185 2757 2364 2824 panis,
2397 2767 2448 2809 et
2490 2759 2760 2825 protectio
2792 2757 3078 2810 muliebris
3111 2771 3206 2825 per
3261 2757 3604 2811 instrumen-

2033 2855 2083 2900 ta
2119 2847 2310 2898 bellica
2340 2849 2392 2899 in
2420 2847 2665 2900 hello'est
2693 2847 2932 2910 inlirma,
2961 2847 3033 2899 ita
3065 2861 3190 2914 spes
3221 2862 3345 2916 quze
3380 2847 3434 2899 in
3476 2845 3596 2898 ido-

2034 2938 2096 2990 lis
2125 2937 2362 3004 ponitur.
2411 2936 2622 3001 Quibus
2669 2938 2761 3005 qui
2812 2937 3006 2998 lidunt,
3046 2939 3148 2990 etsi
3191 2935 3467 3005 frequenti
3496 2951 3600 2989 nu-

2035 3039 2184 3078 mero
2203 3037 2254 3076 et
2277 3025 2445 3077 armis
2466 3036 2659 3080 contra
2681 3025 2938 3078 Israelem
2975 3025 3284 3093 insurgunt,
3310 3041 3404 3079 cor
3425 3039 3602 3079 meum

2036 3116 2104 3170 iis
2147 3132 2270 3184 qua:
2323 3115 2464 3169 Deus
2519 3117 2718 3184 populo
2769 3117 2949 3169 sanxit
3009 3117 3303 3183 intentum,
3337 3124 3523 3186 sperat
3553 3117 3606 3169 in

2035 3206 2286 3268 Domino,
2361 3207 2725 3276 mandataque
2801 3209 2974 3277 ipsius
3036 3208 3314 3274 observat,
3362 3223 3460 3261 nec
3502 3207 3610 3262 diis

2037 3300 2158 3352 aliis
2195 3302 2390 3364 servit,
2429 3301 2646 3368 aliaque
2678 3315 2800 3369 quae
2846 3304 2960 3369 lege
3005 3300 3294 3353 interdicta
3329 3308 3456 3352 sunt
3500 3312 3607 3350 non

2036 3390 2189 3443 facit.
2250 3389 2379 3454 Qua:
2425 3391 2468 3444 si
2513 3391 3012 3454 observaverimus,
3044 3390 3187 3444 Deus
3215 3390 3476 3458 pugnabit
3510 3403 3610 3458 pro

2037 3481 2212 3536 nobis.
2240 3483 2402 3534 Arma
2431 3482 2578 3536 enim
2615 3493 2802 3537 nostra
2837 3498 2940 3535 non
2967 3498 3190 3546 carnea,
3237 3497 3425 3536 verum
3449 3481 3612 3549 spiri-

2037 3574 2206 3628 tualia
2239 3578 2390 3628 Sunt.
2417 3573 2574 3639 Nam,
2613 3591 2631 3624 ι
2664 3573 2781 3627 Non
2816 3581 3061 3627 metuero
3085 3589 3113 3626 a
3143 3571 3484 3642 myriadibus
3511 3586 3610 3641 po-

2040 3666 2294 3734 pulorum
2330 3665 2427 3733 qui
2468 3680 2552 3719 me
2590 3666 2957 3719 circumstant
2987 3667 3054 3719 “.
3094 3684 3111 3717 ι
3158 3665 3376 3734 Loquar
3409 3665 3610 3718 etenim

2037 3759 2220 3812 lsraeli
2259 3759 2574 3812 constituta.
2610 3777 2628 3809 ι
2660 3758 2836 3827 Surge
2866 3758 3032 3827 igitur
3058 3765 3111 3812 et
3140 3771 3299 3812 serva
3333 3771 3440 3822 me,
3469 3754 3612 3810 Deus

2041 3865 2197 3903 meus
2225 3849 2292 3900 ⁸⁸.

2110 3962 2381 4032 Principes
2412 3963 2612 4030 populi,
2632 3961 2852 4018 laudate
2883 3962 3192 4019 Dominum.
3228 3962 3332 4036 [9.]
3359 3963 3458 4019 His
3490 3981 3614 4021 ver-

2042 4055 2152 4120 bis,
2197 4073 2215 4106 ι
2261 4055 2448 4108 Divina
2482 4055 2681 4109 virtute
2752 4057 2984 4110 virtutes
3019 4056 3266 4122 edemus,
3291 4066 3346 4112 et
3380 4057 3496 4128 ipse
3519 4073 3624 4112 an-

2043 4147 2296 4202 nihilabit
2332 4154 2571 4202 tortores
2603 4156 2826 4202 nostros
2853 4148 2917 4201 ⁸⁷.
2962 4165 2982 4198 ι

2126 4259 2272 4313 Vecti
2299 4259 2460 4314 mulis
2493 4260 2704 4325 nitidis,
2747 4261 2837 4329 qui
2867 4259 3167 4331 prazsidetis
3214 4262 3495 4328 tribunali,
3525 4263 3617 4333 qui

2043 4367 2133 4421 per
2165 4352 2364 4412 itinera
2418 4352 2687 4416 inceditis,
2730 4360 2982 4406 enarrata
3025 4351 3158 4406 haec.
3194 4350 3332 4425 [ιιι]
3357 4351 3620 4406 Potentes

2043 4443 2234 4508 lsrael,
2266 4443 2464 4512 inquit,
2513 4453 2566 4496 et
2601 4443 2695 4511 qui
2737 4442 2791 4496 in
2833 4443 3033 4498 itinere
3065 4443 3265 4512 populo
3292 4444 3620 4514 praiceditis,

382 4534 620 4606 Ἰσραὴλ,
662 4538 756 4588 καὶ
791 4537 1258 4607 προπορευόμενοι
1286 4538 1341 4589 ὲν
1367 4536 1471 4607 ὁδῷ
1498 4537 1588 4590 τοῦ
1649 4537 1802 4600 λαοῦ,
1847 4539 1928 4590 καλ

2043 4534 2243 4603 quique
2273 4534 2487 4604 judicio
2518 4533 2658 4589 estis
2702 4535 2972 4604 praefecti,
3009 4543 3269 4606 tanquam
3298 4551 3463 4606 super
3504 4537 3618 4606 lyra

371 4628 466 4678 ἐπὶ
489 4627 550 4680 τὸ
571 4627 772 4696 κρίνειν
822 4629 1172 4698 τεταγμένοι,
1198 4629 1272 4692 ὼς
1300 4628 1358 4681 ἐν
1380 4645 1488 4682 τινι
1521 4628 1660 4700 λύρᾳ
1693 4630 1792 4700 τὴν
1822 4631 1943 4682 ἑπι-

372 4717 543 4771 νίκιον
572 4718 716 4790 ᾠδὴν
742 4719 1133 4791 ἀνακρούεσθε.

445 4830 602 4882 Ἐκεῖ
629 4829 892 4885 δώσουσι
911 4831 1310 4900 δικαιοσύνην
1333 4833 1545 4900 Κυρίῳ.
1585 4833 1736 4886 Ἐκεῖ
1755 4850 1768 4864 ο
1811 4832 1935 4898 ποῦς

381 4921 551 4974 Ἔνθα
608 4923 825 4976 πάντων
870 4923 1310 4993 εὐφραινομένων
1339 4927 1372 4994 ή
1401 4926 1651 4978 κατοικία
1683 4927 1740 4977 ὲν
1767 4922 1937 4994 αὐτῷ.

380 5027 402 5063 ι
424 5012 500 5064 Οὐ
535 5011 642 5080 γὰρ
674 5013 790 5066 ἔστι
811 5014 1024 5084 χαίρειν
1052 5016 1164 5077 τοῖς
1191 5015 1438 5079 ἀσεϐέσι,
1465 5033 1483 5066 ι
1524 5015 1672 5084 λέγει
1717 5015 1940 5085 Κύριος.

377 5103 490 5170 (51)
533 5102 666 5155 Οὐδὲ
715 5103 976 5158 δώσουσιν
1039 5107 1098 5158 ὲν
1160 5105 1419 5176 συνεδρίῳ
1470 5105 1814 5176 ἁμαρτωλῶν
1866 5105 1943 5161 δι-

377 5193 669 5264 καιοσύνην
695 5195 904 5265 Κυρίῳ.
949 5215 968 5248 ι
1003 5197 1126 5250 Ἐπὶ
1166 5196 1276 5268 γὰρ
1329 5197 1419 5250 τὸν
1461 5198 1733 5269 ἰσραὴλή
1766 5215 1942 5267 μεγα-

378 5285 680 5357 λοπρέπεια
711 5287 896 5353 αὑτοῦ,
932 5289 1028 5343 καὶ
1052 5292 1085 5361 ἡ
1105 5291 1335 5362 δύναμις
1353 5290 1524 5345 αὐτοῦ
1549 5293 1609 5345 ὲν
1637 5294 1757 5356 ταῖς
1786 5292 1948 5363 νεφέ-

453 5461 893 5538 ff_Matth._x1,
943 5464 1034 5521 29.
1109 5466 1187 5538 7“
1238 5465 1438 5538 Εριτςε·
1469 5484 1547 5538 νιν
1589 5469 1679 5530 43-

376 5531 431 5566 u
462 5533 595 5588 ibid,
667 5535 716 5566 ετ
775 5531 917 5589 Psal.
952 5551 1071 5603 ιιι,
1101 5537 1191 5595 li.
1266 5531 1311 5570 ⁸³
1371 5535 1474 5592 lsa.
1511 5531 1695 5609 ιίινιιι,
1724 5540 1815 5597 2|.

1783 5470 1829 5504 “
1862 5467 2011 5530 Psal.
2049 5489 2277 5544 xxxvm,
2315 5476 2404 5532 15.

2050 4626 2282 4696 quadam
2313 4639 2534 4680 carmen
2563 4627 2843 4682 victoriale
2876 4627 3108 4697 pulsate.

2120 4842 2206 4897 Ibi
2229 4845 2460 4900 tribuent
2479 4844 2750 4913 justitiam
2776 4842 3024 4899 Domino.
3060 4841 3199 4916 [H.j
3222 4843 3299 4899 lbi
3325 4841 3621 4908 inimirum,

2035 4936 2127 4991 ubi
2167 4938 2427 4990 omnibus
2461 4935 2781 4991 laetantibus
2814 4936 2869 4990 in
2895 4938 3016 5005 ipso
3053 4935 3216 4990 sedes
3247 4944 3352 4990 est.
3383 4953 3401 4986 ι
3439 4932 3624 4999 lmpiis

2030 5028 2176 5083 enim
2204 5044 2313 5083 non
2357 5028 2484 5083 licet
2519 5029 2784 5100 gaudere,
2824 5047 2842 5079 ι
2885 5028 3064 5096 inquit
3091 5026 3358 5081 Dominus
3399 5024 3466 5077 ⁸⁸.
3506 5023 3618 5077 Nec

2045 5119 2102 5174 in
2133 5133 2398 5175 consessu
2430 5128 2780 5190 peccaturum
2801 5120 3072 5191 justitiam
3101 5117 3332 5171 Domino
3355 5114 3618 5166 tribuent-

2054 5225 2075 5260 ι
2108 5206 2242 5262 Nam
2287 5225 2456 5279 super
2495 5209 2754 5265 lsraelem
2805 5206 3212 5278 magniﬁcentia
3263 5204 3384 5272 ejus
3417 5208 3524 5265 est,
3569 5206 3624 5254 et

2049 5298 2228 5355 virtus
2254 5300 2374 5371 ejus
2409 5301 2465 5356 in
2491 5300 2754 5356 nubibus.
2782 5297 3044 5352 Miriﬁcus
3084 5295 3216 5349 item
3241 5301 3328 5348 est
3360 5288 3625 5344 Dominus

2507 5476 2554 5510 “
2604 5473 2774 5532 Hebr.
2827 5486 2948 5539 ιιιιι,
2994 5469 3082 5539 14.
3185 5467 3231 5502 ⁸⁵
3261 5466 3405 5523 Psal.
3451 5480 3530 5530 ιιι,
3566 5461 3623 5515 7.

1882 5681 2123 5748 NOT/E.

461 5784 568 5852 (5i)
607 5783 699 5838 Ἐκ
719 5783 819 5854 τῆς
846 5786 880 5841 2
933 5785 1025 5840 τοῦ
1067 5786 1238 5841 Ἱωάν.
1264 5788 1440 5844 επιστ.
1468 5787 1538 5840 ε’σ.
1566 5787 1797 5857 ἐλήφθη.
