4018 6230
429 268 557 332 1057

1507 264 2043 325 COMMENTARII
2086 263 2169 324 IN
2192 264 2532 325 JUDICES.

3532 263 3668 328 1058

425 383 634 435 ἐκεῖνον
677 378 743 431 δὲ
792 377 1103 447 κατέϐησαν
1133 378 1181 430 οἱ
1228 377 1330 446 τῆς
1384 376 1556 443 φυλῆς
1613 377 1708 430 τοῦ
1745 376 2006 447 Ἐφραὶμ,

2117 377 2400 440 Mauassis,
2447 385 2572 448 post
2620 377 2797 447 ipsum
2841 392 2972 432 vero
3015 374 3423 432 descenderant
3472 378 3672 431 viride

425 470 520 524 καὶ
552 467 1073 537 συναγωνισάμενοι,
1104 466 1322 527 τελείως
1360 463 1660 535 ἐτρέψαντο
1721 465 1844 526 τοὺς
1875 465 1997 517 Μα-

425 559 718 631 διηναίους,
766 559 860 611 καὶ
918 559 1043 621 τοὺς
1090 558 1185 611 σὺν
1235 557 1422 617 αὐτοῖς
1448 556 1507 607 ἐν
1529 554 1760 608 κοιλάδι.
1820 554 1892 608 Τὸ
1919 554 1996 617 δέ,

426 649 711 719 Ἀδελφούς
732 666 847 713 σου,
868 646 1119 719 Βενιαμὶν
1142 650 1199 701 ἐν
1214 648 1361 710 λαοῖς
1391 663 1508 712 σου,
1531 646 1688 709 ἄλλος
1717 646 1997 712 ἐξέδωκεν,

438 764 456 795 t
488 742 693 795 Ὀπίσω
720 757 812 793 σου
832 739 1085 809 Βενιαμὶν
1106 739 1324 808 ἀδελφοί
1349 756 1466 801 σου,
1506 756 1524 789 ι
1560 737 1805 791 τουτέστι
1836 739 2000 806 συνῆν

429 836 508 905 τῷ
539 832 777 904 Ἐφραῖμ
799 832 893 885 καὶ
912 834 939 885 ὁ
969 832 1230 901 Βενιαμὶν
1252 833 1309 884 ἐν
1333 833 1400 900 τῇ
1430 828 1753 899 παρατάξει,
1784 828 1859 891 ὼς
1887 828 1999 898 (54)

431 925 656 993 ἀδελφὸς
686 924 762 978 ὢν
799 922 1016 995 Ἰωσὴφ,
1056 923 1279 986 εἰκότως
1310 922 1405 975 καὶ
1451 920 1546 974 τοῦ
1579 921 1637 984 ἐξ
1677 919 1875 1001 Ἰωσὴφ
1921 917 2004 971 Ἑ-

431 1014 611 1087 φρατμ
631 1015 858 1083 ἀδελφὸς
879 1015 1207 1084 ὀνομάζεται
1227 1014 1370 1066 κατὰ
1392 1012 1683 1083 συνήθειαν
1698 1013 1999 1080 γραφικήν.

442 1110 529 1170 Ὠς
559 1108 654 1162 καὶ
688 1107 786 1178 τὴν
817 1108 1034 1177 Σὰρῤαν
1085 1105 1321 1176 ἀδελφήν
1345 1120 1511 1174 φησιν
1545 1102 1820 1172 Ἀϐραὰμ,
1843 1120 2000 1154 τουτ-

432 1200 579 1254 έστιν
604 1196 990 1267 ἀδελφόπαιδα.

516 1399 618 1463 Ἐξ
645 1396 792 1468 ἐμοῦ
821 1394 1044 1464 Μαχείρ
1084 1393 1425 1461 κατέϐησαν
1454 1389 1905 1462 ἐξερευνῶντες.
1943 1391 2004 1444 Ὀ

435 1492 653 1561 Μαχεὶρ
707 1489 818 1551 υἱός
874 1489 991 1540 ἐστι
1038 1484 1309 1555 Μανασσῆ
1362 1484 1536 1555 πέραν
1589 1482 1685 1536 τοῦ
1739 1481 2003 1553 Ἰορδάνου

332 1624 360 1645 .
441 1582 577 1652 μετὰ
606 1579 833 1649 Ῥουϐὴν
869 1579 963 1630 καὶ
992 1577 1100 1629 Γὰδ
1142 1574 1587 1647 κληρωσάμενος.
1618 1573 1810 1637 Ὅστις
1834 1573 2006 1627 πατά-

440 1675 533 1740 ξας
549 1675 648 1743 τὴν
670 1671 902 1736 Γαλαὰδ,
931 1669 1478 1741 κατεκληρονόμησεν
1510 1669 1699 1736 αὐτὴν,
1736 1667 1808 1729 ὣς
1843 1685 2006 1736 φησιν

439 1770 497 1820 ἐν
537 1768 647 1829 τοῖς
685 1763 986 1833 Ἀριῦμοῖς.
1031 1762 1395 1832 Ὀμομήτριος
1430 1760 1487 1814 δὲ
1528 1761 1625 1813 καὶ
1676 1760 2009 1828 ὁμοπάτριος

444 1858 664 1926 ἀδελφὸς
686 1856 761 1927 τῷ
777 1855 1013 1926 Ἐφραῒμ
1033 1856 1059 1907 ὁ
1074 1853 1392 1922 Μανασσῆς.
1417 1852 1527 1905 Καὶ
1549 1846 1694 1905 οὗτοι
1716 1850 1829 1915 οῦν,
1855 1850 2007 1919 φησὶ,

442 1952 552 2014 τοῖς
582 1950 730 2012 ἰδίοις
764 1947 1134 2020 ἐπαμύνοντες
1154 1944 1425 2013 ἀδελφοῖς,
1448 1938 1758 2014 κατέϐησαν
1790 1941 2010 2014 ἐξερευ-

443 2042 639 2106 νῶντες
663 2043 789 2106 τοὺς
817 2039 1130 2109 πολεμίους.

512 2155 787 2226 Γράφεται
832 2154 888 2207 δὲ
921 2153 1015 2206 καὶ
1046 2150 1252 2213 οὕτως·
1294 2170 1312 2201 ι
1352 2149 1443 2213 Ἐξ
1484 2147 1619 2218 ἐμοῦ
1659 2146 1896 2229 Ἐφραῒμ
1927 2147 2014 2212 ἐξ-

445 2247 741 2321 ερῤίζωσεν
799 2245 994 2308 αὐτοὺς
1043 2245 1099 2296 ἐν
1157 2242 1429 2312 ’Δμαλήκ.
1470 2259 1488 2290 ι
1550 2240 1724 2309 Συνῆν
1778 2238 1886 2309 γὰρ
1937 2238 2013 2309 τῷ

444 2340 618 2394 Μωὰό
644 2335 969 2408 πολεμοῦντι
994 2335 1086 2388 τὸν
1125 2333 1344 2404 Ἰσραὴλ
1385 2330 1604 2401 Ἀμμάν
1638 2347 1698 2382 τε
1730 2328 1825 2382 καὶ
1856 2328 2017 2396 Ἀμα-

444 2431 570 2500 λήκ.
610 2448 628 2480 t
666 2428 756 2492 Ἐξ
782 2427 917 2497 ἐμοῦ
963 2425 1145 2478 τοίνυν
1189 2425 1337 2477 ἐστὶν
1368 2425 1396 2475 ὁ
1434 2421 1695 2491 Ἐφραῒμ,
1724 2441 1742 2472 ι
1770 2419 2016 2473 τουτέστι

446 2523 544 2592 τῆς
571 2519 887 2588 συγγενείας
921 2534 1043 2589 μου.
1081 2516 1169 2569 Ἐν
1213 2515 1330 2585 ὄρει
1379 2513 1487 2583 γὰρ
1558 2510 1798 2582 Ἐφραῖμὶ
1850 2508 2015 2563 ἐκαθ-

451 2618 606 2682 έζετο
629 2617 663 2685 ὴ
696 2612 982 2683 Δεϐϐῶρα.
1011 2612 1189 2682 Ὅπερ
1221 2610 1276 2662 δὲ
1305 2608 1542 2678 εἴρηται,
1563 2606 1654 2659 τὸν
1688 2606 1778 2657 éttl.
1803 2603 1893 2657 τοῦ
1921 2603 2019 2655 Γε-

449 2706 584 2762 δεὼν
611 2706 739 2768 ἴσως
780 2703 1078 2757 αἰνίττεται
1102 2698 1339 2770 πόλεμον
1369 2697 1460 2752 τὸν
1495 2694 1637 2750 κατὰ
1668 2692 2018 2765 Μαδιηναίων

450 2798 548 2854 καὶ
582 2794 983 2868 ’Δμαλητικῶν.

523 2911 631 2965 Kal
659 2910 730 2963 ἐν
758 2906 1081 2962 Ζαϐουλὼν
1108 2905 1322 2972 Κύριος
1376 2900 1656 2969 ἐπολέμει
1698 2917 1798 2969 μοι
1818 2899 1889 2952 ἐν
1917 2897 2020 2951 δυ-

449 3002 674 3069 νατοῖς.
715 3001 778 3054 Οἱ
822 2999 929 3068 γὰρ
983 2996 1124 3068 μετὰ
1166 2995 1357 3065 Βαρὰκ
1416 2991 1700 3046 Ζαϐουλὼν
1737 2986 1876 3059 ἦσαν
1929 2990 2022 3043 καὶ

2042 1729 2085 1783 Β

2107 468 2255 522 tribu
2296 467 2554 537 Ephraim
2598 468 2693 537 qui
2732 467 2990 521 manilius
3030 467 3308 522 consertis
3340 466 3670 521 Madianitas

2108 560 2161 611 iu
2203 559 2513 612 absolutam
2547 566 2841 612 verterunt
2878 556 3079 626 fugam,
3122 559 3374 626 aliosque
3416 571 3542 611 cum
3589 559 3672 612 eis

2108 646 2161 698 in
2200 647 2363 700 valle.
2397 648 2538 701 lllud
2566 660 2721 708 vero,
2753 644 2981 700 Fratres
3009 653 3132 699 tuos
3166 644 3453 714 Benjamin
3484 645 3540 697 in
3573 658 3676 713 po-

2107 738 2253 805 pulis
2300 738 2431 799 tuis,
2488 739 2637 791 alius
2684 718 2990 807 exposuit:
3041 756 3059 788 ι
3100 740 3237 791 Post
3280 747 3335 791 te
3379 736 3675 805 Benjamin

2109 827 2312 884 fratres
2345 830 2447 890 tui,
2480 848 2498 879 ι
2534 830 2639 882 hoc
2679 841 2786 892 est,
2818 845 2926 883 una
2945 845 3069 884 cum
3100 830 3362 898 Epitraim
3393 830 3676 897 Benjamin

2107 933 2329 987 quoque
2355 919 2407 971 in
2447 919 2565 972 acie
2593 931 2734 973 erat.
2765 919 2867 985 Qui
2896 934 3020 973 cum
3055 921 3229 973 frater
3256 929 3401 974 esset
3424 918 3675 983 Jnsephi,

2110 1012 2306 1066 merito
2349 1011 2515 1065 etiam
2553 1010 2821 1079 Epitraim
2880 1009 3103 1080 Iosephi
3159 1011 3257 1064 filii
3312 1013 3483 1064 frater
3528 1026 3679 1064 more

2111 1103 2422 1171 Scripturae
2487 1110 2866 1171 nuncupatur.
2940 1103 3413 1167 Quemadmodum
3480 1102 3677 1156 Saram

2037 1224 2047 1235 κ
2109 1211 2331 1265 quoque
2381 1209 2634 1249 sororem
2682 1201 2843 1247 vocat
2876 1194 3189 1261 Abraham,
3234 1194 3341 1249 hoc
3383 1203 3469 1250 est
3508 1194 3678 1259 ﬁliam

2112 1289 2441 1357 patruelem.

2185 1402 2264 1455 Ex
2306 1402 2512 1456 Machir
2552 1404 2939 1458 descenderunt
2975 1403 3326 1473 legislatores.
3359 1402 3573 1457 Machir
3616 1403 3682 1456 ﬁ-

2114 1495 2219 1548 lius
2265 1505 2349 1549 est
2397 1495 2672 1551 Manassis
2705 1497 2847 1549 ultra
2878 1495 3178 1549 Jnrdunem
3218 1510 3341 1548 cum
3386 1493 3577 1547 Ruben
3628 1502 3683 1546 et

2112 1587 2225 1641 Gad
2252 1598 2452 1641 terram
2483 1589 2733 1644 sortitus.
2762 1588 2865 1653 Qui
2897 1603 3018 1641 cum
3051 1588 3418 1656 percussisset
3452 1585 3681 1651 Gulaad,

2113 1694 2231 1731 eam
2294 1689 2377 1732 est
2426 1680 2684 1741 sortitus,
2725 1690 2784 1731 ut
2844 1685 3028 1731 exstat
3077 1680 3132 1731 in
3177 1678 3454 1731 Numeris.
3511 1675 3684 1730 Porro

2118 1769 2294 1823 frater
2342 1785 2640 1838 germanus
2668 1786 2731 1823 ex
2777 1777 3014 1837 utroque
3046 1775 3277 1838 parente
3312 1769 3574 1837 prraim
3598 1777 3685 1821 est

2115 1861 2424 1916 Manasses.
2467 1864 2544 1918 Ac
2599 1863 2690 1917 isti
2727 1861 3158 1936 itaqueﬁnquit,
3196 1876 3325 1915 suos
3366 1860 3533 1914 ulturi
3574 1859 3686 1914 fra-

2116 1961 2249 2019 tres,
2294 1954 2619 2025 indagatum
2653 1954 2843 2009 hostes
2885 1953 3322 2009 descenderunt.

2568 2099 2597 2108 ,-

2187 2153 2463 2207 Scribitur
2513 2169 2639 2209 vero
2693 2154 2856 2208 etiam
2904 2153 3033 2209 sic:
3067 2172 3084 2205 ι
3146 2152 3250 2207 Per
3293 2166 3399 2206 me“
3428 2150 3685 2222 Ephraim

2117 2243 2429 2297 eradicavit
2456 2259 2551 2299 eos
2584 2244 2639 2298 in
2671 2243 2918 2310 Amalec,
2955 2259 3081 2298 cum
3117 2243 3274 2297 Moab
3308 2243 3361 2296 in
3390 2244 3535 2297 bello
3558 2258 3690 2296 can-

2121 2344 2203 2388 tra
2250 2333 2417 2389 Israel
2448 2373 2463 2399 ,
2504 2334 2736 2389 Amman
2775 2343 2830 2389 et
2876 2336 3102 2389 Amalec
3139 2336 3435 2399 aderant.,c
3490 2334 3566 2388 Ex
3604 2350 3691 2389 me

2118 2427 2303 2496 itaque
2332 2426 2594 2497 Ephraim
2629 2440 2733 2492 est,
2771 2447 2788 2480 ι
2830 2428 2937 2482 hoc
2969 2435 3077 2491 est,
3098 2420 3165 2481 ent
3186 2427 3522 2497 cognatione
3542 2441 3686 2487 mea,

2121 2519 2174 2573 in
2213 2527 2396 2577 monte
2429 2520 2573 2573 enim
2612 2517 2877 2589 Ephraim
2932 2520 3160 2575 sedebat
3202 2520 3480 2575 Debbora.
3515 2518 3689 2572 Caete-

2120 2621 2240 2660 rum
2267 2605 2393 2671 hoc,
2427 2608 2573 2677 quod
2597 2607 2811 2671 dictum
2837 2620 2945 2675 est,
2984 2609 3186 2663 bellum
3220 2608 3528 2689 a‘Gedeone
3556 2624 3690 2662 con-

2125 2706 2212 2752 tra
2244 2697 2575 2755 Madiauitas
2640 2702 3088 2772 Amalecitasque
3137 2701 3465 2773 gerendum,
3493 2701 3694 2756 obscu-

2122 2805 2182 2845 re
2219 2790 2361 2846 forte
2386 2792 2688 2847 iudicatur.

2195 2902 2265 2956 Et
2296 2905 2349 2957 in
2374 2902 2619 2958 Zabulon
2670 2905 2930 2961 Dominus
2961 2907 3152 2961 bellum
3172 2906 3329 2976 gessit
3359 2922 3454 2974 pro
3478 2923 3559 2960 me
3595 2921 3693 2973 po-

2124 2996 2436 3049 tentissime.
2472 2996 2625 3051 Socii
2666 2998 2840 3052 Barac
2872 3000 3023 3053 fuere
3055 3000 3318 3053 nimirum
3353 3015 3383 3053 e
3412 3001 3560 3054 tribu
3587 2998 3695 3051 Za-

449 3066 735 3171 Νεφθαλὶμ
762 3066 1085 3159 νικήσαντες
1118 3087 1347 3156 Σισάρα.
1375 3083 1465 3138 Ἐν
1495 3084 1677 3145 αὐτοῖς
1699 3076 1791 3135 οῦν
1815 3080 2016 3151 Κύριος

2124 3087 2293 3140 bulou
2327 3098 2378 3140 et
2411 3088 2764 3157 Nephthalim
2803 3104 2868 3144 ac
2907 3090 3165 3145 vicerant
3217 3090 3490 3147 Sisaram.
3523 3091 3579 3144 lu
3627 3091 3696 3146 iis

362 3228 365 3229 ν
453 3182 795 3255 ὑπὲρήμῶν,
828 3179 1015 3249 φησὶν,
1050 3176 1329 3247 ἐπολέμει.

533 3295 795 3352 Ἐκεῖθεν
827 3294 899 3348 ἐν
924 3291 1210 3359 σκήπτρῳ
1232 3289 1625 3358 ὲνισχύοντος
1662 3286 1936 3357 ἡγήσεως
1956 3288 2023 3340 ἐν

464 3389 751 3457 ’Ῑσσάχαρ
768 3386 917 3456 μετὰ
944 3383 1244 3451 Δεϐϐώρας
1276 3381 1668 3445 ἐξαπέστειλε
1688 3377 1899 3444 πεζοὺς
1920 3380 2023 3431 at“).

450 3480 670 3546 τοΰείς
698 3479 815 3544 τὴν
852 3474 1124 3531 κοιλάδα.
1178 3474 1465 3542 Σκῆπτρον
1525 3471 1617 3523 τοῦ
1667 3470 2020 3539 ἐνισχύοντος,

447 3573 568 3643 ἦτοι
616 3573 644 3624 ό
675 3569 949 3639 Ἐφραῖμ·
1007 3564 1221 3619 ἐκεῖθεν
1263 3562 1372 3633 γὰρ
1427 3563 1461 3631 ἡ
1528 3561 1817 3630 Δε66ῶρα·
1849 3563 1966 3631 ἦτοι
1995 3563 2022 3614 ὁ

448 3660 757 3731 Νεφθαλὶμ,
803 3659 927 3712 ὅθεν
986 3656 1217 3728 ὥρμητο
1277 3653 1486 3723 Βαράκ.
1513 3653 1604 3721 Τῷ
1629 3649 1722 3706 οὖν
1758 3653 2025 3723 σκήπτρῳ

446 3749 542 3804 τοῦ
590 3749 932 3819 ἐνισχύοντος
982 3750 1075 3800 ναὶ
1123 3743 1437 3817 ἡγουμένου
1465 3742 1561 3796 καὶ
1587 3744 1616 3795 ό
1654 3743 1911 3812 Ἰσσάχαρ
1946 3743 2027 3809 ἐξ-

449 3840 739 3895 απέστειλε
767 3840 903 3911 μετὰ
931 3839 1222 3910 Δε66ὠρας
1246 3833 1474 3900 πεζούς.

517 3953 626 4007 Καὶ
647 3952 893 4023 ἀρχηγοὶ
929 3953 999 4005 ἐν
1042 3951 1331 4020 Ἰσσάχαρ
1389 3945 1541 4015 μετὰ
1603 3945 1899 4013 Δεϐϐώρας
1929 3945 2026 3998 καί

448 4043 646 4112 Βαράκ
668 4060 680 4073 ³
719 4041 829 4115 (55)
863 4042 1012 4096 οὕτω
1047 4042 1245 4111 Βσρὰκ
1265 4042 1334 4093 ἐν·
1362 4035 1644 4091 κοιλάσιν
1669 4035 2028 4090 ἀπέστειλεν

445 4134 519 4188 ἐν
574 4134 760 4187 ποσὶν
832 4130 1037 4187 αὑτοῦ.
1120 4131 1206 4195 Ὠς
1287 4126 1428 4183 εἶναι
1492 4125 1692 4196 μᾶλλον
1752 4124 2027 4193 σκῆπτρον

445 4226 539 4278 τοῦ
600 4225 938 4295 ἐνισχῦοντος
993 4224 1086 4276 καὶ
1135 4220 1442 4292 ἡγουμένου
1494 4216 1589 4270 τὸν
1632 4214 1895 4285 Ἑφραῒμ,
1939 4215 2027 4270 διὰ

446 4316 754 4387 Δεδὸῶραν.
780 4314 929 4385 Αὕτη
964 4314 1071 4384 γὰρ
1093 4313 1188 4365 καὶ
1217 4314 1482 4383 ἡγήσατο,
1512 4308 1611 4362 καὶ
1640 4306 1888 4378 ἐνίσχυσε
1920 4309 2027 4360 Βα-

2126 3178 2315 3246 igitur,
2351 3181 2452 3244 ait,
2487 3181 2759 3236 Dominus
2783 3198 2885 3253 pro
2912 3183 3079 3237 nobis
3113 3184 3394 3254 pugnavit.

2195 3290 2333 3344 Hinc
2373 3300 2632 3361 sceptrum
2655 3294 2803 3348 ducis
2825 3296 2882 3349 in
2909 3294 3164 3349 Issachar
3194 3303 3389 3359 tenens,
3416 3310 3535 3348 cum
3561 3293 3697 3349 Deb-

2126 3385 2254 3439 bora
2278 3383 2477 3450 pedites
2511 3402 2633 3439 suos
2672 3386 2741 3439 ad
2766 3386 2956 3440 vallem
2987 3387 3150 3439 misit.
3197 3385 3488 3453 Sceptrum
3512 3384 3696 3446 ducis,

2123 3477 2209 3530 vel
2232 3476 2491 3545 Ephraim
2527 3477 2697 3532 :hinc
2720 3478 2863 3531 enim
2899 3477 3147 3532 Debbora
3172 3495 3183 3529 :
3204 3477 3289 3531 vel
3319 3471 3705 3543 Neplubalim,’

2125 3565 2255 3633 quia
2297 3566 2427 3620 hinc
2481 3565 2653 3620 Barac
2708 3569 2978 3636 originem
3032 3567 3210 3619 duxit.
3266 3566 3498 3633 Sceptro
3539 3564 3698 3619 ducis

2126 3657 2294 3727 igitur
2323 3656 2571 3715 lssachar
2596 3674 2820 3729 quoque
2857 3660 3069 3728 pedites
3101 3660 3251 3714 misit
3274 3672 3398 3712 cum
3425 3656 3695 3713 Debbora.

2203 3951 2476 4021 Principes
2512 3967 2715 4024 quoque
2750 3953 2853 4007 mei
2886 3948 2945 4006 in
2980 3948 3239 4008 Issacliar
3270 3968 3389 4007 cum
3429 3950 3697 4016 Debbora.

2128 4045 2219 4099 sed
2244 4054 2293 4099 et
2330 4043 2587 4099 Issachar
2610 4044 3052 4114 quemadmodum
3072 4045 3248 4100 Barac
3270 4046 3323 4099 in
3349 4045 3485 4100 valle
3502 4046 3700 4100 missus

2126 4137 2301 4203 pedes,
2331 4145 2437 4192 etc.
2470 4134 2560 4208 ιν,
2584 4134 2695 4209 15.]
2720 4136 2868 4192 Adeo
2888 4144 3234 4207 utsceptrum
3261 4137 3378 4206 ejus
3403 4137 3591 4207 potius
3626 4137 3700 4191 sit

2128 4230 2225 4297 qui
2273 4228 2567 4283 confirmat
2619 4244 2683 4284 ac
2714 4230 2868 4284 ducit
2902 4229 3165 4299 Ephraim
3210 4244 3307 4298 per
3354 4228 3687 4284 Debboram.

2130 4314 2224 4369 illa
2269 4317 2415 4370 enim
2475 4323 2529 4370 et.
2571 4316 2753 4381 duxit,
2787 4326 2839 4371 et
2882 4315 3218 4371 conforlavit
3260 4316 3431 4369 Barac
3466 4325 3519 4370 et
3563 4317 3698 4369 reli-

450 4409 554 4478 ράκ
573 4424 632 4460 τε
663 4407 756 4460 καὶ
813 4406 941 4464 τοὺς
996 4404 1236 4466 λοιπούς.
1292 4402 1531 4456 Κοιλάδα
1558 4396 1616 4450 δέ
1641 4414 1797 4468 φησι,
1848 4397 1935 4452 διὰ
1967 4398 2016 4451 τί

2132 4420 2292 4475 quos.
2322 4404 2488 4459 Vallis
2519 4420 2650 4460 vero
2678 4406 2946 4471 meminit,
2989 4420 3054 4460 eo
3082 4405 3226 4474 quod
3259 4406 3462 4461 bellum
3495 4405 3549 4459 in
3584 4415 3699 4460 tor-

448 4501 504 4552 ἐν
525 4499 807 4570 χειμάρρῳ
840 4496 1122 4566 γεγονέναι
1146 4495 1236 4549 τδν
1268 4495 1521 4564 πόλεμον.

518 4610 653 4664 Ἵνα
682 4610 738 4662 τί
780 4608 862 4662 σὺ
890 4605 1189 4670 κατοικεῖς
1215 4604 1285 4657 ἐν
1314 4605 1484 4672 μέσῳ
1555 4599 1842 4671 xeat-fair;
1869 4599 2030 4661 Ἴσως

2134 4504 2294 4553 rente
2326 4497 2454 4551 fuit.

2205 4592 2395 4665 Curotu
2426 4609 2571 4664 sedes
2612 4609 2870 4673 inAmedio
2897 4609 3124 4663 duorum
3158 4610 3386 4673 limitum
3411 4611 3436 4664 ?
3459 4610 3537 4665 Ad
3564 4626 3703 4667 cun-

447 4702 584 4772 πρδς
602 4701 776 4754 πάντα
811 4700 959 4769 λέγει
984 4699 1073 4751 τὸν
1117 4671 1329 4766 Ἰσραήλ
1356 4711 1368 4726 ·
1411 4694 1476 4747 Τί
1504 4694 1728 4765 δήποτε,
1753 4691 1907 4759 φησὶ,
1933 4689 2016 4743 τοῐ

2136 4707 2286 4754 ctum
2326 4699 2473 4755 forte
2516 4671 2774 4755 lsraetem
2805 4699 2963 4754 dicit.
3006 4699 3150 4766 Quid
3188 4701 3442 4767 tandem,
3494 4703 3702 4771 inquit,

446 4792 583 4847 Θεοῦ
609 4792 904 4854 δεδωκότος
935 4790 1065 4859 ὑμῖν
1116 4787 1337 4856 ἄριστον
1387 4786 1716 4856 στρατηγὸν,
1749 4782 2016 4852 ἀναμέσοι

2133 4791 2403 4859 optimum
2438 4804 2469 4845 a
2503 4790 2613 4845 Deo
2646 4791 2837 4845 ducem
2881 4790 3026 4845 nacti
3076 4791 3222 4844 inter
3263 4790 3606 4846 Chanaans
3649 4802 3705 4848 et

450 4886 755 4938 κατοικεῖτε
791 4882 901 4935 τῶν
944 4878 1266 4934 Χαναναίων
1317 4877 1427 4930 τῶν
1465 4875 1894 4946 ἐτερογλὼσσων
1938 4872 2033 4926 καὶ

446 4974 792 5043 ἁλλοφύλωνς
837 4973 967 5026 ’ἰδοῦ
987 4971 1094 5041 γὰρ
1118 4971 1146 5023 ὁ
1171 4967 1361 5038 Βαρὰκ
1386 4967 1604 5037 ἐκίνησε
1648 4965 1771 5021 κατ’
1806 4963 2032 5017 ἐκείνων

444 5069 572 5130 τοὺς
595 5067 783 5130 πόδας,
813 5065 922 5118 τῶν
944 5061 1296 5135 διῃρημένων
1326 5059 1385 5127 ἐξ
1411 5058 1571 5131 ὴμῶν
1602 5060 1697 5112 καὶ
1741 5055 1905 5120 Θεοῦ,
1938 5056 2031 5109 καὶ

450 5157 588 5229 μηδὲ
634 5155 772 5227 πρὸς
801 5154 1027 5217 ἑαυτοὺς
1058 5148 1519 5224 συμφωνούντων.
1549 5143 1629 5200 Ἦ
1658 5146 1769 5218 γὰρ
1795 5148 1862 5201 ἂν
1889 5140 2030 5216 ἦσαν

446 5251 628 5320 χεῖλος
646 5245 727 5302 ἓν.

2132 4881 2349 4951 lingua,
2380 4891 2433 4936 et
2467 4889 2631 4951 gente
2664 4882 2876 4936 alienos
2911 4880 3222 4937 desidetis?
3248 4882 3388 4937 Ecce
3428 4885 3569 4938 enim
3602 4882 3704 4937 Ba-

2131 4988 2229 5028 rac
2264 4981 2461 5028 contra
2497 4974 2625 5028 illos
2655 4974 2959 5028 concitavit
3003 4973 3173 5044 pedes
3213 4990 3429 5037 eorum,
3457 4974 3547 5041 qui
3581 4989 3640 5028 se
3673 4988 3701 5026 a

2136 5063 2301 5119 nobis
2325 5071 2379 5119 et
2414 5062 2526 5119 Deo
2557 5064 2907 5121 avulserunt.
2936 5064 3297 5135 Nequeinter
3323 5064 3538 5131 seipsos
3567 5079 3701 5117 con-

2137 5151 2385 5216 veniunt,
2418 5162 2514 5206 aut
2545 5152 2691 5207 enim
2723 5156 2891 5208 unico
2922 5146 3103 5227 limite
3140 5150 3386 5205 contenti
3420 5158 3630 5205 essent.
3738 5218 3741 5223 η

1960 5392 2192 5468 none.

664 5534 776 5590 Ἰσ.
798 5535 885 5598 ὃς.

520 5608 612 5676 (55

517 5537 632 5677 at

442 5680 497 5733 τί
528 5670 601 5733 ’σὺ
615 5670 896 5739 ’κατοικεῖς
923 5672 1152 5744 ἐμμέσῳ
1174 5673 1257 5741 (ἐν
1293 5673 1443 5742 μέσῳ
1472 5671 1751 5741 ὀρθότερ.)
1803 5670 2022 5739 χιλίων,

2133 5529 2396 5596 ἐξέτεινεν
2422 5530 2478 5580 ὲν
2503 5531 2625 5591 ταῖς
2658 5527 2821 5581 αὑτοῦ
2869 5528 3167 5599 διαιρέσεσι
3215 5525 3440 5596 μεγάλοι
3474 5526 3702 5598 ἀκριῦα-

673 5598 1063 5673 Ἐξαπέστειλε
1085 5600 1285 5666 πεζοὺς
1314 5601 1512 5673 αὐτοὺς
1547 5602 1625 5673 είς
1665 5599 2027 5673 κοιλάδα-ἴνα
2137 5600 2282 5670 σμοί.
2318 5601 2432 5661 Εἰς.
2468 5600 2500 5668 ἡ
2536 5601 2593 5651 ἐν
2637 5599 2805 5665 Ὄξον.
2840 5598 2952 5655 ἔκδ.
