4018 6230
381 369 515 438 1071

1721 376 2076 440 PBOCOPII
2103 375 2349 438 ῧᾹΖιἘῙ

3515 369 3658 440 ποτε

383 493 522 540 tata.
571 485 924 558 Quapropter
970 502 1095 544 cum
1157 502 1260 544 nec
1312 487 1403 544 illa
1461 488 1613 554 lilio,
1656 505 1760 547 nec
1808 497 1968 562 pater

2080 489 2195 542 σίαν
2228 487 2608 562 προσάγεσθαι
2653 485 2976 558 μέλλουσαν.
3014 485 3178 541 Ὅθεν
3233 482 3294 540 οὕ
3325 484 3528 540 κωλύει
3554 482 3658 552 τὴν

387 578 709 635 Abrahamo
731 581 1120 650 responderet,
1155 581 1302 637 Deus
1333 582 1769 638 immolationem
1815 586 1959 638 hanc

389 668 536 723 sicut
571 667 720 722 illam
758 683 864 722 non
899 671 1211 737 prohibuit.
1246 669 1420 726 Porro
1451 661 1821 728 exhibent-illi
1844 673 1966 742 qui-

393 761 514 817 dem
565 761 620 816 in
658 761 828 816 Deum
871 763 1110 828 ﬁduciae,
1155 762 1210 816 hi
1252 777 1402 829 vero,
1438 771 1567 818 vota
1617 779 1727 818 non
1761 771 1970 818 temere

389 868 514 910 esse
568 852 857 919 facienda,
910 853 1169 925 factaque
1229 870 1445 910 summa
1502 855 1789 911 alacritate
1845 870 2004 924 esse.

391 945 776 1016 ,tersolvenda.
806 945 1083 1012 Quocirca
1121 963 1224 1002 nec
1268 955 1395 1002 ante
1427 948 1608 1018 ipsum
1635 988 1649 1010 ,
1699 962 1800 1001 nec
1845 955 1970 1016 post

391 1053 420 1092 τι
453 1038 560 1109 piis
594 1037 915 1109 huiusmodi
965 1038 1114 1094 facta
1163 1049 1250 1094 est
1281 1039 1532 1093 victima.
1580 1038 1760 1093 Prohc
1803 1053 1969 1092 nore-

389 1137 523 1183 runt
551 1133 701 1184 enim
739 1129 891 1200 quod
921 1129 1070 1185 Deus
1103 1144 1206 1184 nec
1239 1129 1571 1200 postulavit,
1603 1133 1704 1183 nec
1737 1137 1845 1182 tam
1873 1127 1970 1180 de-

392 1203 707 1274 testandam
739 1219 1024 1274 victimam
1063 1221 1340 1290 suscepit.
1373 1218 1509 1272 Nam
1541 1235 1652 1272 non
1680 1219 1752 1273 ob
1779 1225 1966 1272 votum

390 1311 629 1366 victoria
670 1312 920 1376 obvenit,
964 1327 1152 1366 verum
1196 1321 1256 1365 ut
1286 1312 1476 1366 lsraeli
1508 1311 1743 1381 injurias
1794 1309 1968 1365 factas

392 1418 516 1458 esse
561 1403 922 1459 manifestum
967 1403 1146 1468 ﬁeret,
1202 1419 1364 1474 quem
1414 1403 1658 1474 judicent
1709 1401 1968 1472 supplicii

391 1495 628 1549 vocavit.
666 1495 889 1552 Minime
967 1497 1166 1550 etenim
1218 1507 1442 1566 propter
1483 1506 1667 1550 votum
1698 1491 1968 1563 injuslttm

393 1585 654 1640 lsraelem
710 1585 903 1657 inique
947 1587 1161 1656 perire,
1220 1586 1663 1657 injuriarumque
1702 1591 1959 1638 auctores

393 1680 621 1734 vincere
663 1679 1057 1734 conveniebat.
1101 1679 1308 1734 Verum
1352 1679 1446 1733 ille
1479 1677 1702 1748 quidem
1743 1676 1815 1730 ob
1863 1675 1969 1728 iui-

391 1772 654 1840 quitatem
691 1771 800 1824 voti
833 1785 1024 1838 poenas
1055 1770 1170 1836 dat,
1194 1771 1398 1840 Deique
1433 1768 1666 1840 populus
1699 1766 1965 1822 servaba-

2075 581 2289 652 σφαγὴν
2318 580 2346 632 6
2380 581 2533 644 Θεός.
2589 579 2729 634 Οῦτε
2773 581 2882 651 γὰρ
2944 580 3084 650 αὕτη
3116 577 3257 632 κατὰ
3305 577 3398 632 τὸν
3439 579 3653 641 Ἰσαὰκ,

2071 671 2196 725 οὔτε
2234 671 2371 726 κατὰ
2394 671 2487 726 τὸν
2518 671 2772 743 Ἀϐραὰμ
2794 673 2822 725 6
2856 673 3068 744 Πατήρ.
3095 669 3359 740 Γεγόνασι
3380 669 3437 724 δὲ
3475 669 3659 739 παρά-

2070 745 2273 835 δειγμα
2323 766 2372 816 οί
2427 764 2547 835 μὲν,
2579 765 2660 828 είς
2711 764 2844 818 Θεὸν
2885 763 3145 826 πίστεως,
3198 763 3250 816 οί
3295 761 3376 824 δὲ,
3435 759 3512 832 μὴ
3543 760 3658 814 δεῖν

2070 855 2330 927 εὔχεσθαι
2368 855 2686 928 προπετῶς,
2710 855 2804 910 καὶ
2832 855 2926 910 τοῦ
2963 857 3074 908 δεῖν
3110 854 3364 924 ἁσμένως
3387 851 3661 907 ἐπιτελεῖν

2071 949 2217 1019 ἅπερ
2255 965 2338 1012 τις
2367 947 2594 1020 ηὔξατο.
2639 946 2946 1020 Τοιγαροῦν
2997 947 3124 1000 οὒτε
3169 945 3278 1018 πρὸ
3303 943 3490 1010 αὑτοῦ,
3532 943 3662 998 οὔτε

2075 1039 2194 1112 μετ’
2223 1038 2387 1092 αὐτὸν
2446 1038 2676 1108 τοιαύτη
2723 1037 2875 1109 παρὰ
2925 1037 3036 1091 τῶν
3080 1036 3453 1091 εὐσεϐούντων
3497 1036 3663 1089 θυσία

2069 1131 2384 1203 γεγένηται.
2417 1131 2656 1203 ᾝδεσαν
2697 1130 2807 1202 γὰρ
2846 1129 3118 1198 ἀκριεῶς,
3165 1130 3242 1194 ὼς
3277 1127 3405 1182 οὔτε
3456 1129 3661 1200 ᾔτησεν

2069 1225 2098 1278 6
2125 1223 2279 1287 Θεὸς,
2308 1222 2433 1278 οῦτε
2465 1223 2564 1295 τὴν
2614 1224 2786 1292 ἐναγῆ
2815 1222 3008 1276 θυσίαν
3052 1223 3292 1286 ἐδέξατο.
3339 1221 3415 1274 Οὐ
3440 1219 3532 1274 διὰ
3562 1221 3692 1289 τὴν

2071 1315 2235 1386 εὐχὴν
2266 1311 2360 1371 οὖν
2391 1317 2424 1386 ἡ
2464 1315 2612 1385 νίκη,
2643 1314 2733 1368 διὰ
2765 1315 2824 1368 δὲ
2857 1315 2919 1367 τὸ
2951 1314 3124 1382 δεῖξαι
3163 1313 3254 1367 τὸν
3284 1311 3517 1388 Ἰσραὴλ
3549 1311 3666 1362 ἀδιο

2071 1407 2358 1478 κούμενον.
2394 1408 2491 1461 Ὃν
2545 1407 2642 1460 καὶ
2692 1407 2890 1478 κριτὴν
2937 1405 3038 1474 τῆς
3067 1404 3225 1473 δίκης
3273 1403 3554 1458 ἐκάλεσεν.
3585 1402 3662 1455 Οὐ

2071 1499 2177 1572 γὰρ
2203 1499 2271 1550 δι’
2302 1497 2470 1570 εὐχὴν
2501 1497 2688 1552 ἄδικον
2743 1497 2915 1567 ἐχρῆν
2961 1497 3168 1560 ἀδίκως
3214 1494 3519 1550 ἀπολέσθαι
3569 1493 3664 1548 τὸν

2085 1574 2322 1658 Ἰσραὴλ,
2359 1589 2454 1641 καὶ
2498 1588 2719 1658 νικῆσαι
2763 1589 2892 1650 τοὺς
2928 1587 3274 1649 ἀδικοῦντας.
3309 1585 3452 1639 Ἀλλ’
3479 1587 3508 1638 ὁ
3539 1584 3659 1655 μὲν,

2072 1679 2239 1748 εὐχῆς
2268 1679 2457 1732 ἀδίκου
2494 1677 2678 1732 δίδωσι
2705 1679 2897 1749 δίκην
2929 1680 2958 1731 6
3003 1677 3060 1730 δέ
3089 1675 3186 1730 τοῦ
3220 1676 3358 1730 Θεοῦ
3405 1675 3530 1740 λαὸς
3573 1675 3657 1728 δι·-
3683 1709 3701 1719 ο

2073 1771 2331 1850 εσώζετο..
2365 1771 2477 1824 Καὶ
2501 1770 2774 1842 τιμωρίαν
2807 1771 3047 1841 ὑπέσχον
3083 1770 3197 1824 τῶν
3227 1769 3584 1840 ἀδικημάτων
3612 1770 3658 1820 ei

392 1875 504 1930 tur,
534 1878 598 1918 ac
651 1863 978 1933 iniuriarum
1037 1863 1367 1932 supplicium
1409 1862 1751 1932 pertulerunt
1797 1857 1971 1928 impii.

2080 1844 2386 1932 δυσμενεῖς.

459 1957 636 2012 Porro
672 1957 724 2009 in
763 1955 862 2009 illo
899 1971 912 2007 :
960 1973 978 2006 ι
1017 1953 1083 2008 Ει
1122 1957 1304 2010 laetus
1342 1963 1427 2009 est
1469 1952 1690 2006 Domini
1733 1951 1970 2020 spiritus

391 2065 556 2120 super
592 2046 785 2118 Jephte
801 2048 868 2114 ⁸³,
909 2067 928 2098 ι
973 2046 1358 2104 considerabis
1389 2045 1532 2116 quod
1578 2045 1689 2114 jam
1722 2043 1884 2098 mch
1919 2041 1974 2096 in

393 2140 786 2210 magistratum
835 2137 1166 2202 transierat,
1217 2152 1280 2192 ac
1325 2145 1522 2192 contra
1568 2135 1757 2189 hostes
1810 2131 1975 2202 paulo

393 2240 525 2284 ante
554 2229 796 2284 victores
831 2227 1180 2290 iusurrexit,
1203 2241 1267 2280 ac
1297 2225 1532 2296 proinde
1566 2223 1800 2293 spiritus
1839 2236 1974 2275 con-

395 2323 714 2378 tirmatioue
756 2321 1063 2390 indigebat.
1100 2319 1214 2376 Nec
1243 2333 1377 2374 vero
1415 2322 1484 2373 ob
1510 2318 1628 2373 leve
1661 2316 1838 2386 ipsius
1873 2329 1972 2368 vo-

393 2427 510 2470 tum
554 2414 775 2482 indicit,
815 2429 919 2469 nec
958 2413 1028 2468 ob
1079 2412 1302 2482 generis
1339 2411 1714 2473 nobilitatem,
1755 2423 1856 2464 nec
1903 2409 1976 2463 ob

390 2509 522 2564 vitae
565 2519 698 2564 ante
737 2516 876 2562 acta:
898 2505 1281 2577 splendorem,
1315 2504 1428 2558 imo
1459 2517 1562 2558 nec
1605 2502 1789 2572 ipsum
1834 2501 1974 2558 Deus

385 2601 447 2655 in
486 2600 592 2654 hoc
620 2596 895 2654 excitasse
924 2596 1156 2662 dicitur,
1185 2595 1358 2651 semel
1391 2607 1522 2649 vero
1562 2593 1862 2648 excitatum
1905 2591 1974 2646 ad

385 2695 596 2764 justam
625 2691 918 2746 victoriam
951 2697 1036 2744 est
1065 2688 1386 2743 comitatus.

461 2783 606 2838 Sunt
641 2796 812 2851 porro
843 2780 940 2850 qui
981 2780 1122 2834 bene
1161 2779 1290 2834 huic
1328 2777 1480 2834 facto
1509 2780 1829 2833 ominautcs
1863 2785 1975 2830 tra-

389 2876 552 2940 dunt,
581 2872 727 2944 quod
767 2871 876 2926 ﬁlia
905 2870 1104 2942 Jephte
1133 2869 1464 2940 praeﬁnitum
1492 2870 1598 2926 sibi
1619 2870 1814 2926 mortis
1836 2881 1974 2924 tem-

391 2984 493 3032 pus
541 2974 896 3035 exspectare,
945 2977 1010 3018 ac
1043 2977 1104 3016 se
1138 2963 1247 3017 Deo
1298 2962 1585 3016 victimam
1620 2961 1821 3016 adduci
1854 2976 1974 3016 ma-

391 3059 585 3123 luerit,
622 3049 792 3126 quam
828 3055 1004 3125 patris
1033 3061 1220 3109 votum
1269 3053 1510 3110 mendax
1540 3053 1718 3108 reddi.
1749 3052 1815 3106 Et
1847 3067 1972 3107 cum

2113 1950 2242 2018 ‘T6,
2279 1971 2297 2004 ι
2352 1953 2603 2023 Ἐγένετο
2665 1955 2760 2007 ἐπὶ
2821 1953 3030 2022 Ἰεφθάε
3074 1952 3292 2024 πνεῦμα
3362 1949 3654 2022 Κυρίου,›

2075 2044 2314 2114 νοήσεις,
2345 2043 2421 2108 ὼς
2462 2047 2588 2116 ἄρτι
2630 2043 2918 2116 παρελθὼν
2944 2045 3025 2107 είς
3065 2044 3164 2112 τὴν
3208 2041 3384 2114 ἀρχὴν
3441 2041 3531 2094 καὶ
3555 2040 3662 2110 πρὸ

2073 2136 2266 2190 τούτου
2303 2136 2566 2209 κρατοῦσι
2599 2139 2712 2199 τοῖς
2745 2135 3026 2206 πολεμίοις
3043 2135 3468 2204 ἐπανιστάμενος
3489 2175 3504 2198 ,
3531 2131 3663 2186 ἐδεῖ-

2073 2247 2136 2283 το
2164 2227 2258 2282 τοῦ
2292 2227 2809 2302 παραθαρρύνοντος
2845 2229 3175 2296 πνεύματος,
3208 2225 3324 2280 ἀλλ’
3355 2225 3418 2278 οὐ
3451 2224 3539 2276 διὰ
3562 2223 3662 2292 τὴν

2076 2303 2316 2376 εὔκολον-
2371 2321 2539 2392 εὐχὴν
2596 2320 2912 2388 ἐπεγένετο,
2958 2317 3084 2372 οὔτε
3122 2317 3244 2388 ,μὴν
3297 2317 3398 2390 τὴν
3444 2315 3663 2384 γένεσιν

2077 2415 2234 2484 ἔσχεν
2265 2413 2586 2484 ἐπαινετὴν,
2606 2411 2744 2482 ὀὔτε
2768 2411 2858 2465 τὸν
2886 2411 2994 2482 πρὸ
3020 2410 3121 2481 τῆς
3166 2410 3323 2480 νίκης
3375 2407 3512 2478 βίον,
3544 2404 3662 2460 ἀλλ’

2075 2503 2197 2558 οὔτε
2249 2505 2382 2568 Θεὸς
2427 2505 2588 2558 αὐτὸν
2644 2502 2863 2572 λέγεται
2925 2501 3060 2573 πρὸς
3110 2499 3270 2554 τοῦτο
3309 2498 3660 2568 κεκληκέναι.

2076 2596 2371 2668 Κινηθέντι
2434 2595 2490 2650 δὲ
2565 2595 2712 2662 ἅπαξ
2782 2595 2920 2668 πρὸς
2978 2593 3201 2649 δικαίαν
3249 2592 3410 2664 νίκην
3467 2592 3663 2664 συνήρ-

2077 2705 2225 2760 χετο.

2148 2780 2305 2845 Τινές
2339 2799 2524 2852 φασιν,
2555 2783 2690 2852 ὡςή
2725 2757 3088 2848 τοῦιΊεφθάε
3111 2779 3362 2850 θυγάτηρ
3399 2777 3662 2848 ὑπομένει

2075 2873 2166 2926 τδν
2198 2872 2418 2926 δοθέντα
2468 2872 2594 2926 καθ’
2620 2873 2788 2944 αὐτῆς
2836 2873 3063 2944 ὁρισμόν
3088 2886 3103 2901 ⁶
3134 2873 3232 2925 καὶ
3281 2869 3660 2942 προσαχθῆναι

2076 2963 2237 3035 θυσίᾳ
2283 2965 2402 3036 Θεῴ
2449 2963 2652 3034 μᾶλλον
2701 2967 2968 3035 αἱρεῖται,
3002 2964 3034 3034 ἢ
3068 2961 3379 3034 ψευσθῆναι
3419 2961 3512 3015 τοῦ
3545 2979 3656 3014 πα-

2074 3056 2202 3128 τρὸς
2251 3056 2351 3128 τὴν
2396 3057 2597 3128 εὐχήν
2623 3057 2716 3111 καὶ
2749 3056 2810 3115 τὸ
2856 3055 3188 3126 δηλούμενον
3225 3052 3499 3122 ἀγνοοῦσα
3522 3095 3535 3117 ,
3567 3053 3660 3105 τὸν

391 3153 471 3207 rei
497 3165 728 3207 sensum
771 3149 1082 3220 ignoraret,
1117 3147 1346 3218 ﬁguram
1384 3161 1559 3203 sacra:
1593 3147 1854 3202 salutaris
1886 3162 1971 3200 ex-

2080 3150 2249 3204 τύπον
2279 3151 2517 3222 ἐπλήρου
2546 3151 2646 3222 τῆς
2683 3151 2832 3222 ἱερᾶς
2876 3151 2970 3204 καὶ
3007 3147 3276 3220 σωτηρίου
3310 3147 3522 3208 θυσίας.
3557 3146 3662 3202 Οῦ-

389 3245 560 3314 plevit
614 3241 869 3297 victima.
925 3241 1004 3294 Ac
1048 3240 1126 3294 ita
1185 3255 1322 3295 sane
1385 3239 1820 3310 reprehensione
1867 3239 1971 3294 hoc

390 3338 596 3390 factum
629 3343 800 3390 caret.
822 3331 1028 3387 Verum
1062 3331 1303 3388 scmelid
1324 3329 1533 3386 factum
1571 3341 1651 3386 est
1677 3349 1690 3386 :
1712 3331 1974 3402 deinceps

389 3427 436 3478 si
471 3423 646 3490 ﬁeret,
670 3436 1044 3494 nequaquam.
1079 3421 1137 3478 ld
1163 3421 1310 3476 enim
1373 3437 1502 3477 cum
1561 3421 1974 3492 signiﬁcatione

391 3517 576 3586 aliqua
621 3513 830 3568 factum
866 3527 978 3567 non
1013 3526 1111 3580 per
1142 3527 1361 3567 omnem
1406 3518 1622 3566 aetatem
1677 3510 1812 3580 legis
1863 3509 1971 3562 vim

389 3606 627 3660 obtinet.
658 3605 738 3658 Ae
784 3605 838 3658 in
885 3601 1083 3674 primis
1138 3600 1361 3671 quidem
1395 3615 1521 3656 cum
1562 3599 1712 3656 Deus
1760 3601 1970 3654 clarum

393 3697 588 3754 fecerit
607 3712 667 3752 se
694 3709 1045 3766 nequaquam
1079 3693 1324 3746 victimis
1353 3691 1626 3750 delectari
1659 3690 1970 3744 hominum.

466 3787 880 3842 Pltarathonita.
911 3781 1049 3858 [XIL
1087 3781 1202 3855 13.]
1233 3780 1374 3838 Urbs
1412 3783 1469 3854 in
1510 3791 1775 3837 montano
1810 3783 1972 3835 Ama-

393 3881 498 3936 lec.

463 3970 638 4026 Morte
680 3972 975 4026 moriemur
1009 3970 1264 4042 quoniam
1295 3969 1464 4024 Deum
1509 3969 1760 4024 vidimus.
1803 3965 1969 4040 [XllL

389 4065 508 4138 22.]
558 4063 891 4134 Suspicatus
923 4071 1010 4118 est
1043 4061 1237 4118 Mauoe
1283 4079 1396 4116 non
1448 4062 1728 4132 angelum,
1781 4077 1970 4114 verum

390 4153 564 4208 Deum
597 4167 658 4206 se
696 4151 926 4206 vidisse.
969 4151 1246 4216 Quocirca
1297 4149 1585 4204 victimam
1627 4164 1737 4202 non
1774 4150 1968 4204 eodem

391 4240 498 4294 loci
545 4238 767 4304 obtulit,
812 4251 1006 4291 verum
1065 4251 1234 4307 super
1272 4247 1434 4306 petra
1478 4252 1603 4306 qua:
1639 4236 1972 4306 signiﬁcavit

391 4328 700 4382 Christum.
743 4324 815 4380 At
847 4324 944 4395 qui
976 4325 1232 4396 angelum
1261 4340 1390 4380 esse
1413 4334 1656 4395 cogmto,
1693 4325 1876 4380 denuo
1911 4339 1971 4380 se

393 4419 564 4474 Deum
608 4419 816 4474 vidisse
845 4419 880 4472 d
907 4417 1030 4474 xit?
1065 4416 1162 4474 Vel
1213 4421 1268 4472 in
1317 4417 1497 4487 legato
1537 4419 1832 4489 legautem,
1887 4415 1970 4472 vel

2079 3261 2158 3297 τω
2204 3242 2314 3314 γάρ
2361 3244 2482 3296 οὐδὲ
2535 3244 2856 3314 ἐπιτίμησιν
2909 3243 3034 3314 ἔσχε
3081 3241 3142 3294 τὸ
3205 3240 3493 3312 πραχθέν·
3523 3241 3662 3311 πλὴν

2083 3336 2231 3402 ams,
2289 3335 2562 3408 ἐπράχθη,
2595 3336 2660 3388 ἐκ
2693 3335 2950 3406 δευτέρου
3001 3334 3056 3388 δὲ
3097 3332 3369 3404 οὐδαμῶς.
3424 3333 3499 3386 Οῦ
3555 3332 3662 3400 γὰρ

2079 3427 2203 3480 καθ’
2227 3427 2351 3481 ὅλου
2398 3429 2490 3481 τοῦ
2531 3427 2726 3498 χρόνου
2780 3427 2944 3497 νόμος
2990 3427 3049 3480 τδ
3081 3427 3216 3498 πρὸς
3245 3429 3475 3499 σημεῖον
3501 3440 3664 3494 γεγο-

2079 3519 2188 3585 νὸς,
2222 3521 2315 3572 καὶ
2346 3518 2586 3589 μάλιστα
2615 3518 2751 3572 Θεοῦ
2787 3517 3155 3588 δεδηλωκότος
3179 3516 3444 3589 μηδαμῶς
3471 3516 3664 3588 βεϐου⁹

2079 3609 2278 3682 λῆσθαι
2307 3611 2498 3674 θυσίας
2525 3609 2852 3682 ἀνθρώπων.

2160 3793 2224 3846 '0
2250 3794 2700 3862 Φαραθωνίτης·
2737 3791 2889 3857 πόλις
2924 3795 2983 3846 ἐν
3029 3791 3201 3865 ὁρίοις
3246 3792 3521 3866 Ἀμαλήκ.

2107 4009 2114 4018 .
2151 3966 2396 4032 Θανάτῳ
2421 3967 2906 4037 ἀποθανούμεθα,
2935 3967 3024 4022 ὅτι
3049 3969 3200 4024 Θεὸν
3229 3969 3497 4040 εἴδομεν.
3535 3970 3670 4024 Ὕπ-

2079 4060 2350 4126 ετὸπαςεν
2387 4062 2415 4114 ὁ
2459 4059 2658 4114 Μανωέ
2711 4060 2793 4130 μὴ,
2817 4059 3068 4129 ἄγγελον,
3090 4061 3224 4114 ἀλλὰ
3263 4061 3396 4115 Θεὸν
3427 4062 3666 4134 ἑωρακέ·

2079 4171 2189 4210 ναι.
2222 4153 2313 4206 Διὸ
2340 4153 2434 4206 καὶ
2454 4153 2554 4224 τὴν
2576 4152 2766 4206 θυσίαν
2795 4155 3170 4224 προσήνεγκεν
3191 4154 3290 4208 οὐκ
3329 4155 3496 4208 αὐτοῦ
3529 4155 3667 4226 (66).

2079 4243 2217 4314 πρὸς
2249 4243 2307 4297 δὲ
2342 4244 2550 4315 πέτραν
2577 4245 2678 4316 τὴν
2725 4246 3101 4316 σημαίνουσαν
3125 4246 3218 4301 τὸν
3255 4248 3514 4320 Χριστόν.
3547 4247 3670 4312 Πῶς

2076 4333 2133 4388 δὲ
2157 4335 2339 4403 γνοὺς,
2395 4336 2477 4388 ὅτι
2535 4335 2766 4406 ἄγγελός
2801 4337 2950 4398 ἐστι,
2979 4338 3142 4392 πάλιν
3189 4339 3324 4392 Θεὸν
3361 4340 3671 4411 ἑωρακέναι

2077 4427 2284 4498 φησίνς
2318 4428 2390 4480 Ἦ
2434 4429 2492 4481 ὲν
2543 4427 2620 4496 τῷ
2676 4430 2983 4500 πεμφθέντι
3023 4429 3117 4483 τὸν
3151 4431 3534 4502 πέμψαντα,ῆ
3577 4431 3672 4484 τὸν

392 4511 576 4582 magni
619 4510 840 4566 consilii
875 4509 1133 4580 angelum
1157 4510 1205 4542 ’³
1247 4509 1447 4564 i-uuuit.
1494 4508 1587 4562 Dei
1619 4524 1748 4564 vero
1781 4525 1968 4564 vocem

2080 4519 2175 4590 τῆς
2208 4519 2451 4592 μεγάλης
2491 4519 2688 4592 βουλῆς
2733 4522 2984 4590 ἄγγελον.
3009 4523 3119 4576 Καὶ
3147 4523 3180 4594 ή
3205 4521 3356 4593 φωνὴ
3378 4522 3489 4594 γὰρ
3507 4522 3668 4581 Θεοῦ.

393 4617 536 4666 esse,
584 4601 720 4656 illud
757 4601 904 4671 quod
951 4617 1154 4656 nomen
1188 4601 1442 4658 iudicare
1478 4612 1722 4667 recns-at,
1763 4602 1967 4672 arguit.

395 4691 530 4745 Item
560 4689 708 4760 quod
741 4685 1078 4744 miraculum
1118 4690 1264 4745 idem
1291 4691 1443 4762 quod
1479 4700 1608 4746 ante
1641 4689 1850 4746 Jacobo
1897 4692 1976 4746 di-

394 4794 544 4836 ctum
586 4789 698 4844 est,
735 4779 968 4835 indicat.
1009 4780 1426 4855 Quapropterei
1461 4789 1731 4851 tanquam
1759 4779 1872 4837 Deo
1891 4782 1978 4836 τί-

391 4876 614 4931 ctimam
647 4876 805 4929 litare
843 4882 930 4930 est
954 4874 1232 4946 dignatus.

458 4964 732 5019 Caeterum
785 4963 983 5018 mulier
1031 4965 1155 5020 viro
1211 4965 1431 5020 videtur
1481 4962 1862 5032 praestantior,
1911 4980 1976 5021 ac

393 5055 518 5110 ideo
543 5055 722 5124 primo
759 5053 808 5108 ei
843 5053 985 5109 visio
1023 5054 1284 5124 obtingit,
1321 5069 1385 5108 ac
1433 5068 1531 5122 per
1575 5067 1695 5106 eam
1741 5056 1974 5112 maritus

391 5150 636 5210 demum,
659 5162 822 5217 quem
866 5147 1013 5201 bono
1036 5147 1226 5200 animo
1253 5160 1376 5200 esse
1416 5143 1590 5210 jubet.
1850 5200 1852 5204 τ

463 5236 642 5291 Porro
665 5237 927 5292 Samsoni
964 5235 1154 5304 capilli
1195 5248 1388 5288 omnes
1407 5232 1552 5288 vires
1579 5234 1969 5301 conciliarunt,

395 5343 489 5395 per
517 5343 663 5398 quos
687 5336 741 5380 et
773 5327 1008 5396 Spiritus
1030 5341 1154 5382 sese
1186 5325 1424 5379 vibravit
1454 5325 1846 5395 superipsum.
1877 5328 1971 5384 Sic

390 5421 556 5472 etiam
599 5435 727 5474 cum
775 5419 933 5474 Anna
967 5429 1154 5474 votum
1196 5424 1598 5488 nuncupasset,
1643 5419 1689 5472 si
1726 5431 1966 5490 pareret,

451 5571 497 5602 "
525 5570 706 5628 .Iudic.
757 5573 924 5635 “,29.
1001 5574 1048 5606 ⁸³
1075 5571 1182 5630 Isti.
1219 5586 1294 5640 Ix,
1330 5575 1382 5630 6.

2081 4609 2158 4680 μὴ
2184 4609 2465 4674 ἀξιοῦντος
2517 4612 2694 4666 εἰπεῖν
2743 4611 3000 4684 τοῦνομα.
3054 4613 3164 4667 Καὶ
3219 4613 3352 4668 αὐτὸ
3395 4615 3506 4684 γάρ
3533 4630 3670 4682 φησι

2075 4701 2409 4772 θαυμαστὸν,
2433 4702 2569 4775 ὅπερ
2615 4703 2818 4778 ἐρρέθη
2874 4706 3140 4778 πρότερον
3186 4705 3403 4760 Ἰακώϐ.
3439 4705 3671 4770 Ἦξίωσε

2079 4795 2136 4848 δὲ
2163 4793 2240 4866 τῷ
2275 4794 2396 4866 Θεῴ
2435 4795 2810 4866 προσάγεσθαι
2836 4798 2934 4870 τὴν
2966 4797 3182 4854 θυσίαν.

2165 4969 2227 5024 Ἦ
2262 4973 2400 5042 γυνὴ
2425 4971 2734 5045 τελειοτέρα
2767 4975 3018 5045 φαίνεται
3043 4975 3142 5030 τοῦ
3187 4975 3402 5050 ἀνδρός.
3436 4976 3532 5030 Διὸ
3578 4979 3671 5031 καὶ

2083 5060 2276 5131 πρώτη
2309 5062 2406 5132 τῆς
2441 5062 2710 5129 ὀπτασίας
2743 5065 3024 5136 τυγχάνει,
3044 5065 3141 5120 καὶ
3161 5065 3232 5119 δι’
3256 5066 3431 5139 αὐτῆς
3451 5069 3482 5121 ὁ
3503 5066 3668 5139 ἀνὴρ,

2083 5153 2179 5205 καὶ
2213 5152 2459 5207 διδάσκει
2492 5155 2585 5209 τὸν
2620 5155 2794 5226 ἄνδρα
2825 5155 3076 5230 θαρρεῖν.

2151 5245 2243 5318 Τῷ
2275 5247 2518 5318 Σαμψὼν
2544 5249 2602 5302 αἱ
2632 5249 2821 5321 τρίχες
2849 5251 2950 5321 τὴν
2973 5253 3155 5306 πᾶσαν
3180 5252 3462 5306 ἐνεποίουν
3489 5252 3668 5324 ἰσχὺν,

2079 5335 2150 5390 δι’
2187 5331 2264 5392 ὧν
2288 5340 2384 5391 καὶ
2417 5340 2478 5393 τὸ
2507 5339 2730 5411 πνεῦμα
2773 5339 3116 5412 κατηύθυνεν
3161 5342 3466 5399 ἐπ”αῦτόν.
3505 5343 3667 5398 Ἀλλὰ

2077 5429 2170 5482 καὶ
2197 5434 2295 5502 τῆς
2329 5433 2534 5504 ’Δννης
2567 5434 2894 5508 εὐξαμένης,
2929 5436 2975 5489 εί
2997 5435 3169 5504 τέκοι,
3203 5435 3426 5511 σίδηρον
3454 5437 3550 5494 ἐπὶ
3568 5437 3671 5510 τὴν

1877 5670 2090 5730 ΝΟΤΑΞ
2103 5717 2117 5731 .

461 5755 580 5844 (66)
607 5772 770 5847 Αὐτῷ
790 5776 1010 5842 πάντως
1033 5780 1335 5849 ἁναγνωστ.
1366 5781 1444 5852 τῷ
1499 5781 1740 5854 Ἀγγέλῳ
1785 5783 1965 5856 δῆθεν.
