4018 6230
393 341 527 408 i073

1495 347 2029 409 CUMMENTARII
2068 348 2147 409 IN
2180 348 2512 410 JUDICES.

3498 346 3633 410 107$

389 454 627 521 γεςαλὴν
663 452 758 504 οὐκ
787 451 1156 518 ἀναϐήσεσθαι
1187 452 1278 504 τοῦ
1304 452 1522 516 παιδὸς,
1554 456 1808 520 γεννᾶται
1849 456 1955 505 Σα-

2084 460 2261 510 ‘errum
2280 472 2386 509 non
2421 470 2784 509 ascensurttm
2812 469 2978 525 super
3004 461 3171 525 caput
3197 453 3374 524 pueri,
3400 455 3632 511 Samue-

396 546 563 611 μονὴ).
600 546 627 595 ὁ
655 543 732 612 τῷ
775 544 995 611 μεγάλῳ
1039 545 1514 615 παραϐαλλόμενος
1551 547 1778 599 Μωῦσεῖ
1808 546 1957 615 παρᾶ

390 641 466 707 τῷ
499 640 626 706 θείῳ
649 638 829 691 Δαϐίδ.
871 640 1008 709 Φησὶ
1034 641 1160 708 γὰρ,
1201 659 1218 690 ι
1256 642 1493 708 Μωῦτῆς
1520 643 1616 693 καὶ
1661 641 1869 711 Ἀαρὼν
1902 644 1960 694 ὲν

391 735 496 783 τοῖ.
522 731 756 796 ἱερεῦσιν
782 730 969 794 αὑτοῦ,
1000 732 1093 782 καὶ
1121 731 1371 801 Σαμουὴλ
1409 733 1466 784 ἐν
1513 735 1625 795 τοῖς
1666 733 1960 785 ἐπικαλου-

396 825 577 891 μένοις
600 822 659 874 to
686 823 855 890 ὄνομα
879 820 1065 875 αὐτοῦ.
1104 841 1121 871 ι
1156 822 1242 872 Ἐν
1273 821 1328 874 δὲ
1359 823 1436 892 τῷ
1466 823 1731 894 Ἱερεμίᾳ,
1769 841 1786 873 ι
1838 824 1962 876 Ἐὰν

396 914 516 982 στῇ,
571 910 724 978 φησὶ,
770 910 1012 975 Μωῦσῆς
1055 910 1149 962 ναὶ
1200 910 1453 979 Σαμουὴλ
1507 912 1612 979 πρὸ
1668 910 1961 980 προσώπου

398 1017 520 1068 μου,
552 1018 569 1050 ι
624 998 787 1051 Ἀλλά
835 998 929 1050 καὶ
982 998 1090 1051 τῶν
1132 998 1306 1066 Ἰησοῦ
1359 1000 1619 1070 μαθητῶν
1669 1003 1723 1053 αἱ
1775 1001 1963 1071 τρίχες

393 1089 721 1159 ἡρίθμηντο.
775 1089 887 1142 Καὶ
929 1089 1179 1158 περὶτοῦ
1216 1079 1270 1142 δὲ
1320 1089 1663 1160 τριχώματος
1701 1092 1799 1159 τῆς
1828 1091 1965 1159 νύμ-

396 1200 503 1250 φης
530 1183 586 1233 ὲν
604 1182 846 1252 ’ᾼσματι
874 1179 1051 1247 λόγος.
1075 1181 1257 1233 Ἔοικε
1275 1181 1452 1233 τοίνυν
1473 1183 1500 1234 ό
1523 1181 1669 1249 βιοὺς
1700 1181 1963 1252 ἀκριϐῶς,

397 1271 491 1324 καὶ
532 1270 693 1338 μέχρι
726 1269 821 1321 τοῦ
853 1268 1107 1338 τυχόντος
1136 1267 1278 1342 κατὰ
1303 1268 1394 1320 τὸν
1413 1269 1552 1320 θεῖον
1575 1268 1729 1335 λόγον
1753 1269 1967 1321 ἅπαντα

398 1361 657 1428 πράττειν
697 1358 1020 1428 βουλόμενος
1042 1398 1056 1423 ,
1092 1359 1165 1420 ὼς
1201 1358 1355 1424 ἀγιος
1398 1358 1492 1411 καὶ
1538 1359 1656 1429 Θεῷ
1686 1360 1971 1430 ἀνακείμε-

398 1467 488 1514 νος
517 1448 777 1503 ἐπαινετὰ
797 1451 893 1502 καὶ
926 1449 1123 1518 ἰσχυρὰ
1149 1448 1293 1518 ἔχειν
1320 1450 1413 1502 καὶ
1435 1449 1503 1501 τὰ
1526 1444 1641 1502 οἷον
1661 1450 1970 1519 αἰσθήσεως

400 1540 733 1614 ἀμοιροῦντα
774 1540 1087 1610 θειοτέρας,
1127 1540 1274 1609 ἅπερ
1326 1541 1441 1593 ἐστὶ
1479 1540 1546 1594 τὰ
1591 1539 1967 1614 βιοτικὼτερα,

404 1634 497 1687 καὶ
524 1635 589 1703 τῇ
615 1633 933 1703 ἀνθρωπίνῃ
973 1631 1133 1700 φύσει
1163 1632 1252 1685 διὰ
1278 1633 1375 1701 τὴν
1401 1632 1495 1685 τοῦ
1522 1629 1772 1704 σώματος
1802 1634 1970 1702 ἀνάγ-

404 1742 509 1795 κην
536 1722 1088 1793 παραλαμὸανόμενα.
1115 1719 1217 1775 Ὧν
1244 1723 1272 1775 ὁ
1306 1724 1460 1799 ἅγιος
1497 1724 1558 1776 οὐ
1613 1728 1967 1795 καταφρονεῖ,

404 1815 481 1878 ὡς
547 1814 619 1885 μὴ
677 1816 869 1881 ἁγίων.
904 1815 1065 1878 "Aﬁr-1.
1115 1817 1224 1886 γὰρ
1275 1815 1368 1870 τοῦ
1419 1817 1602 1885 μέλειν
1640 1817 1759 1887 Θεῷ
1787 1835 1847 1869 τε
1877 1819 1972 1870 καί⁸

401 1905 563 1975 λόγῳ.
596 1906 687 1969 Eii;
723 1905 880 1970 δόξαν
905 1907 1013 1976 γὰρ
1038 1907 1171 1959 Θεοῦ
1200 1909 1310 1969 τοῖς
1337 1907 1515 1973 ἁγίοις
1552 1909 1646 1960 καὶ
1679 1908 1737 1961 τὸ
1773 1908 1982 1961 ἐσθίειν

404 2001 500 2055 καὶ
528 2002 588 2054 τὸ
612 2001 786 2053 πίνειν
813 2002 907 2054 καὶ⁹
949 2004 1055 2054 πᾶν
1081 2002 1108 2054 ὃ
1142 2019 1195 2054 τι
1221 2002 1480 2055 τοιοῦτον.
1526 2005 1631 2055 Καὶ
1661 2000 1973 2072 ἀριθμεῖται

401 2092 576 2146 ταῦτα
610 2092 762 2162 παρὰ
791 2092 927 2163 Θεῷ,
956 2093 1029 2157 ὡς
1058 2095 1116 2146 ὲν
1146 2095 1259 2156 τοῖς
1304 2094 1584 2165 Ἀριομοῖς
1614 2094 1684 2147 τὰ
1720 2094 1828 2147 ἀπὸ
1873 2111 1975 2163 μη-

403 2183 576 2237 νιαίου
636 2185 727 2236 καὶ
764 2185 949 2237 ἐπάνω
984 2184 1190 2247 παιδία,
1235 2185 1293 2236 οὐ
1344 2185 1561 2239 πάντων
1600 2186 1971 2255 Ἰσραηλιτῶν,

403 2274 519 2328 ἀλλ’
545 2275 663 2345 ἦτοι
711 2275 976 2336 Λευῐτῶν,
1008 2275 1041 2345 ἢ
1085 2274 1222 2343 μόνα
1263 2276 1330 2328 τὰ
1376 2275 1696 2347 πρωτότοκα
1722 2292 1734 2305 °
1767 2274 1889 2328 οὔτε
1918 2275 1976 2326 δὲ

402 2367 632 2428 οἰκέται,
675 2365 801 2419 οὔτε
838 2369 866 2419 ὁ
911 2367 1233 2436 ὲπίμικτος,
1276 2363 1401 2418 οὔτε
1442 2369 1720 2433 γυναῖκες,
1769 2365 1892 2419 οὔτε
1925 2366 1974 2418 οί

408 2457 485 2530 μὴ
512 2458 801 2527 δυνάμενοι
829 2457 917 2511 διὰ
966 2458 1098 2511 νέαν
1135 2455 1353 2525 ἠλικίαν
1404 2451 1604 2522 ἐξιέναι
1653 2457 1788 2528 πρὸς
1821 2456 1978 2510 πόλε-

409 2566 530 2619 μον.
567 2548 821 2613 Τοιοῦτος
858 2548 1085 2612 εἰκότως
1116 2550 1145 2601 ό
1175 2547 1451 2619 Σαμουὴλ.

479 2809 603 2873 Πῶς
651 2809 745 2863 snt
796 2811 918 2873 ταῖς
960 2810 1208 2877 γυναιξὶν
1243 2809 1342 2863 οὐκ
1368 2808 1637 2877 ἀφίστατο
1668 2809 1730 2863 rb
1763 2808 1978 2881 πνεῦμα

411 2898 507 2954 τοῦ
541 2899 821 2969 Σαμψὼν;
855 2900 927 2953 ’Ἡ
962 2898 1235 2968 θειότερόν
1281 2916 1333 2952 τι
1370 2902 1439 2952 τὰ
1485 2897 1626 2953 κατὰ
1669 2900 1855 2953 τοῦτον
1882 2900 1980 2969 δη·-

409 2993 514 3048 λοῖ.
543 2992 617 3045 Τὸ
646 2991 743 3062 μὲν
774 2990 883 3062 γὰρ
918 2988 1229 3071 ὃλόνσσῶμα
1258 2989 1352 3043 τοῦ
1388 2989 1646 3060 Σαμψὼν,
1680 2991 1841 3059 σῶμά
1864 2991 1977 3063 (67)

412 3087 530 3139 ἐστι
552 3085 644 3138 τοῦ
669 3082 955 3155 Χριστοῦή
993 3083 1289 3154 Ἐκκλησία
1325 3082 1412 3136 διὰ
1437 3084 1516 3149 τὸ,
1544 3104 1562 3136 ι
1584 3084 1771 3154 Ὑμεῖς
1787 3084 1841 3137 δέ
1861 3086 1979 3138 ἐστε

2087 3098 2287 3153 corpus
2318 3083 2563 3137 Ecclesia
2610 3093 2715 3150 est,
2750 3083 2908 3154 juxta
2938 3084 3073 3137 illud

415 3176 574 3247 σῶμα
599 3175 835 3247 Χριστοῦ
866 3176 960 3229 καὶ
985 3175 1121 3246 μέλη
1151 3176 1214 3229 ἐκ
1240 3176 1438 3244 μέρους
1463 3192 1509 3225 ἰ
1537 3177 1722 3247 τρίχες
1745 3176 1801 3229 δὲ
1818 3194 1988 3244 κεφα-

416 3268 514 3337 λῆς
572 3267 621 3319 οἱ
664 3266 857 3320 τοιοίδε
922 3264 1099 3333 ἆγιοι,
1140 3267 1233 3320 καὶ
1275 3267 1503 3337 δύναμιν
1556 3269 1882 3337 παρέχοντες
1908 3269 1990 3321 δι-

415 3357 712 3423 δασκαλίας
734 3357 836 3418 καὶ
866 3359 961 3427 τῆς
983 3357 1150 3427 ἄλλης
1186 3358 1460 3421 πολιτείας
1510 3358 1588 3428 τῷ
1616 3359 1720 3427 ὅλῳ
1750 3356 1986 3428 σόῖματι.

416 3432 802 3521 Ζητοῦσινοῦν
832 3452 881 3503 οἱ
904 3450 1192 3518 ἀλλόφυλοι
1232 3449 1336 3502 ποῦ
1364 3451 1463 3518 τῆς
1492 3450 1619 3518 ὅλης
1662 3450 1990 3517 Ἐκκλησίας

416 3544 451 3612 ἡ
488 3541 738 3608 δύναμις,
775 3541 969 3610 μέχρις
1015 3538 1081 3591 ἂν
1113 3537 1345 3608 εὕρωσιν
1379 3541 1435 3592 ὲν
1465 3538 1607 3591 τίσιν
1642 3539 1809 3593 ἐστίν.
1847 3539 1990 3592 Ἀλλ’

416 3630 539 3683 ὅσον
576 3629 673 3699 μὲν
705 3620 850 3681 οὗτοι
882 3629 946 3697 τῇ
987 3626 1282 3696 Ἐκκλησία
1306 3628 1580 3696 πάρεισιν.
1603 3627 1748 3681 ἔστιν
1785 3628 1989 3699 ἀήττη-

418 3718 654 3782 τος,κᾶν
693 3716 1027 3786 δεσμεύηται
1079 3717 1184 3768 ὑπὸ
1234 3716 1342 3770 τῶν
1397 3716 1731 3784 ἀλλοφύλων,
1765 3718 1989 3791 διαρρη-

417 3808 673 3877 γνύουσιν
722 3806 797 3869 ὡς
837 3805 1263 3868 ἀσθενεστάτους
1323 3806 1447 3870 τοὺς
1492 3807 1584 3857 ὑπ’
1631 3807 1857 3860 ἐκείνων
1904 3806 1991 3859 δε-

421 3900 614 3967 σμούς.
660 3896 825 3951 Ἐπάν
857 3897 913 3949 δὲ
936 3895 1101 3960 ὕπνος
1141 3896 1426 3969 καταλάϐῃ
1459 3896 1520 3948 τὸ
1572 3896 1749 3967 σῶμα,
1787 3899 1880 3951 καί
1909 3892 1991 3960 οἷς

418 3994 479 4046 οὐ
513 3993 618 4062 χρὴ
652 3989 878 4059 ἐκθῆται
912 3987 978 4042 τὰ
1012 3988 1111 4057 τῆς
1140 3988 1442 4056 δυνάμεως,
1479 3989 1599 4040 τότε
1635 3987 1989 4056 auge-iratas).

417 4086 520 4155 τὴν
566 4083 795 4152 δύναμιν
838 4081 1177 4135 ἀποτίθεται.
1227 4080 1605 4143 Ἀσοενοῦντος
1653 4081 1708 4133 δὲ
1750 4080 1844 4133 τοῦ
1881 4081 1989 4134 otii-

426 4192 614 4246 ματος,
640 4177 688 4227 οἱ
715 4173 1003 4240 ἀλλόφυλοι
1030 4173 1089 4225 οὐ
1120 4173 1282 4242 μέχρι
1307 4170 1402 4225 τοῦ
1430 4172 1723 4241 ἀφελέσ⁶αι
1744 4173 1867 4235 τοὺς
1890 4173 1988 4243 τὴν

420 4266 650 4335 δύναμιν
680 4264 859 4317 αὐτῶν
900 4262 1241 4333 παρέχοντας
1287 4262 1529 4315 ἵστανται
1556 4278 1568 4290 ·
1611 4261 1745 4315 ἀλλὰ
1795 4263 1903 4333 γὰρ
1940 4264 1991 4316 εἴ

422 4375 527 4411 που
552 4358 647 4410 καὶ
683 4356 989 4427 διορατικόν
1016 4373 1069 4408 τι
1094 4356 1179 4426 εἴη
1214 4355 1310 4408 καὶ⁴
1343 4355 1435 4421 ὀξυ
1483 4355 1698 4425 βλέπειν
1750 4357 1983 4425 δυνάμε-

2061 545 2164 598 lem
2193 546 2386 615 gignit,
2423 546 2516 616 qui
2550 544 2683 599 Mosi
2721 560 2919 614 magno
2952 560 2981 597 a
3015 546 3216 600 Davide
3250 557 3632 616 comparatur,

2062 635 2242 704 inquit
2285 639 2433 690 enim
2473 656 2486 692 :
2523 658 2540 689 ι
2577 635 2759 691 Moses
2791 645 2846 691 et
2893 637 3078 690 Aaron
3132 638 3274 692 inter
3323 638 3637 693 sacerdotes

2058 727 2206 794 ejus,
2239 727 2461 784 Samuel
2491 731 2632 783 inter
2650 745 2745 785 eos
2772 729 2865 798 qui
2893 729 3366 785 invocautnomcn
3391 731 3511 800 ejus
3535 730 3632 784 ".3

2063 818 2237 873 Porro
2275 820 2329 873 in
2359 818 2591 874 Ieremia
2631 838 2643 872 :
2675 839 2692 871 ι
2735 820 2890 885 Quod
2917 820 2963 875 si
2996 819 3196 883 Moses,
3232 821 3434 890 inquit,
3468 830 3636 875 stete-

2066 908 2142 961 rit
2169 924 2291 962 cum
2329 908 2587 964 Samuele
2612 924 2797 963 coram
2839 925 2923 963 me
2958 909 3028 961 ³⁵.
3064 927 3081 960 ι
3129 909 3244 963 Imo
3279 911 3441 964 etiam
3470 911 3641 965 disci-

2067 999 2320 1067 pulorum
2353 997 2484 1053 Jcsu
2513 1001 2697 1069 capilli
2731 1001 2785 1053 in
2819 1008 3111 1053 numerato
3144 1008 3271 1054 sunt
3301 1001 3367 1052 ’°.
3391 999 3463 1055 De
3484 1014 3638 1053 euma

2068 1090 2196 1144 item
2255 1107 2473 1160 sponsa}
2530 1092 2584 1145 in
2628 1092 2862 1145 Cantico
2913 1105 3100 1145 sermo
3139 1100 3227 1145 est
3252 1093 3319 1144 ⁸⁷.
3377 1091 3641 1160 Quisquis

2067 1184 2212 1236 enim
2252 1183 2421 1236 vitam
2469 1190 2732 1238 accurate
2769 1182 3035 1244 instituit,
3085 1194 3137 1236 et
3169 1182 3346 1251 quoad
3390 1182 3503 1235 ﬁeri
3540 1197 3637 1252 po-

2069 1280 2176 1327 test
2202 1273 2387 1326 omnia
2428 1274 2584 1342 juxta
2618 1274 2863 1326 divinam
2910 1273 3182 1325 rationem
3219 1287 3383 1340 agere
3413 1272 3638 1341 expetit,

2068 1380 2130 1419 ea
2160 1365 2325 1419 etiam
2377 1380 2500 1434 qua:
2564 1367 2747 1419 minus
2807 1364 3094 1417 divinitate
3145 1364 3477 1432 participant
3524 1373 3641 1417 tan-

2069 1472 2234 1526 quam
2268 1456 2351 1510 vir
2385 1465 2615 1511 sanctus
2644 1463 2697 1510 et
2728 1454 2838 1510 Deo
2865 1462 3013 1510 totus
3038 1455 3282 1518 deditus,
3307 1454 3537 1508 meliora
3573 1455 3648 1509 ef-

2070 1546 2441 1616 ﬁcacioraque
2487 1546 2541 1600 in
2596 1561 2718 1601 sese
2751 1546 2991 1616 experiri
3032 1548 3274 1599 videtur.
3318 1545 3645 1613 Cuiusmodi

2071 1652 2135 1692 ea
2168 1645 2300 1692 sunt
2322 1652 2443 1706 qua:
2466 1637 2531 1691 ad
2562 1637 2770 1691 victum
2807 1636 3107 1705 pertinent,
3148 1647 3200 1691 et
3236 1639 3484 1707 corporis
3521 1654 3648 1692 sus.

2072 1727 2315 1780 tentandi
2352 1741 2513 1779 causa
2556 1727 2876 1780 necessario
2902 1727 2968 1779 ab
3003 1726 3320 1780 hominibus
3354 1742 3649 1779 assumun-

2076 1828 2183 1879 tur,
2232 1817 2391 1887 507
2433 1833 2554 1888 quae
2586 1833 2652 1872 ne
2691 1826 2919 1874 sanctus
2962 1818 3188 1886 quidem
3234 1826 3497 1887 tanquam
3539 1834 3646 1871 nua

2076 1920 2265 1962 sancta
2294 1909 2711 1977 contempserit.
2744 1908 2936 1977 Neque
2960 1909 3105 1962 enim
3138 1908 3359 1975 indigna
3385 1917 3511 1961 sunt
3531 1924 3650 1975 qua:

2075 2010 2103 2049 a
2136 1994 2246 2050 Deo
2283 2002 2338 2050 et
2372 1995 2540 2055 verbo
2571 2003 2854 2049 curentur.
2900 1993 2955 2049 In
2984 1995 3216 2064 gloriam
3249 1995 3395 2048 enim
3430 1993 3525 2047 Dci
3565 2011 3651 2048 eeo

2075 2086 2157 2141 dit
2201 2094 2257 2141 et
2295 2095 2618 2142 sanctorum
2664 2101 2793 2141 esus
2835 2094 2887 2141 et
2924 2094 3109 2155 potus,
3155 2093 3210 2139 et
3253 2085 3523 2154 quidquid
3568 2095 3653 2140 est

2074 2178 2415 2247 huiusmodi.
2450 2171 2586 2234 Nam
2622 2195 2684 2234 ea
2723 2194 2944 2249 quoque
2978 2178 3121 2248 apud
3164 2176 3335 2232 Deum
3375 2177 3429 2231 in
3463 2193 3650 2232 nume-

2076 2277 2201 2325 rato
2243 2280 2393 2335 sunt,
2434 2285 2542 2323 non
2583 2270 2767 2325 minus
2798 2284 2960 2338 quam
3007 2270 3061 2322 in
3118 2267 3374 2322 Numeris
3405 2268 3451 2299 ⁸⁸
3496 2267 3656 2335 pueri

2077 2372 2321 2413 mensem
2354 2368 2445 2412 aut
2468 2373 2632 2430 supra
2664 2361 2810 2414 natis
2843 2374 2950 2412 non
2975 2358 3345 2413 lsraelitarum
3379 2359 3658 2421 ouiniutn,

2076 2462 2265 2500 verum
2297 2458 2389 2501 aut
2431 2446 2768 2512 Levitarum,
2823 2458 2919 2503 aut
2943 2450 3318 2519 primogeniti.
3354 2449 3529 2503 Porro
3553 2466 3658 2503 nec

2078 2534 2267 2591 [amuli
2300 2553 2400 2593 nec
2438 2538 2716 2610 indigena,
2749 2555 2851 2594 nec
2880 2540 3162 2602 mulieres,
3206 2556 3385 2609 neque
3423 2541 3494 2594 ob
3520 2549 3654 2592 mta-

2078 2629 2151 2683 tis
2183 2631 2532 2685 teneritatem
2566 2631 2818 2685 militiam
2853 2631 3094 2687 obeundi
3128 2633 3318 2702 inepti.
3355 2631 3506 2687 Talis
3540 2645 3654 2686 non

2079 2723 2359 2778 immerito
2379 2723 2602 2780 Samuel
2638 2723 2813 2779 videri
2838 2725 3019 2781 debet.

2149 2813 2261 2869 Cur
2282 2830 2413 2868 vero
2449 2830 2558 2868 non
2605 2830 2772 2885 super
2809 2815 3067 2870 mulieres
3099 2814 3329 2884 spiritus
3369 2813 3657 2873 Samsonis

2081 2903 2339 2966 recessit,
2376 2903 2506 2966 quia
2537 2904 2831 2959 sublimius
2861 2903 3122 2972 quiddam
3165 2919 3254 2958 res
3283 2904 3463 2973 ipsius
3489 2904 3659 2975 signi-

2084 2994 2339 3050 ﬁcabant.
2379 2992 2579 3050 Totum
2621 2995 2822 3051 ctenim
2872 2994 3159 3050 Samsnnis
3204 3011 3405 3065 corpus
3454 2996 3658 3052 Christi

3121 3103 3134 3137 :
3169 3103 3187 3134 ι
3228 3083 3341 3138 Vos
3370 3099 3502 3139 vero
3533 3101 3659 3140 cor-

2090 3192 2194 3246 pus
2226 3177 2361 3230 estis
2386 3176 2617 3239 Chrisﬁ,
2655 3185 2708 3231 et
2756 3177 3003 3231 membra
3031 3192 3096 3232 ex
3128 3187 3281 3247 parte
3301 3181 3370 3232 θ’.
3408 3199 3425 3231 ι
3462 3177 3665 3248 Ηιιίυς-

2091 3268 2237 3323 modi
2270 3282 2400 3321 vero
2439 3268 2619 3337 capilli
2657 3268 2837 3323 sancti
2881 3276 3033 3333 sunt,
3075 3282 3138 3321 ac
3168 3283 3362 3321 omnes
3395 3277 3664 3337 quotquot

2089 3362 2239 3417 vires
2265 3360 2577 3427 disciplina;
2609 3373 2673 3413 ac
2712 3359 2885 3413 totius
2915 3360 3337 3429 gubernationis
3398 3361 3495 3413 leti
3537 3375 3663 3413 cor-

2091 3452 2208 3521 pori
2252 3437 2623 3519 suppeditant.
2671 3448 2965 3517 Inquiruut
3028 3448 3199 3517 igitur
3251 3448 3524 3503 Palaestini
3602 3465 3665 3501 ae

2093 3541 2276 3595 hostes
2319 3539 2578 3593 Ecclesire
2628 3538 2850 3593 ubinam
2884 3539 3052 3593 totius
3076 3538 3336 3593 Ecclesia:
3378 3539 3522 3594 vires
3555 3541 3667 3595 sint

2092 3632 2384 3695 abstrusm,
2413 3632 2589 3685 donec
2629 3646 2725 3685 eos
2760 3631 2814 3683 in
2853 3630 3058 3697 quibus
3106 3639 3256 3696 sunt,
3291 3632 3667 3701 deprehende—

2092 3721 2225 3776 rint.
2258 3719 2528 3775 Carterum
2551 3720 2793 3789 quandiu
2826 3720 2917 3773 isti
2949 3718 3208 3775 Ecclesiae
3237 3730 3367 3799 sunt
3390 3721 3662 3790 adjuncti,

2092 3813 2207 3882 ipsa
2232 3811 2449 3880 penitus
2480 3819 2564 3864 est
2589 3811 2810 3873 invicta,
2839 3811 2944 3865 etsi
3005 3813 3153 3864 enim
3179 3812 3232 3865 in
3262 3812 3483 3866 vincula
3511 3827 3539 3865 a
3566 3811 3668 3865 Pa-

2091 3900 2319 3955 laestinis
2345 3899 2696 3968 conjiciatur,
2734 3899 2800 3952 ab
2839 3900 2907 3953 iis
2938 3900 3158 3953 vincula
3198 3916 3303 3956 ceu
3342 3901 3666 3957 inﬁrmissi-

2088 4005 2177 4044 ma
2230 4000 2580 4058 rumpuntur.
2614 3987 3031 4057 Quamprimum
3092 4005 3221 4044 vero
3260 4007 3484 4045 sumntts
3538 3993 3667 4045 illud

2090 4099 2291 4154 corpus
2318 4085 2545 4152 ceperit,
2585 4099 2649 4138 ac
2684 4083 2751 4139 iis
2780 4084 2985 4153 quibus
3032 4084 3256 4139 minime
3307 4086 3675 4140 conveniebat

2090 4177 2233 4232 vires
2269 4192 2397 4231 suas
2422 4176 2789 4246 prostituerit,
2822 4177 3082 4231 tondetur
3105 4192 3168 4231 ac
3194 4176 3300 4230 vim
3324 4192 3478 4232 suam
3509 4178 3637 4229 amit
3655 4206 3669 4218 -

2089 4270 2174 4324 tit.
2196 4268 2331 4322 Cum
2366 4284 2496 4321 vero
2526 4283 2727 4337 corpus
2761 4269 2987 4336 languet
3016 4267 3294 4321 Palaestini
3338 4284 3443 4321 non
3477 4277 3582 4321 tam
3612 4274 3668 4318 ut

2089 4358 2235 4411 vires
2266 4357 2313 4409 ei
2349 4355 2598 4409 adimant
2645 4355 2922 4420 laborant,
2956 4370 3118 4425 quam
3152 4363 3212 4408 ut
3275 4354 3327 4409 id
3362 4355 3505 4424 quod
3543 4372 3667 4424 per-

422 4464 514 4502 νον
557 4450 614 4502 ὲν
655 4449 761 4518 ὅλῳ
798 4446 877 4516 τῷ
930 4446 1142 4517 σώματι
1191 4447 1289 4516 τῆς
1328 4446 1677 4515 Ἑκκλησίας,
1716 4447 1874 4500 τοῦτο
1902 4447 1979 4512 ἐξ·

2095 4444 2332 4513 spieitet
2387 4453 2608 4495 acutum
2654 4441 2831 4494 cernit
2882 4441 2934 4494 in
2995 4450 3108 4495 toto
3130 4456 3362 4510 corpore
3417 4441 3672 4507 Ecclesia}.

423 4540 740 4612 ορύττουσιν
763 4558 778 4572 ·
822 4540 896 4602 ὡς
925 4539 991 4593 ἂν
1029 4539 1089 4592 τὸ
1127 4538 1283 4607 σῶμα
1308 4538 1412 4591 ὑπὸ
1445 4539 1551 4590 τῶν
1591 4538 1865 4608 πολεμίων
1896 4543 1994 4610 ὲμ-

425 4631 710 4701 παίζηται,
746 4633 906 4701 μέχρι
938 4629 1115 4683 καινοί
1150 4646 1290 4691 τινες
1319 4629 1439 4681 ἀντὶ
1476 4628 1585 4681 τῶν
1618 4631 1991 4701 ἀφῃρημένων

424 4721 750 4775 ἁνατείλωσι
780 4720 879 4788 τῆς
918 4719 1264 4787 Ἐκκλησίας,
1307 4719 1365 4772 ὲν
1390 4712 1469 4781 οἷς
1502 4722 1534 4791 ἡ
1581 4720 1700 4772 οεία
1741 4720 1991 4790 δύναμις,

428 4813 713 4882 λεγόμενοι
760 4811 962 4881 τρίχες.
994 4807 1094 4865 ’Ὧν
1137 4810 1570 4875 ἀνατειλάντων,
1612 4812 1660 4863 oi.
1702 4810 1993 4880 ἀλλόφυλοι

430 4903 806 4958 συντελοῦνται
835 4903 1221 4965 ὲπιπίπτοντες
1253 4904 1437 4965 αὐτοῖς
1487 4903 1624 4972 μετὰ
1656 4903 1767 4954 τῶν
1800 4903 1995 4956 κιόνων

428 4994 524 5049 τοῦ
570 4995 720 5048 οἴκου
775 4994 995 5056 παντός.
1037 4995 1101 5047 Εἰ
1135 4994 1190 5046 δὲ
1222 4994 1316 5046 καὶ
1347 4993 1509 5054 αὐτὸς
1542 4992 1987 5062 παραπολαύσειε

430 5089 497 5156 τῇ
526 5085 622 5137 τοῦ
664 5086 813 5139 οἴκου
851 5087 944 5137 καὶ
993 5088 1056 5155 τῇ
1087 5084 1195 5136 τῶν
1230 5082 1545 5150 ἀλλοφύλων
1589 5082 1870 5154 συντελείᾳ
1899 5087 2000 5152 τῆς

434 5176 623 5229 ἑαυτοῦ
649 5174 978 5237 συντελείας,
1007 5175 1309 5245 πλεύματος
1338 5172 1545 5244 Κυρίου
1571 5173 1892 5237 εύθύναντος
1915 5172 2001 5226 ἐπ’

436 5267 621 5332 αὑτὸν,
661 5268 756 5320 καὶ
787 5266 958 5320 ταῦτα
997 5265 1398 5336 ἐργασαμένου,
1426 5263 1529 5334 χρὴ
1554 5265 1798 5330 σκοπεῖν,
1834 5264 1907 5328 ὡς
1939 5264 2000 5317 οὐ

488 5445 559 5523 η⁹⁵
596 5444 741 5500 Psal.
777 5460 961 5509 xcvut,
1000 5442 1052 5497 6.
1126 5444 1171 5475 ’⁵
1209 5439 1413 5495 Jerem.
1448 5456 1534 5507 xv,
1569 5441 1617 5494 i.

1696 5441 1742 5473 ⁸⁸
1781 5440 1973 5496 Matth.
2003 5457 2059 5506 ι,
2091 5441 2178 5496 '50.

2097 4542 2314 4593 eruant.
2348 4547 2412 4586 ac
2442 4546 2644 4599 corpus
2692 4531 2951 4586 hostibus
2992 4518 3335 4586 illudeudutn
3369 4532 3668 4601 prmbcant.

2098 4624 2275 4679 donec
2316 4622 2440 4676 novi
2486 4621 2653 4691 aliqui
2684 4621 2873 4675 divina
2914 4621 3121 4676 virtute
3164 4610 3400 4693 prmditi,
3450 4623 3542 4692 qui
3579 4637 3670 4676 ca-

2102 4715 2217 4786 pilli
2259 4720 2550 4775 vocantur,
2588 4712 2893 4765 ablaturum
2926 4712 3049 4765 loco
3090 4721 3465 4767 suecrescant.
3515 4713 3673 4779 Quod

2104 4807 2148 4863 si
2182 4808 2262 4869 fit,
2294 4803 2567 4859 Palaestini
2628 4803 3025 4870 coniiciuntur,
3060 4811 3284 4874 totaque
3332 4805 3531 4858 domus
3566 4820 3672 4856 una

2104 4915 2228 4954 cum
2264 4896 2539 4952 columnis
2569 4896 2621 4950 in
2658 4905 2824 4965 caput
2857 4897 3106 4966 ipsorum
3141 4896 3324 4949 irruit.
3366 4896 3431 4948 Et
3468 4894 3513 4949 si
3547 4910 3674 4947 vero

2105 4991 2299 5045 domus
2319 4988 2557 5054 ruinam,
2596 5003 2658 5042 ac
2689 4986 3102 5042 Palaestinorum
3135 4987 3413 5041 interitum
3438 4999 3543 5038 una
3577 4984 3673 5038 de-

2105 5081 2365 5153 gustarit,
2392 5093 2517 5134 cum
2554 5079 2767 5133 Domini
2799 5079 3032 5148 spiritus
3064 5078 3119 5131 in
3149 5078 3329 5146 ipsum
3366 5075 3671 5134 incidisset,

2107 5186 2281 5242 eaque
2315 5169 2608 5235 eﬂ‘ecisset,
2655 5169 3121 5224 considerandum
3157 5175 3339 5221 tamen
3380 5172 3484 5229 est,
3524 5165 3670 5234 quod

2109 5269 2230 5332 post
2263 5261 2543 5315 interitum
2569 5275 2675 5313 non
2701 5259 2888 5314 eadem
2923 5256 3242 5314 Palaestinos
3267 5269 3331 5310 ac
3350 5252 3673 5309 Samsoncm

2258 5440 2303 5479 ’3‘
2342 5438 2500 5493 Cant.
2539 5453 2609 5502 tv,
2644 5436 2704 5503 i;
2744 5452 2814 5499 rt,
2843 5434 2895 5489 4.

1954 5597 2182 5653 NOTAE.

519 5719 627 5790 (67)
668 5717 770 5773 Τὸν
800 5718 929 5773 ἴδιον
964 5716 1234 5786 σύνευνον,
1266 5720 1320 5774 ὃν
1347 5718 1599 5787 ἔθαλπεν,
1635 5717 1691 5770 ὃν
1723 5715 2012 5780 ὲΘώπευεν,
2050 5716 2108 5769 ὃν
2141 5714 2285 5770 ὲκολ.
2331 5716 2391 5767 ’0
2421 5713 2540 5767 αὐτ.
