4018 6230
407 303 557 366 1075

1735 291 2086 354 PROCOPII
2125 292 2372 353 GAZIEI

3520 292 3660 356 1076

414 421 754 488 manserunt.
790 412 1030 484 Spiritus
1049 412 1196 470 enim
1235 408 1452 469 Domini
1484 406 1577 479 qui
1607 422 1772 478 super
1794 407 1972 478 ipsum

2089 404 2158 458 τά
2195 403 2336 458 αὑτά
2367 402 2502 473 μετὰ
2541 401 2638 473 τὴν
2668 404 2978 458 συντέλειαν
3015 403 3300 456 ἀπόκειται
3341 409 3456 468 τοῖς
3497 405 3654 458 ἀλλο-

411 516 496 577 est
531 509 788 578 delapsus
826 521 952 562 eum
997 520 1104 560 non
1143 503 1409 562 deseruit.
1439 502 1574 568 Quae
1611 500 1796 555 omnia
1841 515 1974 556 sane

413 604 458 662 si
487 601 552 672 ad
586 601 868 673 Christum
895 597 1411 665 traducantur,non
1443 593 1582 650 male
1619 591 1974 662 convenient,

416 705 610 761 nempe
661 689 834 756 leonis
867 685 1197 747 interfectio.
1231 683 1411 750 mellis
1460 681 1701 738 inventio
1768 681 1824 736 in
1884 696 1980 736 ore

413 781 588 850 ipsius
624 777 927 839 cadaveris.
956 775 1258 838 Palaestina:
1297 775 1483 840 uxoris
1521 789 1643 842 quae
1681 773 1976 828 Ecclesium

412 873 653 943 gentium
690 869 913 926 denotat
946 867 1174 930 ambitio
1200 907 1216 932 ,
1252 865 1480 922 alterius
1522 865 1650 926 item
1671 903 1687 930 ,
1723 879 1844 934 qua:
1877 861 1980 918 fuit

411 965 463 1017 iu
525 963 662 1018 urbe
708 967 988 1030 portarum
1042 965 1096 1014 et
1125 959 1380 1018 vectium.
1427 955 1668 1023 Quarum
1713 953 1980 1034 posterior

408 1054 615 1112 iudicat
645 1053 797 1124 quod
831 1052 898 1118 ad
927 1050 1154 1121 spiritus
1207 1050 1262 1105 in
1310 1047 1562 1111 custodia
1619 1046 1871 1102 detentos
1915 1060 1981 1098 eo

408 1143 554 1212 quod
581 1142 708 1197 olim
766 1155 890 1196 cum
941 1137 1152 1196 Domini
1197 1137 1584 1208 longanimitas
1643 1134 1980 1212 temporibus

408 1227 523 1286 Noe
545 1225 768 1300 quando
817 1241 1003 1294 arcam
1053 1225 1352 1280 l‘ahrieabat
1377 1224 1500 1279 illos
1531 1231 1826 1284 vocasset,
1879 1237 1980 1275 au-

409 1331 524 1386 rem
557 1329 662 1369 non
697 1315 1089 1385 praebuissent,
1123 1311 1403 1384 profectus
1429 1313 1551 1382 laeta
1593 1311 1871 1366 nuntiavit
1905 1310 1920 1340 ¹
1961 1349 1980 1376 ,

409 1418 473 1457 ac
499 1417 596 1474 per
625 1401 748 1456 illas
778 1401 990 1458 animas
1041 1416 1109 1456 eo
1156 1401 1258 1470 loci
1290 1399 1548 1468 delapsus
1581 1398 1752 1454 dixit:
1801 1416 1820 1450 ‹
1857 1396 1976 1450 Non

409 1477 760 1562 derelinquas
805 1487 1044 1542 animam
1081 1500 1253 1544 meam
1303 1486 1358 1540 in
1409 1483 1628 1542 inferno
1649 1487 1692 1536 '.
1733 1502 1752 1534 ι
1807 1483 1978 1543 Porro

411 1579 606 1637 mulier
640 1581 810 1650 Dalila
865 1577 1101 1648 quay:(si
1151 1576 1528 1650 interpreteris
1583 1576 1828 1644 mendica
1859 1575 1982 1634 est)

409 1684 502 1722 eos
529 1669 762 1724 fortasse
793 1667 886 1738 qui
935 1665 1167 1723 Domino
1204 1667 1274 1718 ob
1305 1673 1680 1736 paupertatem
1729 1663 1974 1718 insidiati

2088 494 2277 562 φύλοις
2309 494 2403 546 καὶ
2426 493 2504 562 τῷ
2537 493 2797 563 Σαμψών.
2827 494 2902 549 Τὸ
2933 492 3040 563 γὰρ
3071 493 3400 548 κατευθύνον
3425 497 3512 546 ἐπ’
3549 495 3651 547 αύ-

2079 585 2172 638 τὸν
2209 583 2429 654 πνεῦμα
2459 585 2669 654 Κυρίου
2713 585 2772 638 ού
2807 584 3126 638 καταλείπει
3166 586 3346 637 αὐτόν.
3395 587 3484 646 Εἰς
3518 587 3657 652 KP:-

2081 677 2204 729 στδν
2225 677 2283 729 δὲ
2315 673 2714 746 λαμϐανομένη)
2748 675 3016 744 προσήκοι
3047 675 3113 728 ἂν
3155 675 3381 738 εἰκότως
3404 676 3438 746 ἦ
3472 692 3532 730 τε
3554 677 3650 730 to?

2080 766 2294 830 λέοντος
2337 766 2634 835 ἀναίρεσις,
2663 766 2756 820 καὶ
2782 767 2814 838 ή
2844 765 2940 818 τοῦ
2993 767 3204 836 μέλιτος
3239 765 3456 837 εὕρεσις
3481 769 3538 820 ἐν
3574 765 3654 837 τῷ

2079 855 2270 910 τούτου
2301 857 2531 925 στόματι
2556 857 2808 926 κειμένου
2838 855 3056 926 νεκροῦ,
3087 853 3182 907 καὶ
3211 855 3244 922 ἡ
3275 855 3376 924 τῆς
3419 855 3656 922 ἀλλοφύ-

2082 949 2176 1014 λου
2240 947 2524 1018 μνηστεία,
2555 947 2655 1017 τὴν
2696 945 2804 1000 τῶν
2849 945 3018 999 ἐθνῶν
3071 945 3396 1015 Ἐκκλησίαν
3451 947 3659 1014 σημαίο

2082 1055 2268 1100 νουσα,
2299 1037 2394 1090 καὶ
2426 1038 2458 1108 ή
2483 1036 2584 1106 τῆς
2605 1036 2888 1109 δευτέρας,
2946 1036 3071 1106 ἥτις
3107 1031 3174 1108 ἦν
3203 1037 3262 1088 ἐν
3289 1036 3438 1088 πόλει
3469 1037 3654 1088 πυλῶν

2083 1128 2180 1180 καὶ
2203 1125 2440 1198 μοχλῶν.
2479 1125 2639 1194 Δηλοῖ
2664 1125 2774 1197 γὰρ
2798 1125 2878 1177 ὅτι
2904 1125 3012 1188 τοῖς
3045 1125 3104 1178 ἐν
3135 1123 3350 1194 φυλακῇ
3373 1124 3654 1194 πνεύματι

2083 1217 2372 1288 πορευθεὶς
2412 1217 2712 1288 ἐκήρυξεν,
2753 1215 3084 1284 ἀπειθήσασι
3143 1233 3297 1276 ποτε,
3335 1215 3424 1282 ὅτε
3485 1216 3659 1280 ἀπεξ-

2084 1303 2300 1374 εδέχετο
2335 1305 2369 1374 ἠ
2403 1303 2496 1356 τοῦ
2549 1303 2685 1358 Θεοῦ
2737 1302 3087 1374 μακροθυμία
3137 1304 3196 1355 ἐν
3239 1303 3476 1374 ἡμέραις
3505 1295 3655 1364 Νῶε,

2086 1395 2638 1466 κατασκευαζομένης
2676 1393 2934 1451 κιϐωτοῦ.
2971 1397 3048 1448 Δι’
3073 1394 3140 1458 ἃς
3163 1377 3342 1465 ψυχὰς
3372 1399 3450 1459 είς
3476 1397 3655 1447 ἐκεῖνο

2085 1487 2332 1556 καταϐὰς
2377 1485 2436 1538 τδ
2493 1485 2712 1558 χωρίον,
2741 1485 2926 1552 ἔλεγεν
2953 1503 2968 1518 ο
3005 1505 3024 1537 ι
3058 1487 3181 1539 Ὅτι
3214 1488 3316 1539 οὐκ
3339 1486 3658 1554 ἐγκαταλεί-

2089 1577 2214 1647 ψεις
2250 1575 2348 1647 τὴν
2373 1573 2553 1646 ψυχήν
2585 1591 2686 1646 μου
2723 1575 2802 1638 είς
2828 1573 2976 1644 ᾅδου.
3009 1592 3029 1638 ρ
3065 1571 3180 1627 Καὶ
3215 1572 3284 1640 τά
3320 1573 3446 1646 περὶ
3471 1573 3528 1625 δέ
3558 1573 3658 1643 τῆς

2083 1665 2276 1736 τρίτης
2301 1666 2560 1734 γυναικδς
2593 1665 2809 1730 Δαλιδά,
2847 1665 2969 1735 ἥτις
3028 1663 3390 1734 ἑρμηνεύεται
3420 1665 3660 1734 πτωχεύ·

409 1767 556 1835 sunt,
585 1758 852 1828 signiﬁcat
889 1771 1048 1827 quam
1079 1757 1151 1812 ob
1177 1770 1398 1811 causam
1434 1769 1527 1826 cos
1549 1753 1740 1813 dilexit
1767 1767 1976 1812 eorum-

2090 1771 2246 1825 ουσα,
2285 1755 2413 1817 τοὺς
2448 1754 2536 1806 διὰ
2575 1753 2849 1824 πτωχείαν
2886 1753 3014 1816 ἴσως
3055 1753 3398 1822 Ἰσραηλίτας
3435 1753 3658 1806 ἐπιδου-

408 1864 514 1916 que
553 1846 967 1904 conversatione
994 1845 1293 1902 delectatus
1323 1854 1428 1904 est.

475 2023 541 2076 At
599 2022 822 2092 quinam
897 2021 1090 2089 vulpes
1164 2033 1396 2090 quorum
1452 2019 1644 2074 caudis
1701 2033 1826 2072 cum
1885 2016 1981 2071 ad-

409 2097 671 2176 movisset
718 2112 866 2170 laces
931 2111 1345 2166 Palaestinorum
1399 2121 1606 2179 segetes
1636 2094 1978 2173 'comlmssit,

411 2205 588 2260 iratus
624 2203 768 2272 quod
797 2217 966 2265 uxore
1021 2199 1309 2255 Palaestina
1381 2201 1710 2271 privassent,
1748 2199 1977 2271 fuerint.

413 2295 612 2349 Esdras
672 2293 728 2348 in
785 2293 1031 2366 secundo
1070 2291 1208 2347 libro
1262 2291 1473 2352 tradit,
1533 2289 1865 2352 Sanballat,
1924 2297 1980 2343 et

407 2386 632 2442 Tobiam
685 2385 1050 2438 Ammonitem
1106 2399 1229 2438 cum
1269 2382 1500 2441 reduces
1545 2397 1610 2448 ex
1663 2381 1980 2450 captivitate

411 2494 625 2534 murum
679 2477 1116 2542 exstruxisseut,
1171 2475 1419 2530 dixisse:
1461 2493 1479 2525 ι
1520 2474 1640 2529 Νοη
1696 2473 1977 2528 sacrifica-

410 2577 567 2636 lutnt,
625 2586 726 2633 nec
777 2569 1066 2625 comedent
1097 2569 1152 2621 iu
1191 2569 1310 2622 loco
1335 2583 1466 2630 suo;
1511 2565 1773 2622 ascendet
1825 2565 1974 2620 enim

408 2666 598 2732 vulpes
631 2674 686 2720 et
741 2679 957 2717 murum
1001 2662 1246 2732 ipsorum
1310 2659 1581 2730 lapideum
1643 2659 1898 2727 diruet’.
1951 2676 1970 2710 ι

421 2753 529 2810 Nec
561 2770 668 2816 non
706 2752 961 2813 Servator
983 2750 1050 2806 de
1081 2751 1297 2806 Herode
1327 2751 1545 2818 inquit:
1579 2767 1598 2800 ι
1642 2749 1814 2804 Dicite
1854 2749 1976 2803 vul-

408 2843 459 2912 pi
513 2841 642 2895 huic
666 2841 708 2892 δ.
747 2858 767 2890 υ
801 2837 874 2895 De
935 2837 1264 2909 quibusdam
1335 2836 1464 2890 item
1526 2835 1712 2905 impiis
1765 2836 1978 2904 psalmo

311 2981 315 2985 .
409 2931 747 3002 sexagesimo
777 2929 1021 2992 secundo
1051 2926 1218 2981 David
1255 2927 1435 2996 inquit
1463 2947 1478 2982 :
1545 2943 1564 2978 ι
1597 2916 1788 2982 Partes
1815 2934 1978 2980 erunt

409 3023 652 3092 vulpium
684 3006 748 3075 ⁵.’
774 3039 793 3076 ι
833 3023 892 3074 lu
939 3018 1168 3074 Cautico
1216 3033 1383 3089 porro
1417 3019 1762 3072 canticorum
1816 3016 1974 3072 Salo-

2086 1843 2385 1906 λεύσαντας
2437 1842 2516 1912 τῷ
2565 1844 2810 1916 Δεσπότῃ
2875 1843 3169 1914 σημαίνει’
3201 1843 3333 1898 διότι
3391 1843 3658 1913 συμϐιοῦν

2087 1934 2269 1997 αὐτοῖς
2301 1935 2600 2006 ἀγαπήσας
2637 1933 2918 2004 ἠϐούλετο.

2155 2024 2314 2088 Τίνες
2337 2023 2381 2078 δ’
2415 2024 2480 2079 ἂν
2515 2019 2624 2077 εἷεν
2661 2025 2716 2077 αί
2743 2023 3045 2087 ἀλώπεκες,
3077 2017 3165 2088 αἷς
3189 2023 3478 2100 προσάψας
3511 2022 3663 2102 λαμσ

2085 2114 2286 2180 πᾶδας,
2335 2117 2435 2180 τὰς
2475 2115 2715 2186 ἀρούρας
2737 2115 2846 2170 τῶν
2881 2113 3196 2183 ἀλλοφύλων
3225 2115 3528 2186 ἐνέπρησεν
3556 2114 3664 2183 ἐπὶ.Δ

2083 2210 2148 2277 τῇ
2177 2209 2274 2278 τῆς
2301 2207 2629 2276 φιλιστιαίας
2670 2206 2926 2274 γυναικδς
2959 2207 3344 2276 ἀγανακτήσας
3363 2207 3658 2278 στερήσεις

2097 2296 2260 2351 Ἀλλά
2289 2297 2384 2350 καὶ
2428 2296 2666 2366 Ἔσδρας
2697 2298 2755 2354 ἐν
2792 2297 2871 2370 τῷ
2905 2297 3144 2373 δευτέρῳ
3171 2297 3314 2368 λόγῳ
3351 2298 3538 2368 φησὶν,
3579 2298 3660 2362 ὡς

2082 2388 2191 2442 τῶν
2227 2388 2336 2443 ἀπὸ
2386 2389 2487 2458 τῆς
2539 2388 2916 2460 αἰχμαλωσίας
2969 2390 3453 2473 τειχοποιούντων.
3501 2391 3657 2447 Ἀνα-

2083 2478 2290 2533 ϐαλλάτ
2318 2477 2412 2532 και
2442 2457 2658 2542 Testa;
2680 2481 2708 2533 ὁ
2745 2457 3088 2554 Ἀμμανιτηξ
3121 2481 3346 2549 ελεγον·
3377 2498 3395 2531 ι
3431 2479 3523 2548 Μή
3556 2480 3654 2534 eo-
3751 2457 3775 2474 ‘

2083 2586 2268 2622 σουσιν
2294 2569 2326 2636 ἢ
2354 2569 2620 2638 φάγονται
2656 2571 2748 2624 ἐπὶ
2779 2571 2876 2625 τοῦ
2924 2571 3092 2626 τόπου
3122 2569 3298 2626 αὐτῶν
3323 2587 3340 2637 ;
3367 2571 3488 2640 οὐχὶ
3521 2573 3655 2626 ἀνα-

2078 2661 2304 2733 ϐήσεται
2353 2659 2596 2729 ἀλώπηξ,
2627 2661 2726 2714 καὶ
2779 2661 3001 2716 καθελεῖ
3039 2663 3100 2716 τδ
3156 2665 3336 2732 τεῖχος
3367 2663 3517 2716 λίθον
3556 2665 3655 2718 αὐ-

2079 2752 2221 2816 τῶνς
2266 2770 2284 2803 ι
2325 2753 2434 2807 Καὶ
2462 2753 2490 2805 ὁ
2537 2752 2728 2823 Σωτὴρ
2794 2753 2924 2824 περὶ
2965 2751 3201 2825 Ἡρώδου
3226 2767 3241 2782 '
3279 2771 3300 2805 ι
3329 2751 3536 2808 Εἴπατε
3585 2756 3654 2824 τῇ

2083 2841 2328 2898 ἀλώπεκι
2355 2841 2546 2914 ταύτῃ.
2581 2860 2598 2893 ι
2643 2843 2752 2910 Καὶ
2776 2844 2906 2914 περί
2937 2860 3098 2897 τινων
3129 2843 3345 2898 ἀσεϐῶν
3368 2846 3426 2897 ὲν
3469 2843 3548 2912 τῷ
3579 2844 3658 2913 ξιξ·

2079 2931 2282 3003 ψαλμῷ
2335 2950 2500 3006 φησιν
2525 2935 2552 2986 ό
2589 2931 2753 2987 Δαδίδ
2779 2950 2792 2965 ·
2823 2952 2840 2984 ι
2871 2933 3107 3004 Μερίδες
3161 2933 3462 3000 ἀλωπέκων
3503 2933 3659 2989 ἔσον-

2077 3041 2190 3096 ται.
2237 3043 2255 3079 ι
2300 3026 2409 3094 Καὶ
2434 3026 2492 3082 ἐν
2526 3025 2766 3097 ’ᾼσματι
2797 3023 2906 3078 τῶν
2960 3023 3219 3095 ᾀσμάτων
3265 3026 3396 3094 φησί
3421 3039 3436 3055 ⁸
3473 3044 3492 3076 ι
3529 3025 3660 3078 11ιά-

411 3129 538 3166 mon
575 3111 686 3178 ait:
721 3129 738 3176 ς
777 3108 979 3187 Vulpes
1025 3123 1221 3178 parvas
1249 3109 1427 3178 capite
1475 3109 1634 3162 nobis
1686 3123 1808 3178 qua:
1847 3124 1974 3162 vas-

2087 3133 2218 3169 σατε
2255 3118 2390 3188 ἡμῖν
2422 3115 2710 3184 ἀλώπεκας
2752 3116 2983 3187 μικροὺς
3013 3116 3372 3184 ἀφανίζοντας
3395 3117 3662 3187 ἀμπελῶ-

413 3215 532 3276 tant
585 3203 772 3258 vineas
801 3203 842 3256 ⁸.
889 3221 908 3252 ι
966 3200 1134 3270 Atqui
1195 3201 1262 3256 de
1314 3200 1499 3270 impiis
1550 3199 1618 3254 de
1659 3201 1864 3270 quibus
1925 3201 1978 3254 in

409 3297 598 3362 eodem
635 3294 848 3366 psalmo
901 3291 1229 3347 vaticinatur
1259 3308 1274 3345 :
1307 3310 1326 3343 ι
1358 3289 1584 3358 Frustra
1613 3291 1981 3359 qua'siverttnt

409 3386 652 3449 animam
704 3398 916 3452 meam;
963 3381 1340 3452 ingrediantur
1401 3380 1454 3434 in
1525 3380 1712 3434 intima
1776 3388 1978 3444 teme,

411 3479 696 3533 tradentur
726 3477 778 3530 iu
809 3490 1004 3530 manus
1031 3473 1196 3546 gladii
1223 3476 1268 3530 ".
1314 3493 1334 3526 ι
1369 3474 1572 3531 Omnes
1599 3474 1817 3542 quidem
1850 3475 1979 3526 mali

412 3583 616 3642 terram
693 3571 969 3644 subeunt,
1023 3570 1119 3636 qui
1193 3583 1325 3622 vero
1383 3565 1686 3620 mendaciis
1735 3565 1975 3619 animant

350 3657 364 3672 ’
405 3664 542 3736 justi
575 3661 978 3716 circumvenire
1007 3659 1254 3714 nitentur
1279 3698 1296 3724 ,
1337 3671 1563 3728 eamque
1607 3655 1824 3711 blandis
1857 3669 1980 3709 scr-

415 3756 674 3824 monihus
723 3753 1035 3823 dejicerein
1079 3750 1300 3806 intimas
1329 3750 1452 3819 ejus
1489 3759 1684 3819 partes.
1715 3747 1978 3808 recedunt

411 3865 534 3916 cum
581 3847 871 3920 ail'ectioue
897 3887 912 3914 ,
945 3854 1056 3898 tum
1093 3842 1381 3915 suppliciis
1409 3856 1531 3910 quae
1559 3839 1733 3908 ipsam
1779 3853 1976 3893 conse—

409 3944 676 4009 quuntur,
705 3953 826 4008 quae
867 3936 1134 4006 saneipsa
1167 3950 1362 3990 manus
1391 3933 1558 4002 gladii
1599 3939 1973 4003 nuncupatur,

410 4031 564 4098 igniti
596 4029 870 4082 videlicet.
891 4026 1063 4082 Porro
1092 4026 1273 4096 quivis
1305 4026 1587 4080 hominum
1620 4037 1744 4092 pars
1776 4029 1861 4076 est
1888 4019 1975 4075 vel

409 4122 524 4188 Dei,
549 4121 632 4176 vel
657 4134 844 4174 eorum
869 4117 1154 4187 cujusdam
1203 4115 1294 4184 qui
1347 4114 1594 4168 homines
1623 4121 1751 4167 sunt
1797 4112 1976 4166 sortiti

406 4212 628 4282 quando
651 4209 967 4266 Altissimus
991 4215 1182 4276 gentes
1213 4205 1401 4260 divisit
1421 4203 1463 4266 ⁸,
1486 4219 1548 4259 ac
1577 4203 1647 4258 ab
1693 4217 1798 4257 una
1825 4214 1979 4273 parte

406 4305 472 4356 al
531 4303 760 4356 alterum
820 4300 946 4354 licet
1005 4295 1562 4363 deli-cere.Quocirca
1615 4300 1798 4364 partes
1858 4293 1978 4348 vul-

407 4396 554 4464 pium
584 4393 747 4466 508
772 4399 902 4448 sunt
932 4391 966 4446 ii
1000 4392 1092 4461 qui
1115 4397 1346 4454 mentem
1367 4403 1430 4442 ac
1460 4385 1754 4442 consilium
1775 4383 1869 4440 Dei
1897 4385 1975 4438 la-

2082 3225 2198 3272 νας.
2235 3227 2254 3260 ι
2299 3208 2434 3278 Περὶ
2469 3207 2568 3278 μὲν
2612 3203 2706 3261 οὖν
2745 3207 2852 3260 τῶν
2882 3206 3095 3274 ἀσεϐῶν
3124 3207 3232 3261 τῶν
3266 3207 3421 3277 ἐντῷ
3447 3207 3654 3280 ψαλμῷ

2082 3296 2338 3368 προλέγει
2363 3316 2378 3330 ο
2413 3316 2432 3353 ί
2475 3297 2641 3368 Αὐτοὶ
2667 3297 2722 3352 δέ
2750 3299 2829 3362 είς
2861 3298 3036 3370 μάτην
3071 3298 3340 3368 ἐζήτησαν
3359 3299 3660 3371 τὴνψυχήν

2087 3405 2212 3458 μου,
2253 3385 2650 3442 εἰσελεύσονται
2677 3390 2758 3452 είς
2781 3389 2848 3442 τὰ
2887 3387 3174 3442 κατώτατα
3190 3389 3288 3458 τῆς
3319 3389 3390 3460 γῆ
3403 3409 3444 3454 ς,
3473 3408 3656 3460 παρα.-

2083 3478 2402 3548 δοθήσονται
2435 3481 2516 3544 είς
2544 3483 2735 3551 χεῖρας
2775 3479 3069 3552 ῥομφαίας.
3111 3499 3130 3532 ›
3161 3480 3382 3546 ῐιηάντων
3411 3482 3508 3550 μὲν
3545 3480 3660 3536 τῶν
3729 3472 3737 3476 ”

2084 3569 2306 3644 φαύλων
2343 3569 2622 3623 είσιόντων
2667 3572 2746 3637 εἰς
2778 3569 2844 3636 τά
2874 3572 3058 3642 γήῖνα,
3086 3570 3198 3623 τῶν
3235 3571 3291 3636 δὲ
3326 3572 3661 3640 ματαιότητι

2081 3655 2400 3727 περιϐαλεῖν
2435 3656 2728 3712 ἐθελόντων
2761 3659 2860 3728 τὴν
2900 3658 2995 3712 τοῦ
3035 3658 3244 3726 δικαίου
3290 3659 3489 3734 ψυχὴν,
3549 3662 3662 3715 ὕπ-

2084 3753 2314 3819 αγαγεῖν
2337 3767 2395 3820 τε
2431 3751 2602 3824 αὐτὴν
2633 3753 2904 3823 μυθώδεσι
2935 3753 3112 3822 λόγοις
3138 3755 3196 3807 ἐν
3215 3757 3326 3822 τοῖς
3353 3757 3662 3820 κατωτάτω

2079 3841 2350 3912 ἐσομένων
2377 3842 2564 3912 αὐτῆς,
2589 3843 2730 3898 κατά
2759 3842 2999 3900 διάθεσίν
3024 3861 3082 3896 τε
3119 3845 3214 3904 καὶ
3261 3845 3329 3908 τᾲ
3359 3846 3660 3900 ὲπακολουυ

2081 3931 2278 3986 θοῦντα
2297 3935 2362 4004 τῇ
2387 3933 2608 4005 τοιαύτῃ
2633 3934 2872 3990 διαθέσει
2919 3936 3274 4008 κολαστήρια,
3305 3935 3340 4001 ἀ
3374 3936 3440 4007 δὴ
3467 3940 3663 4009 χεῖρας

2085 4023 2360 4096 ῥομφαίας
2385 4025 2540 4093 φησὶ,
2569 4025 2768 4098 δηλαδὴ
2819 4027 2918 4096 τῆς
2960 4025 3238 4094 φλογίνης.
3265 4027 3534 4092 Ἕκαστος
3595 4029 3659 4080 δὲ

2079 4111 2187 4166 τῶν
2217 4114 2519 4186 ἀνθρώπιον
2565 4117 2724 4186 μερίς
2775 4119 2924 4169 ἐστιν
2959 4116 3079 4186 ἦτοι
3123 4117 3219 4170 τοῦ
3249 4115 3406 4180 Θεοῦ,
3439 4117 3472 4184 ἢ
3505 4117 3658 4181 τινὸς

2077 4201 2187 4255 τῶν
2202 4203 2494 4273 εἰληχότων
2519 4205 2859 4276 ἀνθρώπους,
2889 4207 2977 4259 ὅτε
3001 4204 3308 4276 διεμέριζεν
3333 4205 3362 4258 ό
3384 4205 3660 4275 ’Υψιστος

2079 4292 2230 4365 ἔθνη.
2279 4295 2595 4368 Μετασταίη
2644 4296 2690 4352 δ’
2716 4299 2904 4360 ἀν’τις
2948 4297 3058 4351 ἀπὸ
3089 4297 3306 4367 μερίδος
3345 4299 3426 4360 είς
3455 4297 3657 4368 ἑτέρου

2081 4384 2293 4453 μερίδα.
2323 4387 2414 4440 Διὸ
2456 4389 2672 4458 μερίδες
2697 4388 3000 4442 ἀλωπέκων
3033 4389 3084 4442 οἱ
3113 4387 3213 4459 τὴν
3241 4387 3336 4441 τοῦ
3362 4387 3497 4440 Θεοῦ
3541 4405 3656 4458 μα-

407 4485 684 4538 helactare
737 4490 866 4537 sunt
922 4482 1130 4542 conati.
1168 4490 1374 4550 partes,
1412 4478 1672 4550 inquam,
1701 4475 1968 4529 malorum

2082 4475 2262 4530 ταιοῦν
2288 4477 2681 4543 ἐσπουδακότες
2706 4478 2905 4550 ψυχὴν,
2943 4479 3160 4550 μερίδες
3188 4478 3376 4548 κακῶν
3396 4477 3490 4547 καὶ
3513 4495 3656 4532 παν-

405 4571 796 4641 valrorumque
853 4571 1147 4640 spirituum
1207 4569 1302 4640 qui
1377 4567 1732 4622 fundamenta
1820 4565 1974 4623 falsae

403 4660 741 4734 cognitionis
780 4659 1058 4730 jeccrunt,
1106 4659 1304 4727 quibus
1359 4657 1452 4726 qui
1480 4663 1764 4727 cesserunt
1793 4664 1976 4725 partes

403 4752 684 4818 lactisunt
731 4765 853 4820 qua:
904 4750 959 4804 in
984 4750 1090 4802 ima
1147 4757 1305 4803 terra:
1338 4747 1702 4816 devenerunt.
1730 4746 1832 4812 Qui
1885 4761 1975 4804 se-

403 4841 646 4896 cundum
675 4838 1032 4910 Evangelium
1089 4838 1330 4907 vulpium
1391 4851 1611 4908 quoque
1665 4837 1831 4891 [circae
1869 4851 1972 4891 no-

402 4933 696 4986 minantur.
729 4927 873 5002 lnter
906 4943 1048 5000 quos
1068 4927 1302 4984 Verbum
1319 4927 1464 4998 quod
1497 4941 1626 4980 caro
1657 4925 1882 4991 factum,
1909 4940 1974 4979 ac

399 5025 473 5080 ob
503 5023 555 5078 id
593 5022 768 5090 Filius
793 5021 1034 5088 hominis
1062 5019 1420 5094 appellatum,
1448 5032 1554 5070 non
1596 5017 1778 5076 locum
1809 5017 1972 5071 habet

403 5117 493 5173 ubi
523 5126 688 5187 caput
725 5121 958 5188 reponat
1013 5127 1078 5166 ac
1105 5110 1374 5181 quieSCat.
1426 5107 1580 5174 Quod
1611 5107 1836 5183 quidem
1885 5107 1971 5161 di-

402 5217 551 5274 ctum
591 5215 676 5262 est
721 5223 831 5272 non
878 5203 945 5276 ad
979 5201 1332 5270 discipulum,
1381 5215 1568 5254 verum
1617 5199 1854 5257 scribam
1889 5197 1974 5250 di-

401 5306 644 5362 centem,
672 5317 690 5348 ι
735 5296 948 5365 Sequar
967 5302 1040 5348 te.
1073 5313 1090 5344 ι
1147 5294 1277 5348 Erat
1307 5305 1438 5345 vero
1471 5289 1560 5343 ille
1585 5289 1890 5343 volucrium
1918 5294 1974 5340 et

403 5391 647 5459 vulpium
703 5403 852 5458 pars.
914 5387 990 5440 Ac
1024 5385 1354 5440 animalibus
1404 5382 1627 5454 quidem
1665 5380 1868 5444 talibus
1889 5395 1975 5435 se-

406 5497 555 5550 getes
589 5481 1003 5534 Palaestinorum
1039 5471 1448 5532 combureudas
1474 5474 1707 5528 Samson
1745 5471 1968 5526 tradidit

479 5617 494 5644 ¹
535 5614 553 5665 1
593 5613 735 5666 l‘etr.
771 5629 852 5671 ιιι.
891 5612 976 5669 l9.
1009 5611 1097 5664 ΞΟ.
1174 5612 1192 5642 ¹
1237 5609 1378 5664 Ρςιιι.
1406 5626 1494 5672 κν,
1541 5606 1623 5659 10.
1704 5609 1723 5638 ³
1763 5604 1803 5657 ll
1835 5605 1988 5661 Esdr.
2021 5625 2095 5674 ιγ,
2127 5610 2181 5662 5.

409 5697 485 5742 ιι)
537 5683 622 5737 15.
698 5683 716 5712 '
753 5682 896 5736 Psal.
936 5697 1065 5748 Lm,
1122 5681 1204 5734 l0.
1281 5683 1300 5712 "
1350 5679 1502 5731 Deut.
1565 5694 1730 5742 sxw,
1769 5679 1819 5728 8.

2077 4569 2290 4639 ούργων
2317 4567 2631 4639 Δυνάμεων,
2661 4570 2770 4622 τῶν
2807 4571 2981 4642 ἀρχὴν
3030 4570 3340 4641 σπειρασῶν
3377 4569 3657 4638 ψευδωνύ-

2085 4677 2186 4730 μου
2211 4659 2358 4723 τινδς
2399 4659 2675 4729 γνώσεως.
2715 4654 2814 4716 Ὧν
2841 4664 2888 4716 oi
2937 4661 3250 4725 πεισθέντες
3291 4661 3507 4732 μερίδες
3534 4663 3656 4729 eiq-

2077 4749 2326 4814 ελθόντες
2352 4749 2432 4812 είς
2461 4747 2532 4801 τὰ
2569 4748 2859 4803 κατώτατα
2913 4753 3011 4819 τῆς
3043 4751 3166 4820 γῆς,
3198 4750 3246 4803 οῖ
3277 4741 3419 4802 κατά
3460 4748 3522 4802 τὸ
3556 4750 3656 4802 Εὐο

2080 4840 2336 4908 αγγέλιον
2365 4840 2456 4894 καὶ
2479 4840 2778 4895 ἀλωπέκων
2806 4843 3162 4912 ὀνομάζονται
3193 4840 3414 4910 φωλεοί.
3451 4841 3542 4894 Ἐν
3569 4833 3656 4902 οἷς

2075 4935 2104 4985 ό
2128 4933 2418 5005 γενόμενος
2451 4931 2586 5003 σάρξ
2615 4935 2804 5001 Λόγος,
2827 4934 2923 4988 καὶ
2953 4935 3041 4987 διά
3066 4934 3224 4988 τοῦτο
3249 4931 3656 5002 ὀνομαζόμενις

2077 5026 2206 5095 Υἱὸς
2229 5025 2539 5096 ἀνθρώπου,
2571 5025 2670 5078 οὐκ
2700 5025 2814 5095 ἔχει
2845 5025 2948 5079 ποῦ
2969 5026 3068 5095 τὴν
3097 5024 3338 5096 κεφαλὴν
3360 5025 3535 5076 κλίνει
3557 5027 3652 5076 καὶ

2075 5114 2466 5169 ἀναπαύσεται.
2490 5115 2910 5186 Ὀπεριείρηται
2937 5115 2998 5168 οὐ
3024 5115 3160 5186 πρὸς
3195 5113 3464 5185 μαθητὴν.
3509 5112 3652 5167 ἀλλὰ

2074 5205 2410 5278 Γραμματέα
2475 5205 2722 5274 λέγοντα,
2763 5226 2780 5259 ι
2812 5205 3190 5278 Ἀκολουθήσω
3243 5223 3346 5258 σοι.
3382 5224 3400 5257 ι
3445 5199 3556 5256 Ἦν
3593 5201 3650 5254 δὲ

2075 5297 2184 5368 ἄρα
2221 5297 2482 5351 πετεινῶν
2511 5291 2666 5360 οὗτος
2693 5298 2784 5350 καὶ
2801 5296 3098 5350 ἀλωπέκων
3125 5295 3300 5368 μερίς.
3323 5296 3446 5358 Τοῖς
3469 5293 3645 5346 τοιούο

2075 5399 2190 5446 τοις
2219 5383 2502 5454 παρέδωκε
2528 5383 2600 5450 τά
2626 5385 2942 5454 γεννήματα
2977 5384 3086 5439 τῶν
3104 5385 3416 5453 ἀλλοφύλων
3441 5384 3470 5437 ὁ
3489 5384 3564 5436 Σα
3573 5400 3645 5452 μ-

2079 5474 2198 5543 ψὼν
2229 5477 2309 5540 είς
2366 5477 2716 5548 ἐμπρησμὸν,
2742 5477 2829 5532 διά
2875 5477 2974 5547 τῆς
3022 5476 3352 5548 ἀσυμφώνου
3377 5474 3487 5529 τῶν
3522 5491 3645 5528 συν-

2281 5609 2301 5642 δ
2339 5609 2474 5666 Luc.
2514 5627 2632 5678 xm,
2671 5611 2762 5666 32.
2871 5611 2894 5643 ³
2934 5591 3080 5666 ΡεοΙ.
3111 5627 3240 5677 an,
3277 5609 3356 5665 ει.
3437 5608 3458 5640 ⁸
3484 5606 3643 5663 Cant.
