4018 6230
399 381 529 445 13⁵77
1209 385 1215 392 ’
1466 372 1615 433 COM
1626 373 1677 432 Μ
1690 370 1880 431 ENTA
1894 368 1986 433 ΙὶΙ]

2069 368 2133 429 Ν
2173 364 2508 428 JUDICES.
2710 358 2727 363 ’
3518 353 3656 417 1ἴ78

388 490 688 560 δεῦ;μὲνιι›ν
721 484 1017 541 ἀλωπέκων
1040 482 1285 555 πορείας.
1307 482 1459 552 Τάχα
1486 481 1594 551 γὰρ
1618 478 1771 539 τέλος
1796 474 1963 529 τοιοῦ-

2071 471 2216 549 quod
2259 470 2467 526 factum
2510 482 2637 529 eum
2669 466 2957 539 colligata:
3007 468 3202 540 vulpes
3273 465 3330 521 in
3377 464 3654 520 diversum

392 581 482 635 τόν
515 582 630 633 ἐστι
675 580 787 640 τοῖς
846 575 1141 646 μοχθηροῖς
1183 574 1451 643 γεωργοῖς
1508 564 1965 639 παραδιδομένοις

2072 574 2314 621 ruerent.
2354 565 2613 621 Fortasse
2661 563 2808 619 enim
2837 564 3074 631 improbi
3108 560 3529 628 agritolaehane
3561 573 3654 611 ra-

389 675 463 733 ti);
494 671 623 725 ἄλλο
653 688 705 725 τι
734 669 809 738 τῷ
851 668 1064 739 Σατανᾷ
1097 668 1180 729 εἰς
1206 664 1426 735 ὄλεθρον
1444 663 1543 735 τῆς
1563 660 1763 730 σαρκός
1785 674 1798 688 ·
1824 654 1967 710 οὕτω

2071 654 2373 709 lamitatem
2429 653 2805 715 tuerebantur,
2874 660 2933 707 ut
2976 653 3327 709 traderentur
3367 649 3583 705 Satanre
3607 650 3651 707 ’.

390 768 509 827 ταῖς
540 761 812 827 ἁλώπεξιν
860 757 1289 830 ἐπιφερομέναις
1341 754 1628 826 λαμπάδας
1657 754 1736 815 εἰς
1775 752 1967 821 ἀφανι-

2074 744 2163 798 cui
2186 752 2240 798 et
2260 744 2366 799 alia
2392 760 2420 805 ιι
2450 743 2562 799 Deo
2591 742 2906 807 traduntur,
2935 752 2994 799 ut
3017 744 3279 815 perdatur
3302 756 3661 812 earo,quom-

394 856 531 913 σιιὸν
560 854 762 912 αὐτῶν.
1333 857 1336 862 ’

2075 836 2368 893 admodum
2399 843 2616 907 segetes
2656 853 2878 908 quoque
2923 838 3191 894 immissis
3241 837 3498 907 vulpibus
3530 850 3654 891 cum

431 915 443 927 ’
2075 927 2288 984 facibus
2319 937 2451 984 sunt
2468 937 2699 985 vastata:
2739 937 2792 985 et
2819 929 3075 985 inductae.

466 1032 624 1089 Ἔστι
669 1047 753 1094 τις
810 1027 1025 1100 πρῶτος
1053 1027 1193 1081 λέων
1222 1027 1251 1079 ό
1291 1024 1668 1094 ἀντικείμενος
1703 1020 1969 1081 διάϐολος,

2147 1019 2419 1075 Caeterum
2476 1020 2544 1075 de
2598 1020 2758 1079 leone
2817 1021 2948 1075 illud
2998 1030 3084 1077 est
3138 1019 3456 1081 tenendum,
3516 1017 3662 1087 quod

393 1123 487 1175 καὶ
510 1123 626 1177 ἔστι
654 1140 736 1186 τις
765 1121 992 1192 ἔσχατος
1014 1121 1231 1179 πάντων
1250 1121 1277 1175 ό
1305 1117 1397 1181 ἐπὶ
1421 1114 1697 1186 συντελεέᾳ
1724 1130 1973 1187 φανερω-

2078 1111 2289 1178 primus
2316 1109 2541 1179 quidam
2578 1110 2662 1164 leo
2705 1118 2815 1171 est,
2863 1110 3217 1166 adversarius
3250 1110 3342 1165 ille
3374 1109 3657 1169 diabolus.

393 1214 719 1284 θησόμενος,
746 1216 775 1266 ὁ
809 1212 1097 1283 ἄνθρωπος
1140 1212 1243 1281 τῆς
1297 1208 1608 1279 ἁμαρτίας.
1640 1207 1669 1259 ὁ
1711 1204 1824 1268 υἱὸς
1874 1207 1973 1274 τῆς

2080 1199 2284 1255 Deinde
2318 1212 2631 1269 postremus
2659 1200 2886 1270 quidam
2933 1200 3181 1256 omnium
3210 1201 3304 1270 qui
3340 1201 3395 1255 in
3427 1200 3533 1254 fine
3557 1213 3661 1255 sar-

393 1306 695 1369 ἀπωλείας,
718 1309 744 1359 ὁ
776 1305 1149 1375 ἀντικείμενος
1171 1304 1265 1356 καὶ
1293 1301 1656 1372 ἐπαιρόμενος
1682 1298 1774 1351 ἐπὶ
1797 1296 1976 1350 πάντα

2079 1290 2189 1344 culi
2238 1291 2459 1361 patefiet
2484 1292 2730 1356 demum,
2767 1291 2931 1351 homo
2963 1290 3219 1347 videlicet
3254 1292 3487 1361 peccati,
3521 1289 3664 1343 filius

392 1398 690 1469 λεγόμενον
716 1398 872 1462 Θεὸν,
904 1397 936 1468 ἥ
969 1396 1239 1467 σέϐασμα.
1280 1392 1501 1458 Μεταξὺ
1539 1391 1596 1445 δὲ
1633 1390 1728 1445 τοῦ
1754 1388 1848 1443 ἀπ’
1876 1389 1978 1458 ἀρ-

2078 1381 2429 1452 perditionis.
2488 1380 2882 1449 adversarius,
2943 1382 3038 1454 qui
3096 1396 3222 1437 sese
3279 1380 3439 1437 effert
3496 1395 3663 1450 super

396 1491 502 1561 χῆς
529 1488 984 1562 ἀνθρωποκτόνου
1027 1488 1121 1542 καὶ
1168 1486 1265 1542 τοῦ
1304 1486 1535 1558 ὑστέρου
1583 1482 1798 1545 λέοντος
1836 1479 1981 1533 κατὰ

2081 1490 2245 1530 omne
2276 1474 2328 1528 id
2358 1474 2504 1545 quod
2538 1474 2682 1531 Deus
2733 1483 2831 1532 aut
2881 1492 3086 1533 numen
3139 1476 3345 1532 dicitur
3390 1476 3454 1531 ".
3493 1474 3668 1531 Crete-

397 1582 590 1653 γενεὰν
612 1584 828 1644 λέοντες
861 1578 1346 1654 προσπολεμοῦσιν
1367 1575 1701 1647 ἀνθρώποις.
1729 1573 1836 1627 Καὶ
1879 1571 1982 1625 οὐκ

2085 1581 2202 1623 rum
2233 1565 2375 1619 inter
2403 1565 2727 1635 primmvum
2780 1567 2933 1623 illum
2988 1568 3349 1633 homicidam,
3383 1576 3439 1622 et
3487 1576 3668 1637 poste-

397 1671 467 1747 ἦν
506 1675 673 1746 γενεά
708 1675 799 1728 ὅτε
844 1673 984 1727 λέων
1026 1674 1135 1727 ὀὐκ
1172 1668 1262 1744 ἦν.
1295 1670 1407 1727 Καὶ
1438 1668 1584 1723 κατὰ
1612 1667 1711 1739 τὴν
1740 1662 1981 1737 Σαμψὼν

2083 1657 2284 1715 riorem
2338 1657 2548 1712 leonem
2598 1659 2861 1717 omnibus
2918 1659 3140 1715 sreculis
3172 1659 3362 1714 leones
3420 1667 3669 1730 pugnant

399 1765 591 1832 γενεὰν
628 1764 765 1821 λέων
787 1781 874 1828 τις
908 1759 977 1835 ἦν
1017 1762 1169 1835 παρὰ
1199 1760 1296 1833 τὴν
1340 1760 1481 1823 ὁδὸν,
1518 1758 1577 1813 ὃν
1624 1756 1941 1812 ἀπέκτεινεν
1964 1767 1983 1782 ο

2083 1764 2207 1805 cum
2247 1749 2587 1810 hominibus.
2623 1765 2805 1821 neque
2838 1750 2947 1804 ulla
3000 1758 3135 1806 tetas
3170 1749 3274 1805 fuit
3318 1751 3370 1804 in
3415 1766 3524 1822 qua
3560 1766 3670 1804 non

402 1824 572 1924 οὗπερ
615 1855 674 1906 ὲν
698 1852 777 1924 τῷ
821 1824 1051 1922 στόματι
1099 1824 1425 1920 ἰτεθνηκότος
1474 1843 1786 1916 εὑρίσκεται
1829 1838 1974 1910 μέλι.

2085 1839 2247 1893 etiam
2294 1838 2379 1894 leo
2416 1837 2606 1895 fuerit.
2638 1839 2717 1894 Ac
2751 1848 3001 1909 tempore
3054 1840 3345 1895 Samsouis
3403 1841 3490 1895 leo
3547 1840 3672 1910 qui-

403 1943 785 2018 Νεκρὼσωμεν
810 1939 905 1998 οὖν
935 1943 1028 1997 τὸν
1051 1941 1478 1996 ἐπιϐουλεύοντα
1506 1936 1717 1991 λέοντα.
1764 1931 1978 1993 Ζῶντος

2084 1929 2207 1985 dem
2241 1946 2404 1987 secus
2430 1932 2572 1986 viam
2598 1940 2719 1988 erat
2746 1948 2906 2004 quem
2939 1932 3163 1997 occidit,
3197 1934 3252 1988 in
3280 1932 3442 2003 cujus
3464 1932 3661 1988 defun-

402 2038 512 2104 γὰρ
536 2037 596 2090 ὲν
621 2035 700 2106 τῷ
724 2036 961 2107 στόματι
1000 2035 1102 2087 οὐκ
1132 2033 1197 2088 ἂν
1236 2032 1542 2102 εὑρίσκοιτο
1577 2025 1722 2099 μέλι.
1745 2022 1978 2091 Λέγεται

2085 2023 2158 2076 eti
2195 2036 2292 2077 ore
2354 2024 2461 2079 mel
2514 2024 2811 2094 reperitur.
2861 2023 3272 2080 iuterfieiamus
3321 2025 3490 2096 igitur
3528 2024 3668 2080 insi-

400 2128 456 2181 δὲ
488 2128 595 2190 πᾶς
626 2126 762 2181 λέων
788 2126 897 2194 ζῶν
927 2126 1022 2180 καὶ
1049 2124 1454 2179 δυσωδέστατον
1495 2120 1640 2190 ἔχειν
1676 2116 1740 2170 τὸ
1779 2114 1975 2183 στόμα.

2086 2115 2326 2171 diautem
2384 2116 2619 2177 leonem.
2666 2116 2804 2173 Cum
2854 2118 3001 2172 enim
3055 2119 3286 2185 viveret,
3333 2120 3388 2173 in
3418 2133 3514 2174 ore
3542 2119 3667 2189 ejus

404 2218 713 2288 Παράδοξον
738 2215 829 2272 οῦν
860 2219 919 2271 τὺ
949 2220 1014 2272 ὲκ
1052 2216 1322 2280 δυσώδους
1369 2213 1639 2284 στόματος
1690 2207 1979 2280 εὑρεθῆναι

2093 2207 2197 2261 mel
2266 2208 2477 2262 nullum
2539 2210 2917 2280 reperiebatur
2970 2211 3179 2280 utique.
3245 2211 3439 2266 Fertur
3485 2219 3668 2266 autem

406 2310 528 2381 μέλι
557 2308 617 2362 τὸ
642 2308 859 2363 πάντων
896 2306 1254 2377 γλυκύτατον.

2086 2298 2337 2367 quemvis
2390 2298 2602 2352 leonem
2638 2301 2818 2355 vivum
2868 2315 2931 2355 os
2980 2300 3181 2355 habere.
3239 2298 3669 2362 fetidissimum,

2087 2389 2224 2445 adeo
2252 2398 2310 2444 ut
2332 2390 2480 2445 dictu
2506 2390 2579 2445 sit
2604 2391 2921 2458 miriﬁcum,
2948 2393 3002 2446 in
3037 2407 3133 2448 ore
3159 2391 3326 2448 fetido
3355 2392 3461 2449 mel
3487 2408 3674 2463 reper-

2090 2486 2204 2534 tum
2237 2495 2361 2536 esse
2399 2480 2810 2538 dulcissimum.

475 2578 689 2647 Σιαγὼν
741 2577 905 2641 τόπος
960 2571 1028 2649 ἧν
1067 2574 1351 2644 ἀνώνυμος
1406 2570 1708 2641 πρότερον,
1761 2564 1983 2635 κληθεὶς
2022 2635 2051 2648 θ

2158 2571 2332 2637 Porro
2378 2571 2580 2645 Siagon
2632 2576 2791 2631 locus
2825 2574 3046 2632 nomine
3086 2575 3311 2632 carebat
3346 2582 3531 2640 antea,
3577 2588 3672 2630 ac-

405 2674 516 2726 ἁπὸ
549 2675 648 2744 τῆς
693 2671 942 2738 σιαγόνος
991 2668 1085 2722 τοῦ
1126 2667 1272 2728 ὄνου,
1312 2665 1378 2736 ἢν
1423 2663 1615 2718 ἐλαϐεν
1662 2662 1691 2712 ὁ
1722 2657 1980 2728 Σαμψὼν,

2086 2667 2236 2735 cepit
2269 2672 2453 2723 autem
2486 2666 2619 2720 illud
2646 2682 2674 2719 a
2705 2666 2927 2721 maxilla
2955 2666 3123 2733 asini,
3166 2681 3330 2737 quam
3384 2666 3673 2737 prehendit

405 2763 500 2815 καὶ
526 2761 704 2817 ἀνεῖλε
754 2761 881 2823 τοὺς
912 2756 1268 2827 ἀλλοφύλους,
1296 2752 1641 2826 όνησιφόροις
1685 2748 1866 2819 λόγοις
1895 2762 1980 2821 νε-

2090 2755 2325 2811 Samson
2375 2763 2429 2812 et
2479 2755 2804 2813 Palaestinos
2852 2758 3165 2823 interemit,
3199 2758 3384 2814 verbis
3444 2757 3675 2813 utilibus

408 2850 627 2923 κρὼσας
659 2850 865 2905 τούτων
893 2850 959 2904 τὰ
979 2849 1245 2920 δόγματα.

2002 2872 2017 2883 ο
2092 2843 2342 2914 ipsorum
2372 2844 2628 2916 dogmata
2668 2860 2794 2901 eum
2820 2845 3152 2917 jugulasset.

480 2963 691 3019 Dicitur
740 2972 923 3018 alitem
964 2962 1132 3018 Deum
1181 2962 1427 3018 foramen
1477 2960 1714 3015 maxillae
1757 2956 2066 3027 aperuisse.
2102 2965 2156 3011 et
2200 2971 2266 3013 ex
2302 2957 2391 3013 illa
2427 2973 2602 3029 aquas
2649 2960 2927 3030 erupisse,
2975 2975 3076 3032 pro
3116 2976 3206 3028 eo,
3250 2968 3456 3017 terram
3487 2967 3675 3016 autem

408 3052 645 3106 maxillae
681 3051 794 3105 ictu
832 3051 1092 3119 disrupit,
1137 3065 1310 3120 eaque
1338 3064 1514 3118 aquas
1546 3046 1735 3103 rcddid
1765 3055 1804 3099 t.
1854 3043 2027 3099 Porro
2057 3058 2186 3099 vero
2215 3045 2309 3115 qui
2344 3044 2611 3102 historice
2642 3055 2775 3103 sunt
2810 3046 3160 3118 interpretati
3202 3047 3504 3104 admonent
3536 3064 3674 3103 nus-

409 3141 555 3210 piam
594 3140 823 3208 reperiri
876 3139 1020 3208 quod
1075 3137 1309 3191 Samson
1344 3137 1425 3190 vel
1477 3134 1666 3202 jt'sttts
1702 3133 1785 3185 vel
1845 3132 2110 3200 propheta
2157 3133 2486 3202 appelletur,
2520 3136 2990 3204 quemadmodum
3039 3151 3143 3192 nec
3179 3136 3381 3207 .lephte
3429 3151 3535 3193 nec
3581 3136 3677 3191 alii
3774 3170 3779 3175 ι

410 3226 747 3295 hujusutodi.
787 3225 858 3278 Ea
897 3241 1028 3280 vero
1058 3232 1219 3280 relate
1268 3241 1334 3278 cu
1366 3246 1387 3259 ·ι
1431 3224 1627 3292 aliquis
1663 3228 1857 3275 sancto
1892 3218 2099 3288 Spiritu
2134 3219 2334 3291 dignus
2369 3236 2479 3275 nou
2512 3230 2773 3289 exstaret,
2807 3232 2975 3294 prout
3015 3239 3259 3293 praesens
3306 3239 3493 3280 rerum
3536 3238 3677 3279 con-

410 3314 547 3367 ditio
580 3313 918 3384 postulabat,
954 3313 1184 3383 reliquis
1228 3310 1548 3365 hominibus
1592 3307 1987 3362 excellentiorc
2027 3307 2211 3379 aliquo
2249 3324 2384 3364 usus
2416 3315 2522 3364 est.
2554 3308 2685 3364 Vult
2717 3326 2847 3366 vero
2900 3310 3321 3367 Palastinorum
3355 3325 3511 3367 more
3542 3327 3676 3366 uxo-

412 3417 527 3455 rem
553 3401 752 3457 ducere
780 3400 1041 3466 Samson,
1078 3399 1224 3471 quod
1256 3398 1484 3468 quidem
1516 3412 1546 3465 p
1568 3403 1776 3450 nentes
1819 3395 1989 3464 legem
2031 3394 2387 3449 observantes
2411 3394 2732 3465 prohibent,
2761 3397 2901 3454 Deus
2928 3414 3059 3454 vero
3084 3399 3376 3470 permittit,
3407 3399 3675 3469 quocirca

410 3491 696 3560 Scriptura
734 3490 901 3546 dicit:
944 3510 962 3542 ι
1004 3488 1166 3549 Pater
1212 3496 1396 3551 autem
1449 3487 1570 3556 eju;
1601 3498 1655 3539 et
1709 3494 1884 3539 mate-
1936 3499 2042 3538 non
2079 3482 2496 3546 intellexerunt,
2546 3484 2693 3553 quod
2726 3483 3014 3542 decretum
3072 3486 3175 3539 fuit
3227 3486 3344 3553 Dei,
3397 3501 3511 3556 quo
3560 3485 3677 3555 ipse

412 3579 720 3635 vindictam
759 3594 787 3632 a
814 3578 1127 3634 Palmstiuis
1161 3583 1425 3632 sumeret.
1470 3594 1489 3626 ι
1519 3574 1658 3627 Nam
1690 3581 1744 3628 et
1775 3573 1787 3624 l
1826 3571 1949 3627 onis
1999 3569 2311 3626 interfectio
2350 3571 2549 3627 terrori
2578 3569 2897 3629 Paiastiuis
2929 3570 3072 3638 fuit,
3111 3571 3329 3645 ipsique
3365 3586 3677 3645 propugna-

412 3666 540 3721 culo
576 3674 635 3720 ut
668 3666 891 3735 triginta
930 3666 1191 3736 primum,
1234 3663 1432 3718 deinde
1467 3661 1613 3715 mille
1644 3659 1966 3714 trucidaret.
2810 3658 2820 3673 ’

484 3771 629 3843 Πρὸς
671 3773 799 3836 τοὺς
855 3788 1101 3842 κατηγορ
1135 3769 1198 3823 ῦν
1234 3787 1299 3833 ας
1358 3768 1583 3839 ῥητέον,
1627 3766 1702 3829 ὡς
1744 3763 1985 3834 οὐδαμοῦ
2016 3777 2059 3834 c

2162 3764 2429 3820 Cancrum
2478 3765 2548 3822 iis
2601 3767 2695 3837 qui
2750 3778 3002 3822 sanetum
3056 3765 3321 3839 Spiritum
3378 3766 3676 3822 traducunt

413 3865 635 3934 φησινή
670 3863 857 3935 Γραφὴ
902 3861 1253 3921 κατευθύνειν
1312 3861 1400 3913 ἐπ’
1433 3858 1599 3925 αὐτὸν
1636 3858 1697 3912 τὸ
1743 3856 1985 3924 Πνεῦμα,

2093 3855 2384 3912 Samsonis
2435 3871 2628 3921 causa,
2689 3858 3134 3927 respondendum
3188 3860 3322 3914 illud
3369 3866 3476 3923 est,
3529 3860 3676 3930 quod

412 3953 499 4003 ὅτε
530 3951 843 4021 ὲπόρνευεν,
874 3953 907 4022 ἦ
940 3953 1027 4005 ὅτε
1058 3950 1159 4027 τὴν
1185 3950 1484 4020 ἀλλόφυλον
1535 3949 1747 4013 ἔλαϐεν,
1799 3947 1857 4011 ἐξ
1887 3943 1989 4018 ἧσ-

2091 3947 2379 4017 Seriptura
2412 3964 2690 4020 nusquam
2726 3948 2879 4013 dicit,
2921 3950 3185 4020 Spiritum
3218 3949 3483 4007 incidisse
3509 3964 3677 4021 super

412 4059 518 4112 περ
544 4042 811 4098 ἀπώλετο.
842 4043 915 4096 Τὸ
942 4044 1049 4113 γὰρ
1084 4043 1309 4112 Πνεῦμα
1345 4042 1405 4095 τὸ
1430 4042 1584 4110 ἅγιον
1635 4042 1695 4095 οὐ
1734 4040 1991 4110 καθάπερ

2094 4039 2301 4109 ipsum,
2329 4039 2553 4110 quando
2597 4048 2685 4096 est
2724 4048 3022 4105 scortatus,
3054 4051 3150 4096 aut
3181 4041 3403 4113 quando
3430 4041 3678 4097 Palmsti-

412 4138 445 4203 ἡ
471 4134 617 4207 ψυχὴ
640 4138 754 4197 τοῖς
794 4136 1009 4205 σώμασι
1047 4139 1315 4189 συνοικεῖ’
1352 4135 1488 4189 ἀλλὰ
1527 4135 1761 4205 πάρεστι
1790 4133 1889 4205 μὲν
1914 4134 1991 4197 ὡς

2093 4146 2218 4185 nam
2266 4146 2388 4203 quas
2432 4130 2483 4189 ei
2533 4124 2701 4188 exilio
2751 4131 2854 4187 fttit
2884 4132 3129 4198 ,.duxit.
3183 4132 3424 4204 Spiritus
3471 4132 3675 4189 etenim

412 4226 814 4296 ἁπερίγραφον,
853 4228 1073 4296 ἐνεργεί
1102 4226 1156 4279 δὲ
1187 4227 1285 4279 ὅσα
1321 4225 1589 4296 βούλεται.
1626 4226 1690 4277 Ὃ
1727 4226 1820 4276 καδι
1859 4240 1991 4293 προ-

2094 4233 2448 4283 sauctusuon
2481 4228 2680 4283 animae
2725 4230 2900 4283 instar
2939 4244 3063 4284 cum
3106 4229 3332 4285 homine
3372 4228 3674 4289 eohabitat,

413 4318 681 4381 γινῶσκον
714 4320 812 4389 τὴν
836 4319 1140 4389 ἀγριότητα
1173 4319 1268 4371 τοῦ
1300 4317 1560 4388 Σαμψὼν,
1592 4316 1735 4369 οἴνου
1760 4317 1852 4369 καὶ
1879 4315 1988 4368 τῶν

2095 4334 2282 4371 verum
2315 4319 2390 4372 illi
2432 4319 2713 4374 indefinite
2767 4320 2943 4384 adest,
2979 4335 3044 4374 ac
3083 4321 3133 4374 in
3166 4336 3232 4375 eo
3268 4320 3535 4391 quidquid
3561 4321 3678 4374 vult

414 4408 475 4472 ἐξ
500 4410 745 4480 ἀμπέλου
778 4410 1077 4481 προσέταξε
1098 4409 1286 4463 τοῦτον
1317 4408 1657 4478 ἀπέχεσθαι’
1690 4408 1766 4477 μὴ
1801 4405 1898 4478 τὴν
1929 4406 1989 4471 ἐξ

2096 4408 2279 4464 eﬂicit.
2341 4410 2439 4476 Qui
2490 4425 2624 4467 sane
2673 4424 2798 4465 cum
2859 4410 3137 4467 feritatem
3184 4410 3476 4467 Samsonis
3522 4411 3676 4480 prius

414 4499 557 4552 alveo
586 4500 782 4570 μανίαν
812 4502 877 4571 τῇ
922 4503 1123 4571 φυσικῇ
1172 4498 1531 4570 προσλαὸὼν,
1567 4498 1661 4552 καὶ
1699 4497 1841 4552 κατὰ
1879 4496 1987 4550 τῶν

2095 4518 2315 4573 quoque
2353 4502 2576 4558 haberet
2607 4506 2906 4574 cognitam,
2937 4519 2967 4557 a
3010 4505 3137 4558 viuo
3172 4520 3236 4559 ac
3263 4506 3463 4560 vinetis
3494 4506 3674 4575 ipsum

414 4592 702 4661 ὁμοφύλων
732 4593 1011 4664 ἀνήκεστα
1050 4592 1291 4663 δράσειε.

2090 4594 2258 4663 jussit
2290 4594 2590 4658 abstinere,
2625 4610 2692 4649 ue
2719 4594 2784 4649 ad
2824 4596 3129 4661 naturalem
3169 4595 3410 4653 furorem
3430 4596 3672 4654 vinolen-

2097 4695 2154 4739 to
2195 4686 2372 4740 ascito
2407 4696 2595 4740 contra
2645 4686 2987 4758 propinquus
3041 4702 3262 4760 quoque
3310 4695 3366 4745 et
3413 4695 3677 4760 cognatos

2099 4775 2317 4845 indigna
2353 4782 2621 4846 patraret.

492 4895 662 4949 lio-ro
714 4894 746 4949 fi
776 4894 810 4948 ii
876 4894 1263 4949 haereticorum
1322 4891 1505 4948 rident
1552 4890 1698 4961 quod
1751 4891 1805 4944 iu
1854 4889 2068 4958 capillis
2123 4890 2299 4959 gratia
2347 4900 2453 4945 est.
2508 4888 2743 4948 Rideant
2787 4891 2954 4962 igitur
3005 4893 3151 4963 quod
3190 4893 3244 4951 in
3297 4892 3675 4965 apostolorum

421 4983 584 5038 umbr
608 5000 633 5036 ε
667 4984 843 5053 grait
875 4990 984 5045 «st,
1034 4982 1090 5041 in
1119 4980 1336 5036 timbria
1368 4979 1497 5033 item
1532 4977 1845 5034 vestimenti
1878 4976 2084 5033 Christi
2110 5018 2124 5042 ,
2162 4978 2217 5032 in
2250 4979 2365 5033 luto
2395 4978 2639 5049 denique
2677 4980 2825 5050 quod
2860 4994 3068 5035 caecum
3099 4981 3421 5037 illustravit.

491 5093 701 5149 Οὐκοῦν
730 5093 821 5148 διὰ
839 5093 938 5164 τὴν
967 5092 1134 5163 εὐχὴν
1161 5090 1317 5163 τιμία
1347 5086 1414 5162 ἧν
1441 5092 1475 5161 ἡ
1510 5089 1655 5161 κόμη
1698 5089 1836 5162 Θεῷ.
1886 5092 1997 5146 Καὶ
2032 5093 2072 5147 D

2174 5090 2521 5162 Quapmpter
2569 5094 2681 5148 voti
2734 5094 2955 5149 nomine
3001 5095 3239 5164 pretiosa
3300 5092 3444 5162 apud
3504 5090 3672 5147 Deum

418 5187 579 5241 τοῦτο
603 5185 902 5256 δεδήλωκεν
927 5185 956 5236 ὁ
984 5183 1116 5247 Θεὸς
1155 5183 1283 5253 περὶ
1328 5182 1532 5245 παντὸς
1550 5180 1871 5251 Ναζωραίου
1902 5199 1994 5235 νο-

2097 5184 2198 5239 fuit
2224 5201 2401 5240 coma.
2432 5185 2587 5252 Quod
2632 5187 2751 5259 ipse
2783 5194 3022 5242 testatus
3053 5196 3138 5241 est
3167 5187 3309 5240 Deus
3336 5199 3459 5240 cum
3501 5184 3674 5257 legem

424 5278 689 5349 μοοετῶν,
725 5276 819 5330 καὶ
844 5276 1003 5329 τοῦτο
1032 5277 1090 5329 ὲν
1111 5275 1264 5346 νόμῳ
1291 5274 1370 5346 τῷ
1401 5272 1757 5344 παιδαγωγῷ.

2096 5278 2165 5333 de
2194 5279 2388 5348 quovis
2422 5278 2681 5335 Nazareeo
2720 5281 2925 5343 sanxit,
2967 5278 3131 5349 idque
3171 5279 3225 5332 in
3267 5278 3385 5348 lege
3427 5277 3676 5348 ptedago-

2099 5389 2239 5443 gica.

492 5458 598 5512 Καὶ
623 5458 860 5527 ἐγένετο
880 5456 1036 5525 ἀνὴρ
1062 5458 1316 5525 Λευΐτης
1354 5456 1655 5525 παροικῶν
1692 5456 1763 5510 ἐν
1790 5457 2002 5527 μηροῖς

2163 5463 2286 5519 Fuit
2320 5464 2400 5519 vir
2428 5463 2632 5519 Levites
2678 5465 2767 5535 qui
2808 5462 3085 5517 habitabat
3142 5463 3198 5518 in
3253 5462 3422 5518 latere
3477 5463 3671 5517 utentis

423 5548 602 5617 ὅρους
628 5551 900 5621 Ἐφραίμ.
930 5552 1041 5622 Τὴν
1089 5551 1228 5605 κατὰ
1253 5554 1351 5620 τὴν
1381 5555 1616 5618 γυναῖκα
1650 5551 1744 5605 τοῦ
1772 5552 2001 5605 Λευΐτου

2100 5552 2379 5623 Ephraim,
2413 5563 2522 5609 etc.
2561 5553 2706 5626 [XIX
2728 5595 2742 5619 ,
2777 5552 2852 5626 L]
2893 5551 3156 5622 Iniuriam
3190 5552 3243 5607 iu
3273 5550 3477 5609 Levitis
3503 5569 3674 5609 uxore

425 5645 672 5715 παριδεῖν
703 5645 918 5699 ὁδικὶαν
949 5647 978 5700 ό
1025 5644 1152 5709 λαὸς
1190 5646 1290 5699 οὐκ
1320 5647 1598 5717 ἠνέσχετο,
1624 5646 1720 5701 καὶ
1762 5646 1896 5717 πρὸς
1925 5645 2004 5701 δί-

2104 5646 2421 5714 admissam,
2468 5645 2705 5717 populus
2743 5645 2978 5702 tolerare
3035 5660 3145 5701 non
3196 5646 3399 5720 potuit,
3431 5661 3672 5719 quapro-

494 5805 514 5837 ‘
548 5805 566 5859 i
605 5806 729 5861 Cor.
761 5822 819 5877 v,
846 5806 899 5861 5.
978 5806 1021 5838 ¹⁶
1059 5803 1099 5860 Il
1136 5803 1328 5863 Thess.
1367 5821 1426 5873 ll,
1459 5806 1510 5873 ὅ,
1543 5805 1595 5858 4.
