4018 6230
415 322 547 386 1083

1439 323 1970 387 COMMENTARII
2008 321 2088 382 ΙΝ
2122 322 2266 381 LIB.
2305 322 2332 380 l
2363 322 2654 384 REGUM.

3527 325 3662 392 109)

485 433 777 500 Δέγοιιισογιν
809 435 864 486 οἱ
889 434 1176 488 ramum.
1214 433 1690 504 Ύποτοπήσαντες
1719 434 1816 501 τὴν
1846 433 1979 500 πλη-

2159 427 2324 483 νειιε.
2359 429 2412 484 8.
2455 429 2650 483 Dicunt
2701 440 2878 484 autem
2928 430 3124 485 Getltei.
3187 429 3550 502 Suspicantur
3591 437 3662 490 il-

382 519 512 591 ’γὴν
549 520 620 590 μή
654 515 790 574 εἶναι
825 522 1086 593 θεήλατον
1107 565 1120 589 ,
1155 525 1292 576 ἀλλὰ
1325 525 1479 576 νόσον
1510 527 1572 575 ἐκ
1602 523 1858 592 λοιμικῆς
1901 530 2015 573 τι-“

409 630 498 675 νος
529 615 936 676 καταστάσεω·,
970 618 1106 686 πρὸς
1153 617 1380 680 ἑαυτοὺς
1417 615 1844 688 μετενεγκόντες
1883 613 1985 666 πά-

415 719 602 773 σχουσι
638 705 1018 776 παραπλήσια.

1012 821 1392 888 Keosa.qn

485 910 592 964 Καὶ
615 911 852 981 ἐγένετο
895 911 932 978 ἡ
975 911 1220 975 κιϐωτὸς
1252 911 1357 963 τοῦ
1395 911 1541 964 Θεοῦ
1580 909 1649 962 ἐν
1688 905 1844 975 ἀγρῷ
1874 903 1990 958 τῶν

412 1001 780 1066 ἀλλοφύλων
815 1000 1016 1069 μῆνας
1053 997 1118 1058 ζ’.
1163 1000 1452 1069 Μηδεμιᾶς
1500 1001 1706 1060 πόλεως
1739 995 1990 1062 δέξασθαι

411 1087 696 1160 τολμώσης
725 1087 825 1159 τὴν
856 1087 1106 1150 κιϐωτὸν,
1135 1086 1240 1150 ἔξω
1263 1089 1466 1156 ταύτην
1497 1088 1555 1138 ἐν
1586 1083 1836 1154 ὑπαίθρῳ
1857 1101 1990 1136 κατ-

411 1179 628 1232 έλειπον
650 1195 664 1209 ·
695 1178 839 1232 οὕτω
865 1179 964 1246 τῆς
995 1179 1208 1248 πληγῆς
1241 1177 1620 1246 ἀπαλλαγῆναι
1648 1175 1988 1245 νομίσαντες.

409 1271 502 1324 Διὸ
535 1271 627 1322 καὶ
661 1269 769 1322 τῶν
796 1271 860 1322 ὲκ
889 1274 992 1340 γῆς
1023 1267 1396 1339 ἐτιμωροῦντο
1421 1265 1674 1336 καρπῶν,
1707 1265 1993 1327 πείσαντος

413 1359 611 1420 αὐτοὺς
648 1357 744 1410 τοῦ
785 1357 945 1413 Θεοῦ.
1397 1354 1407 1365 I

494 1441 588 1507 Ὠς
613 1443 796 1506 αὐτὸς
831 1443 928 1496 καὶ
981 1441 1105 1509 τοῖς
1150 1443 1496 1512 Αιγυπτίοις
1535 1441 1640 1505 τὰς
1677 1440 1994 1509 διαφόρους

411 1533 767 1603 ἐπενηνόχει
799 1533 1061 1600 πληγάς.
1093 1534 1216 1587 Ἔτι
1263 1533 1372 1603 γὰρ
1402 1532 1623 1585 ἔναυλον
1653 1528 1798 1600 εἶχον
1847 1530 1992 1584 ἐκεί.

415 1643 522 1680 νων
571 1625 669 1698 τὴν
719 1626 974 1696 μνήμην,
1003 1627 1079 1688 ὡς
1129 1627 1401 1698 μαρτυρεῖ
1442 1623 1572 1696 παρ’
1607 1622 1785 1676 αὐτῶν
1839 1624 1994 1694 εἰρη-

418 1717 582 1789 μένα.

2090 519 2192 572 lam
2223 520 2433 588 plagam
2471 535 2576 572 non
2609 519 2826 572 immitti
2859 519 3144 584 divinitus,
3181 521 3273 574 sed
3317 521 3564 576 morbum
3595 539 3664 576 ex

2089 607 2378 674 pesLh-utc
2409 609 2642 676 quadam
2679 606 2967 663 affectione
3018 620 3198 662 ortum
3257 625 3416 675 esse;
3477 624 3660 664 arcam

2091 697 2258 765 igitur
2293 697 2358 749 ad
2393 715 2452 751 se
2499 696 2913 762 transferentes,
2939 699 3126 753 eadem
3161 703 3462 770 patiuutttr.

2699 809 2924 864 CAPUT
2969 809 3056 864 Vl.

2163 896 2326 952 Vens.
2362 899 2408 952 i.
2449 899 2522 952 Et
2566 899 2667 968 fuit
2701 916 2826 952 arca
2864 901 2916 953 in
2965 917 3114 976 σανα,
3139 899 3548 958 Ροίιεδιεηονιηη
3581 921 3665 959 se-

2089 996 2228 1056 ptem
2267 989 2554 1044 mensibus.
2605 991 2736 1044 Cum
2776 992 2982 1044 nullum
3018 1007 3083 1044 ex
3121 993 3330 1062 oppidis
3369 1010 3548 1049 aream
3578 1010 3665 1049 rc-

2092 1077 2276 1146 cipere
2305 1078 2549 1145 auderet,
2584 1095 2705 1134 eam
2755 1091 2908 1135 extra
2944 1081 3146 1152 Oppida
3203 1067 3306 1137 Sub
3360 1084 3484 1139 divo
3536 1085 3666 1138 teli-

2093 1181 2350 1242 querunt,
2386 1175 2465 1228 sic
2497 1174 2599 1228 rati
2630 1189 2688 1228 se
2737 1190 2896 1244 posse
2925 1177 3084 1230 malis
3118 1177 3357 1230 liberari.
3394 1178 3666 1243 Quamob-

2093 1279 2206 1318 rem
2259 1265 2484 1318 Domino
2521 1265 2670 1334 ipsos
2708 1266 3044 1336 castigante,
3077 1267 3240 1323 etiam
3269 1268 3480 1339 frugum
3509 1279 3667 1324 terra:

2093 1355 2322 1424 penuria
2365 1357 2573 1408 multati
2609 1365 2755 1411 sunt.

2172 1443 2342 1498 Vens.
2397 1444 2449 1498 6.
2482 1446 2939 1510 Quemadmodum
2974 1447 3084 1516 ipse
3130 1449 3286 1501 etiam
3319 1447 3458 1502 Deus
3493 1449 3667 1504 varias

2095 1533 2280 1603 plagas
2325 1531 2596 1602 {Egyptiis
2643 1535 2846 1590 intulit.
2909 1535 3197 1590 Recentem
3255 1539 3398 1592 enim
3453 1538 3666 1593 illarum

2097 1639 2277 1677 rerum
2343 1624 2663 1695 meritoriam
2727 1625 2933 1691 fuisse,
2999 1642 3283 1684 sermones
3334 1643 3521 1684 eorum
3591 1639 3668 1682 te-

2098 1721 2338 1767 stantur.

637 1809 840 1878 θέματι
877 1807 1156 1878 ,ϐαεργάζῖ
1199 1808 1496 1878 Σύμμαχος
1523 1804 1724 1868 οὕτως·
1759 1803 1892 1857 Θέτε
1919 1802 1989 1857 ἐν

2161 1801 2227 1857 In
2256 1804 2518 1870 positione
2543 1805 2813 1878 baergatz.
2851 1807 3215 1879 Symmachus
3261 1808 3326 1862 ad
3359 1808 3504 1862 hunc
3545 1824 3664 1861 tuo-

416 1901 504 1968 τῷ,
530 1903 830 1971 λαρνακίῳ
869 1900 990 1956 ἀπὸ
1031 1901 1288 1970 ,πλαγίου
1337 1897 1552 1953 αὑτοῦ·
1585 1899 1614 1950 ό
1644 1898 1701 1950 δὲ
1735 1895 1986 1958 Ἀκύλας,

413 1993 850 2062 ἐνυφήκουριις.
888 1992 946 2044 ’0
1003 1991 1061 2044 δὲ
1113 1989 1372 2060 Ἰώσηπος
1438 1987 1672 2058 ἁργοζὲκ
1734 2003 1864 2058 φησι
1929 1985 1992 2038 τὸ

413 2083 852 2153 γλωσσόκομον
877 2081 1000 2134 ο.ὐ
1027 2080 1084 2132 δὲ
1115 2079 1250 2143 Θεὸς
1275 2082 1342 2150 τῇ
1372 2079 1480 2132 τῶν
1515 2076 1758 2148 μάντεων
1789 2075 1992 2142 ἐπηκο-

415 2173 644 2244 λούθησε
685 2171 882 2243 γνώμῃ
929 2171 1398 2240 συγκαταϐαίνων.
1434 2168 1547 2222 Καὶ
1577 2167 1688 2237 γὰρ
1720 2163 1904 2234 μεῖζον
1929 2162 1992 2214 τὸ

415 2263 850 2334 κατορθούμενον
877 2261 938 2314 τὸ
962 2261 1056 2314 καὶ
1090 2260 1289 2322 αὐτοὺς
1321 2257 1670 2329 μαρτυρῆσαι
1692 2253 1816 2316 τοὺς
1838 2255 1987 2306 ὲναν-

314 2343 334 2364 .
410 2357 560 2420 τίους
591 2357 659 2426 τῇ
690 2355 784 2408 τοῦ
811 2353 948 2407 Θεοῦ
975 2353 1220 2422 δυνάμει,
1254 2349 1349 2402 καὶ
1375 2348 1473 2418 τὴν
1509 2346 1637 2418 περὶ
1661 2344 1850 2400 τούτου
1879 2342 1986 2414 ψῆ-

413 2465 512 2517 φον
537 2447 662 2510 τοὺς
686 2445 864 2500 αὑτῶν
891 2442 1244 2504 διδασκάλους
1270 2439 1598 2507 ἐξενεγκεῖν.

2086 1893 2236 1962 dum,
2269 1895 2462 1950 Ponite
2501 1899 2560 1950 ὲν
2601 1897 2677 1966 τῷ
2723 1899 3002 1968 λαρνακίῳ
3031 1900 3137 1951 ἀπὸ
3175 1899 3404 1968 πλαγίου
3477 1898 3664 1963 αὐτοῦ,

2088 1981 2142 2034 id
2175 1991 2260 2036 est
2289 1983 2344 2036 in
2385 2001 2543 2050 urna,
2581 1989 2663 2042 vel
2711 1989 2944 2056 capsella
2985 2005 3047 2042 ex
3083 1989 3253 2044 latere
3287 1989 3428 2059 ejus.
3469 1989 3667 2059 Aquila

2088 2089 2220 2128 vero
2277 2075 2680 2148 ἐνυφήκουρας.
2735 2078 3007 2150 Iosephus
3068 2079 3302 2150 argnzrk
3368 2079 3555 2134 dicit:
3605 2079 3667 2133 τδ

2088 2163 2488 2238 γλωσσόκομον,
2561 2185 2801 2240 capsam.
2873 2172 3144 2226 Caeterum
3179 2171 3320 2226 Deus
3377 2171 3666 2241 (quando-

2091 2256 2310 2324 quidem
2355 2259 2476 2326 plus
2517 2259 2851 2316 dit'licultatis
2899 2261 3002 2315 hoc
3031 2277 3170 2331 opus
3209 2260 3440 2316 habebat
3475 2263 3550 2316 rei
3597 2261 3666 2312 ab

2091 2344 2174 2400 eis
2215 2347 2436 2414 confici)
2472 2351 2920 2407 condcscendens
2957 2351 3125 2421 ipsis,
3165 2351 3498 2406 hariolorum
3543 2366 3668 2407 sen-

2091 2437 2278 2490 tentiae
2311 2437 2728 2494 obsecundavit.
2771 2439 2840 2495 Ut
2877 2440 2978 2510 ipsi
3019 2442 3182 2495 etiam
3232 2441 3422 2496 hostes
3474 2442 3666 2496 virtuti

411 2542 611 2596 divinae
644 2540 1016 2595 testimonium
1053 2535 1622 2610 perhibet-enthutque
1653 2528 1896 2600 magistri
1931 2527 2176 2599 ipsorum
2208 2532 2276 2586 de
2314 2533 2415 2588 hac
2447 2550 2506 2590 re
2539 2549 2692 2590 suam
2729 2535 3057 2592 sententiam
3089 2535 3418 2606 proterrent.

479 2635 580 2688 Ἐκ
609 2635 838 2700 πόλεως
863 2627 1318 2700 ἐστερεωμένης,
1351 2629 1444 2681 καὶ
1476 2627 1545 2680 τὰ
1570 2624 1716 2696 ἑξῆς.
1755 2621 1982 2686 Ἀκύλας

413 2721 670 2792 ἰσχυρᾶς
722 2722 998 2792 ςησινκο
1041 2721 1100 2774 δὲ
1145 2719 1458 2790 Σύμμαχος,
1515 2712 1982 2784 τετειχισμένης.

417 2815 562 2876 Ἕως
590 2813 782 2885 κώμης
805 2812 1136 2883 ἀτειχίστου,
1165 2810 1260 2863 καὶ
1281 2809 1387 2872 ἕως
1409 2805 1577 2860 Ἀϐελ
1597 2806 1696 2876 τῆς
1721 2802 1984 2874 μεγάλης,

413 2908 481 2962 δι’
503 2903 571 2980 ἦς
609 2909 830 2978 ἀφῆκαν
868 2905 966 2978 τὴν
1007 2905 1240 2960 κιϐωτὸν
1276 2902 1508 2974 Κυρίου.

491 3086 587 3152 Τίς
632 3081 959 3150 δυνήσεται
1001 3079 1416 3150 παραστῆναι;
1469 3077 1612 3131 Ἀντὶ
1652 3073 1748 3129 τοῦ
1779 3073 1988 3144 στῆναι,

417 3178 514 3230 καὶ
557 3175 888 3244 ὑποστῆναι,
927 3171 1240 3243 ἔμπροσθεν
1265 3170 1496 3241 Κυρίου,
1525 3167 1600 3230 ὡς
1627 3168 1675 3220 oi
1705 3164 1902 3218 λοιποί.
1929 3163 1990 3216 οε

2160 2623 2326 2682 Vsus.
2375 2628 2458 2682 18.
2507 2628 2590 2684 Ex
2626 2629 2752 2684 urbe
2799 2633 3037 2697 munita,
3079 2639 3134 2686 et
3168 2647 3288 2702 quae
3335 2638 3664 2700 sequuntur.

2083 2713 2280 2783 Aquila
2300 2715 2436 2771 dicit
2471 2717 2686 2790 ἰσχυρά.
2715 2718 3504 2796 εγηιηιοοιιιιε,τετειχισμένηε
3534 2736 3664 2776 μιαι-

2087 2805 2251 2860 nibus
2279 2807 2480 2870 cincta,
2515 2825 2685 2878 ltSqlte
2715 2812 2779 2862 ad
2815 2813 2993 2865 vicum
3040 2828 3150 2866 non
3221 2813 3466 2866 cinctum
3511 2829 3667 2866 mum

2091 2908 2148 2950 et
2193 2914 2368 2968 usque
2419 2899 2486 2954 ad
2539 2901 2672 2956 Abel
2729 2902 3008 2958 civitatem
3047 2919 3320 2974 magnam,
3367 2920 3468 2976 per
3500 2922 3662 2977 quam

2094 3005 2279 3044 arcam
2315 2990 2533 3046 Domini
2567 2994 2888 3048 emiserunt.

2166 3079 2332 3136 Vens.
2375 3082 2465 3138 20.
2511 3083 2640 3148 Quis
2684 3085 2874 3152 poterit
2919 3087 3139 3142 astare?
3198 3097 3303 3142 etc.
3375 3085 3482 3142 Pro
3532 3087 3666 3142 sul:-

2097 3169 2311 3232 sistere,
2353 3171 2434 3224 vel
2471 3171 2795 3236 consistere,
2821 3189 3006 3226 coram
3038 3173 3286 3238 Domino,
3320 3183 3378 3228 ut
3409 3176 3498 3228 alii
3540 3177 3665 3230 red-

337 3301 344 3308 -
423 3267 522 3336 μὲν
549 3259 645 3318 οῦν
677 3243 927 3332 Ἰεχονίου
960 3261 1170 3324 παῖδες,
1201 3258 1278 3322 ὡς
1309 3257 1590 3319 δυσσεϐεῖς
1612 3294 1626 3320 ,
1655 3255 1748 3309 καὶ
1773 3256 1882 3316 τοῖς
1909 3255 1988 3306 εί-

2090 3256 2244 3310 dunt.
2267 3255 2548 3312 Jecbonia:
2573 3259 2690 3321 filii,
2731 3260 3173 3328 quandoquidem
3207 3261 3380 3332 impii,
3410 3271 3462 3317 et
3495 3261 3664 3316 idolu-

419 3356 612 3418 ϐώλοις
641 3353 1019 3424 λατρεύοντες,
1052 3349 1432 3421 ἐδυσφόρησαν
1461 3347 1659 3409 ἰδόντες
1687 3345 1788 3417 τὴν
1821 3345 1988 3397 κιϐω-

419 3449 533 3514 τὸν,
566 3447 661 3501 καὶ
685 3447 841 3518 δίκην
870 3445 1075 3499 ἔτισαν.
1095 3444 1154 3497 ὐ
1181 3443 1238 3496 δὲ
1264 3443 1392 3506 λαὸς
1425 3439 1870 3514 ἐπαιδεύθηκτῆς
1907 3455 1991 3491 κι-

416 3539 594 3594 ϐωτοῦ
619 3535 1070 3610 προκινδυνεῦσαι
1101 3535 1176 3607 μὴ
1203 3531 1505 3604 βουληθεὶς,
1523 3531 1619 3585 καὶ
1645 3530 1818 3600 μῆνας
1851 3527 1992 3582 ἑπτὰ

421 3629 573 3700 παρὰ
597 3633 708 3692 τοῖς
737 3626 1054 3696 ἀλλοφύλοις
1081 3625 1288 3696 ταύτην
1309 3623 1490 3692 ἀφεὶς,
1515 3623 1610 3676 καὶ
1637 3619 1712 3692 μὴ
1738 3619 1828 3673 τὸν
1851 3619 1991 3688 ὑπὲρ

421 3722 591 3793 αὐτῆς
626 3719 1028 3790 ἀναδεξάμενος
1065 3715 1325 3788 πόλεμον.

1021 3829 1276 3884 ΚΕΦΛΛ.
1315 3829 1394 3882 Z'.

491 3926 604 3982 Καὶ
642 3926 716 3980 τὰ
761 3925 923 3993 ἄλση
967 3919 1277 3990 Ἆσταρώθ.
1313 3915 1546 3979 Ἀκύλας
1575 3913 1748 3979 οὕτω,
1782 3913 1854 3966 τὰ
1882 3910 1992 3980 τῆς

433 4018 754 4088 Ἀστάρτης
777 4015 1110 4086 ἀγάλματα.
1142 4011 1299 4067 οὕτω
1327 4010 1384 4064 δὲ
1413 4007 1640 4062 καλοῦσι
1665 4004 1765 4076 τὴν
1799 4004 1992 4074 Ἀφρο-

419 4113 597 4182 δίτην,
625 4112 692 4162 ὲκ
732 4108 826 4162 τοῦ
875 4107 1105 4178 ἀστέρος
1153 4101 1656 4174 παρονομάσαντες.
1677 4096 1857 4166 Αὐτῆς
1883 4095 1993 4164 γὰρ

417 4199 566 4260 εἶναι
601 4201 692 4254 τὸν
732 4198 1007 4268 ἑωσφόρον
1047 4192 1428 4267 μυθολογοῦσι.

494 4291 602 4349 Καὶ
625 4289 803 4344 ἔλαϐε
832 4285 1116 4358 Σαμουὴλ
1145 4283 1297 4354 ἄρνα
1325 4281 1684 4354 γαλαθηνόν.
1725 4280 1862 4352 Πρὶν
1885 4279 1992 4350 γὰρ

423 4387 514 4441 τὸν
555 4383 698 4438 θετον
726 4379 1149 4450 οἰκοδομηθῆναι
1180 4375 1350 4440 νεὼν,
1383 4375 1442 4428 ὲν
1489 4373 1766 4445 διαφόροις
1807 4371 1994 4434 τόποις

427 4477 716 4546 ἑλάτρευον
760 4473 840 4544 τῷ
867 4471 1008 4542 Θεῷ.
1038 4468 1144 4522 Τοῦ
1189 4469 1297 4538 γὰρ
1341 4465 1472 4520 λαοῦ
1505 4464 1568 4518 τὸ
1593 4465 1884 4537 πρόχειρον
1911 4465 1991 4526 εἰς

2090 3349 2242 3402 ιαμ-ιε
2277 3356 2468 3414 erant,
2519 3349 2875 3418 inspicientes
2930 3366 3138 3415 arcam,
3181 3352 3420 3422 graviter
3461 3352 3662 3418 aﬂlimi,

2093 3454 2283 3510 pmnas
2311 3440 2600 3496 dederunt.
2631 3441 2876 3508 Pupulus
2906 3452 3088 3496 autem
3125 3443 3246 3499 ideo
3281 3458 3312 3498 a
3348 3441 3458 3498 Deo
3493 3445 3663 3499 casti-

2089 3539 2248 3599 gatus
2281 3539 2399 3594 est,
2441 3533 2567 3601 quia
2609 3533 2818 3586 nullum
2857 3549 2954 3603 pro
2985 3548 3110 3588 arca
3143 3533 3446 3604 periculum
3480 3534 3665 3591 subire

2089 3619 2281 3685 voluit,
2310 3622 2574 3691 nulloque
2607 3622 2746 3677 bello
2787 3629 3064 3694 suscepto,
3101 3639 3220 3680 eam
3260 3625 3546 3680 mensibus
3578 3639 3664 3680 se-

2090 3720 2232 3782 ptem
2257 3711 2586 3780 Palaestinis
2619 3713 3012 3784 permiserunt.

2683 3823 2910 3878 CAPUT
2950 3823 3066 3878 VII.

2159 3906 2412 3965 νεῖαι-..5.
2489 3911 2556 3964 Et
2611 3913 2756 3966 lucos
2811 3913 3092 3971 Astarotlt.
3153 3916 3370 3986 Aquila,
3431 3917 3662 3974 Astarte:

2089 4004 2294 4050 statuas
2326 3999 2521 4052 reddit.
2561 3997 2652 4053 Sic
2681 4009 2861 4054 autem
2893 4001 3156 4058 Venerem
3211 4020 3241 4057 a
3275 4006 3454 4061 sidere
3489 4007 3660 4062 deno-

2090 4089 2324 4144 minaut.
2357 4089 2674 4146 Luciferum
2707 4093 2851 4148 enim
2886 4094 3058 4164 ipsius
3103 4109 3226 4152 esse
3257 4096 3591 4154 fabulantur.

2163 4267 2330 4346 \l't-ztts.
2367 4292 2420 4348 9.
2482 4291 2554 4347 Et
2598 4298 2798 4367 accepit
2853 4297 3070 4353 Samuel
3122 4316 3316 4372 agnmn
3361 4303 3657 4369 lactentem,

2090 4390 2202 4436 etc.
2229 4383 2537 4454 Antequam
2569 4387 2714 4440 enim
2759 4389 3016 4458 templum
3053 4387 3146 4444 Dei
3197 4388 3527 4446 tediﬁcatuni
3567 4409 3658 4449 es-

2091 4483 2197 4536 set,
2221 4472 2331 4530 Deo
2359 4477 2530 4532 variis
2564 4477 2618 4538 in
2664 4480 2799 4535 locis
2829 4481 3232 4538 sacriﬁcabant.
3269 4483 3371 4549 Qui
3406 4501 3528 4538 cum
3565 4502 3661 4556 po-

425 4566 678 4621 ὰσέϐειαν
705 4565 1064 4634 ἐπιστάμενος
1087 4601 1102 4628 ,
1131 4561 1211 4614 ἑνὶ
1239 4561 1338 4632 τὴν
1369 4557 1522 4612 θείαν
1549 4556 1805 4626 λατρείαν
1831 4571 1989 4626 περι-

2094 4565 2278 4634 pulum
2305 4566 2372 4620 ad
2405 4567 2737 4636 impietatem
2775 4586 3104 4642 propensum
3135 4587 3257 4627 esse
3311 4573 3500 4637 sciret,
3539 4575 3662 4628 eul-

425 4660 592 4728 ώρισε
621 4657 794 4728 τόπῳ.
829 4653 953 4718 Τοῖς
995 4653 1100 4724 γὰρ
1145 4651 1428 4712 εὐσεϐέσι,
1457 4650 1550 4703 καὶ
1575 4644 1666 4700 τὸν
1699 4646 1792 4700 τοῦ
1821 4647 1985 4715 νόμου

428 4750 628 4806 σκοπὸν
655 4748 1060 4818 ἐπισταμένοις,
1081 4745 1226 4807 ἅπας
1249 4745 1327 4805 είς
1348 4743 1446 4810 τὴν
1463 4739 1556 4792 τοῦ
1579 4736 1716 4792 Θεοῦ
1733 4737 1988 4808 λατρείαν

377 4872 387 4886 -
427 4842 700 4912 ἁφιέρωτο
733 4840 917 4902 τόπος.
951 4837 1061 4891 Καὶ
1103 4835 1212 4906 γὰρ
1249 4833 1430 4896 Ἠλίας
1457 4834 1486 4886 ό
1517 4831 1691 4899 πάνυ,
1721 4828 1816 4882 τοῦ
1852 4825 1986 4882 θεοῦ

428 4931 532 4986 νεὼ
563 4931 697 5002 πρὸς
725 4931 916 4984 ἑαυτὸν
937 4928 1185 4990 ἅπαντας
1205 4925 1346 4980 κατὰ
1375 4924 1467 4978 τδν
1486 4922 1649 4992 νόμον
1673 4919 1983 4984 καλοῦντος,

429 5025 487 5078 ὲν
518 5022 595 5094 τῷ
630 5021 913 5093 Καρμήλῳ
957 5017 1341 5088 θυσιαστήριον
1368 5013 1682 5086 ᾠκοδόμησε
1703 5053 1718 5078 ,
1752 5010 1846 5066 καὶ
1893 5010 1990 5062 θυ-

432 5119 551 5172 σίαν
589 5117 952 5186 προσήνεγκε.

870 5208 876 5215 ’
1028 5221 1400 5278 ΚΕΦΑΛ.ΙΡ.

504 5319 614 5373 Καί
653 5320 766 5373 οὐκ
799 5316 1218 5384 ἐπορεύθησαν
1246 5316 1300 5367 οἱ
1330 5311 1445 5366 υἱοί
1471 5309 1656 5364 αὐτοῦ
1681 5310 1748 5362 ὲν
1775 5309 1849 5377 τῇ
1876 5309 1992 5374 ὀδῷ

433 5407 640 5465 αὑτοῦ.
680 5409 791 5463 Καὶ
819 5407 934 5470 πῶς
963 5407 1061 5460 οὐκ
1093 5405 1266 5460 ἔτισεν
1298 5403 1438 5474 ὑπὲρ
1461 5401 1568 5456 τῶν
1598 5401 1800 5455 παίδων
1838 5401 1992 5464 δίκας

2094 4665 2207 4710 tum
2243 4671 2402 4712 suum
2441 4659 2604 4714 unico
2655 4661 2772 4715 loco
2809 4662 3272 4734 circumscripsit.
3313 4663 3426 4720 Piis
3455 4673 3658 4726 autem.

2093 4745 2185 4816 qui
2235 4763 2460 4818 scopum
2535 4759 2588 4804 et
2637 4750 2794 4808 tinem
2848 4752 2982 4822 legis
3033 4753 3441 4824 intelligebant,
3482 4757 3662 4809 omnis

2094 4839 2248 4894 locus
2278 4843 2344 4892 ad
2373 4839 2608 4893 'cultum
2661 4842 2906 4896 divinum
2945 4853 3300 4912 consecratus
3333 4854 3468 4900 erat.
3525 4843 3659 4898 Nam

2093 4925 2275 4982 llelias
2306 4944 2545 4998 quoque,
2575 4931 2672 4984 etsi
2717 4931 2979 5000 templum
3030 4931 3242 4985 Dmnini
3271 4948 3458 4986 omnes
3491 4931 3560 4984 ad
3601 4945 3661 4986 se

2091 5019 2338 5074 studiose
2363 5019 2521 5090 juxta
2563 5022 2696 5092 legis
2739 5035 3069 5093 praeceptum
3104 5025 3346 5086 vocabat,
3383 5035 3563 5078 tamen
3605 5024 3658 5078 iu

2095 5111 2344 5164 Cat'melo
2375 5121 2655 5166 exstructo
2688 5114 2844 5166 altari
2878 5113 3150 5166 victimam
3195 5113 3414 5168 obtulit.

2667 5219 2894 5276 CAPUT
2949 5221 3079 5275 ΗΠ.
3261 5209 3266 5214 ’

2167 5308 2328 5365 Vens.
2363 5311 2414 5366 '5.
2462 5310 2528 5363 Et
2577 5327 2682 5364 non
2722 5311 3124 5365 titubat-laverunt
3159 5311 3261 5380 ﬁlii
3318 5313 3436 5382 ejus
3479 5316 3534 5370 in
3565 5317 3661 5372 viis

2093 5401 2228 5470 ejus,
2258 5411 2363 5456 etc.
2399 5400 2508 5454 Cur
2547 5417 2653 5455 non
2701 5401 2864 5456 etiam
2901 5401 3124 5456 Samuel
3153 5401 3222 5457 ob
3262 5401 3661 5473 improbitatem

1712 5579 1942 5634 VARUE
1976 5579 2373 5640 LECTlONES.

513 5708 540 5744 ε
564 5699 624 5756 C.
647 5698 710 5756 L.
737 5699 825 5758 hic
861 5699 1008 5756 addit
1041 5719 1054 5754 :
1102 5699 1195 5754 καὶ
1232 5702 1278 5752 οἱ
1314 5699 1412 5771 μὲν
1443 5695 1672 5751 πλεκτὸν
1702 5695 1900 5748 ὡσανεὶ
1933 5696 2186 5764 κόφινον·
2221 5700 2266 5751 οἱ
2297 5698 2348 5751 δὲ
2382 5701 2442 5750 ἐκ
2468 5697 2689 5768 τριχῶν,
2721 5689 2806 5748 οἶα
2831 5693 2896 5746 τὰ
2940 5696 3158 5751 σακκία.
