4018 6230
351 273 371 334 1
392 273 490 336 ῖιξίθ

1640 273 1986 335 ΙῚῖΟΕΟΡίΙ
2027 279 2270 338 ΩΛἏΈΙ

3455 279 3590 348 ίίθθ

349 385 538 442 ιοιίιιιι·,
574 396 788 432 omnem
829 381 1110 433 hominum
1142 381 1464 445 bonitatem,
1497 385 1913 440 etclementiam

2023 391 2264 456 λευσθεὶς
2315 388 2679 466 ἀποκερ-’ᾶιαι
2733 398 2830 466 τῆς
2855 399 3024 459 λείας,
3059 395 3324 464 ἐπανῆλθε
3354 397 3421 449 τὰ
3451 401 3588 450 κάλ-

351 473 510 536 longe
544 485 845 536 superare;
887 472 1008 536 ipso
1042 479 1218 522 tamen
1253 471 1360 524 Deo
1391 472 1916 531 clelnentior'vidcri

349 561 542 614 voluit.
589 561 836 628 Cumque
881 561 1013 611 nihil
1059 559 1126 610 ιιι·
1162 561 1342 628 praeda
1393 561 1694 632 decerpere
1725 566 1918 634 jussus

345 661 512 716 esset,
542 650 936 719 pretiosissima
964 649 1212 704 abduxit.
1245 650 1364 720 Ipse
1397 654 1848 724 interimjejuniu
1863 674 1912 710 ιιι

346 741 612 803 indicens,
645 755 806 794 suum
849 739 952 792 hoc
975 741 1256 794 decretum
1303 744 1620 808 delendere,
1657 749 1919 801 et‘rindi-

343 847 474 887 care
506 833 999 902 satagebatmcqne
1031 835 1255 902 proprio
1281 834 1422 888 Filio
1457 837 1775 891 misericors
1808 839 1916 893 sci-

343 925 470 976 licet
508 923 786 992 parcebat.
821 925 1078 978 Amelech
1103 940 1251 984 vero.
1273 942 1431 994 quem
1463 925 1604 981 Deus
1632 945 1759 998 mon
1784 945 1914 998 pro-

339 1024 457 1084 pter
494 1015 828 1084 impietatem
863 1031 989 1084 erga
1029 1033 1110 1078 se,
1141 1017 1234 1070 scd
1262 1027 1496 1086 propter
1530 1021 1912 1075 crudelitatem

336 1110 390 1160 in
453 1109 710 1175 populum
761 1109 947 1186 suam)
997 1109 1510 1171 anathematizavit,
1543 1111 1814 1180 neglecto,
1863 1120 1918 1166 et

336 1197 635 1266 praeterito,
685 1213 866 1266 neque
918 1197 1102 1255 Achar
1153 1199 1404 1268 exemplo
1450 1201 1668 1254 cautior
1709 1200 1911 1266 factus,

337 1305 428 1343 res
471 1289 904 1360 pretiosissimas
935 1289 1170 1358 accepit.
1206 1289 1362 1355 Quod
1395 1299 1576 1346 autem
1611 1293 1755 1348 Deus
1792 1309 1913 1362 pm-

337 1395 462 1433 nam
490 1381 918 1434 Amalccitarum
961 1382 1248 1450 hucusque
1273 1383 1502 1444 distulit.
1545 1383 1724 1453 ipsius
1745 1385 1912 1440 etiam

334 1486 463 1535 erga
494 1471 747 1524 homines
784 1473 991 1527 amoris
1029 1483 1134 1535 est,
1171 1486 1222 1526 et
1254 1474 1630 1543 benignitatis,
1661 1477 1754 1544 qui
1788 1485 1912 1530 tan-

337 1574 450 1616 tum
513 1561 780 1632 temporis
830 1564 1172 1632 paenitentiae
1225 1554 1489 1633 ipsorum,
1527 1567 1698 1629 dedit,
1725 1575 1777 1622 et
1816 1568 1952 1622 ον’

338 1659 628 1727 spectavit,
665 1659 846 1712 donec
874 1674 1136 1714 mensura
1191 1670 1543 1728 peccatorum
1583 1662 1904 1732 adimplere-

2023 479 2181 534 λιστα
2225 486 2615 553 κομισάμενος.
2671 488 2776 538 Καὶ
2830 487 2990 550 αὐτὸς
3021 488 3207 556 ὁρίσας
3245 489 3448 558 τροφῆς
3485 505 3590 557 μη-

2019 573 2142 624 δένα
2177 573 2522 641 μεταλαϐεῖν,
2566 576 2655 628 τὸν
2703 577 2832 628 ῐδιον
2864 579 2988 646 ὅρον
3032 578 3268 633 ἐκδικεῖν
3325 563 3596 646 κατηπείέ

2020 679 2166 729 γετο,
2195 663 2327 732 μηδὲ
2365 665 2552 728 παιδὸς
2581 665 2610 717 ό
2646 667 2804 734 δῆθεν
2841 666 3086 736 ἐλεήμων
3123 667 3453 736 φειδόμενος.
3485 671 3591 722 Τοῦ

2018 754 2074 804 δὲ
2097 754 2230 807 Θεοῦ
2255 757 2344 808 τὸν
2379 757 2624 828 Ἀμαλὴκ
2647 757 3162 827 ἀναθεματίσαντος,
3197 759 3257 810 οὐ
3279 759 3368 812 διὰ
3389 759 3486 830 τὴν
3511 763 3593 822 εἰς

2017 845 2182 898 αὐτὸν
2215 845 2487 912 ἀσέϐειαν,
2519 847 2606 899 διὰ
2637 848 2695 901 δὲ
2724 847 2782 900 τὸ
2815 847 2944 916 περὶ
2970 847 3060 900 τὸν
3083 847 3207 900 λαὸν
3230 847 3452 916 ἀπηνὲς,
3482 865 3588 900 πα-

2021 933 2194 1003 ραϐὰς
2243 935 2513 1005 λαμϐάνει
2548 937 2616 990 τὰ
2670 919 2954 1003 κάλλιστα,
2989 937 3126 1007 μηδὲ
3176 937 3252 1007 τῷ
3281 937 3376 990 τοῦ
3421 938 3594 1008 Ἀχὰρ

2021 1025 2412 1092 σωφρονισθεὶς
2440 1027 2816 1098 ὑποδείγματι.
2847 1028 2909 1080 Εἰ
2947 1027 3002 1080 δὲ
3034 1027 3224 1098 παρίδε
3251 1029 3410 1098 μέχρι
3434 1027 3530 1080 νῦν
3565 1030 3593 1081 ὁ

2017 1116 2146 1179 Θεὸς
2201 1118 2300 1186 τὴν
2337 1119 2493 1188 δίκην
2530 1119 2623 1170 τοῦ
2665 1119 2947 1188 Ἀμαλὴκ,
2975 1119 3074 1188 τῆς
3103 1117 3268 1194 αὑτοῦ
3312 1118 3594 1173 καὶτοῦτο

2017 1209 2448 1281 φιλανθρωπίας,
2483 1209 2736 1264 τοσοῦτον
2777 1211 2856 1272 εἰς
2907 1211 3196 1280 μετάνοιαν
3241 1208 3591 1272 ἐνδεδωκότος

2015 1299 2214 1360 αὐτοῖς,
2251 1297 2340 1349 καὶ
2384 1297 2740 1368 πληρωθῆναι
2791 1297 2889 1360 τάς
2925 1297 3197 1368 ἁμαρτίας
3227 1297 3404 1350 αὐτῶν
3435 1313 3595 1366 περι-

2019 1387 2322 1456 μείναντος,
2380 1389 2500 1440 ἀντὶ
2570 1389 2856 1458 μετανοίας
2928 1388 3325 1460 προστιθέντων
3376 1390 3586 1451 αὐταῖς.

2015 1469 2494 1532 Καίτοι“τοσαῦτα
2537 1479 2666 1548 περὶ
2695 1479 2786 1532 τὸν
2809 1479 3028 1549 Ἰσραὴλ
3070 1479 3312 1547 ἐγεγόνει
3356 1478 3424 1530 τὰ
3456 1478 3596 1531 θαύ-

2018 1585 2186 1636 ματα,
2212 1569 2280 1622 δι’
2315 1563 2390 1623 ὧν
2425 1569 2598 1641 ἐχρῆν
2633 1569 3076 1640 ἐπιστρέφεσθαι.
3112 1569 3172 1622 ΙΞί
3203 1569 3284 1629 δὲ,
3308 1569 3414 1621 τῶν
3440 1569 3594 1638 πρώ-

2016 1675 2124 1712 των
2171 1661 2590 1731 ἡμαρτηκότων,
2640 1656 2785 1716 οὗτοι
2825 1660 3172 1724 κολάζονται,
3221 1661 3437 1732 πρῶτον
3485 1661 3592 1730 μὲν

335 1756 444 1800 tnr.
477 1747 611 1802 Cum
645 1748 864 1803 interim
899 1749 1000 1818 ipsi
1025 1750 1145 1804 loco
1169 1751 1524 1820 pmnitentize,
1551 1767 1714 1821 quam
1749 1767 1913 1822 agere

2016 1750 2106 1802 ἐπὶ
2135 1751 2340 1804 τούτων
2378 1751 2438 1804 τὸ
2503 1753 2702 1822 μέτρον
2745 1751 3121 1824 πεπλήρωται,
3155 1752 3391 1806 τοσαῦτα
3417 1769 3590 1824 προσ-

335 1841 620 1905 ιὶειγιιθριιι,
670 1850 898 1911 peccata
957 1842 1199 1912 peccatis
1247 1843 1631 1910 cumularent;
1673 1858 1912 1914 cumque

336 1941 414 1987 Iot
460 1941 725 2003 tantaque
789 1935 1058 1987 miracula
1146 1935 1198 1988 in
1253 1943 1552 2006 conspectu
1606 1935 1912 2000 haberent,

334 2041 456 2096 qua:
503 2025 556 2079 iu
601 2025 808 2096 populo
856 2025 1161 2081 Israelitico
1195 2027 1363 2092 edita,
1394 2041 1492 2082 eos
1529 2026 1592 2080 ad
1633 2027 1911 2096 paeniten-

333 2120 463 2172 tiam
520 2132 827 2188 provocare
865 2118 1215 2184 debuerunt;
1249 2118 1393 2188 quod
1444 2133 1574 2188 vero
1598 2159 1613 2184 ,
1646 2134 1769 2172 cum
1803 2135 1913 2172 ma-

329 2213 480 2278 jorcs
515 2185 820 2280 peccarint,
852 2210 1057 2278 posteri
1115 2185 1462 2279 puniuntur;
1501 2185 1738 2278 primum
1785 2209 1910 2280 qui-

335 2301 458 2354 dem
513 2303 582 2356 ab
623 2301 733 2354 illis
795 2315 1054 2364 mensura
1095 2311 1179 2356 est
1234 2300 1479 2370 impleta,
1527 2316 1650 2355 cum
1697 2308 1908 2354 tantum

333 2391 628 2462 praeteritis
670 2390 912 2460 peccatis
969 2388 1319 2460 adjecerint;
1367 2390 1596 2457 deinde,
1649 2407 1772 2446 cum
1821 2391 1912 2460 ju-

332 2491 478 2537 stum
532 2483 606 2538 sit
653 2482 870 2537 Domini
909 2481 1202 2552 judicium,
1249 2481 1488 2552 majores
1545 2483 1710 2538 etiam
1763 2482 1912 2553 ipso-

334 2589 452 2627 rum
502 2587 696 2642 pennas
750 2586 858 2626 non
923 2569 1398 2641 sublerl‘ugerunt.
1442 2572 1606 2643 Atqui
1661 2575 1740 2639 hi,
1785 2591 1907 2630 cum

334 2669 561 2724 meritas
593 2682 786 2738 poenas
821 2665 1098 2728 dederint,
1137 2666 1261 2721 aliis
1286 2666 1340 2719 in
1372 2667 1684 2736 exemplum
1711 2683 1911 2737 propo-

333 2759 424 2811 siti
467 2768 624 2822 sunt;
657 2756 978 2826 temperatis
1030 2769 1128 2825 pro
1173 2755 1371 2810 merito
1401 2756 1457 2810 in
1493 2757 1619 2822 hoc,
1655 2767 1709 2812 et
1743 2758 1909 2812 ctiam

2016 1839 2234 1895 θέντων.
2271 1841 2523 1906 Ἔπειτα,
2569 1843 2806 1912 κρίσεως
2850 1842 3052 1912 οὔσης,
3087 1845 3330 1898 κάκεῖνοι
3377 1843 3474 1914 τὴν
3507 1843 3592 1896 δί-

2015 1949 2118 2002 κην
2155 1933 2252 1985 our
2307 1934 2504 2002 ἔφυγον
2530 1950 2544 1964 ο
2579 1921 2672 1988 καὶ
2701 1928 2846 1987 οὗτοι
2884 1934 3260 2000 κολασθέντες,
3301 1938 3380 1998 εἰς
3410 1935 3596 2005 παρὰ·

2015 2023 2213 2093 δειγμα
2264 2028 2376 2088 τοῖς
2417 2024 2603 2088 ἄλλοις
2657 2025 2936 2093 ἐγένοντο,
3001 2026 3385 2097 μετρουμένων
3450 2026 3594 2096 πρὸς

2014 2117 2170 2180 ἀξίαν
2227 2118 2322 2170 καὶ
2373 2117 2480 2170 τῶν
2536 2116 2768 2170 ἐνταῦθα
2820 2117 3124 2178 κολάσεων.
3152 2117 3248 2170 καὶ
3285 2118 3392 2170 τῶν
3423 2117 3480 2184 ὲν
3507 2116 3594 2187 τῷ

2019 2207 2265 2276 μέλλοντι
2293 2224 2306 2238 ·
2342 2210 2390 2261 εί
2422 2210 2516 2262 καὶ
2547 2212 2575 2262 ό
2606 2213 2794 2281 χρόνος
2821 2209 2911 2263 διά
2932 2209 3032 2280 τὴν
3067 2208 3379 2278 οἰκονομίαν
3409 2207 3595 2276 διάφο-

2016 2316 2130 2370 ρος,
2168 2301 2300 2369 μηδὲ
2337 2300 2542 2354 τούτων
2585 2301 2817 2355 ἐνταῦθα
2866 2301 2928 2352 τδ
2976 2301 3254 2374 προσῆκον
3289 2303 3592 2354 ἀποτισᾶνο

2013 2407 2138 2444 των.
2170 2391 2284 2444 Μία
2305 2392 2412 2462 γάρ
2435 2391 2556 2462 δίκη
2583 2391 2719 2463 προς
2746 2393 2805 2445 τὸ
2828 2393 3024 2464 παρὸν,
3055 2391 3171 2456 πῶς
3202 2391 3270 2446 ἂν
3299 2391 3432 2460 πρὸς
3451 2390 3588 2443 πολ·

2014 2483 2131 2548 λάςς
2165 2485 2257 2536 καὶ
2297 2483 2538 2552 μεγάλας
2603 2484 2856 2547 ἀσεϐείας
2899 2485 3216 2554 ἀρκέσειεν;
3259 2485 3328 2536 Ἦ
3376 2483 3481 2552 γὰρ
3515 2482 3590 2534 ἂν

2013 2575 2164 2628 οὐδὲν
2210 2575 2274 2629 ἀν
2313 2577 2528 2646 ὑπῆρχε
2577 2575 3042 2648 μακαριώτερονὶ
3083 2576 3428 2646 ἁμαρτωλοῖς
3475 2575 3588 2628 τῶν

2013 2665 2245 2720 ἐνταῦθα
2301 2665 2700 2736 κολαζομένων.
2747 2666 3004 2736 Κρίνεται
3059 2666 3114 2719 δὲ
3152 2666 3246 2718 καὶ
3295 2665 3477 2729 ἔθνος,
3507 2663 3590 2727 ὡς

2015 2756 2166 2819 ἔθνος
2190 2772 2202 2786 ·
2235 2756 2330 2810 καὶ
2354 2757 2402 2810 οἱ
2438 2757 2576 2810 κατά
2603 2757 2789 2828 μέρος,
2825 2756 2962 2826 πρὸς
2999 2757 3096 2826 τὴν
3121 2756 3300 2820 ἀξίαν.

333 2851 392 2906 in
419 2848 602 2905 futuro
633 2847 852 2913 saeculo,
887 2848 1252 2920 poenis;cum
1310 2856 1524 2918 tempus
1565 2857 1792 2918 propter
1817 2849 2282 2919 dispensationem
2339 2847 2618 2904 diversum
2676 2851 2770 2916 sit,
2804 2865 3007 2920 neque,
3049 2851 3125 2906 illi
3187 2851 3246 2904 in
3316 2851 3419 2906 hoc
3481 2865 3588 2904 saa-

333 2944 684 3013 cnlojustam
717 2957 932 3012 poenam
951 2941 1539 3008 dcderint.Quomodo
1567 2943 1714 2998 enim
1741 2945 1902 2998 unica
1947 2957 2111 3013 pwna
2172 2943 2226 2996 in
2281 2956 2530 3012 praesens
2578 2957 2678 3012 pro
2712 2955 2931 3012 magna,
2966 2951 3020 2996 et
3067 2943 3356 3018 multiplici
3394 2943 3590 3010 impie-

333 3043 442 3088 tate
487 3031 737 3088 sumcere
774 3031 1092 3102 potuisset?
1143 3031 1278 3086 Nam
1301 3041 1451 3086 certe
1483 3033 1894 3102 peccatoribus,

1971 3033 2064 3103 qui
2133 3033 2188 3086 in
2223 3034 2328 3086 hoc
2363 3034 2567 3087 sacculo
2601 3032 2926 3102 puniuntur,
2962 3033 3102 3086 nihil
3128 3033 3360 3098 beatius,
3391 3039 3451 3087 et
3477 3049 3585 3103 op-

335 3123 557 3179 tabilins
599 3121 1179 3192 potnisset‘accidcrc.
1241 3121 1537 3178 Judicatur
1577 3124 1722 3176 enim
1749 3139 1904 3194 gens,
1945 3132 2003 3177 ut
2032 3139 2188 3193 gens,
2227 3124 2432 3192 aliique
2480 3123 2878 3193 particulatim,
2915 3134 3077 3193 prout
3103 3132 3402 3179 merentur.

416 3211 686 3268 Vers.52.
728 3209 816 3266 Et'
843 3211 1035 3265 occidit
1067 3211 1284 3266 Samuel
1332 3211 1500 3281 Agag.
1551 3209 1618 3264 Ut
1675 3211 1907 3268 Phinees

2080 3213 2187 3266 Kal.
2211 3213 2439 3281 ἔσφαξε
2487 3213 2773 3281 Σαμουὴλ
2815 3215 2922 3266 τὸν
2963 3213 3159 3283 Ἀγιάγ.
3209 3216 3295 3278 Ὠς
3335 3216 3363 3267 ό
3394 3215 3584 3277 Φινεὲς

337 3303 548 3360 Sambri
574 3323 592 3372 ,;
625 3319 748 3360 nam
783 3302 931 3374 quod
985 3297 1128 3360 Deus
1177 3303 1487 3375 imperavit,
1518 3302 1665 3372 pium
1697 3312 1802 3358 est.

979 3485 1298 3541 CAPJWI.

418 3578 584 3634 Vens.
613 3580 668 3632 2.
711 3581 986 3646 Quomodo
1031 3580 1270 3636 vadum?
1301 3581 1344 3634 si
1379 3580 1605 3634 audierit
1639 3577 1793 3645 Saul,
1825 3595 1908 3633 oc-

337 3673 472 3726 ridet
506 3689 604 3726 me.
632 3673 854 3728 Samuel
884 3686 1038 3729 more
1063 3673 1346 3728 hominum
1367 3680 1569 3726 metum
1597 3670 1908 3740 praetendit.

337 3762 716 3818 Constitutum
751 3772 932 3817 autem
962 3771 1103 3830 erat,
1127 3773 1186 3816 ut
1224 3762 1328 3816 sub
1361 3761 1623 3816 sacriﬁcii
1649 3769 1911 3830 praetextu

338 3855 536 3918 abiret,
585 3871 694 3910 non
751 3855 1118 3910 mendaciter.
1151 3853 1371 3910 Mentiri
1414 3853 1562 3908 enim
1610 3869 1718 3908 non
1753 3853 1940 3926 docet_

341 3947 628 4013 Dominus,
671 3963 800 4012 vere
843 3948 988 4002 enim
1041 3947 1244 4002 obtulit
1295 3945 1656 4003 sacriﬁcium.
1690 3945 1910 3999 Dictum

336 4037 498 4106 igitur
534 4043 619 4092 est
668 4037 741 4098 ei,
785 4045 844 4090 ut
891 4036 1094 4092 factum
1142 4037 1367 4099 celaret,
1429 4045 1484 4092 et
1541 4035 1711 4102 aliud,
1751 4049 1911 4105 quam

341 4143 428 4183 res
457 4136 596 4194 erat,
629 4129 860 4184 diceret.
945 4125 966 4144 ⁸
1395 4137 1402 4142 “

365 4259 373 4266 .
419 4219 529 4274 Cur
559 4233 664 4274 non
705 4219 1027 4274 nominatim
1061 4219 1301 4289 appellat
1325 4217 1604 4283 Davidem,
1629 4217 1915 4273 sedunum

336 4331 366 4364 ιι
399 4314 526 4366 tiliis
555 4311 744 4367 Jesse?
777 4310 846 4366 Ut
873 4328 982 4366 non
1015 4311 1203 4367 eadem
1235 4311 1550 4366 acciderent
1579 4309 1909 4380 Davidiquaa

330 4402 573 4472 Joscpho
613 4418 642 4454 a
679 4400 970 4458 fratribus.
1003 4402 1472 4472 lgnoratioigitur
1502 4411 1588 4456 est
1623 4409 1801 4454 mater
1825 4415 1914 4456 se-

337 4497 610 4548 inritatis.
631 4495 738 4548 Ant
763 4497 1038 4563 ignoravit
1058 4495 1125 4550 de
1153 4509 1263 4565 quo
1286 4503 1563 4564 ageretur,
1588 4492 1734 4564 quod
1759 4491 1904 4546 Dens

2010 3303 2102 3354 τὸν
2155 3301 2386 3374 Σαμΰρί.
2418 3302 2492 3356 Τὸ
2543 3303 2650 3375 γὰρ
2695 3303 2849 3376 παρά
2901 3303 3036 3357 Θεοῦ
3067 3303 3441 3375 κελευόμενον,
3484 3309 3582 3360 εὐ-

2014 3391 2191 3454 σεδές.

2585 3485 2838 3538 ΚΕΦΑΛ.
2872 3487 2988 3552 ις’.

2085 3573 2214 3642 Πῶς
2244 3573 2552 3644 πορευθῶ;
2581 3575 2680 3629 καὶ
2710 3575 3029 3629 ἀκούσεται
3067 3575 3286 3640 Σαούλ,
3319 3574 3446 3630 κτλ.
3491 3574 3586 3638 Ὠς

2012 3668 2295 3739 ἅνθρωπος
2323 3667 2524 3739 δειλιᾷν
2555 3669 2896 3738 προϊσχεται.
2915 3665 3265 3737 Προσετάχθη
3286 3666 3343 3719 δὲ
3368 3668 3588 3738 προφά-

2013 3777 2096 3812 σει
2129 3746 2318 3822 θυσίας
2350 3762 2570 3830 χωρεῖν,
2607 3761 2669 3812 οὐ
2699 3758 2927 3828 ψευδῶς.
2958 3759 3261 3813 Ψεύδεσθαι
3286 3759 3396 3830 γὰρ
3419 3761 3482 3812 οὐ
3505 3759 3588 3812 δι-

2011 3851 2202 3906 δάσκει
2221 3850 2375 3915 Θεὸς,
2397 3849 2612 3921 ἀληθῶς
2635 3850 2743 3921 γάρ
2765 3849 3054 3903 ἐπετέλεσε
3077 3850 3176 3920 τὴν
3206 3850 3420 3904 θυσίαν.
3455 3851 3588 3921 Ἐρ-

2016 3941 2146 4012 ρέθη
2199 3942 2379 3995 τοίνυν
2422 3941 2572 4012 αὑτῷ
2612 3941 2816 4012 κρύψαι
2868 3940 2930 3994 τὸ
2970 3940 3152 4015 ἔργον,
3179 3942 3354 3996 εἰπεῖν
3407 3943 3466 3997 δὲ
3522 3921 3601 3998 ἰδ’

2017 4033 2258 4104 πάρεργι.
2273 4079 2284 4088 ,
2300 4083 2302 4085 .

2090 4211 2240 4265 Διατί
2267 4212 2326 4266 οὐ
2359 4213 2506 4281 λέγει
2550 4212 2811 4282 ὀνομαστὶ
2848 4214 2940 4266 τὸν
2974 4211 3158 4277 Δαϐὶδ,
3195 4213 3309 4268 ἀλλ’
3339 4213 3434 4266 ἕνα
3470 4214 3586 4267 τῶν

2018 4304 2146 4358 υἱῶν
2184 4303 2424 4372 ’1εσσαί;
2459 4304 2576 4356 Ἵνα
2613 4304 2686 4375 μὴ
2742 4303 2891 4374 πάθῃ
2937 4304 3100 4357 Δαϐὶδ
3139 4304 3311 4358 ταύτὰ
3348 4304 3426 4374 τῷ
3470 4305 3587 4357 Ἰω-

2019 4399 2127 4469 σὴφ
2181 4395 2286 4449 ὑπὸ
2343 4395 2452 4447 τῶν
2523 4395 2792 4462 ἀδελφῶν.
2827 4396 2989 4448 Ὥστε
3045 4397 3079 4466 ἡ
3137 4395 3326 4464 ἄγνοια
3395 4399 3587 4468 μήτηρ

2017 4483 2334 4550 ἀσφαλείας.
2372 4483 2446 4536 Ἦ
2476 4485 2710 4554 ἠγνόησε
2737 4485 2798 4536 τὸ
2829 4483 3182 4554 ζητούμενον,
3209 4483 3461 4564 τοῦοθεοῦ
3487 4503 3586 4540 ου-

339 4584 482 4650 jnsta
525 4585 738 4635 ratione
767 4559 1138 4638 occultaverat
1165 4559 1470 4654 prophetat.
1504 4581 1581 4636 Illi
1604 4559 1759 4636 enim
1801 4582 1902 4636 soli

2016 4575 2321 4639 στέλλοντος
2370 4575 2506 4646 πρὸς
2549 4575 2608 4628 τὸ
2659 4576 2878 4646 μέτριον
2931 4576 3024 4630 τὸν
3066 4559 3370 4648 προφήτήν.
3407 4579 3588 4632 Μόνον

337 4675 518 4727 omnis
548 4673 784 4727 Scienlia
815 4675 1102 4742 competit.

407 4759 574 4818 Vens.
611 4761 666 4818 6.
709 4761 779 4817 Et
812 4762 939 4816 vidit
979 4763 1158 4831 Eliab,
1203 4771 1314 4820 etc.
1356 4765 1412 4820 Si
1461 4763 1764 4820 statim.ad
1801 4762 1914 4831 Dad

337 4853 516 4909 videm
569 4853 940 4924 perrexisset,
999 4869 1064 4908 ex
1129 4857 1428 4926 anticipata
1492 4855 1726 4925 quadam
1794 4853 1914 4926 opi-

336 4945 531 5011 nione,
587 4945 670 4998 vel
728 4945 1156 5015 praesumptione
1214 4949 1318 5002 hoc
1378 4945 1558 5000 facere
1611 4945 1957 5018 videretur...

335 5036 474 5090 Cum
510 5051 640 5091 vero
672 5037 740 5092 ad
769 5052 962 5092 omnes
995 5038 1260 5100 venisset,
1297 5036 1541 5092 ostendit
1591 5036 1904 5102 Dominum,

339 5111 564 5198 reliquis
612 5129 865 5199 rejectis,
915 5127 1176 5182 Davidem
1221 5129 1474 5198 elegisse.
1516 5127 1570 5181 Si
1618 5142 1748 5182 vero
1796 5127 1910 5180 hzec

338 5235 461 5272 cum
498 5218 641 5273 facta
681 5220 816 5282 sint,
860 5220 1062 5275 fratres
1112 5219 1496 5282 nihilominus,
1535 5218 1789 5272 Davidem
1831 5218 1910 5270 vi-

339 5309 530 5386 dentes
573 5311 630 5366 in
669 5313 890 5376 castris,
929 5311 1194 5366 invidiam
1243 5301 1639 5375 ostenderunt;
1676 5309 1833 5378 quid,
1867 5308 1913 5362 si

341 5398 456 5453 haec
489 5401 633 5456 facta
669 5389 779 5458 non
813 5411 1023 5471 essent,
1055 5418 1161 5458 non
1195 5397 1353 5460 erant
1387 5401 1624 5456 facturi?

2016 4667 2124 4736 γὰρ
2154 4667 2418 4737 ὲκείνουὴ
2453 4665 2674 4720 πάντων
2708 4667 2926 4736 γνῶσις.
2948 4666 3012 4722 C.
3045 4667 3102 4722 L.

2063 4750 2195 4812 ’Καὶ
2217 4753 2339 4812 εἷδε
2354 4757 2460 4811 τὸν
2482 4758 2698 4823 Ἑλιάϐ,
2727 4775 2782 4814 κ.
2806 4777 2854 4812 τ.
2878 4759 2929 4812 λ.
2948 4760 3008 4812 Εἰ
3027 4761 3184 4823 εὐθὺς
3211 4759 3467 4832 ὦρμηαεν
3495 4763 3590 4815 ἐπὶ

2015 4851 2106 4904 τὸν
2144 4849 2326 4916 Δαόὶδ,
2351 4853 2414 4904 ἐκ
2457 4849 2786 4921 προλήψεως
2815 4868 2957 4914 τινος
2989 4852 3162 4904 ἐδόκει
3188 4852 3345 4904 τοῦτο
3383 4857 3584 4908 ποιεῖν.
3667 4851 3678 4859 ’

2029 4943 2229 4998 Ἐλθὼν
2290 4943 2348 4996 δὲ
2391 4943 2480 4996 διὰ
2531 4943 2769 5009 πάντων,
2811 4943 3010 5010 ἔδειξεν
3056 4945 3130 5006 ὡς
3175 4947 3204 4998 ὁ
3253 4947 3406 5010 θεὸς,
3456 4953 3590 5013 τοὺς

2015 5031 2203 5096 ἄλλους
2231 5032 2554 5104 ἀποκρίνας,
2595 5032 2689 5084 τὸν
2727 5030 2893 5084 Δαὸὶδ
2925 5029 3224 5096 ἐξελέξατο.
3257 5033 3318 5084 Εἰ
3354 5031 3464 5104 γὰρ
3491 5035 3592 5086 καὶ
3628 5044 3640 5056 '

2017 5125 2208 5178 τούτου
2237 5124 2518 5192 γεγονότος
2551 5123 2602 5176 οἱ
2637 5121 2853 5190 ἀδελφοὶ
2890 5123 2980 5175 τὸν
3012 5122 3203 5190 φθόνον
3239 5123 3588 5193 ἐγύμνωσαν,

2021 5218 2078 5268 ὲν
2115 5219 2180 5288 τῇ
2212 5215 2516 5288 παρατάξει
2555 5215 2646 5268 τὸν
2683 5213 2848 5268 Δαόὶδ
2896 5214 3252 5285 θεασάμενοι,
3289 5216 3343 5268 τί
3375 5215 3463 5283 ἂν,
3506 5220 3589 5288 μὴ

2021 5305 2210 5359 τούτου
2241 5305 2545 5375 γεγονότος,
2573 5305 2674 5358 οὐκ
2706 5301 2988 5377 ἔπραξανς

1567 5597 1572 5603 _
1599 5535 1832 5590 VARle
1883 5533 2288 5593 LECTIONES.

415 5629 432 5682 i
466 5631 526 5686 C.
559 5633 622 5688 Ν.
677 5637 762 5686 ad.
795 5636 870 5688 ἐν.
