4018 6230
485 384 616 448 1100

1483 396 2018 458 COMMENTARII
2063 401 2143 460 1N
2183 403 2327 463 LIB.
2354 381 2704 464 raucum.

3589 393 3719 458 1110

478 505 591 561 τοῖς
623 501 718 555 σὺν
747 499 914 571 αὐτῷ,
948 506 1044 574 τῆς
1067 503 1224 572 ἁγίας
1254 506 1347 558 καὶ
1378 506 1654 579 ἱερατικῆς
1679 511 1903 580 τροφῆς,
1932 514 2042 581 μεῖ-

2158 514 2428 582 pontifex,
2485 515 2668 570 Davidi
2703 553 2716 576 ,
2759 522 2812 566 et
2859 512 2978 582 eius
3024 510 3358 586 comitibus,
3410 513 3718 566 concedens

481 591 571 653 ζον
599 593 812 662 ἐφρόνει
845 593 942 663 τῆς
968 593 1072 654 τῶν
1105 595 1314 650 πολλῶν
1345 598 1610 664 διανοίας.

547 772 1008 842 Πυνθανόμδνος
1054 773 1144 836 δὲ,
1190 777 1242 829 el
1271 779 1498 846 καθαρὰ
1526 779 1599 834 τὰ
1632 780 1913 850 παιδάρια
1931 783 2048 837 ἀπὸ

478 864 782 931 γυναικός.
838 863 1094 934 Παρέστη
1150 875 1212 930 ι,
1267 866 1349 920 ὅτι
1403 869 1435 938 ἡ
1492 869 1798 941 καθαρότης
1873 875 1966 925 καὶ
2015 875 2047 944 ἡ

479 952 673 1018 ἁγνεία
713 953 988 1022 ἰσοτίμους
1017 956 1131 1016 τοῖς
1165 956 1370 1027 ἱερεῦσι
1403 961 1567 1012 ποιεῖ.

548 1045 706 1097 Κατὰ
743 1043 1014 1115 ἐρώτησιν
1051 1046 1344 1114 ἀνάγνωθι,
1388 1051 1668 1102 τουτέστιο
1701 1053 1812 1106 Καὶ
1843 1053 2047 1122 ταύτην

477 1135 576 1202 τὴν
605 1132 722 1188 ὁδὸν
747 1134 966 1188 καλέσοι
992 1135 1055 1188 ἄν
1089 1153 1172 1200 τις
1208 1135 1434 1207 βέσῆλον
1455 1179 1470 1203 ,
1501 1139 1621 1209 ἥτις
1673 1141 1932 1210 ἡγίασται
1961 1143 2049 1197 διὰ

477 1228 546 1277 τὰ
581 1220 750 1296 σκεύη
787 1243 914 1297 μου,
943 1227 1189 1280 τουτέστι
1231 1231 1330 1296 τὴν
1373 1227 1648 1293 ἐξόπλισιν
1693 1249 1820 1302 μου,
1865 1235 1960 1286 καὶ
1987 1236 2048 1289 τὸ

478 1315 570 1366 ἐπὶ
599 1304 835 1386 πόλεμόν
859 1334 926 1388 με
945 1317 1200 1384 ἀπιέναις
1227 1319 1396 1388 Δῆλον
1416 1321 1480 1372 ἐκ
1512 1320 1728 1386 τούτου,
1753 1323 1827 1388 ὡς
1861 1341 2049 1378 σκευο-

477 1404 635 1476 φόροι
668 1407 822 1470 δντες
853 1409 902 1460 οἱ
937 1407 1146 1472 παῖδες,
1182 1411 1276 1464 καὶ
1298 1409 1367 1463 τὰ
1389 1410 1530 1464 ὅπλα
1572 1413 1738 1467 αὐτοῦ
1763 1415 2048 1485 βαστάζον-

389 1514 394 1519 ’
473 1513 584 1562 τες,
608 1497 908 1566 ἡγνΐζοντο,
940 1498 1174 1564 ἐξιόντος
1200 1501 1364 1554 αὑτοῦ
1389 1503 1482 1556 ἐπὶ
1508 1503 1742 1575 πόλεμον
1765 1506 1814 1561 b.
1847 1508 1969 1562 ’Ότι
1987 1510 2048 1563 δὲ

473 1589 540 1641 τὰ
568 1589 832 1661 παιδάρια
852 1591 1182 1663 ἠκολούθουν
1213 1593 1361 1664 αὐτῷ
1393 1594 1466 1657 ὡς
1498 1599 1850 1670 σκευοφόροι,
1888 1602 2045 1674 δῆλον

474 1681 536 1732 ἐκ
559 1679 788 1746 πολλῶν,
827 1685 919 1737 καὶ
945 1683 1082 1750 τέως
1105 1687 1169 1740 ἐκ
1204 1687 1300 1740 τοῦ
1333 1691 1516 1758 τέλους
1550 1695 1648 1764 τῆς
1684 1695 1907 1767 πρώτης
1938 1701 2044 1753 τῶν

479 1771 792 1835 Βασιλειῶν,
847 1773 975 1829 ἔνθα
1019 1777 1183 1849 φησί’
1222 1797 1240 1832 ι
1276 1781 1386 1836 Καὶ
1436 1781 1557 1838 εἷπε
1591 1787 1763 1842 Σαοὺλ
1791 1789 1928 1859 πρὸς
1953 1791 2046 1844 τὸν

2155 604 2338 658 cibum
2369 615 2646 669 sanctum,
2681 613 2735 658 et
2765 603 3152 672 pontiﬁcalem,
3189 603 3309 672 plus
3333 616 3494 671 quam
3529 605 3720 672 vulgus

2155 694 2422 763 sapiebat.

2225 781 2392 838 Vsus.
2425 783 2480 837 4.
2533 783 2904 852 Interrogans,
2956 800 3025 836 an
3069 783 3192 851 puri
3238 799 3268 835 a
3301 782 3518 836 muliere
3571 785 3722 849 pueri

2151 873 2613 929 essent.Ostendit
2640 873 2989 928 sanctitatem
3039 883 3094 926 et
3120 872 3504 925 castimoniam
3529 872 3720 926 eodem

2151 981 2254 1020 nos
2286 981 2409 1019 cum
2445 963 2801 1034 pontiﬁcibus
2837 966 3044 1017 honore
3083 962 3282 1032 dignos
3309 960 3541 1016 efficere.

2225 1053 2620 1124 Interrogando
2661 1055 2775 1108 ltzec
2813 1053 2964 1115 effer,
3017 1052 3164 1106 hunc
3202 1054 3253 1104 in
3289 1051 3546 1104 modum:
3579 1047 3716 1103 Num

2150 1147 2274 1214 quis
2306 1145 2588 1214 profanam
2623 1145 2978 1214 appellaverit
3034 1143 3175 1197 hanc
3233 1144 3396 1206 viam,
3430 1157 3551 1211 qua:
3595 1157 3722 1195 sau-

2149 1235 2384 1291 ctiﬁcata
2417 1246 2608 1304 estper
2639 1250 2764 1288 vasa
2799 1249 2938 1296 mea,
2974 1233 3026 1286 id
3051 1242 3132 1286 est
3162 1243 3494 1286 armaturam
3524 1248 3718 1294 meam,

2149 1341 2252 1380 nec
2289 1342 2396 1380 non
2425 1340 2491 1380 eo
2525 1325 2668 1394 quod
2701 1323 2766 1377 ad
2800 1325 3003 1378 bellant
3039 1321 3363 1392 proﬁciscor
3389 1341 3403 1378 :
3433 1323 3574 1377 unde
3620 1339 3718 1391 ap-

2147 1416 2304 1486 paret.
2347 1431 2539 1472 servos
2587 1415 2709 1486 ejus
2750 1416 2870 1486 qui,
2917 1417 3038 1486 ipso
3069 1415 3134 1469 ad
3174 1413 3482 1469 faciendum
3519 1415 3716 1470 bellum

2149 1509 2566 1579 progrediente,
2607 1521 2741 1561 vasa
2797 1517 2964 1576 atque
3005 1521 3158 1560 arma
3206 1507 3326 1577 ejus
3389 1507 3716 1574 portabant,

2148 1599 2523 1654 sanetiﬁeatos
2596 1615 2740 1655 esse.
2807 1597 2964 1664 Quod
3022 1608 3202 1653 autem
3268 1598 3516 1652 nonnulli
3575 1599 3717 1653 servi

2147 1691 2327 1760 ipsum
2353 1691 2532 1746 secuti
2561 1690 2674 1744 sint
2703 1705 2831 1744 vasa
2857 1675 3157 1759 gestaﬁtes,
3189 1700 3383 1760 praeter
3415 1691 3582 1744 multa
3615 1690 3719 1744 alia

2146 1781 2553 1836 demonstratur
2573 1796 2635 1835 ex
2657 1781 2762 1835 ﬁne
2780 1779 2943 1849 primi
2968 1779 3278 1848 Regnorum
3301 1780 3448 1842 libri,
3475 1781 3566 1834 ubi
3590 1781 3720 1852 legi-

479 1860 699 1932 αἶροντα
727 1865 796 1918 τὰ
834 1867 1002 1938 σκεύη
1031 1869 1196 1924 αὑτοῦ
1218 1874 1460 1928 ’Σπάσαι
1507 1876 1609 1946 τὴν
1647 1881 1919 1950 ῥομφαίαν
1951 1899 2042 1936 σου

2149 1881 2273 1926 tur:
2309 1890 2326 1922 ι
2368 1870 2435 1924 Et
2456 1873 2592 1926 dixit
2630 1871 2760 1926 Saul
2787 1871 2852 1926 ad
2883 1887 3006 1925 eum
3049 1871 3141 1938 qui
3172 1870 3346 1946 ipsius
3376 1885 3503 1924 vasa
3531 1880 3718 1940 porta-

373 2013 378 2019 ι
479 1954 571 2007 καὶ
603 1955 972 2028 ἁποκέντησόν
1007 1979 1074 2029 με
1109 1963 1170 2014 ὲν
1207 1963 1368 2036 αὐτῇ.
1413 1985 1431 2018 ι
1467 1968 1576 2022 Καὶ
1615 1971 1766 2038 παρὰ
1802 1973 1862 2027 τὸ
1895 1975 2044 2040 τέλος

476 2048 575 2118 τῆς
601 2047 859 2120 δευτέρας
888 2054 1052 2122 φησὶν
1079 2055 1136 2109 ὲν
1173 2059 1235 2127 τῇ
1264 2058 1642 2131 ἀπαριθμήσει
1667 2063 1776 2118 τῶν
1803 2065 2045 2122 δυνατῶν

475 2139 569 2192 τοῦ
597 2141 762 2196 Δαϐίδ
784 2159 798 2174 ⁸
837 2162 857 2195 ι
894 2145 1104 2216 Γελωρὲ
1129 2149 1158 2202 ό
1203 2151 1517 2221 Βηρωθαίος
1555 2154 1728 2225 αἴρων
1773 2157 1840 2208 τὰ
1873 2160 2042 2228 σκεύη

489 2229 645 2284 Ἰωὰὸ
677 2232 794 2286 υἱοῦ
844 2235 1100 2307 Σαρουῖα.
1140 2259 1157 2292 ι
1213 2240 1383 2294 Τοῦτο
1429 2241 1524 2297 οὖν
1575 2244 1722 2314 λέγει
1752 2247 1987 2305 ἐνταῦθα
2015 2249 2044 2299 ὁ

478 2322 641 2375 Δαϐἕδ
663 2341 674 2352 ·
708 2323 1054 2394 Ἦγνισμένοι
1085 2328 1224 2382 εἰσὶν
1251 2332 1300 2383 οἱ
1339 2333 1550 2397 παῖδες,
1584 2335 1672 2390 διὰ
1695 2336 1752 2389 τὸ
1787 2341 2045 2406 σκευοφό-

479 2434 606 2485 ρους
643 2417 839 2481 αὐτοὺς
861 2413 1018 2486 εἶναι,
1055 2423 1103 2473 εἰ
1132 2423 1314 2476 καὶτὰ
1341 2425 1572 2494 μάλιστα
1595 2428 1689 2483 νῦν
1713 2431 1799 2484 διὰ
1827 2433 1886 2485 τὸ
1911 2434 2040 2502 φεύ-

477 2520 615 2572 γειν,
651 2505 788 2560 ὅπλα
811 2507 910 2560 οὐκ
940 2509 1256 2580 ἐπεφέρετο.
1293 2513 1354 2566 C.
1399 2512 1458 2566 L.
1482 2517 1506 2536 ‘

547 2595 666 2650 Τῶν
692 2597 872 2666 μέντοι
904 2601 1016 2662 τοῖς
1039 2601 1272 2670 ἱερεῦσιν
1293 2603 1598 2676 ἀπονενεμη
1609 2607 1782 2677 μένων
1809 2611 2045 2680 μεταλα-

477 2685 585 2738 6ὼν
607 2689 635 2739 ό
668 2687 849 2752 Δαόὶδ,
883 2690 1185 2761 προύδήλου
1232 2693 1332 2763 τὴν
1371 2697 1506 2749 πᾶσι
1568 2703 2045 2774 προτεθησομένην

476 2780 588 2842 τοῖς
611 2780 857 2833 εὐσεϐέσι
880 2783 1154 2864 τράπεζαν
1188 2789 1476 2859 μυστικήν.
1515 2789 1620 2844 Τοῦ
1643 2793 1752 2862 γὰρ
1785 2799 2044 2848 Δεσποτι-

477 2869 574 2922 κοῦ
621 2870 873 2940 σώματος
917 2874 1114 2943 ὁμοίως
1152 2878 1678 2949 μεταλαμϐάνουσιν
1731 2888 1897 2956 ἱερεῖς
1952 2893 2046 2945 καὶ

475 2960 592 3016 λαοὶ
627 2973 672 3028 ο,
707 2963 822 3017 ὅσοι
854 2967 1116 3037 μετέσχον
1149 2967 1240 3021 τοῦ
1281 2969 1425 3024 θείου
1455 2972 1850 3047 βαπτίσματος.

2145 1963 2272 2016 bat:
2301 1962 2519 2032 Stringe
2549 1963 2786 2034 gladium
2824 1971 2978 2016 tuum
3005 1976 3180 2031 eoque
3214 1977 3302 2016 me
3334 1961 3588 2032 transﬁge
3617 1963 3656 2013 ³.
3693 1979 3711 2011 ι

2147 2055 2211 2107 Et
2237 2070 2430 2109 versus
2461 2055 2622 2109 ﬁnem
2667 2054 2894 2110 secundi
2930 2054 3094 2117 libri,
3145 2053 3233 2107 ubi
3263 2055 3532 2123 primores
3559 2053 3718 2106 Davi-

2145 2145 2228 2201 dis
2259 2153 2642 2212 recensentur,
2661 2146 2791 2202 ‘haac
2833 2146 3048 2200 babes:
3099 2163 3118 2195 ι
3159 2145 3357 2198 Gelore
3402 2143 3716 2199 Berotbazus

2144 2239 2237 2308 qui
2277 2239 2528 2308 portabat
2556 2253 2682 2294 vasa
2711 2237 2869 2301 Joab,
2918 2237 3014 2291 ﬁlii
3060 2238 3266 2292 Sarvia:
3297 2236 3363 2291 ¹⁰.
3407 2224 3575 2291 illoc
3614 2237 3716 2306 igi-

2145 2341 2232 2384 tur
2267 2329 2432 2384 David
2485 2332 2658 2386 dicit:
2697 2330 3042 2384 Sanctiﬁcati
3086 2339 3215 2385 sunt
3267 2329 3410 2383 servi
3461 2344 3526 2383 eo
3571 2330 3713 2398 quod

2145 2435 2274 2475 vasa
2307 2419 2522 2474 ferunt:
2563 2421 2812 2488 quamvis
2845 2435 2994 2474 nunc
3025 2421 3283 2490 quidem,
3321 2418 3450 2488 quia
3500 2419 3554 2472 iu
3593 2419 3713 2487 fuga

2143 2521 2318 2574 erant,
2351 2527 2502 2587 arma
2537 2526 2642 2565 non
2676 2510 3032 2566 inferrentur.

2215 2603 2371 2670 Quod
2427 2611 2608 2659 autem
2671 2601 2839 2656 David
2897 2617 3113 2666 eorum,
3171 2616 3293 2671 qua:
3337 2600 3716 2656 sacerdotibus

2139 2697 2420 2765 assignate
2479 2703 2672 2759 erant,
2723 2695 2994 2764 particeps
3057 2693 3233 2748 factus
3285 2703 3406 2757 est,
3462 2695 3716 2748 omnibus

2145 2787 2250 2856 piis
2297 2801 2539 2840 mensam
2595 2787 2880 2856 mysticam
2937 2781 3343 2855 proponendam
3405 2799 3530 2840 esse
3590 2783 3718 2838 inde

2148 2875 2497 2931 manifestum
2523 2885 2628 2930 est.
2655 2875 2940 2930 Dominico
2970 2876 3112 2930 enim
3148 2889 3378 2944 corpore
3403 2874 3719 2930 sacerdotes

2145 2971 2370 3040 pariter,
2401 2978 2454 3022 et
2482 2968 2602 3022 laici
2634 2970 2986 3051 participant,
3032 2974 3303 3038 quotquot
3367 2965 3508 3022 sacri
3542 2965 3716 3035 bapti-

2148 3063 2340 3118 smatis
2372 3062 2666 3133 participes
2701 3060 2828 3116 facti
2861 3068 3009 3117 sunt.

545 3137 859 3242 Ἐλεύθερον
891 3140 947 3242 δὲ
991 3140 1082 3195 τὸν
1126 3144 1289 3197 Δαϐὶδ
1317 3145 1416 3218 τῆς
1445 3149 1510 3202 ὲκ
1548 3152 1640 3204 τοῦ
1685 3158 1878 3222 φαγεῖν
1911 3174 2042 3212 κατ-

2219 3153 2474 3208 Ιὶωιὶιιθιιι
2511 3169 2577 3206 eo
2606 3151 2753 3222 quod
2790 3151 3113 3218 comederit,
3160 3153 3366 3206 nullam
3399 3152 3717 3206 accusatio-

472 3227 700 3318 ηγορίας
727 3232 818 3282 καὶ
847 3233 874 3283 ὁ
897 3231 1087 3302 Σωτὴρ
1117 3232 1334 3304 ἔδειξεν,
1377 3240 1455 3302 εἰς
1485 3240 1584 3310 τὴν
1630 3243 1769 3316 ὑπὲρ
1801 3246 1908 3300 τῶν
1941 3267 2042 3318 μα-

476 3316 653 3387 θητῶν
682 3319 978 3388 ἀπολογίαν
1002 3322 1160 3376 τοῦτο
1185 3327 1424 3398 εἰρηκὼς
1451 3331 1513 3383 τὸ
1545 3331 1810 3406 διήγημα.
1849 3339 1906 3394 C.
2081 3334 2084 3338 ’

647 3430 655 3440 κ
705 3411 805 3440 Mr"

543 3498 650 3553 Kal
676 3499 713 3567 ἡ
736 3499 873 3568 ὁδὸς
903 3503 1054 3572 αὕτη
1069 3505 1359 3574 βέϐηλος.
1389 3511 1695 3577 Εἰπὼν,δτι
1730 3521 1876 3587 τρ;ἴς
1907 3522 2040 3591 ἠμέ-

473 3606 572 3662 ρας
598 3593 914 3662 ὴγνεύκασι,
949 3598 1333 3668 προστέθεικεν
1393 3603 1474 3656 ὅτι
1513 3605 1600 3658 διὰ
1619 3606 1717 3678 τὴν
1751 3616 2042 3680 προκειμέ-

470 3701 568 3750 νην
598 3685 914 3754 ἀναγκαίως
951 3689 1049 3758 τῆς
1089 3692 1240 3762 ἱερᾶς
1269 3697 1478 3768 τροφῆς
1510 3700 1912 3776 μεταλήψεται,
1949 3717 2040 3771 ιὼς

565 3777 654 3872 ὑπ’
681 3777 852 3872 auiti};
871 3783 1214 3850 κρατυνθεὶς,
1239 3788 1306 3839 τὰ
1334 3791 1666 3861 προκείμενα
1694 3798 2034 3872 κατορθώσῃ.

468 3867 510 3918 Τ
513 3869 540 3920 ὸ
581 3869 636 3921 δὲ
660 3869 958 3936 βέϐηλον,
1001 3873 1100 3926 οὐκ
1143 3875 1235 3927 ἐπὶ
1263 3878 1357 3931 τοῦ
1388 3880 1728 3952 ἀκαθάρτου
1769 3867 2036 3956 τέθεικεν,

465 3959 580 4011 ἀλλ’
611 3962 702 4014 ἐπὶ
746 3962 838 4042 τοᾷ
885 3964 973 4032 μὴ
1031 3967 1212 4034 ἱεροῦ,
1249 3968 1496 4025 ὅθενκαὶ
1538 3975 1770 4042 Ἀκύλας
1809 3983 2038 4048 λαϊκὴν

461 4048 744 4112 ἐξέδωκεν.
795 4055 1110 4122 Τουτέστιν,
1151 4061 1198 4111 εὶ
1247 4062 1339 4114 καὶ
1372 4064 1549 4132 ἱερεὺς
1596 4069 1696 4125 οὐκ
1720 4071 1856 4140 εἰμί,
1900 4074 2036 4128 ἀλλὰ

465 4145 809 4214 προφητικῆς
832 4147 1106 4218 τετύχηκα
1126 4151 1366 4222 χάριτος.
1396 4155 1570 4227 Σκεύη
1595 4159 1705 4229 γὰρ
1723 4163 1899 4216 αὐτῶν
1941 4169 2035 4220 καὶ

464 4233 758 4301 πανοπλία,
785 4237 816 4305 ἡ
853 4239 1200 4308 πνευματικὴ
1233 4239 1432 4312 δωρεά.

655 4369 700 4386 μ’*

531 4407 652 4462 Ὀτι
685 4411 796 4464 οὐκ
827 4410 998 4466 ἐστιν
1037 4413 1208 4482 ἑτέρα
1251 4419 1442 4486 παρὲξ
1476 4421 1668 4490 αὐτῆς
1717 4419 1852 4482 ὧδε.
1897 4433 2032 4486 Οὐδὲ

2151 3261 2272 3299 nem
2308 3245 2643 3307 incurrisse,
2694 3245 2859 3296 etiam
2894 3241 3146 3296 Salvator
3177 3243 3598 3308 demonstravit,
3623 3243 3716 3297 ubi

2151 3347 2209 3391 ιιι
2231 3337 2534 3406 discipulos
2560 3350 2692 3392 suos
2721 3332 3060 3398 defenderet,
3081 3335 3246 3405 hujus
3275 3334 3352 3389 rei
3380 3334 3714 3388 mentionem

2150 3429 2298 3482 fecit.
3367 3421 3371 3426 ’
3561 3435 3567 3438 ”

2171 3531 2174 3534 ‘
2221 3519 2473 3576 Vsus.5.
2523 3520 2588 3574 Et
2634 3523 2717 3579 uia
2741 3523 2853 3576 lure
2897 3521 3144 3587 impura,
3191 3526 3240 3570 et
3285 3515 3538 3589 profana.
3577 3511 3713 3567 Cum

2149 3611 2214 3666 ad
2268 3623 2384 3667 tres
2437 3613 2556 3667 dies
2614 3613 2996 3666 sanctiﬁcatos
3043 3623 3165 3664 esse
3210 3607 3477 3671 dixisset,
3516 3603 3718 3672 adjecit

2147 3718 2206 3758 se
2249 3705 2313 3756 ad
2371 3704 2474 3757 iter
2525 3693 2868 3776 propositum
2917 3700 3356 3762 couliciendum,
3403 3697 3716 3767 impellente

2147 3797 2498 3858 necessitate,
2537 3797 2678 3851 sacri
2713 3796 2820 3850 cibi
2858 3801 3066 3866 partem
3104 3801 3462 3862 accepturum
3489 3805 3636 3853 esse,
3657 3795 3718 3840 ut

2146 3888 2476 3940 necessitate
2513 3888 2692 3941 victus
2737 3903 2848 3940 rem
2898 3896 3218 3956 praesentem
3266 3883 3580 3938 defenderet
3609 3923 3622 3942 ,
3662 3890 3714 3934 et

2143 3979 2460 4047 corrigeret.
2491 3977 2949 4048 lifting-levantem
2976 3993 3082 4030 non
3113 3991 3210 4046 pro
3243 3975 3576 4044 ἀκαθάρτου,
3608 3972 3706 4026 sed

2143 4083 2240 4138 pro
2279 4068 2353 4139 μὴ
2399 4069 2570 4140 ἱεροῦ,
2607 4069 2659 4122 id
2696 4077 2810 4131 est,
2849 4084 2956 4122 non
3013 4076 3238 4129 sancto,
3295 4068 3496 4135 posuit.
3552 4063 3712 4119 [lude

2141 4160 2335 4227 Aquila
2366 4161 2529 4214 etiam
2569 4160 2761 4213 [uicum
2785 4159 3056 4230 exposuit.
3094 4160 3196 4212 hoc
3235 4168 3317 4212 est
3341 4174 3355 4210 :
3383 4156 3492 4209 Etsi
3533 4170 3712 4208 sacer-

2141 4249 2238 4303 dos
2274 4266 2378 4304 nou
2409 4251 2512 4305 sim
2546 4288 2560 4310 ,
2614 4251 2816 4304 donum
2857 4248 3236 4319 prdplteticum
3295 4243 3526 4314 adeptus
3566 4259 3708 4297 sum.

2141 4341 2283 4396 Vasa
2315 4345 2460 4395 cnim
2487 4342 2630 4410 ejus,
2667 4351 2721 4397 et
2753 4343 3053 4401 armatura,
3099 4339 3302 4394 donum
3339 4337 3646 4406 spirituale.

2211 4433 2380 4489 Vsus.
2420 4434 2474 4487 9.
2535 4433 2655 4486 Non
2712 4434 2854 4487 alius
2885 4443 2958 4486 est
3008 4435 3090 4484 hic
3131 4441 3322 4499 prwter
3373 4431 3531 4481 hunc.
3594 4425 3708 4480 Non

458 4501 567 4596 γὰρ
600 4501 728 4596 ἐξῆν
765 4505 916 4596 ἐν
953 4511 1122 4578 σκηνῇ
1181 4510 1276 4562 τοῦ
1327 4511 1461 4566 Θεοῦ
1509 4510 1862 4574 ἀποτίθεσθαι
1892 4526 2031 4578 ὅπλα

2144 4527 2284 4579 enim
2319 4526 2398 4579 fus
2429 4535 2572 4586 erat,
2611 4527 2663 4578 in
2699 4523 3296 4578 tabernaculoUomini
3331 4515 3484 4574 arma
3511 4521 3706 4573 bellica

435 4589 934 4686 'ﬁokunmo'taAiit'q
967 4597 1343 4686 γὰρ’ἀνέκειτο
1371 4607 1760 4674 χαριστήριον
1792 4615 1868 4677 εἰς
1898 4619 2033 4686 μνήο

462 4697 569 4752 μην
595 4683 691 4752 τῆς
721 4684 879 4757 νίκης
911 4685 989 4755 τῷ
1014 4687 1112 4756 τὴν
1145 4687 1303 4758 νίκην
1336 4691 1728 4770 δωρησαμένῳ.

366 4951 374 4958 .
525 4865 639 4962 dfat—
657 4871 1070 4962 προσεποιεῖτο
1095 4873 1162 4926 ἐν
1185 4875 1258 4942 τῇ
1281 4877 1468 4946 ἡμέρᾳ
1497 4883 1720 4953 ἐκείνῃ,
1739 4890 1836 4941 καὶ
1853 4891 2026 4962 ἐτυμ-

460 4955 716 5018 πάνιζὶν.
731 4961 984 5027 Ἀκύλας,
1009 4968 1286 5034 παρείετο
1315 4972 1414 5025 καὶ
1449 4975 1878 5046 προσέκρουεν.

1013 5141 1264 5218 amna.
1313 5145 1443 5204 KB’.

523 5223 931 5315 Δυοσεῦεστέρα
949 5228 1004 5280 δὲ
1024 5229 1132 5282 τῶν
1159 5232 1332 5288 ἄλλων
1357 5237 1388 5306 ἡ
1411 5240 1552 5294 κατὰ
1575 5242 1682 5295 τῶν
1715 5247 1904 5315 ἱερέων
1929 5253 2020 5305 τοῦ

455 5306 724 5408 ἀὖ
738 5327 795 5408 ιη
831 5317 1130 5408 μιαιφονία.
1161 5315 1266 5372 Τοῦ
1300 5323 1397 5392 μὲν
1429 5315 1536 5398 γᾷρ
1568 5329 1701 5384 Θεοῦ
1729 5306 1898 5408 ἄρδην
1931 5341 2022 5394 τὸν

464 5399 708 5471 Ἀμαὶὴκ
741 5403 1003 5472 ἀφανίσαι
1046 5415 1472 5486 προστεταχότος
1498 5459 1513 5486 ,
1561 5399 1898 5495 παρήκουσε,
1929 5436 2023 5489 καὶ

517 5551 706 5625 ειιιεθ.
747 5575 901 5625 xxxi,
928 5565 988 5618 4.
1102 5564 1142 5594 ¹⁰
1173 5564 1216 5618 ll
1254 5569 1384 5640 Heg.
1411 5588 1566 5638 χχιιι,
1599 5577 1688 5632 57.
1754 5605 1756 5607 -

2139 4633 2422 4683 reponere.
2475 4617 2574 4670 llic
2611 4625 2789 4670 autem
2838 4615 3056 4686 gladius
3089 4623 3216 4669 erat
3242 4613 3602 4684 χαριστήριον
3633 4612 3708 4678 (id

2134 4718 2260 4772 est,
2331 4725 2534 4764 munus
2589 4710 2890 4777 repositum
2946 4709 2996 4760 in
3051 4708 3374 4760 memoriam
3443 4704 3706 4770 victorian)

2129 4800 2267 4862 'Deu,
2299 4803 2394 4870 qui
2431 4801 2718 4855 victoriam
2756 4800 2928 4868 gratis
2955 4799 3288 4853 contulerat.

2211 4891 2372 4946 Vsus.
2409 4893 2492 4944 10.
2543 4891 2608 4944 Et
2637 4890 2926 4946 simulabat
2955 4891 3006 4944 in
3036 4891 3118 4944 die
3145 4890 3264 4952 illa,
3306 4898 3352 4941 et
3381 4885 3703 4940 verberabat.

2131 4985 2350 5050 Aquila,
2381 4986 2640 5052 παρείετο
2665 4985 2756 5036 καὶ
2781 4985 3168 5053 προσέκρουεν,
3199 4983 3248 5034 id
3302 4987 3387 5035 est
3418 4979 3603 5031 aderat
3657 4985 3705 5026 et

2132 5075 2452 5142 reprimebat
2472 5091 2488 5136 ;
2526 5077 2631 5139 vel,
2659 5077 3008 5145 percutiebat.
3653 5085 3656 5088 '

2749 5165 2898 5220 CAP.
2935 5163 3103 5216 XXII.

2205 5254 2326 5312 "sec
2364 5258 2418 5312 in
2450 5257 2768 5314 sacerdotes
2793 5255 3092 5312 commissa
3127 5268 3154 5304 a
3180 5251 3342 5304 Sanie
3373 5250 3548 5302 caedes
3579 5264 3696 5300 om-

2131 5348 2281 5402 nium
2315 5353 2548 5404 maxime
2603 5347 2962 5404 exsecrabilis
3001 5351 3104 5397 est.
3149 5342 3282 5394 Cum
3332 5341 3476 5394 enim
3511 5354 3539 5391 a
3593 5339 3700 5397 De.)

2117 5439 2460 5496 .Amalecitas
2489 5441 2751 5496 radicitus
2777 5446 3022 5493 evertere
3050 5435 3241 5504 jussus
3271 5441 3438 5493 esset,
3477 5433 3532 5483 in
3568 5431 3692 5484 obe-

1767 5671 1848 5722 VA
1861 5673 1997 5728 ΒΙᾹΞ
2025 5674 2315 5736 LECTION
2327 5681 2427 5736 ES.

1015 5745 1317 5848 ,ξ’ἓὶξξῑδ
1345 5755 1457 5819 τοῦ.
1489 5756 1571 5810 ὅτι
1595 5758 1669 5822 δὲ,
1697 5759 1820 5830 ἄχρι
1851 5761 1964 5827 τοῦ,
1989 5765 2015 5815 ὁ
2045 5767 2228 5836 Δαϐὶδ,
2271 5770 2330 5822 οὐ
2361 5770 2603 5842 περιέχει
2661 5773 2687 5824 ὁ
2720 5771 2814 5839 τῆς
2841 5770 2972 5838 Λῦγ.
3009 5773 3138 5826 xuii.
3212 5783 3230 5808 ί·
3261 5772 3327 5829 C.
3357 5772 3417 5830 Ι..
3445 5768 3513 5848 ἦς
3545 5775 3696 5843 κοινῇ

450 5807 644 5872 uina;
684 5807 983 5882 μετέχομεν
1015 5817 1060 5868 οἱ
1092 5821 1290 5874 πιστοί.
