4018 6230
474 286 603 361 1131

1745 275 2096 340 PROCOI‘II
2158 275 2399 336 G.\Z.F.[

3581 275 3702 338 113i

472 401 642 457 Mum?
677 399 732 454 Si
765 400 830 454 de
863 397 1084 454 Christo
1112 397 1230 451 lucc
1257 393 1577 464 accipienda
1602 399 1750 452 sunt,
1775 385 2052 458 quomodo

2156 383 2360 448 αἰῶνας
2398 382 2536 435 Ἀλλ’
2567 384 2615 435 εξ
2642 383 2769 453 περὶ
2825 383 3060 452 Χριστοῦ
3100 383 3291 442 ταῦτα,
3330 384 3440 444 πῶς
3490 385 3704 453 ἁρμόσει

464 493 829 550 Christohazc
868 490 1112 559 adaptari
1145 496 1375 557 possunt
1412 504 1424 538 :
1471 487 1555 552 Et,
1597 484 1642 540 si
1691 481 1903 536 venerit
1946 478 2052 531 iui-

464 589 649 656 quitas
683 585 832 655 ejus,
872 603 890 635 ι
920 582 1202 652 castigabo
1237 596 1362 635 eum
1407 581 1456 635 in
1480 581 1634 651 virga
1651 572 1998 631 virorum"?
2030 591 2048 623 ι

465 682 687 740 Annon,
752 674 1218 746 quemadmodum
1250 673 1540 742 Scriptura
1580 669 1719 724 dicit
1740 683 1894 730 eum,
1928 678 2055 719 sus-

466 779 622 838 tt‘pla
688 775 878 821 nostra
950 765 1299 827 intirmitate,
1356 760 1726 820 laboravisse,
1755 757 1956 810 famem
1998 759 2052 806 et

464 863 616 915 sitim
681 873 905 928 passum
958 872 1108 922 esse;
1143 857 1276 909 item
1337 850 1803 924 quemadmodum
1839 848 2049 902 dictum

2153 477 2214 527 τὸ
2237 515 2252 539 ,
2302 476 2408 527 Καὶ
2456 475 2550 529 ὲάν
2585 475 2716 546 ἔλθῃ
2742 477 2774 546 ή
2805 475 2986 533 ἀδικία
3019 477 3204 537 αὑτοῦ,
3249 496 3266 526 ι
3329 475 3534 545 ἐλέγξω
3557 479 3707 530 αὐτον

2155 572 2212 622 ἐν
2245 570 2427 640 ῥάϐδῳ
2455 570 2702 640 ἀνδρῶν;
2738 591 2756 622 ι
2790 571 3016 638 Μήποτε
3045 569 3158 634 οὖν,
3185 569 3370 640 ὥσπερ
3397 571 3705 639 ἀναλαμϐά-

2153 657 2342 710 νωντά
2365 659 2610 728 ἡμέτερα
2640 657 2814 727 πάθη,
2847 660 3012 728 φησὶν
3047 658 3209 720 αὐτὸς
3250 659 3594 719 πεπονθέναι.
3623 663 3708 713 καὶ

2155 747 2564 816 πεπεινηκέναι,
2595 749 2688 801 καὶ
2713 748 3054 817 δεδιψηκέναι
3077 791 3092 812 ,
3126 749 3220 800 καὶ
3264 748 3450 819 φέρειν
3511 751 3710 820 εῐρηται

2152 839 2250 903 τὰς
2278 839 2564 904 ἀσθενείας
2598 841 2775 910 ἡμῶν,
2804 841 2893 893 καὶ
2923 840 3245 893 ἐνδύσασθαι
3276 841 3373 904 τὰς
3397 842 3592 911 ἀρχὰς,
3627 844 3712 895 καὶ

2154 931 2423 998 ἐξουσίας,
2457 931 2544 985 ῐνα
2579 931 2804 1001 ὕστερον
2853 931 3023 994 αὑτὰς
3076 931 3464 1001 ἐκδυσάμενος,
3495 934 3554 985 ὲν
3582 937 3714 1005 παρ·

2157 1021 2322 1092 ρησίᾳ
2379 1021 2723 1094 θριαμϐεύσῃ
2746 1024 2802 1074 ἐν
2822 1023 2898 1092 τῷ
2939 1023 3117 1092 ξύλῳ;
3159 1023 3270 1078 Καὶ
3297 1025 3355 1076 ὲν
3385 1023 3462 1092 τῷ
3494 1025 3712 1094 εἰκοστῷ

2154 1113 2355 1183 πρώτῳ
2381 1114 2578 1186 ψαλμῷ
2612 1114 2712 1185 τῷ·
2752 1133 2769 1166 ι
2794 1115 3026 1189 Μακράν
3055 1117 3164 1168 ἀπὸ
3187 1116 3287 1185 τῆς
3327 1117 3602 1186 σωτηρίας
3624 1135 3716 1186 μου

2153 1207 2203 1258 οἱ
2236 1205 2382 1272 λόγοι
2411 1206 2519 1258 τῶν
2549 1207 3012 1277 παραπτωμάτων
3033 1223 3157 1277 μου.
3177 1226 3196 1258 ι
3236 1207 3326 1259 Ἐν
3346 1207 3403 1259 δὲ
3433 1206 3510 1275 τῷ
3538 1205 3718 1277 ἐξηκο-

2157 1297 2266 1368 στῷ
2323 1298 2512 1369 ὀγδόῳ·
2563 1317 2581 1349 ι
2619 1299 2678 1351 Ὀ
2707 1299 2865 1368 ζῆλος
2893 1299 2987 1352 τοῦ
3020 1299 3170 1353 οἴκου
3210 1316 3304 1354 σου
3349 1300 3722 1367 καταφάγεταί

2155 1411 2245 1462 με.
2275 1413 2293 1445 ι
2327 1395 2490 1462 Λέγει
2511 1395 2567 1446 δὲ
2595 1395 2710 1446 καίο
2751 1415 2769 1445 ι
2796 1394 2852 1447 Ὁ
2879 1394 3031 1459 Θεὸς,
3065 1393 3128 1445 σὺ
3161 1392 3331 1461 ἔγνως
3362 1392 3462 1461 τὴν
3490 1391 3722 1461 ἀφροσύ-

461 961 543 1006 est
598 951 794 1004 tulisse
867 948 1247 1002 infirmitatem
1316 953 1587 1009 nostram,
1668 949 1722 994 et
1806 939 2054 992 induisse

460 1042 834 1114 principatus,
877 1048 930 1094 et
961 1048 1285 1108 potestates,
1330 1047 1392 1092 ut
1431 1043 1646 1106 postea,
1685 1032 1796 1086 illis
1823 1035 2048 1088 exutus,

462 1138 632 1191 multa
687 1135 886 1190 ﬁducia
945 1133 1000 1186 in
1076 1133 1224 1202 ligno
1276 1131 1466 1184 crucis
1521 1119 1942 1195 triumpharet?
1989 1117 2053 1170 Et

464 1227 677 1296 psalmo
728 1241 818 1279 XXI
852 1241 866 1278 :
910 1242 930 1273 ι
965 1222 1152 1290 Longe
1184 1237 1212 1273 a
1251 1221 1428 1275 salute
1468 1233 1589 1271 mea
1619 1216 1783 1270 verba
1816 1211 2051 1266 delicto-

461 1334 581 1372 rum
611 1315 954 1370 meorum”.
1004 1333 1022 1365 ›
1081 1312 1302 1366 Psalmo
1353 1326 1552 1366 LXVIII:
1599 1327 1616 1358 ι
1661 1306 1828 1360 Zelus
1854 1304 2052 1356 domus

461 1416 569 1462 tua:
590 1407 831 1461 comedit
864 1405 1034 1459 me”.
1072 1423 1090 1456 ι
1129 1403 1270 1457 Dicit
1295 1403 1497 1458 etiam:
1546 1419 1564 1450 ι
1593 1395 1782 1459 Nosti,
1810 1411 1843 1450 0
1885 1393 2047 1459 Deus,

460 1496 892 1567 imprudentiam
923 1510 1124 1558 meam,
1147 1502 1200 1548 et
1221 1499 1445 1562 peccata
1471 1505 1591 1543 mea
1627 1503 1658 1542 a
1706 1497 1755 1541 te
1785 1501 1895 1539 non
1922 1493 2053 1540 sunt

2156 1500 2250 1551 νην
2308 1501 2406 1553 μου
2433 1485 2457 1548 ,’
2512 1484 2607 1537 καὶ
2651 1485 2706 1536 αἱ
2756 1482 3132 1554 πλημμέλειαι
3181 1499 3280 1552 μου
3327 1483 3440 1534 ἀπὸ
3497 1481 3591 1533 σοῦ
3632 1482 3722 1534 οὐκ

460 1589 786 1645 abscondita
818 1587 886 1642 ³³.
914 1607 933 1639 ι
1010 1585 1087 1638 Ita
1119 1585 1254 1639 illud
1318 1583 1519 1638 etiam:
1551 1598 1570 1633 ι
1624 1580 1678 1633 Si
1705 1577 1920 1632 venerit
1945 1574 2050 1628 ini-

2156 1575 2566 1646 ἀπεκρύϐησαν.
2595 1595 2613 1627 ι
2649 1576 2831 1638 Οὕτως
2857 1576 2938 1628 τό·
2979 1595 2996 1626 ι
3017 1575 3128 1628 Καὶ
3170 1575 3264 1626 ἐὰν
3327 1571 3459 1645 ἔλθῃ
3487 1573 3519 1642 ἡ
3549 1572 3722 1624 ἀδικία

457 1681 646 1751 quitas
683 1683 855 1750 ejus.»
890 1676 1078 1746 Neque
1116 1690 1248 1731 vero
1279 1675 1367 1728 hic
1403 1674 1612 1727 dictum
1641 1678 1748 1731 est,
1773 1668 1829 1722 Si
1861 1666 2048 1735 inique

2156 1667 2339 1720 αύτοῦ.
2365 1686 2382 1720 ι
2418 1669 2610 1721 Καίτοι
2641 1668 2762 1721 οὐδὲ
2794 1667 3026 1721 ἐνταῦθα
3053 1667 3287 1738 εἴρηται,
3308 1666 3437 1718 Ἐὰν
3468 1665 3719 1733 ἀδικήσῃ·

459 1768 835 1837 fecerit;sed,
889 1786 909 1821 ι
991 1765 1048 1821 Si
1103 1767 1314 1821 venerit
1352 1765 1619 1833 iniquitas
1641 1761 1786 1829 ejus.
1823 1777 1842 1810 ›
1876 1757 2048 1812 Porro

2156 1759 2263 1815 ἀλλ’
2283 1778 2301 1810 ι
2337 1759 2463 1813 Ἑάν
2493 1760 2620 1831 non
2651 1761 2683 1827 ἡ
2704 1759 2884 1812 ἀδικία
2909 1735 3143 1811 αὑτοῦ.)
3165 1735 3361 1826 Ἥμεῖς
3392 1755 3446 1808 δὲ
3469 1756 3518 1807 οι
3543 1753 3719 1815 αὑτοῦ,

457 1879 564 1919 nos
631 1863 810 1933 ipsius
853 1875 1071 1925 smnus,
1127 1873 1233 1913 nos
1264 1872 1459 1913 sumus
1492 1856 1781 1924 iniquitas,
1807 1851 1874 1906 ad
1905 1865 2047 1919 quos

2156 1851 2244 1905 καὶ
2275 1853 2434 1922 ἡμεῖς
2480 1853 2512 1922 ἡ
2549 1851 2750 1918 ἀδικία,
2776 1849 2909 1920 πρὸς
2959 1849 3052 1912 οὓς
3107 1849 3342 1917 εἴρηται·
3381 1865 3400 1896 ι
3431 1839 3574 1897 ’Ἧτέ
3604 1859 3721 1894 ποτε

453 1955 662 2009 dictum
685 1963 795 2009 est:
825 1971 842 2004 ι
868 1951 1048 2006 Eratis
1066 1948 1362 2018 aliquando
1385 1943 1735 2009 tenebrae”;
1766 1949 1840 2005 et,
1871 1956 2050 2011 quan-

2156 1942 2337 2004 σκότος
2361 1959 2374 1972 ·
2408 1959 2426 1992 ι
2467 1943 2559 1995 καὶ
2586 1942 2706 1994 ἐπεὶ
2743 1941 2880 2012 ὑπὲρ
2904 1939 3058 2011 ἡμῶν
3081 1939 3373 2001 ἀπέθανεν,
3396 1936 3619 1988 δύναται
3641 1936 3724 1986 ἐπὶ

457 2046 755 2118 doquidem
806 2060 906 2115 pro
953 2043 1113 2098 nobis
1174 2049 1428 2096 mortuus
1456 2045 1562 2102 est,
1590 2037 1656 2091 de
1686 2036 1780 2089 illo
1808 2035 1912 2089 hoc
1939 2033 2046 2087 dici

2156 2033 2308 2086 τοῦτο
2370 2034 2735 2105 ἀναφέρεσθαι
2758 2034 2819 2087 τό
2841 2051 2852 2064 ·
2895 2034 3004 2086 Καὶ
3034 2032 3128 2084 ὲάν
3180 2029 3306 2100 ἔλθῃ
3347 2031 3382 2098 ἡ
3411 2027 3596 2081 ἀδικία
3632 2029 3722 2079 αὺο

453 2149 642 2212 potest
674 2159 686 2194 :
751 2135 809 2192 Si
864 2135 1078 2191 venerit
1131 2134 1396 2203 iniquitas
1436 2131 1577 2200 ejus,
1612 2148 1630 2181 ι
1663 2141 1890 2197 arguam
1922 2140 2046 2181 eum

2156 2123 2265 2190 τοῦ,
2289 2145 2306 2177 ι
2333 2125 2428 2179 καὶ
2458 2125 2721 2193 ἐξελέγξω
2750 2123 2910 2176 αὐτὸν
2963 2126 3019 2176 ὲν
3055 2122 3235 2193 ῥάϐδῳ
3276 2119 3510 2190 ἀνδρῶν,
3560 2121 3649 2170 καὶ
3672 2120 3723 2169 ἐν

457 2236 612 2305 virga
675 2232 945 2294 virorum,
969 2238 1024 2284 et
1070 2227 1244 2298 plagis
1289 2227 1528 2280 filiorum
1565 2223 1877 2276 hominum.
1916 2237 1935 2270 ι
1966 2217 2046 2281 ld,

2156 2216 2314 2283 ἁφαῖς
2344 2216 2475 2269 υἱῶν
2499 2214 2853 2286 ἀνθρώπων.»
2877 2216 3054 2282 Ὅπερ
3084 2214 3243 2266 αὑτὸν
3262 2253 3276 2276 ,
3292 2212 3367 2273 ὡς
3392 2211 3553 2279 φύσει
3580 2209 3722 2274 Θεὸν,

459 2303 610 2396 quod
641 2338 765 2378 eum
793 2321 1008 2391 (utpote
1031 2329 1228 2374 natura
1265 2307 1458 2376 Deum,
1484 2321 1537 2367 et
1557 2313 1713 2382 juxta
1749 2310 2048 2363 humanam

2156 2308 2246 2361 καὶ
2279 2307 2355 2371 ὡς
2385 2307 2773 2378 ἀναμάρτητον
2796 2307 2938 2360 κατὰ
2971 2307 3030 2360 τὸ
3060 2305 3424 2374 ἀνθρώπινον,
3455 2303 3723 2373 ἀλλότριον

460 2424 719 2472 naturam
777 2413 926 2466 nulla
957 2409 1170 2482 peccati
1202 2407 1321 2461 labe
1357 2401 1654 2477 pollutum)
1681 2401 1961 2456 diversum
1982 2398 2051 2453 ab

2156 2399 2364 2472 ἀνδρῶν
2394 2401 2488 2454 καὶ
2519 2401 2649 2453 υἱῶν
2677 2398 2979 2470 ἀνθρώπων
3007 2399 3304 2467 ὑπέφηνεν.

461 2509 588 2564 aliis
614 2506 772 2570 viris,
800 2512 853 2562 et
886 2504 1012 2559 (iliis
1035 2502 1322 2556 hominum
1355 2513 1480 2553 esse
1503 2494 1768 2551 ostendit.

541 2599 702 2656 Vens.
748 2599 837 2653 19.
876 2597 942 2652 Et
994 2612 1163 2666 parva
1190 2595 1305 2648 visa
1351 2604 1475 2646 sunt
1515 2589 1625 2643 [uec
1680 2589 1738 2640 in
1766 2595 2052 2654 conspectu

464 2704 576 2759 tuo,
630 2693 702 2744 mi
732 2689 979 2743 Domine.
1010 2685 1478 2755 (imnipotentiam
1533 2678 1748 2733 Domini
1822 2676 2050 2740 docens,

465 2783 773 2838 admiratus
796 2795 943 2841 sum,
966 2777 1166 2848 inquit,
1191 2772 1578 2831 excellentiam
1595 2766 2051 2839 promissionum,

466 2873 737 2942 Incipsum
765 2869 1093 2939 respiciens.
1129 2867 1304 2920 Parva
1331 2863 1479 2918 enim
1517 2862 1630 2914 inec
1660 2864 1812 2923 sunt,
1847 2856 1893 2912 si
1926 2869 2052 2910 cum

465 2975 559 3018 tua
594 2959 838 3034 potentia
885 2957 1268 3013 conferantur.

1007 3047 1162 3101 CAP.
1215 3044 1303 3098 vn
1356 3043 1523 3115 [VII].

543 3144 709 3200 Vens.
739 3145 795 3198 2.
835 3141 1120 3195 Dimensus
1151 3147 1230 3192 est
1257 3137 1522 3205 funiculo,
1550 3132 1847 3188 etc.Tanta
1882 3129 2055 3199 capti-

469 3251 666 3291 vorum
714 3233 1008 3287 multitudo
1039 3236 1181 3296 erat,
1216 3236 1276 3282 ut
1333 3241 1430 3280 eos
1459 3239 1754 3278 munerare
1788 3236 1894 3274 non
1927 3233 2054 3288 per-

471 3333 741 3384 mitteret.
766 3323 940 3380 Jussit
991 3322 1161 3390 igitur
1191 3333 1399 3388 pronos
1434 3318 1491 3370 in
1542 3328 1741 3370 terram
1773 3311 2053 3372 inclinari,

473 3432 548 3485 el,
591 3417 725 3472 fune
785 3430 948 3484 super
993 3427 1088 3468 eos
1135 3419 1380 3472 extento,
1414 3409 1468 3462 in
1500 3416 1614 3461 tres
1639 3415 1825 3476 partes
1845 3418 1939 3458 eos
1969 3401 2055 3454 di—

475 3513 648 3574 visit;
687 3518 760 3573 ct,
797 3507 1014 3562 duabus
1066 3499 1634 3574 partibusjugulatis,
1670 3497 1888 3550 tertiam
1921 3508 2054 3546 con-

475 3602 734 3658 servavit.
766 3598 961 3667 Aquila
987 3610 1140 3660 vero,
1156 3603 1465 3664 separatqu
1481 3590 1690 3659 [renum
1711 3585 2078 3655 ὑδραγωγίου,

474 3696 808 3750 deductionis
836 3705 1118 3762 aquarum,
1151 3687 1426 3756 exposuit.

550 3872 717 3927 Vens.
733 3867 1120 3926 4.Etdissolm’t
1141 3865 1308 3919 David
1327 3879 1504 3918 omnes
1523 3877 1734 3921 currus,
1748 3858 2055 3915 etc.Divina

476 3964 620 4020 enim
662 3962 748 4016 lex
767 3959 1055 4029 praecepit:
1079 3976 1100 4007 ι
1129 3956 1205 4010 Ne
1221 3952 1668 4024 multiplicestibi
1687 3967 1860 4020 equos
1904 3951 2048 4001 “'2:

478 4056 556 4110 Ne
610 4053 824 4109 scilicet
886 4052 940 4104 in
985 4050 1168 4117 equis,
1197 4045 1294 4101 sed
1351 4046 1405 4099 in
1440 4043 1681 4114 potentia
1723 4041 1819 4096 Dei
1856 4041 2055 4097 salutis

483 4165 596 4205 sua:
627 4134 963 4217 praesidium
983 4139 1343 4194 collocarent.

554 4239 722 4294 Vens.
746 4237 800 4292 9.
831 4234 941 4288 Rea:
964 4230 1176 4286 Emath.
1206 4228 1400 4297 Aquila
1425 4226 1673 4297 exponit,
1706 4223 2054 4294 ἐπιφάνειαν,

480 4333 882 4402 apparitiancm,
917 4325 998 4379 vel
1027 4322 1307 4376 adventum
1336 4318 1530 4389 Syrica.

556 4421 719 4474 Vens.
745 4419 834 4472 M.
869 4418 932 4470 In
997 4413 1140 4468 omni
1176 4410 1418 4465 Idumam
1473 4410 1732 4478 disposuit
1777 4408 2048 4477 ρνιεδῐιίὶα.
2086 4409 2131 4466 D

483 4509 645 4568 Nunc
680 4511 962 4579 impletum
997 4515 1083 4560 est
1113 4503 1268 4567 illud,
1311 4502 1456 4573 quod
1490 4501 1638 4556 Isaac
1671 4497 1876 4553 Jacobo
1914 4513 2050 4567 prae-

483 4609 658 4662 dixit:
706 4623 725 4655 ι
757 4603 910 4660 Esto.
939 4597 1141 4668 inquit,
1175 4595 1434 4650 dominus
1469 4593 1656 4647 fratris
1687 4592 1763 4643 Iui
1789 4591 1859 4641 ⁸⁵.
1898 4609 1915 4640 ι
1947 4591 2051 4643 Deo

2229 2578 2339 2634 Kal
2368 2578 2853 2646 κατεσμικρύνθη
2883 2577 3072 2632 ταῦτα
3093 2576 3349 2631 ἐνώπιόν
3366 2590 3512 2643 σου,
3559 2574 3727 2646 Κύριέ

2147 2687 2292 2741 μου.
2349 2670 2424 2723 Τὸ
2480 2669 2889 2740 πσντοδύναμον
2941 2669 3036 2722 τοῦ
3105 2670 3380 2722 Δεσπότου
3418 2669 3721 2729 διδάσκων,

2155 2762 2317 2818 Ἐθαύ
2329 2780 2496 2834 μασα,
2521 2762 2676 2833 φησὶ,
2699 2762 2799 2832 τὴν
2817 2761 2924 2815 τῶν
2947 2762 3376 2832 ἐπηγγελμένων
3407 2759 3723 2832 ὑπερϐολὴν,

2155 2858 2235 2919 εἰς
2271 2855 2504 2926 ἐμαυτὸν
2570 2854 2907 2926 ἀποϐλέψας·
2940 2852 3159 2924 Σμικρά
3195 2855 3301 2924 γὰρ
3329 2853 3536 2918 ταῦτα,
3566 2855 3635 2922 τῇ
3664 2852 3721 2920 σῇ

2154 2948 2380 3015 δυνάμει
2403 2943 2886 3015 παραδαλλόμενα.

2765 3035 3016 3088 ΚΕΦΑΛ.
3058 3037 3134 3088 Z'.

2227 3129 2333 3184 Καὶ
2365 3129 2756 3199 διεμέτρησεν
2795 3127 3019 3193 αὐτοὺς
3046 3128 3115 3180 ἐν
3140 3126 3414 3195 σχοινὶῳ.
3471 3123 3722 3178 Τοσοῦτον

2155 3216 2223 3291 ἦν
2247 3223 2354 3273 τῶν
2389 3220 2786 3291 ζωγρηθέντων
2814 3219 2876 3271 τὺ
2911 3217 3140 3288 πλῆθος,
3193 3217 3266 3281 ὡς
3298 3218 3372 3287 μὴ
3405 3214 3720 3285 ἀνασχέσθαι

2156 3313 2382 3373 τούτους
2431 3311 2724 3366 ὑποϐαλεῖν
2777 3309 3015 3381 ἀριθμῷ.
3055 3308 3339 3362 Ἐκέλευσε
3388 3309 3501 3378 γὰρ
3539 3307 3721 3366 αὐτοὺς

2159 3406 2253 3458 ἐπὶ
2279 3406 2378 3474 τῆς
2401 3404 2504 3473 γῆς
2521 3403 2913 3473 κατακλιθῆναι
2955 3403 3178 3471 πρηνεῖς
3209 3417 3221 3431 ·
3259 3400 3351 3452 καὶ
3386 3397 3616 3469 σχοινίον
3642 3397 3720 3447 ἐπ’

2158 3499 2336 3552 αὐτῶν
2368 3497 2659 3561 διατείνας,
2694 3497 2853 3566 τριχῆ
2911 3494 3132 3556 τούτους
3195 3491 3454 3561 ἐμέρισε.
3493 3490 3601 3543 Καὶ
3633 3488 3721 3548 τὰς

2156 3591 2248 3644 δύο
2272 3589 2592 3658 διαφθείρας
2641 3587 2860 3658 μερίδας
2894 3585 2992 3656 τὴν
3025 3587 3152 3656 μίαν
3185 3583 3524 3652 ἐζώγρησεν.
3575 3576 3720 3631 ’Δκύ-

2157 3681 2254 3743 λας
2291 3682 2367 3744 δὲ,
2393 3679 2508 3748 τὴν
2536 3677 2965 3748 ἀφωρισμένην
2985 3715 3000 3738 ,
3056 3675 3315 3743 χαλινὸν·
3357 3669 3716 3742 ὑδραγωγίου

2157 3773 2443 3838 ἐξέδωκεν.

2227 3867 2336 3919 Καὶ
2369 3863 2720 3933 παρέλυσεν
2741 3861 2921 3915 Δαϐὶδ
2946 3861 3143 3914 πάντα
3160 3859 3231 3912 τὰ
3248 3857 3499 3926 ἅρματα.
3519 3856 3573 3908 ὐ
3591 3853 3715 3912 θεῖος

2158 3958 2265 4030 γὰρ
2288 3958 2440 4026 ἔλεγε
2468 3958 2650 4025 νόμος,
2672 3973 2690 4004 ι
2711 3954 2781 4008 Οὐ
2803 3952 3093 4022 πληθυνεῖς
3116 3951 3327 4020 σεαυτῷ
3365 3950 3548 4001 ἵππον.
3571 3967 3588 3996 ι
3613 3946 3713 3996 Ἵνα

2165 4050 2241 4120 μὴ
2271 4046 2507 4111 τούτοις,
2540 4047 2608 4114 τῇ
2632 4043 2686 4096 δὲ
2711 4042 2831 4113 θεία
2857 4041 3104 4112 θαρρὦσι
3131 4039 3381 4109 δυνάμει.

2228 4223 2530 4289 Βασιλεὺς
2566 4219 2765 4290 Ἠμιίθ.
2803 4217 3054 4282 Ἀκύλας,
3082 4217 3178 4288 τὴν
3217 4216 3572 4285 ἐπιφάνειαν
3625 4213 3708 4279 τῆς

2159 4315 2380 4386 Συρίας.

2243 4403 2345 4455 Ἐν
2364 4401 2533 4469 πάσῃ
2562 4398 2637 4467 τῇ
2667 4397 2916 4462 Ἰουδαίᾳ
2938 4407 2963 4433 ιι
2994 4399 3206 4462 ἔθηκεν
3250 4393 3706 4463 ἐστηλωμὲνσυς.

2159 4495 2525 4565 Πεπλήρωται
2567 4493 2662 4544 νῦν
2715 4490 2776 4543 τὸ
2831 4489 2968 4559 πρὸς
3003 4487 3194 4541 Ἰακὼϐ
3247 4487 3578 4556 ὲπαγγελθὲν
3620 4483 3711 4536 ὑπὸ

2173 4585 2355 4638 Ἰσαάκ
2371 4599 2400 4624 -’
2443 4603 2461 4635 ι
2481 4584 2636 4637 Γίνου
2667 4583 2800 4651 γὰρ,
2826 4581 2956 4649 ἔφη,
2991 4579 3176 4650 κύριος
3199 4577 3292 4630 τοῦ
3314 4576 3543 4646 ἀδελφοῦ
3575 4589 3700 4626 σου.»

480 4703 645 4758 victis
668 4701 812 4754 enim
848 4693 1124 4756 ldumzis,
1156 4689 1406 4760 prmsidia
1436 4688 1716 4756 imposuit.
1751 4683 2054 4738 Pl'tl’SCIIICS

2159 4675 2414 4741 Πατάξας
2444 4677 2576 4744 γὰρ,
2612 4675 2961 4743 ὑπόφρουρον
2989 4671 3087 4742 τὴν
3128 4670 3432 4740 Ἰδουμαίαν
3456 4667 3700 4735 ἐποίησεν.

485 4806 666 4851 autem
699 4785 1096 4861 praesidiarios,
1118 4795 1257 4849 quos
1298 4792 1443 4832 nunc
1473 4777 1693 4847 quidam
1725 4774 2055 4842 ἐγκαθέτους

482 4885 780 4958 appellant,
811 4880 926 4946 ipse
961 4867 1369 4942 ὲστηλωμένους
1401 4867 1718 4922 nominavit.

555 4953 717 5047 524
767 4967 931 5023 Vens.
964 4965 1048 5020 l6.
1101 4965 1140 5016 Α
1185 4959 1598 5013 commentariis.
1632 4954 1826 5025 Aquila
1867 4953 2051 5019 habet,

479 5064 938 5136 ἀναμιμνήσκων,
971 5055 1022 5110 id
1054 5062 1161 5114 est.
1193 5065 1442 5105 revocans
1468 5051 1522 5102 in
1546 5047 1874 5100 memoriam.

556 5160 723 5217 Vens.
752 5153 837 5210 ‘17.
873 5151 942 5207 Et
991 5143 1290 5202 Abimeleah
1340 5141 1483 5207 ﬁlius
1530 5138 1810 5194 Abiathar.
1848 5136 2053 5191 Vitium

483 5255 697 5310 librarii
756 5251 860 5306 hoc
891 5260 1014 5302 esse
1046 5238 1258 5298 dicunt;
1307 5234 1439 5291 Nam
1494 5250 1525 5291 θ
1554 5241 1746 5290 contra
1792 5229 2060 5285 Abiathar

484 5349 631 5402 Illius
661 5353 748 5399 est
779 5334 1142 5396 Abimelechi.

550 5459 592 5489 ¹¹
615 5455 818 5510 Jerem.
853 5467 998 5510 τινι.
1036 5447 1130 5502 28.
1205 5448 1250 5478 ”
1283 5443 1448 5518 ἰξειοιζ
1474 5458 1587 5507 ut,
1613 5441 1668 5495 2.

484 5545 620 5592 XVII,
665 5529 744 5580 l6.
857 5524 901 5554 ’⁵
928 5519 1062 5576 Gen.
1088 5533 1256 5582 xxvn,
1290 5516 1381 5569 ’29.

1765 5438 1810 5469 ’³
1851 5437 2002 5495 Psal.
2033 5454 2222 5505 cum,
2261 5440 2349 5494 10.
2427 5439 2472 5472 ³⁵
2504 5438 2637 5494 ibid.
2685 5437 2739 5493 6.

2171 4766 2656 4835 Ἐστηλωμένους
2675 4765 2731 4819 δέ
2753 4782 2916 4834 φησιν
2945 4764 3072 4828 τοὺς
3096 4762 3536 4830 ὲγκαταστάντας
3559 4773 3703 4827 φρου-
3741 4805 3744 4808 ι

2163 4860 2310 4933 ροὺς,
2339 4858 2430 4922 οὒς
2462 4859 2556 4911 νῦν
2583 4873 2727 4920 τινες
2755 4855 3114 4925 ἐγκαθέτους
3133 4855 3317 4923 φασίν.

2249 4947 2509 5002 Ἐπιτῶν
2563 4946 3030 5018 ἁπομνημάτων.
3084 4943 3334 5012 Ἀκύλας,
3397 4935 3700 5013 ἀναμιμνή-

2161 5057 2331 5095 σκων
2343 5049 2390 5094 ο.

2239 5136 2347 5189 Καὶ
2387 5132 2697 5203 Ἀὄιμέλεχ
2731 5132 2861 5198 υίὸς
2891 5131 3190 5201 Ἀϐιάθαρ.
3221 5131 3492 5202 Γραφικδν
3545 5121 3697 5195 ἀμάρ-

2165 5251 2316 5303 τημα
2377 5231 2538 5286 τοῦτό
2595 5245 2780 5298 φασιν·
2842 5225 3115 5282 ἀνάπαλιν
3169 5225 3280 5299 γὰρ
3319 5222 3567 5291 Ἀσιάθαρ
3607 5213 3697 5274 υίδς

2181 5325 2488 5403 Ἀϐιμέλεχ.

2843 5436 2912 5469 ιι·
2953 5435 3155 5508 Ephes.
3187 5451 3242 5504 ν,
3280 5433 3335 5490 8.
3441 5431 3528 5462 ’ν’
3563 5421 3688 5477 De"L

1788 5621 2016 5678 VARI/E
2055 5619 2458 5676 LECTIONES.

560 5743 590 5773 υ
630 5735 986 5803 Septuaginta
1024 5729 1320 5801 Ἰδουμαίᾳ.
1352 5727 1413 5781 Et
1443 5726 1516 5781 ita
1539 5725 1592 5779 in
1626 5722 1814 5778 codice
1847 5718 2099 5774 Lavatcri
2128 5719 2250 5771 fuit.

2340 5724 2362 5751 °
2390 5714 2452 5770 C.
2486 5711 2546 5768 L.
2578 5711 3027 5782 άναμιμνήσεων.
