4018 6230
416 273 541 342 1ἲ33

1418 280 1952 342 COMMENTARII
1992 282 2066 343 ΙΝ
2107 283 2252 344 LIB.
2288 285 2347 344 ΙΙ
2383 285 2674 347 REGUM.

3519 291 3655 354 1134

479 393 583 446 Καὶ
613 396 645 447 ό
669 395 1054 460 Φιλετθί,ικαὶ
1084 399 1115 450 ὁ
1135 397 1366 464 Χαρηθὰ
1410 397 1549 461 Τοὺς
1594 398 1973 468 σφενδονήτας,

2150 399 2315 456 Vens.
2343 402 2431 456 18.
2466 402 2697 457 ΡΙιίΙειΙιί
2730 411 2779 456 et
2810 399 3037 458 Chereti.
3091 402 3456 470 Jaculatores,
3492 417 3544 458 et
3566 424 3653 459 sa-

409 490 496 536 καὶ
520 487 647 549 τοὺς
670 487 915 554 τοξότας,
948 489 1091 542 οὕτω
1125 490 1303 543 καλεῖ.

1006 580 1254 633 ΚΕΦΛΛ.
1294 581 1376 632 ιιι.
1928 614 1929 617 η

482 667 626 732 Τοὺς
670 669 967 737 μανδτύας.
1029 671 1099 722 Ἢ
1160 668 1227 721 τὰ
1276 667 1591 736 καλούμενα
1634 668 1977 740 Ἀρκαδίκια,

406 757 437 827 ἦ
471 760 537 811 τὰ
573 761 796 829 μαντία.
847 761 905 814 '0
937 760 993 815 δὲ
1033 760 1287 825 Ἀκύλας,
1311 760 1592 829 χιτῶνας,
1634 762 1824 831 φησίν.

986 963 1238 1017 ΚΕΦΑΛ.
1269 964 1348 1019 Θ’.

474 1052 585 1105 Καὶ
617 1055 667 1107 ει
692 1053 944 1121 ὑγιαίνει
971 1057 1004 1108 ό
1032 1057 1317 1124 πόλεμος.
1380 1056 1546 1126 Ἀλλη
1598 1055 1836 1118 ἕκδοσις,
1881 1056 1978 1108 καὶ

402 1144 489 1208 εὶς
518 1143 765 1211 εἰρήνην
785 1144 892 1199 τοῦ
914 1144 1206 1213 πολέμου.
1384 1199 1394 1207 ,

997 1239 1250 1290 ΚΕΦΑΛ.
1286 1239 1342 1290 I'.

476 1326 587 1379 Τοῦ
618 1325 869 1393 ποιῆσαι
914 1326 993 1392 τῷ
1053 1327 1227 1393 ἀνδρί
1256 1327 1336 1392 τῷ
1361 1328 1539 1392 ξένῳ.
1592 1326 1755 1383 Ξένον
1818 1329 1980 1382 καλεῖ

399 1414 493 1467 τὸν
516 1415 747 1483 πονηρὸν
769 1415 1045 1482 λογισμὸν,
1062 1415 1138 1477 ὡς
1159 1414 1357 1479 ἔξωθεν
1378 1418 1510 1487 ἡμῖν
1544 1416 1978 1488 προσϐάλλοντα,

402 1505 498 1558 καὶ
528 1504 603 1575 μὴ
636 1506 776 1557 κατὰ
797 1505 958 1572 φύσιν
985 1505 1113 1558 ³5ντα
1147 1508 1206 1558 ὲν
1230 1508 1386 1576 ἡμῖν.

475 1598 594 1650 ’Ότι
623 1596 793 1662 ἄξιος
821 1600 853 1650 d
881 1596 1056 1665 ἀνὴρ,
1088 1601 1122 1652 ό
1142 1598 1409 1667 ποιήσας
1443 1598 1641 1665 τοῦτο,
1696 1601 1978 1657 θανάτου.

405 1687 578 1740 Τοῦτο
617 1689 736 1758 μὲν,
780 1687 1142 1757 ύπερὸολικόν
1166 1705 1180 1719 ο
1212 1689 1272 1742 τὸ
1300 1689 1356 1742 δὲ
1378 1690 1636 1743 ἀποτῖσαι
1668 1693 1973 1759 τετραπλα-

405 1778 576 1840 σίονα,
604 1779 745 1831 κατὰ
773 1781 955 1848 νόμον.

470 1865 639 1923 Εἶναί
661 1885 761 1922 σοι
809 1872 897 1935 είς
934 1868 1212 1938 γυναῖκα.
1267 1866 1619 1923 Δίνίττεταιό
1661 1871 1845 1940 λόγος,
1895 1873 1978 1927 ὅτι

2081 492 2331 561 gittarius
2358 495 2460 547 hoc
2491 493 2712 547 nomine
2737 492 2993 561 appellat.

2204 581 2212 590 ·
2620 580 2773 635 CAP.
2825 579 2937 633 vm
2992 581 3110 655 [X].

2153 672 2319 728 Vsus.
2345 673 2401 726 4.
2426 671 2711 727 Ρνωεεὶάὶι
2738 683 2899 726 vestes
2940 674 3194 742 ipsorum.
3253 673 3345 729 Vel
3365 690 3483 735 eas.
3517 691 3657 745 quas

2082 764 2381 819 Arcadicas
2421 764 2713 831 nominat;
2748 764 2852 827 vel,
2887 764 2957 817 τὰ
3010 765 3228 834 μαντία.
3259 765 3456 837 Aquila
3487 767 3655 826 inter-

2083 864 2357 925 pretatur,
2388 855 2643 926 χιτῶνας.

2629 945 2785 1003 CAP.
2830 946 2902 1000 Ix
2961 947 3102 1019 [x1].

2154 1034 2317 1089 Vsus.
2379 1036 2433 1092 7.
2499 1038 2560 1092 Si
2608 1037 2800 1091 bellum
2863 1039 3163 1095 invalescit.
3220 1040 3340 1095 Alia
3385 1043 3663 1111 expositio

2084 1127 2267 1193 habet,
2300 1139 2348 1182 et
2378 1129 2429 1182 in
2470 1144 2653 1197 pacem
2675 1130 2820 1184 belli.

2633 1217 2789 1273 CAP.
2831 1218 2878 1272 x
2944 1218 3110 1291 [xu].

2152 1306 2318 1366 .Vsas.
2345 1309 2395 1363 4.
2439 1305 2908 1366 Utmaetaretviro
2946 1313 3158 1381 hospiti.
3194 1311 3422 1368 Pravam
3457 1318 3662 1387 cogita-

2085 1399 2287 1453 tionem
2332 1401 2602 1472 hospitem
2636 1403 2895 1471 appellat,
2921 1413 2981 1457 ut
3011 1419 3133 1473 quae
3153 1403 3466 1460 forinsecus
3498 1408 3660 1463 nobis

2083 1489 2436 1555 immittatur,
2466 1500 2519 1545 et
2550 1507 2663 1546 non
2696 1501 2896 1547 natura
2929 1494 3090 1548 nobis
3113 1493 3267 1549 insit.

2156 1575 2322 1634 Vens.
2357 1579 2410 1634 5.
2447 1578 2563 1647 Vir,
2591 1582 2683 1650 qui
2705 1581 2970 1650 fecithoc,
3001 1582 3192 1653 dignus
3213 1591 3289 1636 est
3319 1592 3507 1638 morte.
3544 1580 3661 1637 Hoc

2085 1669 2302 1739 quidem
2336 1671 2556 1725 modum
2588 1671 3073 1740 excedit,reddere
3102 1687 3230 1728 vero
3262 1672 3658 1743 quadruplum,

2016 1763 2058 1820 Β
2088 1761 2346 1831 congruit
2379 1776 2504 1815 cum
2541 1752 2678 1831 lege.

2157 1851 2322 1907 Vens.
2359 1853 2414 1907 9.
2471 1852 2537 1907 Ut
2581 1854 2677 1907 tibi
2720 1865 2853 1909 esset
2911 1855 2967 1909 in
3001 1870 3240 1910 uxorem.
3293 1851 3407 1908 Hac
3442 1855 3661 1909 ratione

407 1960 614 2014 πλέονό
642 1960 773 2023 Θεὸς
828 1960 1160 2030 ἐχαλέπηνεν
1226 1959 1322 2012 ἐπὶ
1374 1959 1452 2030 τῷ
1497 1961 1736 2032 γάμῳ,ἢ
1777 1966 1842 2034 τῇ
1876 1965 1975 2034 πρὸ

2089 1942 2322 1998 obscure
2345 1944 2689 2015 signiﬁcatur
2733 1944 2903 2001 Deum
2937 1946 3060 2017 plus
3083 1946 3187 2001 hoc
3205 1944 3460 2016 conjugio
3485 1944 3659 2000 offen-

401 2051 592 2106 τούτου
649 2055 881 2124 μοιχείᾳ.
934 2054 1046 2122 Τὴν
1106 2053 1206 2122 μὲν
1234 2052 1367 2124 γὰρ,
1399 2053 1551 2123 πόοῳ
1586 2055 1854 2125 καρωθεὶς
1894 2057 1979 2120 ἐξα

402 2143 727 2211 ειργάσατοο
754 2146 781 2196 ὁ
808 2143 887 2207 δὲ,
912 2143 1175 2213 λογισμοῦ
1228 2144 1628 2210 συγκατάθεσιν
1689 2145 1821 2215 ἔχει.
1848 2147 1979 2200 Δέον

402 2232 613 2300 γᾶρὲπὶ
642 2233 857 2304 μοιχείᾳ
901 2233 997 2287 καὶ
1019 2235 1164 2304 φόνῳ
1209 2233 1448 2305 θρηνεῖν,
1483 2234 1650 2306 γάμῳ
1672 2236 1977 2309 παρανόμῳ

404 2321 680 2397 συνῄνεσε.

474 2593 872 2665 Κιιὶλήψξομιιι
902 2594 1009 2659 τὰς
1035 2582 1348 2662 γυναῖκας,
1385 2594 1479 2649 καὶ
1511 2592 1684 2648 δώσω
1719 2595 1798 2661 τῷ
1820 2601 1979 2665 rain-

399 2688 541 2741 σιόν
567 2701 703 2740 σου.
741 2685 968 2754 Ὅμοιον
999 2683 1074 2754 τῷ
1098 2700 1112 2714 ο
1149 2703 1166 2734 ι
1195 2684 1515 2756 Παρέδωκεν
1547 2688 1745 2752 αὐτοὺς
1776 2689 1805 2740 ὁ
1835 2689 1977 2757 ,Θεὸς

400 2783 449 2832 εί
508 2778 651 2846 πάοη
685 2777 930 2846 ἀτιμίας.
949 2776 1084 2829 »Τοῦ
1118 2774 1255 2828 Θεοῦ
1278 2775 1471 2846 δηλοῦν
1491 2778 1589 2848 τὴν
1610 2778 1976 2849 συγχώρησιν.

401 2870 471 2920 Ὅ
485 2887 577 2920 που
605 2885 667 2935 γε
690 2869 785 2921 καὶ
821 2867 1017 2922 Ἰακὼϐ
1075 2867 1174 2935 τὴν
1214 2868 1416 2937 Σίκιμα
1446 2870 1598 2938 παρὰ
1623 2869 1849 2941 γνώμην
1879 2870 1979 2922 αὑ-

399 2959 493 3010 τοῦ
522 2961 995 3028 καταστραφεῖσαν
1031 2958 1135 3011 ὑπὸ
1158 2958 1385 3029 Συμεὼν
1422 2960 1517 3011 καὶ
1552 2956 1685 3011 Λευῖ
1712 2959 1822 3013 τῶν
1846 2961 1975 3013 παί-

399 3050 528 3109 δων,
564 3044 644 3110 οἷς
706 3049 1043 3117 ἐπηράσατο,
1091 3047 1457 3119 κληρονομίαν
1508 3046 1689 3115 ἀφιεὶς
1735 3049 1970 3117 Ἰωσήφ·

2086 2047 2206 2086 sum
2238 2049 2385 2099 esse,
2438 2050 2602 2104 quam
2668 2034 2960 2102 adulterio,
3013 2037 3160 2105 quod
3205 2035 3309 2090 hoc
3357 2037 3656 2105 praecessit.
3720 2100 3723 2103 _

2083 2124 2427 2179 Adulterium
2463 2124 2609 2180 enim
2652 2126 2951 2196 cupiditate
2981 2128 3160 2183 vietus
3187 2129 3498 2193 commisit;
3534 2142 3663 2181 con-

2079 2211 2291 2281 jugium
2352 2227 2536 2268 autem
2620 2213 3039 2272 deliberationis
3102 2230 3391 2272 assensqu
3475 2218 3656 2271 habet.

2082 2303 2332 2374 Cumque
2358 2315 2583 2376 propter
2640 2306 2972 2362 adulterium
3015 2317 3070 2364 et
3102 2307 3464 2363 homicidium
3498 2310 3655 2378 plano

2082 2411 2211 2465 gere
2254 2396 2501 2478 deberet,
2529 2397 2665 2468 ipse,
2730 2401 3083 2456 matrimonio
3123 2407 3316 2456 contra
3347 2402 3493 2473 leges
3527 2415 3659 2455 con-

2083 2500 2283 2557 tracto,
2314 2506 2438 2546 eum
2471 2506 2534 2547 ea
2570 2492 2696 2548 vitae
2726 2495 3182 2550 consuetudinem
3229 2494 3438 2550 habuit.

2151 2579 2319 2637 Vens.
2355 2582 2444 2639 H.
2480 2580 2689 2638 Tollam
2709 2598 2901 2638 uxores
2922 2594 3129 2649 tuas,et
3154 2584 3292 2639 dabo
3311 2600 3400 2640 eas
3429 2594 3658 2654 tuapro—

2080 2673 2297 2743 piuquo.
2332 2656 2522 2728 Simile
2569 2677 2668 2728 'est
2726 2674 2888 2729 huic:
2921 2693 2938 2726 ι
3002 2674 3255 2731 Tradidit
3309 2691 3405 2732 eos
3432 2676 3577 2732 Dcus
3602 2678 3657 2731 in

2060 2762 2413 2830 cupiditates
2464 2763 2876 2832 ignominiae".
2910 2782 2928 2815 ι
2962 2763 3056 2819 Dei
3112 2765 3530 2835 permissionem
3581 2766 3659 2821 si-

2080 2853 2369 2923 gniﬁcans.
2407 2852 2863 2925 Quandoquidem
2920 2856 3087 2911 etiam
3119 2854 3289 2912 Jacob
3312 2857 3379 2913 de
3410 2857 3657 2924 Sichem,

2080 2954 2272 2999 contra
2334 2944 2503 2999 animi
2577 2946 2663 2999 sui
2696 2947 3058 3013 sententiam,
3095 2962 3124 3000 a
3157 2947 3414 3003 Simeone
3442 2959 3497 3002 et
3526 2947 3657 3005 Levi

2083 3032 2208 3090 ﬁliis
2244 3048 2459 3100 eversa,
2487 3049 2628 3105 quos
2684 3035 2930 3103 devovit,
2965 3037 3158 3091 relicta
3193 3037 3514 3094 haereditate
3554 3041 3656 3110 ipsi

405 3159 424 3188 ι
458 3106 559 3191 Ἦν
586 3106 973 3210 ἕλαὸονίφησὶ,
1115 3106 1254 3211 τόξῳ
1296 3106 1418 3209 μου,
1446 3157 1463 3189 ι
1494 3106 1685 3191 τδυτῶν
1718 3139 1847 3193 υἱῶν

2089 3121 2337 3195 losepho,
2400 3126 2477 3180 ita
2542 3125 2831 3196 loquitur:
2896 3146 2916 3180 ι
2984 3127 3156 3196 Quam
3210 3139 3473 3200 ceperunt
3525 3106 3659 3187 arcu

399 3229 517 3292 τοῦ,
552 3230 645 3281 καὶ
699 3230 850 3301 παρὰ
894 3228 1122 3301 γνώμην
1160 3230 1401 3300 γεγονὸς,
1467 3226 1836 3299 οἰκειούμενος
1884 3231 1976 3304 ἔρ-

438 3337 517 3373 ον.

438 3337 517 3373 ον.

400 3336 435 3386 γ
476 3413 559 3463 Οὐ
573 3410 662 3480 μὴ
695 3410 1025 3479 ἀποθάνῃς.
1053 3411 1282 3465 Διπλοῦν
1313 3412 1456 3466 κατὰ
1476 3415 1568 3466 τὸν
1605 3416 1764 3485 νόμον
1781 3413 1976 3483 ὤφειλε

349 3520 369 3540 ο
400 3501 654 3564 θάνατον,
689 3502 783 3553 ἐπὶ
810 3504 1025 3573 μοιχείᾳ
1085 3503 1181 3555 καὶ
1214 3503 1380 3573 φόνῳ,
1407 3506 1499 3561 τὸν
1529 3505 1586 3558 δὲ
1612 3507 1645 3576 ἡ
1678 3508 1775 3575 τῆς
1798 3506 1978 3575 ἁμαρ·

400 3592 521 3654 τίας
552 3591 812 3662 ὁμολογία
834 3596 1201 3665 παρήνεγκεν.

476 3769 857 3839 Πιιρώργισας
907 3770 1031 3838 τοῖς
1087 3773 1382 3838 ἐναντίοις
1448 3774 1680 3843 Κύριον.
1739 3777 1975 3841 Ἀκύλας

401 3860 751 3932 σαφέστερον,
776 3861 1153 3929 παρώξυνας,
1184 3864 1367 3934 φησὶν,
1401 3865 1544 3931 τοὺς
1574 3862 1830 3936 ἐχθροὺς
1861 3871 1975 3923 Κυ-

390 3952 549 4022 ρίου.
581 3951 896 4021 Γυμνωθεὶς
940 3954 1049 4024 γὰρ
1090 3956 1188 4022 τῆς
1236 3954 1387 4018 Θείας
1429 3957 1776 4028 κηδεμονίας,
1826 3977 1970 4030 παρ-

396 4043 658 4096 εσκεύασε
691 4044 816 4107 τοὺς
852 4044 1181 4112 ἀλλοφύλους
1223 4048 1401 4118 νικᾷν,
1445 4049 1540 4101 καὶ
1578 4049 1722 4117 μέγα
1752 4054 1972 4120 φρονεῖν

397 4136 539 4187 κατὰ
569 4134 660 4187 τοῦ
698 4133 808 4185 τῶν
856 4134 994 4187 ὅλων
1025 4134 1182 4189 Θεοῦ.
1218 4137 1565 4208 Προσήλυτος
1606 4137 1665 4215 δε
1692 4138 1894 4209 Οὐρίας
1921 4151 1967 4194 P.

394 4225 656 4277 Χετταῖον
681 4226 788 4297 γὰρ
819 4225 982 4279 αὐτόν
1014 4243 1179 4296 φησιν
1208 4228 1236 4279 ὁ
1260 4228 1411 4292 Θεός.

466 4316 572 4370 Καὶ
608 4319 639 4370 ὀ
671 4320 802 4381 υἱός
838 4332 977 4379 σου,
1010 4321 1043 4372 ό
1068 4320 1296 4389 τεχθείς
1325 4336 1445 4383 σοι,
1478 4321 1709 4390 θανάτῳ
1737 4325 1963 4378 ἀποθα-

2080 3232 2240 3284 meo;
2285 3238 2302 3271 ι
2334 3218 2551 3275 facinus
2575 3221 2811 3276 filiorum
2852 3237 3080 3277 suorum
3105 3263 3121 3287 ,
3156 3235 3348 3278 contra
3401 3227 3658 3280 volunta-

2072 3320 2183 3367 tem
2216 3327 2371 3366 suam
2405 3312 2610 3369 editum
2649 3316 2753 3370 sibi
2789 3316 3101 3372 ascribens.

2151 3405 2313 3461 Vsus.
2345 3406 2435 3462 15.
2457 3403 2583 3461 Νοη
2606 3409 3099 3480 morieris.Duplici
3124 3419 3322 3476 morte,
3354 3411 3658 3466 secundum

2076 3495 2273 3565 legem,
2303 3494 2616 3564 puniendus
2670 3504 2812 3554 erat.
2866 3497 3134 3563 Primum,
3188 3507 3416 3568 propter
3447 3499 3659 3553 adulte-

2073 3588 2215 3641 rium
2241 3604 2257 3654 ;
2292 3586 2513 3650 deinde,
2536 3598 2761 3659 propter
2787 3588 3169 3644 homicidium.
3195 3588 3468 3646 Caeterum
3506 3605 3646 3646 con-

2076 3676 2247 3732 fessio
2288 3686 2640 3751 peccatorum
2675 3694 2892 3749 pmnam
2922 3680 3227 3735 transtulit.

2148 3767 2316 3826 Vens.
2362 3771 2808 3827 “Adversarii:
2851 3769 3260 3844 [παρώργισας]
3288 3771 3512 3825 irritasti
3552 3775 3658 3827 Ilo-

2075 3860 2297 3913 minam.
2332 3861 2531 3930 Aquila
2563 3860 2780 3931 planius
2804 3848 2963 3924 dicit,
2990 3860 3336 3932 παρώξυνας,
3376 3859 3657 3917 Exacuisti

2075 3947 2247 4001 hostes
2281 3945 2514 4003 Domini.
2569 3947 2662 4001 Dei
2708 3947 3290 4017 enimprocuratione
3331 3950 3653 4015 destitutus,

2075 4038 2257 4095 eliecit
2313 4049 2368 4094 ut
2403 4038 2723 4110 alienigenae
2768 4040 3003 4095 victores
3036 4041 3356 4104 evaderent,
3384 4051 3436 4095 et
3465 4058 3654 4113 super-

2074 4133 2259 4188 birent
2296 4143 2490 4187 contra
2533 4130 2777 4187 universi
2832 4132 3201 4190 conditorem.
3260 4133 3422 4188 Urius
3471 4147 3648 4188 autem

2073 4225 2403 4296 proselytus.
2434 4221 2739 4278 Chettteum
2778 4225 2924 4278 enim
2964 4223 3107 4280 Deus
3141 4225 3402 4294 appellat.

2145 4310 2213 4365 Et
2251 4311 2396 4381 ﬁlius
2436 4320 2579 4377 tuus,
2612 4312 2703 4381 qui
2734 4312 2829 4365 tibi
2859 4321 3017 4365 natus
3039 4322 3137 4377 est,
3167 4315 3441 4366 morietur.
3477 4313 3647 4368 Filius

390 4404 599 4461 νεῖται.
628 4407 886 4478 Ἔλεγχος
926 4409 1034 4479 γὰρ
1192 4412 1535 4482 παρανομίας
1579 4385 1788 4482 ἐγίνετο
1834 4413 1963 4479 ζῶν.

2089 4401 2216 4455 enim
2279 4407 2562 4468 superstes
2622 4409 2985 4470 transgressa:
3060 4385 3216 4471 legis‘
3257 4412 3642 4473 argumentum

392 4497 669 4562 Εὐσεϐοῦς
696 4499 789 4552 οῦν
819 4499 1084 4570 βασιλέως
1113 4502 1410 4573 κηδόμενος
1441 4506 1469 4557 ὁ
1494 4504 1646 4569 Θεὸς,
1684 4507 1745 4559 τὸ
1778 4508 1967 4561 τούτου

392 4592 742 4661 παρήνεγκεν
772 4592 995 4657 ὄνειδος.

468 4682 626 4734 Ἤτοι
669 4683 947 4753 μοιχίδιον.
982 4684 1247 4748 Τοσοῦτος
1295 4686 1353 4739 δὲ
1400 4690 1429 4742 ὁ
1459 4689 1820 4759 καταϐληθεὶς
1867 4691 1966 4763 τῆς

394 4775 685 4844 μετανοίας
732 4776 980 4846 καρπὸς,
1032 4775 1107 4839 ὡς
1146 4776 1239 4829 καὶ
1294 4779 1614 4852 προπάτορα
1664 4782 1829 4835 αὐτὸν
1867 4784 1967 4852 τῆς

391 4866 534 4919 κατὰ
568 4868 746 4937 σάρκα
769 4870 1074 4938 γεννήσεως
1099 4868 1291 4925 ἑαυτοῦ
1315 4872 1379 4923 ἐκ
1403 4872 1609 4945 ταύτης
1639 4876 1965 4946 γεγενῆσθαι

388 4947 491 5027 τῆς
517 4958 797 5026 γυναικός.
829 4958 892 5013 C.
928 4957 993 5012 L.

461 5049 740 5103 Εὶεδίδια.
790 5051 1043 5117 Ἀκύλας,
1094 5052 1305 5107 ἕνεκεν
1348 5057 1590 5124 Κυρίου.
1644 5057 1963 5130 Σύμμαχος,
2004 5088 2017 5100 -

388 5140 479 5204 είς
511 5141 777 5203 βασιλέα
799 5141 1242 5213 ἀφωρισμένον.

460 5227 574 5281 Kal
602 5230 908 5299 διέπρισεν
938 5235 1008 5287 ἐν
1040 5238 1307 5304 πρίοσιν.
1340 5238 1455 5295 Οὐκ
1496 5238 1777 5310 ὠμότητος
1809 5240 1961 5311 τοῦρ-

388 5334 519 5389 γον,
570 5321 703 5374 ἀλλὰ
759 5324 969 5389 δικαίας
1024 5327 1234 5398 ποινῆς.
1273 5329 1393 5383 Τῶν
1439 5331 1550 5401 γὰρ
1592 5330 1960 5404 Ἰσραηλιτῶν,

496 5490 545 5525 ³⁸⁸
589 5492 749 5546 Ιῖοιιι.
775 5510 811 5551 ι.
851 5495 937 5549 ‘26.

2074 4500 2211 4546 erat.
2244 4490 2387 4547 Deus
2417 4492 2620 4561 itaque,
2647 4492 2719 4562 pii
2762 4492 2904 4563 regis
2933 4506 3120 4546 curam
3167 4507 3390 4563 gerens,
3424 4496 3649 4550 sustulit

2073 4583 2193 4653 ejus
2222 4582 2596 4653 opprobrium.
3224 4640 3226 4643 τ
3635 4584 3644 4594 ·

2142 4671 2380 4728 Puerum
2413 4672 2623 4729 scilicet
2659 4672 3049 4729 adulterinum.
3083 4670 3149 4726 Et
3178 4681 3361 4729 tantus
3392 4673 3497 4729 fuit
3527 4690 3647 4745 pm-

2073 4766 2320 4821 nitentiae
2366 4767 2575 4821 fructus
2605 4773 2666 4820 ut
2686 4780 2823 4822 avus
2869 4765 2984 4836 ipse
3025 4762 3232 4821 Chrisu
3269 4768 3645 4837 generationis

2066 4856 2366 4911 secundum
2398 4870 2620 4910 carnem
2656 4871 2723 4911 ex
2753 4850 2942 4911 eadem
2976 4855 3205 4912 muliere
3234 4866 3584 4915 nasceretur.

2133 5055 2365 5111 Iedidia.
2396 5055 2613 5127 Aquila,
2655 5066 2870 5129 propter
2903 5055 3217 5112 Dominum.
3251 5052 3639 5125 Symmachus,

2063 5158 2388 5221 segregatum
2420 5151 2474 5203 in
2510 5166 2699 5222 regem.
3416 5140 3419 5141 ν

2142 5239 2308 5294 Vens.
2351 5241 2440 5295 5i.
2481 5238 2782 5295 Combmsit
2821 5235 2979 5308 super
3009 5256 3206 5294 serrae.
3259 5236 3378 5293 Non
3411 5237 3645 5293 crudeli-

2071 5333 2201 5386 tatis
2232 5332 2326 5387 sed
2364 5331 2527 5401 ju'stae
2558 5346 2733 5401 paena:
2779 5344 2917 5400 opus
2964 5327 3088 5384 fuit.
3142 5320 3468 5384 Ammonius
3493 5328 3640 5384 enim

1693 5591 1931 5649 VARI/1‘3
1970 5592 2377 5651 LECTIONES.

460 5683 490 5729 ιι
512 5677 649 5733 Mali.-
672 5680 784 5733 lure
803 5696 1019 5752 quoque
1039 5683 1207 5738 codex
1235 5682 1484 5740 Laraleri
1521 5687 1810 5756 separatim
1847 5701 1873 5739 ιι
1910 5686 2381 5756 praecedentibus;
2415 5688 2572 5759 quasi
2593 5695 2793 5756 textus,
2823 5704 2933 5747 non
2970 5684 3219 5763 Procopii
3246 5692 3408 5749 verba
3430 5693 3667 5773 essetin,
