4018 6230
499 318 646 386 1135

1835 318 2187 379 PROCOPII
2234 319 2471 378 GAZEI

3591 317 3707 386 113B

499 434 896 494 lsraelitarum,
923 427 1373 501 quemadmodum
1404 429 1657 500 legimus,
1691 428 1915 486 dextros
1944 446 2075 485 ocu-

2184 433 2251 495 ὡς
2289 431 2556 501 ἔγνωμεν,
2618 430 2955 500 Ἀμμωνῖται
3003 430 3127 493 τοὺς
3181 429 3383 496 δεξιοὺς
3437 431 3711 502 ἐξώρυττον

502 526 585 580 los
624 525 908 579 eruebant.
953 522 1103 577 Alias
1147 536 1365 591 quoque
1408 521 1676 591 ejusmodi
1719 524 2073 579 crudelitates

502 617 819 672 exercuisse
849 622 1036 668 notum
1068 621 1152 667 est
1183 627 1249 667 ex
1275 612 1579 683 prophetis.

1028 704 1181 759 CAP.
1222 704 1291 760 x1
1354 704 1542 778 pum.

572 798 737 853 Vens.
777 799 831 852 '5.
860 794 1107 851 Ionadab
1149 797 1229 851 uir
1270 807 1383 851 erat
1429 797 1582 851 valde
1619 797 1872 866 prudens.
1906 796 2068 867 Atqui

490 892 748 960 iniquum
799 896 853 944 et
876 888 1142 958 iniustum
1171 888 1321 943 dedit
1349 890 1661 945 consilium.
1702 888 1917 944 Laudat
1941 905 2071 959 pru—

495 982 762 1043 dentiam,
810 980 913 1036 etsi
970 981 1110 1035 male
1150 996 1213 1035 ea
1268 997 1402 1035 usus
1457 981 1529 1035 sit
1579 979 2064 1050 (quemadmodum

503 1071 673 1125 etiam
729 1078 1036 1139 serpentem
1088 1067 1373 1136 Scriptura
1449 1066 1915 1136 sapientissimum
1973 1081 2072 1135 ap-

490 1166 709 1239 pellat),
741 1165 1098 1234 quamobrem
1153 1163 1281 1217 mali
1317 1160 1533 1217 consilii
1564 1173 1755 1228 poenas
1784 1157 2068 1228 persolvit.

504 1281 518 1305 ι
550 1257 686 1312 Nam
715 1256 960 1317 videbas,
1001 1253 1197 1323 inquit,
1233 1251 1425 1317 furem,
1445 1258 1498 1305 et
1533 1249 1794 1303 currebas
1831 1261 1955 1302 cum
1981 1263 2069 1310 eo,

488 1363 552 1406 et
586 1367 709 1404 cum
748 1348 996 1403 adultero
1028 1346 1237 1416 partein
1274 1351 1425 1396 tuam
1456 1338 1799 1411 ponebas'”.
1837 1356 1855 1387 ι

575 1438 741 1495 Vens.
768 1438 856 1493 18.
880 1437 1083 1492 Tunica
1100 1436 1314 1489 talaris.
1339 1426 2069 1504 Symttiachus,xstpt6méc,

499 1529 831 1583 utanuleata.
878 1526 1099 1595 Aquila,
1146 1522 1461 1594 καρπωτὸς,
1512 1518 1841 1583 manuleata,
1867 1516 1949 1570 vel
1981 1531 2072 1568 va-

434 1628 435 1631 ‘
500 1618 728 1687 riegata,
764 1631 861 1687 pro
896 1630 961 1669 eo
995 1613 1141 1682 quod
1172 1622 1275 1675 est,
1311 1611 1527 1665 fructus
1560 1611 1801 1681 intextus
1843 1606 2067 1662 habens.

500 1709 675 1764 llodie
732 1706 1073 1778 plumaricon
1131 1704 1432 1774 appellant.
1487 1699 1785 1771 Iosephus,
1817 1699 1883 1753 ad
1934 1696 2072 1751 talos

496 1814 673 1869 usque
702 1798 1022 1858 demissam,
1051 1795 1320 1849 nominat.

572 1892 736 1947 Vens.
778 1890 868 1945 57.
910 1884 992 1941 Ad
1030 1884 1261 1940 Tholmi.
1291 1883 1370 1937 Ad
1403 1898 1564 1938 avum
1600 1891 1905 1936 maternum
1939 1893 2072 1949 pro-

497 1985 659 2057 fugit.
690 1978 876 2035 Maacli
918 1974 1085 2039 enim,
1117 1982 1294 2028 mater
1320 1973 1512 2042 ipsius,
1553 1970 1653 2026 fuit
1688 1970 1797 2024 lilia
1831 1967 2074 2025 Tholmi.

490 2076 589 2147 qui
619 2072 907 2143 imperium
940 2065 1118 2120 tenuit
1153 2065 1208 2117 in
1238 2062 1464 2119 Gessur.

1015 2155 1171 2213 CAP.
1211 2155 1308 2210 xu
1369 2153 1561 2229 [XIV].

574 2255 736 2311 Vens.
779 2255 830 2308 7.
875 2250 943 2305 Et
988 2249 1290 2304 occidamus
1341 2265 1459 2303 eum
1503 2263 1600 2317 pro
1658 2249 1839 2303 animo
1888 2248 2075 2317 fratris

499 2348 607 2404 sui.
640 2345 898 2400 Lateuter
945 2339 1124 2395 innuit
1160 2337 1441 2404 Davidem,
1479 2340 1571 2408 qui
1620 2354 1795 2409 neque
1832 2337 1898 2392 de
1944 2339 2075 2391 Am-

498 2455 661 2496 mone
686 2450 879 2507 ptenas
902 2432 1159 2502 sumpsit,
1184 2446 1362 2501 neque
1407 2431 1722 2486 Absalomis
1757 2431 2074 2486 maestitiam

494 2531 727 2604 depulit,
755 2541 919 2591 nunc,
973 2530 1192 2595 peracta
1225 2537 1305 2589 re,
1346 2536 1468 2593 quae
1503 2523 1700 2576 mutari
1734 2510 2073 2592 nou'possit,

496 2623 702 2678 frustra
741 2618 928 2673 irasci.

568 2711 736 2767 Vens.
770 2709 863 2764 20.
930 2706 998 2762 Ut
1044 2714 1262 2762 verteret
1316 2704 1509 2773 facient
1576 2703 1835 2757 sermonis
1891 2700 2071 2770 hujus.

492 2802 809 2872 Quomodo,
842 2800 1038 2870 inquit,
1070 2810 1223 2868 putes
1270 2797 1439 2850 lilium
1472 2810 1652 2849 meum
1697 2810 1727 2848 a
1762 2795 1907 2849 cmde
1936 2795 2074 2848 libe-

497 2913 644 2959 rare,
697 2909 820 2947 cum
866 2888 1033 2945 ﬁlium
1082 2897 1239 2942 tuum
1286 2903 1397 2942 non
1456 2886 1729 2940 reducas?
1780 2886 1883 2938 hoc
1929 2885 2072 2939 enim

498 2987 648 3042 illius
700 2985 801 3049 rei,
838 2981 1033 3050 inquit,
1087 2979 1189 3034 erit
1241 2978 1575 3048 exetnplum.
1629 2975 1686 3031 Si
1746 2976 1915 3030 lilium
1967 2990 2073 3030 non

2174 523 2507 594 ὀφθαλμούς.
2556 523 2665 575 Καὶ
2697 521 2795 585 τὰς
2829 521 2992 586 ἄλλας
3041 522 3096 574 δὲ
3128 521 3332 575 τούτων
3364 521 3637 594 ὠμότητας
3671 524 3715 578 ol

2175 615 2455 687 προφῆται
2488 615 2818 669 διδάσκουσι.

2770 707 2811 756 Κ
2824 705 3017 756 ΕΦΑΛ.
3061 702 3160 758 IA’.

2246 794 2354 847 Kal
2383 793 2676 849 Ἰωνάδαϐ
2711 793 2867 863 ἀνὴρ
2927 796 3217 864 φρόνιμος
3259 794 3511 864 σφόδρα.
3545 796 3722 850 Καίτοι

2174 888 2466 960 παράνομα
2503 886 2946 940 συνεϐούλευσεν.
2989 886 3233 939 Ἐπαινεϊ
3264 887 3357 940 οὖν
3388 889 3487 950 τὰς
3515 888 3723 958 φρένας,

2174 981 2222 1031 εί
2260 980 2355 1031 καὶ
2401 978 2586 1041 κακῶς
2623 981 2827 1042 ἐκεῖνος
2857 978 3048 1038 αὑταῖς
3079 977 3367 1049 ἐχρήσατο,
3412 977 3488 1040 ὡς
3526 978 3617 1031 κού⁵
3645 979 3727 1031 τὸν

2173 1068 2294 1137 ὄφιν
2326 1068 2737 1140 φρονιμώτατον
2768 1082 2933 1137 φησιν
2974 1070 3007 1138 ἡ
3057 1068 3271 1139 Γραφή.
3310 1068 3606 1139 Τοιγαροῦν
3647 1070 3729 1121 καὶ

2172 1162 2270 1230 τῆς
2287 1160 2463 1229 κακῆς
2481 1159 2787 1230 συμϐουλῆς
2812 1160 2957 1214 ἔτισε
2986 1160 3163 1223 δίκας.
3195 1179 3213 1210 ‹
3242 1160 3302 1212 El
3325 1159 3580 1228 ὲθεώρεις
3607 1160 3725 1229 γὰρ,

2173 1252 2309 1321 φησὶ
2333 1292 2348 1316 ,
2395 1251 2658 1321 κλέπτην,
2702 1250 3024 1321 συνέτρεχες
3052 1251 3224 1322 αὐτῷ,
3254 1252 3347 1304 καὶ
3380 1252 3523 1304 κατὰ
3556 1249 3730 1321 μοιχοῦ

2172 1343 2273 1413 τὴν
2315 1343 2508 1414 μερίδα
2543 1361 2635 1395 σου
2676 1341 2898 1405 ἐτίθεις.
2944 1361 2963 1393 ι

2240 1432 2430 1488 Χιτὼν
2473 1435 2956 1503 ἀστραγαλωτός.
3012 1434 3329 1504 Σύμμαχος,
3386 1435 3731 1503 χειριδωτός.

2185 1522 2438 1588 Ἀκύλας,
2474 1524 2804 1591 καρπωτός.
2827 1522 2974 1576 Ἀντὶ
3011 1522 3132 1588 τοῦ,
3170 1525 3416 1594 καρποὺς
3445 1524 3732 1594 ἐνυφασμέ-

2173 1631 2297 1678 νους
2329 1615 2486 1685 ἔχων.
2527 1616 2590 1669 Ol
2618 1613 2716 1668 νῦν
2749 1614 2807 1669 δὲ
2856 1615 3018 1668 αὐτὸν
3074 1614 3303 1669 καλοῦσι
3351 1615 3734 1688 πλουμαρικὸν.

2188 1707 2248 1759 '0
2292 1707 2351 1761 δὲ
2407 1705 2690 1778 Ἰώσηπος,
2738 1707 2827 1760 τὸν
2880 1709 3041 1779 μέχρι
3091 1707 3201 1761 τῶν
3260 1707 3622 1778 ἀστραγάλων
3667 1706 3737 1760 δι-

2104 1772 2149 1829 B
2177 1798 2400 1871 ήκοντα.

2246 1890 2405 1958 Πρὸς
2447 1891 2731 1959 Θολομμί.
2779 1890 2926 1962 Πρὸς
2975 1889 3067 1945 τὸν
3112 1891 3336 1946 πάππον
3377 1889 3609 1960 ἀπέδρα,
3657 1886 3737 1941 τὸν

2177 1982 2317 2052 πρὸς
2355 1980 2578 2052 μητρός.
2616 1981 2782 2052 Μαάχ
2820 1983 3007 2054 γάρ,ή
3058 1984 3242 2054 μήτηρ
3276 1981 3467 2047 αὑτοῦ,
3506 1980 3737 2052 θυγάτηρ

2174 2067 2243 2144 ἦν
2268 2070 2362 2125 τοῦ
2392 2070 2658 2141 Θολομμὶ,
2692 2071 2750 2137 ὃς
2776 2073 2873 2144 τῆς
2902 2073 3102 2142 Γεσσὶρ
3124 2071 3503 2126 ἐϐασίλευσεν.

2759 2162 3013 2216 ΚΕΦΑΔ.
3051 2159 3152 2216 IB'.
3751 2202 3761 2216 .

2248 2253 2360 2306 Kal
2397 2254 2821 2323 θανατώσομεν
2846 2253 3051 2319 αὐτὸν,
3089 2251 3222 2307 ἀντὶ
3253 2248 3362 2319 τῆς
3406 2249 3608 2321 ψυχῆς
3645 2237 3763 2303 τοῦ’

2175 2344 2446 2412 ἀδελφοῦ
2508 2345 2720 2399 αὐτοῦ.
2756 2344 3064 2398 Αίνίττεται
3095 2341 3188 2395 τὸν
3240 2342 3431 2409 Δαόὶδ,
3488 2343 3624 2413 μήτε
3659 2341 3741 2394 τὸν

2189 2437 2415 2505 ’Δμμὼν
2451 2437 2783 2498 κολάσαντα,
2817 2439 2952 2507 μήτε
2982 2435 3078 2489 τοῦ
3101 2433 3469 2503 Ἀὁεσσαλὼμ
3499 2434 3597 2504 τὴν
3625 2431 3743 2486 ἀθυ-

2180 2527 2311 2597 μίαν
2343 2527 2811 2593 ἀποσκεδάσαντα,
2842 2526 3148 2597 ἀνηκέστου
3186 2525 3245 2577 δὲ
3284 2523 3382 2577 τοῦ
3434 2525 3744 2596 πράγματος

2178 2618 2462 2687 γεγονότος
2489 2617 2746 2686 διακενῆς
2776 2616 2963 2687 ὁργιζό
2971 2632 3150 2685 μενον.
3454 2612 3459 2617 ’

2247 2710 2358 2764 Kal
2386 2709 2455 2763 ἐκ
2478 2700 2583 2763 to?)
2616 2707 2941 2777 παρελθεῖν
2982 2707 3093 2760 τὸν
3127 2704 3399 2771 ,βασιλέα
3437 2704 3547 2758 τὸν
3571 2704 3744 2772 λόγον

2176 2800 2409 2854 τοῦτον.
2461 2800 2583 2863 Πῶς
2637 2800 2861 2854 δύνασαι
2888 2809 2938 2865 τι,
2984 2799 3138 2869 φησι,
3185 2799 3276 2851 τὸν
3326 2797 3447 2850 υίὸν
3498 2812 3597 2866 μου
3656 2793 3745 2862 τῆς

2179 2895 2395 2963 σφαγῆς
2428 2891 2758 2959 ἀπαλλάξαι,
2794 2891 2870 2964 μὴ
2912 2892 3277 2960 ἐπαναγαγὼν
3318 2906 3418 2941 σου
3467 2889 3559 2943 τὸν
3605 2888 3741 2946 υίὸνς

2177 2986 2353 3038 ἐκεῖνο
2378 2985 2510 3055 γὰρ,
2542 2986 2728 3056 φησιν,
2769 2985 2923 3038 ἔσται
2952 2983 3145 3038 τούτου
3195 2980 3572 3053 παράδειγμα.
3606 2980 3664 3031 El
3693 2976 3744 3030 δὲ

498 3077 759 3138 reducas,
807 3070 1006 3135 tribus,
1067 3068 1315 3124 idoneam
1369 3068 1632 3122 trahentes
1685 3080 1935 3132 causam,
1995 3066 2071 3118 tui

2185 3077 2280 3146 μὴ,
2308 3072 2673 3143 ἀντιλέξουσιν
2699 3078 2748 3129 οἱ
2780 3075 3024 3145 φυλέται,
3051 3074 3273 3144 εὖλογον
3297 3074 3519 3144 ἔχοντες
3553 3069 3740 3129 αίτίαν,

501 3169 597 3223 lilii
633 3165 838 3237 fugam,
897 3161 990 3217 tibi
1028 3160 1449 3216 contradicturre
1495 3168 1645 3215 sunt.
1683 3158 1829 3214 Cave
1885 3159 2074 3228 igitur,

500 3277 569 3314 ne
591 3260 789 3328 populo
826 3254 1040 3309 Domini
1068 3253 1229 3307 talem
1254 3267 1444 3306 ansam
1474 3249 1803 3321 obloquendi
1836 3248 2076 3304 dederis.

500 3350 708 3405 Deinde
760 3348 827 3402 de
880 3354 1052 3399 morte
1106 3342 1420 3399 Absalomis
1496 3356 1677 3410 regem
1734 3340 2077 3396 consolatur.

489 3436 971 3508 Quemadmodum
1021 3434 1165 3489 enim
1211 3447 1348 3503 aqua
1408 3430 1579 3487 elfusa
1634 3447 1741 3487 non
1783 3431 2077 3501 colligitur,

500 3537 576 3589 ita
603 3533 714 3604 jam
764 3536 1013 3583 mortuus
1060 3540 1166 3580 non
1215 3534 1482 3594 resurget.
1526 3523 1636 3579 Cur
1682 3525 1852 3594 igitur
1884 3538 2080 3594 super-

502 3628 630 3683 stite
658 3623 824 3678 etiam
850 3618 1053 3690 privari
1089 3616 1419 3672 contendis?

573 3715 735 3788 525
802 3711 867 3767 Ut
915 3694 1079 3781 facies
1131 3708 1569 3762 circumdantur.
1609 3707 1844 3769 Directe,
1881 3706 2081 3776 inquit,

503 3811 814 3882 supplicare
842 3820 951 3860 non
1002 3805 1219 3869 licebat,
1268 3802 1411 3855 unde
1457 3801 1733 3870 suggessit
1768 3800 1923 3864 mihi,
1959 3800 2078 3853 illo-

502 3917 624 3956 rum
665 3897 956 3953 verborum
1013 3893 1341 3948 circuitione
1388 3906 1526 3960 opus
1573 3905 1717 3955 esse,
1770 3897 1828 3943 ut
1858 3889 1912 3942 in
1956 3888 2081 3942 (icto

487 4010 635 4049 casu
664 3989 944 4062 proprium
978 4001 1231 4050 cernens,
1266 3998 1407 4044 eam;
1444 3998 1606 4051 quam
1642 3982 1773 4035 mihi
1816 3980 2079 4036 medelam

490 4087 761 4143 .adhibere
792 4081 1038 4143 voluisti,
1067 4078 1165 4131 tibi
1199 4078 1306 4147 ipsi
1330 4075 1618 4130 adhibeas.

1019 4169 1172 4225 CAP.
1214 4166 1327 4221 xm
1391 4164 1555 4239 [XV].

578 4266 742 4323 Vens.
801 4265 890 4320 95.
952 4262 1129 4316 Reduc
1183 4276 1366 4314 arcam
1419 4257 1638 4311 Domini
1691 4256 1747 4310 in
1811 4254 2090 4326 oppidum.

488 4359 961 4430 Quandoquidem
996 4355 1306 4427 religiosus,
1334 4361 1387 4407 et
1423 4350 1687 4422 propheta
1734 4357 1874 4414 erat,
1923 4349 2084 4404 intel-

2180 3166 2274 3220 τοῦ
2311 3168 2406 3221 σοῦ
2446 3166 2637 3231 παιδὸς
2673 3168 2772 3238 τὴν
2806 3168 3004 3237 φυγήν.
3040 3165 3137 3238 Μὴ
3176 3165 3282 3237 δῷς
3317 3161 3439 3225 οὖν,
3487 3164 3636 3233 φησὶ,
3675 3158 3744 3228 τῷ

2178 3259 2291 3331 λαῷ
2323 3259 2419 3313 τοῦ
2443 3260 2653 3331 Κυρίου
2682 3258 2940 3331 τοιαύτην
2959 3258 3270 3326 ἀντιλογίας
3299 3258 3597 3328 πρόφασιν.
3628 3248 3745 3306 Εἶτα

2182 3353 2310 3423 περὶ
2364 3350 2458 3405 τοῦ
2514 3352 2839 3422 τεθνηκότος
2885 3350 2975 3403 τδν
3025 3349 3247 3419 βασιλέα
3277 3347 3622 3419 ψυχαγωγεῖ.
3667 3343 3744 3406 Ὦς

2184 3442 2292 3512 γὰρ
2315 3441 2460 3514 ὕδωρ
2500 3441 2732 3513 ἐκχυθὲν
2759 3442 2818 3492 ού
2852 3440 3167 3507 συνάγεται,
3198 3439 3370 3503 οὕτως
3403 3440 3503 3493 ούκ
3535 3434 3745 3517 ἀναστῇς

2182 3551 2337 3586 σεται
2380 3532 2680 3598 τεθνηκώς.
2723 3531 2789 3584 Τί
2819 3527 2912 3585 οὖν
2953 3530 3176 3585 καὶτοῦ
3208 3529 3412 3595 ζῶντος
3453 3530 3741 3597 ἀποστερηο

2184 3623 2346 3692 θῆναι
2376 3621 2703 3691 φιλονεικεῖς
2727 3637 2742 3686 ;

2257 3713 2452 3776 Ὅπως
2476 3708 2766 3778 κυκλώσῃ
2791 3709 2859 3763 τὸ
2888 3708 3215 3778 πρόσωπόν
3232 3723 3371 3763 σου.
3406 3707 3498 3773 Ἐξ
3523 3702 3739 3766 εὐθείας,

2183 3805 2371 3875 φησιν,
2403 3802 2505 3854 οὐκ
2535 3796 2604 3872 ἦν
2634 3801 2913 3855 ίκετεῦσαί
2947 3818 3027 3856 σε.
3056 3800 3217 3853 Ὅθεν
3242 3799 3476 3853 ὑπέθετό
3503 3813 3590 3866 μοι
3622 3792 3742 3865 χρή·

2183 3894 2382 3949 σασθαι
2409 3892 2486 3963 τῷ
2521 3891 2706 3963 κύκλῳ
2747 3892 2857 3946 τῶν
2886 3892 3060 3960 λόγων
3091 3891 3317 3955 τούτων,
3352 3890 3438 3942 ἵνα
3478 3890 3537 3941 ἐν
3557 3886 3631 3956 τῷ
3653 3899 3738 3936 πε-

2184 3986 2517 4058 πλανημένῳ
2550 3984 2716 4039 πάθει
2759 3986 2821 4038 τὸ
2872 3986 3070 4038 οἰκεῖον
3105 3981 3251 4047 ίδὼν,
3286 3981 3354 4053 ἢν
3375 3980 3597 4051 ἔμελλες
3635 3978 3738 4029 im-

2182 4080 2389 4134 τιθέναι
2412 4078 2708 4148 θεραπείαν
2734 4077 2878 4147 ἐμοὶ,
2905 4076 3112 4145 ταύτην
3143 4073 3342 4146 ἐπιθῇς
3374 4070 3607 4143 σεαυτῷ.

2773 4168 3024 4222 ΚΕΦΑΛ.
3070 4167 3158 4220 II".

2259 4269 2681 4334 Ἀπόστρεψον
2710 4262 2830 4331 τὴν
2853 4260 3106 4315 κιϐωτὸν
3133 4257 3284 4313 Θεοῦ
3306 4259 3396 4325 εις
3420 4254 3534 4323 τὴν
3554 4255 3734 4308 πόλιν.

2187 4360 2298 4414 Καὶ
2334 4356 2564 4426 εὐσεϐὴς
2592 4355 2688 4417 ὢν,
2723 4354 2818 4408 καὶ
2845 4353 3151 4425 προφήτης,
3192 4348 3308 4419 ᾔδει
3340 4349 3394 4401 τί
3427 4343 3677 4400 πέπονθεν
3706 4340 3733 4406 ἡ

490 4452 727 4521 ligebat,
783 4452 836 4504 in
892 4456 1159 4519 quantum
1205 4443 1534 4515 periculum,
1588 4455 1712 4496 arca
1760 4442 1973 4506 relicta,
2024 4441 2077 4494 in

2185 4446 2438 4511 κιϐωτὸς,
2486 4441 2875 4512 εἰς’τιμωρίαν
2926 4440 3035 4492 τῶν
3094 4436 3431 4507 παρανόμων
3473 4433 3730 4505 ληφθεῖσα.

504 4552 721 4611 poenam
753 4547 1223 4609 transgressorum
1265 4536 1405 4608 legis
1458 4533 1769 4590 incidisset.
1806 4530 1888 4586 llli
1933 4533 2080 4586 enim

502 4652 534 4685 υ
564 4630 743 4686 medio
769 4629 971 4686 sublati
995 4637 1176 4694 erant,
1201 4628 1321 4698 ipsa
1350 4641 1474 4682 arca
1502 4625 1693 4680 relicta
1717 4624 1821 4680 l‘uit
1846 4625 2081 4694 captiva.

490 4723 636 4778 alla-c
665 4723 830 4795 igitur
860 4724 1045 4776 animo
1073 4722 1321 4785 volvens,
1350 4734 1471 4774 eam
1514 4718 1700 4773 reduci
1734 4716 1930 4773 voluit.
1962 4715 2084 4787 ipse

505 4816 656 4870 enim
698 4817 751 4868 in
784 4812 1047 4867 comitatu
1086 4827 1189 4866 suo
1229 4822 1414 4865 arcam
1460 4808 1604 4865 ferre
1645 4822 1755 4863 non
1783 4807 1979 4878 potuit,
2020 4821 2087 4862 eo

507 4902 654 4972 quod
686 4901 896 4972 legibus
924 4899 992 4954 de
1020 4897 1294 4955 adulterio
1332 4907 1387 4951 et
1440 4895 1741 4950 homicidio
1787 4902 2082 4950 teneretur.

504 5016 536 5049 4
580 4995 869 5067 innoxium
895 4991 1067 5058 enim,
1114 4988 1249 5045 dicit
1299 4990 1407 5051 lex,
1459 4999 1513 5043 et
1554 4987 1765 5055 justum
1802 5002 1917 5043 non
1940 4988 2089 5041 occi-

432 5078 447 5085 ”
510 5089 608 5152 des
636 5086 707 5141 ".
745 5106 764 5139 ι
800 5084 1030 5151 Quando
1070 5095 1222 5145 vero,
1279 5080 1460 5151 inquit
1506 5079 1808 5148 legislator,
1863 5081 2085 5133 oculum

497 5176 761 5248 ,purgarit
787 5174 983 5229 animae
1034 5187 1188 5235 meze,
1241 5180 1372 5225 tunc
1412 5169 1667 5224 decorem
1709 5165 1852 5222 arcae
1904 5167 2090 5223 videre

492 5269 727 5337 'potero.

577 5422 650 5455 "‘
698 5420 843 5476 Psal.
878 5435 1024 5483 χιιι,
1064 5420 1152 5474 18.
1226 5420 1269 5450 ’τ
1315 5415 1486 5470 Exod.
1524 5429 1682 5475 χχιιι,
1714 5416 1763 5468 7.

2202 4539 2429 4592 Ἐκεῖνοι
2460 4537 2558 4607 μὲν
2586 4535 2694 4604 γάρ
2743 4532 3111 4603 ἀνῃρέθησαν,
3139 4527 3278 4600 αὕτη
3326 4527 3384 4582 δὲ
3425 4524 3733 4598 δορυάλωτος

2191 4628 2473 4698 εἴληπται.
2501 4624 2689 4679 Ταῦτα
2721 4621 3061 4691 διανοηθεὶς,
3094 4614 3517 4690 ἀποστραφῆναι
3555 4610 3731 4674 ταύτην

2190 4720 2445 4790 ἠξίωσεν,
2477 4717 2553 4780 ὡς
2601 4715 2721 4784 μεθ’
2744 4712 2941 4767 ἑαυτοῦ
2995 4713 3072 4783 μὴ
3109 4710 3408 4780 δυνάμενος
3449 4703 3733 4790 περιφέρειν

2191 4781 2284 4864 τδν
2319 4808 2428 4861 τῶν
2464 4781 2690 4878 μοιχιῗιν,
2718 4807 2812 4858 καὶ
2859 4781 3087 4873 φονέιον,
3127 4801 3437 4871 κατήγορον
3470 4797 3642 4864 νόμον,
3665 4781 3731 4849 οἷς

2194 4896 2495 4973 ἔνοχος-ἦν.
2533 4918 2552 4950 ι
2599 4897 2806 4952 ’Δθῶον
2848 4894 2958 4964 γὰρ
3010 4888 3105 4947 καὶ
3142 4891 3348 4945 δίκαιον
3379 4891 3479 4944 οὐκ
3531 4886 3731 4939 ἀπατε-

2193 4995 2324 5056 νεῐς.
2367 5012 2386 5044 ι
2423 4992 2594 5046 Ὅταν
2631 4988 2711 5054 δὲ,
2764 4987 2947 5056 φησιν·
2977 4988 3005 5040 ὁ
3044 4982 3365 5053 νομοθέτης,
3410 4978 3616 5050 καθάρῃ
3647 4983 3728 5040 μην

2191 5073 2396 5154 τδῧτῆς
2420 5081 2601 5153 ψυχῆς
2621 5077 2921 5150 ὀφθαλμὸν,
2949 5075 3072 5130 τότε
3102 5075 3404 5145 δυνήσομαι
3433 5069 3527 5142 τὴν
3564 5057 3727 5132 εὐπρέ-

2197 5192 2358 5230 πειαν
2386 5173 2592 5245 ταύτης
2622 5171 2770 5227 ἰδεῖν.

1786 5557 2023 5614 ΥΑΒΙᾸΞ
2052 5551 2464 5611 LECTIONES.

570 5685 600 5726 τ
628 5676 774 5737 Haec.
804 5693 901 5730 ceu
937 5687 1115 5733 textus
1143 5680 1328 5741 verba,
1366 5679 1421 5731 in
1457 5688 1648 5730 nostra
1672 5687 1723 5729 et
1765 5673 2013 5726 Lavateri
2052 5670 2241 5724 codice
2264 5681 2525 5741 expressa
2559 5669 2747 5727 erant;
2778 5675 2900 5716 cum
2932 5657 3184 5729 Procopii
3212 5664 3390 5711 tamen
3417 5662 3549 5714 esse,
3572 5635 3716 5709 will"

502 5745 787 5801 cntionem
821 5763 974 5801 suam
1002 5737 1396 5815 contmuantis,
1428 5763 1537 5800 non
1570 5749 1640 5801 sit
1673 5743 1897 5800 dubium
1933 5741 2150 5811 ;itaque
2178 5737 2575 5795 restituendum
2602 5746 2828 5789 censeo.
