4018 6230
457 425 473 441 ο
500 397 636 464 1139

1792 415 2144 478 PROCOPII
2178 417 2423 480 GAli-EI

3601 419 3717 484 mo

496 528 566 606 ne
594 521 790 568 natura
824 523 1117 590 utrumque
1164 521 1506 587 conciliaret,
1553 533 1607 580 et
1659 528 1726 582 ad
1765 528 2075 586 faciendum

2179 533 2284 602 γὰς
2317 535 2660 606 ἀμφοτέρους
2691 535 2722 604 ή
2751 533 2933 603 φύσις,
2969 532 3061 586 καὶ
3088 533 3213 606 τίσῃ
3249 531 3399 596 δίκας
3425 533 3521 604 τῆς
3551 537 3723 605 #:9060-

495 599 678 658 i‘tedus
707 607 1027 675 impelleret,
1067 615 1122 663 et
1154 609 1270 678 ipse
1307 613 1637 681 proditionis
1675 633 1869 683 poenas
1894 621 2070 676 darei.

494 693 864 755 Nihilominus
929 708 1110 758 tamen
1181 718 1400 774 plenam
1479 725 1589 764 non
1665 711 1886 784 effugit,
1952 715 2070 779 sed.

465 799 621 849 .eum
681 788 848 844 lilium
893 790 948 844 in
991 801 1198 862 patrem
1245 809 1534 864 armasset,
1575 802 1678 856 sibi
1725 804 1827 873 ipsi
1877 819 2072 860 manus

496 879 700 931 attulit.
743 921 756 933 .

987 972 1142 1030 CAP.
1187 975 1284 1033 xv
1357 977 1568 1054 [XVII].
1609 1017 1620 1022 -

565 1055 874 1119 Notandum
913 1069 1059 1138 quod
1109 1070 1198 1126 hic
1231 1073 1451 1142 quidem
1493 1074 1662 1130 Chusi
1695 1087 1853 1130 vocat
1893 1078 2060 1132 ﬁlium

493 1155 726 1220 Araclii,
755 1158 882 1212 dum
922 1161 974 1214 in
1023 1163 1386 1233 inscriptione
1433 1169 1628 1235 psalmi
1687 1169 1866 1223 octavi
1924 1170 2070 1224 ﬁlius

488 1248 724 1306 Jemiuei
760 1253 986 1308 dicitur.
1023 1256 1214 1311 Nonne
1247 1257 1500 1324 forsitan,
1525 1263 1656 1330 quia
1679 1277 1930 1332 ina-gnam
1959 1267 2071 1317 for-

492 1343 785 1398 titudinem
817 1355 870 1400 et
891 1349 1278 1403 strenuitatem
1309 1365 1376 1404 ex
1408 1351 1666 1406 amicitiae
1692 1353 1876 1406 habitu
1909 1367 2069 1409 acce-

493 1443 669 1498 perat,
699 1435 819 1490 ideo
845 1438 996 1492 illum
1028 1439 1164 1492 dicit
1196 1440 1364 1495 ﬁlium
1383 1441 1633 1505 Jeminei,
1682 1444 1735 1498 id
1763 1453 1868 1510 est,
1896 1447 2065 1501 lilium

491 1523 770 1580 dexterae?
795 1526 1085 1597 Sapienter
1118 1539 1299 1586 autem
1339 1531 1506 1586 David
1543 1533 1660 1586 viro
1688 1537 1892 1602 potenti
1929 1551 2065 1606 pru-

491 1617 709 1670 dentem
761 1617 938 1670 virum
987 1621 1268 1689 opposuit.
1308 1622 1608 1677 Prudentia
1645 1625 1792 1677 enim
1837 1627 2069 1683 validior

491 1719 570 1762 est
609 1711 877 1780 potentia.
925 1711 1175 1768 Potentia
1220 1716 1340 1770 sine
1375 1717 1670 1786 prudentia
1719 1717 1944 1787 perdere
1965 1735 2067 1774 no-

488 1805 568 1854 vit
594 1816 688 1856 eos
721 1805 813 1870 qui
858 1805 912 1858 in
945 1821 1008 1860 ea
1049 1807 1359 1863 conlidunt.

2180 627 2321 692 σίας.
2353 629 2542 698 Ὅμως
2573 627 2670 699 τὴν
2698 627 2858 696 δίκην
2886 627 2989 679 οὐκ
3017 625 3236 694 ἔφυγεν,
3281 627 3440 682 παῖδα
3468 628 3563 698 μὲν
3593 631 3722 684 ὁπλί-

2181 733 2280 776 σας
2310 720 2452 772 κατά
2482 715 2712 789 πατρὸς,
2731 716 2894 780 αὐτὸς
2923 717 2980 770 δὲ
3005 717 3096 785 ὑφ’
3121 716 3316 770 ἑαυτοῦ
3339 717 3619 788 δεξάμενος
3640 722 3726 790 τὴν

2179 809 2414 882 πληγήν.

2754 984 3008 1038 ΚΕΦΑΛ.
3061 984 3162 1038 1Ε¹.

2249 1076 2592 1144 Σημειωτέον
2627 1075 2704 1134 δὲ.
2733 1077 2816 1129 ὅτι
2841 1073 3080 1130 ἐνταῦθα
3118 1075 3219 1145 μὲν
3245 1075 3360 1128 υίδν
3396 1075 3588 1144 Ἀραχὶ
3603 1075 3734 1144 λέγει

2173 1165 2265 1220 τὸν
2293 1167 2482 1230 Χουσὶ,
2523 1166 2580 1218 ἐν
2610 1165 2668 1219 δὲ
2701 1169 2766 1236 τῇ
2799 1167 3078 1237 ἐπιγραφῇ
3111 1163 3204 1218 τοῦ
3253 1164 3487 1234 ἑϐδόμου
3513 1164 3734 1234 ψαλμοῦ,

2174 1260 2288 1312 υἱὸν
2319 1258 2564 1328 Ίεμενεί.
2591 1256 2684 1328 Μή
2705 1275 2838 1311 ποτε
2862 1255 2976 1322 οὖν,
2995 1258 3186 1328 ἐπειδὴ
3211 1256 3456 1328 μεγάλην
3475 1258 3738 1326 ἀριστείαν

2173 1352 2266 1404 καὶ
2313 1348 2679 1422 ἀνδραγαθίαν
2705 1352 2770 1404 ὲκ
2799 1349 2893 1404 τοῦ
2931 1349 3060 1420 περὶ
3109 1348 3206 1420 τὴς
3251 1349 3437 1416 φιλίας
3491 1367 3740 1419 σχηματιο

2175 1442 2313 1512 σμοῦ
2343 1441 2664 1506 ἐνεδείξατο,
2711 1440 2800 1494 διὰ
2832 1441 2990 1495 τοῦτο
3037 1441 3153 1503 υἱδς
3194 1441 3444 1511 Ἰεμενεὶ,
3479 1442 3740 1493 τουτέστιν

2171 1533 2288 1596 υίὸς
2331 1533 2544 1598 deﬁcis;
2577 1533 2878 1603 Πανσόφως
2913 1533 2969 1586 δὲ
2992 1535 3020 1587 ό
3053 1533 3218 1588 Δαόὶδ
3255 1533 3334 1602 τῷ
3361 1532 3571 1602 συνετῷ
3597 1543 3620 1570 ι’
3658 1533 3740 1586 τὸν

2176 1625 2395 1679 συνετὸν
2429 1623 2747 1694 ἀντέστησε.
2790 1624 3016 1688 Σύνεσις
3058 1623 3168 1694 γὰρ
3222 1624 3554 1694 ίσχυροτέρα
3597 1623 3742 1676 δυνά-

2175 1733 2353 1788 μεως·
2405 1718 2438 1788 ἡ
2489 1715 2546 1768 δὲ
2571 1715 2798 1784 δύναμις
2839 1716 2967 1770 ἀνευ
3002 1715 3270 1779 συνέσεως
3303 1715 3599 1770 ἀπολλύειν
3645 1709 3741 1768 οῐδε

2170 1809 2296 1870 τοὺς
2327 1807 2498 1880 ταύτῃ
2519 1807 3021 1878 ἐπιθαρσήσαντας.
3487 1807 3551 1862 C.
3581 1806 3640 1862 L.

565 1891 728 1950 Vens.
771 1895 856 1948 14.
899 1895 968 1950 Et
993 1895 1252 1954 Dominus
1289 1901 1567 1968 pracepit,
1605 1909 1663 1954 ut
1713 1900 2068 1969 dissipantur

2244 1900 2354 1953 Kal
2403 1877 2622 1968 Κύριος
2655 1877 2994 1954 ἐνετείλατο
3044 1899 3443 1954 διασκεδάσαι
3466 1899 3582 1965 τὴν
3601 1899 3742 1963 ,ϐου-

492 1985 773 2038 consilium
797 1986 1125 2054 Arhitophcl.
1150 1989 1317 2044 Sacra
1330 1991 1612 2060 Scriptura
1632 1991 1840 2055 docuit,
1873 2007 2066 2062 quem-

489 2077 842 2132 madmodum
878 2077 1044 2150 526
1085 2077 1228 2134 Deus
1257 2079 1448 2136 fecerit
1476 2096 1600 2135 cum
1627 2081 1819 2136 Chusi.
1855 2083 2064 2136 Bonum

489 2178 671 2223 autem
727 2171 1020 2224 consilium
1075 2172 1336 2241 appellat,
1383 2171 1531 2242 quod
1587 2173 1862 2245 tyrannidi
1899 2188 2067 2242 expe-

489 2256 696 2328 diebat.
733 2256 1084 2328 Quapropter
1117 2260 1288 2314 David
1311 2262 1450 2316 dixit
1477 2263 1532 2316 in
1565 2260 1840 2318 Psalmis:
1871 2280 1890 2313 ι
1926 2261 2068 2318 Ecce

492 2349 734 2417 parturit
767 2351 1134 2422 iniquitatem,
1171 2354 1430 2424 concepit
1467 2353 1736 2418 dolorem,
1763 2359 1818 2408 et
1859 2354 2069 2424 peperit

489 2441 864 2511 iniquitatem,
901 2445 1107 2499 fossam
1155 2446 1396 2514 ap’eruit,
1431 2453 1485 2500 et
1520 2444 1742 2511 effodit;
1771 2455 1826 2501 et
1863 2445 2066 2500 incidet

487 2533 545 2588 in
581 2533 816 2603 foveam,
851 2552 1018 2606 quam
1054 2535 1186 2594 fecit
1207 2539 1276 2593 ³⁸.
1310 2559 1329 2592 ι

567 2625 734 2683 Vsus.
779 2627 870 2684 28.
915 2627 985 2683 Et
1026 2629 1246 2686 siccavit
1276 2631 1546 2701 palathas.
1577 2633 1769 2704 Aquila
1821 2646 1875 2691 et
1905 2633 2066 2708 Sym-

491 2721 728 2778 machus
759 2721 979 2788 habent,
1012 2726 1282 2794 ptisanas,
1314 2725 1368 2781 id
1402 2735 1507 2792 est,
1543 2727 1828 2794 hordeum,
1859 2731 1940 2786 vel
1973 2729 2069 2786 tri-

489 2813 664 2886 ticum
695 2815 1113 2872 decorticatum.

475 2932 478 2939 -
565 2907 740 2960 Dat-id
801 2917 977 2963 autem
1033 2911 1168 2964 venit
1237 2910 1292 2964 in
1361 2908 1626 2968 Manaim.
1686 2911 1742 2966 In
1809 2911 2068 2982 Manaim,

473 2993 858 3063 .Theodotion,
881 2997 936 3052 in
965 3009 1163 3054 castra.

567 3083 828 3153 Samphot
865 3086 1063 3155 boum;
1093 3087 1460 3156 'I‘heodotion,
1499 3088 1655 3144 lactei
1693 3089 1870 3144 vituli.

971 3266 1126 3323 CAP.
1181 3267 1302 3322 xw
1368 3266 1605 3342 [XVIII].

566 3357 734 3415 Vens.
781 3360 836 3416 '5.
874 3359 1000 3416 Non
1031 3369 1255 3432 ponetur
1288 3363 1342 3416 in
1372 3378 1468 3417 nos
1502 3379 1614 3418 cor.
1653 3360 2069 3432 lnterrogative,

495 3453 555 3507 Si
603 3461 886 3522 superstes
919 3453 1114 3520 fueris,
1149 3453 1366 3520 dicunt,
1419 3470 1602 3510 nonne
1637 3455 1844 3509 erimus
1881 3469 2072 3510 omnes

495 3545 622 3600 t'orti
664 3543 1019 3600 animo?Vel
1071 3546 1344 3618 negative,
1403 3547 1460 3602 Si
1513 3529 1810 3602 occumbas
1861 3557 2072 3602 certum

494 3645 600 3692 est.
636 3633 782 3704 quod
811 3637 1312 3691 consternabimur.
1362 3637 1459 3692 Sin
1489 3645 1670 3691 autem
1707 3652 1772 3690 ex
1801 3645 1958 3706 parte
1991 3638 2076 3691 in-

497 3726 856 3792 terﬁciamur,
897 3727 1114 3792 dicunt,
1159 3727 1490 3798 superstites
1518 3731 1585 3784 ad
1634 3729 2074 3785 consolationem

497 3835 658 3888 pares
693 3835 800 3874 non
833 3831 1016 3874 erunt.
1061 3819 1323 3876 Davidem
1365 3821 1535 3892 igitur
1563 3821 1714 3876 exire
1757 3821 2072 3891 prohibent,

499 3911 681 3978 veriti,
719 3927 790 3967 ne
817 3913 948 3982 quid
993 3912 1208 3969 adversi
1239 3913 1287 3969 ei
1317 3913 1556 3968 accidat.
1591 3911 1907 3966 Verisimile
1929 3913 2073 3966 enim

461 4003 618 4055 'i'rat
671 4001 860 4058 hostes
904 4011 958 4058 et
1005 4003 1264 4059 inimicos
1320 4003 1500 4074 ipsum
1553 4003 1732 4058 solum
1793 4013 2072 4072 expetere.

497 4093 672 4147 Simul
717 4093 882 4148 etiam
937 4103 1241 4150 metuentes
1287 4109 1378 4156 ne,
1435 4094 1482 4150 si
1535 4094 1710 4149 victor
1777 4093 2073 4155 evasisset,

497 4185 880 4241 misericordia
934 4201 1062 4257 erga
1127 4196 1424 4256 tyrannum
1477 4195 1810 4242 moveretur.
1873 4184 2078 4238 Dicunt

498 4279 704 4344 itaque,
735 4277 880 4348 quod
913 4279 961 4334 si
1013 4278 1144 4333 victi
1177 4279 1231 4332 in
1269 4277 1450 4348 fugam
1485 4279 1732 4334 conversi
1784 4270 2075 4339 fuerimus,

499 4380 650 4423 tuam
680 4371 848 4426 vitam
893 4371 1158 4428 habemus
1205 4371 1568 4428 suﬁicientem
1609 4369 2076 4426 consolationem.

499 4463 656 4528 Quod
682 4464 727 4518 si
761 4464 856 4518 tibi
915 4464 1119 4535 aliquid
1150 4463 1370 4520 adversi
1400 4461 1686 4524 acciderit,
1717 4460 1937 4531 publica
1973 4457 2079 4512 erit

476 4553 807 4609 calamitas.
840 4552 922 4608 Tu
951 4557 1152 4610 etenim
1180 4555 1332 4611 solus
1369 4553 1602 4609 inllnitis
1637 4551 1884 4624 partibus
1920 4549 2079 4604 nobis

499 4643 761 4698 omnibus
799 4644 1046 4700 excellis.
1082 4644 1196 4700 Hoc
1245 4647 1412 4700 etiam
1467 4643 1834 4714 Symmachus
1885 4647 2074 4697 osten-

503 4735 604 4796 dit,
643 4733 833 4788 dicens
864 4750 881 4787 :
921 4731 989 4788 Et
1023 4745 1101 4794 tu,
1155 4743 1213 4788 ut
1257 4735 1433 4788 decem
1470 4734 1644 4788 millia
1680 4744 1939 4788 nostrum.

579 4822 746 4879 Vens.
801 4824 890 4878 18.
935 4822 1210 4890 Quoniam
1229 4823 1368 4878 dixit
1398 4839 1417 4879 :
1453 4825 1578 4879 Non
1617 4835 1694 4880 est
1742 4825 1872 4879 mihi
1910 4823 2080 4893 ﬁlius,
2117 4821 2159 4874 Ι)

505 4925 613 4971 etc.
635 4915 807 4984 Ἀιηυί
843 4914 1065 4970 divinus
1107 4914 1352 4984 scriptor
1398 4928 1562 4982 supra
1626 4914 1764 4968 dixit
1806 4928 1930 4970 cum
1967 4919 2078 4964 tres

506 5011 671 5073 ﬁlios,
701 5016 758 5064 et
815 5007 980 5063 ﬁliam
1031 5021 1271 5078 quoque,
1328 5006 1607 5061 habuisse.
1663 5005 1951 5061 Probabile
1997 5010 2081 5058 est

506 5105 646 5158 ﬁlios
676 5117 1022 5174 procreasse,
1056 5110 1112 5158 et
1155 5101 1377 5158 eosdem
1425 5101 1755 5156 decessisse.
1803 5098 2082 5168 Iosephus

506 5205 602 5250 aut
624 5213 688 5249 -ιιι
743 5197 846 5251 hac
883 5197 950 5252 de
985 5210 1152 5252 causa
1180 5209 1304 5250 eum
1338 5192 1390 5248 id
1421 5193 1620 5248 fecisse
1647 5191 1862 5258 scribit,
1911 5189 2081 5260 quod,

507 5306 628 5341 cum
685 5288 779 5342 lilii
831 5289 1003 5358 longo
1057 5296 1307 5358 tempore
1367 5284 1667 5356 perdurare
1699 5300 1808 5338 non
1849 5283 2084 5354 possint,

509 5379 636 5432 illud
669 5379 962 5434 :ediﬁcium
995 5380 1320 5435 memoriam
1365 5377 1449 5434 sui
1475 5377 1684 5433 diutius
1709 5383 2085 5432 conservaret.

583 5469 699 5520 Non
758 5469 1140 5524 criminanilus
1194 5468 1332 5524 Joab
1391 5467 1536 5539 quod
1589 5451 1712 5522 eum
1787 5466 2088 5521 audivisset

515 5559 680 5611 navid
726 5575 949 5628 parcere
982 5561 1317 5618 adolescenti
1358 5561 1666 5632 jubentcm,
1705 5560 1967 5615 Absalom
2005 5567 2085 5610 ta-

591 5673 636 5704 ’⁸
677 5671 825 5727 Psal.
856 5689 950 5738 vn,
995 5672 1080 5727 13.

2103 3221 2144 3278 c
2181 3189 2422 3260 σχάρια.

2169 1989 2294 2058 λήν
2327 1991 2652 2060 Ἀχιτόφελ.
2703 1989 2972 2054 Ἐδίδαξεν
3009 1991 3042 2056 ἡ
3077 1988 3196 2040 θεία
3223 1989 3445 2058 Γραφὴ,
3478 1987 3554 2049 ὡς
3577 1987 3746 2048 όθεδς

2172 2083 2476 2156 συνέπραξε
2523 2083 2601 2154 τῷ
2631 2082 2820 2137 Χουσί.
2867 2081 3102 2152 Ἀγαθὴν
3132 2082 3189 2134 δὲ
3223 2081 3373 2148 λέγει
3401 2080 3504 2148 τὴν
3550 2081 3615 2151 τῇ
3661 2096 3744 2132 τυ·

2173 2176 2375 2248 ραννίδι
2406 2175 2812 2246 συμφέρουσαν.
2848 2174 2927 2227 Δι’
2965 2175 3102 2242 ὅπερ
3133 2173 3318 2241 ἔλεγεν
3347 2175 3408 2225 ὲν
3446 2173 3692 2241 Ψαλμοῖς
3717 2173 3743 2224 ὁ

2171 2268 2352 2322 Δαὸἰδ·
2386 2287 2406 2320 ι
2455 2268 2585 2322 Ἰδοὺ
2616 2268 2880 2339 ὡδίνησεν
2927 2267 3178 2336 ἀνομίαν,
3227 2265 3527 2318 συνέλαϐεν
3573 2263 3743 2328 πόνον,

2170 2361 2265 2414 καὶ
2298 2359 2484 2412 ἔτεκεν
2518 2359 2750 2429 ἀνομίαν
2772 2375 2786 2390 ο
2827 2357 3030 2411 λάκκον
3060 2356 3288 2426 ὤρυξεν,
3317 2356 3417 2408 καὶ
3449 2353 3746 2423 ἀνέσκαψεν

2171 2451 2352 2517 αὐτὸν,
2382 2451 2477 2506 καὶ
2504 2451 2829 2520 ἐμπεσεῖται
2858 2451 2938 2512 είς
2970 2449 3182 2521 βόθρον,
3213 2447 3272 2502 ὃν
3301 2447 3621 2519 εἰργάσατο.
3661 2464 3678 2496 i

2243 2636 2352 2692 Καὶ
2406 2635 2641 2705 ἕψυχεν
2672 2634 2969 2700 παλάθας.
3024 2611 3394 2696 Ἀκύλαςκαὶ
3441 2630 3743 2701 Σύμμαχος,

2170 2727 2496 2795 πτισάνας.
2605 2751 2622 2766 ·

2245 2909 2354 2966 Καὶ
2401 2907 2578 2964 Δαϐίδ
2621 2905 2979 2974 παρεγένετο
3031 2903 3120 2969 εὶς
3175 2900 3438 2969 Marum.
3492 2893 3742 2962 Μανατμο

2173 3003 2490 3065 Θεοδοτίων,
2515 2997 2925 3068 παρεμϐολάς.
3497 2989 3559 3044 C.
3587 2985 3647 3040 L.

2243 3097 2337 3162 Τδ,
2366 3093 2663 3164 Σαπφθὼν
2691 3091 2828 3162 βοῶν
2851 3107 2866 3122 ο
2909 3087 3199 3142 Θεοδοτίων
3216 3125 3232 3152 ,
3277 3081 3627 3138 Γαλάκτινα
3649 3094 3745 3148 μο-

3390 3172 3582 3228 'C.L.

2748 3272 3000 3327 ΚΕΦΔΛ.
3039 3271 3156 3337 [σι.

2250 3373 2332 3425 Οὐ
2363 3369 2656 3438 στήσεται
2697 3365 2767 3420 ἐν
2804 3363 2950 3432 ἡμῖν
2997 3359 3230 3428 καίδία.
3285 3355 3427 3410 Κατ’
3468 3352 3743 3426 ἐρώτησιν,

2174 3459 2304 3515 Ἐὰν
2351 3456 2471 3528 ζῇς,
2537 3455 2738 3524 φησὶν,
2801 3453 2902 3506 οὐκ
2931 3448 3168 3520 ἐσόμεθα
3225 3446 3434 3508 πάντες
3497 3442 3740 3512 εὖψυχοις

2175 3553 2238 3604 El
2292 3551 2348 3604 δὲ
2387 3548 2531 3604 κατά
2567 3547 2866 3613 ἀπόφασιν,
2914 3542 3042 3594 Ἐὰν
3087 3537 3401 3610 ἀποθάνῃς,
3459 3534 3630 3604 δηλῶν
3671 3532 3742 3583 ὅτι

2177 3642 2582 3712 Ἀθυμήσομεν.
2604 3635 2712 3689 Καὶ
2735 3633 2830 3687 ἐὰν
2846 3635 2910 3686 ὲκ
2930 3633 3150 3703 μέρους,
3176 3629 3360 3698 φησὶν,
3376 3625 3740 3692 ἀποθάνωμεν.

2175 3734 2274 3803 οὐχ
2327 3730 2504 3786 ἱκανοὶ
2546 3727 2685 3798 πρὸς
2731 3720 3084 3794 παραμυθίαν
3135 3719 3187 3772 οἱ
3225 3715 3580 3786 σεσωσμένοι.
3633 3712 3741 3803 Kor-

2166 3799 2362 3877 λύουσι
2408 3821 2466 3876 δὲ
2508 3821 2598 3872 τὸν
2634 3817 2799 3870 Δαδὶδ
2833 3811 3070 3879 ἐξελθεῖν
3096 3851 3111 3876 ,
3155 3809 3392 3870 δεδιότες
3443 3807 3516 3877 μή
3568 3821 3618 3856 τι
3659 3799 3740 3854 καὶ

2179 3915 2328 3986 πάθῃ
2357 3927 2372 3941 ’
2398 3911 2544 3972 εἰκὸς
2575 3909 2682 3978 γὰρ
2704 3903 2794 3976 ἦν,
2825 3905 2946 3958 κατ’
2976 3899 3141 3956 αὐτοῦ
3174 3897 3338 3970 μόνου
3367 3896 3614 3968 χωρῆσαι
3631 3891 3742 3986 τοὺς

2177 3981 2461 4074 δυσμενεῖς
2489 4018 2506 4034 ο
2542 4001 2664 4067 ἅμα
2689 3997 2744 4052 δὲ
2767 3997 2862 4050 καὶ
2885 3994 3134 4056 δεδιότες,
3165 3991 3238 4062 μὴ
3261 3989 3492 4058 νικήσας
3519 3981 3736 4052 οίκτείρῃ

2177 4095 2269 4148 τὸν
2315 4080 2596 4162 τύραννον.
2631 4087 2799 4141 Φασὶν
2837 4081 2952 4150 οὖν,
2998 4083 3074 4146 ὡς
3111 4081 3238 4134 Ἐὰν
3267 4078 3594 4150 ἡττηθέντες
3623 4074 3737 4126 ἀπο·

2179 4187 2490 4257 δράσωμεν,
2523 4181 2622 4249 τὴν
2657 4179 2755 4249 σὴν
2792 4178 2937 4248 ζωὴν
2963 4174 3160 4244 ἔχομεν
3217 4168 3550 4239 ἀποχρῶσαν
3575 4178 3734 4257 παρα·

2181 4256 2381 4348 ψυχήν·
2415 4275 2512 4328 ἐὰν
2556 4272 2613 4325 δὲ
2649 4269 2712 4324 σύ
2759 4286 2808 4322 τι
2852 4266 3053 4336 πάθῃς,
3095 4263 3338 4333 χωρήσει
3371 4258 3516 4312 κατά
3546 4256 3737 4348 πάντων

2183 4345 2217 4440 ἡ
2245 4345 2518 4438 συμφορά.
2551 4363 2624 4414 Σὺ
2649 4363 2760 4431 γὰρ
2791 4359 2949 4430 μόνος
2981 4355 3202 4426 μυρίαις
3235 4352 3453 4424 μοίραις
3477 4345 3735 4440 ὐπερὲζεις

2186 4434 2406 4515 πάντων
2435 4434 2616 4526 ἡμῶν.
2649 4451 2820 4506 Τοῦτο
2850 4449 2959 4520 γὰρ
3003 4447 3095 4501 καὶ
3139 4445 3434 4514 Σύμμαχος
3477 4441 3636 4510 δηλοῖ,
3659 4434 3733 4487 λέ-

2187 4567 2320 4620 γων·
2363 4549 2471 4604 Καὶ
2501 4545 2584 4602 σὺ
2612 4545 2694 4608 ὡς
2718 4541 2890 4612 ἡμεῖς
2913 4539 3062 4593 δέκα
3083 4534 3371 4608 χιλιάσιν.

2259 4811 2646 4876 ’Ὁτιὲλεγεν-
2687 4807 2812 4859 Οὐκ
2845 4803 2976 4857 ἔστι
3007 4819 3105 4870 μοι
3152 4800 3302 4864 υἱός.
3345 4795 3536 4850 Καίτοι
3577 4789 3730 4858 aposi-

2187 4924 2288 4960 πεν
2339 4905 2368 4956 ὁ
2417 4875 2790 4968 συγγραφεὺς,
2825 4897 2907 4948 ὅτι
2945 4894 3095 4963 τρεῖς
3139 4889 3296 4958 ἔσχεν
3325 4888 3492 4950 υἱοὺς,
3527 4884 3644 4954 μίαν
3681 4875 3729 4930 δὲ

2191 4995 2506 5066 θυγατέρα,
2539 4991 2652 5044 ἀλλ’
2692 4989 2873 5050 εἰκὸς,
2913 4983 3074 5038 αὑτὸν
3112 4979 3520 5049 παιδοποιῆσαι,
3559 4971 3642 5027 καὶ
3658 4983 3729 5072 τι·

2189 5089 2449 5160 λευτῆσαι
2474 5083 2602 5146 τοὺς
2635 5081 2850 5142 παῖδας.
2887 5075 3147 5144 Ἰώσηπος
3171 5073 3226 5125 δὲ
3252 5071 3378 5140 ἔφη,
3414 5067 3566 5122 τοῦτο
3593 5062 3731 5163 αὑτὸν⁴

2193 5157 2532 5252 δεδρακέναι,
2564 5175 2639 5238 ὡς
2658 5173 2768 5225 τῶν
2797 5169 3000 5223 παίδων
3028 5167 3124 5237 μὲν
3153 5165 3244 5219 ἐπὶ
3275 5163 3406 5216 πολὺ
3429 5157 3652 5230 διαρκεῖν
3675 5157 3724 5202 οι)

2189 5246 2526 5344 δυναμένων,
2560 5267 2659 5336 τῆς
2703 5264 2760 5318 δὲ
2805 5260 3115 5330 οἰκοδομίας
3165 5256 3366 5328 μᾶλλον
3394 5246 3724 5323 φυλαττούσης

2189 5369 2287 5436 τὴν
2318 5365 2560 5434 μνήμην.

2269 5431 2381 5511 Dim
2397 5431 2578 5510 ἔστιδὲ
2601 5445 2951 5511 αἰτιάσασθαι
2973 5447 3017 5482 τ’
3042 5442 3132 5496 τὸν
3163 5439 3318 5496 Ίωάϐ
3341 5431 3720 5511 παρακούσαντξ

2193 5551 2286 5604 τοῦ
2335 5547 2498 5602 Δαϐὶδ
2549 5542 2792 5603 εἰπόντος
2826 5534 3118 5608 φείσασθαι
3171 5532 3264 5586 τοῦ
3331 5524 3615 5602 μειρακίου,
3644 5510 3719 5568 καὶ

2429 5620 2475 5651 ,Γ

1795 5749 2030 5806 VARI/Ii
2074 5743 2476 5802 LECTIONES.

611 5855 633 5886 ν
661 5845 971 5920 ιοειξιιὼιιιι
1009 5852 1138 5904 mihi
1169 5851 1383 5904 videtur
1406 5844 1632 5917 δυνατῷ.
1715 5855 1732 5882 τ
1759 5849 1771 5862 ⁶
1793 5842 1912 5896 Οὐκ
1941 5837 2230 5892 αἰτιατέον.
2295 5837 2354 5888 ὐ
2399 5836 2496 5905 τῆς
2529 5835 2659 5904 Αὑγ.
2700 5831 2824 5887 κὼδ·
