4018 6230
459 421 589 488 illi

1437 433 1968 497 COMMENTARII
2004 431 2083 495 IN
2108 401 2270 494 LIB.
2296 429 2358 492 II
2396 427 2690 491 REGUM.

3555 416 3686 483 1142

452 537 707 592 ἀνελόντα
735 535 824 591 τὸν
864 532 1233 610 Ἀϐεσσαλώμ.
1268 540 1439 606 Αὐτὸς
1472 544 1578 613 γὰρ
1603 546 1632 597 ὁ
1656 545 1788 608 Θεὸς
1816 544 2013 614 προλα-

2122 559 2243 598 men
2282 540 2582 597 interfecit.
2632 536 2768 591 Nam
2824 533 2968 588 Deus
3012 533 3131 603 ipse
3161 530 3502 601 praweniens
3536 532 3686 585 illmn

451 629 562 683 σὼν
594 630 899 701 ἐκρέμασεν
922 638 947 670 ⁸
984 632 1144 685 αὑτὸν
1192 633 1250 685 ἐν
1292 636 1405 697 τοῖς
1454 638 1554 703 τῆς
1592 636 1750 706 δρυὸς
1777 636 2011 702 κλάδοις,

449 716 538 774 οἷα
567 719 871 790 κακοῦργον
916 719 1355 793 βασανιζόμενον.
1408 726 1585 797 Ὅπερ
1615 729 1633 762 ι
1680 727 2015 799 θεασάμενος

464 811 641 877 ἰωά6,
673 816 764 865 τὸν
810 812 910 882 μὲν
945 817 1159 884 πατέρα
1204 817 1500 888 κεχρῆσθαι
1531 822 1598 891 τῇ
1636 819 2015 891 φιλανθρωπίᾳ

450 906 762 971 κατέλιπεν,
794 906 955 970 αὐτὸς
994 907 1051 960 δὲ
1094 906 1293 977 ἔχρησε
1338 908 1415 979 τῷ
1447 910 1566 980 Θεῷ
1603 912 1700 982 τὴν
1732 912 1874 966 κατὰ
1919 911 2013 964 τοῦ

464 995 816 1066 Ἀδεσσαλὼμ
839 995 1041 1063 δεξιὰν,
1070 996 1166 1051 καὶ
1194 998 1287 1050 ἐπὶ
1322 1000 1389 1069 τῇ
1422 1001 1787 1071 μυσαρωτάτῃ
1816 1001 2016 1071 καρδίᾳ

446 1088 516 1140 τὰ
552 1087 677 1158 βέλη
709 1088 1005 1158 κατέπηξε.
1715 1093 1796 1147 C.‘
1811 1092 1872 1146 L.

515 1178 626 1233 Kal
655 1179 992 1247 ἐδάκρυσεν
1031 1184 1066 1235 ὁ
1098 1181 1419 1248 βασιλεύς.
1457 1182 1517 1236 '0
1558 1182 1669 1254 γὰρ
1705 1182 1794 1237 διὰ
1829 1184 2017 1249 φιλαν-

446 1267 695 1339 θρωπίαν
731 1269 1003 1342 πενθήσας
1046 1271 1137 1325 τὸν
1174 1271 1370 1337 Σαοὺλ,
1412 1273 1531 1337 πῶς
1568 1274 1661 1328 ἐπὶ
1699 1274 1888 1339 παιδὸς
1915 1276 2016 1331 οὐκ

443 1358 510 1411 ἂν
540 1358 767 1430 ἐνικήθη
785 1362 851 1430 τῇ
885 1360 1086 1430 φύσεις
1118 1361 1322 1433 Θρηνετ
1350 1364 1407 1417 δέ
1438 1364 1529 1417 καὶ
1561 1364 1636 1428 ὡς
1669 1364 1900 1438 εὐσεϐὴς
1922 1367 2016 1421 τὸν

443 1447 533 1501 διὰ
572 1447 940 1520 μεταμελείας
970 1450 1189 1519 ἰαθῆναι
1227 1451 1426 1523 μηκέτι
1451 1451 1767 1522 δυνάμενον.

1028 1582 1278 1680 ΚΕΦΑᾸ.
1316 1627 1416 1682 ΙΖ’.

513 1717 581 1769 El
602 1713 689 1785 μὴ
713 1715 1188 1786 ἀρχιστράτηγος
1211 1716 1325 1787 ἔσῃ
1345 1736 1468 1788 μοι.
1512 1719 1574 1772 Ei
1602 1719 1710 1791 γὰρ
1749 1721 1844 1776 καὶ
1884 1722 2017 1777 πολ-

443 1804 566 1867 λοὺς
593 1805 731 1876 ὑπερ
755 1805 922 1860 Δαὸὶδ
949 1808 978 1859 ό
1025 1805 1181 1860 Ἰωὰσ
1224 1807 1494 1878 ὑπέμεινη
1517 1820 1544 1847 ιι
1575 1811 1872 1880 κινδύνους,
1896 1811 2016 1866 ἀλλ’

2114 649 2350 705 quercus
2403 632 2571 687 ramis
2614 626 2921 698 suspendit,
2970 633 3029 679 ιιι
3085 624 3214 678 talia
3253 632 3536 693 pateretur
3584 625 3689 678 iste

2116 725 2418 793 improbus.
2462 721 2617 787 Quod
2652 734 2776 774 cum
2823 717 3052 772 vidisset
3084 713 3244 778 Joab,
3305 726 3511 785 patrem
3558 716 3687 783 qui-

2114 816 2235 870 dem
2267 816 2343 869 uti
2387 813 2730 867 humanitate
2777 809 3023 878 reliquit,
3082 806 3200 877 ipse
3244 821 3372 860 vero
3406 806 3685 860 dexteram

2113 906 2226 961 Deo
2253 914 2443 960 contra
2489 903 2751 958 Ahsalom
2784 900 3173 965 commodavit,
3220 907 3275 953 et
3322 899 3378 952 in
3408 898 3690 952 scelestis-

2115 998 2257 1055 simo
2305 995 2471 1052 corde
2504 995 2722 1050 lanceas
2760 992 2960 1047 infixit.

2190 1173 2353 1230 Vsus.
2407 1173 2497 1228 53.
2542 1170 2613 1226 Et
2662 1172 2804 1240 ﬂevit
2861 1185 2975 1225 rex.
3035 1168 3323 1236 Quomodo
3360 1168 3504 1223 enim
3571 1171 3702 1235 ille,‘

2113 1265 2211 1336 qui
2260 1274 2484 1335 propter
2525 1261 2921 1318 humanitatem
2979 1259 3198 1314 Saulem
3257 1260 3416 1324 luxit,
3461 1259 3573 1327 jam
3635 1263 3690 1314 iu
3727 1243 3743 1255 ’

2117 1357 2223 1412 ﬁlii-
2246 1357 2400 1411 obitu
2427 1370 2458 1408 a
2482 1361 2677 1409 natura
2700 1367 2809 1408 non
2840 1351 3195 1408 vinceretur?
3229 1349 3496 1404 Praeterea
3529 1352 3684 1405 illum

2114 1448 2200 1502 vir
2230 1448 2352 1517 pius
2382 1446 2651 1516 deplorat,
2680 1445 2775 1517 qui
2809 1458 2904 1514 per
2940 1441 3325 1514 pcenitentiam
3359 1444 3545 1495 curari
3576 1456 3693 1496 am-

2116 1538 2260 1609 plius
2291 1553 2399 1593 non
2438 1537 2634 1607 potuit.

2606 1625 2760 1683 CAP.
2798 1623 2944 1681 XVII
3002 1623 3201 1697 [XIX].

2260 1720 2427 1778 Vsus.
2470 1721 2556 1776 l3.
2619 1718 2870 1773 Summus
2914 1719 3203 1787 imperator
3250 1718 3380 1772 mihi
3424 1721 3550 1774 eris.
3589 1718 3696 1772 Ta-

2118 1813 2280 1869 metsi
2307 1812 2445 1867 .loab
2487 1810 2655 1865 multa
2697 1810 2939 1879 pericula
2972 1824 3073 1878 pro
3110 1808 3311 1864 Davide
3373 1810 3685 1876 subiret-it;

444 1896 620 1964 ἐμίσει
642 1895 835 1949 τούτου
862 1896 925 1949 τδ
950 1895 1171 1967 θράσος.
1213 1898 1488 1969 Ἦνείχετο
1519 1899 1578 1953 δὲ
1608 1900 1699 1954 διά
1718 1919 1778 1955 τε
1808 1903 1907 1973 τὴν
1930 1906 2011 1968 είς

2122 1905 2235 1975 ipse
2257 1914 2439 1957 tamen
2467 1901 2749 1955 audaciam
2782 1900 2931 1954 illius
2964 1900 3207 1956 hominis
3240 1903 3364 1957 odio
3398 1916 3697 1971 proseque-

443 1987 602 2040 αὑτὸν
633 1985 865 2053 εὔνοιαν,
896 1990 963 2059 ἢν
987 1988 1193 2051 ἐκεῖνος
1220 1988 1511 2056 ἐφύλαττε,
1547 1993 1640 2045 καὶ
1658 1992 1842 2057 δεδιὼς
1870 1995 2008 2065 ἅμα,

444 2078 518 2146 μή
544 2094 597 2129 τι
624 2077 889 2151 βουλεύσῃ
922 2079 1208 2152 νεώτερον.
1242 2080 1359 2136 Νῦν
1387 2082 1445 2136 δὲ
1469 2084 1660 2154 καιρὸν
1684 2084 1881 2157 εὑρὼν,
1914 2087 2013 2158 τὴν

443 2170 778 2240 στρατηγίαν
809 2170 1204 2239 ἐπαγγέλλεται
1232 2172 1312 2241 τῷ
1354 2172 1619 2244 Ἀμασᾷ,
1645 2174 1704 2228 δν
1730 2176 2014 2243 ἀπέδειξεν

454 2259 810 2331 Ἀὄεσσαλὼμ
869 2262 1198 2333 στρατηγόν.
1232 2260 1344 2316 Ἦν
1383 2262 1441 2316 δὲ
1480 2264 1576 2316 καὶ
1600 2264 1763 2329 αὐτὸς
1795 2267 2013 2337 ἀδελφι-

440 2347 562 2414 δοῦς
586 2350 665 2421 τῷ
699 2350 883 2404 Δαϐίδ.
925 2353 991 2405 '0
1017 2352 1206 2422 μαθὼν
1247 2352 1425 2421 Ἰωάσ,
1456 2357 1804 2428 προσχήματι
1833 2358 2013 2430 φιλίας

440 2441 627 2495 τοῦτον
651 2443 991 2497 ἀπέκτεινεν,

1030 2718 1282 2775 ΚΕΦΑΔ.
1323 2719 1431 2777 lH'.
1890 2753 1899 2757 ·

512 2806 620 2859 Καὶ
638 2805 894 2875 ἐξελύθη
919 2809 1118 2864 Δαϐίδ.
1146 2810 1465 2882 Πρεσϐύτης
1489 2812 1597 2884 γὰρ
1625 2810 1722 2879 ὣν,
1752 2814 1844 2868 καὶ
1865 2812 2016 2868 πλεῖ-

444 2912 545 2950 στα
570 2899 1083 2969 προμαχεσάμενος,
1109 2901 1311 2956 ἀπεῖπε
1332 2902 1412 2974 τῷ
1435 2902 1668 2974 σώματι,
1693 2904 1807 2958 ἀλλ’
1836 2905 2013 2977 ἐσώθη

445 2987 761 3057 παραδόξως
788 2987 884 3042 τοῦ
911 2988 1166 3059 γίγαντος
1191 2990 1289 3055 τὰς
1318 2995 1505 3064 χεῖρας
1528 2993 1825 3065 διαφυγών.
1856 2995 2017 3067 Δηλοῖ

443 3077 500 3133 δέ
545 3080 578 3150 ὴ
626 3080 840 3153 Γραφὴ.
880 3082 957 3146 ὡς
989 3082 1160 3147 οὓτως
1204 3084 1431 3139 ἐκάλουν
1460 3088 1510 3139 οἱ
1534 3087 1655 3141 τότε
1683 3089 1810 3153 τοὺς
1844 3088 2017 3160 μεγὰ-

442 3168 567 3232 λους
603 3169 681 3235 τῷ
729 3169 963 3242 σώματι,
1012 3172 1107 3227 καὶ
1152 3172 1343 3248 ῥώμην
1384 3174 1596 3246 ἄμαχον
1642 3177 1883 3249 ἔχοντας,
1919 3183 2015 3236 καὶ

376 3316 385 3328 ,
443 3256 565 3311 οὕτε
582 3261 706 3324 τοὺς
739 3262 1040 3332 δυσσεϐεῖς,
1080 3263 1204 3321 οὕτε
1236 3265 1363 3331 τοὺς
1384 3266 1796 3340 πολυχρονίους,
1829 3271 1906 3337 ὥς
1935 3290 2016 3327 τιο

444 3366 532 3415 νες
563 3351 929 3423 ὐπετόπησαν.

1028 3530 1280 3586 ΚΕΦΑΛ.
1323 3531 1426 3588 18’.

525 3616 695 3683 Ἀνὴρ
723 3616 792 3672 ἐκ
840 3617 1060 3688 Γάδης.
1137 3619 1390 3688 ’Δκύλας,
1444 3623 1779 3692 ἀντίδικος,
1853 3627 2015 3699 ήγουν

444 3708 753 3778 ἀντιλογίας
772 3727 786 3743 ·
817 3712 846 3764 ὁ
868 3709 926 3763 δὲ
956 3710 1277 3786 Σύμμαχος,
1308 3715 1657 3786 πρόμετρος.

1038 3893 1293 3948 ΚΕΦᾹΔ.
1327 3895 1415 3953 K'.

416 4060 419 4063 Α
518 3976 667 4045 Τοὺς
697 3958 920 4050 λόγους
943 3982 1055 4054 τῆς
1081 3984 1243 4053 ᾠδῆς
1274 3988 1514 4053 ταύτης.
1564 3987 1719 4043 Μετά
1762 3990 1891 4051 τοὺς
1921 4006 2017 4046 πο-

440 4064 956 4138 λέμους.ἐπινίκιον
1000 4075 1078 4146 τῷ
1127 4075 1246 4147 Θεῷ
1292 4077 1633 4156 συντέθεικεν
1680 4078 1868 4146 ὕμνον.
1904 4080 2017 4134 Καὶ

445 4162 779 4232 προφητεύει
809 4165 1051 4237 περὶτοῦ
1080 4169 1349 4222 Δεσπότου
1370 4170 1628 4242 Χριστοῦ·
1655 4170 1770 4226 ἐστι
1797 4172 1853 4226 δὲ
1876 4172 2018 4244 πλὴν

445 4254 642 4321 ὀλίγων
664 4257 691 4309 ὁ
715 4257 877 4321 αὐτὸς
900 4257 976 4330 τῷ
1006 4261 1049 4323 ζ’
1077 4259 1279 4332 ψαλμῷ
1297 4271 1349 4315 ν.

1017 4350 1267 4405 ΚΕΦΑΛ.
1308 4352 1439 4406 KA'.

516 4435 756 4505 Πνεῦμα
781 4439 1001 4507 Κυρίου
1027 4438 1337 4509 ἐλάλησεν
1355 4442 1426 4496 ἐν
1452 4443 1601 4512 ἐμοί.
1637 4444 2017 4517 Δίσχυνθήτω-

2119 1999 2300 2052 batur.
2359 1992 2592 2048 Ferebat
2644 1998 2825 2045 autem
2878 2005 3002 2045 eum
3058 1990 3459 2055 nihilominus,
3496 1994 3696 2062 partim

2121 2095 2340 2158 propter
2373 2075 2831 2149 benevolentiam,
2866 2096 3029 2151 quam
3079 2096 3206 2151 erga
3257 2081 3515 2139 Davidem
3566 2082 3697 2137 reti-

2120 2173 2300 2237 nebat,
2334 2170 2532 2240 partim
2588 2175 2859 2234 metuens,
2891 2182 2961 2223 ne
3004 2168 3172 2225 rebus
3223 2171 3380 2225 novis
3427 2171 3693 2226 studeret.

2117 2262 2236 2318 iam
2277 2262 2442 2332 igitur
2473 2258 2939 2331 opportunitatem
2970 2267 3188 2327 nactus,
3231 2260 3493 2326 Amesau,
3529 2276 3718 2331 quem,

2119 2355 2377 2410 Absalom
2438 2353 2631 2408 ducem
2698 2351 2921 2413 fecerat,
2975 2365 3248 2406 summum
3308 2351 3693 2420 imperatorem

2120 2447 2361 2503 declarat
2392 2446 2531 2520 (erat
2557 2450 2739 2523 autem
2780 2452 2834 2498 et
2865 2443 2985 2512 ipse
3014 2436 3377 2499 consobrinus
3413 2443 3694 2511 Davidis);

2119 2538 2264 2609 quod
2299 2536 2392 2592 ubi
2439 2536 2787 2608 cognovisset
2825 2532 2984 2599 Joab,
3021 2535 3125 2591 sub
3150 2543 3414 2606 praetextu
3443 2537 3697 2593 amicitia

2122 2631 2273 2685 hunc
2298 2628 2459 2685 etiam
2483 2628 2775 2683 interfecit.

2611 2716 2765 2773 CAP.
2805 2716 2970 2773 xvut
3039 2716 3208 2791 [XX].

2194 2808 2505 2864 Dissolutus
2545 2818 2623 2864 est
2658 2808 2850 2865 David.
2878 2808 3017 2864 Nam
3049 2824 3171 2865 cum
3216 2822 3383 2864 senex
3421 2806 3591 2863 multa
3639 2806 3698 2862 in

2122 2901 2280 2957 bellis
2311 2915 2509 2972 passus
2544 2909 2713 2967 esset,
2740 2902 2990 2971 corporis
3022 2900 3233 2956 viribus
3263 2899 3486 2963 defecit,
3514 2900 3698 2953 maui-

2121 2994 2225 3049 bus
2263 3001 2444 3049 tamen
2475 2993 2711 3065 gigantis
2740 3008 2836 3064 per
2864 2992 3047 3064 fugam
3083 3001 3333 3064 ereptus,
3368 2991 3701 3048 mirabiliter

2122 3093 2372 3142 servatus
2431 3091 2538 3139 est.
2614 3082 2825 3139 Iudicat
2871 3093 3055 3139 autem
3111 3082 3395 3153 Scriptura
3447 3082 3697 3138 homines

2120 3184 2278 3232 vasto
2301 3189 2551 3245 corpore,
2585 3182 2640 3230 et
2670 3175 2878 3228 invicto
2912 3175 3112 3229 robore
3139 3172 3424 3243 praeditos,
3453 3185 3563 3226 non
3598 3185 3706 3223 au-

2118 3278 2225 3323 tem
2269 3267 2489 3338 impios,
2545 3274 2641 3321 aut
2688 3266 2967 3321 diuturnae
3026 3266 3152 3320 vitae
3206 3263 3696 3335 (quemadmodum

2116 3360 2335 3430 quidam
2393 3358 2659 3430 suspicati
2718 3356 2868 3429 sunt)
2934 3357 3039 3413 hoc
3095 3358 3323 3411 nomine
3392 3353 3697 3424 appellatos

2116 3466 2259 3507 esse.

2613 3538 2768 3597 CAP.
2814 3538 2932 3597 th
2997 3534 3187 3611 [XXI].

2184 3630 2353 3690 Vsus.
2385 3633 2440 3690 5.
2484 3632 2578 3689 Vir
2604 3649 2671 3688 ea:
2701 3631 2875 3689 Gada.
2918 3630 3134 3700 Aquila,
3176 3628 3471 3691 ἀντίδικος.
3502 3626 3703 3691 adv":

2116 3724 2314 3789 sarius,
2362 3724 2755 3780 controversia:
2804 3722 3086 3777 nimirum.
3151 3719 3515 3790 Symmachus
3564 3733 3712 3773 vero.

2117 3812 2301 3879 habet,
2332 3816 2663 3886 πρόμετρος.

2605 3901 2757 3958 cap.
2804 3900 2903 3956 XX
2968 3900 3183 3974 [XXII].

2192 3991 2355 4049 Vsus.
2401 3992 2453 4047 l.
2505 3992 2671 4047 Verba
2719 3994 2881 4063 hujus
2926 3994 3204 4047 carminis.
3263 3990 3396 4046 Post
3446 3990 3696 4046 devictos

2119 4088 2327 4151 hostes,
2365 4100 2585 4140 carmen
2612 4085 2908 4155 epinicium
2929 4086 3040 4140 Deo
3058 4085 3387 4156 composuit.
3416 4082 3697 4138 Vaticina-

2117 4188 2208 4233 tur
2237 4186 2419 4233 autem
2444 4176 2512 4232 de
2547 4175 2770 4233 Christo
2795 4176 3046 4233 Domino.
3073 4176 3163 4243 Et,
3196 4176 3389 4247 paucis
3423 4175 3693 4244 exceptis,

2117 4266 2262 4322 idem
2288 4271 2375 4322 est
2399 4280 2524 4320 cum
2551 4263 2750 4335 psalm.
2780 4280 2965 4320 CXXXI.

2579 4351 2734 4408 CAP.
2791 4351 2914 4406 XXI
3001 4350 3239 4425 [xxm].

2193 4446 2358 4503 Vsus.
2398 4446 2452 4501 2.
2493 4445 2722 4515 Spiritus
2756 4444 2966 4499 Domini
2991 4446 3046 4499 in
3081 4461 3161 4499 me
3191 4445 3402 4499 locum:
3424 4452 3521 4498 est.
3558 4443 3696 4497 Eru-

449 4540 547 4576 σαν
592 4526 856 4596 Ἰουδαῖοι,
905 4530 1189 4601 προφήτην
1224 4532 1398 4585 εἰπεῖν
1435 4534 1534 4586 οὐκ
1573 4534 1892 4606 ἀνεχόμενοι
1923 4537 2013 4590 τὸν

2122 4542 2344 4596 hescant
2378 4552 2526 4592 nunc
2558 4536 2753 4601 Judaei,
2791 4536 2882 4605 qui
2928 4533 3181 4589 Davitletn
3226 4543 3335 4589 tam
3385 4536 3691 4598 evidenter,

445 4617 642 4680 Δαόὶδ,
668 4618 744 4681 ὼς
787 4620 1025 4689 ἐνεργῶς
1069 4622 1139 4674 τὸ.
1168 4622 1296 4694 περὶ
1338 4625 1597 4694 Χριστοῦ,
1642 4626 1866 4696 καὶτῆς
1905 4627 2013 4680 τῶν

444 4706 614 4762 ἐθνῶν
644 4710 1085 4779 προθεσπίσαντα
1110 4715 1364 4779 πίστεως.
1397 4715 1459 4769 Ei
1491 4718 1600 4786 γὰρ
1631 4717 1852 4788 Πνεῦμα
1876 4718 2010 4772 Θεοῦ

445 4800 502 4850 ἐν
526 4800 692 4870 αὐτῷ.
726 4803 818 4853 καὶ
850 4804 878 4855 ό
905 4803 1036 4868 Θεὸς
1070 4804 1264 4859 Ἰακὼῦ
1300 4808 1591 4879 εὐδόκησεν
1635 4811 1693 4862 ἐν
1739 4810 1887 4882 αὐτῷ
1916 4812 2009 4862 λα-

444 4890 626 4966 λῆσαι,
681 4896 770 4947 καὶ
798 4894 869 4949 τὰ
918 4896 1122 4967 κρύφια
1160 4898 1259 4969 τῆς
1306 4901 1498 4970 σοφίας
1533 4901 1801 4968 ἐδήλωσεν
1840 4900 2008 4972 αὐτῷ,

444 4982 562 5046 πῶς
592 4985 652 5037 οὑ
680 4989 961 5058 προφήτης
984 5007 998 5055 ;

511 5076 618 5128 Kal
648 5078 758 5130 οὐκ
780 5078 1059 5134 ἐϐούλετο
1085 5081 1314 5134 ποιεῖν*
1340 5084 1504 5135 αὐτό.
1540 5083 1851 5145 ῐίαιδευθεὶς
1884 5085 2010 5153 γὰρ,

443 5164 601 5233 ἔγνω,
630 5168 768 5221 ὅσων
796 5171 829 5241 ή
854 5172 1114 5243 ἐπιθυμία
1146 5172 1399 5243 πρόξενος
1431 5176 1741 5245 συμφορῶν.

2118 4641 2174 4689 et
2196 4630 2487 4701 perspicue
2512 4627 2581 4683 de
2608 4628 2776 4683 rebus
2806 4625 3032 4692 Christi,
3063 4637 3117 4681 et
3146 4626 3249 4682 fide
3267 4627 3690 4692 vaticinantem,

2118 4720 2441 4792 prophetam
2476 4717 2737 4788 appellari
2770 4732 2878 4771 non
2926 4717 3230 4787 patiuntur.
3261 4717 3317 4772 Si
3359 4717 3503 4772 enim
3531 4718 3695 4783 spiri-

2120 4826 2209 4872 tus
2243 4814 2335 4870 Dei
2366 4822 2450 4868 est
2482 4814 2537 4868 in
2582 4814 2724 4883 ipso,
2761 4811 2806 4866 si
2845 4812 2956 4866 Deo
2988 4809 3158 4865 Jacob
3197 4811 3250 4866 in
3287 4811 3405 4882 ipso
3433 4812 3582 4881 loqui
3609 4811 3692 4866 vi-

2120 4922 2240 4963 sum
2274 4914 2377 4970 est,
2406 4905 2450 4959 si
2496 4918 2695 4959 arcana
2739 4902 3023 4974 sapientiae
3056 4916 3171 4959 sua:
3215 4904 3441 4973 aperuit
3472 4904 3545 4968 ci,
3594 4918 3694 4957 cur

2124 4995 2388 5065 propheta
2418 5010 2526 5048 non
2553 4993 2741 5048 esset?

2192 5084 2356 5140 Vens.
2430 5084 2511 5138 t6.
2587 5083 2655 5138 Et
2714 5083 2882 5138 noluit
2939 5082 3110 5152 facere
3169 5080 3325 5136 illud.
3378 5080 3692 5151 Castigatus

2120 5177 2290 5237 cuitu,
2338 5176 2490 5229 novit
2532 5188 2862 5246 quantarum
2895 5174 3274 5229 calamitatum
3308 5172 3512 5243 hospes
3544 5180 3692 5230 esset

2119 5265 2409 5334 cupiditas.

1673 5439 1904 5495 νΑιιιΑε
1942 5439 2341 5497 LEU'I‘IONES.

515 5598 538 5626 '
588 5593 741 5662 Ξύλῳ
762 5589 924 5646 αὐτὸν
949 5591 1273 5662 ἀνήρτησεν.
1322 5592 1379 5645 Ὀ
1414 5594 1532 5647 αὐτ.

1652 5598 1667 5631 ι
1707 5594 1990 5680 T061635
2021 5598 2130 5680 τῷν
2161 5598 2511 5680 στρατὶωτςρν
2535 5596 2697 5680 ιίδὼχ,
2728 5598 2828 5649 οὐκ
2866 5596 3070 5680 ἐτόλμα
3099 5594 3314 5680 πληγὴν
3349 5594 3430 5680 τῷ
3469 5595 3557 5680 διὰ
3589 5595 3688 5665 τῆς

447 5663 625 5741 ,τά-μη,
673 5647 990 5741 πιδηεξέντιη
1014 5647 1352 5741 εεαέργετνι
1371 5663 1527 5741 τιιδει
1555 5664 1662 5741 γριρ
1697 5647 1903 5741 τρρίτςέδ
1925 5647 2834 5741 suos...‘zaga;.jﬁ..e_‘a’,_;.;
2870 5647 3088 5741 mg}.
3126 5647 3374 5722 ‘u‘crL.’
3397 5647 3683 5741 animi;

447 5741 473 5811 ξ
509 5734 565 5785 In
599 5732 841 5811 lfztvalel‘i
874 5732 1060 5811 codice
1086 5732 1301 5811 tidetttr
1330 5732 1520 5811 fuisse,
1553 5732 1697 5811 ρ).αῇ
1727 5732 1990 5791 Neutrum
2027 5746 2195 5811 recte.
2240 5732 2502 5811 lteseribo
2542 5736 2619 5808 τῷ
2663 5737 2729 5802 ις’
2765 5736 2826 5807 ψ.
2879 5736 3082 5792 Confer
3111 5752 3234 5792 cum
3281 5754 3346 5791 eo
3392 5732 3601 5808 psalmo
3632 5744 3687 5791 et

445 5803 717 5869 invenies,
761 5805 951 5871 paucis
984 5810 1191 5856 tantum
1242 5803 1568 5873 immutatis,
1600 5803 1787 5861 eadem
1815 5822 1956 5861 esse.
2025 5821 2050 5849 κ
2082 5809 2258 5861 Scrih.
2316 5803 2478 5861 πιεῖν.
