4018 6230
364 375 499 439 liis

357 595 464 633 νων
497 580 591 632 καὶ
609 581 718 632 τῶν
752 582 963 650 νυκτῶν
999 585 1119 645 ταῖς
1153 585 1410 655 ἡμέραις,
1450 587 1513 639 τὸ
1542 588 1926 658 δωδεκατημό-

358 685 476 741 ριον
510 670 822 741 εὑρίσκεται
849 671 948 739 τῆς
983 674 1212 742 ἀπειλῆς
1234 677 1521 745 ὲπενεχθὲν
1547 677 1624 747 τῷ
1653 678 1786 748 λαῷ.
1817 677 1926 730 Οὖ-

353 775 463 821 τως
481 759 511 811 ό
540 757 918 826 φιλάνθρωπος
946 760 1078 825 Θεὸς
1122 762 1333 831 μείζοσι
1380 766 1477 834 μὲν
1509 766 1776 836 κέχρηται
1805 771 1926 832 ταῖς

354 847 627 910 ἀπειλαῖς,
657 850 783 911 τοὺς
832 851 1248 921 ἁμαρτάνοντας
1280 854 1694 925 δειδιττόμενος,
1744 858 1926 928 πολλῷ

354 934 541 989 δὲτῶν
583 938 819 990 ἀπειλῶν
867 942 1125 1005 ἀλάττους
1175 944 1427 1012 ἐπιφέρει
1479 946 1578 1008 τὰς
1629 947 1921 1016 τιμωρίας.

356 1026 531 1080 Ὅπου
562 1045 626 1096 γε
661 1030 754 1081 καὶ
803 1030 988 1099 χιλίων
1029 1037 1358 1102 τριακοσίων
1396 1045 1427 1082 1
1455 1037 1632 1089 οὐσῶν
1671 1038 1930 1106 χιλιάδων

351 1117 554 1188 δηλαδὴ
585 1119 695 1172 τῶν
716 1119 815 1190 τὴν
845 1123 1245 1193 στρατεύσιμον
1275 1126 1487 1196 ἡλικίαν
1530 1127 1796 1194 ἀγόντων,
1832 1129 1926 1181 καὶ

351 1207 460 1260 τῶν
495 1208 779 1279 προώρων,
818 1213 912 1265 κα)⁸
932 1214 1041 1266 τῶν
1074 1214 1312 1284 ἐξώρων,
1339 1217 1433 1268 καὶ
1468 1218 1652 1286 μέντοι
1698 1219 1791 1270 καὶ
1824 1235 1925 1285 γυ-

356 1298 552 1353 ναικῶν
596 1299 968 1373 ἐξῃρημένων,
1019 1307 1242 1374 προσέτι
1273 1308 1329 1360 δὲ
1379 1308 1474 1360 καὶ
1510 1306 1621 1360 τῶν
1655 1309 1920 1373 Λευῖτῶν,

350 1391 443 1442 καὶ
475 1389 574 1459 τῆς
604 1391 974 1462 Βενιαμίτιδος
1021 1394 1218 1463 φυλῆς.
1269 1396 1759 1465 Μεταμεληθέντος
1814 1399 1924 1469 γὰρ

346 1479 439 1531 τοῦ
468 1479 753 1549 βασιλέως,
783 1483 881 1533 οὐκ
912 1482 1215 1552 ἠριθμήθη.
1256 1484 1660 1553 Ἐϐδομήκοντα
1690 1485 1923 1552 χιλιάδες

349 1569 695 1640 ἀνῃρέθησαν
719 1570 899 1638 μόναι,
942 1574 1036 1625 καὶ
1061 1572 1184 1625 οὐδὲ
1216 1574 1273 1625 ἐν
1298 1573 1493 1641 ἀκαρεῖ
1530 1572 1920 1643 διεφθάρησαν.

347 1659 420 1712 Οὐ
455 1658 559 1728 γὰρ
580 1660 750 1712 ἐδεῖτο
772 1660 964 1730 χρόνου
991 1663 1018 1713 ό
1038 1661 1280 1730 τιμωρὸς
1310 1659 1561 1729 ἄγγελος.
1610 1663 1698 1715 Ἐν
1726 1663 1926 1732 ἀκαρεῖ

343 1752 456 1822 γάρ
488 1751 664 1805 ἀνεῖλε
699 1753 791 1805 καὶ⁵
834 1752 900 1805 τά
932 1752 1040 1807 τῶν
1083 1753 1398 1821 Αἰγυπτίων
1444 1755 1786 1823 πρωτότοκα,
1828 1757 1923 1808 καὶ

346 1842 443 1903 τὰς
475 1842 665 1895 ἑκατὸν
703 1842 795 1920 κοιλΣ
826 1843 1156 1913 ὀγδοήκοντα
1203 1845 1449 1915 χιλιάδας
1469 1847 1577 1899 τῶν
1596 1847 1913 1917 Ἀσσυρίων.
1956 1831 1993 1884 Β

347 1930 459 1995 Τῆς
487 1931 894 2001 φιλανθρωπίας
926 1935 1126 1997 τοίνυν.
1162 1936 1279 1990 ἀλλ’
1301 1938 1363 1990 οὐ
1389 1938 1491 2007 τῆς
1526 1938 1848 2006 ἀδυναμίας,
1890 1940 1919 1989 ὁ

341 2022 555 2090 χρόνος.
592 2022 664 2076 Τὸ
700 2023 760 2076 δὲ
798 2023 974 2094 παρὸν
1015 2026 1178 2105 ῥητὸν
1200 2066 1215 2088 ,
1254 2026 1397 2081 οὕτω
1431 2028 1580 2092 τινὲς
1615 2028 1920 2098 ὴλληγόρη-

344 2128 464 2164 σαν.
526 2114 683 2167 Κατὰ
739 2114 889 2169 θείαν
927 2116 1152 2186 ὀργὴνό
1207 2117 1435 2180 θάνατος
1492 2119 1785 2188 ἐπεκράτει
1822 2119 1917 2172 τοῦ

342 2202 472 2256 λαοῦ
503 2203 706 2273 Κυρίου
737 2204 930 2275 μέχρις
960 2206 1110 2278 ὥρας
1140 2208 1361 2279 ἀρίστου
1386 2224 1399 2239 ⁸
1445 2210 1554 2263 ἀπὸ
1599 2199 1700 2279 τῆς
1741 2202 1917 2279 ἀρχῆς

342 2294 436 2347 τοῦ
463 2294 679 2361 αἰῶνος,
712 2297 874 2367 μέχρι
900 2296 995 2350 τοῦ
1027 2298 1223 2369 καιροῦ
1252 2302 1354 2369 τῆς
1385 2298 1690 2370 τραπέζης,
1715 2299 1916 2370 δηλαδὴ

347 2386 509 2455 μέχρι
538 2385 808 2456 κατῆλθεν
867 2389 897 2442 ὁ
942 2389 1133 2459 νοητὸς
1177 2389 1346 2459 ἄρτος
1395 2387 1457 2454 ἐξ
1486 2391 1738 2460 οὐρανοῦ.
1780 2391 1914 2443 Τότε

342 2478 451 2544 γὰρ
475 2477 568 2527 τὸν
595 2475 937 2549 όλοθρευτὴν,
971 2478 1062 2531 καὶ
1101 2478 1351 2545 θάνατον,
1400 2480 1745 2551 δυσωπηθεὶς
1784 2498 1917 2533 κατ-

346 2564 534 2615 έλυσεν
566 2565 595 2614 ὁ
621 2564 772 2628 Θεός.
801 2567 896 2629 Ὃς
925 2565 1155 2638 ἐπείπερ
1176 2567 1358 2637 ἦθελε,
1377 2570 1474 2622 καὶ
1502 2572 1612 2631 τοῖς
1635 2570 1734 2638 τὴν
1755 2559 1918 2636 άγίάν

343 2654 553 2708 οἰκοῦσι
581 2657 733 2709 πόλιν
752 2697 766 2720 ,
797 2656 896 2728 τὴν
927 2657 1277 2730 Ἐκκλησίαν,
1328 2659 1428 2732 τὴν
1458 2661 1778 2733 φθοροποιὸν
1816 2663 1915 2714 ὲπ-

344 2749 568 2810 αψείναι
603 2751 781 2819 χεῖρα,
836 2750 959 2802 τότε
1015 2750 1298 2819 κελειλεται
1331 2752 1649 2806 παύσασθαι
1695 2753 1804 2806 τῶν
1830 2752 1918 2807 διὰ

346 2836 547 2900 ζῶντος
576 2841 740 2909 ἄρτου
772 2839 1164 2913 τελειουμένων
1200 2844 1502 2912 οἰκητόρων
1539 2846 1640 2914 τῆς
1685 2844 1919 2916 Ἐκκλη-

347 2926 486 2989 σίας.
523 2945 542 2977 ι
582 2927 955 2998 Δεδοξασμένα
985 2932 1112 3001 γὰρ,
1142 2933 1330 3001 φησιν,
1364 2933 1601 3002 ἐλαλήθη
1638 2935 1761 3005 περί⁵
1795 2934 1913 3001 σοῦ,

346 3019 382 3088 ἡ
410 3017 565 3082 πόλις
609 3018 703 3073 τοῦ
745 3019 903 3074 Θεοῦ.
942 3040 962 3073 ›
997 3023 1071 3073 Οὐ
1125 3023 1233 3093 γὰρ
1257 3023 1364 3076 ἔδει
1403 3026 1558 3094 νικᾷν
1589 3027 1683 3079 τὸν
1725 3025 1918 3095 ἐχθρὸν

351 3107 491 3177 μετά
510 3108 607 3178 τὴν
636 3108 907 3175 ἀνάδειξιν
934 3109 1028 3163 τοῦ
1064 3111 1261 3182 καιροῦ
1293 3114 1393 3183 τῆς
1424 3114 1585 3180 ἁγίας
1613 3115 1914 3185 τραπέζης,

344 3200 416 3268 ἢν
460 3202 489 3253 ό
534 3199 626 3254 τοῦ
661 3188 883 3271 ἀρίστοῖι
916 3203 1105 3273 καιρὸς
1131 3204 1526 3257 ὑπαινίττεται.
1572 3205 1632 3259 '0
1653 3206 1710 3258 δὲ
1739 3204 1917 3268 σώσας

346 3291 601 3361 Χριστὸς,
626 3291 702 3354 ὡς
733 3294 789 3345 ὲν
820 3293 1096 3364 προσώπῳ
1121 3294 1409 3365 νοούμενος
1432 3293 1527 3348 ἰοό
1567 3295 1829 3365 Χριστοῦ.
1859 3295 1919 3358 ὃς

348 3382 539 3435 ἑαυτὸν
565 3382 703 3451 ὑπὲρ
724 3383 880 3453 ἡμῶν
903 3384 1324 3454 προσενήνοχεν,
1354 3383 1551 3437 ἑαυτοῦ
1577 3385 1750 3461 λέγων
1779 3382 1920 3439 εἶναι

347 3472 443 3542 τὴν
463 3473 761 3542 ἁμαρτίαν,
793 3473 823 3525 ό
850 3473 925 3544 μὴ
954 3474 1110 3536 εἰδὼς
1135 3475 1430 3545 ἁμαρτίαν.
1469 3474 1644 3537 Αὐτὸς
1682 3475 1792 3546 γάρ
1821 3475 1922 3548 τὴν

345 3562 621 3632 ἁμαρτίαν
651 3563 805 3633 ἡμῶν
836 3564 1006 3633 αἴρει,
1039 3566 1168 3634 περὶ
1202 3565 1363 3635 ἡμῶν
1409 3565 1685 3631 όδυνᾶται,
1721 3567 1818 3620 καὶ
1846 3568 1922 3631 ὡς

348 3654 551 3727 ποιμὴν
583 3656 783 3724 ἀγαθὸς
833 3657 933 3727 τὴν
958 3656 1138 3728 ψυχὴν
1168 3656 1337 3710 αὐτοῦ
1366 3658 1611 3711 τέθεικεν
1643 3659 1784 3730 ὑπὲρ
1808 3659 1918 3712 τῶν

347 3746 657 3816 προϐάτων.
686 3749 794 3802 Καὶ
828 3748 951 3802 καθ’
983 3749 1226 3819 ἱστορίαν
1260 3751 1368 3821 γὰρ
1400 3753 1428 3804 ὁ
1464 3750 1630 3804 Δαόὶδ
1652 3788 1669 3813 ,
1710 3750 1923 3819 ἀγνοῶν

347 3838 445 3907 τὴν
477 3840 677 3904 αἰτίαν,
701 3840 908 3894 οἰκείαν
936 3841 1217 3914 ἁμαρτίαν
1241 3842 1304 3895 τὸ
1331 3844 1704 3912 γεγενημένον
1727 3843 1891 3896 ὲκάλε
1907 3869 1923 3883 ο

352 3945 469 3985 σεν.

420 4106 768 4174 Κτῆσασθαι
798 4110 956 4175 παρὰ
981 4108 1100 4171 σοῦ
1127 4106 1241 4177 τὴν
1264 4106 1412 4163 ἅλω.
1451 4107 1577 4178 Τὴν,
1593 4107 1923 4178 Ἐκκλησίαν

350 4202 385 4269 ἡ
417 4201 559 4262 ἄλως
587 4202 766 4260 τυποῖ,
806 4198 872 4252 δι’
899 4195 967 4272 ἧς
1001 4201 1028 4251 ὁ
1066 4198 1299 4262 θάνατος
1329 4199 1585 4251 παύεται.
1621 4194 1784 4262 Οἶκος
1814 4200 1924 4271 γάρ

349 4294 466 4345 ἐστι
488 4293 586 4359 τῆς
614 4293 751 4344 κατὰ
782 4290 942 4358 φύσιν
970 4291 1134 4360 ζωῆς,
1172 4291 1417 4343 τουτέστι
1450 4291 1709 4362 Χριστοῦ.
1747 4291 1834 4358 ἐφ’
1857 4292 1926 4361 ἢν

344 4383 638 4452 δράγματα
694 4381 862 4452 ἣγουν
930 4380 1216 4450 ἀσταχύων
1267 4380 1615 4447 συλλέγονται
1670 4382 1826 4452 δίκην
1874 4382 1923 4435 οί

1390 382 1922 447 COMMENTARII
1953 388 2037 450 IN
2073 388 2219 451 LIB.
2254 390 2318 451 II
2350 390 2645 452 REGUM.

441 488 537 540 Ἐκ
565 489 818 554 πρωΐθεν
851 487 961 556 ἕως
980 486 1134 557 ὥρας
1158 490 1429 559 ἀρίστου.
1476 497 1919 569 Συναριθμουμέ·
1950 506 1991 557 Α

3464 386 3603 453 1148

2103 502 2265 559 Vens.
2291 504 2374 559 15.
2413 505 2457 558 Α
2487 518 2644 557 mane
2675 517 2840 570 usque
2872 501 2941 555 ad
3006 500 3193 553 horam
3227 497 3462 565 prandii.
3493 500 3604 556 No-

2028 596 2209 652 rtibus
2253 597 2417 650 etiam
2478 594 2670 649 diebus
2721 592 3155 653 connumeratis,
3219 589 3605 652 duodecimam

2027 685 2290 740 duntaxat
2338 698 2624 754 ptenarum
2660 691 2886 750 partem.
2924 696 3063 750 quas
3089 680 3228 735 Deus
3250 682 3331 735 eis
3372 679 3611 734 comini-

2027 785 2192 832 natus
2218 777 2414 837 fuerat,
2449 778 2530 831 eis
2556 776 2851 845 irrogatam
2897 774 3071 827 fuisse
3110 772 3450 849 invenimus.
3517 773 3603 826 Ita

2030 869 2357 923 misericors
2384 865 2533 922 Deus
2566 867 2856 919 atrocibus
2889 865 3053 918 minis
3080 871 3394 932 peccatores
3415 862 3602 917 deter-

2027 974 2179 1018 rcns,
2213 958 2448 1020 minore,
2473 971 2639 1024 quam
2654 956 3023 1009 comminatus
3045 952 3246 1016 fuerat,
3267 953 3320 1005 in
3337 952 3602 1019 exigenda

2027 1062 2189 1119 poena
2235 1048 2530 1102 severitate
2554 1060 2688 1099 usus
2709 1052 2814 1098 est.
2847 1044 2980 1099 Cum
3014 1044 3162 1097 enim
3194 1042 3401 1096 fuerint
3416 1041 3602 1095 decies

2026 1145 2254 1192 centena
2306 1137 2500 1194 millia,
2561 1134 2660 1202 qui
2710 1134 2822 1202 apti
2881 1141 3038 1186 erant
3094 1132 3325 1194 militiai,
3358 1130 3602 1197 exceptis

2027 1226 2410 1291 grandioribus
2438 1232 2591 1285 natu,
2634 1235 2687 1276 et
2743 1204 2903 1277 aetate
2946 1222 3279 1284 immaturis,
3339 1228 3601 1289 prmtcrea

2026 1317 2253 1374 Levitis.
2305 1325 2359 1370 et
2415 1316 2564 1369 tribu
2630 1314 3183 1383 Benjamitica,qum,
3220 1312 3602 1380 pmnitenliam

2026 1416 2221 1474 agente
2256 1421 2385 1476 rege
2412 1414 2634 1473 propter
2671 1404 2775 1456 hoc
2804 1410 3118 1471 peccatum,
3181 1417 3289 1453 nun
3318 1407 3599 1452 numerata

2025 1506 2131 1558 est,
2153 1498 2495 1563 Septuaginta
2530 1494 2701 1546 millia
2728 1493 2971 1546 virorum
3001 1490 3218 1544 sublata
3252 1497 3399 1543 sunt.
3417 1485 3609 1555 Neque

2027 1594 2251 1656 repente.
2286 1585 2486 1638 mortui
2523 1591 2673 1649 sunt,
2706 1597 2820 1636 non
2862 1581 3007 1635 enim
3044 1589 3289 1648 tempore
3319 1577 3604 1645 indigebat
3652 1606 3655 1611 -

2026 1680 2250 1748 angelus
2284 1684 2548 1730 vastator.
2583 1673 2825 1743 Repente
2857 1686 3006 1734 vero,
3055 1680 3108 1724 et
3164 1669 3352 1725 subito
3408 1675 3603 1723 sustu-

2027 1770 2088 1823 lit
2171 1783 2277 1822 non
2325 1767 2486 1820 modo
2541 1763 2925 1835 Egyptiurum
2970 1762 3354 1832 primogenita,
3402 1759 3497 1815 sed
3545 1766 3603 1812 et

2022 1867 2241 1913 centum
2271 1858 2550 1926 octoginta
2596 1854 2748 1908 mille
2792 1854 3169 1924 Assyriorum.
3226 1850 3467 1919 Tempus
3498 1850 3604 1918 igi-

2021 1960 2109 2005 tur
2138 1950 2243 2004 hoc
2260 1949 2458 2003 divinae
2482 1962 2609 2018 erga
2642 1947 2893 2001 homines
2930 1945 3217 2007 bonitatis,
3272 1958 3380 1996 non
3419 1943 3601 2010 impo-

2021 2039 2203 2095 tentiae
2254 2046 2341 2094 est
2378 2046 2794 2107 argumentum.
2845 2033 3191 2088 Praesentem
3254 2044 3389 2086 vero
3418 2032 3600 2091 locum

2019 2129 2240 2200 quidam
2301 2143 2396 2197 per
2424 2127 2743 2196 allegoriam
2804 2125 2955 2178 hunc
2997 2124 3052 2177 in
3088 2122 3307 2175 modum
3338 2133 3602 2188 exposue-

2021 2230 2170 2276 runt.
2214 2222 2381 2281 Mors.
2406 2230 2629 2289 propter
2675 2220 2813 2272 iram
2843 2217 2959 2282 Dei,
3016 2215 3221 2285 popqu
3254 2212 3465 2266 Domini
3529 2211 3600 2266 ad

2020 2313 2314 2384 prandium
2349 2326 2528 2381 usque
2573 2308 2984 2363 dominabatur.
3033 2305 3116 2360 Ab
3154 2303 3381 2358 exordio
3427 2318 3601 2356 saccu-

2022 2407 2221 2466 lorum,
2248 2416 2427 2472 usque
2461 2400 2528 2455 ad
2562 2408 2778 2468 tempus
2808 2396 3048 2468 prandii,
3101 2395 3278 2449 donec
3339 2393 3601 2447 videlicet

2020 2494 2177 2563 panis
2208 2489 2572 2560 intelligibilis
2605 2486 2835 2559 (νοητὸς)
2854 2486 2922 2542 de
2950 2486 3090 2540 cmlo
3116 2480 3603 2538 descendil.Tunc

2017 2585 2163 2640 enim
2191 2582 2459 2638 Dominus
2488 2581 2733 2647 placatus
2765 2586 3097 2633 vastatorem
3159 2575 3316 2628 illum
3359 2584 3414 2627 et
3444 2587 3596 2625 mor-

2021 2685 2127 2731 tem
2185 2674 2441 2731 dissolvit
2490 2682 2544 2730 et
2574 2670 2934 2740 compescuit.
2988 2668 3090 2734 Qui
3145 2662 3595 2736 quandoquidem

2019 2775 2266 2823 sanctam
2304 2765 2521 2829 urbem,
2556 2778 2747 2832 nempe
2803 2759 3133 2824 Ecclesiam,
3157 2757 3485 2815 incolentes,
3510 2760 3595 2807 ta—

2021 2856 2184 2912 hil’lca
2210 2870 2374 2909 manu
2412 2854 2684 2925 attingere
2708 2851 2906 2915 voluit,
2944 2843 3093 2903 nunc
3122 2849 3411 2918 quiescere
3435 2846 3599 2915 jube—

2020 2958 2131 3012 tur,
2166 2945 2427 3000 ECclesize
2469 2944 2687 2997 civibus
2724 2951 2782 2996 et
2808 2939 3027 3002 incolis,
3064 2955 3159 3008 per
3190 2940 3465 2990 viventem
3497 2950 3594 3002 pa-

2020 3056 2144 3094 nem
2172 3033 2536 3092 consecratis.
2572 3051 2591 3082 ι
2627 3029 2918 3101 Magnifica
2963 3031 3135 3090 enim,
3161 3027 3359 3095 inquit,
3417 3039 3450 3079 ο
3502 3023 3605 3079 Dei

2020 3133 2238 3194 civitas,
2265 3130 2332 3184 de
2372 3138 2424 3183 te
2445 3127 2593 3182 dicta
2624 3132 2756 3180 sunt
2782 3123 2846 3178 '°.
2891 3141 2909 3172 ι
2962 3119 3085 3174 Non
3115 3119 3262 3175 enim
3310 3117 3596 3171 inimicum

2024 3225 2250 3279 ulterius
2282 3222 2500 3275 vincere
2520 3217 2825 3287 oportebat,
2855 3219 3145 3283 postquam
3177 3224 3350 3265 sacrae
3395 3221 3606 3261 mensa:

2020 3324 2236 3383 tempus
2295 3308 2566 3379 apparuit,
2629 3304 2776 3376 quod
2824 3302 3060 3374 'prandii
3121 3309 3336 3368 tempus
3368 3298 3605 3352 latenter

2018 3406 2218 3458 innuit.
2250 3399 2505 3454 Christus
2535 3405 2716 3450 autem
2749 3394 3011 3447 Servator
3039 3389 3283 3458 seipsum
3310 3401 3408 3456 pro
3440 3385 3607 3440 nobis

2021 3494 2242 3557 obtulit,
2274 3506 2434 3546 suum
2472 3489 2665 3543 dicens
2697 3501 2820 3540 esse
2851 3493 3158 3553 peccatum,
3187 3478 3280 3548 qui
3308 3488 3599 3547 peccatum

2023 3599 2130 3639 non
2181 3587 2436 3636 noverat.
2490 3576 2614 3647 Ipse
2662 3575 2808 3630 enim
2840 3582 3063 3643 peccata
3093 3579 3282 3625 nostra
3311 3567 3475 3631 tollit,
3542 3572 3603 3618 et

2025 3682 2246 3742 propter
2292 3686 2394 3726 nos
2471 3669 2694 3723 dolores
2736 3666 2995 3727 sustinet,
3054 3674 3132 3726 et,
3203 3658 3372 3714 veluti
3419 3658 3610 3713 bonus

2025 3772 2231 3834 pastor,
2266 3762 2514 3815 animam
2549 3773 2709 3813 suam
2736 3756 2914 3827 posuit
2949 3767 3048 3822 pro
3081 3751 3301 3806 ovibus.
3328 3748 3483 3813 Nam,
3512 3761 3607 3802 ιε·-

2022 3854 2265 3911 cundum
2329 3851 2638 3914 historiam,
2687 3847 2877 3912 David,
2936 3860 3122 3898 veram
3198 3852 3252 3896 et
3324 3840 3608 3910 propriam

2023 3959 2249 4000 causam
2298 3943 2578 4012 ignorans,
2608 3938 2660 3994 id
2690 3941 2833 4007 quod
2885 3934 3091 3988 farttun
3123 3939 3207 3987 est
3244 3944 3403 3984 suum
3430 3926 3603 3997 ipsius

2025 4045 2314 4107 peccatum
2356 4032 2615 4103 appellat.

2096 4128 2259 4198 523
2292 4125 2455 4180 Vsus.
2479 4123 2569 4176 2|.
2597 4121 2665 4176 Ut
2696 4121 2974 4191 acquiram
2992 4134 3024 4170 a
3051 4126 3099 4169 te
3123 4130 3325 4175 areum,
3347 4121 3450 4166 etc.
3468 4110 3602 4164 Haec

2026 4234 2152 4273 area
2182 4226 2370 4289 typum
2395 4217 2543 4285 gerit
2568 4213 2843 4275 Ecclesiae,
2884 4226 2980 4281 per
3007 4223 3171 4279 quam
3222 4220 3369 4259 mors
3389 4214 3599 4277 cessat.

2027 4311 2234 4364 Domus
2259 4296 2405 4361 enim
2438 4316 2524 4362 est
2560 4305 2830 4358 naturalis
2871 4304 3016 4363 vitae,
3062 4300 3163 4353 hoc
3184 4306 3269 4350 est
3290 4295 3514 4360 Christi,
3539 4294 3605 4348 in!

2028 4414 2190 4469 quam
2229 4399 2328 4468 pii,
2364 4395 2721 4451 sermonibus
2776 4402 3092 4448 sanctorum
3121 4386 3354 4442 demessi
3387 4384 3455 4439 de
3498 4386 3612 4438 hoc'

343 4474 437 4528 διὰ
456 4474 553 4527 τοῦ
583 4473 745 4540 λόγου
768 4473 876 4526 τῶν
897 4473 1066 4542 ἁγίων
1099 4472 1407 4544 κειρόμενοι
1443 4474 1551 4525 ἀπὸ
1582 4472 1811 4541 κόσμου,
1844 4473 1920 4536 ὡς

2026 4491 2255 4553 mundo,
2292 4488 2699 4556 manipulorum
2729 4486 2782 4537 in
2807 4482 3030 4537 modum
3063 4480 3423 4547 colliguntur,
3452 4484 3511 4529 ut
3543 4475 3607 4528 iw

348 4567 417 4621 ἂν
449 4570 529 4630 είς
560 4565 655 4629 τὰς
684 4567 797 4619 ἀνω
839 4563 1258 4635 συγκομισθεῖεν
1302 4565 1471 4628 αὐλὰς
1493 4605 1509 4629 ,
1557 4564 1807 4635 καθάπερ
1841 4568 1920 4632 είς

344 4657 637 4726 ἀποθήκην
689 4656 1035 4725 δεσποτικὴν,
1073 4655 1213 4725 μετά
1254 4654 1355 4725 τὴν
1389 4655 1499 4707 τῶν
1551 4655 1920 4726 ἀχρειοτέρων

345 4748 441 4801 καὶ
463 4747 730 4816 περιττῶν
753 4744 1010 4799 ἀπόθεσιν
1031 4745 1352 4814 πράγματός
1383 4761 1439 4797 τε
1474 4744 1610 4815 ὁμοῦ
1668 4744 1762 4798 καὶ
1787 4762 1920 4817 φρο-

302 4839 607 4917 ’νήματοθ
633 4839 771 4907 ὅπερ
800 4837 875 4901 ὼς
916 4840 975 4891 ὲν
996 4837 1129 4891 εῖδει
1162 4837 1274 4890 τῶν
1301 4837 1526 4907 ἀχύρων
1549 4840 1767 4892 νοεῖται.
1799 4839 1919 4893 Διό-

343 4947 455 5001 περ
488 4932 684 5001 φησίν·
724 4949 743 4981 ι
787 4931 1063 5001 Ἐπάρατε
1101 4929 1227 4993 τοὺς
1246 4929 1560 4999 ὀφθαλμοὺς
1604 4929 1793 5000 ὑμῶν,
1825 4932 1919 4985 καὶ

346 5022 612 5075 θεάσασθε
637 5022 735 5084 τὰς
761 5021 966 5092 χώρας,
997 5023 1080 5077 ὅτι
1108 5021 1298 5075 λευκαί
1339 5023 1445 5074 είσι
1492 5022 1629 5092 πρὸς
1659 5021 1919 5093 θερισμὸν

345 5112 468 5182 ἤδη,
506 5133 525 5162 ι
554 5116 581 5167 ὁ
604 5108 834 5182 θέρίξων
877 5113 1064 5184 μισθὸν
1094 5113 1384 5183 λαμΰάνει.
1413 5114 1521 5165 Καὶ
1553 5113 1747 5166 πάλινο
1786 5133 1805 5165 ι
1857 5114 1916 5165 '0

348 5204 448 5273 μὲν
487 5202 745 5273 θερισμὸς
775 5202 962 5265 πολὺς,
987 5204 1036 5255 οἱ
1071 5202 1126 5256 δὲ
1155 5203 1387 5273 ἐργάται
1434 5202 1624 5270 ὀλίγοι,
1662 5222 1680 5253 ι
1720 5205 1816 5257 καὶ
1846 5206 1916 5257 τὰ

346 5294 499 5362 ἑξῆς.
547 5294 656 5347 Καὶ
687 5293 820 5363 περὶ
868 5294 1110 5364 Χριστοῦ
1141 5312 1304 5364 φησιν
1357 5294 1645 5363 Ἰωάννης·
1695 5314 1713 5346 ι
1752 5291 1825 5350 Οὖ
1857 5297 1919 5349 τὸ

347 5384 519 5438 πτύον
535 5386 594 5437 ἐν
615 5388 682 5456 τῇ
712 5387 857 5456 χειρὶ
890 5385 1076 5451 αὐτοῦ,
1117 5387 1212 5438 καὶ
1245 5386 1591 5454 διακαθαριεῖ
1620 5386 1716 5457 τὴν
1740 5388 1919 5441 ἅλωνα

421 5504 467 5536 ³⁸
492 5501 641 5559 Psal.
671 5507 969 5568 tumuli.
1073 5507 1115 5537 τί
1157 5504 1311 5559 lum.
1367 5508 1555 5570 ιιγ,55.

2024 4583 2204 4636 aulam
2245 4579 2552 4639 cmlestem,
2592 4586 2852 4644 tanquam
2885 4575 2938 4626 in
2977 4571 3152 4626 herile
3175 4570 3428 4622 horreum
3444 4582 3605 4619 com-

2023 4680 2348 4743 portentur,
2382 4665 2841 4737 quemadmodum
2883 4678 2947 4720 ex
2998 4660 3285 4730 palearum
3337 4657 3612 4711 similitu-

2025 4764 2154 4818 dine
2202 4759 2556 4828 intelligitur.
2619 4754 3188 4822 Quamobretninquit
3232 4767 3245 4802 :
3290 4768 3309 4801 ι
3358 4747 3613 4802 Διιυίίιισ

2026 4852 2215 4906 oculos
2238 4852 2478 4912 vestros,
2517 4856 2572 4901 et
2588 4844 3038 4914 contemplamini
3073 4857 3255 4912 agros.
3287 4840 3403 4894 albi
3451 4841 3608 4891 citius

2022 4943 2132 5013 jam
2178 4947 2301 4995 sunt
2332 4940 2399 4994 ad
2432 4953 2664 4992 messem
2695 4937 2765 5003 ",
2808 4955 2827 4988 ι
2864 4949 3077 4990 messor
3103 4931 3415 4987 mercedem
3452 4928 3606 4980 acciv

2027 5033 2124 5102 pit.
2150 5029 2213 5083 Et
2237 5031 2432 5085 iterum
2473 5045 2487 5082 :
2527 5047 2545 5079 ι
2594 5027 2791 5082 Messis
2818 5026 2988 5081 multa
3020 5018 3609 5093 quidem,.pancivero

2026 5136 2300 5177 messores
2321 5121 2391 5182 ⁸³,
2433 5137 2453 5171 ι
2486 5131 2543 5174 et
2571 5133 2693 5188 quae
2728 5128 3054 5186 sequuntur.
3123 5115 3195 5167 De
3246 5109 3470 5164 Christo
3521 5107 3599 5160 im

2021 5214 2144 5283 quit
2187 5210 2426 5267 Joannes
2465 5226 2480 5263 ι
2524 5227 2543 5262 ι
2573 5210 2745 5279 Cujus
2779 5206 3146 5262 ventilabrum
3177 5205 3231 5255 in
3273 5199 3602 5264 manu-ejusv

2023 5312 2079 5358 et
2110 5303 2425 5373 repurgabit
2475 5316 2659 5357 aream
2694 5315 2876 5361 suam,
2935 5303 2989 5350 et
3021 5293 3292 5347 convehet
3354 5290 3605 5343 triticum

2024 5395 2271 5451 suumin
2309 5397 2588 5456 horreum,
2629 5392 2812 5461 paleas
2848 5397 3031 5442 autem
3062 5386 3172 5458 igni
3233 5381 3601 5451 inexstiiiguiv

1648 5510 1691 5541 "
1727 5506 1921 5565 Matth.
1964 5528 2041 5581 ix,
2074 5516 2164 5571 51.

1154 5708 1157 5711 _
1644 5624 1879 5680 unus
1921 5626 2305 5689 LECTIONES

421 5714 533 5767 τιτι
569 5705 1031 5788 cmlireLm-atcri
1066 5713 1343 5788 videtura‘
1371 5716 1558 5775 fuisse.
1595 5719 1923 5785 τριακοσίων
1945 5735 1959 5750 ο
2006 5726 2096 5778 sed
2140 5733 2284 5781 recta
2322 5731 2405 5780 est
2438 5723 2609 5778 nostri
2641 5721 2847 5777 codicis
2876 5719 3060 5783 lectio,
3096 5733 3217 5773 nam
3254 5725 3373 5786 post
3403 5715 3584 5788 pupuli
3620 5714 3629 5731 '

353 5800 514 5839 item
551 5790 728 5838 ioncm
775 5785 989 5837 iuventa
1030 5793 1156 5838 sunt
1189 5786 1456 5841 tit-decies
1486 5797 1711 5839 centena
1739 5788 1936 5842 millia.
