4018 6230
477 344 611 412 1137

1801 348 2118 411 PROCOPI
2126 347 2152 408 Ι
2185 345 2431 408 ῧΑΖιΈΙ

3580 341 3698 412 1148

475 458 568 512 bili
601 460 883 516 comburet
905 459 970 514 ³³.
994 479 1011 512 ι
1050 459 1199 515 Hanc
1217 460 1386 531 igitur
1415 473 1594 513 aream
1626 459 2027 530 intelligibilem

2151 456 2320 521 ιύτοῦ,
2355 457 2450 509 καὶ
2484 451 2701 520 συνάξει
2743 456 2836 510 τὸν
2887 454 3034 510 οἶτον
3061 455 3230 510 αὑτοῦ
3261 455 3339 518 είς
3373 454 3473 526 τὴν
3509 456 3699 526 dmon-

476 547 706 620 (νοητὸν)
734 549 980 603 Christus
1017 550 1411 620 quinquaginta
1461 548 1634 613 siclis,
1669 549 1772 602 hoc
1795 557 1900 610 est,
1931 563 2043 602 non

485 654 656 707 parvo
675 641 850 709 pretio
878 639 1032 694 emit.
1061 639 1328 694 Caeterum
1374 654 1664 694 numerum
1695 653 1915 710 quoque
1953 639 2046 694 de-

477 728 1098 796 clarantdimissionis;
1131 729 1370 798 seipsum
1405 729 1550 783 enim
1605 727 1758 783 dedit
1813 742 1912 797 pro
1958 741 2042 792 ea,

478 827 533 873 et
570 834 718 872 aram
758 819 813 873 in
846 819 936 872 illa
961 819 1163 889 posuit.
1204 817 1272 872 Et
1323 819 1768 889 quandoquidem
1795 833 2046 873 summus

484 917 563 964 est
601 909 870 978 pontifex,
904 910 1022 978 ipse
1042 911 1526 980 seipsumqnoque
1556 909 1891 962 sacriﬁcium
1945 908 2048 961 ob-

479 1001 623 1064 tulit,
681 1000 841 1069 cujus
889 1001 969 1054 rei
1019 1010 1206 1072 typum
1273 1001 1482 1054 vitulus
1515 999 1570 1054 in
1621 1013 1751 1054 area
1778 1005 2047 1053 mactatus

478 1093 744 1161 praetulit.
788 1091 853 1144 Et
917 1089 1096 1146 fartus
1145 1099 1230 1146 est
1281 1091 1680 1156 holocaustum,
1733 1097 1787 1143 et
1823 1087 2048 1159 pacillca

479 1183 682 1236 hu'stia.
712 1183 1001 1236 Sublatum
1039 1184 1183 1237 enim
1214 1191 1300 1238 est
1331 1183 1383 1236 in
1418 1183 1638 1238 Christo
1670 1183 2044 1239 interstitium.

478 1269 600 1341 lpse
635 1279 720 1327 est
753 1286 856 1341 pax
881 1280 1092 1338 nostra,
1119 1271 1276 1342 juxta
1308 1271 1623 1342 Scripturas
1653 1272 1736 1324 ’δι

551 1537 712 1593 Vens.
737 1537 830 1592 24.
855 1537 1150 1593 Possidebo
1179 1556 1212 1593 a
1241 1539 1366 1593 tein
1386 1540 1792 1608 permutatione,
1825 1548 1929 1595 etc.
1947 1540 2040 1595 Sa-

489 1630 675 1684 lomon
709 1629 841 1684 dicit
873 1648 886 1684 :
931 1647 950 1680 ι
986 1629 1202 1686 llonora
1228 1629 1514 1684 Dominum
1552 1630 1802 1698 dejustis
1833 1631 1941 1686 tuis
1973 1631 2051 1685 la-

2145 564 2270 616 κην,
2300 547 2362 600 τὸ
2391 547 2446 600 δὲ
2474 547 2676 618 ἄχυρον
2709 548 3052 602 κατακαύσει
3075 547 3209 618 πυρὶ
3241 546 3508 616 ἀσϐέστῳ.
3530 566 3548 598 ι
3568 547 3698 600 Ταύ-

2143 655 2244 706 την
2271 637 2378 709 ἄρα
2405 638 2506 708 τὴν
2532 638 2647 692 ᾇλω
2675 638 2774 709 τὴν
2799 639 2999 709 νοητὴν
3020 639 3314 710 ὲξεπρίατο
3333 638 3564 709 Χριστος
3585 653 3701 690 πεν·

2146 731 2385 800 τήκοντα
2417 729 2618 783 σίκλων
2642 745 2658 760 ·
2701 730 3010 794 τουτέστιν,
3049 731 3153 782 οὐκ
3202 729 3456 800 ἐλαφρῶν
3481 730 3703 800 τιμημά-

2146 837 2272 875 των.
2301 821 2464 874 Ἀλλὰ
2492 822 2587 874 καὶ
2611 821 2704 874 τὸν
2729 821 2964 892 ἀριθμὸν
2993 821 3319 890 ἐμφαίνουσι
3341 821 3440 889 τῆς
3455 821 3703 889 ἀφέσεως.

2157 910 2382 964 Ἑαυτὸν
2395 909 2510 980 γὰρ
2529 909 2760 963 δέδωκεν
2782 909 2923 978 ὑπὲρ
2948 910 3137 978 αὐτῆς,
3157 911 3251 962 καὶ
3281 907 3481 976 ἔπηξεν
3505 910 3560 960 ὲν
3583 909 3705 979 αὐτῇ

2148 999 2554 1070 θυσιαστήριον.
2583 1001 2692 1054 Καὶ
2723 1000 2954 1070 ἐπείπερ
2985 1001 3134 1052 ἐστὶν
3165 999 3482 1068 ἀρχιερεὺς,
3511 998 3603 1050 καὶ
3622 999 3709 1050 αύ-

2147 1091 2238 1154 τὺς
2262 1090 2324 1142 τὸ
2353 1089 2502 1161 θῦμα
2533 1091 2935 1162 πρρσεκόμισεν
2979 1089 3170 1144 ἑαυτὸν
3191 1131 3206 1152 ,
3232 1089 3310 1152 ὡς
3345 1091 3404 1142 ὲν
3437 1087 3592 1158 τύπῳ
3630 1086 3712 1141 τοῦ

2149 1181 2407 1244 ἀλοῦντος
2466 1181 2692 1253 μρσχου.
2761 1181 2874 1236 Καὶ
2927 1183 3152 1250 γέγονεν
3207 1179 3592 1248 ὁλοκαύτωμα,
3631 1178 3702 1230 κα

2149 1269 2402 1342 εἰρηνικὴ
2426 1271 2608 1326 θυσία.
2647 1271 2885 1325 Λέλυται
2911 1271 3018 1342 γὰρ
3053 1271 3116 1323 τὸ
3149 1268 3490 1340 μεσολαόοὖν
3519 1269 3577 1320 ὲν
3599 1267 3710 1337 Χριο

2153 1364 2284 1434 στῷ.
2341 1364 2513 1428 Αὐτὸς
2563 1364 2673 1436 γάρ
2727 1367 2874 1419 ἐστιν
2910 1367 2944 1436 ἡ
2998 1366 3191 1435 εἰρήνη
3248 1363 3406 1434 ήμῶν
3461 1361 3604 1416 κατὰ
3633 1360 3716 1423 τὰς

2150 1456 2396 1526 Γραφάς.

2220 1547 2530 1616 κτήσομαι
2581 1547 2740 1616 παρὰ
2804 1546 2923 1602 σοῦ
2970 1548 3040 1600 ἐν
3085 1543 3449 1614 duch-pan.
3511 1542 3722 1612 Ὠφελη-

2151 1635 2262 1698 θεὶς
2281 1637 2371 1690 τὸν
2395 1638 2530 1691 πατέ
2540 1656 2607 1708 ρα
2630 1640 2724 1692 καὶ
2749 1637 3000 1706 Σολομὼν
3020 1639 3146 1708 ἔφη·
3175 1658 3196 1690 ι
3219 1639 3364 1706 Τίμα
3393 1636 3490 1689 τδν
3531 1634 3720 1704 Κύριον

479 1719 723 1784 boribus.
751 1729 803 1774 et
834 1721 1032 1790 largire
1057 1722 1106 1776 ei
1136 1721 1204 1776 de
1225 1722 1334 1776 tuis
1357 1721 1624 1776 fructibus
1650 1723 1880 1793 iustitiae
1911 1723 2000 1776 “2
2021 1741 2041 1776 ι

2151 1727 2259 1780 ἀπὸ
2292 1727 2400 1780 σῶν
2429 1728 2655 1782 δικαίων
2686 1730 2884 1796 πόνων,
2916 1732 3010 1784 καὶ
3030 1730 3282 1799 ἀπάρχου
3314 1726 3470 1797 αὐτῷ
3496 1725 3604 1780 ἀπὸ
3628 1724 3722 1777 σῶν

479 1807 536 1862 In
581 1810 671 1865 illo
705 1825 834 1865 vero
861 1787 993 1881 agro
1014 1812 1299 1866 aediﬁcavit
1331 1811 1588 1866 Solomon
1617 1787 2049 1882 templum.Dicit

2153 1819 2379 1888 καρπῶν
2415 1819 2777 1891 δικαιοσύνης.
2819 1841 2837 1872 ι
2871 1787 2968 1874 ιΕν
2991 1787 3285 1890 modo:
3324 1818 3405 1890 τῷ
3433 1787 3620 1887 impii?
3643 1815 3734 1868 τὸν.

479 1900 624 1953 enim
657 1901 885 1956 historia
915 1918 928 1955 :
963 1919 981 1954 ι
1010 1901 1275 1972 Adjunxit
1307 1901 1569 1957 Solomon
1628 1904 1696 1959 ad
1722 1905 1894 1960 altare
1932 1906 2054 1960 ulti-

480 2003 590 2050 mo,
619 1991 759 2060 quod
793 1991 846 2044 in
883 1991 1153 2060 principio
1180 2007 1406 2062 parvum
1447 2002 1585 2048 erat.
1633 2012 1652 2044 ι
1723 1995 2052 2062 Signiﬁcans

481 2077 834 2149 Evangelium
860 2095 1150 2150 progressu
1179 2081 1444 2150 temporis
1499 2085 1947 2150 promovendum,
1995 2095 2052 2140 et

481 2169 890 2238 propagandum
912 2186 1055 2226 esse.
1096 2171 1322 2241 Semper
1361 2173 1506 2227 enim
1551 2188 1619 2228 ex
1658 2175 1841 2242 parvis
1877 2175 2049 2232 initiis

481 2257 722 2313 Ecclesia
752 2261 1034 2325 dilatatur,
1058 2272 1112 2316 et
1155 2261 1389 2317 subinde
1418 2262 1605 2332 plures
1639 2263 1938 2320 adduntur.

2147 1905 2285 1960 νεὼν
2345 1908 2661 1980 ᾠκοδόμησε
2715 1910 2990 1979 Σολομὼν.
3045 1910 3187 1980 Φησὶ
3235 1909 3346 1979 γὰρ
3397 1911 3433 1978 ἡ
3493 1906 3718 1976 ἱστορία·

2158 2013 2177 2046 ι
2215 1997 2562 2068 Προσέθηκεν
2590 2000 2617 2052 ὁ
2671 1999 2926 2069 Σολομὼν
2957 2001 3052 2054 ἐπὶ
3103 1999 3166 2052 τὸ
3214 1998 3609 2066 θυσιαστήριον
3645 1995 3722 2047 ἐπ’

2150 2084 2384 2155 ἐσχάτῳ,
2429 2087 2511 2139 ὅτι
2560 2087 2758 2158 μικρὸν
2788 2084 2856 2160 ἦν
2883 2089 2941 2142 ὲν
2979 2089 3240 2157 πρώτοις.
3293 2106 3314 2140 ι
3354 2085 3720 2151 Ὑποδηλοῦσιν
3834 2117 3841 2127 -

2147 2172 2248 2243 τὴν
2273 2175 2414 2229 κατὰ
2451 2177 2678 2246 καιροὺς
2707 2179 2974 2249 ἐσομένην
3013 2177 3109 2231 τοῦ
3155 2176 3492 2246 Εὑαγγελίου
3535 2190 3726 2245 repono-

2149 2265 2278 2334 πήν.
2307 2266 2414 2318 Καὶ
2443 2267 2477 2336 ἡ
2499 2267 2798 2339 Ἐκκλησία
2818 2269 2926 2339 γὰρ
2956 2269 3046 2323 διὰ
3078 2269 3279 2333 παντὸς
3307 2270 3373 2324 ὲκ
3407 2267 3726 2342 μικροτέρας

2147 2355 2458 2427 εὐρύνεται,
2493 2361 2586 2414 καὶ
2621 2362 3006 2433 προστίθενται
3031 2363 3270 2425 πλείους.

548 2493 596 2525 ³³
628 2493 820 2550 Matth.
856 2510 938 2562 tu,
973 2497 1059 2552 l2.
1133 2497 1177 2530 ³⁸
1202 2496 1404 2569 Ephes.
1438 2513 1500 2564 tt,
1531 2499 1620 2554 M.
1697 2499 1765 2532 “‘
1796 2500 1958 2557 Prov.
1993 2518 2073 2568 ιιι,
2105 2503 2162 2560 9.
2213 2537 2218 2542 -

759 2859 1002 2971 ΕΙΣ
1070 2858 1386 2971 ΤΗΝ
1493 2854 2047 2968 ΤΡΙΤΗΝ

2161 2857 2465 2971 ΤΩΝ
2579 2857 2767 2970 ΒΑ
2791 2852 3440 2974 ΣΙΔΕΙΩΝ.

905 3241 1067 3365 IN
1161 3242 1764 3440 LIBRUM
1855 3242 2588 3432 TERTIUM
2704 3243 3306 3372 REGUM.

1045 3625 1198 3683 CAP.
1240 3624 1537 3681 PRIMUM.

550 3735 719 3794 Vens.
757 3736 806 3792 l.
825 3734 894 3790 Et
915 3751 1006 3790 rex
1029 3735 1198 3791 Dauid
1227 3752 1385 3792 aenea:
1409 3734 1716 3791 admodum.
1733 3737 1958 3804 Ουτοι-οε
1979 3749 2048 3790 an

483 3827 850 3900 πρεσϐύτερος
876 3825 944 3882 de
969 3827 1217 3897 improbo
1252 3836 1552 3898 usurpetur
1585 3842 1617 3882 a
1638 3826 1953 3900 Scriptura,
1979 3845 2051 3884 an

481 3919 552 3974 de
585 3926 804 3982 sancto;
859 3925 934 3980 et,
989 3931 1057 3970 an
1105 3915 1464 3988 προϐεϐηκὼς
1505 3919 1741 3990 ἡμέραις
1788 3919 2047 3976 dicatur:

481 4011 634 4075 item,
680 4025 747 4064 an
780 4007 1036 4064 dill'erant
1067 4007 1438 4080 πρεσϐύτερος
1465 4017 1521 4065 et
1574 4010 1909 4083 πρεσϐύτης.
1964 4084 1968 4088 Ι

555 4183 720 4240 Vens.
754 4183 808 4240 ι.
842 4182 909 4238 Et
951 4183 1249 4238 dormiebat
1303 4201 1577 4256 cumrege.
1605 4185 1916 4245 Florentem
1951 4190 2054 4244 vir-

481 4277 628 4347 ginis
666 4284 881 4331 zetatem
907 4276 1347 4340 considerarunt,
1379 4293 1501 4346 quae
1543 4277 1730 4346 vigore
1755 4289 1811 4333 et
1870 4281 2054 4336 calore

479 4367 784 4434 jurcntntis
834 4381 949 4421 sua:
992 4365 1214 4424 Davidis
1259 4381 1480 4422 carnem
1568 4369 1860 4424 solaretur.
1917 4369 2052 4425 Nam

483 4457 941 4511 vestimentorum
969 4456 1193 4526 quidem
1233 4465 1434 4512 natura
1460 4465 1565 4522 est,
1601 4465 1662 4512 ut
1686 4460 1937 4530 corporis
1957 4477 2052 4517 ca-

484 4545 651 4597 lorem
693 4553 1044 4609 conservent,
1105 4553 1161 4600 et
1192 4545 1472 4601 inventum
1525 4547 1762 4603 calorem
1793 4563 2050 4622 augeant,

485 4633 618 4684 nihil
648 4649 779 4688 vero
833 4632 1034 4701 frigido
1093 4636 1310 4706 corpori
1353 4637 1666 4693 conferant.
1695 4639 1839 4696 Caro
1870 4655 2052 4699 autem

482 4721 682 4788 calida,
710 4722 778 4776 de
823 4737 926 4776 suo
965 4723 1173 4789 calore,
1227 4739 1388 4792 quem
1453 4725 1638 4792 habet,
1671 4729 1724 4782 in
1758 4746 1894 4794 rem,
1933 4746 2055 4800 qua:

483 4810 838 4880 suscipiendo
863 4813 1033 4867 calori
1065 4811 1262 4868 idonea
1291 4823 1397 4876 est,
1429 4819 1771 4874 transmittit.

557 4900 722 4957 Vens.
750 4902 805 4957 5.
829 4901 896 4956 Et
939 4900 1110 4955 Ornia
1137 4902 1284 4972 ﬁlius
1333 4903 1538 4976 Hagqid
1564 4905 1756 4962 David.
1785 4908 2050 4966 Adonias.

484 4993 787 5048 liiuominis
813 4993 962 5048 enim
987 5001 1131 5049 erat.

552 5085 720 5142 Vens.
753 5087 806 5142 9.
829 5086 896 5140 Et
923 5103 1060 5154 oves,
1093 5095 1142 5142 et
1165 5102 1350 5158 agnos,
1391 5097 1497 5144 etc.
1529 5089 1672 5146 Oves
1713 5093 1936 5162 quidem
1981 5111 2046 5152 ex

479 5180 660 5261 orimn
691 5191 750 5236 et
783 5194 1078 5261 caprarum
1141 5193 1338 5250 grege,
1397 5195 1569 5252 agnos
1596 5196 1724 5236 vero
1775 5201 1842 5240 ex
1865 5186 2049 5241 ovium

477 5256 661 5343 grege,
687 5282 745 5328 et
775 5275 937 5329 unius
967 5256 1238 5329 duntaxat
1276 5275 1476 5329 aetatis.

553 5366 656 5430 Qui
679 5367 896 5435 junctus
921 5376 1035 5421 erat
1063 5368 1182 5421 Ain.
1203 5365 1602 5437 Epulumjuxta
1629 5368 1830 5424 l'ontem
1856 5387 2051 5440 quem-

477 5455 604 5508 dam
634 5458 1026 5511 sraturientem
1053 5465 1179 5511 ante
1206 5457 1395 5512 urbem
1415 5458 1686 5513 exhibuit.
1709 5458 1869 5512 Juxta
1891 5475 2051 5528 quem

478 5547 677 5602 hortus
718 5551 904 5618 regius
969 5551 1218 5606 consitus
1277 5559 1418 5614 erat,
1472 5551 1552 5606 sic
1581 5552 1728 5604 enim
1775 5549 2050 5623 Iosephus

481 5639 698 5692 scribit.
724 5637 1086 5708 Symmachus
1112 5641 1278 5696 etiam
1313 5641 1415 5694 Ain
1459 5655 1566 5694 una
1610 5655 1736 5695 cum
1763 5637 1902 5712 Syro
1930 5640 2050 5710 [on-

488 5735 591 5779 um
619 5726 1020 5796 interpretatus
1051 5737 1154 5784 est.

2571 3619 2966 3676 ΚΕΦᾹΔΑΙΟΝ
3008 3621 3304 3676 ΠΡΩΤΟΝ.

2221 3735 2335 3790 Kal
2359 3735 2708 3801 ὁβασιλεὺς
2739 3731 2919 3786 Δαϐιδ
2944 3731 3288 3802 πρεσϐύτης
3338 3729 3597 3800 σφόδρα,
3625 3730 3723 3797 Ζη.

2150 3830 2368 3902 τήσεις,
2408 3830 2564 3882 εῐπου
2605 3827 2665 3880 τὺ
2701 3826 3102 3894 πρεσϐύτερος
3143 3824 3237 3877 ἐπὶ
3269 3822 3478 3890 φαύλου
3501 3822 3604 3876 ὑπὸ
3632 3818 3720 3874 τοῦ

2151 3919 2444 3991 προσώπου
2468 3919 2566 3988 τῆς
2599 3916 2823 3988 Γραφῆς
2851 3914 3090 3986 εἴρηται,
3127 3913 3161 3984 ἢ
3191 3913 3286 3965 ἐπὶ
3309 3911 3467 3981 ἁγίου
3487 3927 3500 3940 ·
3533 3911 3644 3974 καὶ,
3676 3909 3724 3962 εί

2150 4012 2212 4064 τδ
2243 4009 2618 4078 προϐεϐηκὼς
2651 4007 2900 4078 ἡμέραις
2925 4006 3177 4074 λέγεται·
3228 4005 3357 4071 καὶ,
3397 4005 3449 4057 εί
3486 4004 3719 4074 διαφέρει

2152 4102 2553 4169 πρεσϐύτερος
2585 4099 2679 4152 καὶ
2701 4099 3062 4166 πρεσϐύτης.

2225 4192 2332 4246 Καὶ
2363 4187 2442 4262 ἦν
2473 4189 2552 4256 τῷ
2570 4189 2828 4254 βασιλεῖ
2843 4191 3184 4258 σύγκοιτος.
3210 4187 3284 4240 Τὸ
3311 4187 3411 4256 τῆς
3459 4185 3718 4256 παρθένου

2152 4285 2385 4354 ἀκμαῖον
2414 4283 2736 4353 ἐπενόησαν,
2770 4281 2911 4335 ὥστε
2935 4279 3113 4344 ζώσας
3149 4282 3242 4332 καὶ
3282 4279 3515 4350 ζεούσης
3541 4276 3720 4344 νεότη-

2152 4391 2244 4438 τος
2273 4373 2480 4444 σάρκας
2510 4371 2952 4444 παραμυθεῖσθαι
2981 4373 3074 4422 τὸν
3109 4368 3292 4424 Δαϐίδ.
3335 4367 3592 4438 ’ἱματίων
3628 4362 3718 4434 μὲν

2153 4465 2262 4536 γὰρ
2295 4463 2457 4534 φύσις
2507 4465 2693 4536 τηρεῖν
2743 4463 2958 4530 πέφυκε
2985 4458 3080 4512 τοῦ
3132 4458 3382 4528 σώματος
3434 4458 3536 4528 τὴν
3559 4457 3716 4522 ζέσιν,

2153 4555 2291 4609 ἀλλὰ
2324 4557 2419 4610 καὶ
2449 4555 2672 4608 πλείονα
2710 4556 2886 4607 ποιεῖν
2920 4554 2986 4622 ἢν
3010 4544 3202 4622 εὗρενο
3236 4550 3391 4604 οὐδὲν
3434 4550 3493 4604 δὲ
3537 4548 3596 4603 τδ
3621 4547 3718 4616 ψυ-

2154 4647 2284 4718 χρὸν
2312 4647 2580 4716 ὠφελεῖν·
2616 4646 2650 4714 ἡ
2683 4644 2740 4698 δέ
2769 4661 2832 4712 γε
2873 4642 3068 4708 ζέουσα
3112 4642 3250 4711 σὰρξ
3292 4641 3392 4712 τῆς
3421 4638 3720 4712 προσούσης

2156 4739 2366 4810 Θέρμης
2391 4736 2466 4807 τῷ
2493 4734 2699 4805 ταύτης
2727 4733 2962 4804 δεκτικῷ
2992 4732 3334 4804 μεταδίδωσι.

2225 4910 2336 4964 Καὶ
2396 4907 2593 4977 Ὀρνιὰ
2647 4909 2779 4974 υίὸς
2833 4905 3041 4978 Ἀγνὲθ
3090 4908 3282 4962 Δαϐιὸ.
3321 4907 3601 4971 Ἀδωνίας,
3631 4905 3715 4958 καὶ

2085 4991 2128 5046 Ῐ)
2159 5003 2264 5072 γὰρ
2299 4997 2367 5073 ἦν
2394 5000 2680 5068 διώνυμος.

2228 5092 2337 5147 Καὶ
2366 5093 2650 5159 πρόϐατα,
2673 5091 2772 5144 καὶ
2817 5090 3026 5158 ἄρνας.
3055 5089 3283 5160 Μήποτε
3332 5087 3581 5158 πρόϐατα
3625 5083 3714 5155 μὲν

2158 5187 2226 5239 τὰ
2257 5188 2320 5238 ὲκ
2353 5184 2603 5254 ποιμνίου
2637 5185 2726 5237 καὶ
2750 5183 2810 5247 ἐξ
2844 5183 3112 5247 αἰπολίου,
3135 5181 3307 5252 ἄρνας
3339 5180 3396 5233 δὲ
3422 5181 3489 5232 τὰ
3515 5182 3578 5231 ἐκ
3605 5194 3714 5228 ποι-

2164 5275 2341 5346 μνίου,
2375 5275 2468 5325 uati
2501 5273 2636 5340 μόνα
2674 5274 2803 5342 μιᾶς
2835 5271 3070 5340 ἡλικίας.

2237 5365 2348 5420 Τὼ*
2377 5365 2668 5433 ἐχόμενον
2702 5366 2843 5417 Ἀῒν.
2867 5363 2940 5415 Τὸ
2969 5361 3241 5416 συσσίτιον
3265 5363 3546 5414 ἐπετέλεσε
3575 5358 3712 5426 παρά

2159 5473 2277 5510 τινα
2309 5456 2489 5526 πηγὴν
2529 5456 2633 5525 πρ³›
2661 5455 2754 5507 τοῦ
2793 5455 2982 5516 ἄστεος
3030 5449 3456 5516 ἁναῦλύζουσαν,
3491 5450 3610 5518 παρ’
3651 5447 3713 5532 ἣν

2161 5548 2439 5618 βασιλικὸς
2464 5548 2706 5617 ἐτεθήλει
2748 5546 3092 5616 παράδεισος.
3138 5545 3293 5599 Οὕτω
3331 5547 3439 5615 γὰρ
3463 5524 3710 5608 Ἰώσηποξ

2155 5637 2283 5708 ἔφη.
2312 5638 2420 5690 Καὶ
2449 5639 2476 5690 6
2512 5635 2806 5705 Σύμμαχος
2833 5634 2890 5686 δὲ
2929 5633 3027 5705 τὴν
3053 5633 3173 5688 Ἀῖν
3213 5634 3419 5706 πηγὴν
3450 5631 3706 5705 ἡρμήνευε

2161 5745 2274 5797 σεν,
2300 5729 2374 5793 ὼς
2406 5729 2499 5782 καὶ
2519 5731 2546 5783 ὁ
2579 5727 2746 5800 Σύρος
2775 5725 2950 5781 καλεῖ.
