4018 6230
392 412 523 479 1149

1375 411 1905 476 COMMENTARII
1943 411 2024 479 IN
2065 411 2210 471 LIB.
2238 408 2332 469 III
2366 408 2655 470 REGUM.

3492 414 3629 478 1150

462 526 563 580 Kal
596 525 800 581 Νάθαν
821 521 966 593 ἦλθε
995 527 1143 593 πρὸς
1176 529 1501 595 Βηρσαϐεέ.
1530 529 1686 592 Τινὲς
1717 530 1948 595 ἀνοήτως

2130 526 2298 582 Vens.
2356 527 2443 580 Η.
2503 524 2723 578 Nullum
2774 526 2908 577 venit
2967 526 3036 579 ad
3093 527 3366 583 Bersabee.
3396 529 3626 595 Quidam

390 612 656 667 ὑπέλαόον
683 615 918 684 ἀλγῆσαι
939 616 1029 668 τὸν
1055 615 1261 679 Νάθαν,
1290 616 1365 678 ὡς
1397 617 1471 687 μὴ
1496 617 1765 688 κληθέντα
1797 618 1876 678 εἰς
1899 617 1959 668 τὸ

391 706 695 759 συσσίτιον
731 707 810 759 διὸ
839 707 1012 761 ταῦτα
1046 708 1292 777 ποιῆσαι.
1335 710 1391 762 'U
1426 709 1483 762 δὲ
1515 710 1819 779 προφήτης,
1861 709 1958 777 τὴν

385 800 480 854 τοῦ
512 799 646 852 Θεοῦ
697 799 874 868 ψῆφον
924 798 1079 861 εἰδὼς
1139 799 1227 869 (δι’
1268 798 1434 852 αὐτοῦ
1478 799 1586 871 γὰρ
1617 798 1849 868 ἐδήλωσε
1881 796 1957 865 τῷ

389 892 624 962 βασιλεῖ·
663 911 680 942 ι
715 891 789 945 Οὐ
837 893 902 945 σὺ
926 890 1301 961 οἰκοδομήσεις
1333 908 1422 960 μοι
1459 886 1641 943 οἷκον·
1677 888 1790 941 ἀλλ’
1824 887 1953 950 ἰδοὺ,

386 984 501 1046 υἱὸς
529 982 773 1036 τίκτεται
801 998 905 1042 σοι,
929 982 1177 1051 Σολομῶν
1205 981 1375 1048 ὄνομα
1394 981 1562 1051 αὐτῷ,
1581 974 1732 1041 οὗτος
1753 980 1957 1032 οἰκοδο-

388 1073 552 1142 μήσει
571 1067 717 1124 οἶκον
747 1070 824 1141 τῷ
848 1070 1069 1140 όνόματί
1104 1088 1204 1140 μου
1235 1085 1254 1119 ι
1277 1067 1668 1137 ),θεασάμενος
1690 1067 1781 1120 τὸν
1829 1068 1953 1135 Ὀρ-

382 1170 500 1224 νίαν
529 1168 680 1238 παρὰ
700 1168 797 1238 τὴν
827 1168 975 1220 θείαν
1005 1166 1199 1236 βουλὴν
1224 1168 1323 1236 τήν
1351 1164 1629 1234 βασιλείαν
1679 1163 1955 1232 ἁρπάζον-

381 1278 467 1321 τα.
496 1260 764 1331 ἀνέμνησε
794 1258 882 1311 διὰ
913 1258 1014 1325 τῆς
1077 1256 1359 1326 Βηρσαεεὲ
1415 1255 1506 1307 τὸν
1573 1254 1796 1323 βασιλέα
1855 1255 1952 1322 τῆς

380 1351 528 1413 θείας
583 1352 972 1421 προρρήσεως·
1040 1344 1158 1400 εἶτα
1214 1345 1514 1409 εἰσελθὼν,
1557 1348 1684 1408 τοὺς
1738 1344 1951 1413 ἐκείνης

378 1440 675 1495 ἐϐεϐαίωσε
721 1438 929 1507 λόγους.

452 1620 555 1674 Καὶ
589 1619 807 1688 ἄρνας,
848 1616 946 1671 καὶ
980 1618 1262 1684 πρόϐατα.
1298 1614 1411 1667 Καὶ
1455 1611 1685 1667 ἐνταῦθα
1720 1611 1949 1678 διάφορα

377 1711 551 1765 ταῦτά
574 1726 757 1779 φησιν.

449 1804 552 1857 Καὶ
577 1798 1011 1854 καταϐιϐάσατε
1036 1796 1227 1849 αὐτὸν
1253 1794 1350 1848 ἐπὶ
1389 1795 1497 1848 τὸν
1527 1791 1735 1847 Γειὼν.
1777 1790 1945 1844 Γειὼν

2062 620 2227 671 stulte
2285 625 2338 671 et
2396 618 2577 686 inepte
2635 618 2895 685 susmcati
2952 628 3078 671 sunt
3139 619 3374 684 Nathan,
3422 622 3629 675 doloris

2062 707 2429 776 impatientia,
2484 722 2549 761 eo
2591 708 2735 777 quod
2798 706 2863 759 ad
2898 708 3208 761 convivium
3271 722 3493 765 vocatus
3520 726 3630 761 non

2058 807 2226 863 esset,
2274 798 2626 853 hazcl‘ecisse.
2687 797 2952 852 Cmtcrum
3000 801 3284 869 prOpbeta,
3341 805 3634 857 diviuide-

2060 894 2219 953 creti,
2256 902 2311 947 et
2350 892 2560 945 consilii
2600 908 2835 962 gnarus;
2895 909 2991 962 per
3021 894 3165 947 hunc
3191 896 3334 948 enim
3363 899 3470 963 regi
3500 913 3627 965 ape.

2058 985 2199 1038 ruit:
2241 1004 2259 1036 ι
2305 982 2422 1037 Non
2483 993 2539 1037 tu
2600 983 2894 1038 wdiiicabis
2932 986 3065 1038 mihi
3096 987 3341 1048 domum,
3372 990 3462 1042 sed
3491 1005 3631 1044 ecce

2052 1074 2195 1129 ﬁlius
2234 1085 2490 1129 nascetur
2524 1075 2642 1138 tibi,
2694 1076 2778 1128 cui
2826 1091 3026 1129 nomen
3077 1079 3181 1131 erit
3222 1078 3505 1140 Solomon,
3540 1082 3629 1133 hic

2059 1166 2350 1220 aedilicabit
2405 1167 2609 1219 nomini
2667 1182 2787 1220 meo
2833 1166 3078 1232 domum,
3119 1186 3136 1218 ι
3202 1185 3325 1221 cum
3404 1172 3631 1224 vidisset:

2042 1255 2221 1311 Ornia
2258 1265 2451 1310 contra
2484 1258 2815 1309 voluntatem
2858 1269 2909 1310 ct
2955 1254 3248 1311 consilium
3284 1258 3371 1309 Dei
3400 1275 3627 1329 regnum

2052 1362 2348 1417 Occupare,
2377 1348 2488 1416 regi
2533 1363 2628 1417 per
2680 1347 3007 1401 Bcrsabeam
3067 1347 3156 1401 Dei
3209 1349 3528 1403 vaticinium
3571 1352 3627 1405 iu

2053 1438 2371 1491 memoriam
2400 1443 2704 1502 revocavit;
2766 1447 2975 1506 pnstca,
3004 1438 3071 1492 ad
3106 1454 3287 1509 regem
3325 1440 3625 1508 ingressus,

2049 1544 2172 1582 seru
2198 1544 2332 1581 ones
2358 1530 2503 1582 illius
2553 1531 2922 1583 conlirmavit.

2120 1619 2282 1689 529
2318 1619 2480 1674 Vens.
2505 1620 2597 1688 ‘25.
2633 1620 2701 1673 Et
2737 1637 2922 1691 agnos,
2972 1631 3023 1675 et
3074 1625 3247 1678 boves.
3280 1623 3380 1676 Hic
3409 1636 3627 1693 quoque

2047 1711 2350 1765 dill‘crentia
2393 1714 2505 1766 haec
2534 1712 2692 1765 dixit.

2123 1798 2292 1855 Vens.
2316 1802 2406 1855 55.
2447 1801 2775 1854 Ιίιίίεάιωὶιε
2808 1818 2924 1855 eum
2965 1802 3032 1855 ad
3057 1800 3247 1857 Gilton.
3286 1803 3461 1857 Giltou
3499 1804 3624 1872 qui-

384 1896 484 1964 μὲν
510 1895 538 1946 ό
567 1892 778 1953 Νεῖλος,
815 1889 889 1951 ὼς
936 1887 1217 1958 Ἱερεμίας.
1252 1886 1363 1940 Καὶ
1401 1886 1495 1938 νῦν
1533 1884 1584 1937 τί
1639 1884 1722 1937 σοὶ
1759 1885 1851 1936 καὶ
1878 1885 1943 1953 τῇ

2050 1897 2167 1951 dem
2210 1896 2362 1949 Nilus
2407 1901 2511 1959 est,
2562 1895 2701 1947 sicut
2759 1892 3049 1949 Jcremias.
3086 1894 3149 1949 Et
3187 1912 3333 1950 nunc
3359 1897 3487 1965 quid
3525 1897 3621 1951 tibi

377 1985 482 2056 ὀδῷ
514 1980 788 2052 Αἰγύπτου
817 1979 910 2034 τοῦ
952 1981 1098 2033 πιεῖν
1140 1977 1282 2048 ὕδωρ
1319 1975 1516 2039 Γειών;
1555 1976 1946 2044 Ἑπωνόμασαν

374 2077 431 2129 δὲ
462 2074 666 2128 καὶτὸν
695 2073 916 2142 Σιλωὰμ
939 2072 1126 2123 Γειὼν.
1165 2071 1255 2132 Ἥ,
1280 2069 1354 2130 ὡς
1377 2069 1517 2137 ἄγαν
1538 2068 1765 2138 σμικρὸν
1791 2069 1949 2136 εἰρω-

373 2169 539 2231 νικῶς
570 2167 731 2222 αὐτὸν
758 2166 901 2218 οὓτω
932 2164 1260 2225 καλέσαντες
1280 2177 1293 2192 '
1329 2162 1383 2231 ἢ,
1426 2162 1613 2230 ἐπειδὴ
1658 2160 1752 2214 καὶ
1785 2160 1946 2223 αὐτὸς

375 2261 434 2325 ἐξ
465 2260 685 2329 ἀφανῶν
712 2257 911 2320 ἔξεισιν
938 2254 1243 2321 ὑπονόμων,
1272 2252 1457 2323 ὥσπερ
1484 2255 1513 2306 ό
1539 2253 1746 2314 Νεῖλος.
1782 2253 1945 2316 Τάξει

371 2350 428 2405 δὲ
459 2351 744 2420 κέχρηται,
779 2345 1052 2418 προτάξας
1083 2345 1272 2396 Σαδὼκ
1291 2343 1382 2396 τὸν
1410 2343 1583 2413 ἱερέα,
1616 2337 1736 2396 εἶτα
1760 2343 1945 2395 Ναϐὰν

371 2444 468 2496 τὸν
499 2444 804 2514 προφήτην,
842 2439 938 2493 καὶ
974 2438 1111 2509 μετὰ
1146 2436 1318 2490 ταῦτα
1340 2435 1583 2489 Βαὸαίαν
1606 2437 1720 2488 υἱὸν
1760 2436 1944 2489 ’ῐωδαὲ

374 2535 466 2588 τὸν
494 2533 815 2605 στρατηγὸν,
844 2530 1033 2601 ἔχοντα
1058 2529 1436 2600 σφενδονήτας,
1462 2527 1557 2582 καὶ
1582 2527 1823 2593 τοξότας,
1852 2528 1945 2582 τὸν

372 2625 627 2695 Χερεθθὶ,
652 2623 745 2677 καὶ
770 2620 1006 2675 Φιλεθθί.

451 2900 619 2970 Ὑπὲρ
638 2900 705 2955 τὸ
731 2899 920 2970 ὄνομά
948 2916 1085 2954 σου.
1126 2898 1361 2971 ᾜδεσαν
1399 2897 1473 2962 ὡς
1506 2897 1714 2965 οὐδεὶς,
1751 2914 1944 2967 πατρι-

378 2994 480 3064 κὴν
502 2995 639 3065 ἔχων
671 2991 1073 3061 φιλοστοργίαν,
1110 2989 1477 3063 ἐζηλοτύπησε
1515 2990 1697 3044 παῖδα.
1734 2991 1797 3043 Οἱ
1834 2991 1943 3061 γὰρ

373 3084 603 3140 τοιοῦτοι
653 3084 746 3138 καὶ
790 3083 1202 3153 λαμπροτέρους
1264 3079 1511 3152 εὔχονται
1569 3081 1695 3145 τοὺς
1750 3082 1944 3144 παῖδας

2052 1988 2129 2042 rei
2158 1996 2242 2042 est
2273 2002 2397 2041 cum
2434 1986 2515 2039 via
2545 1984 2764 2056 Egypti
2796 1988 2860 2040 ad
2888 1987 3182 2042 bibendum
3199 2003 3395 2057 aquam
3420 1988 3624 2043 Gibon?

2046 2080 2314 2134 Catterum
2346 2079 2461 2134 Silo
2510 2080 2650 2133 hanc
2715 2096 2938 2150 quoque
2985 2081 3164 2136 Gihon
3192 2085 3621 2152 appellaverunt.

2051 2172 2164 2236 Vel,
2188 2172 2369 2241 qnod_
2392 2171 2548 2225 valde
2570 2171 2802 2240 exiguus
2837 2172 2933 2234 sit,
2992 2188 3087 2240 per
3136 2173 3364 2226 ironiam
3398 2174 3499 2228 hoc
3523 2191 3624 2228 no-

2046 2265 2193 2318 mine
2213 2278 2338 2317 eum
2364 2263 2748 2332 appellantes;
2784 2263 2890 2325 vel,
2920 2262 3067 2331 quod
3108 2263 3225 2332 ipse
3273 2279 3492 2333 quoque
3528 2280 3623 2333 per

2045 2356 2289 2410 occultos
2319 2354 2624 2413 cuniculos.
2647 2353 3103 2423 quemadmodum
3130 2354 3306 2422 Nilus,
3338 2364 3619 2426 exsurgat.

2044 2447 2250 2500 Ordine
2331 2457 2509 2501 autem
2594 2461 2729 2500 usus
2785 2454 2904 2513 est,
2944 2447 3124 2516 primo
3183 2448 3305 2503 loco
3351 2447 3621 2503 Sadocum
3712 2436 3717 2445 ’

2046 2536 2394 2588 ςιιροτιιοιθιη
2415 2535 2782 2597 constituens,
2803 2534 2999 2589 deinde
3021 2533 3233 2588 Nalhan
3272 2538 3621 2605 prophetam,

2047 2634 2237 2695 postca
2292 2626 2563 2691 [laba-am,
2621 2625 2791 2680 lilium
2868 2624 3038 2681 Jodae
3078 2628 3446 2697 capitaneum,
3505 2644 3619 2683 una

2044 2730 2167 2769 cum
2214 2714 2582 2771 funditoribus
2606 2758 2622 2783 ,
2654 2716 3034 2786 et'sagittariis
3058 2757 3074 2785 ,
3104 2717 3361 2772 Cberethi
3386 2729 3442 2774 et
3473 2718 3621 2773 Phe-

2045 2806 2158 2861 lcti.

2118 2897 2278 2954 Vens.
2312 2898 2399 2953 47.
2423 2896 2590 2963 Super
2613 2914 2795 2952 nomen
2821 2908 2990 2952 tuum.
3018 2898 3276 2954 Sciebant
3307 2900 3613 2963 neminem,

2043 2991 2135 3058 qui
2178 2997 2401 3059 paterno
2431 2988 2630 3042 affecta
2665 2989 2925 3059 praeditus
2971 2997 3138 3056 esset,
3181 2989 3294 3044 lilio
3328 2990 3593 3043 invidere.

2043 3077 2254 3131 Etenim
2300 3079 2461 3141 tales,
2490 3078 2887 3147 splendidiores
2932 3078 3076 3136 ﬁlios
3103 3079 3285 3134 videre
3336 3088 3618 3149 exaptant.

376 3179 520 3231 ἰδεῖν.
558 3174 857 3246 Τοιγαροῦν
888 3174 981 3227 καὶ
1017 3173 1183 3226 Δα6ὶδ
1227 3173 1398 3235 οὓτως
1430 3172 1641 3243 ἐφήσθη
1672 3175 1782 3236 τοῖς
1840 3172 1942 3225 ὑπὸ

2050 3169 2410 3235 Quamobrem
2449 3170 2611 3223 etiam
2672 3168 2838 3223 David
2885 3169 3019 3236 haec,
3053 3185 3173 3238 quae
3209 3185 3239 3222 a
3274 3171 3619 3239 principibus

371 3268 480 3321 τῶν
510 3269 790 3336 ἀρχόντων
810 3264 1143 3336 εἰρημένοις,
1193 3264 1273 3317 ὅτι
1308 3263 1404 3316 καὶ
1436 3264 1529 3316 τοῦ
1572 3264 1754 3343 γήρως
1782 3262 1940 3316 αὑτὸν

372 3359 669 3428 ἀναστῆναι
704 3356 1024 3420 κωλύοντος,
1070 3353 1531 3425 κατακεκλιμένος
1568 3353 1941 3424 προσεκύνησε

375 3453 465 3506 τὸν
494 3451 648 3517 Θεὸν,
672 3454 790 3515 ταῖς
820 3451 1142 3521 ὑποσχέσεσι
1168 3449 1430 3503 δεδωκότα
1457 3449 1518 3503 τὸ
1547 3450 1741 3520 πέρας.

972 3623 1224 3681 ΚΕΦΑΛ.
1256 3623 1333 3681 B'.

445 3719 550 3773 Kal
578 3718 1011 3787 νραταιωθήσῃ,
1036 3718 1134 3771 καὶ
1156 3717 1270 3785 ἔσῃ
1293 3720 1379 3783 εις
1398 3716 1585 3783 ἄνδρα
1611 3713 1939 3785 δυνάμεως.

390 3800 473 3871 Ὠς
525 3810 675 3873 ὄντος
728 3811 819 3863 ἐπὶ
856 3809 1165 3879 Σολομῶντι
1216 3808 1310 3861 τοῦ
1352 3806 1601 3876 γενέσθαι
1654 3809 1733 3871 εἰς
1774 3807 1945 3878 ἄνδρα

375 3900 546 3956 ταῦτά
570 3919 723 3973 φησι.
764 3901 984 3971 Πρῶτον
1019 3900 1074 3953 δὲ
1102 3899 1335 3971 ἐνισχύει
1365 3902 1392 3953 ὁ
1437 3898 1693 3969 ἐσόμενος
1732 3900 1813 3962 εἰς
1843 3898 1942 3953 ἄν·

374 3991 494 4061 δρα.

443 4082 792 4137 Φυλάσσειν
819 4082 963 4137 ὁδὸν
981 4082 1186 4147 αὑτοῦ,
1217 4083 1309 4135 καὶ
1334 4080 1401 4134 τὰ
1429 4079 1576 4150 ἑξῆς,
1623 4081 1787 4151 μέχρι
1826 4079 1943 4145 τοῦ,

377 4175 533 4240 ὅπως
561 4176 802 4243 συνίῃς.
824 4175 980 4228 Τοῦτ’
1000 4174 1135 4239 ἐστι,
1159 4174 1293 4245 μηδὲ
1318 4174 1376 4227 τὸ
1395 4177 1554 4245 τυχὸν
1574 4175 1680 4228 τῶν
1700 4191 1945 4244 γεγραμ-

379 4265 553 4333 μένων
589 4282 662 4317 πα
669 4264 899 4335 ραὸἧναι
925 4263 1224 4336 τολμήσῃς.

445 4445 637 4509 Ὅπως
665 4446 904 4512 συνίῃς.
938 4444 1069 4497 Ἐὰν
1102 4443 1210 4514 γὰρ
1258 4444 1330 4514 μὴ
1381 4444 1449 4497 τὰ
1485 4444 1946 4514 προγεγραμμένα

380 4541 611 4609 σχῶμεν,
638 4539 697 4591 οὐ
726 4541 978 4607 συνίεμεν
999 4536 1035 4589 ἃ.
1064 4537 1379 4605 ποιήσομεν.

447 4718 553 4770 Ιιίιὶ
597 4715 715 4770 νῦν
768 4711 938 4780 οἶδας
964 4712 1006 4767 ἂ
1036 4710 1289 4778 ἐποίησέ
1331 4728 1432 4780 μοι
1462 4708 1647 4764 ’Ῑωάό.
1708 4708 1830 4771 Πῶς
1874 4707 1950 4777 τῷ

378 4808 528 4861 παιδὶ
544 4805 893 4876 προσέταξεν,
912 4805 1049 4876 ὅπερ
1071 4803 1232 4864 αὐτὸς
1259 4803 1320 4854 οὐ
1356 4800 1653 4868 πεποίηκεν
1676 4817 1691 4865 ;
1715 4799 1945 4870 ᾘδέσθη

379 4900 475 4965 μὲν
511 4897 667 4950 τοῦτο
697 4897 877 4959 αὐτὸς,
933 4895 1009 4958 ὼς
1059 4894 1330 4946 τοσούτων
1362 4890 1619 4945 κινδύνων
1653 4891 1948 4960 γενόμενον

374 4988 647 5041 κοινωνόν.
679 4985 747 5039 Ἀ
757 5003 831 5056 μα
861 4985 918 5038 δὲ
942 4986 1035 5037 καὶ
1058 4984 1242 5046 δεδιὼς
1272 4983 1456 5048 ἔλεγεν
1471 4976 1529 5031 θ’(
1553 4981 1669 5033 Υἱοὶ
1690 4980 1947 5051 Σερουῖας

378 5082 732 5152 σκληρότεροί
760 5080 860 5151 μού
880 5082 1037 5132 εἰσιν.
1066 5098 1082 5128 ι
1106 5078 1282 5147 Ἐὠρα
1302 5078 1359 5130 δὲ
1386 5078 1479 5129 καὶ
1510 5076 1950 5145 συγκατασκευά-

378 5174 533 5238 ζοντα
571 5173 730 5225 αὐτὸν
765 5172 837 5242 τῷ
858 5171 1043 5242 Ὀρνία
1063 5170 1159 5240 τὴν
1187 5168 1496 5238 τυραννίδα.
1538 5166 1806 5236 Ἑφοὸήθη
1839 5167 1946 5217 τοί-

378 5283 492 5327 νυν,
523 5268 596 5335 μὴ
622 5258 913 5335 ἀποκτείνῃ
941 5265 1031 5315 τὶν
1069 5264 1205 5327 νέον,
1240 5262 1272 5331 ἦ
1301 5261 1474 5314 δοκῶν
1508 5259 1716 5323 εὔνους,
1750 5258 1824 5321 ὡς
1856 5257 1947 5310 τὸν

395 5358 673 5427 Ἀϐεννὴρ,
703 5358 795 5409 καὶ
820 5355 911 5406 τὸν
957 5354 1230 5423 Ἀμεσσά·
1269 5353 1300 5422 ἢ
1336 5350 1430 5403 καὶ
1479 5349 1728 5419 φανερῶς
1760 5348 1947 5402 διελὼν

380 5449 469 5499 τὸν
505 5446 652 5499 λαόι.
687 5448 798 5499 Καὶ
826 5446 901 5514 τῷ
929 5443 1091 5514 Σεμεῖ
1114 5444 1167 5496 δὲ
1195 5441 1526 5512 συγγνώμην
1558 5441 1700 5502 δοὺς,
1730 5440 1824 5492 νῦν
1850 5442 1944 5491 dv-

378 5539 517 5590 ελεῖν
568 5536 729 5588 αὑτὸν
786 5533 1089 5605 προσέταξε
1124 5533 1199 5602 τῷ
1233 5532 1406 5594 παιδὶ,
1458 5529 1644 5592 δεδιὼς
1692 5529 1856 5581 αὑτοῦ
1890 5529 1948 5581 τὸ

380 5633 701 5700 τυραννικὸν
733 5633 825 5681 καὶ
873 5628 1067 5699 Θρασὺ.
1091 5629 1199 5680 Καὶ
1228 5627 1302 5688 ὡς
1342 5625 1625 5694 προφήτης
1656 5622 1831 5684 εἰδὼς,
1873 5623 1948 5685 ὡς

385 5721 442 5774 οὔ
475 5721 718 5789 φείσεται
749 5720 939 5789 καιρὸν
967 5717 1139 5786 εὑρὼν
1165 5718 1282 5769 οὐδὲ
1312 5716 1406 5768 τοῦ
1432 5715 1615 5776 παιδός
1636 5729 1647 5742 °
1679 5715 1734 5776 ὃς
1759 5731 1821 5781 γε
1856 5716 1948 5765 καὶ

380 5814 480 5883 τῆς
512 5814 599 5866 τοῦ
634 5811 974 5882 Σολομῶντος
1013 5808 1353 5881 προδτάξῖως
1395 5804 1732 5876 ὡλνίὼρτιτε·
1776 5806 1948 5859 Φυλά·

2041 3261 2183 3316 dicta
2218 3269 2365 3325 sunt,
2403 3276 2525 3314 cum
2553 3259 2749 3330 gaudio
2791 3270 2844 3315 et
2889 3261 3072 3315 lmtitia
3104 3262 3339 3328 excepit.
3365 3261 3625 3330 Cumque

2041 3362 2199 3407 aztate
2258 3351 3007 3421 probiberetur,‘quominus
3062 3366 3354 3420 assurgere
3412 3361 3618 3422 posset,

2042 3444 2339 3499 inclinatus
2393 3440 2562 3498 Deum
2629 3442 2898 3508 adoravit,
2942 3444 3038 3513 qui
3093 3443 3622 3512 promissionesim-

2044 3536 2322 3607 plerissct.

2703 3627 2858 3682 CAP.
2894 3626 2962 3682 Il.

2113 3716 2280 3774 Vens.
2315 3720 2362 3772 ί.
2420 3714 2498 3772 Tu
2524 3717 2679 3785 [ortis
2729 3719 2857 3782 erit,
2911 3726 2959 3770 et
2999 3716 3078 3770 vir
3104 3724 3308 3785 potens.
3336 3716 3459 3769 Haec
3485 3715 3619 3769 dicit

2044 3814 2302 3875 tanquam
2343 3807 2397 3859 in
2462 3805 2787 3860 Solomonis
2842 3813 3111 3876 potestate
3140 3816 3314 3869 esset,
3351 3808 3403 3859 in
3440 3806 3617 3858 virum

2045 3896 2301 3951 evadere.
2336 3894 2499 3950 Prius
2557 3894 2700 3950 enim
2734 3896 2879 3952 vires
2913 3896 3106 3963 sumit,
3159 3896 3252 3966 qui
3286 3897 3371 3950 vir
3394 3890 3620 3949 iuturus

2046 3997 2150 4040 est.
2522 4000 2527 4005 ⁴

2114 4076 2281 4130 Vens.
2321 4075 2378 4131 2.
2410 4075 2699 4131 Custodire
2729 4077 2869 4132 viam
2902 4077 3036 4147 ejus.
3059 4087 3109 4131 et
3132 4092 3251 4147 quae
3281 4083 3616 4144 sequuntur,

2047 4183 2225 4235 usque
2256 4167 2320 4222 ad
2373 4168 2529 4233 illud,
2556 4177 2611 4221 ut
2660 4169 2945 4238 intelligas.
2982 4168 3095 4222 Hoc
3136 4178 3242 4232 est,
3269 4183 3445 4236 neque
3479 4171 3617 4225 inve.

2047 4273 2211 4329 atque
2251 4262 2507 4331 exiguum
2536 4261 2795 4331 quiddam
2845 4262 2896 4313 iu
2940 4264 3202 4330 speciem,
3248 4262 3464 4315 illorum
3497 4276 3618 4329 qua:

2047 4352 2248 4421 scripta
2276 4363 2405 4407 sunt
2431 4349 2742 4421 transgredi
2793 4353 3015 4406 audeas.
3106 4348 3112 4353 ’
3202 4337 3215 4349 ’

2120 4442 2283 4498 Vens.
2315 4446 2367 4499 3.
2394 4443 2459 4497 Ut
2485 4444 2773 4513 intelligas.
2807 4445 2919 4499 Nisi
2945 4446 3111 4507 enim,
3137 4461 3257 4514 qua!
3297 4446 3617 4514 prtcsm'ipta

1977 4533 2021 4585 D
2051 4534 2105 4587 in
2144 4545 2446 4605 conspectu
2509 4537 2828 4601 habeamus,
2899 4554 3006 4591 non
3067 4539 3467 4608 intelligemus.
3501 4552 3623 4606 qua:

2057 4624 2251 4678 facturi
2285 4642 2498 4681 smnus.

2130 4714 2291 4770 Vens.
2322 4716 2373 4770 5.
2410 4714 2568 4770 Nosti
2588 4733 2705 4788 qua?
2734 4718 2860 4771 mihi
2911 4719 3087 4782 fecerit
3131 4717 3288 4773 Joab.
3337 4718 3491 4785 Οηοτι
3518 4722 3624 4772 mlo

2056 4809 2166 4861 filio
2198 4809 2477 4863 mandavit
2510 4811 2585 4875 id,
2620 4812 2764 4879 quod
2799 4813 2913 4879 ipse
2960 4830 3064 4865 non
3114 4811 3235 4865 fecit
3259 4813 3280 4864 ?
3308 4811 3623 4865 Ventum-st

2054 4903 2170 4972 ipse
2199 4900 2300 4953 hoc
2328 4899 2530 4965 facere,
2573 4917 2636 4954 co
2696 4902 2843 4969 quod
2874 4912 2951 4955 tot
2988 4903 3358 4970 periculorum
3393 4904 3621 4969 partiri—

2053 5009 2173 5061 pem
2239 4992 2353 5062 ipse
2402 4993 2703 5053 habuisset,
2736 4995 2897 5047 simul
2967 4997 3130 5049 etiam
3180 4996 3282 5048 sibi
3352 5004 3618 5056 lllt'lllCll‘,

2051 5084 2224 5136 dixit:
2255 5102 2271 5129 ι
2304 5081 2506 5137 Servite
2541 5083 2632 5136 lilii
2660 5082 2909 5139 duriores
2943 5096 3071 5137 sunt
3122 5100 3281 5153 quant
3318 5102 3441 5151 ego.
3478 5104 3494 5133 ι
3534 5082 3623 5136 Vi-

2051 5176 2212 5228 debat
2242 5177 2410 5239 cnim,
2436 5176 2578 5244 quod
2634 5176 2749 5245 ipse
2790 5192 3005 5244 qumque
3024 5192 3147 5228 cum
3176 5174 3365 5236 Ornia,
3396 5193 3619 5243 rcgnum

2051 5266 2360 5329 ali‘eclante,
2407 5265 2625 5321 faceret.
2689 5264 2931 5320 Metuens
2982 5266 3150 5333 igitur
3206 5279 3272 5317 ne
3336 5265 3618 5331 juvenem,

2053 5359 2131 5409 vel
2183 5360 2395 5411 occulte
2447 5356 2753 5413 amicitiam
2811 5356 3099 5417 simulans,
3156 5356 3619 5423 qut-madtmnlnm

2050 5455 2320 5506 Almcrcm
2385 5463 2435 5505 ct
2496 5454 2805 5511 Amcssam,
2844 5449 2923 5503 vel
2970 5458 3158 5518 aperte
3188 5454 3448 5518 populum
3481 5466 3614 5502 cun-

2051 5541 2294 5604 citando,
2334 5541 2679 5593 inlcrllccrct.
2710 5544 2973 5594 Praeterea
3000 5540 3234 5609 injungit
3263 5541 3617 5609 adolescenti,

2052 5644 2103 5685 ut
2145 5630 2334 5684 St‘tlttl‘i
2381 5644 2622 5698 quoque,
2666 5631 2752 5683 cui
2810 5632 3112 5699 ignoverat,
3161 5631 3483 5688 interiit-iul.
3512 5632 3622 5684 l'ur-

2053 5720 2270 5772 midaus
2331 5718 2677 5786 tyrannidem
2737 5729 2791 5772 ct
2849 5721 3235 5775 conﬁdentiam
3288 5723 3481 5791 ipsius.
3517 5721 3622 5775 No-

2053 5821 2201 5866 vcta!
2252 5811 2420 5874 enim,
2480 5819 2660 5877 utpote
2694 5811 2978 5881 propheta,
3044 5812 3188 5884 quod
3236 5815 3416 5870 oblata
3457 5828 3617 5869 occa.
