4018 6230
396 343 531 413 11.33
605 349 608 352 ”

982 459 1234 514 ΚΕΦΛΛ.
1287 460 1360 512 1“’.

461 552 593 606 Ἐπὶ
625 550 728 616 τὰς
754 550 974 618 ἄρσεις.
1003 553 1219 620 ’Δρχων
1237 550 1345 602 τῶν
1383 547 1854 619 μετακομιζόντων
1880 543 1959 594 λί-

389 645 533 708 θους,
570 643 660 696 καὶ
688 640 839 705 ξύλα.
871 641 1106 705 Τούτους
1130 641 1184 694 δὲ
1211 643 1588 710 νωτοφόρους
1610 641 1666 691 ἐν
1701 636 1962 706 ΙΙαραλει-

391 737 653 801 πομέναις
694 734 867 788 καλεῖ.

462 824 569 877 Καὶ
598 825 693 876 ἐπὶ
735 825 841 878 τοῦ
876 825 1175 880 πλινθίου.
1211 823 1344 876 Ἀπὸ
1377 823 1575 893 μέρους
1613 818 1869 874 τακτικοῦ
1902 817 1964 869 τὸ

391 918 496 970 πᾶν
543 916 812 986 ἐδήλωσεν
847 918 1186 987 στράτευμα.
1219 915 1389 967 Τοῦτο
1437 913 1494 966 δὲ
1537 913 1632 964 καὶ
1675 910 1965 964 πλαίσιον

387 1003 752 1074 ὀνομάζουσι,
789 1006 1074 1074 δηλοῦντες
1120 1007 1184 1059 τὸ
1233 1006 1576 1075 τετράγωνον
1618 1003 1715 1070 τῆς
1757 999 1966 1063 τάξεως

392 1095 595 1164 σχῆμα.
619 1094 674 1146 Ὀ
702 1095 865 1158 αὐτὸς
892 1095 947 1146 δὲ
981 1091 1048 1165 ἧν
1075 1087 1232 1156 οὗτος
1255 1094 1332 1163 τῷ
1363 1094 1456 1146 νῦν
1487 1091 1638 1158 παρὰ
1676 1090 1966 1158 Ῥωμαίοις

393 1185 679 1255 μαγίστρῳ
707 1186 816 1238 τῶν
847 1184 1227 1255 φρουρούντων
1282 1185 1374 1236 τὸν
1409 1183 1630 1254 βασιλέα
1666 1181 1966 1250 στρατοπέ-

388 1276 492 1328 δων
525 1275 660 1344 ήγού
669 1293 851 1343 μενος.

459 1367 567 1420 Kal
611 1370 644 1420 ό
666 1366 816 1431 λαὸς
849 1365 1105 1434 ἐθυμίων
1131 1363 1200 1416 ἐν
1228 1364 1352 1430 τοῖς
1386 1362 1809 1430 ὑψηλοτάτοις.
1853 1360 1968 1413 υύκ

390 1454 662 1518 εἰδώλοις,
701 1455 838 1506 ἀλλὰ
883 1453 1023 1523 Θεῷ,
1077 1453 1231 1522 παρὰ
1276 1451 1368 1504 τὸν
1422 1449 1712 1519 νόμον.Ἑν
1747 1452 1825 1501 ἐνὶ
1858 1450 1967 1520 γὰρ

391 1544 540 1598 θύειν
577 1543 879 1616 προσέταξε
910 1543 1078 1612 τόπῳ.
1113 1543 1259 1612 Πλὴν
1287 1539 1617 1610 συγγνώμης
1647 1538 1966 1608 ἐτύγχανον,

391 1637 490 1690 οὐκ
522 1635 740 1705 ἔχοντες
787 1651 890 1686 που
940 1633 1095 1687 νεών.
1115 1631 1395 1685 Ἐντεῦθεν
1440 1631 1494 1682 δὲ
1526 1629 1742 1701 νοητέον
1776 1631 1868 1681 καὶ
1901 1627 1970 1680 τὰ

393 1726 522 1796 περὶ
567 1726 676 1778 τῶν
725 1725 900 1779 ἄλλων
949 1723 1306 1795 ἱστορούμενα
1351 1721 1634 1792 βασιλέων.
1665 1719 1742 1782 ὡς
1766 1718 1970 1789 ἐξῆραν

392 1817 463 1870 τὰ
496 1817 653 1885 ἄλση,
688 1816 782 1868 xal.
813 1817 912 1878 τὰς
943 1813 1142 1883 στήλας
1162 1812 1256 1866 τοῦ
1287 1811 1432 1865 Βαὰλ
1462 1809 1808 1880 συνέτριψαν,
1830 1811 1970 1880 πλὴν

394 1906 464 1960 τὰ
490 1906 665 1976 ὑψηλὰ
701 1907 801 1958 οὐκ
828 1905 1047 1976 ἐξῆραν.
1080 1905 1154 1957 Τὸ
1179 1903 1233 1956 δὲ
1259 1902 1390 1956 αύτὸ
1422 1901 1516 1954 καὶ
1538 1902 1667 1971 περὶ
1688 1900 1970 1969 Σολομῶν-

394 2015 485 2062 τος
514 1999 846 2066 ἐπήνεγκεν,
883 1997 959 2060 ὡς
995 1998 1055 2049 ὲν
1081 1996 1267 2058 αὐτοῖς
1305 1993 1458 2047 ἔθυεν
1479 2032 1494 2054 ,
1532 1991 1648 2045 ἀλλ’
1681 1992 1782 2046 οὐκ
1813 1993 1872 2045 ὲν
1900 1993 1970 2064 τῇ

395 2093 569 2160 σκηνῇ
602 2089 706 2161 πρὸ
731 2089 830 2160 τῆς
859 2087 1117 2142 κιὸωτοῦ.
1151 2088 1213 2142 Ει
1244 2087 1352 2158 γὰρ
1387 2083 1631 2148 εἰδώλοις
1660 2084 1838 2153 ἔθυεν,
1871 2085 1973 2139 οὐκ

392 2179 460 2233 ἂν
496 2179 644 2250 αύτῷ
675 2178 805 2241 Θεὸς
834 2179 1172 2248 ἐπεφαίνετο.

468 2358 582 2412 Καί
609 2374 672 2427 γε
694 2398 708 2419 .
742 2358 772 2412 ὃ
803 2361 913 2412 οὐκ
946 2356 1152 2426 ᾐτήσω
1177 2399 1190 2423 ,
1236 2357 1466 2414 δέδωκά
1513 2375 1634 2415 σοι.
1675 2359 1974 2431 Σύμφωνον

395 2449 495 2521 τῷ·
539 2468 557 2501 ι
588 2451 796 2502 Αἰτεῖτε
833 2449 888 2502 δὲ
919 2451 1014 2521 τὴν
1045 2449 1324 2518 βασιλείαν
1353 2451 1448 2504 τοῦ
1481 2451 1640 2516 Θεοῦ,
1664 2453 1758 2504 καὶ
1777 2453 1873 2522 τὴν
1895 2453 1975 2506 δι-

1351 344 1883 411 COMMENTARII
1930 341 2008 402 IN
2039 341 2184 402 LIB.
2230 341 2319 399 Ill
2362 338 2653 400 REGUM.

1988 483 2032 536 Α

3497 331 3628 397 1151

2728 443 2880 499 CAP.
2905 442 2995 498 111.

2133 535 2297 590 Vens.
2335 537 2384 588 1.
2416 533 2583 599 Super
2613 533 2954 588 elevationes.
3027 529 3289 599 Princeps
3347 538 3632 599 transpor-

2064 628 2298 678 tantium
2360 624 2568 691 lapides
2597 635 2650 676 ct
2681 624 2847 692 ligna.
2883 621 3011 678 Illos
3043 622 3380 692 νωτοφόρους
3406 621 3633 676 inlibris

2063 715 2515 784 Paralipomenon
2558 715 2820 784 appellat.

2135 801 2203 855 Et
2233 820 2386 868 super
2417 804 2626 857 lateres.
2660 803 2734 857 Ex
2770 811 2919 873 parte
2963 803 3218 857 ordinata
3279 810 3331 856 el
3369 802 3632 855 instructa

2066 903 2237 948 totum
2264 896 2513 948 ordinem
2558 899 2834 950 exercitus
2890 897 3240 964 signiﬁcavit,
3277 909 3437 964 quem
3472 893 3632 945 πλαι-

2066 1004 2179 1039 σιον
2207 1003 2424 1056 quoqne
2457 1004 2486 1040 a
2534 990 2746 1042 Iatcrali
2785 990 2958 1042 forma
2987 989 3290 1058 appellant,
3323 988 3636 1056 signiﬁcan-

2065 1087 2148 1132 ινδ
2179 1082 2673 1150 qumlrangularcm
2702 1083 2838 1136 aciei
2881 1082 3133 1135 formam.
3167 1082 3298 1134 Erat
3360 1095 3491 1134 vero
3546 1080 3636 1132 ille

2067 1171 2209 1224 idem
2246 1169 2378 1226 cnm'
2427 1190 2511 1238 eo,
2545 1175 2635 1242 qui
2685 1192 2828 1228 nunc
2854 1175 2996 1244 apud
3047 1175 3324 1228 Romanos
3379 1171 3642 1239 magism?

2066 1265 2356 1317 custodum
2391 1265 2763 1333 imperatoris.

2145 1353 2306 1410 Vens.
2338 1355 2393 1408 2.
2427 1356 2496 1408 Et
2532 1356 2751 1424 populus
2771 1357 3014 1410 adolebat
3035 1357 3086 1408 in
3113 1355 3357 1408 excelsis.
3384 1352 3502 1407 Non
3521 1353 3639 1406 ido-

2071 1445 2159 1508 lis,
2195 1447 2288 1500 sed
2317 1445 2425 1499 Deo
2453 1456 2645 1501 contra
2669 1449 2864 1517 legem.
2901 1446 3073 1501 Unico
3117 1447 3273 1517 enim
3319 1447 3371 1499 in
3409 1447 3529 1498 loco
3557 1459 3640 1498 sa-

2069 1533 2277 1588 crificia
2310 1536 2494 1590 oﬂcrri
2528 1544 2895 1606 praeceperat;
2939 1513 3155 1589 venia-nt
3213 1546 3390 1590 autem
3440 1549 3638 1589 conse-

2069 1625 2182 1678 cuti
2234 1633 2385 1689 sunt,
2453 1643 2518 1681 eo
2543 1627 2688 1696 quod
2747 1627 3007 1696 templum
3055 1627 3298 1680 nondum
3355 1625 3638 1678 haberent.

2073 1712 2213 1767 Hinc
2234 1723 2418 1768 autem
2456 1717 2812 1787 intelligenda
2839 1726 2990 1781 sunt,
3025 1732 3146 1786 qua:
3187 1717 3254 1770 de.
3291 1717 3418 1770 aliis
3474 1716 3640 1769 etiam

2072 1806 2295 1875 regibus
2337 1819 2738 1875 memorantur,
2785 1809 2931 1880 quod
2995 1811 3151 1864 lucos
3201 1807 3534 1871 exciderint,
3589 1816 3642 1860 et

2073 1906 2284 1954 statuas
2345 1899 2474 1954 Baal
2540 1899 2933 1971 confregerint,
2981 1909 3361 1957 verumtamen
3424 1900 3642 1954 escelsa

2071 2005 2184 2045 non
2245 1993 2593 2048 sustulerint.
2650 1993 2795 2049 Idem
2831 2009 2963 2048 vero
2995 1994 3064 2048 de
3127 1993 3424 2047 Solomone
3475 1991 3640 2044 etiam

2073 2082 2325 2149 protulit,
2351 2085 2498 2154 quod
2529 2085 2584 2138 in
2613 2084 2851 2140 excelsis
2907 2083 3262 2148 sacriﬁcat-it,
3289 2081 3386 2138 sed
3433 2097 3539 2134 non
3587 2081 3640 2133 in

2072 2174 2311 2227 tentorio
2340 2185 2470 2230 ante
2501 2188 2710 2228 arcam.
2743 2174 2798 2229 Si
2843 2174 2990 2230 enim
3043 2173 3206 2228 idolis
3249 2170 3640 2232 sacriﬁcasset,

2074 2258 2216 2318 Deus
2245 2264 2297 2319 ei
2329 2278 2438 2318 non
2471 2265 2837 2336 apparuisset.

2149 2353 2312 2413 Vsus.
2346 2357 2434 2411 15.
2459 2355 2527 2410 Et
2554 2356 2695 2426 quod
2720 2373 2821 2411 non
2856 2354 3162 2423 postulasti,
3206 2351 3324 2407 dedi
3351 2351 3468 2405 tibi.
3500 2347 3646 2402 Con-

2067 2449 2392 2502 sentitcum
2417 2447 2513 2503 illo
2547 2465 2562 2502 :
2600 2465 2618 2498 ι
2657 2445 2897 2512 Quaerite
2929 2459 3154 2516 regnum
3204 2441 3323 2505 Dei,
3364 2450 3418 2496 et
3477 2439 3645 2508 justi-

397 2541 691 2613 καιοσύνην
741 2540 906 2596 αὑτοῦ
934 2581 948 2606 ,
987 2544 1083 2596 καὶ
1116 2541 1287 2595 ταῦτα
1327 2541 1502 2596 πάντα
1545 2541 1973 2615 προστεθήσεται

2076 2541 2207 2596 tiam
2227 2541 2373 2613 ejus,
2394 2551 2449 2599 et
2473 2544 2586 2598 haec
2617 2543 2803 2598 omnia
2847 2540 3181 2612 adjicientur
3209 2537 3370 2594 vobis
3399 2536 3466 2591 ".
3514 2554 3533 2588 ι

409 2635 550 2686 ὑμῖν.
592 2653 609 2685 ι

399 2652 432 2689 υ
504 2653 550 2686 ν.
592 2653 609 2685 ι

439 2652 583 2779 μ1ἰα1
608 2722 737 2777 ιὸοὺ
760 2723 1069 2778 ἐνύπνιον.
1107 2723 1394 2787 Τουτέστι,
1427 2723 1688 2794 μνησθεὶς
1713 2724 1808 2779 τοῦ
1836 2724 1975 2779 dasi-

404 2833 588 2887 ρατος,
613 2814 814 2882 ἀπιὼν,
845 2814 963 2885 Θεῷ
993 2815 1306 2886 προσήγαγε
1341 2817 1691 2888 χαριστήρια.

1005 3033 1255 3089 ΚΕΦΛΛ.
1297 3021 1371 3091 Ᾱν.

477 3147 587 3202 Καὶ
633 3147 867 3203 Σαδοὺκ
895 3189 909 3213 ,
953 3148 1052 3201 καὶ
1091 3147 1392 3217 Ἀϐιάθαρ,
1444 3147 1640 3218 ἱερεῖς.
1707 3149 1818 3202 Καὶ
1871 3148 1977 3220 μὴν

402 3236 618 3304 ἔπαυσε
635 3238 726 3290 τὸν
760 3239 1040 3310 ’Δϐιὰθαρ,
1070 3239 1206 3293 ἀλλὰ
1231 3238 1334 3304 τῆς
1370 3238 1572 3309 ἀρχῆς,
1603 3239 1664 3292 οὺ
1690 3240 1790 3308 τῆς
1822 3237 1980 3308 ἱερω-

404 3329 592 3399 σύνης.
629 3330 847 3401 Ταύτην
875 3331 982 3400 γὰρ
1009 3331 1110 3385 ούκ
1147 3333 1212 3384 ὲκ
1254 3333 1613 3403 χειροτονίας,
1651 3331 1765 3386 ἀλλ’
1793 3333 1855 3385 ὲκ
1888 3348 1981 3400 γε·-

404 3422 559 3492 νικῆς
600 3418 747 3491 εἶχον
785 3422 1061 3492 διαδοχῆς.

483 3511 566 3578 Τῷ
602 3513 870 3577 βασιλεῖ,
911 3513 1010 3566 καὶ
1049 3514 1130 3578 τῷ
1171 3514 1316 3577 οτκῳ
1345 3513 1550 3569 αὐτοῦ.
1595 3515 1675 3568 Τὰ
1712 3514 1980 3586 χορηγού-

409 3595 546 3672 μενα
587 3607 651 3676 τῇ
699 3604 946 3676 τραπέζῃ
975 3605 1069 3658 τοῦ
1099 3605 1366 3675 βασιλέως
1397 3606 1685 3676 ἀνήλισκον
1728 3609 1788 3659 ού
1832 3609 1980 3676 μόνοι

407 3698 772 3769 θεράποντες,
822 3695 960 3750 ἀλλὰ
995 3697 1090 3749 καὶ
1128 3698 1177 3749 οἱ
1223 3696 1586 3768 φρουροῦντες
1627 3699 1978 3768 στρατιῶται,

407 3787 503 3840 καὶ
541 3786 820 3856 ἄρχοντες.

476 3879 588 3932 Καὶ
607 3879 936 3947 ἐσοφίσατο
960 3875 1110 3946 ὑπὲρ
1135 3877 1342 3948 Αῑθάμ.
1367 3873 1548 3930 Ἦσαν
1576 3879 1695 3932 τότε
1725 3880 1868 3944 τινὲς
1890 3883 1981 3935 ἐπὶ

408 3971 574 4040 σοφίᾳ
595 3969 934 4040 λαμπροί.⁰0
984 3969 1042 4022 δὲ
1085 3969 1289 4039 Αἰθὰμ,
1317 3970 1412 4022 καὶ
1441 3969 1641 4040 Αἰμὰθ,
1675 3970 1780 4022 τῶν
1809 3971 1983 4043 ψαλμ-

406 4060 558 4134 ῳδῶν
594 4058 753 4133 ἦσαν,
773 4063 830 4116 ἐν
862 4059 1244 4132 κινύραις,καὶ
1276 4059 1630 4125 ναύλαις,κα1.
1658 4061 1977 4131 κυμΰέιλοις,

406 4153 499 4208 τὸν
521 4154 652 4208 Θεὸν
677 4153 1062 4221 ὰνυμνοῦντες.

479 4247 618 4316 Περὶ
644 4243 763 4298 τῶν
784 4245 1004 4308 ξύλων.
1043 4243 1155 4306 Τὰς
1184 4243 1394 4312 φύσεις,
1432 4246 1526 4298 καὶ
1555 4246 1656 4311 τὰς
1697 4247 1978 4317 δυνάμεις,

407 4337 504 4392 καὶ
530 4337 640 4392 τῶν
663 4335 924 4406 βοτανῶν,
951 4335 1048 4389 καὶ
1077 4334 1186 4389 τῶν
1213 4335 1464 4408 δένδρων,
1487 4339 1581 4391 καὶ
1610 4339 1718 4391 τῶν
1747 4339 1976 4407 ἀλόγων,

406 4427 960 4498 ὲφυσιολόγησεν.Ἐξ
1007 4421 1082 4481 ὧν
1134 4429 1279 4488 εἰκὸς
1324 4430 1418 4482 καὶ
1466 4430 1592 4494 τοὺς
1634 4433 1981 4501 γεγραφότας

412 4519 662 4592 ἰατρικὴν
692 4520 1043 4590 ὲρανίσασθαι
1085 4520 1399 4590 πάμπολλα.

1007 4741 1258 4794 ΚΕΦΑΛ.
1300 4739 1378 4794 Ε’.

481 4853 590 4907 Kal
620 4852 844 4906 ἔδωκεν
876 4852 1060 4918 αὑτὰς
1085 4855 1314 4921 Φαραώ.
1355 4855 1758 4926 Κατεγγυήσας
1777 4895 1794 4919 ,
1831 4857 1985 4926 φησὶ,

2005 3190 2046 3248 C

2147 2718 2316 2778 Vens.
2349 2721 2432 2776 15.
2472 2722 2535 2776 Et
2553 2738 2670 2777 ecce
2701 2723 2985 2777 somnium.
3039 2717 3152 2775 Hoc
3172 2725 3276 2783 est,
3326 2715 3647 2771 recordatus

2080 2812 2363 2879 lnsomnii,
2393 2831 2517 2868 cum
2539 2816 2822 2883 abivisset,
2858 2814 2967 2871 Deo
2986 2814 3257 2870 sacriﬁcia
3278 2827 3375 2882 pro
3401 2805 3648 2881 acceptis

2079 2903 2361 2958 beneﬁciis
2383 2904 2602 2957 obtulit.

2727 3040 2881 3096 CAP.
2921 3037 3014 3094 IV.

2149 3155 2314 3210 Vens.
2352 3155 2404 3208 4.
2447 3155 2644 3215 Sadok,
2688 3166 2735 3208 et
2781 3154 3063 3217 Abiathar,
3114 3154 3436 3208 sacerdotes.
3487 3152 3654 3224 Atqui-

2080 3245 2335 3314 deposuit
2378 3243 2643 3297 Abiathar
2683 3259 2709 3295 a
2746 3245 3055 3313 principatu:
3101 3245 3341 3312 quidem,
3371 3258 3478 3297 non
3506 3259 3533 3296 a
3564 3258 3648 3298 sa-

2081 3335 2347 3391 cerdotio.
2383 3333 2495 3388 Hoc
2527 3335 2671 3387 enim
2717 3349 2825 3387 non
2858 3350 2920 3386 ex
2978 3333 3280 3403 suffragiis,
3305 3341 3359 3386 ct
3387 3333 3660 3388 electione

2081 3426 2266 3496 populi
2301 3424 2597 3487 habebant,
2632 3423 2723 3476 sed
2756 3438 2822 3476 ex
2868 3423 3218 3476 successione
3242 3423 3481 3492 generis.

2153 3522 2314 3575 Vens.
2354 3519 2406 3574 7.
2431 3517 2580 3589 Regi,
2617 3529 2664 3572 et
2695 3516 2877 3570 domui
2921 3517 3106 3583 ipsius.
3141 3515 3273 3581 Quae
3331 3515 3639 3585 suppedita-

2080 3612 2282 3667 bantur
2314 3626 2514 3664 mensze
2544 3609 2831 3679 regis,non
2861 3608 3048 3661 famuli
3069 3607 3358 3671 duntaxat,
3379 3607 3470 3660 sed
3485 3607 3653 3660 etiam

2084 3705 2308 3769 milites,
2347 3704 2614 3758 custodiae
2653 3704 2902 3771 corporis
2936 3701 3102 3771 regis,
3133 3711 3187 3754 et
3208 3700 3460 3755 excubiis
3479 3699 3653 3769 depu-

2085 3794 2204 3856 tati,
2237 3805 2289 3846 et
2321 3793 2595 3862 principes
2629 3793 3002 3846 insumebant.

2162 3882 2328 3938 Vens.
2357 3884 2445 3936 51.
2481 3883 2546 3936 Et
2568 3884 2832 3953 sapientia
2871 3881 3155 3948 superabat
3193 3880 3440 3935 {Et/tam.
3499 3879 3660 3936 Tunc

2083 3978 2304 4046 quidam
2338 3977 2603 4045 sapientia
2642 3976 2926 4047 conspicui
2982 3983 3035 4030 et
3069 3976 3204 4030 clari
3233 3984 3409 4029 erant.
3433 3973 3656 4029 Aﬂthatn

2084 4084 2236 4134 vero,
2267 4078 2319 4122 et
2349 4067 2568 4124 Emath
2604 4083 2667 4124 ex
2696 4079 2982 4123 cantorum
3010 4081 3246 4122 numero
3269 4073 3449 4130 erant,
3478 4067 3656 4120 citha-

2085 4167 2184 4222 ris,
2210 4160 2390 4214 nablis
2419 4169 2473 4214 et
2514 4160 2782 4230 cymbalis
2818 4160 2982 4214 Deum
3017 4159 3384 4214 celebrantes.

2157 4249 2324 4305 Vens.
2361 4251 2450 4306 55.
2492 4249 2724 4306 Locutus
2753 4263 2829 4305 est
2879 4252 2943 4305 de
3007 4251 3186 4322 tignis.
3219 4250 3292 4304 De
3341 4250 3552 4306 naturis
3601 4258 3656 4305 et

2084 4342 2292 4394 viribus
2314 4339 2628 4407 herbarum,
2683 4342 3038 4406 arborum,et
3083 4341 3314 4394 aliarum
3339 4356 3521 4394 rerum
3566 4357 3659 4394 ra-

2085 4425 2578 4502 tionisuperlium
2636 4432 2959 4502 disputavit.
2995 4431 3074 4486 Ex
3126 4431 3332 4501 quibus
3364 4433 3661 4487 verisimile-

2016 4543 2059 4597 ι)
2089 4534 2171 4580 est
2229 4524 2374 4587 illos,
2427 4514 2524 4592 qui
2577 4521 2644 4578 de
2695 4521 2963 4576 medicina
3015 4524 3375 4592 scripserunt,
3424 4523 3662 4593 plurima

2083 4617 2388 4686 collegisse.

2751 4726 2902 4781 CAP.
2919 4726 2984 4780 V.

2150 4840 2321 4896 Vens.
2346 4842 2396 4895 l.
2423 4839 2490 4895 Et
2524 4840 2741 4894 Pharao
2779 4839 2922 4894 dedit
2959 4841 3125 4907 ipsas.
3159 4838 3297 4894 Cum
3325 4839 3656 4908 desponsas-

419 4945 509 5015 σὴν
535 4943 806 5013 θυγατέρα
849 4943 926 5014 τῷ
972 4920 1277 5014 Σολομῶντι
1295 4985 1309 5008 ,
1336 4945 1434 5008 τὰς
1675 4949 1755 5010 εἰς
1783 4920 1973 5018 προξκα

2089 4920 2193 4998 εει,
2251 4934 2451 5002 inquit,
2487 4925 2651 4986 ﬁliam
2709 4931 3016 4997 Solomoni,
3065 4931 3231 4987 urbes
3277 4930 3561 4986 dotisloco
3606 4929 3655 4984 ei

411 5035 687 5106 παρέσχεν
724 5036 882 5106 αὐτῇ,

480 5129 691 5196 Χρισαι
723 5131 831 5183 τὸν
856 5129 1237 5198 Σολομῶν-τα.
1278 5130 1476 5201 Χρεσιν
1505 5133 1602 5202 τὴν
1649 5133 1985 5204 χειροτονίαν

409 5221 582 5275 καλεῖ.
625 5221 701 5275 Οὐ
747 5223 856 5293 γὰρ
911 5223 1206 5291 ἀλλόφυλος
1249 5222 1432 5293 ἔχρισε
1482 5223 1574 5275 τὸν
1623 5224 1849 5293 βασιλέα
1893 5225 1988 5279 τοῦ

421 5313 659 5384 Ἰσραήλ.
679 5314 765 5377 Ὠς
794 5313 886 5368 οὖν
916 5299 1164 5386 πατρῷος
1195 5315 1362 5384 φίλος,
1392 5315 1681 5387 σύμψηφος
1710 5315 1811 5386 τῆς
1835 5316 1989 5386 βασι-

408 5405 560 5469 λείας
597 5404 834 5475 ἐγένετο.

481 5499 686 5567 Μεχιρ.
728 5499 770 5550 Τ
773 5499 801 5550 δ
828 5497 1028 5568 Μεχὶρ,
1054 5498 1249 5568 μέτρον
1270 5499 1634 5569 ἑρμηνεύεται
1652 5516 1664 5531 ·
1691 5499 1750 5552 τὸ
1778 5498 1830 5550 δὲ
1855 5499 1977 5562 Βὶθ,

419 5589 458 5642 si
501 5587 647 5641 ᾶλλοι
685 5587 845 5657 βάτον
891 5589 1424 5658 ἑρμήνευσαν.’1ῖστι
1455 5587 1508 5643 δὲ
1549 5589 1746 5658 μέτρον
1776 5587 1976 5641 Παλαι-

501 5769 544 5806 ⁸τ
585 5767 770 5824 Matth.
807 5785 879 5835 \‘l,
913 5767 1008 5826 55.

2085 5025 2250 5080 dedit.

2155 5117 2236 5170 Ad
2263 5117 2559 5187 ungendum
2591 5114 2944 5171 Solomonem.
3005 5113 3328 5170 Unctionem
3361 5120 3516 5166 vorat
3545 5112 3658 5167 ele~

2087 5212 2347 5266 ctionem.
2374 5210 2493 5264 Non
2539 5210 2683 5263 enim
2714 5209 3019 5278 alienigena
3071 5221 3251 5276 regem
3296 5204 3653 5260 lsraeliticum

2092 5285 2353 5378 ungebat,
2387 5304 2504 5370 sed,
2537 5305 2664 5375 quia
2695 5304 2872 5373 patris
2929 5302 3138 5354 amicus
3193 5308 3336 5362 erat,
3388 5297 3653 5368 probavit,

2085 5398 2232 5468 quod
2270 5399 2324 5450 in
2363 5410 2593 5466 regnum
2626 5389 3338 5465 paternum'successissct.

2164 5488 2385 5543 Mechir.
2408 5486 2520 5540 lloc
2544 5483 2870 5539 vocabulum
2901 5480 3104 5536 Mechir
3130 5521 3144 5546 ,
3182 5495 3429 5534 mensura
3479 5477 3547 5532 ab
3573 5477 3658 5531 in-

2087 5578 2420 5649 tcrpretihus
2460 5576 2724 5632 redditur.
2764 5573 2890 5626 Belli
2928 5587 3085 5635 vero,
3135 5571 3223 5624 alii
3259 5569 3451 5624 lituum
3490 5569 3660 5623 inter-
