4018 6230
1333 143 1344 176 Ι

433 268 569 335 1155

1755 268 2104 329 PBOCOPII
2137 268 2378 328 GAZEI
2435 323 2441 336 .

3547 271 3682 337 1156

431 385 626 453 prolati
675 392 821 438 sunt.
872 383 966 437 Est
1019 391 1199 437 autent
1259 397 1516 438 mensura
1556 380 1994 446 Palzestinorum,

2106 384 2296 445 στῖνον,
2329 384 2670 452 πεντήκοντα
2699 384 2914 450 ξέστας,
2950 386 3042 440 καὶ
3069 389 3214 457 χοεῖς
3245 385 3439 458 χωρῶν
3473 388 3676 442 τέσσα-

427 478 778 546 septuaginta
831 476 1121 537 sextarios,
1155 483 1210 528 et
1268 475 1462 536 cboas,
1499 473 1580 528 vel
1609 473 1833 543 congios
1869 489 2004 543 qua-

429 579 558 622 tuor
582 567 833 638 capiens,
877 575 934 620 ut
973 566 1166 621 scribit
1197 563 1486 632 .losephus.

1089 653 1243 709 CAP.
1279 652 1368 707 Vl.

504 747 668 802 Vens.
703 747 754 798 7.
788 744 1016 812 Lapides
1069 744 1305 798 edolatas
1363 753 1412 798 et
1447 743 1663 813 politos.
1701 741 1779 796 Ex
1815 741 2004 810 hujus-

427 837 646 893 cemodi
679 835 953 904 lapidibus
975 836 1234 903 templum
1285 835 1617 897 construxit,
1661 849 1788 888 cum
1823 833 2004 886 divina

433 927 846 996 dispensatione
881 925 1018 979 tales
1053 924 1376 986 invenisset,
1421 937 1489 977 ne
1519 923 1668 976 ferro
1701 937 1838 991 opus
1858 930 2004 977 esset

374 1047 377 1050 ⁴
430 1021 496 1074 ad
525 1018 1001 1074 accuratissimam
1037 1019 1353 1088 juncturam
1422 1023 1480 1070 et
1527 1014 2001 1083 compositionem.

431 1113 608 1167 Sectis
637 1127 764 1166 vero
794 1097 1072 1180 lapidibus
1125 1111 1510 1164 ambulacrum
1554 1108 1745 1177 templi
1770 1108 2003 1160 aedilicii-

429 1205 548 1257 vit:
611 1203 816 1272 regiam
869 1202 1024 1264 item,
1058 1210 1113 1254 et
1155 1201 1354 1254 mania
1385 1197 1728 1266 metropolis,
1760 1205 1816 1250 et
1865 1195 2002 1252 alias

426 1296 617 1358 urbes,
654 1309 792 1363 quas
825 1294 1152 1346 Inuniliores
1185 1292 1440 1346 reddidit.

501 1383 657 1454 531
694 1383 857 1438 Vens.
895 1384 978 1438 l7.
1023 1383 1396 1453 Quadraginta
1425 1380 1718 1434 cubitorum
1742 1378 2003 1451 longitudo

425 1473 561 1541 ejus.
587 1473 757 1528 Paulo
785 1483 907 1542 post
925 1473 1172 1527 aliorum
1217 1487 1438 1541 quoque
1464 1471 1775 1524 cubitorum
1806 1473 2000 1522 domus

377 1591 382 1600 -
431 1563 620 1618 Sancti
665 1567 979 1619 sanetOrnm
1043 1563 1316 1629 meminit,
1379 1564 1449 1615 ita
1485 1571 1544 1615 ut
1597 1561 1649 1614 in
1681 1561 1999 1614 universum

426 1658 860 1724 sintsexaginta.
902 1656 1184 1726 Templum
1248 1672 1380 1711 vero
1417 1657 1482 1710 ad
1511 1669 1698 1710 ortum
1735 1655 2000 1724 respicie-

2107 483 2271 543 pu;',
2311 475 2387 539 ὡς
2438 473 2738 546 Ἰώσηππος
2777 477 2998 548 ἔφησεν.

2701 657 2952 710 ΚΕΦΛΛ.
2987 654 3077 722 q'.

2174 747 2394 812 Λίθους
2419 746 2852 813 ἀπελεκήτους.
2897 747 2989 799 Ἐκ
3017 746 3274 798 τοιούτων
3322 745 3486 800 λίθων
3530 747 3677 818 ᾠκο-

2103 837 2304 908 δόμησε
2332 837 2423 889 τὸν
2451 836 2606 901 νεὼν,
2641 837 2781 889 κατὰ
2811 837 2961 888 θείαν
2991 837 3249 902 πρόνοιαν
3281 837 3554 900 τοιούτους
3584 841 3680 893 εὑ·-

2106 928 2236 1000 ρὼν,
2274 929 2351 992 ὡς
2365 928 2453 999 μὴ
2482 927 2688 982 δεῖσθαι
2717 929 2935 998 σιδήρου
2983 927 3116 999 πρὸς
3163 928 3428 998 ἁρμονίαν
3457 927 3682 998 ἀκριϐε-

2107 1023 2308 1090 στάτην
2332 1037 2348 1051 ·
2385 1022 2612 1090 τμητοῖς
2643 1019 2699 1072 δὲ
2725 1019 2894 1081 λίθοις
2937 1019 3026 1071 τὸν
3075 1017 3169 1070 τοῦ
3203 1017 3351 1087 ἱεροῦ
3389 1019 3681 1088 περίϐολον

2103 1113 2437 1183 ᾠκοδόμησε,
2471 1112 2564 1164 καὶ
2613 1111 2680 1162 τὰ
2732 1109 2975 1178 βασίλεια
2998 1152 3011 1172 ,
3055 1109 3149 1160 καὶ
3179 1109 3239 1160 τδ
3265 1109 3366 1176 τῆς
3402 1111 3683 1178 perpend-

2103 1200 2238 1262 λεως
2275 1203 2471 1270 τεῖχος,
2503 1200 2594 1252 καὶ
2633 1199 2734 1262 τὰς
2784 1197 2950 1261 ἄλλας
2992 1199 3194 1262 πόλεις,
3232 1197 3298 1261 ἃς
3343 1198 3680 1268 ὁχυροτέρας

2104 1295 2406 1364 ἀπέφηνεν.

2179 1383 2637 1452 Τεσσαράκοντα
2672 1381 2887 1452 πήχεις
2927 1383 2992 1435 τὸ
3039 1379 3236 1451 μῆκος
3285 1381 3492 1437 αὑτοῦ.
3529 1381 3686 1435 Μετ’

2102 1475 2291 1541 ὀλίγα,
2323 1475 2417 1528 xui.
2464 1475 2638 1529 ἄλλων
2685 1474 2860 1544 εἴκοσι
2912 1476 3134 1544 πήχεων
3185 1473 3554 1543 ἐπιμέμνηται
3586 1474 3683 1526 τοῦ

2101 1564 2252 1618 οἴκου
2294 1565 2386 1618 τοῦ
2421 1565 2606 1634 Ἀγίου
2638 1564 2748 1618 τῶν
2776 1565 2967 1633 ἁγίων,
2995 1564 3070 1626 ὡς
3117 1557 3256 1616 εἶναι
3303 1565 3432 1626 τοὺς
3474 1568 3686 1629 πάντας

2105 1657 2294 1724 πήχεις
2324 1643 2607 1725 ἑξήκοντα.
2625 1655 2687 1707 '0
2717 1654 2775 1706 δὲ
2801 1653 2936 1718 νεὼς
2965 1653 3269 1725 ἐτέτραπτο
3297 1653 3436 1724 πρὸς
3473 1655 3574 1720 ἕω,
3603 1654 3684 1718 ὡς

427 1747 542 1811 bat,
585 1757 645 1802 ut
691 1749 969 1803 adoraturi
998 1766 1105 1803 non
1157 1749 1334 1803 solum
1371 1749 1666 1812 orientem,
1699 1747 1794 1802 sed
1822 1746 2001 1800 Domi-

2107 1719 2252 1799 ἂπῖὸι
2284 1719 2712 1817 προσευχόμενοι
2743 1745 2818 1816 μὴ
2852 1745 2944 1798 τὸν
2985 1719 3137 1817 ἥλιον
3179 1719 3467 1816 ἀνίσχοντα
3510 1763 3685 1816 προσ-

427 1851 558 1891 num
612 1839 744 1894 solis
799 1837 1111 1894 adorarent.
1173 1839 1323 1892 Elam
1377 1853 1508 1892 vero
1542 1836 1880 1892 vestibulum
1907 1850 2005 1906 ap-

425 1927 612 1998 pellat.

505 2021 660 2077 Vens.
686 2021 770 2076 l8.
803 2019 1088 2075 Fcnestras
1118 2020 1426 2074 reticulatus
1455 2017 2002 2088 secretas.Templum

427 2109 702 2166 fenestras
731 2111 924 2165 habuit
951 2112 1102 2164 intus
1139 2111 1302 2171 latas,
1371 2111 1508 2163 loris
1533 2109 1690 2163 valde
1717 2117 2001 2176 angustas,

424 2199 724 2270 perforatis
754 2201 1029 2270 lapidibus
1054 2208 1359 2263 contectae,
1426 2199 1528 2253 hoc
1553 2199 1697 2254 enirn
1737 2198 2006 2268 signiﬁcat

427 2291 506 2352 id.
559 2293 711 2361 quod
773 2292 928 2358 dicit,
959 2291 1092 2346 foris
1114 2293 1260 2346 enim
1328 2307 1435 2344 non
1467 2291 1810 2344 videbantur.
1841 2287 2007 2343 Mela-

433 2373 553 2438 tln-a
623 2400 751 2439 vero
803 2385 1066 2440 aediculas
1123 2392 1300 2449 vocat,
1331 2399 1452 2453 illia:
1486 2381 2006 2437 eircnmcircatem-

430 2476 582 2546 plum
611 2477 1124 2546 conplectebantur,
1155 2485 1214 2530 ut
1248 2479 1509 2546 templum
1535 2475 2004 2545 l'ulcircnt;ntque

416 2550 592 2624 tremo
649 2582 714 2621 ex
775 2565 980 2620 Levitis
1043 2567 1296 2634 parietes
1349 2566 1537 2635 templi
1603 2573 2002 2632 contrectaret;

429 2659 582 2722 item,
618 2657 866 2711 ιιιάὶνὶηὲ
905 2657 1195 2712 ministerii
1264 2672 1390 2711 vasa
1436 2659 1543 2710 huc
1578 2663 2002 2724 reponerentur.

427 2747 504 2800 Da
519 2747 604 2800 bri
634 2757 844 2812 autem,
879 2746 1139 2801 Sanctum
1166 2753 1479 2800 sanctorum
1510 2731 1770 2816 appellat.

503 2838 676 2895 Vens.
709 2839 805 2894 24.
843 2837 1008 2892 Latus
1039 2838 1177 2907 quod
1203 2837 1368 2907 infra,
1427 2838 1652 2908 quinque
1709 2836 2004 2891 cubitorum

429 2930 660 2986 latitudo
695 2930 833 3000 ejus.
859 2929 1032 2984 Nemo
1067 2929 1316 2992 miretur,
1355 2927 1399 2983 si
1436 2928 1788 2992 domusima,
1839 2937 1895 2982 et
1948 2928 2004 3000 in

2109 1839 2432 1908 κυνήσωσιν,
2468 1837 2602 1892 ἀλλὰ
2630 1837 2722 1891 τὸν
2757 1836 2850 1890 τοῦ
2883 1836 3036 1908 ἡλίου
3082 1837 3568 1908 Δεσπότην.Ἔλὰμ
3598 1838 3656 1892 δὲ

2107 1945 2180 1998 φη
2190 1929 2242 1981 σῖ
2277 1929 2338 1980 τὸ
2376 1928 2733 2000 προπύλαιον.
3356 1991 3360 1994 ,

2178 2021 2432 2089 Θυρίδας
2469 2021 2942 2092 δεδικτυωμένας
2981 2021 3270 2090 κρυπτὰς.
3309 2022 3684 2088 Φωταγωγοὺς

2105 2113 2134 2166 ὀ
2169 2111 2303 2175 νεὼς
2332 2107 2497 2182 εἶχεν,
2529 2112 2742 2167 ἔνδοθεν
2790 2115 2890 2184 μὲν
2928 2115 3146 2184 εὐρείας
3169 2154 3184 2176 ,
3215 2111 3412 2178 ἔξωθεν
3458 2112 3516 2166 δὲ
3561 2113 3686 2166 λίαν

2109 2205 2320 2268 στενὰς,
2355 2204 2665 2274 διατρήτοις
2693 2203 2862 2268 λίθοις
2893 2204 3332 2274 κεκαλυμμένας.
3363 2203 3534 2256 Τοῦτο
3571 2203 3686 2272 γὰρ

2105 2295 2257 2366 δηλοῖ
2286 2295 2346 2348 τὸ
2378 2296 2544 2366 ῥητὸν
2567 2336 2581 2358 ,
2615 2297 2713 2366 οὐχ
2759 2297 2979 2368 ὠρῶντο
3019 2297 3130 2368 γὰρ
3162 2297 3383 2362 ἔξωθεν.
3420 2294 3686 2364 Μέλαθρα

2104 2386 2162 2438 δὲ
2193 2387 2320 2450 τοὺς
2348 2387 2626 2450 οίκίσκους
2656 2385 2831 2451 καλεῖ,
2861 2390 2986 2451 τοὺς
3027 2387 3215 2458 κύκλῳ
3243 2385 3560 2456 συνέχοντας
3585 2384 3683 2436 τὸν

2104 2475 2260 2541 νεὼν,
2281 2476 2356 2540 ὡς
2385 2478 2481 2530 καὶ
2508 2477 2939 2547 διακρατεῖσθαι,
2967 2478 3064 2532 καὶ
3087 2478 3291 2548 μηδένα
3310 2477 3418 2530 τῶν
3439 2463 3683 2530 Λευῖτῶν

2105 2567 2198 2621 τοῦ
2227 2565 2332 2622 νεὼ
2363 2567 2699 2639 προσψαύειν
2731 2571 2844 2633 τοῖς
2869 2569 3090 2638 τοίχοις,
3121 2569 3218 2621 καὶ
3267 2566 3334 2622 τά
3381 2567 3482 2636 τῆς
3529 2565 3682 2630 θείας

2105 2659 2442 2730 λειτουργίας
2479 2659 2830 2714 ἀποτίθεσθαι
2857 2659 3050 2730 σκεύη.
3087 2659 3282 2730 Δαὸεὶρ
3309 2657 3390 2723 δὲ,
3407 2658 3468 2710 τὸ
3489 2657 3682 2726 ’Δγιον

2104 2753 2214 2806 τῶν
2249 2751 2418 2820 ἁγίων
2457 2752 2629 2807 καλεῖ.

2189 2845 2256 2899 Ἠ
2275 2844 2528 2912 πλευρὰ,
2556 2843 2594 2910 ἡ
2626 2841 2902 2898 ὑποκάτω
2931 2841 3111 2896 πέντε
3145 2841 3411 2909 πήχεων.
3451 2839 3680 2910 Θαυμα-

2107 2933 2244 3000 ζέτω
2275 2935 2483 3006 μηδεὶς,
2529 2937 2578 2989 εί
2620 2937 2992 3005 πενταπήχεις
3027 2935 3150 3005 μὲν,
3181 2934 3232 2986 οι
3263 2933 3508 2986 ἐπίπεδοι
3535 2928 3682 3002 ἦσαν

429 3021 548 3075 solo
605 3021 805 3090 posita,
865 3019 1109 3089 quinque
1155 3017 1465 3072 cobitorum
1507 3014 1644 3081 fuit;
1704 3017 2001 3072 secundum

2106 3023 2244 3080 οἴκοι
2269 3042 2280 3054 ·
2315 3027 2608 3097 ἑξαπήχεις
2631 3027 2710 3092 δὲ,
2738 3028 2789 3079 oi
2813 3025 3070 3096 διώροςροι
3091 3043 3105 3056 ·
3143 3025 3483 3095 ὲπταπήχεις
3510 3023 3565 3076 δὲ
3585 3065 3601 3088 ,
3629 3026 3679 3077 οἱ

429 3119 610 3162 autem
640 3109 938 3164 tabulatum
967 3146 983 3168 ,
1030 3121 1124 3161 sex
1163 3105 1510 3161 cubitorum:
1544 3103 1764 3157 tertium
1795 3105 2003 3158 tabula-

430 3209 570 3261 tum,
594 3209 799 3267 septem
827 3197 1173 3258 cubitorum;
1211 3194 1350 3260 muri
1391 3195 1535 3247 enim
1593 3193 1806 3247 inferne
1838 3193 2001 3246 latio-

431 3301 524 3340 res
549 3296 724 3350 erant,
755 3295 811 3337 ut
845 3283 1058 3337 aedilicii
1079 3283 1274 3337 molem
1301 3289 1522 3352 portare
1542 3290 1790 3350 possent.
1809 3281 2001 3335 Ablata

433 3385 638 3442 autem,
678 3389 731 3432 ct
755 3377 1022 3431 diminuta
1052 3391 1116 3429 ex
1151 3381 1304 3441 parte
1349 3374 1465 3444 ipsa
1507 3375 1818 3439 latitudine,
1854 3375 2002 3442 adje-

429 3476 556 3522 ctus
607 3475 692 3522 est
743 3467 963 3520 cubitus
1010 3460 1258 3519 secundo
1308 3467 1572 3533 tabulato,
1606 3467 1767 3521 tertio
1819 3474 1998 3519 autem

431 3560 546 3614 duo
583 3559 771 3613 cubiti.
834 3556 1102 3626 Josepbus
1161 3555 1304 3609 enim
1359 3556 1493 3610 dicit
1549 3558 1725 3626 ipsum
1778 3558 1997 3626 quidem

431 3649 690 3718 templum
723 3648 832 3700 duo
868 3647 1110 3700 tabulata
1136 3647 1419 3710 habuisse,
1457 3655 1510 3701 et
1542 3656 1711 3700 totum
1745 3648 1995 3702 altitudi-

431 3756 558 3794 nem
585 3738 753 3791 l‘uisse
785 3752 884 3790 cxx
911 3737 1244 3802 cubitorum,
1295 3735 1348 3790 id
1375 3736 1518 3806 quod
1560 3738 1698 3792 liber
1759 3736 1997 3809 Paralip.

430 3845 654 3902 quoque
681 3829 960 3900 exprimit.

509 3923 574 3976 Et
597 3923 798 3977 nullum
825 3923 1229 3978 instrumentum
1285 3922 1540 3992 ferreum.
1571 3923 1814 3976 auditum
1873 3923 1996 3992 fuit.

431 4015 668 4087 Lapides
697 4016 840 4069 enim
881 4015 1065 4083 templi
1101 4024 1294 4068 natura
1327 4015 1438 4084 apti
1489 4023 1650 4068 erant
1699 4015 1766 4068 ad
1820 4014 1998 4068 aedili-

428 4110 602 4164 cium.
643 4109 878 4180 Lapidcs
916 4118 1096 4163 autem
1145 4108 1376 4178 periboli
1412 4108 1467 4162 in
1507 4118 1692 4162 monte
1721 4110 1920 4174 secari,
1945 4117 2001 4164 et

431 4199 668 4256 invicem
698 4201 1073 4270 coagmentari
1102 4199 1290 4266 jussit.

510 4291 573 4344 Et
605 4290 774 4360 ﬂexus
798 4290 1053 4344 asccn'sus
1088 4291 1141 4342 in
1171 4288 1422 4343 medium.
1469 4286 1606 4341 Cum
1631 4303 1819 4343 murus
1841 4288 1998 4345 latis-

2103 3116 2418 3188 τριώροφοι.
2455 3118 2520 3170 0i.
2561 3119 2732 3186 τοῖχοι
2774 3117 2881 3186 γὰρ
2909 3111 3050 3186 ἦσαν
3083 3114 3371 3185 εὐρύτεροι
3412 3112 3676 3174 κάτωθεν,

2103 3209 2244 3264 ὥστε
2268 3210 2454 3281 φέρειν
2479 3210 2578 3280 τῆς
2614 3208 2925 3278 οἰκοδομίας
2951 3207 3015 3260 τὸ
3041 3207 3228 3278 βάρος.
3245 3205 3678 3278 Ἀφαιρουμένου

2101 3303 2160 3354 δὲ
2189 3303 2331 3354 κατὰ
2357 3299 2525 3372 μέρος
2547 3299 2644 3353 τοῦ
2672 3296 2886 3370 εὔρους,
2907 3298 3213 3367 προσετέθη
3238 3299 3347 3360 τοῖς
3379 3297 3476 3366 μὲν
3498 3295 3683 3365 διωρόο

2103 3409 2222 3461 φοις
2249 3395 2277 3446 ὁ
2314 3393 2488 3462 πῆχυς
2510 3431 2525 3453 .
2555 3394 2670 3454 τοῖς
2711 3391 2770 3446 δὲ
2809 3391 3137 3462 τριωρόφοις
3165 3390 3216 3443 οἱ
3247 3387 3362 3446 δύο.
3380 3389 3680 3458 Ἰώσηππος

2107 3485 2288 3554 μέντοι
2315 3479 2470 3552 φησὶ,
2500 3484 2598 3536 καὶ
2629 3481 2792 3536 αὑτὸν
2822 3481 2915 3534 τὸν
2954 3478 3088 3534 νεὼν
3117 3479 3380 3552 διώροφον
3405 3477 3676 3548 γενέσθαι.

2101 3577 2195 3628 καὶ
2217 3576 2325 3628 πᾶν
2345 3574 2405 3627 τὸ
2426 3573 2558 3642 ὕψος
2580 3573 2774 3628 ἑκατὸν
2799 3572 2894 3626 καὶ
2922 3572 3095 3624 εἴκοσι
3119 3573 3434 3642 πήχεων.⁴υ
3462 3567 3679 3624 καὶτῶν

2103 3663 2609 3736 Παραλειπομένων
2639 3664 2672 3733 ἡ
2703 3661 2885 3734 βίϐλος
2916 3663 3086 3734 δηλοῖ.

2173 3922 2280 3976 Καὶ
2307 3921 2428 3978 πᾶν
2453 3923 2676 3989 σκεῦος
2698 3921 2992 3989 σιδηροῦν
3010 3923 3123 3975 οὐκ
3146 3921 3441 3988 ἠκούσθη.
3481 3919 3548 3972 οι
3577 3915 3676 3988 μὲν

2100 4015 2210 4084 γάρ
2242 4013 2334 4066 τοῦ
2365 4013 2470 4066 νεὼ
2506 4013 2664 4078 λίθοι,
2699 4008 2840 4084 ἦσαν
2868 4013 3162 4082 αὐτοφυεῖς
3181 4028 3196 4042 ο
3225 4011 3352 4073 τοὺς
3383 4009 3439 4063 δὲ
3469 4007 3562 4062 τοῦ
3585 4025 3680 4060 πε-

2102 4105 2342 4176 ριϐόλου,
2371 4107 2428 4158 ὲν
2449 4105 2527 4174 τῷ
2556 4104 2674 4174 ὄρει
2703 4103 2983 4174 ξεσθῆναι,
3011 4103 3106 4156 καὶ
3131 4101 3385 4173 ἀλλήλοις
3416 4115 3682 4170 συναρμοο

2101 4197 2320 4266 σθῆναι,
2363 4195 2702 4268 προσέταξεν
2719 4244 2731 4254 ,

2174 4289 2284 4341 Καὶ
2312 4287 2524 4354 ἑλικτὴ
2563 4285 2837 4352 διάϐασις
2870 4287 2958 4350 είς
2982 4283 3097 4350 τὴν
3115 4282 3338 4351 μέσην.
3380 4279 3680 4350 Εὐρύτατος

433 4382 606 4434 εἱιιις
654 4389 824 4444 esset,
880 4379 1138 4433 cochleas
1194 4378 1248 4431 in
1317 4377 1616 4432 secundam
1683 4384 1736 4431 et
1793 4377 2001 4433 tertiam

2112 4381 2220 4448 γὰρ
2249 4377 2322 4431 ὢν
2351 4379 2379 4430 ὁ
2405 4381 2604 4448 τοῖχος,
2639 4375 2938 4446 κοχλιοειδῆ
2972 4376 3071 4444 τὴν
3099 4374 3365 4427 άνὰὁασιν
3405 4367 3553 4440 εἶχεν
3592 4371 3680 4420 ἐπὶ

438 4472 628 4538 (θέσιν)
661 4472 1123 4541 contignationem
1158 4471 1370 4530 habuit,
1409 4479 1810 4540 quzetanquam
1844 4473 2003 4526 tabu-

433 4563 566 4624 lalzt,
597 4561 677 4614 vel
699 4562 980 4614 ctenacnla
1009 4562 1062 4613 in
1100 4564 1302 4632 templo
1333 4558 1574 4617 fuerunt.
1598 4561 1709 4616 lloc
1765 4577 1895 4617 vero
1922 4571 2004 4616 ta-

441 4653 450 4701 Ι
478 4652 578 4700 ulis
605 4649 844 4706 cedrinis
879 4651 1142 4714 contexit,
1171 4661 1226 4704 et
1281 4653 1495 4706 tabulas
1521 4667 1656 4706 auro
1687 4670 1702 4717 ;
1753 4653 2001 4721 ίμαντρί-

434 4736 526 4798 δας
553 4754 704 4798 ιἰϊο,
745 4737 800 4793 id
836 4745 956 4803 est,
1021 4737 1286 4798 tabulata.
1339 4740 1632 4809 ὲνδέσμους
1687 4742 1997 4809 appellavit.

433 4825 799 4897 Perquinque
827 4835 1012 4882 autem
1038 4827 1254 4882 cubitos
1303 4827 1566 4896 lapidum,
1597 4829 1796 4898 inquit,
1868 4843 2000 4883 con-

432 4916 746 4987 iunctiones
773 4917 924 4973 fecit.

505 5009 668 5064 Vens.
717 5009 808 5063 20.
861 5007 930 5062 Et
973 5007 1096 5077 fecit
1149 5006 1322 5060 altare
1389 5008 1443 5060 in
1493 5017 1772 5076 conspectu
1817 5009 2002 5066 Dabir.

433 5102 616 5158 Alt-ire
653 5103 800 5154 enim
829 5100 1203 5172 thymiamatis
1235 5107 1362 5152 ante
1395 5100 1571 5152 telum
1604 5100 1839 5167 positum
1865 5109 2005 5164 erat,

433 5194 576 5261 quod
605 5207 668 5245 cx
703 5207 810 5245 una
839 5200 995 5260 parte
1019 5204 1288 5254 mensam,
1321 5205 1385 5242 ex
1423 5189 1594 5242 altera
1613 5189 2001 5245 candelabrum

435 5285 690 5340 habebat.

501 5379 694 5430 Aulum
739 5379 1061 5431 interiorem.
1119 5374 1590 5442 Quemadmodum
1636 5372 1896 5442 templum
1943 5373 1997 5426 in

2103 4472 2203 4540 τὴν
2239 4469 2497 4540 δευτέραν
2533 4467 2680 4522 θέσιν
2729 4469 2825 4520 καὶ
2865 4465 3078 4535 τρίτην,
3105 4463 3182 4528 ὡς
3215 4461 3482 4531 ὑπερῴων
3516 4462 3676 4513 ὄντων

2103 4563 2161 4615 ἑν
2185 4562 2261 4632 τῷ
2298 4561 2426 4632 νεῷ.
2458 4561 2674 4613 Σανίσιν
2707 4559 2764 4613 δὲ
2797 4559 2960 4610 αὑτὸν
2998 4556 3271 4626 κεδρίναις
3301 4553 3561 4620 ἐκάλυψε,
3587 4549 3676 4603 καὶ

2102 4654 2287 4724 χρυσῷ
2309 4654 2367 4706 δὲ
2388 4653 2484 4716 τὰς
2509 4651 2725 4713 σανίδας
2745 4665 2760 4680 ⁶
2789 4649 3078 4718 ὲνδέσμους
3107 4647 3185 4711 δὲ,
3214 4645 3310 4707 τὰς
3337 4639 3675 4714 ίμαντρίδας

2101 4745 2382 4799 ἐκάλεσεν.
2430 4743 2588 4796 Κατὰ
2621 4742 2782 4794 πέντε
2831 4740 2914 4804 δὲ,
2949 4738 3108 4808 φησὶ,
3143 4738 3304 4791 λίθων
3341 4738 3538 4807 πήχεις
3584 4736 3678 4794 τὰς

2114 4837 2442 4907 ίμαντὼσεις
2483 4837 2758 4906 παρεῖχεν.

2185 5013 2292 5066 Kal
2325 5013 2578 5078 ἐποίησε
2607 5005 3206 5076 θυσιαστήριον-κατὰ
3232 5003 3556 5072 πρόσωπον
3575 4997 3676 5052 τοῦ

2113 5107 2344 5172 Δαόεἰρ.
2378 5105 2420 5156 Τ
2423 5105 2452 5156 ὸ
2475 5104 2582 5174 γὰρ
2630 5103 3016 5171 θυσιαστήριον
3051 5095 3144 5149 τοῦ
3194 5094 3536 5164 θυμιάματος
3576 5090 3676 5160 πρδ

2107 5195 2202 5246 τοῦ
2228 5197 2718 5263 καταπετάσματος
2751 5191 2964 5244 ἔκειτο·
3024 5187 3177 5243 ἔνθεν
3249 5185 3346 5256 μὲν
3404 5184 3541 5253 ἔχων
3583 5180 3677 5252 τὴν

2105 5285 2414 5356 τράπεζαν,
2452 5284 2604 5338 ἔνθεν
2630 5284 2688 5337 δὲ
2731 5285 2829 5354 τὴν
2865 5279 3107 5350 λυχνίαν.

2181 5375 2298 5440 Τὴν
2337 5373 2538 5442 αὐλὴν
2561 5373 2678 5442 τὴν
2694 5371 3009 5440 ἐσωτέραν.
3037 5371 3242 5442 Ὥσπερ
3275 5367 3304 5420 ὀ
3333 5365 3453 5428 vah;
3480 5363 3558 5426 εἰς
3593 5359 3678 5414 δύο

1740 5542 1976 5599 VAIUA'J
2005 5543 2404 5608 LECTIONES.

514 5644 543 5677 ⁸
567 5640 624 5692 lu
648 5639 834 5698 codice
866 5639 1114 5695 Lavateri
1149 5639 1362 5695 videtur
1387 5639 1578 5702 fuisse,
1609 5635 1792 5689 πέντε.
