4018 6230
327 287 467 356 11-57

1274 249 1809 363 ΟὸΜΜΕΝΤΑΒΙΙ
1840 303 1923 365 ΙΝ
1962 304 2112 365 LIB.
2156 303 2249 364 III
2302 304 2597 365 REGUM.

3443 313 3578 380 1158

321 403 564 474 διῄρητο,
593 400 736 455 οὓτω
768 402 860 456 καί
884 403 952 457 τὰ
978 402 1237 474 ὕπαιθρα..
1264 403 1482 458 Τούτων
1510 408 1620 475 τὰρ
1676 407 1747 459 τὰ
1803 407 1882 475 μὲι

2006 407 2144 461 duas
2167 417 2349 476 partes
2382 409 2705 462 dIStinctum
2740 408 2860 471 fuit,
2889 410 2960 463 ita
2987 412 3148 465 etiam
3181 404 3440 483 ὕπαιθρα,
3477 440 3577 478 me

322 489 390 562 ἦν
433 492 568 563 βατά
605 493 765 545 παντὶ
791 492 868 562 τῷ
902 494 1044 563 λαῷ·
1078 494 1147 547 τὰ
1173 495 1250 559 δὲ,
1277 499 1387 557 τοῖς
1414 497 1617 566 ἱερεῦσι
1665 499 1758 548 καὶ
1784 500 1895 558 τοῖς

321 586 605 645 Λευΐταις.
638 587 853 654 Διεῖργε
886 585 941 637 δὲ
968 602 1190 649 τουτους
1221 586 1315 638 ἀπ’
1366 588 1588 638 ἐκείνων
1651 585 1894 656 θριγγίον

319 677 415 744 οὐχ
443 674 666 744 ὑψηλὸν,
699 675 840 728 ὥστε
894 675 990 729 καὶ
1033 678 1159 739 τοὺς
1212 676 1724 746 ἀπεσχοινισμένους
1786 676 1894 728 τῶν

320 767 492 831 ἔνδον,
521 767 721 832 ἔξωθεν
755 767 982 838 θεωρεῖν
1009 768 1108 837 τὴν
1141 767 1247 821 τῶν
1288 767 1488 820 θυσιῶν
1552 769 1891 838 ἱερουργίαν.

325 859 418 910 Διά
441 857 610 928 τριῶν
636 857 717 923 δὲ,
749 859 906 928 φησὶ,
930 857 1110 927 δόμων
1143 858 1433 928 ίμάντωμα
1476 857 1729 911 διέτεινον
1794 857 1893 910 κέ-

320 949 518 1020 δρινον.
1206 961 1217 970 ·

909 1140 1162 1193 ΚΕΦΑΛ.
1195 1143 1272 1196 Z'.

384 1229 498 1284 Καὶ
526 1230 638 1284 δύο
655 1230 998 1298 ἐπιθέματα.
1039 1230 1187 1282 Ἀντὶ
1219 1227 1334 1292 τοῦ,
1366 1226 1652 1281 ἐπίστυλα.

387 1413 494 1467 Καὶ
521 1410 827 1481 μέλαθρον
872 1409 966 1464 ἐπ’
991 1407 1342 1479 ἀμφοτέρων
1367 1407 1486 1461 τῶν
1515 1405 1780 1459 στύλων.
1815 1404 1890 1459 Τὸ

315 1503 621 1558 ὲπίστυλον.

391 1593 515 1661 Τὴν
539 1592 882 1647 θάλασσαν.
915 1590 1169 1661 Λουτῆρα
1195 1589 1453 1661 χαλκοῦν,
1490 1589 1548 1644 ὃν
1577 1590 1666 1645 διὰ
1694 1589 1755 1643 τὸ
1791 1588 1890 1659 μέ-

313 1684 474 1755 γεθος
504 1685 730 1738 ἐκάλεσε
746 1682 1044 1747 θάλασσαν,
1076 1683 1155 1744 είς
1184 1681 1543 1736 τὸνίπτεσθαι
1574 1683 1698 1745 τοὺς
1724 1682 1891 1750 ἱερεῖς

315 1779 374 1831 έν
410 1775 575 1845 αύτῷ.
616 1771 773 1836 Εἶδος
798 1773 857 1829 δὲ
903 1774 936 1841 ὴ
1001 1772 1245 1827 θάλασσα
1307 1768 1450 1842 εῖχεν
1504 1770 1883 1845 ἡμισφαιρίου,

316 1866 536 1937 πήχεων
562 1865 692 1919 δέκα
722 1867 822 1934 τὴν
847 1863 1156 1933 διάμετρον·
1185 1863 1246 1932 τὸ
1274 1864 1335 1917 δὲ
1378 1862 1711 1929 κυκλοειδές,
1740 1864 1888 1935 τριάς

316 1974 480 2011 κοντα
507 1956 675 2027 τριῶν
697 1958 914 2027 πήχεων
944 1971 961 1987 ο
1000 1956 1065 2008 τὸ
1096 1955 1153 2009 δὲ
1178 1955 1375 2026 πάχος,
1428 1955 1729 2026 σπιθαμῆς.
1764 1955 1886 2009 Τῶν

313 2049 369 2102 δὲ
396 2048 489 2103 δύο
518 2046 936 2118 σπιθαμῶν,τῆς
953 2046 1224 2111 ἐντεῦθεν,
1255 2064 1327 2117 φη
1336 2048 1417 2117 μἰ,
1435 2048 1638 2118 καὶτῆς
1655 2047 1885 2115 ἐκεῖθεν,

308 2142 379 2211 τῇ
409 2139 685 2209 διαμέτρῳ
716 2140 1236 2210 συμμετρουμένων,
1267 2140 1459 2193 ἕνδεκα
1481 2140 1679 2209 πήχεις
1730 2140 1886 2209 εὑρί-
1919 2196 1922 2207 ,

313 2245 557 2283 σκονται.
590 2228 1121 2299 Τριπλασιαζόμτνοι
1153 2230 1211 2283 δὲ
1243 2225 1410 2295 οὗτοι,
1460 2231 1675 2285 ποιοῦσι
1734 2234 1886 2303 τρεῖς

310 2321 405 2373 καὶ
432 2321 749 2389 τριάκοντα.

379 2414 661 2466 Βλαστὸν
686 2412 919 2481 κρίνου.
941 2412 1049 2467 Τοῦ
1074 2411 1339 2483 λουτῆρος
1367 2410 1428 2466 τὸ
1454 2411 1630 2482 χεῖλος
1675 2410 1887 2465 ἐπικλι-

306 2500 400 2566 νὲς
446 2498 516 2574 ἦν
552 2505 634 2567 είς
664 2505 734 2558 τὰ
772 2504 898 2572 ἔξω,
950 2504 1020 2558 τὰ
1076 2503 1249 2573 φύλλα
1298 2503 1393 2556 τοῦ
1447 2503 1634 2574 κρίνου
1689 2501 1885 2574 μιμού-

383 2610 495 2650 νον.

551 2686 868 2755 Μηχανώθ.
904 2685 1028 2739 Τῶν
1088 2685 1583 2757 Παραλειπομένων
1632 2685 1666 2757 ἡ
1700 2684 1880 2754 βίϐλος

307 2773 576 2848 λουτῆρας
598 2779 698 2841 τὰς
717 2781 997 2847 μηχανὰς
1027 2778 1327 2848 ὠνόμασεν.
1362 2779 1422 2832 Ὀ
1449 2778 1503 2831 δὲ
1553 2777 1877 2847 Ἰὠσηππος,

308 2871 518 2939 βάσεις.
552 2872 941 2942 Τετραγώνους
1000 2871 1059 2924 δὲ
1102 2870 1271 2935 αὐτὰς
1327 2870 1480 2940 λέγει
1530 2870 1875 2940 γεγενῆσθαι,

304 2962 535 3031 τροχοὺς
570 2963 798 3032 ἐχούσας
827 2964 1238 3034 ὑποκειμένους,
1269 2965 1381 3027 τοῖς
1435 2963 1544 3016 τῶν
1597 2964 1867 3033 ἁρμάτων

1996 508 2103 555 est,
2163 498 2612 557 locasubdialia.
2672 498 2727 551 In
2778 514 3012 566 quorum
3066 502 3297 554 alterum
3358 514 3576 573 ψιιιινηι

1996 588 2180 641 omnis
2212 590 2448 658 populus
2492 590 2703 660 ingredi
2755 593 2986 660 potuit;
3031 612 3083 647 lli
3120 596 3348 650 alterum
3395 612 3576 655 autem

1996 674 2202 732 Levita:
2227 681 2518 744 duntaxat,
2549 688 2603 733 et
2638 681 2978 738 sacerdotes.
3016 683 3129 739 llos
3158 695 3337 739 autem
3363 688 3575 757 paries,

1996 767 2078 819 vel
2109 778 2324 836 septum
2351 783 2461 822 non
2482 772 2652 823 altum
2683 772 2753 824 ab
2782 771 2890 825 illis
2907 776 3146 837 arcebat,
3172 776 3246 829 ita
3276 786 3333 829 ut
3378 777 3577 847 sejun-

1996 854 2068 905 cti
2099 853 2232 909 foris
2251 855 2651 910 sacriﬁciorum
2679 857 3014 914 oblationem
3056 871 3306 927 spectare
3334 877 3576 931 possent.

1995 940 2097 995 Per
2137 954 2249 998 ties
2314 954 2492 999 autem
2541 956 2850 1003 structuras
2898 951 3125 1016 trabes,
3169 969 3290 1021 quae
3338 955 3575 1022 parietes

1997 1035 2307 1098 continent,
2338 1034 2524 1088 cedris
2556 1034 2771 1091 intexit.

2626 1170 2779 1225 CAP.
2832 1170 2944 1226 VII.

2072 1255 2235 1314 Vsus.
2273 1259 2360 1314 16.
2414 1259 2480 1313 Et
2505 1261 2611 1317 duo
2633 1264 2972 1332 epithemata.
3001 1262 3108 1319 Pro
3136 1266 3426 1338 epistyliis,
3460 1270 3565 1326 hoc

1991 1356 2097 1410 est,
2130 1350 2400 1416 trabibus,
2432 1368 2553 1420 quae
2585 1369 2752 1419 super
2788 1356 3073 1410 columnas
3105 1369 3404 1425 ponuntur.

2063 1438 2130 1493 Et
2165 1439 2386 1511 laquear
2436 1444 2492 1496 in
2522 1445 2774 1499 ambabus
2828 1447 3110 1502 continuis.
3155 1448 3436 1521 lipistylon
3480 1453 3568 1507 in-

1992 1529 2211 1598 telligit.

2066 1615 2232 1676 Vens.
2270 1622 2363 1676 εδ.
2409 1622 2586 1678 Mare.
2622 1624 2859 1680 Labrum
2896 1643 3132 1694 aeneum,
3170 1633 3317 1701 quod
3345 1642 3570 1704 pr0pter

1920 1738 1963 1797 Β
1994 1712 2430 1780 magnitudinem
2474 1731 2622 1769 mare
2657 1719 2985 1787 appellavit,
3032 1722 3178 1775 hunc
3214 1739 3370 1778 usum
3404 1725 3572 1780 habe-

1991 1798 2104 1862 bat,
2151 1815 2207 1854 ιιι
2248 1802 2301 1855 in
2338 1819 2404 1856 eo
2430 1806 2746 1860 sacerdotes
2793 1810 3127 1864 lavarentur.
3162 1810 3362 1867 Habuit
3388 1823 3569 1869 autem

1988 1887 2095 1943 hoc
2131 1906 2281 1946 mare
2314 1891 2539 1961 ﬁguram
2570 1895 3017 1967 hemispliaarii,et
3043 1900 3227 1956 decem
3261 1905 3568 1959 cubitorum

1991 1983 2354 2050 diametrum;
2396 1985 2516 2055 ipse
2561 1987 2735 2054 orbis,
2770 1989 2854 2042 vel
2897 1991 3139 2048 circulus
3169 1994 3386 2064 triginta
3416 1997 3572 2050 cubi-

1989 2084 2168 2129 torum
2212 2075 2350 2142 fuit;
2397 2077 2713 2134 crassitudo
2740 2080 2861 2150 ejus
2896 2082 3113 2150 palmus
3156 2085 3282 2140 fuit.
3320 2087 3417 2142 Sin
3467 2104 3568 2143 au-

1988 2174 2097 2219 tem
2135 2168 2242 2220 duo
2267 2168 2455 2236 palmi,
2490 2170 2582 2247 qui
2618 2171 2749 2227 hinc
2818 2181 2872 2226 et
2903 2174 3054 2228 illine
3082 2177 3422 2235 indiametro
3441 2189 3572 2235 sunt

1987 2269 2478 2323 connumcrentur,
2529 2259 2888 2317 inveniuntur
2937 2263 3191 2319 undecim
3231 2267 3435 2336 cubiti;
3492 2271 3568 2326 illi

1988 2359 2116 2398 vero
2158 2346 2264 2415 trip
2288 2345 2417 2401 icati
2447 2345 2657 2401 faciunt
2690 2351 2914 2419 triginta
2948 2361 3060 2407 tres
3085 2355 3325 2415 cubitos.

2060 2433 2227 2489 Vnus.
2262 2435 2352 2488 26.
2384 2433 2607 2492 Carmen
2641 2438 2768 2493 lilii.
2804 2439 2969 2495 Labri
3012 2443 3214 2499 labium
3246 2446 3565 2502 inclinatum

1985 2535 2102 2579 erat
2143 2529 2197 2581 in
2237 2538 2420 2597 partes
2451 2531 2774 2599 exteriores,
2823 2533 2893 2588 ad
2938 2534 3357 2594 similitudinem
3402 2538 3565 2594 folio-

1988 2631 2109 2669 rum
2141 2616 2263 2673 lilii.
3226 2684 3237 2693 .

2071 2713 2238 2768 Vens.
2273 2714 2366 2769 27.
2404 2713 2591 2769 Decem
2626 2713 2967 2772 Mechanotli.
2997 2716 3160 2773 Liber
3189 2718 3566 2792 Paralipome-

1987 2817 2095 2857 non
2123 2805 2279 2859 labra
2319 2808 2565 2876 μηχανὰς
2586 2809 2821 2870 vocavit,
2850 2808 3125 2880 Joseplius
3149 2824 3326 2867 autem
3353 2815 3560 2883 βάσεις.

1986 2892 2490 2966 Quadrangularem
2537 2904 2716 2950 autem
2764 2896 2987 2967 ﬁguram
3030 2915 3124 2955 eas
3177 2900 3433 2957 habuisse
3477 2905 3563 2956 di-

1989 2985 2085 3046 cit,
2139 2992 2191 3037 et
2228 2986 2507 3054 subjectus
2538 2994 2686 3041 rotas
2720 2986 2930 3043 similes
2961 2992 3096 3046 rotis
3128 3007 3412 3047 curruum.
3452 2995 3565 3049 Ha-

304 3053 572 3117 ἐοικότας.
604 3049 763 3124 Εἶχον
794 3055 852 3107 δὲ
872 3048 1033 3108 αὗται
1058 3054 1170 3108 ἀνω
1222 3056 1421 3125 χειρῶν
1481 3052 1875 3124 ὲκτυπώματα,

1986 3073 2186 3127 bcbaut
2216 3086 2396 3129 autem
2428 3076 2531 3130 illa:
2566 3077 2619 3131 in
2652 3079 2924 3147 superiori
2956 3090 3113 3150 parte
3144 3098 3403 3138 manuum
3443 3086 3558 3141 elli-

307 3143 666 3214 στεφανοειδῆ
704 3144 938 3215 φέροντα
955 3143 1177 3200 κύκλον.

376 3236 531 3289 Δέδια
564 3227 1028 3306 κὺτρογαύλους.
1057 3236 1341 3309 Λουτῆρας
1367 3238 1747 3309 ἐπικειμένους
1761 3240 1879 3300 ταῖς

306 3323 551 3397 βάσεσιν,
593 3329 652 3380 έν
683 3327 739 3380 δὲ
770 3327 982 3391 τούτοις
1014 3329 1242 3381 ἔπλυνον
1298 3328 1369 3382 τὰ
1409 3330 1604 3399 ἱερεῖα,
1658 3332 1757 3382 καὶ
1810 3330 1880 3384 τὰ

302 3416 514 3472 τούτων
540 3418 711 3483 ἐντὸς,
743 3419 839 3472 καί
863 3419 990 3483 τοὺς
1019 3419 1208 3484 πόδας,
1235 3419 1311 3484 ὡς
1339 3422 1398 3475 ὲν
1437 3423 1560 3484 ταῖς
1610 3421 1881 3493 Παραλει-

310 3512 577 3581 στομέναις
605 3512 791 3583 φησίν.

379 3602 485 3655 Καὶ
509 3603 616 3669 τὰς
644 3603 861 3672 θερμὰς
887 3603 1068 3672 τρεῖς.
1103 3603 1324 3675 Θερμὰς
1374 3603 1533 3657 καλεῖ
1586 3605 1712 3669 τοὺς
1755 3604 1880 3676 θερ-

304 3695 608 3765 μαντῆρας,
643 3697 701 3748 ὲν
721 3690 801 3759 οἷς
829 3696 890 3748 τὸ
921 3695 1065 3765 ὕδωρ
1092 3695 1411 3769 θερμαίνειν
1435 3696 1734 3767 είώθαμεν.

380 3869 458 3925 Τὰ
495 3869 632 3940 ἅγια
664 3870 861 3926 Δαϐιδ.
892 3872 1070 3944 Ἂπερ
1098 3872 1164 3926 ὲκ
1192 3872 1301 3927 τῶν
1322 3873 1574 3945 πολέμων
1617 3873 1879 3945 ἀνέθηκεν
1940 3878 1951 3885 ’

302 3958 615 4028 ἀκροθίνια.

380 4051 492 4105 Τὸν
517 4047 686 4105 οἷκον
705 4050 933 4122 δρυμοῦ
965 4051 1073 4106 τοῦ
1095 4052 1374 4109 Λιϐάνου.
1415 4051 1616 4108 Τοῦτον
1662 4054 1756 4108 τοῦ
1802 4054 1879 4108 δι-

302 4144 608 4214 καστηρίου
639 4145 909 4214 πεποίηκε
936 4145 1236 4217 πρόδομον.
1262 4142 1390 4217 Εἶχε
1442 4146 1498 4200 δὲ
1537 4146 1759 4210 στύλους
1787 4164 1877 4201 κε-

288 4234 518 4304 .δρίνους
551 4238 681 4307 ρλε’.
713 4236 878 4290 Ὅθεν
917 4237 1065 4301 εἰκὸς
1093 4238 1255 4291 αὐτὸν
1280 4234 1428 4292 οἷκον
1455 4238 1722 4310 κληθῆναι
1752 4241 1877 4311 δρυ-

304 4327 414 4398 μοῦ
441 4327 534 4381 τοῦ
563 4328 818 4391 Λιϐάνου,
846 4329 935 4383 διὰ
963 4330 1022 4383 τὸ
1050 4331 1251 4400 πλῆθος
1278 4331 1388 4385 τῶν
1450 4332 1712 4404 κεδρίνων
1765 4335 1877 4387 κιό-

303 4437 413 4477 νων
447 4416 798 4493 μιμουμένων
835 4423 930 4477 τοῦ
962 4424 1195 4477 Λιϐάνου
1220 4425 1283 4478 τὸ
1304 4426 1485 4488 ἄλσος.

374 4512 561 4566 Πέντε
584 4514 683 4567 καὶ
708 4512 1160 4582 τεσσαράκοντα
1189 4519 1220 4569 d
1250 4519 1460 4587 στίχος
1508 4520 1543 4571 ό
1585 4517 1690 4585 εἷς.
1747 4520 1876 4590 Τρί-

304 4617 477 4655 στωον
498 4598 588 4673 ἦν,
617 4604 849 4675 ἐχούσης
888 4604 1124 4679 ἑκάστης
1155 4608 1319 4670 στοᾶς
1342 4609 1500 4662 πέντε
1532 4611 1626 4664 καὶ
1673 4627 1873 4663 τεσσα-

304 4696 542 4765 ράκοντα
568 4697 772 4759 κίονας.
820 4696 932 4767 Τὴν
967 4695 1076 4766 γὰρ
1099 4698 1367 4770 τετάρτην
1395 4701 1557 4755 στοὰν
1621 4702 1874 4755 ἀπετέλει

220 4792 241 4809 ‘
298 4787 399 4840 τοῦ
422 4788 776 4861 δικαστηρίου
806 4794 874 4844 τὰ
897 4791 1228 4863 προπύλαια,
1269 4792 1413 4864 ἆπερ
1451 4795 1616 4863 φησιν
1667 4792 1867 4865 Αίλάμ.

298 4882 368 4934 Ai
398 4878 456 4934 δὲ
488 4883 639 4936 στοαὶ
669 4883 926 4954 ἀλλήλαις
941 4885 1083 4938 κατὰ
1100 4888 1166 4963 τα
1182 4884 1328 4957 ἄκρα
1341 4887 1676 4957 συνήπτοντο
1705 4887 1865 4942 διά...

297 4990 451 5047 χωρα
480 4974 728 5047 ὲπίχωρα
758 4978 1018 5048 τρισσῶς.
1058 4978 1167 5042 Τὰς
1204 4979 1258 5032 δὲ
1295 4978 1454 5043 στοὰς
1486 4979 1716 5034 ἐκάλεσε
1772 4983 1869 5050 μέ-

300 5064 497 5138 λαθρσ.

894 5162 1146 5217 ΚΕΦΑΔ.
1196 5163 1280 5216 Η’.
1330 5179 1339 5187 ’
1854 5210 1855 5213 η

376 5250 434 5303 Ἀ
454 5249 764 5327 adjuvat;
794 5253 864 5307 ἐν
886 5252 966 5320 τῷ
994 5256 1247 5325 στόματι
1287 5272 1425 5320 σου,
1459 5258 1556 5311 καὶ
1613 5258 1682 5312 ἐν
1741 5258 1869 5324 ταῖς

296 5341 475 5408 χερσί
504 5358 621 5396 σου
640 5343 1021 5413 ἐπλήρωσας.
1092 5346 1477 5418 Ἀνθρωπίνως
1525 5351 1712 5422 φησιν,
1758 5351 1862 5415 ὅτι,

294 5424 380 5494 οἷς
412 5425 592 5500 εῑπας,
625 5433 686 5486 τὸ
714 5436 889 5506 πέρας
938 5436 1237 5508 ἐπέθηκας.

370 5521 497 5576 ’Ότι
520 5526 571 5577 εί
594 5524 833 5592 ἀληθῶς
860 5527 1204 5595 κατοικήσει
1233 5532 1266 5583 ὁ
1291 5531 1437 5595 Θεὸς
1459 5530 1611 5600 μετὰ
1638 5532 1863 5600 ἀνθρώ-

293 5627 427 5667 πων
456 5614 551 5668 ἐπὶ
582 5615 691 5684 τῆς
726 5616 857 5687 γῆς.
890 5618 1058 5673 Φύσιν
1082 5620 1239 5691 ἔχων,
1275 5623 1461 5693 φησὶν,
1488 5624 1862 5695 ἀπερίληπτον

284 5706 669 5781 χειροποίητον
697 5710 822 5764 ναὸν
856 5713 1287 5779 κατεσκεύασας,
1312 5715 1411 5768 οὐκ
1451 5716 1508 5769 ἐν
1540 5718 1714 5790 τούτῳ
1753 5734 1858 5769 πε-

1981 3165 2117 3234 gies,
2149 3181 2271 3233 quae
2300 3168 2566 3223 circulum
2620 3185 2838 3224 corona:
2884 3173 3127 3228 similem
3175 3177 3557 3246 praeferebant.

2052 3253 2217 3310 Vsus.
2262 3257 2350 3311 58.
2406 3258 2592 3313 Decem
2633 3277 2853 3333 magnas
2899 3264 3058 3318 ollas.
3117 3264 3288 3321 Labra
3338 3268 3559 3325 basibus

1982 3351 2259 3417 apposita.
2296 3347 2366 3403 In
2389 3351 2500 3406 illis
2542 3360 2724 3406 autem
2769 3355 3025 3410 victimas
3068 3356 3341 3421 lavabant,
3376 3366 3429 3412 et
3464 3377 3559 3430 pe-

1980 3440 2099 3507 des,
2133 3439 2593 3510 qucmadmodum
2619 3443 2756 3499 liber
2786 3443 3246 3517 Paralipomenon
3276 3449 3435 3504 dicit.

2053 3614 2121 3668 Et
2171 3617 2386 3672 lavacra
2420 3620 2597 3675 calida
2644 3622 2769 3677 tria.
2820 3623 3089 3679 Thermas
3130 3635 3290 3680 vocat
3327 3627 3578 3709 lebetes,_

1978 3715 2034 3761 et
2073 3709 2271 3774 aliena,
2319 3710 2373 3763 in
2411 3714 2613 3781 quibus
2664 3729 2863 3784 aquam
2917 3716 3217 3771 calefacere
3263 3719 3558 3772 consuevi-

1978 3813 2122 3855 mus.

2049 3890 2209 3961 532
2260 3894 2462 3949 Sancta
2503 3895 2694 3951 David.
2748 3897 2954 3969 Spolia,
3001 3915 3122 3970 qua:
3160 3901 3408 3958 liOSlibUS
3459 3902 3554 3959 de-

1848 4026 1865 4047 ,
1979 3989 2151 4036 tracta
2182 3988 2488 4055 suspendit.

2048 4072 2273 4129 Domum
2302 4077 2471 4133 saltus
2499 4077 2706 4134 Libani.
2731 4081 2884 4137 Hanc
2924 4084 3051 4139 fecit
3086 4087 3412 4143 vestibulum
3446 4088 3552 4145 fori

1972 4168 2475 4237 judicialiszliabuit
2513 4186 2695 4230 autem
2738 4176 3025 4234 columnas
3065 4180 3319 4236 cedrinas
3352 4196 3550 4238 cxxxv.
3652 4172 3665 4181 ’

1980 4262 2134 4317 Unde
2165 4265 2444 4331 probabile
2491 4282 2575 4323 est
2614 4270 2834 4325 domum
2868 4274 3047 4329 saltus
3081 4273 3270 4329 Libani
3313 4279 3551 4347 appella-

1981 4362 2086 4407 tam
2124 4371 2266 4409 esse.
2302 4356 2435 4410 Nam
2464 4371 2684 4431 propter
2726 4365 3137 4420 multitudincm
3172 4368 3551 4425 columnarum

1982 4443 2329 4499 cedrinarum
2357 4449 2554 4503 saltum
2591 4452 2786 4506 Libani
2835 4454 3129 4510 referebat.

2055 4533 2426 4607 Quadraginta
2451 4543 2679 4611 quinque
2707 4543 2836 4599 ordo
2870 4562 3028 4600 unus.
3054 4546 3270 4619 Triplex
3305 4553 3553 4622 porticus

1976 4631 2130 4689 erat;
2161 4624 2396 4681 habebat
2425 4635 2606 4684 autem
2633 4633 2890 4702 qurelibet
2919 4637 3282 4709 quadraginta
3312 4644 3554 4712 quinque

1977 4719 2302 4788 columnas;
2337 4735 2584 4792 quartam
2632 4728 2776 4784 enim
2810 4735 3083 4800 porticum
3129 4732 3233 4788 fori
3273 4735 3550 4805 judicialis

1975 4810 2243 4864 vestibula
2283 4813 2426 4884 (quae
2464 4818 2703 4886 appellat
2736 4818 2912 4893 Elam)
2949 4825 3342 4894 constituunt;
3376 4828 3549 4896 porti-

1974 4913 2073 4954 cus
2101 4912 2280 4956 autem
2322 4906 2550 4961 invicem
2591 4909 2644 4962 in
2694 4915 3008 4969 summitate
3048 4917 3541 4989 conjungcbautur.

1973 4987 2229 5048 Porticus
2259 5002 2439 5051 autem
2463 4997 2726 5054 Melatlira
2760 5006 2997 5061 vocarit.

2605 5183 2758 5238 CAP.
2814 5185 2945 5241 Vill.

2043 5259 2210 5319 Vens.
2245 5267 2331 5321 15.
2376 5268 2509 5334 Qua:
2557 5273 2764 5330 loculus
2801 5294 2854 5330 rs
2887 5279 2937 5331 in
2973 5295 3061 5331 ore
3097 5289 3206 5345 tuo,
3245 5291 3294 5333 ει
3334 5283 3386 5335 in
3422 5300 3540 5337 ma-

1971 5353 2125 5409 nibus
2162 5359 2265 5411 luis
2297 5362 2581 5431 ρενῙεείιιί.
2604 5365 2856 5423 Humano
2880 5386 3031 5426 more
3051 5372 3205 5433 dicit,
3227 5372 3352 5443 quia
3384 5376 3543 5430 tinem

1976 5443 2105 5505 illis.
2144 5463 2266 5516 qum
2290 5449 2505 5518 dixisti,
2540 5455 2869 5524 imposuisti.

2042 5538 2206 5615 Vens.
2249 5541 2339 5596 27.
2376 5544 2642 5609 Quoniam
2691 5549 2737 5601 si
2791 5565 2901 5604 vere
2939 5550 3198 5606 habitabit
3246 5553 3383 5607 Deus
3426 5572 3545 5609 cum

1967 5634 2264 5689 hominibus
2319 5654 2474 5706 super
2517 5651 2737 5700 terram.
2798 5644 2933 5700 Cum
2989 5648 3130 5705 liciis
3181 5650 3293 5739 θὲς,
3346 5651 3543 5719 inquit,

1967 5734 2176 5780 natura:
2225 5729 2821 5803 incomprehensibilis,
2850 5738 2940 5808 qui
2982 5741 3132 5794 nullo
3166 5729 3431 5802 teinnr'r.
3460 5744 3544 5803 vei
