4018 6230
1892 190 1931 231 κ

433 384 581 464 1165⁹
618 434 627 444 .
1416 373 1911 436 COMMENTARI
1928 374 1951 431 Ι
1986 371 2020 431 I'

2114 371 2262 431 LIB.
2302 370 2393 430 IlI
2435 368 2726 431 REGUM.
2826 374 2832 382 '
3549 365 3680 427 1166

426 513 523 552 νυν
549 496 582 566 ή
613 491 974 564 προσηγορία,
1010 490 1082 552 ὼς
1115 488 1206 543 τοῦ
1231 487 1535 559 πρεσϐύτου
1557 488 1836 559 προφήτου
1866 486 1998 540 πολὺ

2107 485 2373 556 propheta
2438 486 2521 538 vir
2553 483 2646 538 Dei
2685 490 2911 538 vocatus
2947 490 3051 546 est,
3097 483 3189 539 sed
3236 482 3326 553 qui
3383 482 3678 552 perlectam

428 584 754 658 τιμιώτερος
786 578 874 654 ἦν.

2114 578 2370 633 virtutem
2397 575 2544 630 nacti
2573 582 2722 640 sunt,
2761 573 2996 644 Moyses,
3045 573 3216 637 Elias,
3248 580 3302 627 et
3335 573 3382 628 si
3410 572 3504 643 qui
3548 574 3682 627 tales

435 679 678 732 fuerunt.
746 672 1034 746 Signiﬁcat
1106 674 1274 739 igitur
1338 672 1454 727 haec
1514 672 1845 743 appellatio,
1895 671 2042 726 hunc
2077 672 2253 726 virum
2298 684 2441 756 osene
2494 668 2589 723 illo
2636 669 2906 739 prepbeta
2959 668 3131 722 multo
3193 667 3364 723 fuisse
3411 674 3683 739 priestan-
3778 708 3789 719 .

440 766 657 820 tiorem.

1023 853 1275 909 ΚΕΦΛΛ.
1335 854 1433 907 ΙΝ.
1651 895 1663 909 .

1651 895 1663 909 .
2755 843 2907 898 CAP.
2948 841 3086 898 XIV.

498 946 608 1001 Καὶ
637 945 987 1014 σύνδεσμος
1020 944 1353 1014 γέγονενέν
1382 942 1456 1011 τῇ
1472 941 1569 1012 γῇ.
1593 942 1750 1013 Οῦτω
1784 942 1877 995 καὶ
1914 942 2010 993 Ἰε-

2182 935 2346 991 Vens.
2382 936 2471 990 10.
2515 934 2580 990 Ει
2612 936 2912 1004 conjuratio
2946 934 3051 1003 fuit
3086 935 3138 987 in
3171 942 3337 987 terra.
3382 934 3474 988 Sic
3523 936 3688 990 etiam

427 1036 611 1103 ζάϐελ,
640 1036 735 1089 τοῦ
784 1035 987 1106 Ἰωρὰμ
1054 1033 1299 1104 μαθοῦσα
1328 1032 1426 1104 τὴν
1476 1032 1756 1103 τελευτὴν,
1795 1031 1888 1085 καὶ
1908 1031 2007 1101 τὴν

2104 1024 2358 1097 δοιοὺει,
2423 1041 2548 1081 cum
2601 1025 2978 1089 intellexisset,
3027 1023 3173 1094 quod
3225 1024 3545 1080 interfectus
3599 1041 3689 1080 es-

426 1126 560 1180 Ίόου
580 1124 880 1196 βασιλείαν,
906 1124 1122 1194 ἐϐόησε,
1149 1122 1473 1193 Σύνδεσμος,
1499 1121 1814 1192 σύνδεσμος·
1846 1137 2001 1173 τουτ-

2107 1126 2191 1174 set
2245 1115 2453 1180 Joram,
2503 1123 2555 1170 et
2602 1114 2733 1195 Joas
2777 1123 3077 1183 regnaret,
3132 1115 3459 1168 exclamavit
3493 1132 3506 1167 :
3539 1116 3684 1171 Con-

423 1190 593 1278 ἐστιν,
649 1190 978 1277 ἀποστασία,
1007 1190 1101 1266 διαὶ
1132 1190 1406 1281 τυραννίς.
1698 1190 1703 1192 ﬁ

2115 1207 2349 1277 spiratio
2374 1247 2389 1270 ,
2433 1204 2536 1260 hoc
2576 1190 2968 1265 est,‘defectio
3011 1213 3064 1259 et
3099 1192 3388 1259 violentia.

489 1307 593 1370 Εὶς
615 1304 682 1358 τὸ
717 1303 957 1358 Θεκουέ.
995 1302 1087 1356 Ἐν
1144 1299 1222 1372 τῷ
1282 1297 1497 1370 Λεξικῷ
1544 1296 1652 1351 τῶν
1694 1293 1998 1365 Ἑϐραϊκῶν

2168 1298 2232 1352 In
2264 1296 2479 1352 Tltecoe.
2498 1299 2560 1351 In
2593 1295 2929 1350 Dictionario
2953 1295 3224 1351 Hebraico
3253 1298 3549 1366 exponitur
3569 1303 3691 1368 put-

422 1396 704 1466 όνομάτων
732 1394 1095 1465 ἑρμηνεύεται
1118 1393 1239 1460 καὶ,
1266 1391 1635 1460 σαλπισμός.
1679 1388 1771 1455 Ἐξ
1805 1380 1880 1442 ὧν
1912 1388 1993 1453 δὲ,

2103 1390 2257 1453 satio,
2291 1398 2345 1443 et
2372 1389 2591 1459 clangor
2640 1388 2910 1441 tubarum.
2943 1385 3021 1440 Ex
3059 1387 3170 1441 illis
3200 1402 3330 1442 vero
3351 1428 3364 1451 ,
3398 1404 3518 1458 quae
3556 1389 3690 1443 liber

424 1490 608 1558 φησιν,
630 1488 687 1540 ἐν
714 1484 1226 1558 Παραλειπομέναις
1257 1482 1401 1537 ἔοικε
1435 1483 1649 1555 δηλοῦν,
1681 1482 1756 1546 ὡς
1789 1480 1993 1536 ἐδίδοτο

2100 1475 2554 1547 Paralipomenon
2584 1477 2767 1543 habet,
2791 1476 3006 1532 videtur
3031 1478 3345 1548 signiﬁcare
3365 1519 3378 1541 ,
3401 1479 3547 1548 quod
3576 1483 3687 1534 base

420 1577 592 1632 ταῦτα
618 1580 733 1641 τοῖς
778 1576 879 1641 τὰς
911 1575 1083 1646 θύρας
1113 1573 1221 1629 τῶν
1273 1573 1562 1645 βασιλείων
1583 1572 1945 1642 φυλάττουσιν
1968 1586 1984 1604 ο

2093 1569 2219 1623 data
2239 1568 2350 1624 sint
2380 1568 2511 1633 illis,
2546 1569 2641 1639 qui
2689 1568 2836 1624 fores
2883 1567 3021 1638 regii
3075 1569 3260 1639 palatii
3304 1567 3680 1626 custodiebant

420 1669 702 1739 προίόντος
732 1666 789 1721 δὲ
816 1665 912 1718 τοῦ
946 1665 1234 1736 βασιλέως,
1264 1664 1315 1717 οἱ
1349 1663 1448 1733 μὲν
1471 1662 1702 1728 τούτων,
1729 1660 1982 1733 ἡγοῦντο·

2096 1661 2234 1717 Cum
2274 1676 2405 1718 vero
2439 1677 2535 1717 rex
2571 1660 2834 1731 prodiret,
2863 1659 3060 1716 horum
3093 1661 3258 1732 aliqui
3293 1665 3668 1732 praecedebant

419 1759 471 1813 oi
506 1759 584 1824 δὲ,
617 1757 978 1829 παρέτρεχον.
1045 1754 1239 1810 Ἠνίκα
1264 1755 1322 1810 δέ
1344 1755 1425 1818 εἰς
1453 1754 1546 1807 τὸν
1593 1754 1732 1807 νεὼν
1764 1751 1997 1824 παρεγί-

2096 1766 2242 1817 eum,
2277 1752 2446 1822 aliqui
2479 1767 2610 1807 vero
2651 1753 2813 1821 juxta
2835 1756 3156 1808 currebant.
3204 1753 3435 1820 Quando
3469 1772 3598 1812 vero
3632 1760 3683 1811 in

422 1867 595 1916 νοντο,
623 1851 882 1920 ἀπήντων
918 1849 967 1902 oi
999 1846 1440 1919 ἀποστρέφοντες
1468 1845 1577 1899 ἀπὸ
1607 1844 1700 1900 τοῦ
1737 1846 1869 1899 ναοῦ
1895 1843 1996 1913 φύε

2098 1844 2362 1912 templum
2396 1844 2712 1909 veniebant,
2743 1845 3111 1899 occurrebant
3140 1844 3223 1900 eis
3258 1848 3547 1912 custodes,
3593 1853 3683 1918 qui

422 1942 602 2007 λακες,
633 1942 727 1994 καὶ
770 1939 1016 2010 ἐδέχοντο
1061 1938 1234 1992 ταῦτα
1284 1938 1415 2007 παρ’
1450 1935 1650 1991 αὐτῶν.
1681 1935 1792 1990 Kal
1820 1933 1997 1988 ταῦτα

2099 1948 2130 1986 a
2162 1934 2367 2002 templo
2399 1934 2766 1998 revertebant,
2799 1942 2855 1990 et
2904 1936 3249 2006 accipiebant
3278 1939 3395 1995 haec
3425 1941 3494 1996 ab
3530 1943 3683 2012 ipsis.

422 2033 767 2103 κατέχοντες,
804 2030 912 2103 πρὸ
958 2032 1059 2101 τῆς
1117 2028 1295 2098 πύλης
1349 2028 1672 2097 ἐστήκεισαν
1706 2024 1802 2080 τοῦ
1839 2024 1995 2086 ναοῦ,

2100 2028 2154 2076 et
2176 2021 2443 2077 habentes
2496 2030 2626 2078 ante
2682 2030 2898 2092 portam
2950 2025 3136 2093 templi
3184 2028 3426 2092 stabant,
3471 2039 3532 2084 ut
3575 2031 3687 2085 bace

429 2119 539 2177 ῐινα.
555 2122 624 2175 τὰ
646 2121 745 2192 μὲν
767 2120 907 2174 ὅπλα
940 2119 1100 2191 μείνῃ
1138 2117 1244 2188 πρὸ
1277 2116 1384 2169 τῶν
1416 2115 1621 2187 θυρῶν,
1658 2116 1709 2168 οἱ
1734 2116 1789 2168 δὲ
1820 2114 1994 2168 ταῦτα

2098 2125 2252 2166 arma
2285 2121 2413 2167 ante
2445 2111 2594 2169 fores
2618 2124 2929 2170 manerent.
2949 2116 3052 2181 Qui
3084 2126 3265 2172 autem
3296 2119 3387 2172 illa
3422 2120 3683 2185 ferebant,

421 2212 759 2283 κομίζοντες,
783 2210 879 2263 σὺν
900 2208 980 2281 τῷ
1003 2206 1219 2278 βασιλεῖ
1236 2206 1328 2260 τὸν
1357 2206 1489 2260 Θεὸν
1521 2207 1996 2278 προσκυνήσωσιν.

2102 2214 2230 2255 eum
2258 2216 2383 2271 rege
2420 2202 2589 2256 Deum
2666 2203 3001 2260 adorabant.
3050 2204 3345 2263 Probabile
3389 2212 3551 2264 etiam
3605 2222 3688 2266 cst

420 2303 580 2366 Εἰκὸς
598 2302 655 2355 δὲ
689 2302 782 2356 καὶ
810 2296 957 2354 οἷκον
996 2298 1331 2369 γεγενῆσθαι
1364 2298 1471 2368 πρὸ
1498 2297 1606 2350 τῶν
1642 2296 1844 2367 θυρῶν,
1889 2295 2000 2349 ὦσ-

2105 2288 2330 2343 domum
2357 2300 2486 2347 ante
2525 2289 2675 2349 fores
2713 2291 2907 2360 fuisse,
2942 2305 3001 2350 ut
3043 2309 3194 2363 arma
3225 2297 3488 2368 ferentes,
3533 2316 3686 2356 arma

419 2412 478 2449 τε
511 2395 639 2458 τοὺς
666 2382 1007 2463 ὁπλοφόρους
1035 2392 1153 2443 ἐκεῖ
1171 2389 1241 2442 τὰ
1259 2389 1400 2442 ὅπλα
1419 2387 1837 2441 κατατίθεσθαι.
1863 2426 1876 2439 .
1904 2424 1918 2439 .
1942 2425 1954 2438 .
1978 2426 1995 2460 ε

2113 2383 2185 2438 ibi
2219 2391 2552 2453 reponerent
2580 2384 2843 2454 ;quidam
2867 2386 3211 2443 hastatorum
3233 2391 3534 2447 satellitum
3563 2405 3688 2449 ante

419 2483 665 2555 ἐῴκεσαν
699 2521 713 2538 .
751 2523 764 2538 .
798 2523 812 2537 .
845 2483 954 2535 τῶν
981 2482 1302 2553 δορυφόρων
1335 2480 1481 2544 τινὲς
1516 2477 2000 2551 προλαμδάνοντες

2109 2473 2365 2537 orabant,
2397 2483 2451 2529 et
2470 2481 2598 2530 ante
2622 2475 2884 2546 templum
2916 2478 3216 2534 adventum
3246 2483 3387 2554 regis
3405 2487 3686 2554 praestola-

422 2576 774 2647 προσκυνεῖν,
825 2576 921 2626 καὶ
956 2571 1275 2641 περιμένειν
1328 2569 1436 2640 πρὸ
1464 2567 1559 2621 τοῦ
1593 2568 1718 2631 νεὼ,
1757 2583 2004 2645 παρατητ

2113 2569 2336 2624 bantur.
2398 2567 2504 2634 Qui
2550 2569 2718 2649 etiam
2765 2570 3164 2629 deducentibus
3239 2589 3422 2646 regem
3493 2591 3687 2632 occur-

423 2667 643 2735 ροῦντες
674 2667 773 2736 τὴν
797 2664 985 2734 ἄφιξιν
1030 2661 1125 2716 τοῦ
1177 2660 1465 2731 βασιλέως.
1502 2659 1566 2715 Οἳ
1591 2660 1685 2713 καὶ
1724 2661 1835 2722 τοῖς
1872 2676 2006 2729 προ-

2112 2669 2324 2726 rentes,
2361 2668 2415 2716 et
2442 2675 2639 2718 manus
2674 2662 3008 2733 injicientes,
3047 2680 3199 2720 arma
3238 2668 3319 2723 eis
3358 2668 3685 2739 eripiebant.

420 2760 730 2832 πέμπουσιν
764 2758 927 2811 αὑτὸν
961 2753 1443 2827 προαπαντῶντες,
1469 2752 1563 2805 καὶ
1591 2753 1779 2824 χεῖρας
1810 2748 2170 2819 ἐπιτιθέντες,
2198 2751 2519 2824 ἀφώπλιζον
2561 2753 2781 2821 αὐτοὺς,
2838 2754 2913 2819 ὠς
2978 2758 3346 2823 συνεισιόντας
3397 2761 3476 2832 τῷ
3539 2760 3690 2832 βασι-

418 2852 522 2925 λεί,
547 2854 644 2908 καὶ
673 2852 999 2907 ἀπετίθεντο
1038 2849 1202 2921 μέχρι
1231 2850 1396 2904 πάλιν
1428 2850 1583 2915 ἐξίοι.

1010 2944 1261 3007 ΚΕΦΑΑ.
1298 2940 1397 2997 IE'.
2286 2990 2293 2997 η

2286 2990 2293 2997 ,
2740 2941 2891 2996 CAP.
2929 2941 3049 2996 XV.
3318 2995 3322 3002 _

497 3036 620 3092 Ὅτι
640 3037 720 3101 τῷ
746 3035 925 3089 Δαόὶδ
941 3033 1200 3088 δέδωκεν
1220 3032 1383 3099 αὑτῷ
1401 3035 1615 3101 Κύριος
1628 3033 1997 3102 κατάλειμμα

2178 3031 2345 3087 Vnus.
2371 3034 2425 3087 4.
2478 3032 2619 3098 Quia
2651 3044 2866 3103 propter
2898 3034 3066 3089 David
3090 3036 3234 3089 dedit
3251 3037 3301 3091 ei
3320 3036 3577 3095 Dominus
3605 3057 3690 3097 re-

420 3131 492 3185 ἐν
531 3124 944 3198 Ἰερουσαλήμ.
1010 3124 1203 3177 Αἱτίαν
1264 3122 1551 3187 ἀπέδωκε,
1601 3123 1668 3176 δι’
1716 3123 1782 3194 ἣν
1847 3122 2001 3185 ὅντες

2110 3124 2302 3191 liquias
2331 3124 2384 3177 in
2409 3122 2733 3179 Jerusalem.
2755 3124 2990 3190 Causam
3007 3126 3269 3195 osmmlit,
3288 3139 3509 3199 propter
3529 3148 3690 3202 quam

418 3218 638 3281 ἀσεϐεῖς
668 3215 1050 3278 ἐϐασίλευσαν,
1089 3212 1164 3278 ὡς
1199 3213 1267 3267 ἂν
1300 3211 1390 3266 διὰ
1420 3213 1512 3267 τὸν
1541 3213 1807 3285 πρόγονον
1851 3212 2005 3282 διαρ-

2111 3215 2278 3270 etiam
2298 3215 2447 3284 impii
2471 3230 2627 3286 reges
2662 3231 2894 3284 regnum
2925 3216 3308 3299 obtinuerunt,
3341 3232 3566 3291 propter
3596 3240 3692 3295 pa-

421 3312 705 3374 κέσαντες.
735 3307 843 3364 Τοῦ
869 3308 1055 3379 μέντοι
1095 3305 1250 3361 Ἀσία
1297 3305 1365 3363 τὰ
1419 3304 1635 3377 πρῶτα,
1669 3305 1780 3359 τῶν
1825 3305 2008 3375 Παρα-

2119 3314 2278 3369 trem,
2304 3315 2360 3359 et
2398 3309 2864 3375 pra-decessorem
2908 3299 3301 3377 perdurarunt.
3350 3310 3570 3368 Initium
3606 3332 3693 3370 re-

869 3360 1050 3469 θίδλος
1101 3360 1378 3467 ἐπῄνεσε-θ
1415 3360 1526 3449 etim
1569 3360 1635 3448 δὲ,
1665 3360 2007 3460 τελευταίων,

2121 3394 2215 3465 gni
2266 3360 2424 3449 λι)ῑῷ
2489 3396 2628 3451 liber
2659 3360 3162 3468 paginam;
3182 3360 3694 3468 zgigbs'.ii‘;"n.}.

422 3495 734 3568 συμφώνως
779 3496 889 3556 τοῖς
921 3490 1015 3545 νῦν
1064 3487 1463 3560 κατηγόρησεν.
1631 3515 1641 3524 -

2116 3487 2420 3549 similiter,
2483 3478 2947 3557 quemadmodum
3009 3489 3111 3544 hoc
3185 3490 3353 3556 loco,
3409 3493 3691 3564 vitupera-

2116 3584 2226 3630 tur.
3106 3576 3113 3582 ’

497 3672 581 3731 Τὰ
607 3673 676 3726 δὲ
705 3670 920 3740 ὑψηλὰ
944 3670 1055 3723 οὐκ
1078 3664 1316 3734 ἐξῆρεν.
1349 3661 1433 3715 Τὰ
1448 3662 1525 3732 τῷ
1539 3661 1660 3733 Θεῷ
1691 3663 1749 3713 ἐν
1782 3660 2009 3732 ὑψηλοῖς

2137 3702 2149 3713 .
2185 3664 2351 3721 Vens.
2392 3666 2479 3720 Η.
2516 3666 2743 3723 Excelsa
2799 3678 2976 3725 autem
3026 3685 3130 3725 non
3173 3673 3427 3727 sustulit.
3480 3676 3687 3732 Altaria

424 3767 762 3835 ἀνακείμενα
793 3761 1177 3831 θυσιαστήρια.

2113 3755 2168 3808 in
2204 3757 2443 3812 excelsis
2468 3768 2819 3835 constructa.

494 3859 678 3928 Δεῦρο
701 3897 717 3922 ,
754 3853 1162 3909 διασκέδασον
1195 3848 1309 3917 τὴν
1341 3846 1637 3914 διαθήκην
1660 3860 1799 3900 σου.
1822 3844 2008 3897 Κατα-

2185 3844 2353 3902 Vsus.
2386 3848 2473 3903 19.
2504 3849 2635 3917 Age,
2668 3849 2875 3917 dissipa
2927 3855 3228 3921 pactionem
3261 3865 3428 3912 tuam.
3479 3861 3690 3917 Relicta

424 3949 598 4006 λιπὼν
655 3948 747 4000 τὸν
776 3947 928 4011 Θεὸν,
965 3943 1062 4013 τὴν
1088 3941 1198 3993 τῶν
1237 3939 1423 4010 Σύρων
1452 3935 1740 4007 ἠσπάσατο
1783 3951 2008 4004 συμμα-

2115 3936 2244 4001 Deo,
2265 3940 2583 3995 societatem
2608 3940 2861 3997 bellicam
2886 3942 3150 4014 Syrorum
3186 3949 3385 4018 cupide
3406 3954 3700 4023 amplexus

472 4042 580 4096 ίαν.
1312 4060 1321 4067 ε
1903 4036 1910 4043 ’

1903 4036 1910 4043 ’
2108 4035 2215 4084 est.
3080 4083 3086 4089 .

430 4060 1027 4198 χωζέττοίησενᾊασὰ
1075 4124 1141 4178 τὸ
1162 4119 1433 4189 πονηρὸν
1453 4118 1709 4173 ἐνώπιον
1749 4117 2002 4184 Κυρίου.

2183 4119 2335 4175 Fecit
2357 4123 2469 4176 Asa
2501 4123 2701 4179 malum
2727 4120 2908 4182 certius
2950 4128 3082 4184 Deo.
3118 4130 3175 4187 ld
3204 4132 3421 4202 planius
3465 4137 3519 4191 in
3551 4138 3690 4193 libro

362 4258 370 4265 -
425 4222 770 4291 Σαφέστερον
793 4221 850 4272 ἐν
875 4214 1407 4287 Παραλειπομέναις.
1448 4211 1536 4264 Ἐν
1568 4210 1678 4280 γὰρ
1722 4211 1790 4279 τῇ
1824 4209 1949 4279 app.

2110 4214 2573 4287 Paralipomenon
2604 4219 2856 4276 habetur.
2893 4220 3027 4277 Nam
3052 4224 3107 4278 in
3129 4226 3323 4282 morbo
3354 4244 3478 4296 suo,
3529 4232 3685 4296 dicit,

427 4310 575 4382 στίᾳ,
600 4310 788 4378 (matr
831 4325 851 4359 ι
872 4305 1047 4360 Αύτοῦ
1080 4298 1182 4358 οὐδὲ
1211 4303 1441 4373 ἐζήτησε
1468 4300 1558 4354 τὸν
1590 4298 1824 4366 Κύριον.
1843 4297 2006 4352 ’Λλλά

2113 4308 2263 4364 sNon
2299 4310 2556 4377 qua-sivit
2574 4310 2888 4379 Dominum,
2914 4315 3008 4371 sed
3029 4318 3273 4372 medicos
3298 4320 3393 4375 “.s
3424 4321 3688 4379 Caeterum

423 4402 553 4477 τοῦς
588 4402 826 4472 ἰατρούς.
857 4418 875 4452 ι
911 4398 1021 4453 Καὶ
1050 4397 1176 4460 τοῦς
1203 4395 1441 4465 ἐπῳδαῖς
1496 4392 1591 4447 καὶ
1644 4390 2005 4463 μαγγανείαις

2108 4401 2257 4469 illos,
2291 4403 2385 4473 qui
2416 4404 2849 4461 incantamentis
2889 4415 2947 4461 et
2995 4410 3282 4467 veneﬁciis
3318 4414 3403 4469 usi
3428 4425 3577 4484 sunt,
3611 4420 3690 4475 sic

429 4494 806 4567 κεχρημένους
846 4491 992 4546 οὕτω
1051 4488 1229 4543 καλεῖ.
1272 4489 1343 4541 Ἢ
1370 4487 1451 4540 ὅτι
1479 4486 1540 4538 τὸ
1571 4486 1678 4538 πᾶν
1713 4483 2002 4538 ἐπίστευσε

2106 4491 2367 4561 appellat.
2400 4490 2502 4549 Vel
2528 4494 2792 4560 ostendit,
2812 4495 2960 4563 quod
2984 4511 3046 4553 se
3066 4506 3239 4553 totum
3270 4483 3692 4561 medicis.com-

427 4593 542 4650 τοῖς
600 4588 827 4658 ἰατροῖς,
862 4584 959 4655 τὴν
1015 4583 1097 4645 είς
1143 4581 1275 4634 Θεὸν
1309 4580 1410 4632 ούκ
1444 4578 1582 4649 ἔχων
1608 4576 1798 4631 ἐλπίδα
1829 4576 1998 4646 δηλοῖ.

2105 4584 2339 4649 miserit,
2365 4599 2468 4640 nec
2501 4599 2654 4655 spem
2685 4585 2739 4641 in
2768 4586 2879 4643 Deo
2906 4590 3281 4647 collocaverit.
3302 4591 3434 4653 Nam
3464 4611 3533 4653 ex
3583 4598 3690 4654 Deo

440 4680 536 4734 Ἐκ
567 4677 703 4732 Θεοῦ
734 4668 843 4748 γὰρ
892 4676 990 4729 καὶ
1017 4674 1226 4744 τέχναι,
1273 4672 1367 4724 καὶ
1425 4669 1665 4741 βοτάναι.
1704 4670 1813 4723 Καὶ
1863 4669 2002 4738 μετὰ

2110 4686 2242 4730 sunt
2270 4684 2417 4732 artes
2468 4688 2522 4733 et
2549 4677 2781 4746 herbae;
2828 4688 2905 4745 et,
2963 4681 3012 4736 si
3052 4682 3157 4740 ﬁde
3199 4684 3254 4739 in
3288 4685 3467 4757 ipsum
3512 4691 3691 4761 appli-

427 4773 527 4844 τῆς
576 4773 657 4835 είς
701 4771 864 4825 αὐτὸν
923 4768 1164 4832 πίστεως
1211 4765 1387 4821 ταῦτα
1439 4762 1581 4817 καλὰ
1622 4760 2007 4831 ὑπουργοῦντα

2113 4770 2328 4830 centur,
2357 4765 2422 4819 ad
2448 4766 2654 4821 bonum
2687 4767 3002 4825 inserviunt
3023 4771 3154 4840 illis,
3182 4774 3279 4844 qui
3313 4777 3475 4832 amici
3515 4760 3687 4849 ipsius

338 4862 341 4865 ’
428 4866 543 4928 τοῖς
601 4865 966 4934 προσήκουσιν
1010 4858 1156 4928 αὑτῷ
1187 4876 1200 4889 ο
1265 4856 1436 4928 χωρὶς
1485 4855 1541 4908 δὲ
1585 4852 1825 4924 ταύτης,
1884 4853 1925 4904 ἁ·

2114 4867 2244 4952 su’nt
2289 4876 2302 4923 ;
2354 4862 2561 4929 absque
2613 4861 2702 4914 illa
2756 4862 2861 4918 ﬁde
2901 4864 3128 4922 inutiles
3171 4877 3297 4922 sunt
3349 4880 3402 4924 ct
3433 4887 3690 4940 superla-

431 4970 588 5023 νητα.
1716 4956 1720 4960 “

2115 4947 2320 5023 callem.
3330 4947 3348 4961 ⁹

1023 5037 1277 5091 ΚΕΦΑΛ.
1306 5037 1420 5102 ις’.
1518 5092 1521 5093 ,

1518 5092 1521 5093 ,
2712 5050 2867 5105 CAP.
2906 5052 3041 5107 XVI.

502 5132 610 5188 Kal
637 5130 884 5199 εἰσῆλθε
912 5129 1153 5215 Ζαμᾷρὶ,
1184 5127 1281 5180 καὶ
1302 5124 1601 5189 ἐπάταξεν
1629 5124 1836 5215 αὐτόν.
1866 5125 2005 5189 Τοὺς

2189 5130 2354 5190 Vens.
2386 5135 2757 5209 lOJngressus
2776 5152 2856 5197 est
2883 5142 3119 5208 Sambri,
3150 5156 3199 5198 et
3229 5147 3490 5213 percussit
3546 5164 3684 5204 cum.

431 5219 703 5288 πονηροὺς
738 5216 846 5286 γὰρ
870 5216 935 5268 δι’
954 5209 1200 5286 ἀλλήλων
1229 5214 1257 5267 ὁ
1286 5213 1561 5281 Δεσπότης
1592 5209 1812 5275 κολάζει
1848 5212 2005 5280 Θεὸς,

2125 5225 2198 5279 Ad
2236 5228 2411 5284 malos
2453 5231 2598 5285 enim
2652 5234 2959 5301 puniendos
3004 5237 3166 5291 malis
3194 5238 3368 5292 utitur
3402 5237 3712 5305 Dominus,'

433 5310 526 5362 καὶ
549 5306 627 5378 τῷ
666 5307 1013 5378 πονηροτέρῳ
1044 5308 1134 5360 τὸν
1170 5305 1409 5378 πονηρὸν
1469 5300 1857 5374 παραδίδωσιν,
1894 5297 2005 5357 οἷόν

2115 5324 2173 5370 ct-
2190 5319 2390 5372 malum
2426 5321 2594 5389 pejori
2625 5325 2826 5388 tradit,
2869 5335 2921 5379 et
2952 5326 3119 5380 veluti
3174 5329 3531 5386 carniﬁcibus
3577 5297 3702 5404 qui;

430 5415 538 5451 τισι
564 5397 627 5468 δη
637 5397 971 5468 μίοις“κεχρη
982 5397 1139 5466 μένος
1158 5397 1360 5459 αὐτοῖς.
1775 5462 1779 5468 .

1131 5397 1360 5460 ςαὺτοῖς.
1775 5462 1779 5468 ﬁ
2104 5405 2333 5460 busdam
2361 5409 2497 5477 ipsis
2526 5413 2718 5467 utitur.

507 5489 617 5544 Τοῦ
638 5490 860 5558 Κυρίου
882 5490 986 5543 τοῦ
1016 5489 1191 5557 ὅρους
1208 5488 1502 5557 Σομόρων.
1538 5485 1670 5540 Ἀπὸ
1691 5484 1786 5538 τοῦ
1818 5485 2002 5557 Σεμὴρ

2171 5491 2330 5563 535
2368 5494 2578 5551 Domini
2628 5503 2822 5556 montis
2883 5503 3164 5560 Sontoron.
3202 5509 3244 5561 A
3297 5509 3487 5567 Semer
3537 5529 3692 5570 mons

430 5580 492 5634 τὸ
524 5581 650 5651 δρος
683 5579 886 5651 ἐκλήθη
923 5579 1199 5651 Σομόρων.
1221 5579 1351 5633 ’Λπὸ
1373 5578 1428 5633 δὲ
1447 5573 1540 5632 τοῦ
1577 5577 1815 5649 δρους,ή
1848 5576 2002 5642 πόλις

2112 5581 2371 5638 Somoron
2411 5590 2717 5657 appellalus
2748 5602 2855 5647 est.
2887 5595 2930 5647 Α
2974 5604 3159 5652 monte
3222 5614 3351 5656 vero
3404 5603 3536 5661 urbs
3595 5604 3699 5663 Sa-

467 5720 578 5814 un
618 5758 792 5815 Ιάιήι.
838 5775 943 5824 xw,
986 5759 1068 5814 te.
