4018 6230
419 292 553 392 tuta

1398 332 1929 395 COMMENTARII
1996 332 2077 392 IN
2120 332 2263 391 LIB.
2306 331 2398 391 III
2441 333 2731 395 REGUM.

3531 328 3665 415 tuo

416 436 645 505 ἔχουσαν
718 434 856 505 βίον,
886 435 998 489 ἔστι
1032 436 1087 490 δὲ
1107 437 1200 490 καὶ
1249 437 1417 502 τύπος
1438 439 1536 507 τῆς
1566 438 1626 503 ἐξ
1661 438 1826 492 ἐθνῶν
1857 438 1981 490 Ἐκ-

2095 450 2233 497 :ens,
2275 442 2329 489 et
2367 437 2657 491 exsiccans
2690 451 2852 502 eum;
2884 434 3080 491 deinde
3110 434 3175 488 ad
3219 433 3437 488 viduam
3499 450 3661 490 umus
3714 480 3725 487 .

417 527 674 596 κλησίας,
739 528 1006 598 δεξαμένη
1066 529 1272 592 πιστῶς
1326 531 1415 582 τὸν
1453 530 1557 582 ὑπὸ
1627 529 1982 600 Ἰσραηλιτῶν

419 614 763 684 διωκόμενον,
800 615 986 688 ὥσπερ
1019 618 1201 700 ἐκείνη
1230 622 1352 684 τοὺς
1379 621 1727 685 ἀποστόλους.

490 889 579 957 Ζῇ
597 888 812 958 Κύριος
833 890 865 944 d
888 889 1032 957 Θεός
1052 906 1188 946 σου.
1224 882 1365 960 Εὖγε
1390 887 1487 960 τῆς
1514 886 1845 961 πραότητδς.
1873 886 1989 942 Ούκ

422 985 798 1056 ἐδυσχέραινεν
821 987 878 1038 ἐν
899 982 1185 1050 τοσαύταις
1219 987 1529 1058 συμφοραῖς
1558 984 1840 1055 αίτηθεζσα
1871 999 1989 1052 τρο-

425 1077 550 1146 φὴν.
577 1075 742 1131 Ἀλλά
796 1076 954 1146 μόνον
1010 1077 1178 1141 ἔδειξε
1225 1076 1324 1149 τὴν
1355 1076 1591 1147 ἐσχάτην
1641 1074 1856 1137 πενίαν,
1892 1074 1989 1128 καὶ⁸

422 1167 519 1237 τὴν
568 1166 903 1235 ἐπαγγελίαν
934 1164 1141 1231 πιστῶς
1193 1166 1458 1238 δεξαμένη
1522 1165 1863 1236 προσήνεγκε
1892 1164 1991 1234 τὴν

424 1259 647 1331 τροφὴν,
682 1260 776 1313 καὶ
804 1260 975 1313 ταῦτα
1009 1260 1108 1313 οὒκ
1136 1260 1310 1314 εἰδυῖα
1342 1260 1432 1314 τὸν
1460 1258 1766 1329 ἄνθρωπον.
1802 1256 1989 1310 Ἀλλό-

424 1349 587 1415 φυλος
644 1349 752 1420 γὰρ
782 1343 869 1420 ἦν,
894 1348 1236 1421 προφητικῆς
1277 1348 1560 1421 δυνάμεως
1593 1351 1788 1421 πεῖραν
1820 1349 1877 1404 οὐ
1905 1350 1993 1402 δε-

424 1434 680 1507 δεγμένη.

503 1616 564 1671 Τί
591 1613 718 1689 ἐμοὶ
753 1618 991 1684 καῖσοὶ,
1013 1620 1284 1691 ἄνθρωπε
1318 1620 1425 1677 τοῦ
1466 1622 1652 1685 Θεοῦ;
1725 1619 1997 1690 Ἀφθὸνως

2027 1583 2030 1587 ’
2098 1530 2308 1677 raauiti
2339 1612 2484 1678 mihi,
2515 1622 2562 1667 et
2596 1613 2882 1680 tibi,homo
2912 1572 3041 1669 Dei?
3066 1610 3228 1684 536
3251 1611 3518 1681 Pmpheta
3542 1624 3665 1664 cum
3766 1598 3785 1613 ’

2087 522 2196 580 diei
2217 526 2417 580 victum
2436 526 2751 601 habentem.
2774 526 2872 581 Est
2894 526 3060 581 etiam
3087 533 3247 596 typus
3279 523 3536 579 Ecclesiae
3549 524 3662 579 col-

2089 619 2243 671 lectae
2275 632 2340 671 ex
2375 615 2653 688 gentibus,
2703 633 2828 673 vera
2882 617 2985 672 ﬁde
3021 618 3172 671 ilhnn
3200 616 3506 687 excipiens,
3558 617 3656 686 qui

2088 708 2540 775 persecutionem
2577 707 2648 763 ab
2692 707 2958 764 lsraelitis
2992 706 3365 771 substinebat,
3401 704 3666 776 quemad-

2090 795 2311 850 modum
2347 797 2436 851 illa
2454 796 2775 865 apostolos.

2164 882 2326 941 Vens.
2355 886 2444 941 12.
2482 887 2618 943 Vivit
2660 887 2919 947 Dominus
2970 887 3111 943 Deus
3161 897 3303 941 tuus.
3365 885 3515 956 Euge
3552 902 3665 939 ma-

2092 990 2210 1046 gna:
2240 975 2529 1031 bonitatis!
2559 993 2665 1032 non
2699 990 2842 1048 aegre
2873 961 3019 1041 tulit,
3056 977 3202 1048 quod
3237 979 3291 1031 in
3319 976 3488 1031 tantis
3512 977 3660 1030 ralit-

2096 1069 2379 1124 mitatibus
2404 1069 2559 1125 cibus
2584 1070 2652 1124 ab
2679 1070 2794 1140 ipsa
2821 1077 3114 1140 peteretur.
3131 1068 3236 1124 Sed
3263 1077 3467 1123 tantum
3489 1074 3667 1122 extre-

2093 1173 2237 1212 mam
2273 1170 2643 1229 paupertatem
2672 1161 2934 1225 ostendit,
2960 1166 3016 1213 et
3053 1158 3476 1229 promissionem
3511 1159 3667 1211 ﬁrma

2096 1250 2201 1305 ﬁde
2224 1251 2499 1323 accipiens
2553 1252 2739 1307 cibum
2792 1252 2995 1319 attulit,
3020 1262 3185 1323 atque
3219 1253 3322 1307 hoc
3364 1254 3509 1316 fecit,
3542 1267 3665 1306 cum

2098 1341 2371 1397 hominem
2410 1359 2519 1397 non
2554 1343 2800 1399 novisset
2834 1361 2849 1410 ;
2880 1343 3185 1412 alienigena
3237 1344 3562 1406 cninrerat,
3615 1350 3669 1395 et

2099 1431 2325 1488 virtutis
2373 1432 2708 1504 prophetica:
2736 1432 2942 1487 nullam
2975 1432 3374 1502 experientiam
3412 1446 3667 1501 sumpse-

425 1713 453 1764 ὁ
480 1714 762 1784 προφήτης
794 1714 1087 1769 ἀπολαύων
1116 1718 1216 1787 τῆς
1236 1715 1468 1785 τροφῆς,
1498 1716 1594 1784 τῆς
1651 1715 1758 1768 τῶν
1818 1713 1992 1768 ἄλλων

2099 1700 2303 1758 aﬂatim
2358 1706 2480 1759 cibo
2525 1704 2765 1762 refectus
2807 1716 2980 1770 esset,
3012 1706 3375 1760 calamitatem
3430 1703 3666 1756 aliorum

428 1802 728 1873 ἀνθρώπων
758 1805 1056 1859 ἐπελάθετο
1112 1809 1402 1879 συμφορᾶς
1426 1824 1440 1837 ν
1474 1801 1538 1862 οὗ
1557 1808 1621 1877 δὴ
1645 1807 1803 1877 χάριν
1834 1807 1860 1859 6
1889 1808 1989 1857 As-

2098 1795 2384 1851 hominum
2417 1798 2783 1853 obliviscitur.
2810 1796 3181 1865 Quamobrem
3208 1796 3352 1851 Deus
3379 1794 3559 1849 viduae
3582 1793 3670 1846 lle-

431 1896 632 1967 σπύτης
659 1897 806 1968 αὐτῷ
834 1898 932 1960 τάς
957 1903 1054 1969 τῆς
1072 1902 1249 1970 χήρας
1266 1900 1696 1970 ἐπεστράτευσεν
1720 1898 1934 1969 οίμωγά
1949 1916 1987 1960 ῖ.

439 1987 678 2055 Ἐπέγνω
702 1989 756 2042 δὲ
780 1992 874 2043 καὶ
891 1990 1051 2055 αὐτὸς
1077 1990 1176 2062 τὴν
1201 1992 1401 2046 αἰτίαν.
1435 2011 1454 2043 ι
1479 1992 1545 2046 Οί
1570 2008 1662 2063 μοι
1683 1991 1988 2063 γάρ,φησ“ι,

424 2077 620 2149 Κύριε,
648 2081 676 2131 6
707 2080 916 2151 μάρτυς
954 2070 1052 2151 τῆς
1098 2084 1294 2151 χήρας,
1327 2103 1345 2136 ι
1377 2083 1469 2136 καὶ
1508 2083 1575 2136 τά
1618 2082 1767 2151 ἑξῆς.
1807 2081 1991 2146 Ἀξιά-

425 2186 599 2236 γαστα
621 2171 677 2225 δέ
706 2172 803 2241 τῆς
829 2173 1082 2244 χήραςτά
1116 2175 1355 2246 ῥήματα.
1388 2174 1477 2243 Τῷ
1505 2173 1583 2245 σῷ
1603 2174 1765 2244 φωτὶ,
1798 2173 1989 2244 φησιν,

425 2260 713 2331 ἐγυμνώθη
739 2265 806 2316 τά
839 2265 1196 2334 κεκρυμμένα
1269 2282 1370 2335 μου
1401 2256 1868 2336 πλημμελήματα,
1901 2264 1993 2318 καὶ

425 2354 523 2423 οὐχ
543 2350 619 2417 ὡς
637 2353 932 2421 ἀλλόφυλος
979 2355 1077 2427 τὴν
1111 2356 1319 2410 εἴσοδον
1348 2356 1634 2410 οίωνίσατο
1676 2356 1774 2426 τὴν
1801 2355 1988 2419 αὑτοῦ,

424 2439 565 2493 ἀλλά
590 2442 706 2503 ταῖς
735 2441 893 2504 ἰδίαις
915 2443 1225 2514 ἐπέγραψεν
1251 2445 1567 2516 ἁμαρτίαις.
1592 2444 1748 2500 Οὕτω
1772 2448 1871 2518 τὴν
1896 2446 1993 2499 τοῦ

425 2533 705 2603 προφήτου
731 2533 1079 2590 διδασκαλίαν
1104 2537 1374 2606 ὠφέλητο.
1416 2540 1574 2602 Ἴσως
1607 2541 1699 2592 καὶ
1728 2539 1793 2592 δι’
1824 2533 1992 2610 αὐτὴν

425 2619 581 2690 ήτοῦ
617 2623 804 2687 παιδὸς
839 2625 1031 2693 γέγονε
1084 2626 1333 2698 τελευτὴ,
1388 2627 1473 2680 ἵνα
1531 2627 1844 2699 Θεασαμένη
1895 2628 1993 2690 τὴν

426 2712 576 2783 παρὰ
624 2716 785 2783 φύσιν
836 2717 1153 2783 ἀνάστασιν,
1206 2717 1429 2789 βεϐαίαν
1478 2716 1698 2790 δέξηται
1720 2718 1817 2789 τὴν
1841 2719 1995 2773 εὐσέ-

425 2803 597 2859 ϐειαν.

494 2895 605 2950 Kal
637 2897 982 2967 ἐνεφύσησε
1018 2898 1098 2965 τῷ
1136 2894 1419 2971 Its/pain!)
1447 2904 1662 2971 τρίτον.
1711 2902 1866 2957 Μετά
1894 2903 1994 2972 τὴν

427 2986 760 3058 προσευχὴν,
794 2989 917 3058 τρὶς
944 2991 1289 3063 ἐμφυσήσας,
1323 2996 1402 3059 εἰς
1432 2994 1577 3065 ζωὴν
1603 2995 1918 3064 ἐπανήγαγε
1933 2994 1993 3046 τὸ

430 3076 735 3145 μειράκιον.
780 3076 940 3147 Δηλοί
960 3079 1020 3133 δὲ
1051 3083 1080 3134 6
1133 3082 1233 3148 μὲν
1266 3084 1501 3154 ἀριθμὸς
1525 3084 1623 3155 τὴν
1658 3102 1993 3158 προσκυνου-
2022 3116 2063 3174 c

430 3166 596 3236 μένην
640 3168 880 3239 Τριάδα,
931 3180 996 3223 το
1032 3171 1088 3225 δέ
1136 3173 1441 3246 ἐμφύσημα
1480 3176 1579 3245 τὴν
1627 3177 1686 3229 ἐν
1718 3177 1861 3249 ἀρχῇ
1894 3178 1991 3249 τῆς

425 3258 601 3327 ψυχῆς
634 3259 1011 3330 γεγενημένην
1035 3263 1421 3335 δημιουργίαν.
1456 3266 1598 3319 Ἀλλ’
1636 3268 1665 3320 ὁ
1704 3271 1994 3341 προφήτης

427 3350 753 3419 ἐμφυσήσας
785 3352 885 3404 οὐκ
913 3351 1081 3423 ἀλλην
1127 3353 1308 3426 ψυχὴν
1352 3357 1811 3430 ἐδημιούργησεν,
1857 3360 1993 3416 ἀλλά

426 3438 523 3506 τὴν
555 3436 917 3507 χωρισθεῖσαν
952 3439 1046 3492 τοῦ
1084 3441 1339 3509 σώματος
1374 3444 1745 3514 ἐπανήγαγεν.

1024 3535 1269 3589 ΚΕΦᾹΛ.
1308 3536 1413 3591 III'.

496 3627 837 3693 Πορεύθητι,
892 3626 987 3680 καὶ
1034 3627 1244 3697 ὄφθητι
1305 3627 1384 3695 τῷ
1409 3629 1648 3699 Ἀχαάϐ.
1701 3629 1759 3685 '0
1801 3631 1993 3702 φιλάν-

369 3739 375 3745 ·
427 3718 641 3789 Θρωπος
679 3718 813 3785 Θεὸς
840 3719 950 3772 τῶν
995 3721 1299 3791 ἀνθρώπων
1333 3722 1394 3775 τὸ
1424 3723 1577 3791 γένος
1609 3721 1751 3795 δρῶν
1784 3723 1993 3777 διολλύ-

433 3828 610 3879 μενον,
644 3814 738 3868 καὶ
759 3814 852 3869 τὸν
878 3816 1164 3885 προφήτην
1194 3814 1416 3881 αἰτῆσαι
1452 3813 1542 3868 τὸν
1573 3813 1720 3868 ἔλεον
1748 3815 1848 3868 οὐκ
1874 3815 1992 3869 ἐθέ-

425 3901 604 3968 λοντα,
637 3906 881 3969 καὶτοὺς
919 3904 1016 3976 μέν
1051 3907 1314 3976 οἰκτεῖραι
1344 3904 1533 3971 θέλων,
1585 3906 1711 3969 τοὺς
1745 3906 1802 3960 δὲ
1841 3908 1994 3977 παρά

424 3993 652 4065 γνώμην
694 3994 854 4049 λῦσαι
899 3995 994 4066 τὴν
1024 3995 1204 4066 ψῆφον
1235 3995 1337 4049 οὐκ
1371 3996 1715 4067 ἀνεχόμενος,
1770 3996 1992 4067 ἔρχεται

426 4084 765 4155 πρεσϐευτὴς
798 4084 935 4156 πρὸς
963 4084 1053 4139 τὸν
1079 4084 1298 4154 οἰκέτην
1327 4088 1354 4139 6
1379 4086 1683 4157 Δεσπότης,
1724 4087 1862 4158 πρὸς
1900 4088 1992 4141 τὸν

428 4173 595 4243 πηλὸν
639 4177 668 4227 ὁ
706 4175 1189 4246 Δημιουργδς,καὶ
1235 4175 1413 4229 πείθει
1461 4176 1620 4230 λῦσαι
1651 4176 1759 4232 τῶν
1810 4178 1992 4248 νεφῶν

424 4265 522 4328 τὰς
553 4265 749 4330 ὠδῖνας
781 4266 880 4336 τὴν
911 4267 1227 4337 πεδήσασαν
1257 4266 1525 4336 γλῶτταν.

497 4358 563 4410 El
588 4356 760 4410 ἐστιν
794 4358 989 4424 ἔθνος,
1025 4358 1065 4427 ἢ
1107 4358 1415 4423 βασιλεία.
1445 4362 1665 4434 Ἐπειδὴ
1703 4365 1731 4417 6
1771 4365 1988 4436 προφη-

2092 1887 2241 1942 tihus
2310 1903 2433 1942 eum
2466 1887 2739 1944 adoritur.
2780 1890 3017 1959 Agnovit
3056 1889 3359 1956 etiamipsc
3390 1899 3612 1940 causam
3643 1900 3659 1943 ;

2092 1977 2227 2031 dicit
2258 1979 2405 2033 enim
2437 1996 2493 2032 ιι
2542 1978 2656 2034 Ileu
2696 1980 2849 2044 mihi,
2871 1978 3115 2046 Domine,
3151 1978 3310 2031 testis
3330 1974 3522 2039 viduae,
3556 1993 3573 2025 ι
3614 1975 3666 2023 et

2092 2070 2503 2126 ezetera.Porro
2523 2073 2686 2127 verba
2719 2071 2894 2127 viduae
2924 2072 3091 2141 digna
3117 2076 3245 2124 sunt
3276 2067 3663 2123 admiratione.

2095 2162 2213 2219 Tua
2241 2165 2384 2230 luce,
2405 2165 2610 2234 inquit,
2640 2173 2845 2221 retecta
2879 2175 3012 2229 sunt
3031 2166 3250 2221 occulta
3276 2178 3395 2218 mea
3418 2169 3663 2234 peccata,

2092 2262 2146 2309 et
2174 2270 2303 2321 non,
2340 2265 2401 2310 ut
2428 2256 2756 2328 alienigena,
2788 2257 3101 2326 ingressum
3135 2255 3418 2327 propheta:
3464 2252 3667 2310 malum

2093 2359 2254 2401 omen
2284 2344 2823 2416 fuisseinterpretata
2858 2345 3075 2410 est,sed
3096 2346 3211 2400 suis
3237 2343 3475 2414 peccatis
3520 2357 3666 2395 mm-
3730 2410 3735 2417 ί

2098 2445 2205 2488 tem
2241 2436 2398 2504 pueri
2454 2438 2738 2506 ascripsit.
2775 2436 2953 2506 Atque
3001 2436 3079 2490 sic
3135 2450 3198 2490 ex
3255 2436 3533 2504 propheta:
3566 2433 3666 2486 doc

2095 2526 2274 2581 ctrina
2312 2524 2549 2581 fructum
2588 2526 3350 2604 percepitaFortassisetiam
3377 2526 3430 2579 in
3462 2523 3665 2605 bonum

2095 2616 2276 2671 viduae
2331 2632 2470 2686 puer
2504 2627 2761 2674 mortuus
2795 2627 2899 2682 est,
2943 2626 3002 2671 nt
3034 2618 3081 2672 si
3115 2617 3323 2672 videret
3377 2613 3529 2684 pueri
3572 2628 3665 2667 re-

2094 2709 2495 2765 surrectionem
2544 2727 2667 2782 quae
2721 2721 2915 2767 contra
2960 2720 3214 2766 naturam
3262 2717 3365 2772 est,
3432 2708 3664 2764 solidam

2095 2803 2355 2873 pietatem
2393 2809 2447 2857 et
2485 2802 2642 2858 ﬁdem
2671 2805 2963 2875 reciperet.

2171 2893 2336 2948 Vens.
2367 2895 2460 2948 21.
2501 2894 2568 2948 Et
2609 2896 2815 2965 inﬂavit
2846 2913 3008 2966 puero
3046 2906 3145 2952 ter.
3193 2896 3327 2950 Cum
3372 2907 3493 2965 post
3540 2912 3665 2951 ora-

2096 2985 2299 3038 tionem
2341 3000 2511 3055 puero
2556 2986 2818 3053 inllasset,
2857 2989 2910 3042 in
2962 2989 3125 3043 vitam
3171 3005 3311 3053 eum
3370 2989 3662 3045 revocavit.

2104 3074 2588 3146 Signiﬁcataulem
2620 3078 2712 3133 hic
2758 3094 3021 3135 numerus
3043 3080 3382 3138 adorandam
3418 3082 3663 3137 Trinita-

2098 3174 2243 3224 tem:
2272 3164 2482 3222 inﬂatio
2513 3177 2692 3223 autem
2727 3168 2841 3233 illa,
2873 3170 3067 3245 animae
3088 3173 3424 3228 creationem
3460 3172 3527 3226 ab
3561 3173 3668 3226 ini-

2097 3255 2173 3310 tio
2203 3255 2422 3312 factam.
2459 3257 2727 3313 Caeterum
2768 3269 2892 3313 cum
2955 3262 3219 3331 propheta
3267 3278 3438 3333 puero
3480 3262 3664 3317 inﬂas-

2097 3355 2201 3413 set,
2233 3363 2343 3403 non
2369 3349 2529 3403 aliam
2558 3350 2796 3405 animam
2816 3351 3099 3421 produxit,
3131 3354 3226 3408 sed
3263 3355 3431 3419 illam,
3459 3372 3576 3425 quae
3597 3356 3665 3409 ab

2096 3448 2326 3515 corpore
2360 3429 2699 3505 recesserat;
2721 3442 2787 3496 ad
2821 3457 3024 3513 corpus
3051 3447 3347 3500 revocavit.

2208 3518 2217 3527 ’
2684 3533 2838 3593 CAP.
2887 3536 3076 3594 XVIII.

2167 3623 2330 3682 Vens.
2367 3627 2416 3681 I.
2456 3626 2573 3691 Abi,
2604 3637 2653 3681 et
2680 3630 2891 3683 ostende
2925 3638 2970 3683 te
3003 3629 3459 3685 Achabo.Amans
3489 3632 3668 3709 homi-

2096 3730 2227 3769 num
2275 3716 2417 3772 Dens
2458 3732 2582 3773 cum
2645 3718 2853 3774 videret
2901 3721 3083 3788 perire
3131 3735 3302 3791 genus
3341 3722 3662 3785 humanum,

2095 3821 2273 3877 neque
2319 3809 2639 3878 prophetam
2688 3810 2986 3879 implorare
3029 3811 3464 3867 miscricordiam
3504 3814 3660 3878 velle,

2095 3913 2219 3954 cum
2254 3900 2503 3956 misereri
2577 3901 2696 3971 ipse
2749 3912 2995 3971 cuperet,
3038 3919 3217 3973 neque
3247 3915 3426 3960 tamen
3467 3914 3665 3975 praeter

2097 3991 2262 4045 animi
2317 3992 2642 4047 sententiam
2690 3993 2969 4049 decretum
3033 4004 3226 4051 contra
3268 3997 3416 4066 ipsos
3454 3998 3667 4052 solvere

2098 4076 2415 4142 sustineret,
2448 4083 2596 4134 venit
2639 4081 2850 4151 legatus
2883 4083 2947 4138 ad
2996 4100 3213 4140 servum
3265 4084 3530 4143 Dominus
3553 4129 3567 4152 ,
3597 4087 3663 4140 ad

2097 4168 2268 4224 lutum
2309 4169 2508 4238 opifex,
2547 4178 2601 4225 et
2635 4171 2884 4241 linguam
2932 4174 3145 4231 solvere
3193 4179 3510 4247 persuadet,
3541 4193 3664 4247 quae

2094 4259 2325 4316 nubium
2346 4259 2563 4317 dolores
2594 4263 2890 4321 vinciebat.

2164 4351 2328 4410 Vrsas.
2377 4354 2465 4410 Η.
2517 4352 2579 4409 Si
2619 4365 2696 4410 est
2759 4374 2906 4428 gens,
2949 4370 3042 4413 aut
3089 4376 3321 4431 regnum.
3393 4363 3662 4427 Quoniam
3734 4341 3743 4348 l

422 4464 519 4517 της
542 4441 756 4520 εἰρήκει
789 4449 869 4519 τῷ
897 4450 1102 4521 Ἀχαάδ
1128 4471 1140 4484 ·
1174 4468 1193 4503 ι
1223 4454 1298 4524 Ζῇ
1336 4452 1538 4525 Κύριος
1560 4456 1587 4507 6
1614 4455 1746 4519 Θεός
1783 4473 1908 4525 μου,
1939 4459 1987 4510 εί

2095 4446 2351 4515 propheta
2377 4445 2591 4501 dixerat
2623 4447 2691 4501 ad
2724 4450 2911 4504 Achab
2949 4467 2962 4502 :
3002 4469 3021 4502 ι
3063 4450 3213 4506 Vivit
3235 4452 3500 4509 Dominus
3517 4455 3660 4509 Deus

424 4539 577 4591 ἔσται
598 4540 668 4592 τὰ
700 4539 796 4610 ἔτη
828 4540 1000 4595 ταῦτα
1031 4542 1205 4606 ὑετὸς,
1236 4545 1284 4596 εί
1317 4546 1390 4616 μὴ
1416 4544 1503 4598 διὰ
1535 4545 1696 4615 λόγου
1721 4547 1988 4617 στόματός

426 4646 580 4698 μουοι
607 4630 788 4685 λαϐὼν
811 4633 909 4702 τῆς
937 4633 1043 4687 τῶν
1069 4633 1246 4702 λόγων
1279 4635 1537 4706 ἀληθείας
1591 4638 1689 4707 τὴν
1735 4640 1930 4708 πεῖραν
1963 4640 1992 4691 6

434 4721 662 4792 Ἀχαά6,
694 4723 1008 4793 ἀναγκαίως
1031 4726 1215 4796 ἐζήτει
1245 4726 1336 4780 τὸν
1366 4728 1608 4798 δήσαντα
1642 4730 1778 4799 πρὸς
1810 4730 1988 4796 λύσιν,

420 4811 458 4882 ἢ
488 4812 622 4883 πρὸς
647 4815 948 4887 ἀναίρεσιν,
987 4817 1035 4869 εί
1075 4817 1148 4888 μὴ
1179 4818 1407 4873 πίθοιτο.

492 4991 603 5052 Καὶ
630 4992 872 5062 Πνεῦμα
897 4994 1114 5062 Κιιρίου
1141 4993 1277 5060 ἀρεῖ
1300 5009 1390 5047 σε.
1429 4995 1644 5067 ’Δνδρδς
1680 4996 1854 5049 ταῦτα
1890 5015 1989 5067 με-

419 5083 681 5148 λετῶντος
716 5085 786 5138 τά
818 5084 964 5148 θεῖα,
999 5085 1094 5138 καὶ
1126 5085 1221 5139 τοῦ
1249 5085 1391 5139 θείου
1416 5087 1733 5158 Ιῐνεύματος
1758 5080 2001 5142 ἐπιστα-’

423 5174 586 5243 μένου
619 5174 717 5247 τὴν
751 5175 1003 5245 δύναμιν.
1204 5163 1213 5173 ’

491 5264 618 5319 Ἐπ’
646 5265 1004 5336 ἀμφοτέραις
1032 5268 1160 5335 ταῖς
1185 5270 1435 5337 ἰγνύαις.
1468 5269 1578 5323 Καὶ
1602 5269 1693 5323 τὸν
1716 5272 1849 5325 Θεὸν
1879 5274 1986 5344 γὰρ

336 5410 339 5411 ν
420 5355 808 5424 προσεκύνουν,
871 5357 966 5411 καὶ
1008 5361 1119 5421 τοῖς
1171 5359 1408 5423 είδὼλοις
1459 5360 1774 5431 ἐλάτρευον.
1841 5364 1897 5418 '0
1929 5365 1985 5419 δὲ

415 5446 571 5511 θεὸς,
600 5446 785 5517 φησιν,
838 5448 900 5500 οὐ
936 5447 1187 5518 βούλεται
1214 5452 1340 5514 τοὺς
1383 5451 1775 5524 ψευδωνύμους
1812 5458 1975 5527 τιμᾶ-

417 5534 540 5588 σθαι
570 5535 746 5600 θεοὺς,
779 5537 900 5590 οὔτε
932 5540 1093 5593 αὐτοὶ
1129 5541 1220 5595 τὸν
1256 5543 1509 5614 ἀληθινὸν
1538 5546 1802 5616 τιμᾶσθαι
1829 5547 1982 5604 Θεὸν.

431 5624 625 5692 Ὑμεῖς
667 5625 722 5679 δέ
756 5626 849 5679 καὶ
896 5627 1062 5681 ταῦτα
1114 5631 1347 5684 κάκεῖναι
1390 5631 1674 5699 ποιοῦντες
1716 5636 1984 5709 οὐδετέρῳ

420 5714 719 5784 φυλάττετε
757 5718 960 5772 πίστιν.

2095 4552 2269 4600 meus,
2304 4536 2349 4591 si
2385 4539 2489 4592 erit
2516 4540 2676 4595 annis
2711 4540 2795 4596 his
2834 4542 3039 4611 pluvia,
3073 4544 3179 4599 nisi
3215 4560 3309 4615 per
3347 4561 3658 4603 sermonem

2091 4629 2205 4709 oris
2272 4633 2398 4684 mei.
2443 4650 2462 4683 ι
2508 4630 2573 4685 Ει
2619 4631 2807 4688 Achab
2860 4634 3039 4704 reipsa
3111 4646 3368 4707 expertus
3429 4641 3664 4711 prophe-

2093 4706 2203 4774 tam
2234 4736 2422 4776 verum
2453 4724 2682 4788 dixisse,
2706 4725 3043 4783 necessitate
3080 4706 3349 4799 impulsus
3377 4732 3658 4800 quaerebat

2090 4810 2270 4876 illum,
2309 4814 2401 4884 qui
2452 4814 2651 4869 coelum
2685 4818 3058 4886 obstruxerat,
3085 4827 3143 4873 ut
3168 4822 3426 4886 solveret,
3454 4823 3538 4877 vel
3599 4832 3657 4876 nt

2091 4917 2215 4957 eum
2244 4904 2543 4971 occideret,
2578 4907 2686 4962 nisi
2714 4908 3143 4978 obtemperaret.

2160 4992 2330 5051 Vens.
2373 4997 2459 5052 12.
2488 4995 2724 5067 Spiritus
2754 4999 2968 5055 Domini
3010 5001 3145 5071 feret
3192 5013 3267 5077 te,
3306 5001 3483 5057 Verba
3527 5013 3657 5057 sunt

2089 5086 2193 5141 viri
2237 5087 2556 5146 meditantis
2593 5090 2774 5146 divina
2807 5133 2822 5159 ,
2873 5100 2928 5149 et
2977 5093 3204 5149 scicntis
3253 5092 3552 5163 potentiam
3600 5103 3656 5148 et

2088 5178 2343 5234 virtutem
2368 5180 2538 5235 divini
2565 5181 2822 5251 Spiritus.

2104 5288 2109 5293 ‘
2158 5269 2323 5327 πλε.
2360 5271 2450 5328 2|.
2488 5272 2763 5344 Usquequo
2783 5273 3154 5328 claudicabitis
3183 5277 3238 5329 in
3273 5274 3524 5330 ambobus
3564 5290 3658 5343 po-

2071 5361 2333 5429 ‘plitibus?
2358 5362 2489 5418 Nam
2507 5374 2562 5419 et
2580 5365 2744 5419 Deum
2772 5366 3100 5430 adorabunt,
3136 5374 3187 5420 et
3217 5366 3358 5421 idOla
3380 5368 3654 5422 colebant:

2087 5453 2233 5510 Deus
2264 5462 2444 5510 autem
2479 5472 2586 5510 non
2631 5458 2761 5518 vult,
2800 5456 2952 5522 dicit,
3008 5467 3065 5511 ut
3099 5457 3221 5513 falsi
3255 5457 3331 5513 dii
3383 5459 3653 5522 colantur,

2089 5561 2266 5616 neque
2297 5546 2377 5602 illi
2425 5550 2640 5613 volunt,
2681 5560 2735 5602 ut
2767 5564 2928 5604 verus
2963 5550 3105 5605 Deus
3132 5550 3366 5604 colatur.
3414 5549 3521 5605 Vos
3554 5564 3654 5604 au-

2088 5645 2195 5690 tem
2249 5646 2303 5692 ct
2349 5639 2486 5702 haec,
2536 5648 2587 5694 et
2628 5640 2718 5693 illa
2750 5640 3033 5708 facientes,
3081 5656 3259 5711 neque
3292 5641 3441 5706 huic,
3479 5655 3658 5712 neque

2090 5728 2168 5783 illi
2203 5728 2431 5785 servatis
2456 5730 2634 5785 ﬁdem.
