4018 6230
416 334 545 426 nn

1750 337 2103 397 PROCOPII
2138 336 2381 397 GAZAEI

3542 321 3667 390 1172

484 454 651 509 Vsus.
692 452 783 508 23.
820 452 887 508 Et
917 453 1113 525 eligant
1147 453 1250 508 sibi
1278 454 1409 522 ipsis
1443 468 1627 507 unum.
1654 452 1838 520 Quare
1867 468 1992 524 per-

2168 453 2276 507 Kal
2328 448 2795 514 ἐκλεεάσθωσαγ
2856 442 3094 506 ἑαυτοῖς
3144 439 3250 493 τὸν
3300 437 3491 491 τόπον
3540 434 3662 525 ἕνα.

414 548 589 611 misit,
642 555 702 600 ut
747 544 1063 602 sacerdotes
1091 543 1223 600 Baal
1259 546 1517 616 pinguem
1562 546 1754 601 bovem
1792 545 1995 614 delige-

417 645 572 703 rent,
612 646 667 693 et
689 638 850 707 primi
902 636 1235 694 sacrilicium
1281 635 1584 692 oﬂ‘errent?
1636 635 1992 691 Manifestum

416 739 503 785 est
546 731 724 795 illum,
765 730 858 800 qui
907 744 1098 786 revera
1129 728 1273 799 Deus
1311 737 1417 793 est,
1446 729 1658 785 nullius
1682 730 1876 784 horum
1911 730 1996 783 in-

420 824 624 893 digere.
660 822 737 876 llli
772 834 954 877 autem
980 822 1187 877 dicturi
1215 831 1372 879 erant
1406 823 1536 877 Baal
1575 839 1684 879 non
1713 825 1997 894 accepisse

423 913 781 979 sacriﬁcium,
825 923 1115 983 propterea
1148 916 1297 985 quod
1325 928 1469 984 aegre
1493 916 1703 981 tulerit,
1735 931 1795 972 se
1836 915 1997 970 alteri

422 1022 532 1060 non
591 1008 877 1076 praelatum
913 1006 1104 1063 fuisse.

494 1097 660 1152 Vens.
690 1097 779 1152 59..
811 1097 882 1151 Et
899 1100 1186 1169 wdiﬁcavit
1208 1099 1402 1154 altare.
1431 1098 1744 1166 Quomodo,
1764 1114 1888 1152 cum
1912 1099 1998 1154 lex

426 1190 708 1260 praecipiat
759 1198 816 1244 ut
864 1193 1028 1247 unico
1074 1192 1128 1245 in
1198 1194 1322 1247 loco
1358 1193 1632 1248 sacrilicia
1678 1191 1998 1255 oderantur,

426 1280 575 1337 Elias
616 1282 669 1336 in
710 1283 962 1338 Carmelo
980 1285 1155 1339 altare
1180 1285 1502 1339 exstruxit?
1540 1303 1557 1336 ι
1597 1284 1751 1338 Justo
1780 1284 1861 1338 lex
1890 1298 1999 1337 non

426 1384 514 1429 est
544 1375 745 1444 posita,
771 1375 929 1445 juxta
969 1376 1154 1430 divum
1187 1368 1509 1448 Apostolum
1537 1377 1604 1440 δ’,
1662 1378 1757 1431 sed
1796 1376 2001 1445 iniquis

427 1473 481 1520 et
525 1466 919 1538 immorigeris.
961 1488 978 1520 ι
1022 1467 1225 1536 Quales
1270 1470 1550 1525 Israelitas
1596 1485 1720 1526 esse
1752 1470 2021 1541 contigit.

302 1608 328 1629 ,
431 1560 525 1628 qui
556 1560 762 1631 ubique
785 1562 1153 1617 sacriﬁcaturi
1174 1571 1351 1629 erant,
1376 1564 1423 1618 si
1441 1562 1821 1633 impunitatem
1875 1563 2004 1619 ade-

2103 545 2168 596 Τί
2182 562 2259 607 θος
2287 544 2452 598 ἕνεκα
2479 544 2592 604 τοῖς
2629 540 2836 611 ἱερεῦσι
2883 535 2974 589 τοῦ
3006 532 3155 587 Βαὰλ
3199 530 3291 584 τὸν
3333 528 3496 582 πίονα
3547 523 3667 595 βοῦν

2102 633 2428 701 ἐκλέξασθαι
2478 633 2575 687 καὶ
2611 631 2848 702 πρώτοις
2877 625 3187 680 ἐπιτελέσαι
3220 621 3317 691 τὴν
3350 617 3546 673 θυσίαν
3579 619 3677 669 ἑπ-

2104 726 2366 796 έτρεψενς
2388 727 2457 778 Ἢ
2479 724 2636 795 δῆλον
2661 722 2737 784 ὡς
2764 724 2792 775 ὁ
2820 719 2920 790 μὲν
2955 717 3124 778 ὅντως
3141 713 3276 775 Θεὸς
3307 710 3526 771 οὐδενὸς
3550 707 3672 761 τού-

2103 836 2212 872 των
2246 819 2396 893 ἐστὶν
2429 817 2634 886 ἐνδεής.
2672 816 2734 866 Οἱ
2781 812 2838 866 δὲ
2890 808 3073 876 λέγειν
3110 804 3367 877 ἤμελλον,
3404 802 3484 865 ὡς
3516 799 3673 893 χαλεο

2104 891 2316 964 παίνων
2336 912 2364 962 ὁ
2387 908 2557 974 Βαὰλ,
2581 907 2656 970 ὡς
2688 905 2763 977 μὴ
2786 898 3172 974 προτιμηθείς,
3195 896 3299 950 οὐκ
3325 894 3550 960 ἐδέξατο
3580 891 3676 963 τὴν

2107 1001 2325 1054 θυσίαν.

2176 1092 2289 1147 Kal
2318 1090 2669 1159 ᾠκοδόμησε
2695 1087 2837 1154 τοὺς
2861 1088 3091 1152 λίθους.
3116 1083 3225 1149 Ka‘t
3254 1079 3372 1144 πῶς
3391 1074 3490 1132 τοῦ
3518 1075 3678 1144 νόμου

2107 1182 2523 1254 διαγορεύοντος
2570 1182 2626 1233 ἐν
2663 1181 2741 1232 ἐνὶ
2775 1179 2965 1250 τρόπῳ
2996 1175 3307 1245 λατρεύειν,
3342 1173 3370 1225 ὁ
3406 1168 3599 1229 Ἠλίας
3625 1169 3681 1218 ἐν

2107 1276 2184 1347 τῷ
2212 1250 2501 1347 ῖΚάρμὴλῳ
2557 1272 2947 1342 θυσιαστήριον
2995 1271 3356 1342 ᾠκοδόμησε;
3422 1283 3442 1315 ι
3483 1261 3682 1329 Δικαίῳ

2108 1376 2275 1446 νόμος
2306 1373 2366 1427 οὐ
2409 1376 2610 1438 κεῖται,
2648 1371 2790 1425 κατὰ
2827 1371 2917 1423 τὸν
2980 1368 3123 1422 θεῖον
3158 1363 3519 1420 Ἀπόστολον.
3563 1357 3685 1413 ἀνό-

2113 1484 2235 1537 μοις
2271 1465 2329 1518 δὲ
2380 1465 2476 1517 καὶ
2503 1463 2921 1524 ἀνυποτάκτοις.
2965 1478 2983 1511 ι
3020 1457 3181 1520 Οἴους
3215 1450 3357 1507 εἶναι
3402 1448 3685 1504 συνέϐαινε
3794 1513 3799 1517 ι

2109 1557 2236 1620 τοὺς
2268 1554 2327 1620 ἐξ
2354 1555 2593 1626 Ἰσραήλ.
2625 1554 2735 1608 Καὶ
2757 1552 2851 1606 τοῦ
2883 1549 3159 1620 πανταχοῦ
3193 1546 3340 1600 θύειν
3372 1543 3537 1611 εἴπερ
3566 1539 3686 1593 ἕλα-

433 1651 507 1720 pti
553 1650 899 1717 fuissent,et
931 1654 1097 1709 etiam
1135 1654 1412 1709 daemones
1461 1626 1686 1709 culturi.
1731 1651 2005 1723 Propheta

2122 1647 2206 1700 ϐον
2232 1647 2435 1707 ἄδειαν,
2470 1642 2707 1715 ἤμελλον
2753 1640 3038 1723 λατρεύειν
3082 1639 3176 1690 καὶ
3214 1634 3496 1704 δαίμοσιν.
3549 1631 3606 1681 Ὀ
3632 1626 3686 1679 δὲ

434 1751 615 1797 autem
658 1744 845 1800 volens
866 1745 1155 1801 ostendere
1190 1763 1297 1801 non
1323 1748 1500 1802 solum
1533 1746 1622 1801 Dei
1647 1747 1901 1800 virtutem
1948 1754 2003 1801 et

2122 1739 2399 1809 προφήτης
2440 1736 2760 1808 βουλόμενος
2790 1733 2961 1800 δείξαι
2996 1721 3091 1784 καὶ
3119 1729 3214 1782 τοῦ
3253 1726 3393 1780 θεοῦ
3435 1723 3498 1776 τὸ
3528 1723 3688 1775 δυνα-

434 1835 758 1899 potentiam,
810 1837 903 1891 sed
952 1837 1113 1891 etiam
1168 1837 1478 1891 daemooum
1550 1836 2004 1897 imbecillitatem,

2122 1828 2343 1893 τὸν,καὶ
2371 1825 2481 1880 τῶν
2531 1824 2805 1894 δαιμόνων
2859 1822 2916 1875 τδ
2948 1819 3193 1882 ἀσθενὲς,
3247 1815 3444 1884 ἐπειδὴ
3500 1814 3687 1884 διῃρηο

435 1940 595 1985 rum,
639 1923 817 1981 diviso
870 1942 1056 1997 regno,
1090 1928 1236 1990 illos,
1277 1928 1369 1997 qui
1416 1934 1714 1995 praesentes
1757 1933 1914 1981 erant
1952 1927 2009 1982 in

2122 1920 2280 1990 μένης
2309 1917 2406 1986 τῆς
2436 1915 2717 1986 βασιλείας
2742 1914 2839 1983 οὐχ
2868 1906 2981 1976 οἷός
3012 1928 3070 1963 τε
3101 1906 3169 1981 ἦν
3197 1908 3349 1977 ἄγειν
3378 1907 3510 1968 τοὺς
3552 1919 3689 1991 παρ-

437 2016 699 2085 templum
731 2016 1292 2089 llierosolymitanum
1331 2019 1600 2074 deducere
1644 2034 1751 2072 nou
1812 2019 2008 2089 potuit,

2122 2013 2283 2072 ιντας
2323 2011 2402 2071 είς
2452 2009 2544 2060 τὸν
2595 2008 2652 2059 ὲν
2693 2002 3104 2075 Ἰεροσολύμοις,
3145 2000 3317 2063 νεὼν,
3369 1994 3691 2065 ἀναγκαίως

437 2123 468 2157 n
506 2106 766 2162 cessitate
790 2107 1040 2174 adactus,
1068 2109 1215 2163 venit
1244 2108 1298 2161 in
1335 2108 1681 2175 Carmelnm;
1717 2109 1789 2164 ibi
1824 2109 2012 2179 plures

2122 2103 2277 2176 ἦλθεν
2315 2101 2409 2155 ἐπὶ
2442 2101 2534 2153 τὸν
2560 2096 2882 2167 Κάρμηλον,
2904 2094 3033 2148 ἔνθα
3055 2095 3156 2157 τὰς
3173 2092 3433 2155 πλείονας
3460 2090 3692 2144 ἐποιεῖτο

437 2198 847 2267 disputationes
874 2199 1135 2254 habebat.

2122 2196 2424 2265 διατριϐάς.

512 2284 678 2340 Vans.
735 2288 825 2341 52.
874 2287 1022 2343 Fecit
1069 2290 1295 2345 Tlmala.
1345 2287 1640 2362 Iosephus,
1690 2290 2009 2363 δεξαμενήν,

2186 2288 2473 2359 Ἐποίησε
2507 2284 2730 2341 Θααλά.
2761 2283 3091 2356 ἰὡσηππος,
3118 2274 3480 2348 δεξαμενήν.

438 2380 709 2435 canalem.

511 2471 675 2527 Vens.
717 2471 808 2527 δι.
841 2472 1019 2557 Tertio
1055 2475 1133 2529 sic
1163 2474 1347 2549 facite.
1389 2472 1595 2530 lterum
1636 2473 1879 2530 ostendit
1916 2489 2016 2528 nu-

440 2578 652 2619 merum
685 2566 980 2622 adorandae
1013 2566 1330 2625 Trinitatis.

513 2657 680 2715 Vzns.
726 2659 814 2716 58.
856 2659 925 2714 Et
975 2660 1202 2730 lapides,
1245 2671 1294 2716 et
1332 2661 1598 2731 pulverem
1627 2661 1813 2716 elinxit
1854 2659 2014 2730 ignis.

441 2748 517 2805 Ne
548 2751 723 2806 altare
762 2751 860 2806 Dei
894 2752 1168 2808 dedecore
1201 2753 1534 2817 adiceretur,
1581 2767 1704 2806 cum
1737 2751 1888 2821 impii
1926 2764 2019 2804 sa-

442 2842 655 2897 criﬁcia
681 2843 1022 2900 daemonibus
1049 2844 1335 2899 olferrcnt.

1072 3021 1224 3075 CAP.
1257 3020 1402 3076 XlX.

515 3113 681 3167 \‘sns.
721 3113 773 3169 3.
813 3117 877 3167 Et
909 3114 1084 3166 timuit
1120 3112 1293 3168 Elius.
1333 3112 1621 3179 Quomodo
1649 3128 1773 3167 cum
1805 3121 2014 3168 tantam

446 3206 676 3261 haberet
714 3207 1011 3276 potentiam
1048 3215 1103 3261 et
1149 3209 1408 3260 virtutem
1434 3205 1636 3273 ?.Quia
1692 3223 1798 3261 non
1843 3207 2018 3260 solum

450 3302 715 3371 propheta
770 3310 915 3366 erat,
972 3301 1066 3356 sed
1117 3302 1280 3355 etiam
1316 3300 1498 3353 homo.
1542 3298 1813 3355 Praeterea
1847 3305 2024 3352 metus

450 3392 539 3447 hic
562 3380 764 3460 divinae
798 3391 1233 3462 dispensationis
1275 3390 1398 3444 fuit.
1441 3391 1656 3444 Etenim
1690 3404 1757 3443 ne
1787 3398 1894 3443 tam
1923 3386 2027 3443 mi-

448 3484 691 3540 raculosi
733 3484 919 3553 operis
950 3483 1280 3552 magnitudo
1320 3498 1444 3537 cum
1480 3480 1808 3536 insolentem
1835 3477 2028 3533 redde-

449 3585 558 3638 ret,
590 3576 765 3647 gratia
802 3574 895 3629 Dei
934 3583 1139 3651 metunt
1166 3573 1215 3627 ei
1250 3572 1468 3635 indidit,
1506 3578 1565 3625 ut
1598 3586 1754 3626 suam
1777 3568 2026 3624 imbecil-

449 3666 655 3720 litatem
689 3672 1077 3735 cognosceret.
1432 3706 1438 3711 .
1896 3704 1905 3714 .

520 3756 690 3813 Vens.
731 3758 814 3811 ll.
846 3754 979 3811 Ecce
1006 3755 1261 3810 Dominus
1315 3751 1584 3808 transibit.
1626 3750 1825 3818 Docuit
1850 3748 2027 3804 Eliam

452 3832 881 3905 mansuetudine
930 3856 985 3903 et
1054 3847 1475 3918 longanimitate
1534 3844 1695 3916 537
1737 3842 2025 3907 excellere,

453 3954 501 3998 et
530 3943 783 4014 probavit
806 3957 980 4011 genus
1022 3940 1329 3995 hominum.
1370 3940 1524 4004 Item,
1558 3937 1703 4009 quod
1738 3934 1899 3990 facile
1923 3934 2029 3989 sibi

453 4037 526 4089 sit
566 4042 621 4090 et
666 4033 902 4089 fulmina
953 4032 1287 4098 demittere,
1335 4037 1389 4085 et
1439 4040 1641 4086 terram
1692 4038 2028 4092 concutere,

454 4140 692 4194 eamque
750 4123 937 4193 impiis
975 4129 1205 4193 repente
1251 4119 1572 4191 sepulcrum
1618 4116 1930 4181 ostendere,
1978 4121 2033 4171 et

456 4217 751 4288 spirituum
769 4215 822 4272 vi
853 4214 1040 4270 omnia
1076 4212 1326 4284 perdere.
1348 4210 1455 4267 Sed
1478 4209 1868 4282 longanimitas
1899 4207 2033 4263 mihi

457 4313 658 4380 placet,
689 4311 891 4380 inquit.
933 4306 1394 4377 Unumquemque
1425 4318 1559 4359 vero
1594 4303 1831 4358 aliorum
1850 4301 2033 4356 homi-

461 4419 589 4457 num
622 4404 826 4458 malitia
860 4402 1049 4457 trahit.
1079 4398 1237 4467 Quod
1268 4413 1399 4454 vero
1423 4396 1569 4452 Deus
1604 4396 1808 4450 veteris
1834 4393 2033 4448 Testa-

2195 2468 2622 2537 Τρισσεύσατε.
2671 2464 2784 2535 Τῆς
2816 2459 3203 2536 προπυνητῆς
3246 2454 3484 2528 Τριάδος
3538 2450 3693 2506 πάλιν

2118 2562 2377 2633 ἐμφαίνει
2410 2559 2501 2613 τὸν
2525 2557 2779 2630 ἀριθμόν.
3040 2628 3047 2633 ﬁ

2182 2654 2294 2710 Kal
2322 2652 2467 2719 τοὺς
2490 2652 2724 2717 λίθους,
2749 2649 2846 2704 καί
2868 2647 2980 2703 τὸν
3006 2647 3162 2717 χοῦν
3185 2641 3458 2710 ἑξέλειξε
3479 2639 3689 2707 τὸπῦρ.

2121 2749 2287 2801 ’Ὥστε
2320 2746 2395 2816 μὴ
2424 2742 2861 2811 καθυϐρισθῆναι
2890 2738 2953 2793 τὸ
2984 2738 3125 2792 θεῖον
3150 2730 3565 2805 θυσιαστήριον,
3594 2729 3695 2782 τῶν

2119 2830 2401 2894 δυσσεϐῶν
2444 2837 2672 2889 ἐκείνων
2721 2830 3145 2905 προσφερόντων
3185 2825 3398 2889 θυσίας.
3425 2825 3542 2887 τοῖς
3573 2820 3695 2874 δαί-

2126 2948 2305 3002 μοσιν.

2708 3015 2964 3070 ΚΕΦᾹΛ.
3001 3014 3106 3069 ῐΘ¹.

2198 3114 2305 3169 Kal
2335 3110 2601 3182 ἐφοϐήθη
2641 3108 2863 3174 Ἠλίας.
2897 3104 3008 3159 Καὶ
3063 3104 3203 3169 πῶς,
3252 3101 3531 3169 τοσαύτην
3567 3096 3696 3166 ἔχων

2122 3205 2222 3278 τὴν
2269 3203 2537 3275 δύναμιν;
2582 3202 2707 3255 Ὀτι
2739 3194 2827 3253 ὀὐ
2854 3200 3013 3269 μόνον
3041 3199 3365 3269 προφήτης,
3421 3192 3561 3249 ἀλλά
3606 3187 3696 3243 καὶ

2125 3299 2411 3371 ἄνθρωπος
2448 3292 2537 3366 ἦν.
2574 3294 2786 3357 Ἄλλως
2823 3310 2883 3345 τε
2917 3294 3015 3346 καὶ
3058 3293 3161 3360 τῆς
3196 3288 3348 3351 θείας
3385 3282 3458 3356 ἦν
3498 3285 3696 3337 οἰκονο-

2129 3392 2259 3464 μίας
2302 3392 2365 3445 τδ
2413 3390 2550 3454 δέος.
2586 3388 2706 3441 Ἵνα
2749 3386 2860 3457 γὰρ
2909 3385 2983 3457 μὴ
3030 3385 3127 3454 τῆς
3166 3377 3618 3453 θαυματουργίας
3644 3373 3697 3426 τὸ

2132 3482 2365 3555 μέγεθος
2402 3479 2588 3552 ἐπάρῃ
2618 3479 2680 3532 τὸ
2704 3479 2981 3548 φρόνημα,
3025 3476 3320 3530 ὲνδέδωκεν
3370 3474 3404 3541 ἡ
3452 3470 3611 3540 χάρις
3636 3465 3695 3532 τῇ
3804 3522 3809 3525 λ

2128 3577 2290 3644 φύσει
2331 3573 2429 3644 τὴν
2477 3571 2680 3626 δειλίαν
2735 3567 3101 3633 εἰσδέξασθαι,
3128 3567 3204 3629 ὼς
3232 3566 3298 3618 ἂν
3348 3556 3696 3630 ὲπιγνῷ,τὴν

2128 3667 2337 3722 οἰκείαν
2369 3664 2679 3719 ἀσθένειαν.
3179 3724 3191 3739 .

2203 3756 2362 3813 Ἰδοὺ
2390 3755 2603 3825 Κύριος
2630 3752 3090 3823 παρελεύσεται.
3107 3745 3346 3812 Ἐδίδαξε
3375 3746 3470 3799 τὸν
3495 3741 3692 3804 Ἠλίαν,

2131 3850 2206 3913 ὡς
2232 3847 2536 3919 ἡμερότητι
2572 3844 2665 3897 καὶ
2699 3841 3053 3915 μακροθυμίᾳ
3117 3836 3484 3908 πρυτανεύειν
3532 3830 3693 3919 ὲδοκίο

2137 3915 2285 4011 μασε
2317 3915 2426 3992 tibi)
2468 3915 2778 4008 ἀνθρώπων
2823 3934 2886 3986 τὸ
2929 3932 3108 4001 γένος.
3160 3930 3270 3983 Καὶ
3309 3929 3393 3982 ὅτι
3433 3926 3608 3999 ῥᾴδιον
3637 3915 3699 3990 ἦν

2133 4030 2303 4101 αὐτῷ,
2332 4029 2429 4084 καὶ
2462 4024 2760 4100 κεραυνοὺς
2797 4024 3132 4095 ἐπιπέμψαι,
3167 4022 3263 4075 καὶ
3307 4018 3569 4088 κλονῆσαι
3606 4013 3694 4077 τὴν

2133 4098 2265 4191 γῆν,
2318 4118 2411 4173 καὶ
2463 4098 2574 4180 τοῖς
2637 4114 2894 4169 ἀσεϐέσιν
2949 4111 3228 4177 ἀποδεῖξαι
3288 4110 3463 4176 τάφον
3543 4098 3695 4169 αὐτὴ)

2134 4211 2516 4283 αὐτοσχέδιον,
2595 4208 2690 4263 καὶ
2757 4207 2849 4279 βίᾳ
2912 4204 3244 4275 πνευμάτων
3311 4199 3579 4254 ἀπολέσαι
3641 4192 3693 4244 τὸ

2139 4306 2266 4360 πᾶν.
2354 4302 2496 4357 Ἀλλ’
2573 4302 2607 4367 ἡ
2690 4296 3044 4369 μακροθυμία
3129 4311 3221 4363 μοι
3307 4291 3463 4360 φίλη,
3527 4283 3695 4357 φησιν.

2139 4396 2412 4449 Ἕκαστον
2467 4390 2652 4446 δὲτῶν
2683 4388 2859 4444 ἄλλων
2902 4390 2935 4458 ή
2970 4385 3208 4457 πονηρία
3260 4382 3372 4436 τῶν
3414 4377 3697 4450 ἀνθρώπων

468 4495 637 4550 menti
681 4510 786 4550 non
839 4495 910 4550 sit
944 4494 1111 4563 ignis,
1141 4492 1288 4547 Elias
1319 4491 1569 4553 docetur,
1609 4495 1665 4541 et
1704 4500 1803 4557 per
1851 4486 2016 4555 ipsun

2138 4486 2445 4556 ἐφέλκεται.
2483 4484 2607 4537 Ὀτι
2664 4480 2723 4535 δὲ
2783 4480 2842 4534 ού
2902 4477 3015 4550 πῦρ
3050 4479 3078 4531 ὁ
3118 4479 3218 4547 τῆς
3253 4476 3500 4537 Halani;
3546 4469 3695 4563 Θεδς,

467 4602 568 4642 nos
612 4601 831 4651 omnes,
880 4586 975 4641 sed
1026 4576 1205 4655 neque
1246 4598 1384 4638 aura
1423 4580 1629 4637 tenuis.
1662 4577 1768 4634 Per
1822 4587 2016 4633 tenuen

2151 4578 2337 4642 Ἠλίας
2366 4576 2702 4639 διδάσκεται,
2729 4571 2824 4626 καὶ
2851 4572 2919 4626 δι’
2951 4570 3117 4625 αὐτοῦ
3145 4570 3350 4632 πάντες
3368 4568 3550 4639 ἡμεῖς.
3573 4557 3697 4617 Ἀλλ’

466 4692 594 4730 vero
626 4691 817 4731 auram
844 4675 1051 4731 dicitur
1074 4675 1290 4730 adesse.
1317 4672 1454 4729 Cum
1483 4673 1626 4727 enim
1656 4669 1710 4723 in
1742 4667 2016 4740 caligines:

2140 4668 2264 4723 οὐδὲ
2314 4666 2458 4739 αὖρα
2506 4666 2707 4735 λεπτή.
2759 4665 2837 4717 Δι’
2866 4661 3045 4735 αὖρας
3094 4660 3152 4714 δὲ
3206 4659 3426 4729 λέγεται
3462 4655 3695 4725 παρεῖναι

471 4770 621 4825 nube
669 4777 725 4825 et
787 4769 913 4840 igne
962 4768 1089 4824 ﬁliis
1140 4767 1314 4822 Israel
1363 4762 1707 4838 apparuerit,
1753 4760 2011 4815 invenicn

2142 4762 2368 4831 λεπτῆς.
2414 4758 2573 4813 Ἐπεὶ
2603 4758 2712 4828 γὰρ
2760 4759 2818 4809 ὲν
2875 4756 3062 4825 γνόφῳ
3102 4753 3195 4840 καὶ
3255 4750 3391 4821 πυρὶ
3441 4750 3551 4811 τοῖς
3579 4742 3695 4803 υἱοῖς

467 4862 641 4917 tiliam
687 4861 1076 4918 sublimiorum
1116 4875 1405 4931 capacem,
1437 4872 1560 4913 eum
1588 4857 1641 4909 in
1667 4851 1923 4909 notitiam
1956 4852 2010 4905 in

2157 4851 2375 4924 Ἰσραὴλ
2397 4850 2668 4920 ἐπεφάνη,
2694 4849 2784 4902 τὸν
2826 4847 3016 4901 Ἠλίαν
3044 4837 3221 4915 εὑρὼν
3240 4843 3347 4896 τῶν
3370 4837 3692 4913 ὑψηλοτέρων

465 4955 723 5027 corporei
759 4954 1045 5021 subduxit,
1085 4970 1114 5009 a
1155 4960 1497 5016 terraemotu,
1547 4964 1577 5002 a
1630 4946 1853 5017 spiritu,
1888 4953 1943 5001 et
1981 4945 2016 4999 ε’

2154 4942 2478 5016 χωρητικὸν,
2512 4940 2607 4994 ἐπὶ
2642 4942 2743 5009 τὴν
2772 4937 2867 4993 τοῦ
2892 4937 3185 5008 ἀσωμάτου
3224 4934 3418 4988 τῡῦτον
3445 4933 3693 5027 ἀνήγαγεν

467 5013 593 5115 igne
629 5047 698 5102 ad
749 5054 969 5102 tenuem
1006 5061 1225 5102 auram.
1281 5045 1339 5100 ιιι
1393 5013 1541 5115 quod
1595 5013 1755 5093 aliine
1798 5048 1883 5094 est
1930 5054 2016 5094 voc

2155 5035 2385 5097 ἔννοιαν,
2416 5031 2523 5086 ἀπὸ
2557 5028 2804 5100 σεισμοῦ,
2839 5029 2935 5083 καὶ
2950 5022 3284 5097 πνεύματος,
3312 5025 3405 5077 καὶ
3428 5020 3591 5090 πυρὸς
3615 5013 3693 5068 ἐπὶ

450 5138 783 5195 .Servatoris
816 5159 829 5195 :
861 5157 882 5192 ι
924 5138 1072 5196 Deus
1103 5140 1338 5210 spiritus
1369 5109 1455 5193 est
1476 5134 1549 5189 “.
1598 5151 1620 5186 ι

2154 5124 2357 5194 λεπτὴν
2388 5121 2581 5195 αὔραν.
2609 5122 2788 5193 Ὅπερ
2817 5121 2985 5189 ἐγγὺς
3018 5117 3084 5173 ἂν
3107 5116 3193 5189 εἴη
3219 5113 3321 5182 τῆς
3345 5115 3441 5169 τοῦ
3468 5109 3692 5178 Σωτῆρος

2157 5213 2346 5286 φωνῆς
2379 5213 2499 5284 τῆς,
2526 5230 2544 5263 α
2566 5210 2803 5282 Πνεῦμα
2839 5211 2867 5263 ὁ
2898 5207 3083 5270 Θεὸς.»

538 5313 710 5372 Vens.
744 5313 832 5371 l9.
865 5315 1061 5386 Injecit
1099 5315 1328 5383 pallium
1375 5327 1531 5367 suum
1562 5323 1721 5380 super
1763 5327 1904 5366 eum.
1933 5308 2014 5366 Cu

2171 5284 2180 5286 ἡ
2225 5306 2334 5361 Kal
2378 5305 2623 5375 ἕρῤιψεν
2663 5302 2757 5357 ἐπ’
2790 5300 2979 5355 αὐτὸν
3021 5297 3136 5368 τὴν
3181 5295 3473 5368 μηλωτὴν
3507 5284 3687 5386 αὑτοῦ.

469 5402 792 5471 Asahelem,
829 5380 992 5471 lelut,
1023 5415 1079 5461 et
1099 5380 1366 5461 iElisaeum
1395 5404 1590 5474 jussus
1620 5417 1825 5474 ungere
1862 5402 2016 5458 solun

2152 5400 2217 5455 Τί
2243 5401 2445 5472 δήποτε
2478 5399 2568 5453 τὸν
2595 5396 2815 5469 Ἀξαὴλ,
2836 5396 2928 5449 καὶ
2952 5395 3042 5448 τὸν
3072 5393 3237 5462 Ἰηοῦ,
3298 5390 3395 5446 καὶ
3422 5387 3507 5442 τὸν
3548 5380 3689 5436 Ἐλισ-

473 5497 797 5565 prophetam
830 5497 1035 5552 unxit?
1062 5495 1253 5551 Gratia
1288 5497 1458 5568 igitur
1489 5495 1785 5566 spirituali,
1824 5510 1933 5566 qua
1958 5495 2013 5567 ip

2153 5497 2307 5548 σαῖον
2335 5493 2522 5566 χρίσαι
2577 5489 2966 5562 προσταχθεὶς,
3025 5486 3186 5559 μόνον
3229 5485 3413 5556 ἔχρισε
3461 5481 3546 5534 τὸν
3575 5488 3686 5568 apti-

477 5562 599 5638 ξιιπῖ
627 5587 809 5651 unxit,
835 5602 1110 5658 quantque
1132 5588 1190 5642 in
1220 5562 1397 5658 ipsum
1429 5562 1685 5653 contulit,
1723 5562 1859 5644 alios
1880 5562 2016 5644 etiam

2157 5562 2427 5660 φήτηνξῇ
2458 5587 2637 5641 τοίνυν
2662 5583 2879 5655 ἔχρισεν
2907 5582 3090 5646 αὐτὸν,
3109 5579 3206 5635 καὶ
3226 5578 3327 5648 τῆς
3348 5562 3684 5645 πνευματικῆς

548 5754 598 5789 ⁵⁸
629 5752 653 5807 ι
679 5752 821 5809 Tim.
850 5774 887 5821 I,
915 5759 966 5813 9.
1047 5762 1090 5793 ⁸³
1121 5761 1277 5817 Joan.
1322 5779 1396 5826 tv,
1424 5761 1493 5815 24
