4018 6230
420 275 554 348 1173

1364 252 1893 337 αοιιιιἙΝΤΑιιιι
1961 277 2041 336 IN
2075 279 2225 339 ιλιι.
2275 282 2360 340 ιιι
2395 284 2680 346 nEGUM.

3516 278 3648 351 1171

411 398 559 465 αὐτῷ
584 394 854 464 μετέδωκε
880 391 1101 462 χάριτος
1128 391 1299 462 ταύτῃ
1327 391 1420 442 καὶ
1451 389 1579 450 τοὺς
1615 387 1804 451 ἄλλους
1835 387 1983 458 ἔχρι-

2098 393 2269 446 unxit.
2294 391 2674 464 Propheticam
2699 396 2842 449 enim
2867 396 2936 450 ab
2963 397 3082 468 ipso
3108 397 3341 466 gratiam
3375 402 3648 471 accipiens

413 505 492 542 σε.
525 487 636 556 Τὴν
665 483 1011 554 προφητικὴν
1050 481 1158 550 γάρ
1201 479 1329 548 παρ’
1361 477 1525 531 αὑτοῦ
1567 477 1855 546 δεξάμενος
1883 478 1979 546 χά-

413 596 518 648 ριν,
552 577 928 646 προσήνεγκεν
962 573 1190 635 ἐκείνοις
1223 573 1282 624 τὸ
1313 571 1540 641 χρίσμα,
1569 571 1664 623 καὶ
1698 570 1796 640 τῆς
1833 569 1983 640 βασι-

410 672 565 739 λικῆς
602 669 783 730 αὐτοῖς
823 665 1098 733 μετέδωκε
1134 663 1375 734 χάριτος.

1008 753 1248 806 ΚΕΦΑΛ.
1291 749 1381 804 Κ’.

482 850 793 917 Εὺλόγησε
813 846 1108 902 Ναϐουθαὶ
1141 845 1306 898 Θεόν.
1335 843 1610 914 Εὐφήμως
1658 837 1809 896 εἶπεν
1864 844 1984 896 ἀντὶ

409 943 536 1007 τοῦ,
597 938 1102 1008 ἐϐιῐασφήμησεν.
1154 937 1266 1006 Τὴν
1316 937 1372 990 δὲ
1423 936 1678 1008 νηστείαν
1727 937 1983 1004 γενέσθαι.

411 1032 768 1105 προσέταξεν,
806 1031 946 1083 ὥστε
997 1029 1170 1100 ταύτῃ
1213 1029 1383 1094 δεῖξαι
1434 1029 1528 1082 τοῦ
1576 1028 1738 1098 φόνου
1793 1027 1872 1080 τὸ·
1906 1027 1985 1080 δί-

410 1142 588 1178 καιον.
645 1122 754 1176 Καὶ
814 1120 902 1174 διὰ
958 1120 1148 1196 τούτου
1205 1121 1296 1172 καὶ
1357 1118 1456 1187 τῆς
1500 1118 1761 1188 συνήθους
1821 1117 1983 1171 αὐτὸν

319 1255 330 1276 -,
408 1215 696 1268 ἐκέλευσεν
749 1213 1048 1281 ἀξιωθῆναι
1093 1213 1285 1281 τιμῆς,
1344 1213 1438 1265 καὶ
1495 1212 1845 1282 προεδρεύειν
1876 1213 1984 1266 τῶν

407 1306 605 1376 allow,
637 1300 738 1356 εἷθ’
768 1303 912 1356 οὕτω
941 1304 1040 1373 τὴν
1087 1304 1310 1372 γραφὴν
1341 1304 1669 1372 ὑποστῆναι.

481 1395 758 1463 Διέρῤηξε
789 1397 860 1449 τὰ
888 1395 1083 1463 ἱμάτια
1119 1390 1329 1450 αὑτοῦ.
1370 1393 1588 1462 Κοῦφος
1631 1394 1706 1448 ὢν
1751 1395 1981 1466 Ἀχαὰϐ,

412 1489 610 1559 ῥᾳδίως
659 1488 747 1540 ἀεὶ
795 1487 1191 1558 μετετρέπετο·
1247 1486 1368 1540 ὅθεν
1427 1487 1588 1540 αὑτὸν
1637 1487 1875 1552 Ἰεζάϐελ
1905 1492 1984 1552 είς

407 1580 567 1633 τοῦτο
590 1569 921 1648 κατέστησεν
952 1579 1227 1640 ἀσεϐείας.
1259 1580 1335 1631 Δι’
1353 1579 1490 1650 ὅπερ
1521 1581 1552 1649 ή
1587 1580 1796 1651 ἱστορία
1820 1597 1833 1610 ·
1875 1583 1986 1634 Δω-

415 1671 563 1742 ρεάν,
585 1673 769 1740 φησιν,
793 1672 1005 1740 ἐπράθη
1032 1671 1257 1740 Ἀχαὰϐ,
1282 1671 1374 1725 τοῦ
1413 1672 1636 1742 ποιῆσαι
1656 1673 1715 1726 τὸ
1750 1676 1985 1744 πονηρὸν

2036 558 2039 559 ν
2083 485 2266 538 attulit
2301 485 2408 541 illis
2437 489 2780 555 unctionem,
2807 496 2860 544 et
2889 490 3146 561 gratiam,
3173 507 3293 560 qua:
3321 492 3375 546 in
3405 508 3530 564 rege
3563 511 3648 550 re-

2084 576 2345 645 quiritur,
2376 577 2513 647 ipsis
2550 580 2806 636 contulit.

2599 760 2750 814 οιιι).
2804 759 2898 814 xx
2941 760 3126 834 [XXI].

2155 846 2320 901 Vens.
2357 847 2408 902 3.
2455 847 2717 905 Laudaeit
2764 851 3009 908 Nabuthc
3060 853 3370 910 Dominum.
3416 855 3653 911 liettrstc

2085 936 2224 990 dixit
2267 954 2364 1006 pro
2394 939 2794 1010 blasphemavit.
2841 943 3121 1014 Ieiunium
3147 963 3276 1001 vero
3320 947 3486 1002 indici
3518 964 3654 1018 prae-

2086 1029 2255 1096 cepit,
2305 1037 2363 1082 ut
2406 1047 2501 1099 per
2554 1033 2658 1087 hoc
2691 1034 2891 1089 caedem
2923 1036 3128 1104 justam
3158 1051 3282 1092 esse
3317 1035 3651 1091 ostenderet.

2089 1119 2328 1189 Eamque
2363 1122 2434 1175 ob
2469 1137 2691 1177 causam
2717 1139 2877 1193 pmna
2910 1129 3212 1181 constituta
3236 1141 3358 1181 eum
3383 1127 3547 1197 jussit
3577 1127 3656 1179 ai-

2089 1213 2192 1270 tici.
2235 1213 2522 1284 magisque
2566 1217 2771 1284 puniri,
2806 1235 2968 1287 quam
3003 1218 3159 1284 alios,
3213 1218 3409 1274 deinde
3438 1224 3654 1290 pcenam

2087 1304 2188 1357 hoc
2229 1305 2390 1358 modo
2416 1307 2710 1361 sustinere.

2165 1396 2324 1452 Vens.
2365 1399 2456 1452 27.
2501 1399 2673 1454 Scidit
2711 1405 3018 1457 vestimenta
3065 1390 3182 1459 sua.
3227 1403 3364 1471 Quia
3422 1405 3558 1460 levis
3603 1413 3657 1459 et

2090 1490 2413 1546 inconstans
2459 1503 2575 1546 erat
2611 1494 2818 1558 Achab,
2864 1494 3023 1550 facile
3066 1510 3280 1565 Semper
3318 1495 3655 1549 mutabatur.

2091 1579 2228 1635 Hinc
2252 1579 2470 1637 Jezabel
2503 1599 2626 1638 eum
2672 1583 2725 1638 in
2761 1593 2966 1638 tantam
3021 1583 3246 1639 deduxit
3303 1585 3656 1652 in1~pietate1t1,

2091 1684 2146 1728 ut
2198 1676 2427 1730 historia
2478 1676 2624 1731 dicat
2680 1679 2850 1748 gratis
2884 1677 3256 1731 venundatum
3304 1691 3447 1735 esse.
3490 1681 3547 1727 ut
3579 1674 3660 1727 fa-

415 1766 645 1818 ὲνώπιον
681 1768 907 1836 Κυρίου,
937 1766 1011 1829 ὡς
1045 1769 1377 1836 μετέστησεν
1403 1769 1563 1822 αὑτὸν
1594 1768 1852 1832 Ἰεζάϐελ,
1889 1773 1981 1823 καὶ

2098 1774 2240 1822 ceret
2290 1769 2490 1820 malum
2545 1785 2732 1822 coram
2797 1769 3049 1830 Domino,
3107 1779 3164 1821 ιιι
3226 1766 3655 1821 transtuliteUm

415 1856 484 1910 τὰ
512 1857 656 1925 ἑξῆς.
679 1857 837 1909 Ὅθεν
859 1857 1105 1926 ὀρεχθεὶς
1129 1858 1220 1912 τοῦ
1256 1860 1594 1928 ἀμπελῶνος,
1629 1860 1867 1930 ἤλγησεν
1891 1847 2013 1914 ἐπι

414 1946 491 2016 τῷ
513 1946 606 1999 τοῦ
632 1947 908 2000 Ναϐουθαὶ
935 1947 1168 2018 θανάτῳ.

481 2038 589 2093 Kal
621 2037 818 2092 πάντα
846 2039 964 2092 ὅσα
987 2039 1278 2108 ἐποίησεν
1311 2043 1343 2094 ό
1389 2043 1751 2111 Ἀμορραῖος.
1783 2044 1896 2097 Νῦν
1921 2047 1980 2098 οὐ

406 2131 468 2182 τὸ
483 2129 701 2184 Ἰνδικὸν
717 2130 869 2195 ἔθνος
892 2131 1076 2201 φησιν,
1092 2130 1232 2185 ἀλλὰ
1249 2132 1456 2195 πάντας
1477 2134 1602 2196 τοὺς
1623 2135 1982 2198 Χαναναίους.

423 2222 749 2293 Ἀμορραῖος
779 2221 888 2292 γὰρ
913 2225 977 2294 τῇ
1012 2223 1278 2294 Ἐϐραίων
1312 2227 1462 2294 φωνῇ
1501 2225 1598 2278 καὶ
1637 2228 1666 2279 ὁ
1715 2226 1985 2280 κατοικῶν

408 2314 754 2384 ὀνομάζεται.
790 2313 848 2367 ὐ
874 2315 928 2367 δὲ
979 2315 1360 2386 φιλάνθρωπος
1417 2316 1568 2380 Θεὸς,
1604 2317 1690 2370 διὰ
1747 2320 1848 2388 μὲν
1889 2319 1984 2390 τὴν

413 2405 734 2474 μιαιφονίαν
768 2408 866 2476 τὴν
909 2407 1286 2476 πανωλεθρίαν
1327 2408 1644 2479 ἠπείλησεν.
1670 2411 1766 2464 Διὰ
1800 2411 1856 2464 δὲ
1897 2413 1986 2464 τὸν

409 2499 501 2548 ἐπὶ
547 2497 626 2566 τῷ
674 2499 821 2567 φόνῳ
869 2497 1063 2568 θρῆνον
1106 2498 1201 2568 τὴν
1252 2499 1350 2568 τῆς
1401 2502 1673 2570 τιμωρίας
1710 2502 1987 2573 ἀναλαϐὴν

411 2589 728 2660 ἐχαρίσατο.
1207 2651 1210 2654 ί

428 2668 445 2683 ’
989 2685 1241 2738 uno“.
1278 2686 1408 2738 KA'.

487 2777 554 2828 El
603 2774 913 2841 ἐκποιήσει
971 2778 1024 2830 ὁ·
1052 2777 1199 2846 χοῆς
1244 2777 1577 2844 Σαμαρείας
1628 2777 1757 2844 ταῖς
1794 2778 1987 2852 δρᾳξί.

413 2864 599 2920 Ταῦτα
643 2866 832 2936 ελεγον
885 2867 1236 2936 ἀπειλοῦντες
1275 2869 1374 2937 τῆς
1413 2857 1729 2940 πολιορκίας
1779 2870 1848 2923 τὰ
1883 2870 1990 2941 χώ-

416 2975 584 3028 ματα.

496 3051 793 3119 Ἑώρακας
833 3052 1030 3106 πάντα
1063 3053 1168 3106 τὸν
1196 3049 1368 3122 ἦχον.
1413 3055 1642 3117 Οίκείως
1689 3055 1795 3107 τῶν
1838 3057 1996 3110 ἀπει-

415 3143 651 3212 λητικῶν
681 3145 944 3214 ῥημάτων
991 3145 1082 3197 τὸν
1116 3145 1350 3225 κόμπον.
1371 3146 1543 3210 οὕτως
1574 3147 1853 3202 ἐκάλεσεν.
1909 3132 1997 3200 Δί-

413 3236 579 3306 ελύθη
606 3237 714 3310 γὰρ
743 3239 1024 3307 συντόμως
1053 3240 1119 3308 τῇ
1152 3238 1272 3308 θείᾳ
1305 3242 1470 3310 ῥοπῇ.

497 3329 599 3381 Ἔν
648 3328 775 3394 τοῖς
824 3329 1159 3396 παιδαρίοις
1207 3328 1326 3382 τῶν
1379 3332 1691 3398 ἀρχόντων
1727 3333 1846 3388 τῶν
1889 3352 2000 3403 χω-

409 3419 553 3489 ρῶν.
597 3421 672 3473 Οὐ
725 3419 934 3491 χρῄζω,
985 3421 1140 3491 φησι,
1193 3420 1430 3491 πλήθους
1474 3423 1605 3489 ἐγώ.
1666 3423 1753 3476 Ἐν
1794 3425 2000 3493 ὀλίγοις

418 3515 528 3582 γὰρ
582 3513 912 3584 μειρακίοις,
946 3514 1039 3566 καὶ
1084 3513 1338 3581 πολέμων
1388 3515 1658 3584 ἀπείροις,
1702 3515 1799 3585 τὴν
1847 3534 2000 3586 παμ-

419 3605 621 3673 πόλλην
672 3605 878 3672 ταύτην
933 3603 1197 3674 στρατιὰν
1242 3603 1487 3658 διολέσω.
1533 3602 1713 3658 τΗσαν
1752 3605 1836 3668 δὲ,
1892 3625 1998 3679 φη-

419 3699 493 3764 σι,
518 3696 785 3750 διακόσιοι
830 3695 858 3735 b
904 3696 1201 3766 τριάκοντα
1249 3696 1344 3749 δύο
1371 3737 1383 3758 ,
1429 3697 1496 3748 δι’
1544 3690 1619 3751 ὧν
1659 3700 1687 3751 ὁ
1739 3700 2023 3758 παντοδύ·,

418 3805 588 3860 ναμος
627 3788 834 3860 Κύριος
860 3787 937 3858 λβ¹
975 3787 1238 3858 βασιλέων
1263 3787 1528 3843 κατέλυσε
1560 3791 1846 3860 στρατιάν.

491 3966 636 4032 Θεὸς
659 3963 863 4034 ὀρέων,
897 3965 1042 4028 Θεὸς
1079 3963 1347 4031 Ἰσραήλ.
1366 3961 1590 4032 Ἐπειδὴ
1615 3960 1892 4027 τοιούτους
1922 3958 2001 4016 εἴ·

420 4077 510 4112 ναι
535 4059 664 4120 τοὺς
691 4058 930 4120 οἰκείους
965 4055 1120 4118 θεοὺς
1145 4053 1534 4124 ὑπελάμϐανον
1552 4095 1566 4120 ,
1598 4053 1858 4125 ᾠήθησαν
1908 4056 2003 4108 καὶ

419 4147 513 4199 τὸν
541 4145 792 4216 ἀληθινὸν
820 4145 914 4198 καὶ
953 4144 1062 4196 τῶν
1104 4145 1244 4197 ὅλων
1290 4143 1627 4214 δημιουργὸν
1665 4143 1891 4215 μερικδν
1925 4139 2004 4197 εἷ-

421 4256 511 4292 ναι
537 4240 690 4293 Θεόν.
733 4237 875 4291 Ἀλλ’
916 4235 1084 4300 ἔδειξε
1113 4237 1208 4288 καί
1238 4238 1352 4299 τοῖς
1379 4235 1603 4299 οἰκείοις
1628 4237 1723 4289 καὶ
1755 4238 1868 4300 τοῖς
1909 4235 2004 4291 ἀλ-

422 4331 659 4401 λοτρίοις
688 4329 787 4401 τὴν
826 4329 1036 4382 οίκείαν
1073 4327 1250 4398 ἰσχύν.
1285 4328 1397 4398 Τῆς
1433 4327 1544 4398 γὰρ
1575 4328 1895 4398 συμπλοκῆς
1945 4330 2005 4383 ὲν

2085 1856 2326 1922 Jezabel,
2359 1868 2464 1912 etc.
2512 1860 2649 1915 llinc
2677 1877 2799 1914 cum
2838 1869 3115 1930 appeteret
3146 1860 3381 1923 vineam,
3409 1855 3654 1910 dolorem

2087 1958 2261 2003 morte
2290 1948 2558 2005 Nabutlne
2593 1954 2823 2020 accepit.

2155 2039 2318 2096 Vens.
2339 2041 2427 2096 9.6.
2459 2041 2759 2096 Secundum
2784 2045 2986 2107 omnia,
3015 2059 3128 2112 qum
3147 2041 3269 2104 fecit
3297 2040 3659 2094 Amorrhwus.

2084 2135 2202 2190 Jam
2240 2152 2346 2190 nou
2385 2137 2722 2205 peculiarem
2756 2145 2970 2206 gentem
3011 2135 3166 2199 dicit,
3197 2133 3291 2188 scd
3313 2147 3501 2186 omnes
3522 2129 3663 2185 Cha-

2087 2244 2332 2285 nanaeos.
2379 2230 2738 2284 Amorrhzens
2778 2231 2922 2283 enim
2979 2227 3246 2281 llebraica
3310 2240 3443 2281 voce
3501 2223 3661 2278 etiam

2088 2325 2263 2378 incola
2300 2323 2644 2377 nominatur.
2693 2321 2978 2376 Benctlrus
3028 2329 3210 2373 autem
3261 2316 3402 2372 Deus
3444 2323 3665 2385 propter

2089 2415 2448 2476 homicidium
2487 2415 2714 2469 exitium
2759 2413 2982 2466 Achaho
3013 2411 3384 2466 comminatus
3417 2415 3522 2474 est,
3567 2405 3662 2462 sed

2089 2508 2217 2575 quia
2255 2498 2456 2561 caedem
2493 2507 2822 2560 lamentatus
2867 2513 2974 2567 est,
3013 2519 3078 2565 ex
3125 2503 3298 2573 gratia
3333 2514 3549 2568 poenam
3578 2512 3664 2552 re-

2091 2597 2262 2650 misit:

2615 2686 2769 2740 (ιιι).
2815 2683 2932 2738 xx1
2969 2683 3132 2756 [XX].

2161 2778 2325 2833 Vens.
2375 2779 2461 2832 10.
2493 2777 2551 2833 Si
2580 2778 2845 2846 suffecerit
2906 2778 3078 2846 pulvis
3142 2774 3402 2829 Samaria:
3432 2772 3665 2842 pugillis.

2095 2868 2220 2924 Hzec
2273 2869 2555 2936 dicebant,
2605 2869 3012 2924 comminantes
3060 2883 3120 2921 se
3159 2880 3387 2937 aggeres
3425 2865 3690 2920 facturos.

2096 2963 2148 3015 in
2184 2962 2491 3016 obsidione.

2171 3052 2340 3109 Vens.
2380 3053 2466 3108 15.
2510 3053 2697 3107 Vidisti
2725 3067 2925 3108 omnem
2962 3069 3172 3107 sonum.
3218 3049 3445 3120 Proprie
3477 3047 3672 3102 verbo-

2103 3165 2222 3203 rum
2247 3149 2575 3202 minantium
2608 3149 2806 3204 fastum
2865 3146 2947 3202 sic
2987 3145 3232 3210 vocavit;
3294 3145 3479 3200 statim
3525 3145 3669 3197 enim

2104 3239 2196 3296 Dei
2225 3248 2358 3294 nutu
2383 3240 2688 3296 dissolutus
2732 3247 2787 3293 et
2821 3237 3029 3292 fractus
3067 3244 3172 3292 est.
3400 3227 3405 3231 ’

2173 3331 2338 3385 Vens.
2370 3331 2457 3385 Η.
2493 3330 2558 3384 1η
2581 3331 2754 3400 pueris
2783 3328 3080 3397 principum
3117 3327 3530 3393 provinciarum.
3553 3322 3668 3376 Non

2103 3426 2354 3496 pluribus
2412 3439 2513 3494 ego
2570 3421 2813 3492 indigeo,
2875 3419 3072 3489 inquit,
3131 3433 3254 3472 nam
3301 3433 3423 3470 cum
3486 3415 3673 3485 paucis

2103 3518 2308 3586 pueris,
2331 3524 2383 3571 et
2444 3516 2711 3570 bellorum
2757 3512 3077 3582 expertibus
3125 3519 3178 3565 et
3242 3508 3473 3579 ignaris,
3497 3506 3671 3560 maxi-

2104 3622 2255 3660 mum
2294 3605 2446 3661 illum
2466 3605 2768 3660 exercitum
2817 3602 3064 3657 fundam.
3107 3599 3271 3654 Erant
3298 3606 3506 3662 autem,
3541 3595 3675 3650 dicit

2103 3695 2412 3766 Scriptura,
2447 3695 2682 3751 trecenti
2710 3693 2939 3764 triginta
2991 3691 3122 3756 duo,
3157 3705 3255 3761 per
3303 3702 3442 3758 quos
3497 3685 3676 3741 omni-

2107 3797 2300 3856 potens
2348 3784 2853 3842 Deus-exercitum
2910 3782 3136 3853 triginta
3191 3780 3428 3834 duorum
3485 3791 3674 3844 regum

2107 3875 2432 3945 proﬂigavit.

2176 3963 2341 4020 Vens.
2376 3964 2467 4019 28.
2505 3963 2644 4018 Deus
2678 3963 2957 4026 montium,
2995 3959 3132 4014 Deus
3164 3957 3356 4012 Israel.
3383 3955 3518 4011 Cum
3545 3969 3677 4010 suos

2107 4056 2239 4112 deos
2289 4056 2424 4111 tales
2479 4070 2604 4110 esse
2632 4060 2924 4125 putarent,
2974 4051 3435 4106 existimaverunt
3485 4059 3676 4101 verum

2106 4146 2302 4214 Deum,
2326 4157 2381 4202 et
2447 4148 2613 4203 totius
2670 4145 2858 4201 mundi
2905 4143 3202 4215 opiﬁcem,,
3236 4141 3408 4212 partis
3443 4137 3678 4206 alicujus

2110 4245 2320 4294 tantum
2377 4235 2548 4292 Deum
2584 4249 2733 4303 esse;
2779 4234 2874 4289 sed
2921 4231 3240 4286 domesticis
3268 4238 3322 4285 et
3370 4225 3678 4300 peregrinis
3755 4290 3761 4297 _

2109 4344 2263 4386 suam
2299 4328 2411 4382 vim
2467 4334 2522 4382 et
2550 4326 2853 4397 potentiam
2903 4321 3326 4379 demonstravit.
3362 4319 3499 4373 Cum
3529 4315 3676 4373 enim

427 4423 596 4494 πεδίῳ
658 4421 1072 4491 γεγενημένης,
1139 4420 1468 4475 δυοκαίδεκα
1533 4419 1644 4474 τῶν
1689 4421 1997 4475 ἀντιπάλων

2106 4423 2163 4478 ἱιι
2189 4435 2384 4491 campo
2411 4418 2698 4474 conﬂictus
2729 4416 2907 4481 ﬁeret,
2938 4414 3209 4470 Israelita:
3235 4419 3462 4467 centena
3487 4408 3677 4480 viginti

432 4515 699 4586 μυριάδας
760 4511 978 4583 Ἰσραὴλ
1020 4511 1430 4580 κατηκόντισεν.
1479 4511 1597 4564 ’Ίνα
1649 4511 1706 4564 δὲ
1763 4512 2007 4565 κάκεῖνοι

434 4607 683 4677 μάθωσιν
738 4606 810 4668 ὡς
869 4604 1129 4674 θεήλατος
1192 4605 1224 4674 ή
1281 4603 1499 4674 πληγὴ,
1562 4603 1670 4656 τῶν
1723 4603 2010 4674 διαφυγόν-

427 4716 537 4751 των
571 4700 650 4761 είς
677 4703 778 4768 τὴν
821 4696 1028 4765 Ἀφεκὰ
1079 4695 1234 4748 πόλιν
1277 4697 1795 4765 καταπεφευγότων,
1835 4714 2004 4752 κατα-

430 4789 594 4845 πεσδν
619 4790 680 4843 τὸ
704 4793 906 4859 τεῖχος,
951 4787 1094 4841 ἑπτὰ
1125 4789 1220 4841 καὶ
1239 4789 1410 4842 εἴκοσι
1447 4789 1715 4860 μυριάδας
1763 4791 2007 4860 κατέχω-

429 4900 544 4938 σεν.

511 5061 613 5112 Ἔν
633 5059 796 5127 λόγῳ
821 5059 1045 5126 Κυρίου
1074 5058 1346 5122 πάταξον
1385 5059 1459 5126 δή
1486 5075 1581 5138 με..
1612 5059 1726 5112 Οὐκ
1756 5059 1867 5125 ἐγώ
1899 5077 2004 5124 σοι,

431 5152 616 5221 φησιν,
663 5151 956 5217 ἑπιτάττω,
997 5151 1136 5205 ἀλλὰ
1177 5151 1236 5204 τὺ
1263 5153 1322 5204 ὲν
1371 5152 1495 5221 ἐμοὶ
1543 5153 1780 5221 πνεῦμα,
1819 5153 1910 5205 Διὸ
1941 5154 2004 5224 δὴ

431 5243 508 5314 τῷ
536 5243 847 5296 ἀντειπόντι
897 5243 986 5295 τὸν
1022 5243 1110 5296 διὰ
1156 5243 1249 5296 τοῦ
1298 5244 1513 5307 λέοντος
1563 5245 1865 5316 ἐπήνεγκεν
1890 5245 2006 5297 ὄλε-

432 5335 580 5404 θρον.

504 5425 612 5481 Καὶ
641 5424 1026 5493 συνέτριψεν.
1061 5426 1370 5492 Τουτέστιν,
1404 5428 1824 5499 ὲτραυμᾶτισεν.

2108 4512 2281 4569 millia
2313 4511 2555 4566 hostium
2617 4506 2978 4577 proﬂigarunt
3030 4513 3084 4560 et
3128 4503 3474 4569 occiderunt.
3506 4499 3682 4556 Caete-

2108 4620 2254 4668 rum,
2292 4609 2351 4657 ut
2406 4601 2547 4656 hanc
2598 4599 2806 4653 cladem
2867 4597 3136 4652 divinitus
3201 4595 3336 4664 ipsis
3370 4593 3675 4648 immissam

2107 4711 2232 4751 esse
2279 4701 2696 4764 cognoscerent,
2742 4704 2867 4743 cum
2916 4689 3016 4753 illi,
3065 4688 3159 4758 qui
3209 4702 3304 4756 per
3353 4686 3536 4755 fugam
3566 4685 3679 4753 jam

2109 4795 2418 4850 evaserant,
2471 4783 2858 4855 Aphecapolim
2931 4798 2989 4838 se
3058 4781 3416 4851 recepissent,
3485 4793 3680 4856 murus

2113 4880 2364 4943 corruit,
2417 4887 2469 4933 et
2513 4875 2700 4946 viginti
2757 4882 2967 4944 septem
3047 4872 3223 4926 millia
3278 4871 3521 4924 virorum
3583 4883 3682 4936 op-

2114 4972 2339 5042 pressit.
2645 5005 2648 5008 ~
2731 4987 2735 4992 ί

2187 5061 2349 5117 Vens.
2397 5059 2484 5113 35.
2547 5057 2614 5112 In
2645 5071 2883 5111 sermone
2948 5053 3164 5116 Domini
3203 5057 3414 5117 percute
3435 5063 3534 5102 mc.
3561 5044 3680 5100 Non

2112 5149 2330 5223 egotibi
2368 5151 2600 5219 impero,
2641 5148 2796 5211 dicit,
2829 5145 2924 5202 sed
2974 5144 3066 5213 qui
3102 5143 3154 5195 in
3190 5155 3276 5194 me
3308 5149 3394 5194 est
3427 5135 3678 5206 spiritus.

2113 5248 2459 5317 Quapropter
2502 5241 2906 5300 contradicenti
2963 5254 3060 5308 per
3091 5239 3304 5292 leonem
3329 5234 3554 5290 exitium
3590 5231 3686 5286 in-

2115 5342 2258 5393 tulit.

2191 5430 2351 5484 \‘ens.
2391 5430 2480 5483 37.
2516 5427 2580 5481 Et
2611 5424 2875 5479 contrivit.
2905 5422 3017 5476 Hoc
3045 5428 3150 5484 est,
3174 5417 3506 5472 vulneravit.

1717 5547 1944 5610 VARI/15
1978 5548 2383 5606 LEC'I‘IONFIS.

526 5645 554 5685 ι’
596 5645 649 5698 In
686 5641 873 5698 codice
904 5641 1146 5699 Lavatcri
1174 5644 1296 5709 fuit,
1328 5647 1591 5717 χιλιάδας.
1631 5647 1692 5701 Et
1728 5646 1780 5700 id
1852 5647 2072 5701 rectius.

436 5718 528 5772 sed
561 5722 721 5772 male.

2167 5659 2185 5680 ο
2224 5645 2277 5699 ιιι
2315 5643 2566 5697 Lavatcri
2604 5638 2790 5694 codice
2848 5635 3062 5692 videtur
3117 5633 3290 5688 fuisse
3317 5673 3332 5700 ,
3359 5632 3695 5704 τριακόσιοι,
