4018 6230
397 239 531 324 1175

1686 263 2038 323 PROCOPII
2071 265 2312 328 ΘΑΖᾸΞΙ

3521 266 3646 330 1176

470 351 638 409 Vens.
662 355 752 411 58.
780 355 848 412 Et
877 360 1062 432 ligauit
1094 363 1145 418 in
1169 365 1299 419 vitta
1323 370 1502 424 oculos
1534 389 1678 427 suos.
1698 374 1966 431 Parabolis

2143 374 2265 448 ¹Καὶ
2298 371 2670 440 κατεδήσατο
2702 370 2772 427 ἐν
2801 370 3090 440 τελαμῶνι
3136 371 3280 436 τοὺς
3307 370 3644 443 ὀφθαλμοὺς

393 449 478 500 nsi
510 444 792 516 prophetae
827 492 842 517 ,
896 450 1081 534 divina
1141 456 1400 512 vaticinia
1458 459 1763 530 proferunt,
1791 467 1973 534 utilli,

393 538 485 606 qui
519 538 645 592 illos
663 553 949 597 sermones
994 522 1250 610 aitdiunt,
1295 550 1634 619 nescientes,
1669 557 1816 624 quod
1846 573 1976 611 con-

394 636 478 678 tra
533 628 746 696 seipsos
798 629 981 686 ierant
1039 637 1584 710 sentcntiam,jnste
1645 649 1974 702 sententiam

395 719 602 774 dicant.
637 720 816 774 Aliter
865 721 1012 774 enim
1055 723 1112 777 in
1170 727 1329 782 nobis
1392 731 1554 800 ipsis,
1616 746 1670 789 et
1726 738 1886 792 aliter
1917 741 1971 794 in

397 810 519 864 aliis
558 819 782 881 peccata
830 811 995 883 538
1039 817 1338 876 cernimus.
1387 821 1503 878 Hoc
1548 826 1715 882 etiam
1760 828 1974 888 Nathan

390 899 542 965 fecit,
573 917 697 956 cum
730 903 936 958 Davide
968 919 1170 975 agens;
1224 909 1372 966 idem
1415 931 1566 972 nunc
1601 934 1819 990 quoque
1848 937 1975 992 pro-

392 993 554 1060 pheta
590 993 738 1048 facit.

456 1080 620 1138 Vens.
646 1085 736 1140 42.
777 1086 1065 1157 Propterea
1108 1093 1247 1162 quod
1281 1094 1538 1151 dimisisti
1573 1100 1743 1152 virum
1795 1103 1974 1169 perni-

392 1174 617 1232 ciosum.
652 1177 1022 1237 Humanitatis
1071 1183 1293 1254 injustas
1329 1195 1384 1240 et
1413 1198 1761 1258 praepostera:
1779 1207 1974 1260 poenas

386 1266 576 1322 Achab
644 1271 954 1339 persolvit;
1000 1288 1126 1328 nam
1159 1276 1215 1329 in
1262 1278 1578 1345 praestanda
1631 1280 1973 1339 humanitate

385 1357 658 1425 justitiam
683 1376 906 1418 servare
929 1374 1169 1436 oportet.
1201 1366 1323 1438 Ipse
1345 1385 1478 1424 vero
1517 1386 1732 1427 summa
1767 1376 1967 1429 crude-

387 1447 543 1504 litate
577 1467 705 1521 erga
771 1454 1068 1523 prophetas
1125 1473 1258 1513 usus
1285 1467 1390 1524 est,
1422 1476 1723 1532 omnesque
1751 1467 1968 1538 penitus

385 1539 570 1595 delere
593 1541 787 1608 voluit,
814 1551 870 1598 et
910 1560 1048 1614 quos
1082 1549 1250 1618 cepit,
1285 1565 1478 1608 omnes
1506 1555 1748 1610 sustulit.
1809 1557 1969 1612 Nunc

389 1646 518 1686 vero
543 1648 602 1687 se
629 1635 950 1703 placabilem
1003 1645 1057 1691 et
1091 1640 1275 1696 mitem
1333 1658 1462 1714 erga
1519 1646 1707 1701 hostes
1750 1649 1970 1704 Israeli-

387 1732 564 1777 tarum
595 1725 854 1794 praebuit.
885 1725 1040 1792 Quod
1068 1737 1250 1784 autem
1281 1743 1508 1803 prOpter
1545 1734 1874 1793 facilitatem
1902 1739 1969 1794 il-

387 1811 495 1864 lam
538 1822 592 1868 et
647 1817 1140 1886 promptitudinem
1185 1821 1352 1876 animi
1406 1839 1552 1895 sazpe
1579 1829 1842 1896 peccarit,
1875 1844 1963 1886 se-

389 1907 614 1974 quentia
657 1903 950 1964 testanttir.

460 1992 526 2047 lu
558 1995 772 2051 domum
828 2015 983 2054 suam
1037 2007 1409 2062 contristatus.
1467 2008 1599 2062 Cum
1642 2013 1786 2064 enim
1821 2013 1962 2067 veri-

388 2093 554 2139 tatem
582 2089 970 2146 vaticiniorum
1006 2093 1297 2166 Deireipsa
1349 2107 1612 2168 expertus
1645 2111 1793 2158 esset
1857 2105 1964 2173 (bis

384 2178 529 2230 enim
569 2180 700 2233 vicit
726 2182 883 2251 juxta
916 2187 1142 2241 oracula
1177 2187 1293 2258 Dei)
1325 2191 1810 2249 comminationem
1837 2212 1964 2260 pro-

386 2269 623 2338 positam
659 2286 689 2325 a
740 2275 1005 2342 propheta
1041 2277 1249 2343 timuit,
1292 2281 1388 2335 sed
1423 2283 1611 2338 statim
1644 2285 1709 2337 ad
1740 2286 1960 2340 solitam

386 2361 725 2431 impietatem
757 2369 938 2422 rediit.

978 2471 1131 2530 CAP.
1193 2474 1361 2530 XXII.

459 2553 621 2610 Vens.
644 2557 694 2611 5.
727 2556 873 2613 Sicut
903 2571 978 2625 tu,
1011 2563 1086 2616 ita
1110 2566 1271 2620 etiam
1331 2585 1446 2638 ego.
1504 2570 1704 2626 Eadem
1740 2573 1958 2640 iaciam,

385 2663 504 2713 qua!
538 2657 616 2712 tu,
655 2649 787 2704 dicit
818 2667 832 2714 ;
872 2653 1010 2707 sicut
1049 2660 1224 2712 aciem
1253 2658 1635 2730 ~linstruxeris,
1661 2665 1734 2719 ita
1774 2676 1829 2721 et
1862 2683 1962 2738 ego
1997 2649 2002 2654 i

385 2738 558 2792 aciem
591 2739 892 2810 instruam;
947 2757 1073 2800 tuus
1126 2749 1361 2818 populus
1409 2763 1638 2822 pugnat,
1695 2764 1748 2809 et
1781 2773 1955 2813 meus.

383 2829 638 2907 Ostendit
673 2830 958 2903 Scriptura
992 2837 1248 2906 pietatem
1296 2840 1492 2911 ipsius,
1537 2850 1787 2915 quamvis
1826 2852 1962 2905 ami-

383 2922 513 2975 citia
577 2930 631 2976 et
672 2923 908 2980 allinitas
975 2929 1193 2996 Achab,
1223 2937 1679 3001 quemadmodum
1711 2941 1765 2994 in
1821 2942 1961 2997 libro

2080 467 2289 521 αὑτοῦ.
2342 466 2688 537 Παραϐολαῖς
2739 467 2788 518 οἱ
2837 464 3114 536 προφῆται
3171 467 3501 536 κεχρημένοι
3553 468 3645 531 τὰς

2080 553 2232 618 θείας
2264 559 2598 627 προρρήσεις
2629 555 3066 625 προσφέρουσιν,
3110 557 3186 618 ὡς
3223 553 3288 608 ἂν
3332 556 3645 623 ἀγνοοῦντες

2078 648 2126 699 οἱ
2159 648 2326 700 τῶνδε
2353 649 2462 701 τῶν
2491 647 2665 715 λόγων
2699 647 3006 709 ἀκούοντες,
3027 645 3104 710 ὡς
3139 646 3264 700 καθ’
3313 645 3523 700 ἑαυτῶν
3553 646 3646 716 τὴν

2075 740 2256 810 (ίῆφον
2281 741 2626 813 ἐκφέρουσιν,
2650 741 2876 802 δικαίως
2904 740 3268 810 ψηφίζωνται.
3305 741 3515 804 ’Ἄλλως
3544 739 3646 812 γὰρ

2077 832 2136 884 ἓν
2169 834 2404 896 ἑαυτοῖς,
2437 833 2532 886 καὶ
2558 833 2733 895 ἄλλως
2765 834 2822 885 έν
2854 832 3061 901 ἑτέροις
3097 832 3196 903 τὴν
3218 833 3493 902 ἁμαρτίαν
3518 832 3650 900 ὁρῶ-

2080 943 2197 994 μεν.
2230 924 2400 978 Τοῦτο
2429 926 2521 977 καὶ
2549 927 2576 977 6
2610 923 2796 978 Νάθαν
2836 918 3104 994 πεποίηκε
3151 923 3226 991 τῷ
3253 923 3447 990 Δαὸὶδ,
3496 924 3650 978 τοῦτο
3700 953 3716 965 κ

2075 1014 2169 1066 καὶ
2203 1012 2297 1066 νῦν
2325 1015 2354 1065 6
2390 1014 2696 1082 προφήτης.

2145 1107 2301 1160 Διότι
2325 1104 2762 1171 ἐξαπέστειλας
2793 1107 2876 1159 σὺ
2925 1107 3114 1176 ἄνδρα
3136 1107 3425 1176 ὀλέθριον.
3461 1107 3652 1160 Φιλαν-

2074 1197 2323 1268 θρωπίας
2369 1199 2554 1252 ἀδίκου
2586 1199 2742 1268 δίκην
2782 1200 2987 1269 Ἀχαὰϐ
3032 1199 3392 1271 εἰσεπράχθη.
3427 1203 3522 1253 Δεῖ
3548 1203 3651 1271 γάρ

2072 1287 2276 1358 ταύτην
2299 1287 2442 1358 ἔχειν
2488 1288 2548 1341 τὸ
2585 1289 2814 1343 δίκαιον.
2869 1289 3038 1352 Αὐτὸς
3062 1289 3120 1343 δὲ
3171 1289 3418 1361 ὠμότητι
3449 1292 3653 1361 χρησά-

2075 1398 2236 1452 μενος
2260 1380 2403 1435 κατὰ
2445 1381 2556 1434 τῶν
2599 1381 2918 1452 προφητῶν,
2947 1383 3042 1434 κα)⁵
3079 1382 3291 1444 πάντας
3351 1383 3525 1453 ἄρδην
3556 1386 3649 1436 ἀν-

2073 1475 2214 1526 ελεῖν
2269 1472 2554 1543 βουληθεὶς
2575 1511 2589 1535 ,
2637 1474 2733 1525 καὶ
2760 1474 2885 1536 τοὺς
2916 1473 3134 1536 ἑλόντας
3179 1473 3389 1529 ἀνελὼν
3421 1475 3649 1539 πάντας,

2071 1565 2200 1635 περὶ
2228 1565 2317 1618 τὸν
2351 1564 2442 1617 τοῦ
2485 1564 2705 1636 Ἰσραὴλ
2731 1565 2993 1636 πολέμιον
3030 1565 3347 1636 τὺ’ἧμερον
3401 1565 3605 1629 ἔδειξεν
3635 1608 3648 1629 ,

2071 1659 2154 1710 ὃτι
2177 1658 2235 1712 δὲ
2262 1657 2488 1711 πλεῖστα
2517 1659 2794 1729 ἐξήμαρτε
2830 1659 2918 1714 διὰ
2954 1660 3055 1731 τὴν
3091 1658 3342 1727 εὐκολίαν
3375 1660 3478 1731 τῆς
3516 1659 3653 1728 γνώ-

2074 1769 2202 1821 μης,
2231 1751 2300 1806 τὰ
2327 1742 2469 1822 ἑξῆς
2490 1754 2780 1823 μαρτυρεῖ.

3654 1337 3682 1368 δ

2138 2029 2296 2094 Πρὸς
2325 2022 2494 2080 οἷκον
2544 2023 2730 2077 αὐτοῦ
2782 2020 3256 2092 συγκεχυμένος.
3306 2020 3514 2088 Πεῖραν
3547 2017 3652 2086 γὰρ

2065 2120 2203 2190 ἔχων
2243 2117 2350 2172 τῶν
2384 2117 2542 2170 θείων
2567 2114 2927 2188 προρρήσεων
2989 2113 3111 2180 (δὶς
3156 2113 3265 2182 γὰρ
3303 2109 3529 2180 ἐνίκησε
3559 2126 3652 2162 κα-

2064 2214 2132 2266 τὰ
2177 2213 2303 2274 τοὺς
2353 2206 2716 2280 χρησμοὺς),
2771 2208 2867 2276 τὴν
2928 2205 3385 2276 προσενεχθεῖσαν
3447 2203 3651 2255 ἔδεισεν

2065 2303 2316 2374 ἀπειλήν.
2359 2302 2498 2355 Ἀλλ’
2531 2301 2692 2364 εὐθὺς
2717 2300 2878 2354 πάλιν
2927 2300 3006 2361 εἰς
3027 2297 3128 2368 τὴν
3153 2296 3362 2356 οἰκείαν
3411 2290 3650 2361 ἐπανῆλ-

2065 2397 2157 2448 θεν
2191 2396 2467 2450 ἀσέϐειαν.

2657 2484 2907 2538 ΚΕΦΑΛ.
2936 2482 3066 2537 KB'.

2135 2575 2342 2642 Καθὼς
2385 2575 2489 2638 σὺ,
2541 2573 2728 2638 οὕτως
2773 2571 2880 2639 καὶ,
2925 2568 3061 2638 ἐγώ.
3106 2569 3187 2622 Τὰ
3217 2567 3358 2621 αὐτὰ
3408 2566 3496 2620 σοὶ
3525 2566 3655 2658 δρᾶ-ι

2066 2689 2165 2736 σω,
2222 2671 2405 2740 φησίν.
2454 2669 2540 2732 Ὠς
2596 2667 2920 2739 παρατάττῃ
2948 2662 3427 2760 ,παρατάττομαις
3456 2661 3646 2760 Kal-6

2063 2762 2192 2825 λαός
2224 2777 2317 2814 σου
2348 2759 2596 2828 πολεμεῖ,
2638 2759 2733 2811 καὶ
2761 2760 2788 2810 ὁ
2823 2756 2975 2827 ἐμός.
3010 2753 3222 2818 Ἔδειξε
3251 2753 3308 2806 δὲ
3350 2751 3524 2806 αὑτοῦ
3550 2749 3646 2818 τὴν

2063 2851 2402 2922 εὐσέϐειανή
2442 2848 2654 2920 Γραφὴ,
2689 2848 2738 2900 εἰ
2771 2847 2864 2901 καὶ
2892 2844 3098 2915 ταύτην
3126 2845 3440 2913 ὲλυμηνατο
3473 2841 3641 2910 φιλία,

2063 2944 2160 2997 καὶ
2197 2942 2486 3011 συγγένεια
2509 2939 2605 2995 τοῦ
2641 2938 2863 3010 Ἀχαὰ6,
2919 2937 2992 3001 ὡς
3036 2940 3093 2991 έν
3133 2936 3645 3009 Παραλειπομέναις

385 3008 845 3079 Paralipomenon
905 3014 1107 3084 legitur
1134 3057 1146 3080 ,
1196 3031 1314 3072 eam
1344 3021 1618 3078 vitiaverit
1674 3035 1727 3082 et
1773 3044 1962 3085 corru-
1990 3039 2034 3096 (1
2067 3035 2250 3107 φησίν.

385 3104 518 3170 perit
533 3141 549 3155 .

461 3196 624 3250 Vens.
661 3197 747 3252 15.
784 3200 1038 3270 Ascende,
1071 3214 1119 3258 et
1154 3223 1453 3263 successum
1496 3210 1643 3266 dabit
1682 3213 1958 3271 Dominus.

383 3281 740 3359 i‘lxspcctarit
772 3289 948 3345 donec
987 3292 1304 3362 juramento
1350 3297 1682 3369 adigeretur,
1729 3314 1786 3358 nt
1831 3313 1962 3362 tunc

383 3377 906 3435 dctnunn'eritatcm
968 3384 1257 3450 proferret.
1321 3387 1457 3443 Nam
1512 3395 1960 3463 quandoquidem

380 3467 568 3522 Achab
613 3471 964 3537 existimabat
1014 3477 1336 3545 prophetam
1368 3495 1434 3534 ex
1488 3483 1614 3536 odio
1668 3485 1842 3539 tristia
1909 3495 1963 3541 et

381 3555 620 3614 infelicia
650 3561 974 3631 prwdicere,
995 3568 1231 3636 primum
1288 3571 1420 3625 dicit
1451 3589 1572 3642 quae
1604 3584 1755 3645 grata
1781 3588 1956 3645 erant,

383 3664 570 3719 postea
591 3654 819 3712 adactus
848 3657 1232 3730 jurejurando,
1263 3679 1384 3733 qua:
1433 3665 1714 3730 divinitus
1732 3670 1780 3725 ei
1813 3686 1964 3728 reve-

384 3743 491 3794 lata
522 3754 704 3810 erant,
731 3748 972 3816 aperuit,

455 3834 740 3905 Vans.17_
791 3841 1247 3907 Quemadmodum
1306 3821 1421 3906 oues
1471 3870 1588 3924 qua:
1639 3871 1742 3910 non
1769 3857 1960 3913 habent

380 3940 669 3997 pastorem.
705 3934 801 3992 llis
854 3940 1038 3996 verbis
1067 3946 1332 4011 ostendit,
1380 3949 1526 4019 quod
1559 3961 1780 4021 propter
1817 3954 1960 4024 regis

380 4024 652 4078 malitiam
700 4027 914 4083 cladem
970 4035 1252 4102 accepturi
1306 4036 1440 4093 sint.
1505 4041 1560 4093 Si
1611 4045 1756 4096 cnim
1808 4043 1958 4098 nacti

383 4119 620 4174 fuissent
664 4122 815 4191 pium
873 4131 927 4178 et
987 4125 1311 4196 religiosum
1372 4145 1666 4200 paStoretn,
1712 4147 1962 4205 potenter

382 4210 574 4268 hostes
604 4213 874 4268 vicissent
899 4222 953 4270 et
996 4216 1408 4289 proﬂigassent,

444 4302 721 4368 VsnsJS,
767 4304 892 4360 Non
952 4308 1278 4363 vaticinatur
1335 4311 1421 4364 hic
1487 4313 1615 4367 mihi
1671 4315 1828 4381 bona,
1867 4316 1957 4371 sed

2148 3215 2475 3279 ’Ava'oawe,
2527 3217 2626 3270 καὶ
2680 3214 2965 3270 εὐοδώσει
3033 3215 3270 3282 Κύριος.
3330 3213 3644 3281 ’Δνέμεινεν

2065 3310 2397 3381 ὁρκωθῆναι,
2432 3305 2529 3362 εἷθ’
2559 3307 2701 3361 οὕτω
2732 3307 2896 3377 φάναι
2938 3306 3000 3358 τὸ
3028 3303 3248 3374 ἀληθές.
3294 3302 3518 3374 Ἐπειδὴ
3543 3303 3645 3371 γὰρ

2066 3401 2449 3471 ὑπελάμόανεν
2495 3398 2698 3470 Ἀχαὰὸ
2747 3399 2834 3451 διὰ
2881 3400 3039 3468 μῖσος
3068 3397 3158 3450 τὸν
3190 3397 3484 3466 προφήτην
3513 3411 3645 3465 προ-

2063 3495 2242 3562 λέγειν
2273 3493 2338 3546 τὰ
2367 3491 2605 3561 λυπηρά,
2647 3491 2861 3560 πρῶτον
2901 3487 3021 3542 εἷπε
3063 3488 3130 3544 τὰ
3157 3488 3496 3558 καταθύμια,
3531 3483 3646 3540 εἶτα

2064 3584 2335 3657 ὁρκωθεὶς
2357 3584 2426 3638 τὰ
2455 3584 2575 3638 θεῖα
2603 3583 2940 3653 μεμήνυκεν.

2145 3855 2241 3923 Ὠς
2285 3855 2568 3923 πρόϐατα,
2606 3846 2698 3918 οἷς
2726 3851 2838 3905 οὐκ
2881 3852 3016 3902 ἐστι
3054 3845 3303 3916 ποιμήν.
3347 3844 3515 3914 Δηλοῖ
3558 3839 3642 3895 διὰ

2064 3949 2293 4010 τούτων,
2327 3948 2403 4010 ὡς
2431 3947 2463 4016 ὴ
2492 3945 2705 3998 ἐκείνου
2734 3941 2968 4012 πονηρία
2995 3941 3096 4010 τὴν
3123 3936 3290 4007 ἧτταν
3329 3937 3638 4040 ἐργάζεται.

2064 4043 2126 4094 Εἰ
2165 4041 2274 4111 γὰρ
2315 4039 2573 4107 ποιμένος
2614 4036 2802 4105 ἔτυχον
2829 4031 3112 4095 εὐσεϐοῦς,
3150 4029 3293 4111 κατά
3323 4029 3530 4099 κρὰτος
3579 4029 3640 4079 ἂν

2063 4135 2191 4198 τοὺς
2229 4130 2528 4201 πολεμίους
2561 4130 2840 4198 ἐνίκησαν.

2132 4312 2214 4364 Οὐ
2245 4308 2604 4378 προφητεύει
2645 4301 2823 4371 οὗτός
2851 4321 2955 4373 μοι
2988 4307 3166 4367 καλὰ,
3224 4299 3354 4356 du”
3394 4304 3434 4369 ἢ
3468 4298 3638 4355 κακά.

378 4395 545 4451 mala.
592 4395 861 4466 Iosephus
895 4399 1089 4454 scribit
1139 4399 1420 4456 Micbmam
1462 4404 1614 4458 illum
1647 4405 1840 4471 fuisse,
1864 4410 1958 4477 qui

2083 4404 2142 4458 '0
2177 4401 2490 4470 ἰώσηππος
2520 4401 2612 4452 τὸν
2653 4398 2890 4467 Μιχαίαν
2926 4397 3128 4467 ἔφησεν
3177 4392 3316 4448 εἷναι
3339 4436 3351 4458 ,
3409 4394 3502 4448 τὸν
3547 4391 3639 4462 ήδη

372 4487 484 4554 jam
536 4499 663 4544 ante
713 4491 848 4544 vitta
905 4508 1040 4548 usus
1074 4503 1184 4558 est,
1245 4503 1300 4549 et
1345 4496 1572 4551 Ach-abo
1619 4499 1793 4553 tristia
1823 4516 1960 4569 prte-

378 4579 558 4635 dixit:
598 4581 764 4649 idque
816 4582 946 4637 hinc
997 4585 1326 4655 conji-eiens,
1358 4590 1523 4658 (quod
1567 4591 1753 4645 Achab
1789 4592 1953 4646 dicit:

2069 4496 2335 4567 πρότερον
2364 4493 2443 4563 τῷ
2481 4489 2752 4561 τελαμῶνι
2793 4488 3163 4589 χρησάμενον,
3188 4489 3284 4539 καὶ
3326 4486 3398 4539 τὰ
3417 4483 3642 4589 λυπηρὰ

2065 4588 2142 4658 τῷ
2176 4584 2382 4656 Ἀχαὰὸ
2416 4583 2872 4653 προαγγεῖλαντα,
2899 4578 3332 4649 τεκμαιρόμενος
3373 4578 3454 4647 τῷ
3484 4578 3638 4645 φάναι

3895 2671 3897 2704 l

3896 3107 3897 3128 ι

3896 3147 3897 3182 t

3896 3193 3897 3224 ι

3896 3233 3897 3312 l

3896 3355 3897 3412 ἓ

386 4693 405 4724 ‹
455 4670 560 4728 Odi
616 4689 741 4729 eum
802 4674 933 4742 quia
988 4690 1096 4730 non
1158 4677 1404 4746 loquitur
1457 4681 1523 4734 de
1556 4697 1641 4734 me
1671 4681 1832 4748 bona,
1862 4684 1955 4738 sed

2076 4679 2155 4732 τὸν
2195 4675 2420 4747 Ἀχαὰϐ,
2444 4677 2525 4728 ὅτι
2562 4672 2891 4742 (Μεμίσηκα
2913 4671 3098 4735 αὑτὸν,
3128 4671 3210 4723 ὅτι
3238 4669 3297 4721 οὺ
3323 4668 3473 4737 λέγει
3521 4664 3639 4736 περὶ

381 4767 546 4819 mala.
596 4783 614 4818 ι
2065 4773 2201 4844 ἐμοῦ
2233 4770 2471 4838 τάγαθὰ,
2506 4767 2622 4824 ἀλλ’
2656 4766 2689 4837 ἢ
2723 4765 2890 4819 κακά.
2925 4783 2944 4816 ι
3103 4855 3115 4867 ⁸
3298 4853 3308 4867 1
3387 4854 3434 4867 h
3557 4850 3568 4867 ρ

454 4856 618 4924 Vens,
648 4857 740 4915 20.
783 4858 848 4914 Et
871 4860 1008 4915 dixit
1047 4859 1486 4928 Dominus:Quis
1503 4861 1720 4932 decipiet
1735 4862 1910 4917 Achab
1935 4863 1960 4914 .9

2097 4901 2100 4904 ι
2134 4864 2241 4918 Καὶ
2275 4859 2446 4918 εἶπεν
2487 4861 2720 4929 Κύριος..
2793 4857 2889 4924 Τίς
2919 4855 3219 4924 ἀπατήσει
3251 4853 3357 4907 τὸν
3387 4851 3637 4965 ἰξχαὰὂξ

375 4948 774 5019 Ρτοεορορωίιι
804 4959 911 5016 est,
949 4950 1157 5006 docens
1213 4958 1269 5006 et
1311 4953 1608 5008 ostendens
1633 4954 1957 5022 permissio-

2076 4957 2508 5032 Προσωποποιία,
2558 4955 2884 5008 διδάσκουσα
2933 4953 3033 5022 τὴν
3069 4951 3220 5005 θείαν
3275 4949 3634 5020 συγχώρησιν.

2217 5051 2229 5060 .
2339 5051 2351 5060 .
2401 5049 2442 5060 ..
2501 5047 2549 5060 ..
2628 5046 2714 5060 η.
2895 5043 2909 5060 .
3008 5044 3033 5054 η
3115 5042 3160 5060 ,η
3213 5042 3294 5060 ,υ
3349 5058 3360 5060 _
3401 5041 3609 5060 “4--.-

377 5056 502 5095 nem
567 5041 853 5109 divinam;
913 5041 1182 5098 Dominus
1236 5045 1534 5116 enim,qui
1573 5062 1743 5101 verax
1769 5055 1874 5112 est,
1905 5057 1960 5100 et

2076 5053 2142 5106 Οὐ
2171 5051 2279 5122 γὰρ
2330 5051 2358 5101 6
2389 5047 2597 5118 ἀληθὴς
2625 5046 2791 5110 Θεὸς,
2825 5043 2920 5097 κα)⁸
2971 5044 3070 5134 τῆς
3105 5042 3362 5134 άληθεᾼίας
3397 5041 3636 5134 διθάσκαί

375 5134 628 5190 veritatis
686 5136 932 5202 doctor,
989 5151 1099 5191 non
1176 5137 1468 5208 imperavit
1530 5149 1589 5195 ut
1657 5138 1966 5209 decipiatur

2076 5145 2180 5205 λος,
2215 5139 2581 5211 προσέταττεν
2615 5134 2966 5204 ἀπατηθῆναι
2996 5133 3087 5186 τὸν
3124 5131 3351 5202 Ἀχαὰ6,
3390 5131 3530 5242 ρδια
3550 5131 3635 5242 τοῦ

374 5230 587 5295 Achab,
622 5231 716 5301 qui
749 5247 844 5300 per
899 5232 1218 5302 praphelatn
1254 5233 1433 5290 dixit:
1477 5254 1495 5286 ι
1533 5235 1732 5289 Annon
1780 5233 1966 5286 Domi-

2076 5232 2352 5303 προφήτου
2409 5227 2619 5282 εἰπών·
2659 5246 2676 5277 ι
2725 5226 2789 5279 Εἰ
2849 5224 3052 5294 κυρίως
3105 5223 3260 5276 αὐτοὶ
3310 5222 3445 5293 πρὸς
3481 5219 3633 5277 Θεόν;

379 5335 482 5374 nus
513 5320 598 5375 his
636 5321 689 5373 in
743 5320 954 5377 Deum?
999 5334 1309 5380 revertatur
1365 5327 1602 5396 quisque
1648 5326 1704 5379 in
1736 5325 1961 5379 domum

379 5427 534 5465 snam
562 5411 614 5464 in
669 5425 830 5480 pace,
861 5432 879 5464 ι
913 5412 1012 5469 llis
1062 5414 1231 5485 igitur
1278 5415 1470 5469 docuit
1497 5415 1785 5485 propheta,
1819 5413 1967 5484 quod

379 5507 608 5576 spiritus
647 5505 1012 5574 deceptionis,
1057 5509 1149 5577 qui
1178 5511 1362 5578 impiis
1394 5509 1715 5563 hominibus
1746 5523 1843 5576 pro
1874 5523 1970 5560 or-

380 5595 540 5664 ganis
596 5603 651 5650 et
711 5597 1099 5654 instrumentis
1145 5600 1353 5666 utitur,
1422 5599 1761 5654 mendaciter
1790 5597 1966 5653 victo-

379 5690 515 5749 riam
552 5690 853 5756 promittat.
922 5691 1234 5764 ilocautem
1274 5693 1329 5747 Iit
1359 5733 1372 5759 ,
1419 5693 1524 5747 lico
1567 5691 1915 5762 permittente
1950 5709 1962 5759 ;

2082 5320 2515 5390 Ἀποστραφήτω
2550 5318 2607 5370 δὲ
2645 5317 2875 5378 ἕκαστος
2916 5317 2996 5376 είς
3044 5313 3137 5366 τὸν
3179 5309 3344 5366 αὑτοῦ
3395 5307 3536 5363 οἷκον
3583 5306 3634 5356 ἐν

2071 5415 2286 5484 εἰρήνῃ.
2324 5431 2342 5463 ι
2406 5412 2504 5464 Διὰ
2553 5410 2758 5462 τούτων
2786 5407 2966 5461 τοίνυν
3009 5408 3038 5458 6
3071 5408 3358 5504 προφήτης
3389 5400 3630 5504 ἐδίδαξεῖο

2075 5507 2150 5568 ὡς
2179 5507 2240 5558 τὸ
2267 5504 2486 5575 πνεῦμα
2515 5502 2616 5571 τῆς
2657 5501 2893 5570 ἀπάτης,
2930 5499 3182 5570 ὀργάνοις
3225 5496 3504 5568 χρώμενον
3534 5496 3633 5550 τοῖς

2077 5588 2393 5653 δυσσεϐέσιν
2425 5594 2732 5664 ἀνθρώποις
2755 5634 2770 5660 ,
2815 5591 3027 5662 ψευδῶς
3069 5592 3408 5660 ὑπισχνεῖται
3437 5588 3530 5656 τὴν
3559 5582 3630 5634 νί-

2081 5709 2203 5764 κην.
2254 5688 2424 5744 Τοῦτο
2475 5689 2527 5742 δὲ
2575 5689 2786 5758 γίνεται
2836 5685 2929 5738 τοῦ
2981 5684 3132 5759 Θεοῦ.
3173 5677 3625 5754 συγχωρήσαντος.
