4018 6230
270 283 394 355 ῙῙΠ

1106 320 1114 328 -
1219 269 1754 363 COMMENTARH
1780 303 1862 365 IN
1904 306 2050 367 LIB.
2085 308 2180 368 111
2214 308 2511 370 REGUM.

3401 314 3541 381 1173

259 398 518 453 Κωλῦσαι
550 398 659 470 γὰρ
690 400 989 497 δυνάμενος
1023 370 1124 460 οὐκ
1167 408 1461 464 ἐκώλυσεν.
1510 412 1833 482 Ἐπειδήπερ

1947 430 2072 470 cum
2098 420 2244 471 etaim
2274 418 2573 487 prohibere
2604 423 3014 491 potuisset,n0n
3036 426 3540 497 prohibuit.Achab

254 490 284 541 ό
317 487 521 557 ’Δχαὰσ
561 489 661 559 τῆς
693 488 845 555 θείας
880 487 949 562 ἦν
998 495 1325 566 κηδεμονίας
1373 499 1610 566 ἀνάξιος.
1654 500 1842 571 Τούτῳ

252 578 309 632 δὲ
332 579 520 648 ὅμοιον
561 579 624 633 τὸ
654 580 760 635 ὑπὸ
786 582 1000 636 Παύλου
1021 585 1337 656 λεγόμενον-
1371 609 1389 643 ι
1418 592 1634 663 Πέμψει
1660 596 1689 646 ό
1711 593 1842 658 Θεὸς

257 666 542 738 ἐνέργειαν
574 670 784 738 πλάνης
825 675 938 737 τοῖς
970 675 1072 746 τήν
1112 677 1376 749 ἀλήθειαν
1418 682 1479 735 οὐ
1527 683 1841 751 παραδεξα-

256 758 461 829 μένοις.
493 778 514 813 ι
554 760 695 812 ’Δλλ’
739 761 1028 832 ἑρμηνεῖαι
1070 766 1171 835 τῆς
1208 768 1302 822 τοῦ
1336 768 1473 823 Θεοῦ
1530 769 1840 842 βουλήσεως

251 850 613 919 τυγχάνουσιν
644 853 700 904 αἱ
734 854 1013 918 όπτασίαι,
1056 858 1155 929 οὐχ
1184 860 1322 932 ὅπερ
1358 861 1509 916 ἐστὶν
1538 864 1702 917 αὐτὸν
1731 865 1839 918 δει-

250 941 532 1005 κνύουσαι,
566 947 900 1013 σωματικοῖς
931 946 989 1000 δὲ
1037 950 1304 1019 σχήμασι,
1351 952 1448 1006 καὶ
1477 954 1837 1025 ἀνθρωπίνοις

247 1035 450 1104 λόγοις,
495 1032 856 1088 διατυποῦσαι
907 1035 1009 1101 τὰς
1067 1037 1164 1091 τοῦ
1212 1038 1349 1093 Θεοῦ
1393 1038 1728 1110 οἰκονομίας,
1762 1042 1837 1104 ὡς

249 1128 414 1192 αὐτὸς
455 1131 484 1183 ό
511 1128 646 1193 Θεός
680 1143 848 1200 φησιν
879 1143 895 1159 ·
933 1145 952 1179 ι
984 1128 1127 1197 Ἐγὼ
1153 1131 1376 1199 ὁράσεις
1406 1132 1708 1203 ἐπλήθυνα,
1744 1133 1838 1185 καὶ

245 1221 306 1273 ἐν
333 1220 492 1289 χερσὶ
539 1217 839 1291 προφητῶν
888 1217 1201 1289 ὡμοιώθην.
1239 1238 1259 1269 ι
1299 1218 1414 1272 Οὐκ
1458 1220 1624 1283 αὐτὸς
1654 1220 1836 1289 φαίνε-

243 1329 359 1376 ται,
386 1305 758 1382 ἀλλ’όράσεις
805 1309 1093 1381 πληθύνει.
1141 1311 1251 1364 Καὶ
1296 1312 1550 1382 ὁμοίωμα
1595 1312 1834 1366 δείκνυσι

242 1405 358 1468 τοῖς
387 1405 716 1475 προφήταις,
745 1402 1024 1474 βασιλείας
1059 1401 1179 1473 μὲν,
1211 1402 1340 1456 ὅταν
1373 1404 1465 1457 ἐπὶ
1481 1402 1671 1473 θρόνου
1700 1405 1834 1456 καθ-

241 1497 504 1568 εζόμενον
529 1499 722 1570 ὁρῶσι,
749 1499 843 1554 καὶ
878 1500 1006 1570 περὶ
1036 1496 1200 1552 αὑτὸν
1222 1497 1322 1565 τὴν
1346 1497 1601 1567 οὐράνιον
1663 1513 1834 1567 στρα-

240 1591 365 1646 τιάν
388 1606 403 1623 ⁸
435 1590 674 1661 κρίσεως
707 1592 786 1657 δέ,
804 1594 934 1646 ὅταν
969 1591 1155 1647 πολιὸν
1181 1589 1441 1661 βλέπωσι,
1470 1588 1685 1654 λευκοῖς
1714 1591 1832 1661 ίμα·

238 1681 382 1745 τίοις
406 1681 803 1753 κοσμούμενον,
832 1683 921 1738 διὰ
954 1683 1017 1737 τὸ
1044 1683 1144 1753 τῆς
1174 1682 1415 1752 κρίσεως
1436 1681 1600 1751 σοφόν
1622 1697 1681 1736 τε
1711 1681 1830 1752 ἅμα

1952 505 2100 559 enim
2129 506 2390 577 indignus
2423 517 2564 574 erat,
2600 511 2763 580 cujus
2796 530 2985 569 curam
3040 516 3181 571 Deus
3209 518 3533 596 susciperet_

1948 594 2065 650 lloe
2100 606 2283 650 autem
2323 598 2507 653 simile
2539 608 2622 655 est
2668 600 2796 657 huic
2826 604 2971 672 quod
3024 620 3052 659 a
3088 605 3488 669 Paulodicitur
3519 594 3531 655 Ξ

1955 704 1975 736 ι
2021 685 2197 740 Mittet
2262 688 2374 743 illis
2428 688 2574 745 Deus
2603 689 2904 747 eﬂicaciam
2935 698 3168 761 erroris,
3201 699 3294 767 qui
3327 699 3534 754 verita-

1945 780 2053 830 tem
2079 791 2187 829 non
2240 788 2563 847 receperunt
2588 780 2654 845 ⁸⁸,
2690 799 2709 833 ι
2777 781 3051 839 Caeterum
3094 787 3335 843 visiones
3357 789 3533 859 expli-

1944 866 2193 921 cationes
2226 874 2356 922 sunt
2384 870 2607 925 consilii
2638 869 2753 926 Dei.
2784 871 2904 927 Non
2940 877 3233 948 quod-ipse
3274 863 3346 943 id,
3383 878 3533 949 quod

1941 962 2046 1021 est,
2097 958 2388 1012 ostendat:
2452 960 2705 1029 corporis
2736 971 2920 1018 autem
2962 965 3173 1034 tiguris,
3207 976 3262 1021 ct
3288 968 3532 1024 humano

1940 1064 2096 1103 more
2120 1049 2314 1107 eliietis
2338 1054 2688 1110 sermonibus
2718 1058 2994 1126 exprimit,
3031 1066 3085 1113 et
3119 1061 3389 1116 describit
3432 1060 3525 1117 Dei

1938 1139 2436 1208 dispensationem.
2476 1141 2951 1208 Quemadmodum
3020 1148 3164 1206 Deus
3212 1151 3331 1222 ipse
3361 1152 3524 1210 dicit:

1902 1278 1907 1283 .
1945 1248 1961 1280 ι
2005 1230 2115 1299 Ego
2149 1230 2390 1285 visiones
2422 1233 2812 1303 multiplicavi,
2876 1246 2928 1291 et
2997 1254 3091 1308 per
3130 1256 3353 1296 manum
3399 1258 3527 1312 pro-

1936 1320 2225 1389 phetarum
2286 1322 2627 1377 assimilatus
2662 1340 2783 1379 sum
2807 1326 2874 1380 ”.
2908 1345 2926 1378 )
2983 1327 3099 1383 Non
3133 1331 3250 1400 ipse
3274 1330 3522 1402 apparet,

1937 1411 2033 1468 sed
2065 1412 2309 1467 visiones
2339 1414 2705 1484 multiplicat,
2732 1428 2785 1471 et
2831 1419 3252 1476 similitudinem
3280 1424 3522 1479 ostendit

1935 1502 2244 1573 prophetis,
2274 1502 2455 1574 ~regni
2517 1505 2763 1574 quidem,
2819 1507 2865 1563 si
2904 1509 2959 1562 in
3006 1510 3209 1566 throno
3243 1512 3521 1568 sctlcntem

1932 1593 2142 1669 vident,
2168 1602 2224 1648 et
2256 1594 2403 1649 circa
2439 1608 2563 1647 eum
2595 1598 2878 1652 caelestem
2916 1601 3226 1654 exercitum
3254 1620 3269 1668 ;
3326 1602 3519 1672 jndicii

1933 1698 2085 1751 vero,
2105 1686 2330 1754 quando
2368 1700 2568 1740 canum
2608 1688 2814 1754 vident,
2880 1690 3023 1745 albis
3078 1692 3325 1759 vestibus
3358 1700 3523 1747 orn‘a-

241 1774 340 1827 καὶ
365 1772 622 1842 καθαρόν.
675 1776 816 1845 Ὀρᾷ
858 1776 953 1828 καὶ
1001 1774 1275 1846 Ζαχαρίας
1319 1774 1557 1845 ἀνέμους
1620 1772 1833 1844 ἀνθρωι

1937 1782 2073 1843 tum,
2102 1785 2325 1846 propter
2385 1776 2582 1846 judicii
2638 1793 2746 1832 non
2814 1782 3164 1849 prudentiam
3204 1785 3387 1847 modo,
3424 1785 3520 1840 sed

244 1864 380 1937 πίνῃ
396 1865 547 1935 φωνῇ
573 1868 910 1937 χρωμένους·
935 1885 954 1918 ι
984 1867 1096 1920 Καὶ
1115 1864 1559 1937 περιοδεύσωμεν
1586 1865 1686 1938 τὴν
1705 1866 1829 1937 γῆν,

244 1952 526 2022 λέγοντας,
560 1957 654 2009 καὶ
683 1955 793 2010 ίδοὺ
820 1957 971 2011 πᾶσα
996 1958 1030 2026 ἡ
1064 1956 1140 2026 γῆ
1188 1960 1549 2011 κατοικεῖται.
1573 1968 1604 2010 ἰ
1641 1958 1831 2012 Καθά-

241 2062 352 2116 περ
376 2047 485 2118 γάρ
513 2049 571 2101 ἐν
593 2047 771 2101 είκόσι
796 2053 1033 2120 γραφεῖς
1062 2051 1296 2122 πόλεμόν
1341 2068 1401 2103 τε
1444 2050 1541 2104 καὶ
1578 2051 1827 2124 είρήνην,

240 2138 403 2209 νίκην
434 2140 529 2194 καὶ
554 2139 760 2209 φιλίαν,
792 2143 889 2195 καὶ
935 2142 1037 2196 ὅσα
1080 2140 1238 2209 ἀλλα,
1274 2141 1709 2213 σχηματίζουσιν
1749 2144 1829 2207 είς

238 2229 596 2301 ἀνθρωπείων
630 2233 902 2303 σωμάτων
927 2234 1166 2300 εἰκόνας,
1194 2234 1310 2298 τοῖς
1335 2233 1600 2299 τοιούτοις
1637 2234 1831 2305 ὁμοιῶ-

239 2339 377 2392 μασι
403 2324 466 2377 τδ
496 2323 744 2396 βούλημα
770 2324 1079 2390 δεικνύντες
1104 2327 1532 2401 ἐναργέστερον·
1574 2328 1716 2382 κατά
1760 2328 1829 2382 τὰ
1868 2320 1891 2405 λ

236 2415 383 2468 αύτά
435 2417 531 2469 καὶ
574 2417 636 2470 τὸ
687 2417 915 2488 Πνεῦμα
960 2420 1022 2472 τὸ
1066 2419 1223 2488 ἀγιον
1275 2423 1583 2493 προφήταις
1621 2438 1681 2475 τε
1732 2422 1829 2476 καὶ

235 2508 562 2573 ἀποστόλοις
595 2509 656 2563 τὸ
695 2509 911 2582 θέλημα
939 2512 1035 2565 τοῦ
1070 2513 1228 2579 Θεοῦ,
1262 2515 1358 2568 καὶ
1388 2515 1489 2585 τὴν
1522 2515 1699 2581 δόξαν,
1732 2517 1828 2568 καὶ

232 2598 341 2667 τὴν
363 2599 704 2670 οίκονομίαν,
733 2601 829 2655 καὶ
872 2600 973 2672 τὴν
1000 2603 1140 2672 ἀρὰν
1170 2604 1269 2675 τὴν
1300 2605 1445 2659 κατά
1484 2606 1593 2659 τῶν
1642 2608 1827 2677 ἐπιόρ-

236 2704 377 2757 κων,
402 2690 496 2744 καὶ
518 2690 724 2763 ἐτέρων
743 2692 928 2762 τινῶν,
958 2695 983 2746 ἐ
992 2694 1272 2767 μψύχωνῆ
1298 2696 1543 2766 ἀψύχων,
1571 2699 1665 2753 καὶ
1688 2699 1826 2770 ὅπερ

236 2780 493 2851 βούλεται
524 2784 624 2852 μὲν
646 2785 675 2837 ό
704 2782 838 2847 Θεὸς
880 2783 1193 2855 πληρῶσαι,
1236 2787 1292 2840 αί
1322 2787 1378 2841 δὲ
1408 2788 1535 2859 ἑξῆς
1569 2789 1827 2859 δυνάμεις

234 2871 561 2943 πληροῦσιν,
584 2872 618 2944 ἢ
645 2875 745 2928 ὅσα
772 2874 949 2947 τολμᾷ
983 2876 1083 2946 μὲν
1108 2878 1137 2930 ό
1157 2877 1403 2941 διάϐολος
1429 2878 1823 2945 ἐπιϐουλεύειν,

234 2968 519 3035 συγχωρεῖ
544 2965 601 3019 δὲ
636 2967 664 3019 ό
686 2967 842 3034 Θεὸς,
869 2966 1044 3023 ταῦτα
1073 2972 1238 3023 τυποῖ
1266 2970 1353 3025 διὰ
1379 2971 1491 3025 τῶν
1520 2972 1823 3037 όπτασιῶν,

1935 1874 1991 1921 et
2045 1866 2362 1937 puritatem.
2421 1865 2721 1923 Zacharias
2780 1870 2945 1923 etiam
2977 1871 3125 1925 videt
3176 1874 3521 1939 ventos,liu-

1933 1971 2095 2011 mana
2132 1971 2265 2013 voce
2320 1965 2563 2022 utentes,
2618 1967 2672 2013 et
2707 1960 2998 2017 dicentes:
3036 1979 3055 2012 ι
3101 1962 3520 2021 Circumeamus

1935 2054 2159 2115 terram,
2188 2057 2244 2104 et
2272 2063 2399 2103 ecce
2439 2048 2698 2105 universa
2725 2060 2871 2105 terra
2910 2052 3174 2107 incolitur
3194 2054 3290 2107 ⁸⁸.»
3317 2054 3520 2121 Quem-

1930 2137 2226 2195 admodum
2301 2139 2446 2195 enim
2516 2139 2757 2210 pictores
2809 2144 2864 2197 in
2925 2143 3261 2217 imaginibus
3314 2148 3517 2204 bellum

1927 2238 1982 2286 et
2007 2244 2215 2300 pacem,
2275 2230 2563 2307 victoriam
2619 2238 2674 2286 et
2705 2233 3033 2301 amicitiam,
3084 2245 3139 2292 et
3171 2253 3518 2310 quacunque

1928 2320 2036 2377 alia
2072 2321 2337 2392 ellingunt
2373 2323 2424 2375 in
2466 2322 2735 2393 imagines
2764 2324 3153 2381 .humanorum
3197 2344 3512 2399 corporum,

1929 2412 2311 2482 hujuscemodi
2346 2414 2811 2496 similitudinibus
2887 2420 3180 2476 c0nsilium
3222 2431 3274 2478 et
3314 2438 3516 2494 propo-

1929 2503 2098 2558 situm
2158 2496 2339 2559 suum
2386 2506 2701 2564 evidentius
2760 2509 3166 2580 ostendentes;
3225 2514 3301 2567 ita
3350 2516 3514 2574 etiam

1930 2592 2174 2662 Spiritus
2212 2604 2438 2651 sanctus
2506 2598 2793 2667 prophetis
2829 2606 2882 2654 et
2936 2602 3206 2670 apostolis
3263 2604 3515 2660 volunta~

1928 2694 2039 2739 tem
2079 2687 2197 2752 Dei,
2233 2696 2281 2742 et
2341 2688 2595 2758 gloriam,
2652 2699 2707 2745 et
2741 2690 3234 2762 dispensationem,
3270 2706 3323 2750 et
3350 2697 3518 2752 male-

1926 2776 2231 2833 dictionem
2267 2785 2461 2834 contra
2495 2781 2774 2851 perjuros,
2830 2791 2887 2838 et
2916 2791 3108 2838 contra
3131 2786 3237 2839 alia
3268 2787 3515 2857 quzedam

1927 2868 2166 2922 animata
2197 2876 2252 2923 et
2310 2869 2641 2938 inanimata,
2668 2874 2884 2943 etqttod
2927 2873 3071 2931 Deus
3105 2876 3219 2930 vult
3264 2878 3512 2949 implere,
3590 2862 3606 2877 ’

1925 2960 2188 3031 quodque
2240 2972 2429 3032 postea
2484 2964 2767 3019 exercitus
2830 2965 2920 3020 Dei
2978 2968 3188 3037 implet,
3227 2968 3390 3041 539
3415 2980 3508 3024 aut

230 3052 315 3118 ὥς
356 3054 450 3107 ἐπὶ
473 3055 564 3109 τοῦ
600 3054 738 3111 Ἰώδ.
772 3057 841 3110 Δί
883 3058 992 3128 γὰρ
1028 3058 1310 3124 ὀπτασίαι,
1359 3060 1454 3113 καὶ
1501 3059 1569 3113 τὰ
1616 3060 1675 3114 ἐν
1703 3062 1824 3125 ταῖς

1931 3071 2270 3128 quaecunque
2323 3056 2493 3113 Satan
2556 3074 2654 3128 per
2700 3059 2933 3117 insidias
2977 3069 3190 3118 tentare
3244 3065 3516 3130 andet,et

231 3145 535 3211 ὀπτασίαις
571 3148 816 3220 ῥήματα,
855 3148 1019 3221 μέρος
1052 3150 1170 3203 ἐστὶ
1196 3153 1297 3220 τῆς
1325 3149 1420 3204 τοῦ
1450 3150 1586 3204 Θεοῦ
1617 3168 1826 3220 συγκα-

1938 3144 2083 3201 Deus
2113 3146 2402 3216 permittit,
2438 3151 2720 3217 proponit,-
2748 3157 2803 3203 et
2838 3166 2931 3219 per
2961 3151 3206 3208 visiones
3236 3153 3513 3223 exprimit,

232 3238 547 3303 ταδάσεως.
575 3239 713 3294 Οῦτε
738 3241 847 3313 γάρ
874 3242 1175 3314 περιστερά
1202 3242 1263 3297 τὸ
1294 3241 1524 3314 Πνεῦμα
1548 3242 1610 3297 τὸ
1643 3244 1824 3314 ἀγιον·

234 3327 368 3383 οῦτε
399 3330 458 3384 δέ
486 3331 548 3384 τό
570 3346 584 3362 ·
620 3348 640 3383 σ
666 3332 765 3395 ’ος
796 3334 943 3386 ἐστιν
982 3336 1039 3388 ἐν
1085 3332 1236 3405 δεξιᾷ
1279 3333 1374 3387 τοῦ
1417 3334 1587 3400 Θεοῦ,
1629 3334 1689 3399 ὃς
1738 3337 1833 3390 καὶ

234 3422 565 3491 ἐντυγχάνει
596 3422 736 3493 ὑπὲρ
765 3422 945 3494 ἡμῶν,
981 3442 1000 3475 ι
1037 3422 1234 3488 οὕτως,
1265 3424 1341 3487 ὡς
1372 3425 1609 3494 εἴρηται,
1641 3426 1833 3497 νοήσο-

238 3532 371 3584 μεν,
404 3514 481 3578 ὡς
525 3515 585 3569 ἐν
612 3516 763 3586 τόπῳ
819 3516 917 3587 μὲν
943 3516 1098 3580 ὄντος
1135 3516 1233 3570 τοῦ
1275 3515 1410 3571 Θεοῦ
1430 3558 1445 3582 ,
1478 3518 1736 3587 δεομένου
1773 3518 1831 3571 δέ

124 3608 126 3615 ’
233 3607 343 3676 τῆς
371 3606 512 3676 ὑπὲρ
538 3606 699 3678 ήμῶν
728 3607 826 3661 τοῦ
875 3608 1217 3677 Μονογενοῦς
1248 3609 1528 3679 ἐντυχίας.
1554 3608 1714 3662 Κατὰ
1741 3609 1830 3663 τὸν

190 3749 201 3758 ,
227 3697 407 3751 ,αὑτὸν
437 3697 598 3766 λόγον
620 3699 740 3752 οὐδὲ
767 3701 823 3753 αί
860 3700 971 3755 τῶν
1006 3701 1305 3772 προφητῶν
1331 3702 1612 3765 όπτασίαι,
1648 3703 1742 3755 καὶ
1771 3701 1829 3755 αί

234 3790 442 3856 φωναὶ,
469 3788 611 3844 τοῦτ’
640 3787 806 3863 ἦσαν,
830 3792 968 3866 ὅπερ
998 3793 1321 3850 ἐδείκνυντο.
1357 3793 1463 3848 Τοῦ
1486 3794 1544 3849 δὲ
1570 3793 1705 3848 Θεοῦ
1731 3795 1829 3862 τὴν

233 3883 500 3955 βούλησιν
551 3883 868 3954 ἐσήμαινον,
916 3883 950 3953 ἢ
1002 3884 1102 3957 τὴν
1160 3884 1536 3957 συγχώρησιν,
1587 3885 1683 3940 καὶ
1729 3884 1828 3957 τήν

232 3975 494 4046 ὑπακοὴν
538 3975 650 4029 τῶν
699 3976 1106 4032 ὑπακουόντων.
1165 3978 1275 4031 Καὶ
1323 3979 1423 4049 τὴν
1483 3977 1827 4050 ἐπιχείρησιν

229 4069 353 4123 τῶν
385 4066 733 4138 τολμώντων.
769 4068 868 4133 ’Ὧς
899 4086 1001 4123 που
1026 4070 1122 4124 καὶ
1148 4069 1210 4122 τὸ
1238 4068 1478 4141 πνεῦμα,
1525 4069 1587 4123 τὸ
1614 4068 1825 4140 ψευσά-

236 4177 408 4234 μενον
433 4160 520 4215 διὰ
557 4160 825 4241 στόματος
868 4161 977 4216 τῶν
1002 4162 1487 4241 ψευδοπροφητῶν,
1528 4162 1662 4215 Θεοῦ
1692 4179 1827 4232 συγ-

232 4256 597 4326 χωρήσαντος
616 4272 633 4289 ·
672 4235 781 4310 καί
802 4255 831 4308 ό
860 4255 1130 4327 πειράσας
1174 4236 1249 4310 δὲ’
1272 4257 1365 4309 τὸν
1391 4254 1515 4310 Ἰὼϐ
1542 4255 1791 4320 διάϐολος
1809 4296 1824 4320 ,

1936 3237 2397 3307 quemadmodum
2426 3238 2479 3291 in
2509 3236 2633 3295 Job.
2670 3238 2930 3298 Visiones
2978 3244 3149 3311 enim,
3173 3230 3418 3300 et'verba
3459 3247 3513 3299 in

1934 3328 2250 3383 visionibus
2278 3336 2411 3383 sunt
2443 3344 2574 3399 pars
2604 3331 2851 3401 quaedam
2876 3334 3364 3391 condescensionis
3398 3336 3513 3398 Dei,

1933 3434 2121 3487 quase
2144 3418 2210 3472 ad
2245 3428 2466 3489 captum
2508 3430 2764 3478 nostrum
2814 3425 3074 3481 demittit.
3127 3426 3315 3497 Neque
3368 3429 3517 3483 enim

1933 3508 2189 3562 columba
2247 3516 2330 3563 est
2385 3507 2628 3578 Spiritus
2684 3521 2929 3569 sanctus.
2966 3514 3153 3585 Neque
3187 3516 3300 3571 lucc
3325 3517 3512 3584 verba,

1940 3618 1958 3651 ι
1987 3600 2090 3666 Qui
2119 3611 2201 3656 est
2229 3602 2282 3656 in
2315 3601 2507 3657 dextra
2537 3601 2648 3669 Dei,
2677 3604 2842 3674 quiet
2868 3608 3162 3663 intercedit
3186 3624 3281 3678 pro
3297 3610 3508 3674 nobis,»
3618 3654 3641 3665 κ

1933 3692 2030 3759 ita,
2053 3701 2107 3746 ut
2127 3692 2274 3749 dicta
2294 3705 2451 3760 sunt,
2472 3696 2783 3767 intelligere
2819 3698 3101 3763 debemus,
3127 3703 3285 3771 quasi
3313 3702 3366 3756 in
3394 3702 3514 3757 loco

1931 3784 2078 3841 Deus
2104 3787 2196 3852 sit,
2228 3796 2284 3841 et
2311 3787 2578 3857 unigeniti
2616 3787 2739 3842 Filii
2784 3805 2883 3859 pro
2918 3792 3079 3848 nobis
3116 3794 3514 3851 intercessione

1933 3874 2193 3946 indigeat.
2229 3874 2406 3932 Simili
2436 3878 2668 3946 ratione,
2720 3896 2900 3950 neque
2929 3883 3318 3952 prophetarum
3350 3885 3514 3941 visio.

1930 3980 2028 4019 nes
2057 3972 2112 4020 et
2160 3980 2348 4031 voces,
2411 3966 2514 4022 hoc
2578 3978 2755 4035 erant,
2817 3973 2964 4041 quod
3008 3976 3509 4043 repraesentabant;

1931 4056 2026 4111 sed
2058 4056 2393 4112 voluntatem
2463 4057 2556 4113 Dei
2612 4060 3025 4129 signiﬁcabant,
3068 4064 3149 4120 vel
3194 4066 3513 4139 permissio.

1860 4168 1867 4177 ·
1928 4165 2078 4214 nem,
2106 4157 2162 4204 et
2190 4149 2565 4206 obedientiam
2608 4152 2981 4209 obedientium
3003 4196 3017 4220 ,
3047 4164 3102 4212 et
3122 4169 3375 4212 conatum
3410 4175 3508 4213 au-

1927 4239 2197 4295 dcntium.
2256 4240 2730 4308 Quemadmodum
2781 4248 2945 4302 etiam
3004 4251 3234 4320 spiritus
3274 4252 3506 4305 mendax

230 4342 381 4396 Θεοῦ
413 4343 492 4412 μὴ
533 4343 903 4409 κωλύσαντος.
960 4345 1037 4398 Δι’
1087 4338 1258 4416 οὗπερ
1306 4344 1547 4411 ἐδίδαξεν
1590 4347 1738 4418 ἡμᾶς
1788 4350 1820 4417 ή

1931 4349 2026 4404 per
2088 4351 2151 4391 os
2205 4336 2841 4409 pseudoprophetarum,
2909 4340 3019 4397 Deo
3045 4345 3421 4414 permittente,
3454 4353 3508 4400 et

230 4436 455 4506 Γραφὴ,
493 4436 570 4499 ὡς
618 4435 721 4506 τῆς
769 4434 865 4490 τοῦ
915 4436 1050 4491 Θεοῦ
1110 4437 1344 4503 κτίσεὼς
1390 4440 1529 4507 ἐστι,
1589 4441 1683 4493 καί⁸
1718 4439 1820 4508 τῆς

1931 4424 2199 4492 diabolus,
2232 4428 2326 4496 qui
2387 4425 2611 4493 Jobum,
2649 4428 2755 4485 Dco
2801 4446 2911 4485 non
2967 4441 3204 4498 astante,
3252 4438 3505 4489 tentavit.

227 4526 584 4591 δεσποτείας,
634 4524 922 4596 παρεστὼς
961 4526 1041 4598 τῷ
1076 4528 1297 4582 πάντων
1349 4528 1617 4600 Δεσπότῃ,
1666 4528 1726 4581 οὐ
1752 4530 1818 4600 τῇ

226 4617 344 4685 τῆς
378 4615 685 4685 προθέσεως
714 4615 953 4688 ὑπακοῇ.
977 4617 1196 4689 suam
1224 4618 1325 4688 τῆς
1350 4616 1576 4689 γενετῆς
1607 4617 1821 4689 φύσεως

228 4706 556 4777 ἀκολουθίᾳ,
603 4708 704 4777 τὴν
765 4708 863 4777 μὲν
908 4707 1136 4780 γνώμην
1191 4708 1595 4782 ἀλλοτριωθεὶς,
1636 4708 1735 4782 τὴν
1764 4710 1821 4763 δὲ

225 4800 430 4855 οὐσίαν
453 4798 546 4853 τοῦ
584 4797 721 4853 Θεοῦ
743 4800 1027 4871 τυγχάνων
1055 4811 1104 4853 ι’.

314 4974 423 5029 Kal
459 4975 747 5047 Ἰωσαφὰτ
760 4973 1062 5042 ,βασιλεὺς
1093 4974 1291 5030 Ἰούδα
1300 4975 1429 5044 μετ’
1449 4975 1657 5030 αὐτοῦ.
1686 4976 1817 5029 Συν-

294 5105 353 5138 ⁸⁸
392 5105 552 5163 Rom.
584 5107 742 5175 1,25.
795 5109 841 5143 ⁸⁵
865 5093 1005 5166 Osee
1045 5124 1144 5175 xu,
1181 5109 1269 5163 {0.
1323 5108 1369 5140 "
1419 5108 1812 5175 Zachar.i,il.
1882 5158 1895 5167 .

1928 4515 2033 4570 Per
2057 4516 2204 4586 quod
2233 4515 2422 4571 docuit
2475 4532 2575 4574 nos
2612 4518 2920 4588 Scriptura,
2951 4524 3098 4592 quod
3123 4539 3153 4578 a
3184 4523 3298 4581 Deo
3319 4526 3509 4581 condi-

1928 4618 2039 4673 tus,
2093 4614 2148 4661 et
2210 4608 2313 4662 sub
2344 4607 2469 4678 ejus
2497 4607 2747 4665 dominio
2780 4613 2876 4676 sit,
2927 4615 3021 4682 qui
3047 4616 3230 4671 adstat
3259 4618 3504 4672 omnium

1928 4700 2166 4755 creatori
2220 4699 2475 4767 Domino,
2533 4716 2644 4757 non
2708 4703 3003 4760 obediendi
3051 4708 3357 4779 proposito,
3411 4711 3504 4764 srd

1927 4800 2140 4847 natura:
2192 4791 2432 4862 quodam
2496 4793 2686 4862 ductu,
2721 4795 2906 4855 animo
2931 4798 3505 4867 quidcmabalienato,

1926 4883 2023 4940 sed
2056 4884 2311 4938 essentia:
2340 4883 2434 4939 Dei
2467 4884 2872 4955 quodammodo
2897 4891 3194 4959 particeps.

1999 4973 2344 5044 Etlosaphat
2373 4990 2467 5029 rea:
2486 4973 2631 5031 Iuda
2658 4992 2777 5031 cum
2809 4995 2891 5032 co.
2925 4977 3214 5037 Profectus
3253 4990 3341 5037 est
3394 4997 3499 5037 una

1368 5226 1387 5239 α
1496 5199 1724 5255 VARIIE
1769 5200 2171 5259 LECTIONES.

351 5300 377 5330 ο
402 5289 460 5346 1η
495 5288 701 5373 catena
727 5291 1003 5373 "Veneta,
1068 5294 1167 5373 fol.
1333 5295 1400 5373 a_d
1428 5294 1497 5373 Ill
1525 5293 1659 5373 Reg.
1706 5313 1843 5373 uti,
1890 5300 2004 5373 19,
2041 5299 2136 5354 ubi
2175 5298 2259 5373 ‘de
2303 5298 2546 5373 Mielueaz
2581 5301 3005 5373 visioneivcrba
3036 5300 3191 5360 fiunt.
3216 5302 3489 5373 prolixum

225 5360 609 5441 fragmentum
635 5362 896 5441 scribitur
920 5363 1022 5418 sub
1045 5364 1204 5441 titulo
1238 5360 1702 5441 ¹Θεοδωρήτου”ἐκ
1732 5360 1901 5437 τοῦτ’
1927 5368 2084 5441 λόγου
2109 5369 2202 5421 τοῦ
2231 5371 2371 5423 κατὰ
2400 5371 2739 5441 Μανιχαίων.
2786 5370 3098 5427 Theodoreti
3146 5360 3395 5427 eat'tertio
3427 5374 3494 5428 li-

223 5431 348 5514 ρτσ
388 5442 577 5485 contra
636 5431 988 5514 Manicheam,
1024 5435 1174 5514 quod
1220 5444 1391 5514 certe
1415 5431 1562 5514 esset
1586 5431 1926 5514 incognitum
1950 5431 2282 5514 Theodoreti
2335 5457 2513 5514 opus;
2544 5431 2919 5514 verumtamen
2962 5442 3066 5514 hoc
3095 5442 3233 5495 idem
3260 5459 3491 5514 prorsus

224 5502 607 5579 fragmentum
634 5502 743 5579 vidi
776 5503 985 5579 editum
1024 5502 1079 5559 in
1104 5504 1308 5579 Catena
1334 5502 2062 5579 Lipsiensiiad'praedictnm
2098 5502 2401 5563 Bibliorum
2429 5502 2609 5563 locum
2653 5512 2757 5565 sub
2786 5511 3036 5579 ProcOpii
3065 5502 3307 5569 nomine.
3344 5514 3491 5567 Sane

224 5573 570 5651 Procopium
607 5572 1169 5651 confecissecatenas
1195 5572 1426 5651 scimtts,
1450 5587 1504 5631 et
1532 5572 1755 5651 quidem
1788 5580 2005 5651 aliquas
2039 5580 2367 5651 continuato
2413 5595 2665 5635 sermone
2709 5572 3135 5651 suppressisque
3193 5591 3485 5637 auctorum

223 5643 514 5696 variorum
543 5642 880 5724 nominibus.
907 5642 1070 5724 Nihil
1095 5660 1221 5724 ergo
1241 5648 1431 5724 obstat
1462 5642 2134 5724 qnominuslfro'copiusa
2159 5642 2884 5724 'l‘h_eodorcto_hunclocum
2923 5642 3215 5724 sumpserit
3252 5671 3264 5705 :
3311 5669 3490 5723 quan-

224 5726 403 5781 qnam
429 5727 531 5782 ego
569 5712 759 5783 ἰιῌιοο
792 5714 955 5770 dubio
998 5712 1373 5772 uibildetinio.
1404 5712 1535 5774 Anu.
1578 5717 1705 5787 MM,
1740 5712 1995 5775 Bibliou’i.
2043 5736 2176 5774 nova
2219 5717 2464 5785 Patrum,
2500 5719 2583 5786 lil,
2632 5719 2747 5773 HS.
