3960 6230
271 306 400 372 1181

1228 320 1763 384 COMMENTARU
1816 326 1898 386 ΙΝ
1939 329 2086 390 LIB.
2128 332 2201 392 IV
2240 333 2533 394 REGUM.

3392 332 3527 398 1182

216 496 223 502 .
265 431 458 486 μενοςυ
496 418 696 487 μᾶλλον
739 421 797 474 δὲ
843 422 981 494 γυνὴ
1044 424 1245 481 παλαιά
1295 445 1396 492 τις,
1442 430 1507 499 ἢν
1567 430 1836 502 ὲθεοποίη-

1946 440 2030 491 nis
2065 438 2284 493 adducit
2326 441 2583 509 colligere
2618 438 2742 494 licet
2773 482 2786 505 ,
2823 438 3119 494 dmmonem
3168 438 3272 492 hoc
3306 443 3525 497 nomine

262 523 384 561 σαν.

335 680 743 747 Καταόήσεται
770 682 892 751 πῦρ
923 685 992 739 ἐκ
1036 686 1141 741 τοῦ
1170 690 1453 757 οὐρανοῦ.
1486 692 1549 745 Oi
1579 692 1668 745 τὸν
1698 709 1835 761 προ-

140 829 155 840 .
264 767 440 837 φήτην
475 770 570 820 ἐπὶ
591 772 704 833 τοῖς
740 777 1228 846 πεντηκοντὰρχοις
1257 778 1541 849 ὠμότητος
1569 781 1832 851 αἰτιώμε-

259 873 360 921 νοι,
394 858 535 910 κατὰ
566 860 702 914 Θεοῦ
745 862 1068 919 λανθάνουσι
1105 866 1556 939 βλασφημοῦντες
1581 910 1595 926 .
1632 869 1724 924 τοῦ
1769 872 1833 925 τὸ
1862 866 1885 944 '-

262 948 376 1018 πῦρ
406 949 850 1018 ἀποστείλαντος.
887 956 1008 1027 Χρὴ
1059 958 1166 1028 γὰρ
1205 960 1404 1015 εἰδέναι
1440 962 1541 1029 τῆς
1571 962 1725 1025 Θείας
1756 966 1835 1015 ot-

260 1040 521 1108 κονομίας
557 1042 616 1094 τὸ
643 1042 876 1109 δίκαιον,
911 1049 1005 1101 καὶ
1032 1048 1107 1112 ὡς
1136 1052 1195 1102 ὲν
1223 1051 1345 1122 δίκῃ
1375 1051 1593 1116 κολάζει
1623 1070 1704 1117 τε,
1737 1056 1832 1107 καὶ
1887 1046 1894 1054 ”

260 1130 423 1209 πάλιν
453 1134 752 1204 εὐεργετεῖ.
793 1138 955 1208 Δῆλοι
1001 1140 1058 1192 δὲ
1104 1137 1245 1212 ἦσαν
1277 1145 1324 1196 οί
1374 1144 1830 1217 πεντηκόνταρχοι

261 1222 403 1291 μετὰ
430 1224 539 1277 τῶν
567 1226 853 1296 ἑπομένων
876 1229 952 1301 τῷ
998 1232 1185 1302 σκοπῷ
1213 1234 1566 1304 πεπομφότος
1592 1235 1831 1304 συμϐαί-

257 1329 458 1376 νοντες.
507 1316 566 1370 Ὀ
613 1316 721 1389 γὰρ
739 1319 942 1389 τρίτος,
1000 1323 1273 1394 ἐπιεικείᾳ
1315 1325 1409 1377 καὶ
1454 1326 1634 1380 πίστει
1663 1344 1832 1397 προσ-

258 1404 529 1474 ενεχθεὶς,
553 1410 620 1478 τῇ
673 1410 842 1482 πείρᾳ
882 1411 981 1482 τὴν
1008 1412 1242 1485 δύναμιν
1282 1414 1380 1468 τοῦ
1410 1419 1691 1488 προφήτου
1723 1436 1831 1488 μασι

256 1494 390 1562 θὼν,
434 1497 779 1564 διασώζεται.
829 1504 987 1569 Τινὲς
1025 1505 1083 1559 δέ
1131 1524 1314 1576 φασιν,
1351 1507 1425 1572 ὡς
1461 1510 1599 1579 μετὰ
1632 1510 1833 1582 πολλῆς

174 1620 183 1629 ι
257 1588 545 1659 εἰρωνείας
566 1594 960 1664 προσελθόντες
999 1599 1228 1653 ἐκάλουν
1254 1601 1347 1653 τὸν
1392 1602 1624 1669 δίκαιον,
1665 1620 1832 1658 κατα·

257 1683 461 1739 ϐαίνειν
502 1689 752 1743 ἐκέλευον
805 1692 945 1764 πρὸς
989 1694 1412 1757 αὐτού;.,”Οθεν
1460 1698 1576 1751 ἀντ’
1618 1698 1826 1752 ἐκείνου

258 1773 390 1845 πῦρ·
429 1779 712 1849 κατελθὸν,
760 1784 887 1849 τοὺς
922 1785 1288 1851 <ἀσε6οὗντας
1343 1789 1673 1858 κατέφλεξεν
1697 1833 1713 1857 ,
1752 1793 1835 1856 είς
1865 1766 1908 1821 Β

261 1866 511 1995 παζδείαν
555 1870 648 1924 τοῦ
706 1873 781 1944 μὴ
836 1874 947 1929 δεῖν
1001 1866 1282 1950 διασύρειν
1324 1882 1417 1935 καὶ
1481 1882 1699 1948 παίζειν
1752 1884 1832 1939 δι-

262 1973 473 2022 καιους.

854 2153 1105 2210 ΚΕΦΔΔ.
1155 2155 1231 2211 Β’.

332 2235 460 2291 Ὅτι
493 2242 605 2294 οὐκ
642 2240 722 2311 ἦν
766 2242 927 2309 αὐτῷ
956 2246 1109 2311 υἱός.
1130 2249 1267 2312 Παῖς
1297 2250 1408 2318 γὰρ
1439 2252 1526 2306 ἀεὶ
1558 2253 1694 2323 μετὰ
1722 2271 1833 2309 πα-

253 2330 389 2400 τέρα
417 2328 560 2385 κατὰ
591 2332 759 2404 νόμον
780 2335 880 2406 τὴν
909 2335 1186 2406 βασιλείαν
1214 2326 1454 2411 ἐδέχετο(
1480 2344 1742 2409 ΙἌτταιδος
1774 2346 1833 2400 δὲ

250 2420 405 2484 δντος
432 2423 527 2476 τοῦ
549 2424 992 2497 τελευτήσαντος,
1024 2431 1131 2483 τῶν
1183 2431 1428 2501 ἀδελφῶν
1458 2436 1488 2487 ό
1521 2436 1833 2503 πρεσϐύτα-

251 2528 368 2576 τος.
399 2513 565 2569 Ὅθεν
593 2518 625 2587 ἡ
652 2517 746 2571 τοῦ
768 2519 946 2574 nacta
977 2521 1244 2591 βασιλεία,
1280 2525 1441 2594 μέχρι
1483 2527 1584 2597 τῆς
1660 2531 1831 2601 αἰχμο

253 2606 515 2679 αλωσίας,
552 2602 640 2661 διὰ
670 2610 878 2663 παίδων
910 2612 1169 2682 κατῆλθε.
1210 2614 1316 2668 Τοῦ
1343 2616 1401 2669 δὲ
1444 2618 1695 2688 Ἰεχονίου
1725 2623 1832 2691 πρὸ

251 2697 353 2765 τῆς
380 2698 744 2763 παιδοποιίας,
764 2702 1004 2767 ἁλόντος,
1020 2705 1357 2774 Ματθανίας,
1383 2709 1412 2761 ό
1440 2711 1532 2762 καὶ
1557 2710 1829 2780 Σεδεκίας,

253 2787 488 2860 κατέσχε
544 2790 644 2862 τὴν
697 2792 991 2862 βασιλείαν,
1042 2796 1188 2861 θεῖος
1239 2798 1315 2850 ὢν
1371 2801 1534 2855 αὑτοῦ
1559 2804 1698 2874 πρὸς
1728 2823 1832 2859 πα-

251 2881 407 2951 τρός.
554 2925 558 2928 ‹
1206 2884 1219 2897 ⁸

327 2976 431 3027 Καὶ
463 2976 843 3042 πεντήκοντα
866 2978 1084 3049 ἄνδρες
1108 2982 1226 3036 ἀπὸ
1250 2984 1370 3038 τῶν
1384 2985 1531 3040 υἱῶν
1551 2987 1670 3042 τῶν
1690 3005 1832 3057 προ-

1937 531 2265 600 appellntum
2311 530 2516 596 fuisse;
2548 530 2630 583 vel
2663 530 2843 599 potius
2882 530 3150 584 aniculam
3205 530 3519 599 quamdam,

1937 637 2099 693 quam
2136 624 2189 677 in
2213 624 2433 676 dearum
2461 637 2747 677 numermu
2772 622 3096 677 retulerunt.

2008 715 2175 768 Vens.
2217 713 2302 767 10.
2338 713 2630 767 Descende!
2668 713 2802 783 ignis
2834 728 2861 766 e
2891 711 3043 766 caelo.
3071 711 3172 777 Qui
3202 713 3516 782 prophetam

1935 803 2272 857 crudelitatis
2317 805 2370 857 in
2418 804 2916 873 quinquagenarius
2951 810 3233 867 accusant,
3287 817 3395 856 non
3440 809 3525 857 at-
3610 831 3615 834 ·

1933 894 2164 948 tendunt
2216 908 2275 948 se
2340 892 2450 948 Deo
2482 893 2853 955 maledicere,
2884 893 2980 964 qui
3030 893 3175 946 hunc
3218 892 3397 961 ignem
3453 893 3522 949 de

1934 984 2076 1040 coelo
2138 985 2306 1044 misit.
2347 984 2650 1040 Observare
2695 986 2840 1039 enim
2896 990 3113 1055 oportet
3156 982 3373 1037 ordinis
3402 1024 3417 1047 ,
3466 995 3523 1039 et

1933 1073 2363 1144 dispensationis
2416 1077 2615 1131 divinae
2663 1075 2961 1145 justitiam,
3017 1074 3163 1144 quod
3224 1082 3520 1140 sequentes

1931 1164 2077 1235 juste
2134 1167 2296 1221 etiam
2349 1167 2573 1236 puniat,
2629 1175 2682 1219 et
2736 1182 2956 1223 rursum
3018 1167 3158 1221 bene
3188 1166 3298 1220 illis
3335 1165 3520 1219 iaciat.

1935 1255 2069 1312 Nam
2110 1257 2382 1311 manifesti
2429 1264 2587 1311 erant
2626 1257 3098 1326 pentecontarchi,
3137 1264 3192 1311 et
3239 1257 3333 1327 qui
3391 1255 3517 1308 illos

1933 1348 2334 1418 sequebantur,
2363 1346 2508 1416 quod
2540 1346 2679 1416 ejus,
2712 1347 2801 1416 qui
2841 1347 3099 1409 misisset,
3128 1361 3352 1415 secpum
3418 1345 3521 1400 sibi

1933 1455 2150 1510 quoque
2199 1439 2629 1509 proposuissent.
2659 1437 2878 1494 Tertius
2928 1439 3109 1503 enim,
3156 1436 3418 1506 aequitate
3466 1438 3522 1489 et

1935 1530 2041 1585 ﬁde
2067 1529 2337 1585 adductus
2358 1570 2372 1595 ,
2396 1542 2520 1583 cum
2586 1528 2698 1597 ipsa
2732 1528 3067 1597 experientia
3101 1529 3381 1597 prophette
3404 1525 3519 1580 vir-

1934 1626 2103 1693 tutem
2129 1627 2185 1674 et
2235 1619 2532 1690 potentiam
2563 1617 2869 1679 didicisset,
2906 1627 3160 1672 servatur
3192 1616 3509 1671 incolumis.

1937 1707 2372 1775 Quidamautem
2397 1706 2606 1770 dicunt,
2635 1706 2803 1776 quod,
2836 1722 3031 1776 magna
3059 1706 3415 1760 insultatione
3443 1703 3510 1756 ad

1936 1814 2061 1855 eum
2087 1797 2423 1860 accedentes.
2450 1798 2696 1852 vocarint
2722 1799 2955 1866 justum,
2984 1806 3037 1852 et
3069 1798 3132 1850 ad
3168 1813 3228 1850 se
3282 1796 3512 1850 descen-

1934 1893 2065 1948 dere
2115 1891 2402 1961 iusserint.
2452 1888 2793 1960 Quapropter
2836 1905 2934 1959 pro
2981 1890 3088 1945 illis
3139 1887 3515 1946 descendens,

1936 1983 2133 2052 impios
2155 1982 2279 2037 illos
2329 1981 2629 2050 assumpsit
2666 1980 2720 2034 in
2775 1980 3080 2048 exemplum
3103 1986 3157 2031 et
3190 1976 3514 2031 doctrinam,

1934 2090 2004 2131 ne
2023 2074 2205 2145 justos
2231 2073 2493 2129 conviciis
2521 2086 2930 2143 persequamur,
2947 2070 3388 2125 neveillutlamus
3414 2068 3520 2122 eis.

2601 2162 2751 2219 CAP.
2804 2162 2867 2217 ll.

1935 2266 1939 2275 '
2006 2260 2168 2315 Vens.
2206 2258 2257 2313 1.
2300 2256 2443 2325 Quia
2471 2257 2645 2325 ﬁlium
2692 2271 2796 2309 non
2840 2249 3344 2319 habebat..Semper
3368 2248 3512 2302 enim

1932 2352 2078 2408 ﬁlius
2115 2352 2271 2420 juxta
2304 2342 2487 2420 legem
2538 2348 2678 2419 patri
2723 2343 3297 2409 in'administratione
3367 2341 3517 2409 regni

1933 2444 2302 2504 succedebat.
2358 2450 2574 2496 mortuo
2624 2436 3001 2507 vero,’nullos
3032 2443 3156 2506 post
3203 2450 3263 2491 se
3312 2433 3515 2488 liberos

1931 2536 2286 2609 relinquenti,
2316 2536 2542 2589 fratrum
2578 2533 2852 2587 maximus
2903 2529 3057 2585 natu‘.
3097 2527 3250 2583 Unde
3299 2524 3519 2580 Davidis

1931 2644 2159 2701 regnum
2199 2642 2375 2697 usque
2407 2626 2475 2680 ad
2502 2624 2873 2694 captivitatem
2909 2636 3008 2692 per
3033 2620 3173 2675 ﬁlios
3214 2615 3516 2673 descendit.
3574 2687 3582 2694 ν

1930 2721 2191 2779 Jechonia
2241 2735 2370 2776 vero
2403 2725 2562 2788 capto
2617 2726 2904 2786 antequam
2953 2711 3092 2767 ﬁlios
3140 2717 3515 2782 procreasset,

1932 2814 2234 2870 Mathanias
2269 2791 2436 2884 quiet
2461 2810 2778 2875 Sedechias,
2799 2808 3086 2877 imperium
3113 2803 3322 2869 tenuit;
3351 2815 3520 2856 avun-

1932 2908 2091 2977 culus
2134 2906 2277 2961 enim
2313 2910 2433 2959 erat
2467 2918 2531 2957 ex
2569 2909 2747 2971 patre.
3042 2926 3045 2929 λ
3525 2969 3529 2973 ἢ

2003 2995 2174 3051 νεκε.
2207 2995 2263 3048 7.
2302 2993 2370 3046 Et
2398 2992 2784 3064 quinquaginta
2837 2988 2936 3042 viri
2967 3001 3034 3039 ea:
3064 2985 3193 3054 [iiiis
3231 2980 3517 3051 propheta-

252 3066 480 3171 ssftfér-
520 3067 735 3139 ’ἰδίωμαι
794 3071 896 3140 τῆς
933 3071 1231 3142 Ἐδρατδος,
1263 3076 1380 3145 ἅμα
1405 3076 1462 3129 δὲ
1492 3079 1588 3131 καὶ
1612 3079 1827 3150 Σύρων,

1943 3105 2073 3143 rum.
2106 3085 2272 3142 Filios
2301 3083 2681 3155 prophetarum
2717 3088 2770 3134 et
2810 3078 2950 3133 ﬁlios
2990 3076 3273 3131 hominum
3301 3066 3317 3138 ,
3345 3070 3521 3126 homi—

254 3248 575 3319 ἀνθρώπους
618 3253 837 3321 λέγειν’
877 3258 950 3318 ὡς
1001 3257 1092 3309 τό·
1133 3275 1151 3308 ι
1187 3258 1308 3311 Υἱοὶ¹
1348 3258 1677 3331 ἀνθρώπων,
1723 3262 1828 3327 ἓως

254 3343 389 3395 πότε
419 3343 775 3416 βαρυκάρδιοι
801 3363 821 3411 ;
856 3364 875 3396 ›
908 3348 1038 3400 Καίο
1078 3366 1097 3398 ι
1124 3349 1280 3401 Κατὰ
1322 3351 1381 3404 τὸ
1411 3350 1543 3421 ὕψος
1578 3370 1670 3407 σου
1698 3356 1829 3408 ὲποο

256 3432 547 3503 λνὼρησας
602 3435 730 3498 τοὺς
773 3436 924 3500 υἱοὺς
969 3437 1079 3490 τῶν
1126 3440 1448 3509 ἀνθρώπων.
1489 3463 1508 3495 ι
1543 3446 1734 3501 Πολλοὶ
1773 3448 1829 3501 δὲ

255 3521 400 3595 ἦσαν
422 3528 719 3597 προφῆται,
751 3526 826 3591 ὡς
854 3529 883 3581 ό
903 3527 1060 3596 λόγος
1076 3530 1368 3599 ἐδήλωσεν.

342 3700 754 3771 Ἐσκλήρυνας
796 3705 902 3760 τοῦ
941 3706 1204 3775 αἰτῆσαι.
1246 3711 1322 3764 Οὐ
1366 3711 1580 3781 φθονῶν
1605 3717 1706 3787 τῆς
1736 3720 1833 3788 χά-

260 3804 414 3857 ριτος
439 3788 518 3861 τῷ
543 3791 758 3864 μαθητῇ
804 3795 962 3850 τοῦτό
1014 3814 1202 3868 φησιν,
1218 3799 1367 3854 ’ἀλλὰ
1401 3803 1508 3856 τῶν
1535 3804 1710 3859 ἄλλων
1738 3808 1834 3861 ἀν·

260 3880 291 3931 θ
302 3879 497 3970 ρώπων
521 3883 838 3955 κηδόμενος.
884 3888 1037 3941 Ἐπεὶ
1069 3890 1177 3961 γὰρ
1211 3893 1388 3962 τρισὶν
1413 3894 1577 3961 ἔτεσι,
1606 3902 1701 3952 καὶ
1724 3916 1829 3970 μη-

260 3971 348 4022 σϊν
375 3968 467 4037 ἓξ,
497 3971 897 4041 δυσσεὸοὖντας
940 3979 1068 4042 τοὺς
1113 3980 1435 4053 ἀνθρώπους
1473 3968 1796 4043 ἐπαίδευσεν
1816 4005 1830 4020 ⁸

258 4061 478 4133 ἀνάγκη
513 4061 573 4117 δὲ
603 4058 693 4135 ἦν,
723 4066 817 4119 τὸν
847 4067 1046 4140 διπλῆς
1090 4071 1535 4144 κληρονομοῦντα
1557 4076 1655 4149 τῆς
1683 4079 1837 4152 χάρι-

260 4169 354 4215 τος
379 4153 638 4209 διπλάσια
664 4156 1005 4227 ἐργάσασθαι
1050 4163 1372 4234 πράγματα.
1402 4167 1506 4220 Ἐν
1527 4169 1584 4223 δὲ
1604 4170 1832 4238 τούτων.

165 4293 169 4298 ,
260 4244 300 4315 ἡ
324 4243 410 4297 διὰ
434 4244 530 4299 τοῦ
556 4246 718 4318 λιμοῦ
742 4250 1007 4322 τιμωρία.
1040 4254 1219 4308 Φειδοί
1262 4259 1602 4329 κεχρημένος
1655 4255 1832 4330 εἶπεν,

277 4337 692 4407 Ἑσκλήρυνας
741 4340 850 4396 τοῦ
908 4342 1171 4411 αἰτῆσαι.
1229 4345 1401 4401 Τοῦτο
1428 4347 1485 4400 δὲ
1517 4350 1610 4403 καὶ
1632 4351 1696 4405 ὲκ
1734 4351 1835 4421 τῆς

140 3242 143 3245 Ι
255 3159 409 3222 υἱοὺς
431 3161 750 3229 προφητῶν,
772 3162 866 3214 καὶ
888 3164 1037 3227 υἱοὺς
1055 3164 1378 3236 ἀνθρώπων,
1404 3170 1709 3240 προφήτας,
1733 3171 1829 3226 καὶ

1943 3192 2032 3235 nes
2088 3184 2143 3231 et
2173 3174 2469 3245 prophetas
2513 3171 2805 3241 appellare.
2839 3169 3043 3223 idioma
3073 3175 3159 3221 est
3190 3162 3516 3219 Hebraicum

1930 3279 1985 3328 et
2022 3261 2823 3340 Syriacum.Quemadmodum
2857 3259 2992 3314 ilfud
3029 3280 3039 3313 :
3097 3278 3114 3309 ι
3158 3253 3286 3309 Filii
3334 3254 3519 3308 humi-

1929 3369 2387 3427 num,quousque
2421 3353 2570 3423 gravi
2609 3350 2773 3406 corde
2801 3351 2937 3406 estis
2964 3348 3053 3399 ‘7?
3091 3366 3110 3399 ι
3152 3347 3217 3400 Ει
3249 3364 3261 3397 :
3300 3363 3318 3395 ι
3355 3342 3519 3396 Juxta

1933 3448 2275 3507 altitudinem
2308 3454 2454 3499 tuam
2490 3441 2862 3511 mn!tiplicasti
2900 3440 3039 3493 ﬁlios
3080 3437 3395 3500 hominum,
3429 3449 3523 3488 co.

1933 3554 2168 3609 rumque
2214 3551 2404 3592 curam
2448 3532 2688 3587 habuisti
2737 3530 2807 3589 ⁸⁸.
2858 3549 2877 3583 ι
2941 3529 3095 3585 Multi
3141 3535 3318 3582 autem
3366 3527 3523 3580 erant

1930 3632 2233 3703 prophetat,
2268 3633 2328 3681 ut
2365 3627 2451 3679 hic
2484 3626 2638 3679 locus
2669 3623 2936 3679 ostendit.
3329 3637 3333 3641 ν

2001 3722 2167 3779 Vens.
2199 3721 2286 3776 10.
2325 3719 2453 3774 Rem
2483 3719 2672 3777 duram
2705 3727 2755 3772 et
2813 3714 3073 3785 difﬁcilem
3126 3712 3375 3781 petivisti.
3404 3707 3521 3764 Non

1933 3819 2077 3888 quod
2109 3814 2378 3885 discipulo
2441 3812 2685 3880 gratiam.
2719 3816 2773 3864 et
2801 3808 2946 3864 dona
2973 3806 3213 3862 invideat
3237 3843 3253 3866 .
3293 3804 3409 3858 haec
3444 3802 3524 3857 lo-

1934 3907 2120 3980 quitur
2144 3946 2159 3972 ,
2195 3904 2288 3961 sed
2316 3903 2548 3956 aliorum
2578 3899 2860 3955 hominum
2895 3912 3083 3954 curam
3113 3910 3332 3966 gerens,
3364 3893 3522 3963 Nam,

1934 4013 2058 4054 cum
2101 3997 2215 4066 ipse
2263 3993 2436 4048 tribus
2495 3990 2655 4045 annis
2708 3997 2761 4045 et
2811 3999 2907 4044 sex
2965 3986 3244 4041 mensibus
3276 3984 3525 4039 homines

1935 4086 2258 4158 castigarit,
2312 4093 2366 4140 et
2421 4081 2719 4146 aﬁlixerit,
2769 4092 2996 4134 necesse
3053 4074 3158 4130 fuit
3208 4075 3383 4139 illum,
3431 4073 3522 4144 qui

1936 4178 2208 4249 duplicem
2241 4172 2548 4245 portionem
2581 4171 2650 4226 de
2682 4169 2858 4242 gratia
2889 4165 3130 4238 Spiritus
3183 4163 3522 4232 accepisset,

1936 4269 2178 4342 duplicia
2220 4267 2385 4323 etiam
2433 4278 2600 4335 opera
2643 4262 2808 4319 edere
2851 4276 2917 4315 ex
2966 4258 3167 4328 quibus
3207 4270 3377 4310 unum
3408 4262 3527 4308 erat

1935 4374 2098 4434 paena
2130 4357 2310 4413 famis.
2338 4351 2713 4409 Misericordia
2746 4343 2909 4420 igitur
2945 4353 3122 4434 motus
3146 4383 3161 4409 ,
3192 4345 3348 4434 Rem,
3371 4341 3522 4434 dicit,

264 4429 512 4522 ἱστορίας
532 4432 898 4505 μανθάνομεν.
918 4434 1090 4489 Ἑπτὰ
1103 4436 1212 4509 γὰρ
1235 4438 1413 4493 ἔτεσιν
1428 4441 1705 4515 ὲπηνέχθη
1723 4447 1835 4510 τοῖς

1943 4429 2194 4522 magnam
2244 4454 2298 4501 et
2349 4444 2542 4499 duram
2590 4439 2851 4510 petivisti.
2894 4435 2952 4491 Id
2988 4433 3131 4504 quod
3193 4447 3259 4487 ex
3296 4429 3524 4486 historia

263 4519 577 4592 ἀνθρώποις
597 4525 633 4593 ἠ
653 4526 749 4579 τοῦ
775 4526 934 4597 λιμοῦ
967 4527 1230 4600 τιμωρία.
1686 4560 1689 4561 ν

348 4700 543 4771 ’Ἄρμα
575 4703 846 4771 Ἰσραὴλ,
888 4705 986 4758 καί
1034 4707 1251 4773 ἱππεὺς
1279 4672 1491 4764 αὐτοῦ.
1521 4711 1586 4763 Οἱ
1606 4710 1717 4765 τῶν
1744 4711 1838 4767 ᾶλ-

262 4794 377 4846 λων
400 4792 572 4848 ἐθνῶν
605 4793 844 4865 βασιλεῖς
876 4797 1069 4873 ἵπποις¹
1099 4801 1450 4871 κεχρημένοι,
1480 4801 1577 4856 καὶ
1605 4803 1838 4874 ἅρμασι,

266 4881 690 4949 παρετάττοντο.
721 4884 922 4939 Τούτου
944 4887 1105 4957 χάριν
1124 4888 1217 4941 τὸν
1244 4887 1418 4959 μέγαν
1446 4891 1633 4945 Ἠλίαν
1664 4893 1839 4964 ἅρμα,

265 4973 365 5025 καὶ
398 4973 595 5038 ἱππέα,
627 4972 722 5027 τοῦ
756 4976 970 5048 Ἰσραὴλ
990 4978 1435 5052 προσηγόρευσεν
1453 4982 1529 5047 ὡς
1556 4984 1843 5055 ἀποχρῶν-

1950 4540 2296 4613 perspectum
2340 4534 2645 4596 habemus;
2702 4528 2874 4583 fames
2907 4528 3056 4582 enim
3098 4533 3303 4595 septem
3352 4534 3526 4575 anno-

1951 4647 2070 4686 rum
2104 4643 2269 4700 super
2296 4626 2548 4681 homines
2578 4620 2818 4676 adducta
2844 4625 2977 4674 est“
3169 4671 3172 4674 .

2013 4714 2179 4775 Vens.
2234 4716 2323 4770 12.
2376 4713 2580 4769 Curru:
2633 4708 2832 4771 Israel,
2883 4716 2934 4762 et
2976 4721 3129 4777 eques
3169 4705 3305 4774 ejus.
3346 4700 3523 4774 Reges

1943 4811 2173 4866 aliarum
2215 4806 2456 4879 gentium
2509 4804 2666 4875 equis
2711 4809 2764 4858 et
2809 4801 3059 4856 curribus
3089 4796 3245 4870 54],
3274 4795 3525 4853 instructi

1944 4903 2001 4957 in
2031 4901 2151 4956 acie
2181 4897 2520 4970 pugnabant.
2539 4897 2695 4951 Hanc
2725 4894 2795 4949 ob
2823 4906 3044 4948 causam
3080 4902 3336 4959 magnum
3372 4886 3523 4941 illum

1946 4993 2119 5049 Etiam
2168 5003 2391 5046 currum
2444 4997 2499 5044 et
2543 4987 2782 5060 equitem
2819 4984 3037 5041 lsraelis
3089 4980 3408 5052 appellavit,
3465 4987 3525 5030 ut

266 5082 359 5128 τα,
390 5065 488 5118 καὶ
525 5067 687 5136 μόνον
714 5070 841 5132 τοὺς
886 5072 1181 5141 πολεμίους
1219 5076 1723 5144 καταγωνίσασθαι,
1754 5079 1836 5133 καὶ

1951 5087 2045 5156 qui
2104 5085 2260 5141 solus
2318 5083 2504 5138 hostes
2556 5088 2928 5161 superare,._et
2957 5076 3071 5131 suis
3121 5068 3522 5127 contribulibus

270 5158 578 5236 παρασχεῖν
610 5162 722 5224 τοῖς
761 5162 1059 5230 ὁμοφύλοις
1097 5164 1196 5235 τὴν
1226 5165 1411 5236 χάριν.

345 5226 471 5302 Ποῦ
498 5226 573 5316 δή
610 5226 834 5307 ἐστινὸ
865 5226 1008 5319 ὸεὸς
1047 5226 1466 5327 Illionei-1150(1);
1496 5259 1850 5331 Μιμούμενος

1955 5192 2142 5249 pacem
2169 5183 2224 5232 et
2252 5175 2483 5245 gratiam
2525 5180 2710 5244 posset
2742 5178 3027 5240 praestare.

2026 5268 2192 5325 Vens.
2225 5267 2312 5322 14.
2359 5264 2460 5320 Ubi
2480 5263 2720 5321 estDetu
2754 5260 2890 5314 Elia:
2909 5257 3122 5327 ampho.
3156 5253 3236 5309 Ad
3262 5252 3522 5307 imitatio-

266 5338 367 5392 τὸν
396 5339 736 5408 διδάσκαλον,
790 5348 854 5417 τῇ
885 5347 1104 5419 μηλωτῇ
1149 5349 1244 5402 τοῦ
1277 5351 1544 5421 Ἰορδάνου
1597 5352 1658 5407 τὸ
1704 5353 1836 5426 ὕδωρ

1958 5373 2080 5415 nem
2099 5359 2186 5415 sui
2219 5357 2574 5429 praeceptoris
2604 5346 2740 5409 nihil
2759 5352 2973 5413 dicens,
2989 5346 3158 5417 pallio
3179 5359 3379 5416 aquam
3399 5341 3523 5397 Jor-

266 5430 566 5520 επάταξεν,
619 5435 770 5489 οὐδὲν
822 5438 1083 5509 εἰρηκώς.
1128 5440 1341 5513 Ἱκανὴν
1395 5443 1452 5495 δὲ
1505 5445 1736 5515 νομίσας
1769 5440 1836 5511 είς

1958 5449 2119 5505 danis
2161 5448 2460 5520 percussit,
2486 5445 2713 5517 pallium
2754 5445 2819 5498 ad
2871 5437 3144 5496 edendum
3189 5434 3518 5490 miraculum

272 5518 730 5594 θαυματουργίας
774 5524 873 5595 τὴν
925 5528 1198 5599 μηλωτὴν,
1261 5531 1354 5584 τοῦ
1415 5533 1468 5586 δὲ
1520 5534 1712 5600 ὕδατος
1748 5537 1836 5607 οὐ)

1957 5518 2207 5595 suliicere
2227 5535 2574 5598 existimans,
2605 5546 2746 5604 aqua
2783 5542 2915 5586 vero
2942 5542 3050 5584 non
3082 5524 3333 5591 cedente,
3354 5522 3520 5579 Deum

355 5695 395 5727 "
434 5695 579 5754 Psal.
613 5715 693 5763 tv,
716 5702 768 5755 5.
848 5703 894 5735 ⁸⁸
922 5703 1067 5759 Psal.
1103 5721 1177 5771 xx,
1216 5707 1272 5760 9.
