3960 6230
275 416 409 482 1189

1202 420 1743 483 COMMENTARII
1810 422 1893 484 IN
1927 424 2074 485 LIB.
2112 425 2187 487 1V
2230 425 2523 486 REGUM.

3380 418 3513 485 1190

268 530 519 595 θάνατον,
553 530 748 601 φησὶν,
783 531 867 586 ἵνα
911 529 987 603 μὴ
1018 533 1135 603 μετ’
1153 532 1392 602 ἀθυμίας
1430 532 1714 597 ὑπεξέλθοι
1746 533 1835 587 τὸν

1967 552 2067 592 ηοοε
2099 552 2223 591 eum
2273 539 2628 604 moriturum,
2692 535 2893 607 inquit,
2920 551 2986 592 ne
3029 549 3151 591 cum
3205 546 3442 589 maerore
3463 542 3518 586 et

269 618 407 688 βίον.

338 710 450 764 Καὶ
502 709 797 765 ἐπέϐαλεν
841 710 939 764 ἐπὶ
982 712 1051 765 τὸ
1104 712 1433 780 πρόσωπον
1481 712 1705 776 αὐτοῦ,
1742 711 1843 766 καί

266 800 588 858 ἀπέθανεν.
615 798 725 855 τΗν
772 801 905 874 γὰρ,
946 804 1114 875 φησὶν
1147 803 1487 873 Ἰώσηππος,
1535 803 1742 875 ἀσεϐής
1784 794 1879 858 ἰε’

232 928 235 929 ν
268 892 363 945 καὶ
397 893 704 962 μιαιφόνος.
738 894 910 956 Αὐτὸς
956 895 1064 966 γὰρ
1116 896 1329 966 εἰρήκει
1354 912 1369 927 ο
1407 914 1425 948 ι
1457 896 1588 959 Θεὸς
1617 896 1785 967 ὀρέων
1816 896 1844 947 ὁ

267 982 400 1046 Θεὸς
435 983 672 1056 Ἰσραήλ.
702 1002 722 1035 ι
769 985 881 1038 Καὶ
913 985 1117 1051 ’σωθεὶς
1148 986 1253 1041 ὑπὸ
1287 986 1493 1057 Ἀχαὰ6
1512 1028 1528 1055 ,
1556 989 1845 1057 ἀχάριστος

267 1075 398 1144 περὶ
424 1074 516 1127 τὸν
547 1076 847 1146 εὐεργέτην
882 1077 1269 1149 ὲγένετο.”ορα
1299 1079 1355 1132 δὲ
1384 1079 1482 1149 τῆς
1507 1079 1687 1150 κακῆς
1718 1095 1846 1149 συγ-

266 1160 482 1231 γενείοις
511 1166 572 1219 τὸ
604 1167 773 1230 τέλος.
815 1167 942 1231 Υἱὸς
974 1168 1080 1241 γὰρ
1111 1168 1189 1224 ὢν
1221 1170 1491 1239 Ἰωσαφὰτ
1532 1171 1723 1242 ἀνδρὸς
1749 1171 1843 1225 εὐ-

266 1253 458 1317 σεϐοῦς
493 1255 718 1326 Ἰωρὰμ,
744 1257 850 1314 ὑπὸ
876 1258 974 1329 τῆς
1002 1258 1296 1329 ὁμοζύγου,
1325 1260 1599 1333 θυγατρὸς
1616 1260 1842 1333 ’Δχαέι6,

266 1347 403 1417 πρὸς
443 1346 703 1403 ἀσέϐειαν
733 1348 967 1403 ἔκλινεν.

336 1527 445 1581 Kal
473 1528 776 1584 ἐπέπεσεν
800 1530 901 1584 ἐπὶ
942 1530 1049 1586 τὸν
1082 1532 1291 1604 Ἐδώμ.
1317 1528 1497 1606 Ἧρχε
1543 1533 1651 1587 τῶν
1685 1534 1847 1587 Ἰδου-

268 1620 448 1689 μαίων
496 1622 524 1674 ὁ
573 1621 674 1692 τῆς
718 1622 889 1676 Ἰούδα
938 1624 1112 1694 φυλῆς
1160 1624 1433 1695 βασιλεύς.
1472 1623 1611 1677 Ἀλλ’
1661 1624 1847 1679 Ἰσαὰκ

266 1713 593 1782 προειρήκει
643 1715 771 1786 περὶ
832 1715 1031 1786 Ἑδώμ.
1064 1719 1257 1771 Ἔσται
1311 1717 1507 1787 καιρὸς
1572 1717 1735 1788 ήνίκα
1781 1717 1848 1773 ἂν

266 1801 524 1874 καθέλῃς,
552 1804 648 1858 καὶ
674 1804 910 1877 ὲκλύσῃς
957 1806 1049 1860 τὸν
1076 1806 1240 1876 ζυγὸν
1265 1806 1431 1861 αὑτοῦ
1462 1808 1573 1862 ἀπὸ
1597 1806 1692 1861 τοῦ
1715 1825 1848 1877 τρα-

1945 626 2053 679 vita
2078 627 2335 695 decedat.

2016 712 2181 769 Vsus.
2243 715 2329 770 15.
2404 714 2590 770 Posuit
2628 714 2819 784 faciem
2866 716 3001 785 ejus,
3026 724 3075 768 et
3128 725 3368 768 mortuus
3413 723 3511 768 est.

1944 801 2077 857 Erat
2103 804 2276 870 enim,
2310 814 2371 860 ut
2394 804 2669 877 Joseplius
2696 805 2850 872 dicit,
2888 806 3092 876 impius
3122 813 3174 858 et
3215 805 3512 858 homicida.

1945 895 2070 965 Ipse
2116 897 2264 951 enim
2322 896 2537 954 dixerat
2601 916 2618 953 :
2682 917 2701 951 ι
2756 897 2904 954 Deus
2955 896 3226 952 montium
3258 904 3343 951 est
3369 895 3514 949 Deus

1944 984 2252 1046 lsraelis".
2288 1007 2309 1042 ι
2344 985 2500 1044 Etab
2528 989 2752 1046 Achabo
2801 988 3078 1053 Servatus,
3132 987 3384 1059 ingratus
3413 984 3519 1039 fuit

1947 1080 2002 1135 in
2025 1078 2452 1137 benefactorem.
2486 1081 2622 1137 Vide
2670 1091 2849 1137 autem
2875 1122 2891 1148 ,
2933 1081 3145 1151 qualem
3193 1079 3399 1134 exitum
3443 1077 3519 1131 af-

1950 1169 2133 1227 ﬁnitas
2167 1185 2293 1226 cum
2325 1172 2485 1226 malis
2513 1181 2794 1227 contracta
2850 1153 3133 1228 sortiatur.
3160 1168 3320 1236 Nam,
3388 1169 3517 1222 licet

1944 1261 2153 1327 Joram,
2214 1263 2289 1332 pii
2340 1270 2393 1318 et
2426 1263 2671 1335 religiosi
2717 1264 2843 1329 viri,
2870 1263 3136 1333 Josaphat
3175 1262 3319 1317 [ilius
3348 1267 3515 1323 esset,

1946 1361 2129 1406 tamen
2162 1362 2384 1423 propter
2407 1368 2633 1409 uxorem
2660 1367 2816 1409 suam
2843 1353 3010 1407 ﬁliam
3041 1351 3250 1406 Achabi
3306 1351 3362 1405 in
3417 1350 3519 1404 im-

1947 1441 2203 1510 pietatem
2235 1440 2552 1495 declinavit.

2018 1528 2191 1586 Vsas.
2219 1530 2310 1584 20.
2353 1529 2423 1584 Et
2456 1531 2616 1584 irruit
2637 1531 2691 1584 in
2746 1528 2935 1607 Edam.
2980 1527 3092 1585 Rex
3134 1528 3311 1584 tribus
3373 1525 3513 1581 Juda

1947 1617 2206 1675 ldumaais
2236 1620 2546 1690 imperavit.
2574 1619 2725 1675 Isaac
2771 1634 2901 1674 vero
2932 1610 3007 1674 de
3053 1618 3223 1672 Edom
3255 1617 3519 1688 praedixe-

1949 1716 2033 1763 rat
2072 1728 2088 1766 :
2122 1709 2361 1780 Tempus
2384 1711 2588 1776 veniet,
2622 1718 2683 1764 ut
2711 1710 2900 1780 jugum
2931 1710 3104 1780 ipsius
3141 1716 3414 1768 conteras.
3463 1712 3520 1758 et

1949 1792 2198 1849 excutias
2231 1793 2301 1847 de
2329 1793 2471 1848 collo
2493 1803 2608 1848 tuo.
2651 1792 2809 1847 Nunc
2827 1792 2972 1848 enim
3003 1792 3315 1847 obtinentes
3347 1788 3521 1843 victo-

266 1866 580 1964 χήλουοου.
611 1896 751 1951 Νυνὶ
770 1866 996 1969 γὰρ-καὶ
1018 1866 1347 1969 νικηθέντες,
1374 1900 1637 1972 ἄρχεσθαι
1656 1866 1838 1955 λοιπὸν

1967 1884 2111 1949 iam,
2149 1866 2737 1959 deincepsjmperium
2772 1884 2884 1955 pati
2914 1887 3258 1938 recusarunt.

264 1986 366 2040 οὐκ
405 1987 718 2058 ἠνέσχοντο.

863 2081 1112 2137 ΚΕΦΑΛ.
1155 2080 1236 2135 Η’.

334 2168 443 2223 Kal
475 2168 620 2224 λάϐε
643 2168 752 2224 τὸν
785 2172 981 2242 φακὸν
1010 2173 1117 2227 τοῦ
1142 2173 1374 2231 ἐλαίου.
1415 2176 1494 2229 Δι’
1514 2177 1675 2233 ἄλλου
1707 2194 1844 2249 προσ

264 2262 438 2332 φήτου
475 2266 698 2334 κὲχρικε
728 2264 822 2318 τὸν
863 2262 1025 2334 Ἰηοῦ.
1062 2264 1253 2336 Λάθρα
1284 2269 1391 2341 γὰρ
1418 2270 1577 2324 τοῦτο
1595 2268 1846 2339 γενέσθαι

267 2350 763 2421 συνέφερεν.ὀστε
799 2353 891 2406 καὶ
923 2354 1204 2424 συντόμως
1229 2355 1581 2431 ἀναιρεθῆναι
1616 2358 1707 2411 τὸν
1736 2358 1845 2411 Ἰω-

267 2439 403 2510 ράμ.
437 2440 502 2493 El
535 2439 645 2512 γὰρ
678 2441 987 2513 προῄσθετο
1008 2481 1024 2509 ,
1071 2442 1163 2496 διὰ
1210 2445 1574 2514 παρατάξεως
1620 2446 1848 2509 πολλοὺς

264 2524 335 2599 ἦν
371 2529 587 2600 ἀνάγκη
628 2533 838 2585 πεσεῖν.

337 2619 452 2673 Kal
478 2620 697 2691 φεύξῃ,
732 2622 832 2676 καί
880 2624 995 2690 οὐχ
1026 2622 1367 2692 ὑπομενεῖς.
1396 2624 1514 2678 Ἵνα
1545 2625 1620 2696 μὴ
1653 2625 1845 2696 συλλη-

267 2710 425 2779 φθεὶς
454 2706 796 2785 κινδυνεύσῃ.
830 2712 1091 2767 Βούλεται
1136 2714 1245 2785 γὰρ
1297 2716 1446 2786 ἡμᾶς
1495 2717 1523 2768 ό
1571 2716 1701 2779 Θεὸς
1750 2721 1846 2770 καὶ

266 2801 641 2875 ἀνθρωπίναις
668 2803 1006 2873 οἰκονομίαις
1043 2804 1365 2876 κεχρῆσθαι.
1399 2807 1539 2869 Τοὺς
1570 2807 1678 2878 γὰρ
1702 2808 1847 2879 λόγῳ

264 2892 620 2965 τιμηθέντας,
652 2895 733 2958 είς
765 2893 887 2948 δέον
919 2897 1186 2968 προσήκει
1221 2896 1525 2969 κεχρῆσθαι
1549 2883 1626 2971 τῷ
1649 2899 1812 2972 λόγῳ.

345 3074 407 3130 Τί
443 3073 534 3128 ὅτι
577 3071 868 3142 εἰσῆλθεν
899 3076 932 3128 ό
954 3073 1291 3142 ἐπίληπτος
1332 3069 1510 3141 οὗτος
1547 3077 1700 3144 πρὸς
1729 3074 1848 3138 σέ;

275 3168 369 3254 Kl;
401 3165 685 3229 δυσσεϐεῖς
716 3164 941 3237 ὕϐριζον
975 3165 1069 3219 τοῦ
1115 3165 1255 3220 Θεοῦ
1303 3166 1431 3230 τοὺς
1485 3165 1846 3237 θεράποντας,
1876 3205 1921 3266 C

268 3248 368 3311 καὶ
396 3256 497 3327 τὴν
528 3256 709 3310 αὐτῶν
737 3259 1053 3329 παρρησίαν
1100 3257 1299 3329 μανίαν
1337 3257 1589 3312 ἐκάλουν.
1609 3258 1748 3329 Ἰηοῦ
1791 3258 1849 3312 δὲ

265 3349 370 3419 οὐχ
398 3346 474 3410 ὡς
506 3346 783 3414 παροινῶν
821 3346 1119 3418 ἀδολέσχην
1152 3344 1413 3403 ἐκάλεσεν
1434 3387 1449 3416 ,
1479 3347 1848 3427 λανθάνεινδὲ

271 3438 579 3511 πειραθείς.
1151 3431 1164 3445 ⁸

2502 2079 2987 2153 CAP.VHIUXL

2019 2168 2185 2226 Vsus.
2215 2172 2265 2225 1.
2305 2170 2445 2239 Cape
2477 2170 2787 2226 lenticulam
2812 2171 2935 2225 olei.
2961 2171 3066 2225 Per
3090 2171 3256 2225 alium
3289 2171 3520 2241 prophe-

1948 2269 2059 2315 tam
2085 2262 2251 2333 pnxit
2277 2260 2438 2317 Jeltu.
2466 2261 2612 2317 Utile
2634 2262 2780 2316 enim
2806 2268 2947 2326 erat,
2979 2269 3037 2315 ut
3097 2260 3200 2315 hoc
3225 2259 3365 2314 clam
3398 2275 3521 2329 per-

1950 2349 2225 2413 ﬁceretur,
2265 2359 2323 2403 ut
2338 2347 2524 2404 Joram
2554 2348 2719 2403 etiam
2736 2347 2886 2403 brevi
2914 2346 3335 2413 interﬁceretur.
3356 2346 3518 2408 Nam,

1949 2437 1996 2492 si
2029 2436 2417 2505 praescivisset,
2434 2438 2706 2493 instructa
2734 2435 2853 2490 acie
2870 2411 3073 2490 multo‘s
3091 2435 3291 2490 cadere
3311 2433 3516 2489 fuissiit

1950 2537 2194 2578 necesse.

2023 2611 2188 2668 Vens.
2214 2613 2269 2668 '5.
2301 2611 2369 2666 Et
2393 2615 2583 2685 fugies,
2609 2622 2657 2667 et
2688 2630 2795 2669 non
2822 2613 3077 2666 manebis.
3135 2610 3214 2667 Ne
3266 2625 3522 2681 compre-

1949 2701 2156 2757 hensus
2212 2703 2515 2773 periculum
2562 2704 2836 2758 incurras.
2871 2701 3004 2757 Vult
3034 2700 3180 2756 enim
3219 2699 3388 2765 Deus,
3463 2711 3522 2754 ut

1950 2791 2194 2847 humano
2251 2793 2466 2859 ordine,
2517 2801 2574 2848 et
2626 2792 2823 2848 mediis
2882 2802 3125 2847 utamur.
3187 2791 3315 2846 Illos
3347 2792 3519 2855 enim,

1950 2899 2089 2955 quos
2121 2886 2331 2941 ratione
2361 2886 2504 2941 Deus
2529 2886 2769 2949 ornavit,
2803 2895 3070 2956 quantum
3114 2899 3346 2942 necesse
3412 2897 3516 2950 est,

1952 2979 2029 3034 uti
2062 2977 2279 3032 ratione
2316 2977 2593 3032 convenit.

2023 3068 2188 3126 Vens.
2224 3069 2311 3124 11.
2342 3069 2520 3136 Quare
2544 3070 2808 3139 ingressus
2846 3077 2924 3123 est
2951 3069 3175 3123 insanus
3201 3069 3302 3123 iste
3324 3066 3394 3122 ad
3420 3076 3469 3124 te
3495 3069 3521 3122 7

1952 3162 2151 3217 Servos
2181 3160 2298 3225 Dei,
2326 3169 2584 3230 tanquam
2632 3159 2872 3229 impios,
2939 3158 3272 3214 contumelia
3326 3157 3525 3214 allicie-

1952 3254 2109 3320 bant;
2135 3260 2189 3307 et
2221 3253 2525 3307 libertatem
2554 3251 2832 3322 loquendi,
2866 3267 2976 3322 qua
3023 3252 3323 3307 utebantur
3372 3251 3525 3307 insa-

1952 3348 2097 3404 niam
2120 3346 2483 3418 appellabant.
2523 3343 2665 3401 Jebu
2692 3360 2824 3401 vero
2881 3351 3206 3416 nugatorem
3228 3353 3283 3399 et
3328 3359 3521 3413 garru-

1951 3440 2063 3493 lum
2079 3438 2296 3493 vocavit
2330 3437 2684 3507 prophetam;
2720 3449 2830 3490 non
2879 3434 3027 3505 quod
3073 3433 3511 3490 contumeliosus

1868 3581 1876 3587 .
1950 3530 2004 3584 in
2056 3544 2180 3585 eum
2210 3538 2377 3593 esset,
2405 3526 2498 3583 sed
2517 3535 2576 3581 ut
2610 3527 2824 3581 occulte
2864 3526 3081 3581 lateret.

358 3616 643 3685 Ἁραμειν.
683 3614 824 3678 Τοὺς
869 3614 1079 3685 Σύρους
1117 3615 1294 3679 οὕτως
1336 3616 1617 3670 ἐκάλεσεν.
1634 3616 1859 3688 ’ΔραμάΔ

267 3708 399 3775 γὰρ,
431 3707 480 3759 οί
511 3704 692 3775 Σύροι.
724 3703 882 3759 Οὕτω
912 3706 970 3759 δὲ
998 3705 1095 3759 καὶ
1124 3706 1174 3759 οί
1200 3705 1356 3760 ἄλλοι
1380 3705 1757 3778 ήρμήνευσαν.

343 3797 452 3851 Καὶ
484 3796 522 3863 ἠ
547 3795 769 3865 ἀγωγὴ,
794 3796 992 3866 ἀγωγὴ
1024 3795 1207 3863 Ἰηοῦ.
1249 3795 1540 3868 Πόρρωθεν
1566 3798 1594 3849 ὁ
1627 3797 1846 3863 σκοπὸς,

266 3888 605 3958 θεασάμενος
633 3888 707 3951 ὼς
735 3888 784 3941 οί
817 3888 916 3958 μὲν
939 3889 1337 3951 ἀποσταλέντες
1362 3888 1462 3943 ούκ
1487 3881 1847 3960 ἀνέστρεψᾶν,

264 3982 299 4034 ὁ
325 3979 383 4032 δὲ
411 3978 506 4032 τοῦ
527 3977 767 4048 πλήθους
798 3978 1102 4049 ἡγούμενος
1130 3979 1309 4034 ἔοικεν
1337 3975 1480 4033 εῖναι
1503 3978 1663 4049 Ἰηοῦ,
1694 3977 1850 4033 τοῦτο

228 4135 241 4147 ι
271 4071 384 4141 γὰρ
429 4069 492 4122 τὸ
538 4068 725 4139 σχῆμα
775 4067 994 4139 ἐδήλου⁹
1050 4070 1345 4140 ἐμήνυσεν,
1396 4070 1532 4141 ὅπερ
1582 4067 1845 4139 ἑώρακεν.

271 4160 434 4214 Ἐνια
470 4159 652 4230 μέντοι
714 4159 824 4213 τῶν
849 4161 1199 4231 ἀντιγράφων
1226 4159 1358 4232 ἔχει·
1379 4160 1488 4216 Kal
1510 4164 1542 4216 ό
1561 4161 1723 4232 ἄγων
1743 4155 1851 4231 ἦτε

266 4252 381 4306 τὸν
407 4249 565 4319 Ἰηοῦ
585 4253 619 4304 ὁ
640 4250 806 4317 Θεός.
842 4286 843 4289 η
1098 4307 1108 4315 ,

877 4345 1129 4399 ΚΕΦΑΛ.
1170 4342 1249 4398 ϐ’.

357 4436 510 4493 Ἰδοὺ
533 4437 649 4507 ἐγὼ
667 4434 1118 4503 συνεοτράφην.
1160 4433 1323 4501 Ἐγὼ,
1352 4433 1538 4505 φησὶν,
1554 4434 1628 4498 ὡς
1649 4451 1849 4505 τυραν-

2021 3621 2309 3683 Αναηιείιιι.
2365 3617 2535 3691 Syros
2577 3619 2685 3673 hoc
2724 3616 2889 3673 modo
2958 3614 3275 3685 appellavit.
3314 3616 3517 3668 Arama

1950 3712 2094 3767 enim
2121 3709 2274 3783 Syri;
2305 3712 2385 3767 sic
2408 3712 2571 3766 etiam
2614 3708 2706 3763 alii
2730 3713 3135 3778 exposuerunt.

2022 3802 2187 3860 Vens.
2218 3805 2302 3859 15.
2343 3802 2564 3858 Incessu
2600 3800 2758 3854 Jeltu.
2789 3799 3112 3869 Speculator
3134 3797 3279 3853 enim
3305 3798 3527 3868 conspi-

1950 3904 2126 3960 catus,
2151 3896 2294 3963 ιιιιοιΙ
2326 3894 2512 3949 emissi
2542 3906 2651 3947 non
2676 3898 3105 3955 reverterentur,
3132 3904 3367 3959 cumque
3412 3888 3523 3944 dux

1951 3983 2307 4050 turbte,.lebu
2342 3984 2539 4039 similis
2565 3996 2689 4038 esse
2734 3981 3018 4037 videretur
3062 3978 3315 4051 (habitus
3376 3983 3521 4035 enim

1951 4075 2003 4130 id
2024 4076 2354 4145 declarabat)
2387 4074 2716 4144 signiﬁcavit
2771 4072 3035 4143 quidnam
3065 4071 3316 4126 vidisset.
3352 4069 3516 4138 Quae-

1950 4166 2072 4220 dam
2108 4166 2255 4221 enim
2304 4165 2638 4236 exemplaria
2706 4164 2959 4228 habent:
3004 4162 3150 4216 Deus
3201 4164 3311 4229 dua
3369 4162 3527 4215 duxit

1950 4263 2120 4328 ipsum
2135 4259 2295 4315 lehu.

2430 4350 2433 4353 ’
2537 4346 2939 4419 εΑρ.υιβη.

2022 4441 2189 4496 Vitas.
2218 4442 2274 4496 ἓ.
2330 4440 2464 4494 Ecce
2509 4456 2604 4509 ego
2665 4454 2945 4493 conuersus
2969 4452 3108 4490 sum.
3144 4435 3275 4504 Ego,
3327 4438 3524 4506 inquit,

270 4529 439 4600 νῆσαι
473 4529 819 4601 βουλόμενος,
850 4526 1062 4581 ἀνεῖλον
1091 4525 1181 4578 τὸν
1201 4527 1429 4596 Ἰωράμ.
1467 4526 1605 4590 Τοὺς
1626 4527 1684 4580 δὲ
1703 4526 1845 4581 ἀδελ-

1967 4541 2020 4586 ιιι
2046 4547 2268 4602 regnum
2301 4543 2565 4599 occupem
2591 4570 2605 4594 ,
2641 4528 2843 4583 sustuli
2871 4524 3058 4580 Joram
3089 4541 3105 4590 ;
3157 4524 3351 4578 fratres
3394 4542 3525 4580 vero

271 4622 407 4691 φοὺς
437 4621 628 4686 αὐτοῦ,
660 4619 1034 4691 ἑϐδομήκοντα
1066 4617 1225 4680 ὄντας
1252 4617 1345 4670 τὸν
1374 4616 1626 4688 ἀριθμὸν,
1658 4618 1742 4680 τίς
1763 4618 1856 4672 ἀν-

1956 4625 2130 4692 ipsius
2166 4638 2395 4677 numero
2424 4620 2797 4689 septuaginta
2824 4658 2840 4683 ,
2865 4618 2990 4688 quis
3039 4616 3303 4671 sustulit?
3344 4632 3525 4671 nonne

269 4712 448 4779 εῖλεν;
501 4713 614 4784 Οὐχ
661 4714 695 4783 ή
742 4712 1056 4780 θελήματος
1103 4708 1282 4780 ὀργὴ,
1346 4711 1460 4771 τοῖς
1504 4709 1845 4772 οἰκειοτάτοις

1967 4715 2266 4773 voluntaria
2314 4714 2413 4777 ira,
2466 4727 2587 4781 quze
2642 4711 2958 4766 domesticis
3006 4708 3071 4762 ad
3108 4708 3212 4762 hoc
3255 4708 3526 4761 ministris

270 4804 573 4872 ὑπουργοῖς
594 4801 915 4873 χρησαμένη
940 4820 952 4860 ;
986 4799 1264 4868 Ἀψευδεῖς
1288 4795 1529 4869 ἄρα’τῶν
1557 4800 1845 4871 προφητῶν

1967 4819 2050 4859 isa
2084 4801 2350 4859 esthon
2388 4802 2558 4871 igitur
2589 4815 2723 4854 vana
2767 4807 2895 4855 sunt
2939 4799 3325 4869 prophetarum
3384 4798 3521 4850 vati-

272 4896 329 4946 αἱ
370 4895 723 4964 προρρήσεις.

1967 4898 2112 4952 :inia.

344 4985 454 5039 Kal
489 4982 723 5048 πάντας
766 4980 910 5045 τοὺς
949 4979 1262 5049 γνωστοὺς
1295 4980 1503 5034 αὐτοῦ.
1544 4980 1682 5044 Τοὺς
1714 4981 1845 5051 μάν-

2025 4984 2191 5041 Vsns.
2216 4985 2266 5040 5.
2313 4984 2505 5041 Omnes
2542 4974 2765 5057 scientia
2804 4990 2855 5037 et
2892 4980 3186 5051 cognitione
3247 4976 3520 5047 praeditos.

240 5081 405 5143 ’τεις,
432 5076 559 5140 τοὺς
586 5074 870 5145 οἰομένους
903 5072 1099 5126 εἰδέναι
1126 5072 1196 5129 τά
1223 5070 1729 5143 μίλλοντα.Ὦσπερ
1748 5071 1845 5142 γὰρ

1967 5075 2056 5131 Per
2082 5075 2332 5144 γνώστας
2366 5072 2621 5144 intelligit
2674 5089 2932 5144 augures,
2992 5083 3043 5126 et
3073 5070 3375 5138 aruspices,
3429 5071 3519 5137 qui

270 5167 537 5236 ὁρῶντας
567 5166 669 5220 καί
697 5165 1047 5229 ,βλέποντας
1071 5202 1086 5227 ,
1122 5163 1249 5225 τοὺς
1289 5162 1577 5233 προφήτας
1603 5161 1854 5224 ἐκάλουν,

270 5259 417 5327 οὕτω
447 5261 540 5313 καὶ
569 5259 813 5321 τούτους,
841 5258 917 5319 ὡς
948 5256 1017 5308 τὰ
1045 5255 1308 5326 μέλλοντα
1356 5254 1518 5323 δῆθεν
1550 5256 1641 5307 καὶ
1670 5257 1737 5308 τὰ
1767 5271 1857 5309 κε-

273 5352 567 5422 κρυμμένα
621 5348 1011 5416 γινώσκοντας.

347 5528 458 5583 Kal
506 5523 644 5594 εὗρε
685 5527 793 5579 τὸν
826 5524 1127 5581 Ἰωναδιὶϐ.
1172 5524 1413 5595 Εὐσεϐὴς
1445 5524 1583 5595 ἀνὴρ
1616 5524 1707 5577 καὶ
1753 5526 1851 5578 αύ-

271 5621 403 5689 τδς,
442 5619 535 5673 καὶ
569 5617 628 5670 τὸ
665 5617 838 5684 γένος.
867 5616 956 5667 Ἐν
989 5618 1211 5685 σκηναῖς
1246 5616 1351 5686 γὰρ
1379 5617 1682 5670 διετέλεσαν
1716 5633 1848 5669 κατ-

315 5796 364 5828 ⁵⁶
431 5793 492 5847 111
544 5794 678 5862 Reg.
714 5810 804 5861 xx,
843 5793 926 5847 €28.

1979 5174 2139 5221 utura
2172 5166 2465 5235 providere
2492 5166 2850 5237 putabantur.
2882 5163 3015 5217 Nam
3056 5162 3518 5230 quemadmolum

1956 5259 2247 5329 prophetas
2276 5259 2525 5315 videntes
2561 5257 2826 5330 (ὁρῶντας
2853 5256 2948 5309 καὶ
2979 5254 3303 5324 βλέποντας)
3335 5254 3520 5321 appel-

1958 5352 2179 5416 labant,
2210 5352 2290 5405 sic
2323 5351 2445 5405 illos
2478 5364 2720 5421 quoque,
2758 5355 2815 5402 ut
2845 5347 2939 5416 qui
2999 5344 3185 5398 futura
3213 5354 3268 5396 ct
3292 5402 3297 5411 ι
3321 5358 3520 5396 arcana

1958 5446 2374 5507 cognoscerent.
3476 5508 3483 5513 _

2032 5527 2196 5584 Vens.
2241 5529 2328 5584 15,
2360 5528 2427 5582 Et
2457 5524 2941 5582 invenitlonadab.
2994 5523 3113 5578 Non
3143 5527 3258 5590 Ipse
3309 5530 3518 5606 ιιιιιιιιιι

1954 5619 2039 5674 vir
2069 5622 2188 5689 pius
2222 5627 2275 5674 et
2308 5619 2597 5689 religiosus
2612 5624 2729 5673 erat
2749 5658 2762 5683 ,
2789 5617 2881 5672 sed
2906 5632 2970 5671 cx
3003 5616 3091 5686 pio
3111 5615 3274 5671 etiam
3290 5628 3517 5705 genee;
