3960 6230
523 362 679 441 '1191
749 384 763 403 ι
1182 410 1187 413 -
1881 330 2237 425 raucum
2271 365 2512 426 eam:
3667 374 3774 441 “92

532 477 591 535 in
616 477 867 535 tentoriis
897 477 1042 534 enim
1111 483 1375 547 perpetuo
1432 477 1734 548 degebant,
1786 483 1839 531 et
1892 477 1961 530 ab
2018 476 2109 529 vin

2235 476 2548 544 οικοῦντες,
2577 479 2671 532 καὶ
2721 478 2821 547 τῆς
2868 479 2960 530 τοῦ
3012 477 3156 532 οἴνου
3207 478 3413 543 πόσεως
3468 484 3771 553 ἀπεχόμενοι.

531 587 635 625 usu
660 568 1027 624 abstinebant.
1088 565 1354 622 Ieremias
1398 568 1661 639 propheta
1737 567 1957 623 illorum
1997 581 2113 619 cum

2231 568 2452 622 Τούτων
2476 572 2572 627 καὶ
2599 573 2627 623 ὁ
2661 572 2951 640 προφήτης
2985 570 3256 641 Ἱερεμίας
3287 572 3344 622 ὲν
3370 573 3606 638 ἐπαίνοις
3636 579 3772 649 ἐμνή-

530 659 697 714 laude
727 657 1062 713 mentionem
1103 656 1250 711 fecit.
1309 655 1425 712 Hoc
1480 673 1641 725 vero,
1673 658 1952 714 benedixit
1974 671 2113 723 cum,

2229 659 2353 731 σθη.
2385 660 2459 713 Td
2478 660 2557 725 δὲ,
2595 662 2706 714 Καὶ
2731 661 3029 737 εὐλόγησεν
3056 661 3248 725 αὐτὸν,
3285 662 3406 715 ἀντὶ
3438 662 3530 716 τοῦ
3549 703 3564 727 ,
3594 672 3776 736 προσεί-

532 751 674 806 idcm
724 759 807 805 est
852 748 1030 820 quod,
1059 749 1336 803 allocutus
1372 759 1458 804 est
1488 765 1635 805 eum.

2235 769 2338 804 πεν
2379 753 2562 806 αὐτόν.

603 842 715 912 Ego
740 840 966 896 serviam
996 842 1044 893 ei
1079 840 1329 896 multum.
1355 840 1660 897 Consilium
1687 848 1741 899 et
1770 857 1996 914 scopum
2025 840 2113 896 ob

2298 843 2405 897 Kal
2465 844 2581 913 ἐγὼ
2634 843 2952 899 δουλεύσω
3003 845 3167 911 αὐτῷ
3216 846 3437 900 πολλὰ.
3478 847 3576 901 Τὸν
3614 850 3778 903 σκοπὸν

530 952 752 992 servare
776 942 1028 1005 oportet;
1084 934 1215 989 fecit
1244 936 1392 990 enim
1427 936 1556 1000 hoc,
1590 951 1662 991 ne
1693 936 1969 1007 quispiam
2026 949 2113 1004 per

2223 935 2472 1004 ὁρατέον,
2504 936 2555 987 εἰ
2597 935 2689 988 καὶ
2734 936 2785 988 οἱ
2826 936 2977 1004 λόγοι
3003 935 3219 1005 ψεκτοι,
3253 935 3426 990 Τοῦτο
3452 935 3558 1007 γὰρ
3582 938 3703 1008 πρὸς
3727 941 3776 991 τὶ

531 1028 717 1097 fugam
743 1027 1096 1093 elaberetur;
1146 1028 1468 1085 sacerdotes
1512 1044 1642 1085 vero
1696 1028 1790 1085 Dei
1862 1036 2113 1098 tanquam

2229 1026 2437 1094 μηδένα
2456 1026 2761 1094 διαφυγεῖν.
2780 1028 2919 1090 Toin.
2942 1027 2999 1081 δὲ
3029 1028 3212 1091 θείους
3244 1028 3446 1099 ἱερέας,
3468 1029 3541 1091 ὡς
3561 1028 3777 1094 ἀναξίους

529 1121 787 1190 indignos
817 1120 1035 1192 abegit;
1073 1135 1278 1176 cavens
1320 1122 1583 1177 nimirum
1612 1136 1684 1177 ne
1731 1119 1866 1192 quid
1902 1121 2121 1178 adversi

529 1220 851 1281 paterentur

602 1298 773 1355 Vens.
807 1300 900 1354 21.
932 1300 971 1352 Α
1007 1303 1247 1356 sinistris
1278 1302 1515 1356 Baalim.
1548 1302 1641 1368 Ἐξ
1695 1303 2002 1373 ἀριστερῶν
2028 1302 2122 1356 τοῦ

529 1391 767 1461 Βααλίμ.
806 1391 1094 1462 Templum
1132 1393 1259 1447 Baal
1287 1394 1389 1447 hoc
1419 1392 1581 1447 modo
1612 1393 1929 1463 appellavit.

720 1494 731 1497 -
1043 1483 1199 1539 CAP.
1243 1484 1287 1539 Χ
1318 1483 1461 1556 [XI].

601 1575 765 1629 Vens.
805 1575 856 1628 l.
893 1574 961 1627 Et
1001 1575 1268 1629 Ocltozias
1304 1574 1373 1628 ad
1408 1575 1689 1630 Asaltelem
1731 1575 2002 1643 profectus
2019 1584 2119 1628 est.

529 1669 739 1722 Achabi
769 1668 914 1721 enim
946 1684 1120 1737 gener
1157 1676 1300 1723 erat.

602 1760 809 1815 Deiecit
839 1776 994 1814 omne
1024 1760 1201 1815 semen
1224 1763 1451 1832 regium.
1502 1761 1674 1832 Impia
1699 1762 1848 1817 enim
1882 1776 2007 1816 cum
2032 1775 2121 1817 es-

529 1860 633 1917 set,
656 1860 710 1906 et
741 1852 977 1908 subditis
1030 1819 1367 1923 impietatem
1420 1819 1721 1909 obtrndere
1766 1860 1822 1908 et
1854 1852 2125 1920 imperare
2154 1819 2197 1875 Β

527 1943 908 2010 decrevisset;
976 1958 1150 2013 genus
1219 1943 1429 2013 regale,
1494 1943 1702 2013 quippe
1762 1941 2117 2012 religiosum,

530 2034 778 2088 funditus
815 2032 1000 2088 delere
1050 2042 1104 2089 et
1134 2035 1447 2104 exstirpare
1501 2034 1700 2089 voluit.
1744 2032 1889 2088 Deus
1913 2038 2119 2096 autem,

527 2124 620 2190 qui
650 2122 837 2177 omnia
868 2125 1153 2194 sapienter
1180 2125 1459 2195 gubernat
1518 2116 1815 2194 et'dirigit,
1844 2121 2121 2177 ordinavit

527 2214 747 2276 iterum,
778 2221 837 2267 nt
865 2216 1011 2284 regia
1065 2215 1277 2269 familia
1336 2215 1672 2272 sacerdotali
1752 2215 2114 2278 misceretur;

525 2302 894 2373 utqueJoiada
923 2306 1167 2375 pontifex
1195 2304 1643 2377 sapientissimus
1668 2304 1918 2362 .losabezn
1943 2286 2115 2357 illlam

522 2392 710 2448 Joram
745 2377 1266 2460 uxorem'duceret,
1304 2407 1362 2450 ut
1387 2397 1691 2453 scintillula
1736 2396 1869 2466 regii
1895 2396 2117 2466 generis

522 2494 972 2541 conservaretur.
1018 2488 1141 2557 Ipsa
1183 2490 1331 2543 enim
1367 2491 1508 2543 clam
1552 2489 1830 2544 subtraxit
1856 2499 2113 2557 nepotem

521 2592 588 2631 ex
617 2578 789 2632 fratre
816 2575 994 2643 Joam,
1034 2594 1197 2650 quem
1246 2580 1490 2650 prudens
1544 2581 1637 2635 ille
1670 2577 1934 2634 sacerdos
1993 2588 2115 2647 post

521 2679 736 2725 sextum
770 2671 990 2725 tandem
1020 2686 1223 2726 annum
1263 2688 1429 2742 regno
1457 2673 1720 2727 restitu't.

598 2762 762 2817 Vens.
804 2762 861 2816 4.
901 2761 1120 2828 Cltorri,
1164 2773 1212 2818 et
1250 2763 1454 2817 Rasim.
1487 2763 1761 2818 Cursorcs
1806 2769 1860 2816 et
1905 2759 2113 2815 satelli-

522 2865 647 2923 tes;
683 2858 774 2911 alii
844 2855 1145 2911 scutifcrus
1220 2866 1275 2909 et
1321 2856 1589 2909 satellites
1619 2861 1919 2922 exponunt.
1949 2850 2110 2905 Juxta

520 2962 810 3005 currentes
854 2964 988 3003 vero
1024 2959 1183 3002 vocat
1228 2950 1624 3017 praecedentes.
1678 2953 1731 2999 et
1777 2944 2111 2998 deducentes

520 3056 729 3111 regem.“
779 3040 906 3095 Illos
935 3041 988 3093 in
1034 3048 1148 3094 tres
1194 3041 1418 3094 ordines
1446 3038 1762 3101 distribuit;
1797 3038 1934 3092 alios
1963 3037 2108 3090 enim

521 3133 725 3201 regiam
758 3130 1042 3185 custodire
1083 3130 1284 3199 jussit;
1333 3131 1473 3185 alios
1503 3129 1694 3198 templi
1726 3129 2061 3183 vestibulum
2090 3145 2105 3195 ;
2142 3159 2186 3222 Ο

522 3222 660 3278 alios
690 3231 903 3292 portam
948 3223 1204 3276 alteram.

2226 1113 2416 1186 δῆθεν,
2451 1114 2728 1187 ἀπήλασε,
2757 1114 2818 1168 τὸ
2857 1113 2933 1186 μὴ
2967 1113 3165 1168 παθεῖν
3194 1115 3614 1186 φυλαττόμενος.

2311 1295 2411 1360 Ἐξ
2440 1295 2773 1366 ἀριστερῶν
2792 1297 2896 1352 τοῦ
2922 1296 3177 1367 ΒααλΙμ.
3219 1295 3323 1351 Τὸν
3353 1296 3447 1350 τοῦ
3480 1294 3620 1349 Βαὰλ
3644 1308 3777 1366 orata:

2225 1388 2401 1452 οὕτως
2431 1390 2712 1444 ἐκάλεσεν.

2854 1487 2895 1538 Κ
2904 1485 3075 1538 ΕΦΔΛ
3087 1524 3103 1540 .
3144 1487 3199 1540 l'.

2298 1576 2407 1630 Kal
2457 1576 2749 1645 ἐπορεύθη
2785 1576 3045 1646 Ὀχοζίας
3080 1577 3181 1632 ἐπὶ
3217 1576 3461 1643 Ἀζαήλ.
3507 1578 3633 1637 Ὅτι,
3663 1592 3776 1644 γαμ-

2224 1666 2356 1737 ϐρδς
2390 1663 2459 1738 ἦν
2495 1667 2592 1721 τοῦ
2631 1668 2824 1738 ’Δχά6.
2966 1654 2979 1667 ’

2297 1758 2407 1812 Καὶ
2451 1758 2732 1813 ἀπώλεσε
2763 1758 2888 1817 πᾶν
2913 1759 2995 1814 ’τὸ
3036 1760 3277 1830 σπέρμα
3317 1759 3433 1828 τῆς
3470 1758 3773 1824 βασιλείας.

2238 1849 2326 1914 Ὧς
2361 1849 2584 1921 ἀσεσὴς.
2615 1852 2711 1906 καὶ
2740 1850 3011 1924 κρατῦναι
3038 1851 3269 1906 θέλουσα
3290 1855 3407 1914 τοῖς
3435 1849 3684 1922 ὑπηκόοις
3701 1848 3777 1917 τὴν

2222 1941 2509 2006 ἀσέϐειαν,
2543 1942 2619 2007 ὡς
2654 1926 2978 2006 εὐσεϐὲςσδ
3014 1943 3297 2014 βασιλικὸν
3337 1943 3510 2015 ἄρδην
3552 1940 3775 2011 ἀφανίσαι

2220 2033 2378 2102 γένος
2432 2034 2721 2105 ἠθέλησεν.
2741 2036 2885 2089 Ἀλλ’
2914 2038 2942 2090 ὁ
2990 2036 3171 2091 πάντα
3217 2035 3400 2103 σοφῶς
3447 2033 3636 2088 ἰθύνων
3675 2030 3779 2093 Θεὺς

2220 2129 2637 2199 παρεσκεύασεν
2671 2125 2827 2194 αὖθις
2872 2133 2938 2201 τῇ
2986 2129 3243 2201 βασιλικῇ
3274 2129 3374 2201 τὴν
3404 2125 3684 2198 ἱερατικὴν
3712 2140 3777 2194 μι-

2217 2219 2385 2289 γῆναι
2418 2221 2626 2292 φυλὴν,
2659 2221 2755 2276 καὶ
2793 2222 2883 2275 τδν
2908 2222 3098 2276 Ἰωδαὲ
3120 2263 3133 2286 ,
3166 2222 3259 2274 τὸν
3294 2220 3610 2291 σοφώτατον
3640 2216 3774 2286 ἱερέα,

2216 2312 2393 2382 γῆμαι
2434 2312 2532 2384 τὴν
2560 2313 2844 2367 Ἱωσαϐεαὶ
2887 2313 2983 2367 τοῦ
3010 2313 3221 2385 Ἰωρὰμ
3251 2313 3555 2384 θυγατέρα,
3588 2309 3675 2365 ἵνα
3700 2325 3775 2376 φυ-

2215 2402 2388 2474 λαχθῇ
2420 2403 2514 2457 τοῦ
2544 2403 2832 2472 βασιλικοῦ
2873 2405 3066 2474 γένους
3094 2405 3122 2457 ὁ
3151 2403 3653 2475 σπινθήρ.Ἔκλεψε
3692 2401 3775 2469 γὰρ

2216 2495 2355 2565 αὕτη
2383 2496 2473 2550 τὸν
2504 2497 2818 2567 ἀδελφιδοῦν
2838 2496 3018 2561 Ἰωάς,
3048 2497 3107 2550 ὃν
3136 2498 3164 2550 δ
3198 2496 3363 2564 σοφὸς
3401 2496 3583 2568 ἱερεὺς
3604 2497 3665 2565 τῇ
3697 2492 3772 2562 βα-

2217 2588 2396 2660 σιλείᾳ
2423 2587 2544 2659 μεθ’
2572 2588 2733 2642 ἕκτον
2764 2588 2885 2652 ἔτος
2914 2588 3218 2643 ἀπέδωκεν.

2289 2766 2405 2820 Τὸν
2430 2764 2629 2835 Χορῤὶ,
2667 2763 2901 2819 καὶτὸν
2941 2763 3180 2835 Ῥασίμ.
3224 2762 3367 2839 Τοὺς
3418 2764 3655 2837 δρομεῖς.
3698 2758 3771 2813 καὶ

2212 2856 2338 2927 τοὺς
2377 2854 2731 2925 δορυφόρους.
2759 2853 2917 2917 Τινὲς
2945 2853 3025 2919 δὲ,
3058 2854 3497 2926 ἀσπιδηφόρους,
3531 2853 3621 2906 καὶ
3644 2848 3768 2919 δορυ.

2213 2947 2434 3018 φόρους.
2475 2946 2929 3016 ῐΙαρατρέχοντας
2970 2945 3027 2998 δὲ
3072 2945 3246 3014 λέγει,
3293 2946 3425 3009 τοὺς
3478 2940 3767 3015 ἡγουμένους

2210 3039 2304 3093 τοῦ
2340 3038 2630 3110 βασιλέως,
2664 3038 2889 3101 τούτους
2921 3039 3085 3109 τριχῆ
3106 3034 3318 3093 διελών.
3345 3037 3490 3100 Τοὺς
3540 3035 3650 3106 μὲν,
3674 3030 3766 3085 ὲ.κέ-

2217 3133 2374 3185 λευσε
2427 3131 2717 3201 φυλάττειν
2766 3131 2861 3184 τοῦ
2896 3130 3164 3201 βασιλέως
3212 3130 3307 3183 τὸν
3355 3125 3540 3184 οἶκον·
3568 3127 3683 3189 τοὺς
3704 3124 3762 3188 δὲ,

2184 3223 2316 3290 ,τὴν
2340 3224 2544 3278 εἴσοδον
2567 3224 2661 3277 τοῦ
2691 3222 2796 3276 νεώ
2823 3239 2838 3254 ·
2871 3223 2998 3286 τοὺς
3024 3223 3100 3287 δὲ,
3128 3221 3231 3295 τὴν
3259 3222 3442 3293 πύλην
3466 3221 3563 3292 τὴν
3585 3218 3760 3290 ἑτέραν.

2287 3313 2556 3371 Μεσσαέ.
2584 3315 2627 3367 Τ
2630 3314 2660 3367 ὸ
2691 3314 2975 3369 «Meosne»
3003 3314 3054 3367 οἱ
3077 3313 3276 3379 λοιποὶ,
3299 3313 3423 3368 ἀπὸ
3454 3306 3760 3382 διαφθορᾶς,

594 3314 823 3369 Messae.
876 3313 991 3369 lloc
1028 3312 1354 3369 vocabulum
1404 3314 1603 3385 reliqui
1645 3312 1754 3367 ἀπὸ
1785 3310 2107 3382 διαφθορᾶς,
2153 3345 2158 3348 -

2212 3408 2581 3483 ἡρμήνευσαν.
2612 3406 2776 3476 Δηλοί
2797 3405 3043 3471 δὲ,“ὦστε
3072 3387 3348 3476 μηδεμῖαν
3379 3402 3629 3473 γενέσθαι
3655 3398 3758 3469 ﬁla-

521 3404 575 3460 id
621 3405 834 3475 esthab
866 3404 1087 3459 interitu
1132 3413 1531 3475 exposuerunt.
1588 3403 1873 3475 Significat
1902 3411 2107 3464 autem,

522 3498 729 3550 mdium
761 3497 1024 3551 damnum
1059 3497 1249 3551 domui
1280 3496 1378 3551 Dei
1418 3498 1628 3551 illatum
1656 3510 1798 3552 esse.
1837 3493 1952 3555 Hoc
1977 3507 2108 3546 vero

2215 3501 2316 3571 δην
2348 3502 2407 3554 ἐν
2432 3499 2508 3571 τῷ
2536 3499 2672 3569 οἴκῳ
2690 3497 2767 3567 τῷ
2801 3497 2951 3569 θείῳ.
2982 3498 3056 3550 Τὸ
3083 3497 3163 3565 δὲ,
3194 3496 3287 3550 δύο
3341 3500 3528 3569 χεῖρες
3554 3499 3609 3549 ὲν
3639 3493 3758 3562 ὑμῖν,

520 3589 642 3643 dua:
709 3604 906 3644 manus
970 3591 1024 3644 in
1056 3589 1234 3655 vobis,
1289 3605 1391 3659 pro
1423 3605 1488 3644 eo
1522 3589 1669 3659 quod
1738 3596 1844 3653 est,
1874 3584 2107 3655 -intcgri

2214 3594 2335 3646 ἀντὶ
2358 3591 2477 3658 τοῦ,
2510 3590 2844 3664 ἇρτιοιέστε,
2867 3592 2960 3645 καὶ
2982 3593 3176 3659 ὑγιεῖς,
3208 3592 3304 3645 καὶ
3338 3591 3519 3645 ἱκανοὶ
3540 3584 3757 3657 φυλάξαι.

519 3683 676 3748 catis,
705 3690 758 3737 et
793 3682 937 3747 sani,
974 3690 1029 3738 et
1083 3681 1264 3738 idonei
1317 3681 1385 3736 ad
1437 3679 1858 3739 custodiendam
1883 3678 2107 3734 domum

2214 3688 2308 3742 καὶ
2323 3688 2414 3741 τὸν
2448 3683 2598 3740 οἷκον
2629 3684 2723 3738 τοῦ
2748 3682 2909 3752 Θεοῦ,
2953 3684 3048 3738 καὶ
3076 3685 3166 3738 τὸν
3187 3680 3337 3738 οἷκον
3372 3683 3469 3737 τοῦ
3513 3680 3756 3752 βασιλέως.

525 3774 642 3838 Dei,
673 3781 727 3828 et
755 3773 979 3828 domum
1026 3772 1194 3845 regis.

594 3863 763 3918 Vens.
798 3865 853 3919 8.
890 3862 1206 3935 Ingrediens
1240 3866 1298 3918 in
1343 3863 1590 3919 Sideroth
1625 3864 1901 3918 morietur.
1948 3861 2110 3934 5M

522 3958 580 4011 In
629 3957 771 4012 libro
794 3944 1257 4027 Paralipomenon
1290 3959 1372 4011 sic
1400 3957 1642 4012 dicitur:
1677 3954 1994 4026 Ingrediens
2048 3956 2105 4008 in

519 4050 743 4105 domum
800 4052 1089 4107 morietur.
1155 4051 1423 4106 Similiter
1463 4052 1628 4105 etiam
1678 4048 1953 4121 Iosephus
2009 4050 2107 4103 ha-

518 4144 603 4195 bet
619 4183 631 4194 .

591 4192 761 4287 litans.
814 4233 901 4287 Η.
946 4232 1023 4286 Ab
1065 4192 1510 4288 humero-domus
1541 4233 2104 4306 dextero.Significat,
2156 4231 2162 4235 ’

516 4324 662 4391 quod
723 4322 924 4379 Levita:
980 4322 1127 4378 lunae
1191 4324 1245 4377 in
1316 4325 1554 4393 Speciem
1620 4324 1847 4394 figuram
1895 4325 2108 4381 consti-

518 4426 755 4483 tuentes,
796 4408 1005 4470 cornna
1063 4416 1253 4471 domui
1311 4417 1611 4486 conjuncta
1670 4416 2001 4484 habuerunt,
2051 4425 2107 4472 et

2299 3861 2361 3915 '0
2382 3861 2807 3930 εἰσερχόμενος
2833 3861 2922 3925 εἰς
2944 3858 3017 3913 τὰ
3045 3857 3332 3925 smnpm,
3359 3857 3463 3910 καὶ
3485 3847 3756 3911 ἀποθανεῖ·

2209 3968 2324 4007 ται.
2376 3952 2564 4016 Οῦτως
2589 3954 2651 4005 ἐν
2677 3948 3193 4023 Παραλειπομέναις
3236 3947 3425 4018 φησιν·
3459 3945 3593 4000 «Καὶ
3621 3944 3646 3995 ὁ
3671 3940 3756 3992 εἰσ·

2213 4047 2580 4114 πορευόμενος
2608 4045 2688 4107 εἰς
2705 4043 2795 4097 τὸν
2821 4038 2972 4095 οἷκον
2994 4040 3369 4094 ἀποθανεῖται.
3386 4057 3406 4090 ι
3441 4032 3752 4101 ΚαὶἸώσηπ-

2213 4159 2313 4205 πος
2351 4141 2576 4212 ὁμοίως.

2283 4231 2420 4286 Ἀπὸ
2444 4230 2557 4298 τῆς
2588 4215 2907 4300 ὀψίας-’τοῦ
2932 4228 3103 4282 οἴκου
3127 4226 3239 4295 τῆς
3269 4226 3499 4292 δεξιᾶς.
3537 4217 3751 4290 Δηλοῖὼς

2215 4324 2495 4396 μηνοειδὲς
2532 4324 2582 4376 ol
2630 4318 2854 4375 Λευῖται
2902 4320 3091 4391 σχῆμα
3132 4319 3465 4388 ποιήσαντες
3488 4316 3555 4369 τά
3580 4314 3751 4381 κέρατα

2213 4415 2358 4486 εἶχον
2382 4413 2708 4485 συνημμένα
2737 4412 2817 4482 τῷ
2842 4410 2998 4481 οἴκῳ.
3044 4413 3134 4464 Ἐν
3169 4412 3317 4482 μέσῳ
3336 4410 3396 4463 δὲ
3419 4410 3544 4463 ὄντα
3573 4405 3654 4459 τὸν
3676 4400 3750 4471 βα·

515 4524 722 4577 regem,
754 4509 848 4577 qui
895 4509 950 4563 in
984 4508 1168 4564 medio
1196 4516 1336 4574 erat,
1374 4509 1780 4564 custodiebant.
1816 4508 2107 4564 Exercitus

2213 4506 2368 4559 σιλέα
2396 4506 2719 4577 ἐφρούρουν.
2763 4503 2821 4557 Ὀ
2857 4502 2915 4556 δὲ
2953 4502 3183 4572 στρατὸς
3212 4500 3535 4572 ὁπλοφορῶν
3580 4497 3670 4562 ἔξω
3690 4490 3746 4542 εἰ·

514 4614 648 4655 vero
674 4607 920 4652 armatus
953 4598 1091 4655 foris
1125 4601 1332 4666 stabat,
1364 4611 1720 4672 exspectans,
1749 4609 1803 4656 et
1836 4600 2104 4657 cohibens

514 4690 660 4753 i‘dos,
698 4692 789 4759 qui
834 4690 1047 4759 ingredi
1098 4693 1406 4746 tentabant.

2052 4744 2087 4763 Ὦ

586 4778 752 4835 Vens.
790 4780 877 4834 12.
916 4780 1104 4837 Posuit
1137 4796 1296 4849 super
1335 4798 1456 4836 eum
1506 4784 1994 4853 sanctiﬁcationem
2052 4794 2111 4849 et

516 4873 902 4929 testimonium.
942 4872 1107 4927 Liber
1135 4872 1592 4945 Paralipomenon
1622 4876 1804 4943 habet,
1839 4876 1900 4930 τὸ
1945 4876 2103 4948 βασί-

512 4966 655 5020 λειον
686 5006 703 5033 ,
771 4966 989 5037 signum
1049 4965 1229 5034 regale
1286 4977 1355 5025 et.
1393 4968 1783 5023 testimonium.
1827 4968 2105 5042 Ἀγίασμα

508 5055 737 5127 quidem
772 5055 1091 5111 unctionem
1137 5054 1451 5125 significat;
1498 5055 1801 5128 μαρτύριον
1844 5072 1975 5114 vero
2004 5073 2101 5113 co-

511 5156 701 5199 ronam
732 5144 961 5216 regiam;
990 5142 1289 5217 σύνδεσμον
1311 5153 1495 5199 autem
1518 5146 1886 5217 tyrannidem,
1911 5162 2104 5219 quem-

512 5235 807 5291 admodum
854 5245 983 5295 ante
1012 5235 1150 5304 dixi,
1200 5236 1583 5293 nominabant.
1615 5236 1754 5292 Dicit
1788 5248 1970 5293 autem
2004 5253 2102 5292 ex-

511 5332 595 5380 tra
652 5321 909 5381 Sideroth
945 5327 1209 5382 Attaliam
1255 5327 1487 5382 interfici
1526 5328 1852 5397 imperasse.
1912 5325 1972 5381 In
2026 5328 2094 5382 li-

510 5417 611 5481 Ι),ιό
646 5416 1101 5489 Paralipomenon
1145 5439 1163 5472 ι
1215 5432 1371 5475 extra
1420 5419 1641 5474 domum
1698 5438 1715 5470 ι
1754 5419 1946 5488 inquit.

585 5505 744 5563 Vens.
820 5510 907 5565 l7.
945 5508 1143 5565 Foedus
1204 5510 1511 5584 (διαθήκην)
1578 5511 1716 5565 inter
1780 5509 2088 5567 Demittunt.

2204 4598 2416 4669 στήκει,
2444 4597 2571 4659 τοὺς
2594 4595 2820 4648 εἰσιέναι
2852 4594 3229 4665 πειρωμένους
3261 4593 3497 4664 ἐπέχων.

2272 4777 2384 4833 Kal
2415 4776 2640 4833 Edatur
2662 4776 2758 4830 ἐπ’
2792 4777 2982 4831 αὐτὸν
3009 4779 3083 4831 τὸ
3109 4778 3391 4844 ἁγιασμα,
3427 4771 3523 4823 καὶ
3555 4767 3608 4820 τὸ
3624 4774 3738 4832 μαιο⁴

2202 4870 2428 4939 eripior.
2453 4870 2546 4922 ’Ev
2574 4867 3092 4940 Παραλειπομέναις
3121 4867 3237 4937 ἔχει
3262 4866 3325 4919 τὸ
3366 4863 3639 4934 βασίλειον,
3669 4848 3736 4903 καὶ

2200 4962 2264 5016 τὸ
2290 4961 2611 5034 μαρτύριον.
2635 4960 2797 5031 Δηλοῖ
2832 4958 2891 5014 δὲ
2921 4958 2982 5012 τὸ
3019 4959 3117 5029 μὲν
3136 4960 3424 5027 ariae-tta,
3460 4955 3520 5009 τὸ
3542 4950 3730 5021 χρίσμ²’

2207 5054 2506 5126 μαρτύριον
2534 5053 2615 5119 δὲ,
2647 5051 2741 5106 τὸν
2777 5050 3056 5123 βασιλικὸν
3102 5050 3390 5121 στέφανον.
3436 5042 3733 5106 Σύνδεσμεν

2202 5146 2259 5199 δὲ
2283 5145 2383 5217 τὴν
2413 5144 2733 5217 τυραννίδα,
2768 5142 2913 5198 καθά
2951 5144 3233 5215 προεῖπον,
3268 5138 3563 5212 ὠνόμαζον.
3595 5127 3709 5217 Ἐξίιξ

2205 5240 2298 5294 θεν
2326 5216 2405 5305 δὲ,
2439 5216 2612 5309 φησὶ,
2650 5237 2761 5290 τῶν
2806 5233 3051 5307 Σιδηρὼθ
3102 5232 3456 5305 ἀναιρεθῆναι
3492 5228 3581 5296 τὴν
3608 5216 3726 5275 Γοθο-

2203 5330 2322 5384 λίαν
2371 5330 2389 5368 ῐ
2446 5328 2806 5401 προσέταξεν.
2858 5327 2944 5380 Ἐν
2977 5327 3035 5381 δὲ
3086 5329 3203 5391 ταῖς
3250 5313 3710 5397 Παραλειπομέναις

2209 5444 2228 5477 ι
2267 5424 2423 5488 ἐκτὸς
2453 5423 2546 5476 τοῦ
2574 5424 2721 5477 οἴκου
2759 5441 2778 5475 ι
2804 5421 2988 5492 φησίν.
3626 5498 3636 5501 Α
3711 5489 3720 5501 ν

2274 5516 2578 5586 Διαθήκην
2606 5515 2721 5572 ἀνὰ
2745 5516 2941 5587 μέσον
2966 5519 3208 5584 Κιιρίου.
3250 5511 3578 5581 Συνθήκην,
3612 5498 3670 5558 ὡς
3687 5498 3720 5543 0'

1799 5688 2038 5745 VARIZE
2092 5691 2499 5751 LECTIONES.

570 5784 588 5824 ί
627 5784 688 5839 in
721 5786 965 5847 Lavateri
995 5798 1183 5853 codice
1232 5799 1445 5854 videtur
1478 5800 1648 5855 fuisse
1674 5800 1949 5854 ‘A-‘jaiiav.
