3960 6230
254 331 390 396 1193

1239 326 1777 391 COMMENTARII
1827 322 1908 383 IN
1952 320 2100 381 LIB.
2128 318 2206 379 IV
2232 315 2524 377 REGUM.

3362 303 3498 368 119i.

206 433 421 504 ’λοιποὶ
449 446 556 500 τῶν
604 445 987 517 Ἐρμηνευτῶν
1022 443 1290 510 ἐξέδωκαν
1325 441 1580 513 ἀλλαχοῦ.
1616 440 1818 510 Ὅρους
1851 492 1854 498 .

1978 454 2226 525 ›νθήκην,
2255 452 2359 507 hoc
2395 457 2479 506 est
2511 446 2714 513 foedus,
2743 455 2797 502 et
2829 453 3071 517 pactum,
3102 451 3163 500 ut
3194 437 3388 512 reliqui
3416 443 3500 497 in—

246 543 355 612 γὰρ
388 540 594 604 αὐτοῖς,
617 538 709 591 καὶ
736 537 956 607 νόμους,
981 536 1266 606 παρέδωκε
1289 534 1563 588 δουλεύειν
1604 529 1817 602 Κυρίῳ.

245 633 364 695 Φῶς
387 630 467 695 δὲ,
497 629 575 691 ὼς
602 625 839 695 άληθῶς,
862 625 1185 689 διδάσκαλος
1214 624 1439 695 ἀγαθός.
1488 618 1562 678 Οὗ
1596 620 1818 687 ζῶντος,

248 725 538 795 ἔλάτρευον
563 719 642 791 τῷ
663 720 804 789 Θεῷ.
853 719 997 790 Πλὴν
1037 721 1133 772 καὶ
1177 717 1350 782 οὕτως
1400 713 1540 787 ἦσαν
1588 713 1819 778 ἀτελεῖς,

249 816 472 878 θύοντες
515 810 739 866 ἐπὶτῶν
773 809 993 881 ὑψηλῶν
1042 808 1121 881 τῷ
1156 809 1297 879 Θεῷ,
1324 809 1420 862 καλ⁸
1452 807 1552 861 οὐκ
1578 806 1637 859 έν
1672 803 1824 874 νόμῳ

250 907 329 979 τῷ
355 904 496 977 Θεῷ,
527 903 672 962 καθὰ
696 902 939 966 διέταξεν
961 902 990 955 ὁ
1018 902 1201 973 νόμος.

833 1103 1085 1158 ΚΕΦΑΛ.
1142 1103 1247 1156 IA’.

211 1234 231 1291 ς
322 1200 629 1291 Ἀργύριοπ
667 1195 1085 1291 currat-15010)?
1134 1193 1374 1291 εἱς-δρός.
1423 1184 1574 1291 ῗΕφη
1613 1187 1721 1259 γὰρ
1764 1187 1828 1291 ,έν

255 1289 683 1361 Δευτερονομίῳ,
714 1287 841 1350 τοὺς
868 1286 1008 1357 ὑπὲρ
1039 1283 1249 1338 ἑαυτῶν
1292 1281 1637 1353 παρέχοντας
1663 1277 1829 1349 τιμὴν

255 1382 334 1453 τῷ
354 1380 492 1451 Θεῷ,
521 1380 722 1440 πόσους
750 1376 967 1439 σίκλους
990 1375 1257 1446 προσήκει
1277 1373 1503 1428 διδόναι.
1529 1371 1710 1443 Ὅπερ
1736 1369 1831 1423 νῦν

256 1474 526 1546 ἀργύριον
564 1470 720 1533 Ἰωὰς
767 1468 1068 1540 προσέταξε
1095 1468 1224 1529 τοὺς
1260 1465 1444 1537 ἱερέας
1478 1462 1828 1534 κομίσασθαι,

259 1567 354 1639 καὶ
381 1562 707 1638 θεραπεύειν
733 1562 801 1615 τὰ
840 1559 1120 1630 πάσχοντα
1153 1557 1249 1611 τοῦ
1280 1557 1431 1619 ναοῦ,
1462 1552 1834 1626 φθειρομένων

261 1655 508 1727 ξύλων,ἢ
534 1655 716 1708 λίθων.
753 1651 927 1706 Τοῦτο
947 1650 1058 1720 γὰρ
1081 1649 1234 1720 δηλοῖ
1290 1648 1409 1702 τόδε
1452 1647 1582 1709 Βὲκ,
1606 1647 1745 1716 ὅπερ
1777 1646 1835 1697 ὲν

263 1745 772 1820 Παραλειπομέναις
794 1738 1158 1795 ἐπισκευάσαι
1204 1737 1297 1791 τὸν
1325 1733 1474 1789 οἶκον
1513 1733 1718 1805 Κυρίου
1747 1732 1834 1785 λέ·

266 1859 376 1909 γει,
412 1837 505 1894 atotl.
532 1835 718 1901 πάλιν,
750 1831 846 1885 τοῦ
879 1828 1217 1902 θεραπεῦσαι
1240 1828 1333 1882 τὸν
1358 1824 1507 1880 οἶκον
1538 1822 1764 1897 Κυρίου.

845 1923 1099 1978 ΚΕΦΔΛ.
1133 1920 1235 1974 ῙΒ’.

336 2018 450 2074 Καὶ
484 2011 858 2086 μετεμελήθη
888 2011 1119 2079 Κύριος,
1150 2010 1248 2063 καί
1276 2009 1566 2076 οἴκτειρεν
1597 2007 1839 2073 αὐτούς.

269 2106 652 2178 Μεταμέλειαν
675 2103 830 2157 καλεῖ
857 2098 955 2171 τὴν
992 2099 1098 2153 ἀπὸ
1140 2098 1238 2167 τῆς
1263 2095 1595 2167 δυσκληρίας
1630 2097 1708 2157 είς
1752 2095 1845 2146 εύ-

269 2200 503 2272 κληρίαν
537 2194 864 2270 μεταϐολήν.

340 2293 498 2350 Λάϐε
550 2289 733 2353 τόξον
775 2287 875 2340 καὶ
913 2285 1196 2351 βολίδας.
1242 2283 1354 2353 Οὐχ
1384 2279 1526 2335 οὕτω
1573 2279 1683 2350 γὰρ
1729 2278 1848 2332 ἐπί·

274 2400 463 2438 στευον
504 2384 617 2443 τοῖς
648 2380 849 2449 λόγοις,
893 2379 968 2440 ὡς
989 2378 1109 2438 ταῖς
1153 2374 1218 2428 δι’
1244 2373 1420 2446 ἔργων
1454 2370 1845 2443 προρρήσεσιν.

280 2473 603 2530 ’Υπολαδὼν
624 2472 701 2536 δὲ,
725 2471 799 2534 ὼς
828 2469 1133 2535 αὐτόματος
1155 2468 1356 2537 ἀφήσει
1388 2464 1515 2536 βέλη
1538 2461 1730 2528 πολλὰ,
1755 2458 1850 2513 τοῦ

273 2568 496 2640 πρώτου
530 2563 894 2635 πεμφθέντος,
927 2560 1054 2629 ἔφη,
1092 2559 1243 2629 βέλος
1275 2557 1548 2627 σωτηρίας
1573 2594 1589 2620 ,
1640 2553 1737 2608 καί⁸
1783 2551 1853 2606 τά

275 2661 427 2731 ἑξῆς.
470 2659 557 2722 Ὧς
578 2656 635 2711 δὲ
659 2653 789 2725 τρία
817 2652 953 2724 μόνα
974 2648 1305 2720 ἐξέπεμψεν,
1333 2646 1598 2719 ἠχθέσθη,
1633 2646 1710 2709 ὡς
1752 2646 1853 2715 τῆς

278 2754 481 2824 Συρίας
512 2751 695 2822 τρίτον
722 2744 1052 2819 ἡττημένης,
1080 2742 1196 2796 ἀλλ’
1216 2741 1276 2795 οὐ
1303 2738 1551 2794 πανωλεο
1559 2739 1681 2810 ρίαν
1706 2738 1856 2808 62x0-

282 2845 473 2916 μένης.

871 3125 1123 3180 ΚΕΦΑΔ.
1172 3123 1274 3179 11".

364 3218 428 3272 '0
459 3216 656 3286 ἀκχὰν
685 3219 719 3271 ό
751 3214 821 3270 ἐν
850 3214 931 3281 τῷ
955 3214 1205 3280 Λιϐάνῳ.
1234 3210 1549 3283 Ἀμεσσίας,
1575 3208 1685 3262 τῶν
1727 3206 1858 3260 ἰου-

281 3312 449 3367 δαίων
478 3311 628 3383 νόμῳ
654 3309 890 3377 πολέμου
921 3309 1224 3378 κρατήσας,
1251 3306 1450 3378 ἠλπισε
1473 3302 1569 3358 καὶ
1600 3302 1700 3363 τὰς
1726 3299 1859 3353 δέκα

284 3410 528 3476 νικήσειν
555 3405 750 3474 φυλάς.
808 3404 919 3456 Καὶ
973 3400 1326 3471 προεκαλεῖτο
1366 3399 1503 3469 πρὸς
1555 3396 1733 3466 μάχην
1770 3393 1862 3447 τὸν

286 3498 515 3570 βασιλέα
535 3495 630 3551 τοῦ
669 3494 909 3567 Ἰσραήλ.
951 3493 1009 3546 'U
1036 3491 1092 3545 δὲ
1112 3490 1211 3563 τὴν
1230 3488 1534 3560 παροιμίαν
1563 3488 1860 3556 ἐδήλωσεν,

285 3591 450 3644 αὑτὸν
479 3590 789 3653 ἀπεικάσας
819 3591 886 3660 τῇ
916 3587 1114 3659 κέδρῳ,
1145 3586 1354 3639 ἐκεῖνον
1384 3583 1442 3636 δὲ
1466 3580 1544 3652 τῷ
1568 3581 1764 3650 ἀκχάν.

360 3769 473 3824 Kal
503 3767 647 3834 τοὺς
682 3766 855 3833 υἱοὺς
886 3767 1004 3821 τῶν
1025 3762 1377 3834 συμμίξεων
1389 3755 1869 3826 τῶνβδελυγμάη

288 3877 431 3915 των.
455 3859 734 3924 Τουτέστι,
771 3860 899 3922 τοὺς
923 3857 1033 3911 τῶν
1060 3853 1427 3926 ψευδωνύμων
1477 3848 1616 3905 θεῶν
1666 3847 1867 3919 ἱερέας,

289 3954 353 4008 τὸ
375 3954 608 4009 ἄτακτον
634 3951 819 4006 αὐτῶν
849 3949 1053 4020 πλῆθος
1089 3946 1285 4015 δηλῶν.

368 4042 490 4109 Τὴν
509 4039 725 4110 Αιλώμ.
757 4039 868 4111 Τὴν
893 4039 988 4093 νῦν
1018 4034 1426 4106 ὀνομαζομένην
1449 4032 1655 4094 ’Δ“ίλὰν,
1683 4029 1776 4085 ἐπὶ
1792 4026 1871 4099 τῷ

295 4133 529 4201 στόματι
554 4128 646 4183 τοῦ
683 4129 737 4183 'A
747 4127 973 4200 ραὸικού
1004 4127 1205 4182 κόλπου
1230 4124 1510 4195 κειμένην,
1529 4118 1763 4191 ὅνῈρυθ
1773 4118 1871 4189 ρὰν

294 4220 768 4294 προσαγορεύουσι
799 4219 1088 4273 θάλατταν.

899 4311 1150 4366 ΚΕΦΑΛ.
1186 4310 1285 4365 IA'.

367 4407 477 4465 Καὶ
505 4407 704 4476 ἥψατο
737 4405 953 4475 Κύριος
1000 4402 1108 4457 τοῦ
1144 4394 1477 4468 βαὰιλέως.
1531 4400 1874 4470 Σαφέστερον

293 4501 357 4555 τὸ
390 4501 532 4555 κατά
569 4499 755 4553 τοῦτον
781 4500 840 4550 έν
878 4495 1392 4567 Παραλειπομέναις
1423 4493 1608 4564 φησίν.

381 4592 477 4645 Ἐν
496 4589 643 4656 οῑκφ
682 4588 1048 4658 Ὰπφουσώθ.
1077 4589 1138 4643 0i
1159 4585 1337 4641 λοιποὶ
1362 4584 1666 4656 κρυφαίως
1682 4581 1875 4649 ἐξέδω-

298 4700 427 4737 καν.

295 4838 307 4851 ,
887 4774 1140 4828 Knoell.
1196 4771 1298 4826 ne.
1697 4844 1706 4855 ἱ

371 4872 484 4927 Καὶ
519 4867 665 4934 τοὺς
715 4866 885 4934 υἱοὺς
909 4866 1099 4922 αὑτοῦ
1130 4863 1340 4935 διῆγεν
1366 4864 1436 4918 ἐν
1480 4863 1644 4933 πιφί.
1692 4861 1875 4916 Ἔοικι

298 4958 497 5032 δηλοῦν
517 4957 580 5010 τὺ
603 4956 794 5028 μέχρις
816 4953 974 5025 ἡμῶν
1001 4953 1214 5023 φθάσαν
1234 4952 1333 5020 τῆς
1360 4951 1569 5022 πλάνης
1595 4946 1753 5012 εἶδος.
1783 4950 1883 5003 Ἔν

299 5068 416 5107 τισι
433 5049 547 5121 γὰρ
578 5049 801 5104 πόλεσιν
828 5046 978 5112 ἅπαξ
1005 5045 1100 5100 τοῦ
1136 5043 1290 5108 ἔτους
1343 5046 1403 5098 έν
1435 5046 1557 5108 ταῖς
1595 5042 1880 5105 πλατείαις

302 5143 620 5213 ἁπτομένας
646 5139 826 5211 πυράς
855 5137 1149 5193 ὲθεάσαντό
1176 5153 1343 5202 τινες,
1368 5137 1467 5190 καὶ
1487 5135 1692 5199 ταύτας
1711 5135 1883 5206 ὑπερ-

304 5234 633 5307 αλλομένους
667 5233 842 5295 τινάς,
870 5231 966 5284 καὶ
1015 5229 1320 5299 πηδῶντας,
1361 5227 1422 5281 ού
1456 5227 1618 5298 μόνον
1668 5224 1884 5291 παῖδας,

305 5326 448 5381 ἀλλὰ
502 5327 600 5379 καὶ
628 5324 845 5396 ἄνδρας·
874 5320 943 5374 τὰ
973 5320 1030 5374 δὲ
1066 5321 1243 5393 βρέφη
1286 5319 1437 5390 παρὰ
1477 5319 1587 5372 τῶν
1635 5319 1886 5389 μητέρων
1936 5338 1941 5343 ι

309 5415 743 5488 παραφερόμενα
764 5413 856 5468 διὰ
880 5414 983 5485 τῆς
1010 5412 1227 5482 φλογὸς,
1258 5411 1396 5483 πρὸς
1441 5409 1886 5480 ἀποτροπιασμὸν

307 5508 494 5579 δῆθεν,
525 5507 626 5561 καὶ
651 5504 941 5576 κάθαρσιν.
979 5504 1284 5573 Ἰώσηππος
1308 5502 1365 5556 δὲ
1396 5502 1491 5555 καὶ
1523 5501 1616 5555 τὸν
1648 5502 1745 5554 ἕνα
1780 5503 1889 5555 τῶν

314 5599 448 5654 υἱῶν
484 5596 859 5655 ὁλοκαυτῶσαι
889 5613 1044 5667 φησι,
1070 5595 1162 5649 τὸν
1197 5593 1364 5665 Ἀχὰζ
1390 5594 1468 5665 τῷ
1497 5592 1687 5649 Βαάλ(

387 5795 501 5853 Καὶ
535 5792 656 5852 εἶδε
692 5796 760 5848 τὸ
807 5793 1259 5862 θυσιαστήριον,
1312 5794 1526 5847 Ἔοικεν
1557 5795 1617 5848 ού
1671 5793 1748 5867 τῷ
1780 5792 1887 5849 τῶν

638 5894 914 5953 Parum.
963 5889 1081 5950 Gn.
1123 5888 1503 5952 LXXXV“.

1927 551 2193 614 terpretes
2239 541 2443 612 ubique
2485 538 2866 595 reddiderunt.
2921 536 3186 605 Regulam
3253 537 3398 590 enim
3445 541 3501 589 et

1928 636 2073 707 leges
2113 633 2467 707 praescripsit,
2510 638 2585 685 'ut
2636 629 2743 686 Deo
2787 630 3084 686 servirent:
3132 626 3273 682 Vere
3318 634 3499 680 autem

1930 728 2107 783 bonus
2156 727 2419 797 magister
2474 724 2565 777 lux
2617 731 2738 789 est;
2794 737 2904 792 quo
2950 720 3165 775 vivente
3213 717 3502 773 Dominum

1932 821 2244 875 coluerunt.
2292 818 2444 872 Adeo
2508 825 2689 869 tamen
2743 826 2900 869 erant
2959 810 3285 882 imperfecti.
3330 821 3391 864 ut
3449 809 3505 865 in

1832 941 1842 950 -
1933 912 2168 968 excelsis
2202 910 2314 966 Deo
2345 908 2741 971 sacrificarent,
2772 916 2827 963 et
2869 922 2979 962 non
3011 906 3066 961 in
3110 906 3333 975 templo,
3369 906 3508 961 sicut

1937 1005 1991 1059 in
2020 1006 2136 1075 lege
2165 1009 2281 1058 erat
2308 1001 2713 1073 praescqiptum.

2476 1088 2631 1144 CAP.
2671 1088 2764 1145 Xl.
2803 1086 2969 1161 [xu]

2008 1185 2173 1240 Vens.
2212 1182 2269 1240 4.
2306 1182 2595 1254 Argentum
2628 1181 3001 1237 aestimationis
3042 1179 3162 1235 viri.
3201 1178 3343 1233 Dicit
3365 1178 3511 1233 enim

1939 1280 1995 1336 in
2028 1275 2456 1333 Deuteronomio
2495 1274 2565 1330 de
2607 1274 2738 1339 illis,
2781 1273 2875 1343 qui
2904 1286 3003 1327 sua
3031 1283 3225 1343 sponte
3282 1263 3539 1327 Domino'

1940 1382 2141 1425 munus
2181 1364 2494 1431 conferunt,
2525 1372 2658 1435 quot
2693 1363 2863 1419 siclos
2892 1377 2988 1417 eos
3013 1362 3145 1416 dare
3179 1362 3512 1428 conveniat;

1941 1475 2105 1532 quam
2154 1458 2445 1530 pecuniam
2500 1455 2631 1512 Joas
2685 1471 2834 1512 nunc
2894 1456 3210 1511 sacerdotes
3260 1456 3519 1526 colligere

1939 1552 2220 1623 precepit,
2268 1558 2322 1605 et
2373 1548 2605 1605 reticere
2643 1549 2813 1620 ligna,
2848 1556 2902 1603 et
2940 1549 3149 1619 lapides
3188 1549 3243 1603 in
3289 1550 3516 1620 templo.

1943 1643 2058 1699 Hoc
2092 1643 2237 1698 enim
2286 1642 2562 1712 significat
2604 1641 2737 1695 illud
2795 1639 2922 1706 Bck,
2969 1640 3117 1711 quod
3158 1641 3213 1695 in
3268 1639 3515 1714 Paralip.

1946 1740 2075 1795 dicit
2101 1753 2408 1810 praeparare
2432 1738 2696 1809 templum
2747 1736 2985 1805 Domini,
3014 1746 3067 1795 et
3100 1739 3294 1795 iterum
3325 1754 3522 1795 curare

1870 1810 1913 1865 Β
1941 1826 2162 1883 domum
2194 1826 2466 1882 Domini.-

2434 1920 2590 1976 CAP.
2648 1919 2769 1975 xu.
2828 1919 3023 1993 [Χηιά

2008 2011 2178 2068 Vens.
2220 2013 2275 2067 4.
2318 2007 2388 2068 Et
2435 2015 2747 2084 pwiaitentia
2793 2016 2985 2070 ductus
3032 2024 3109 2070 est
3153 2013 3435 2080 Dominus,
3468 2024 3520 2071 et

1943 2107 2190 2159 misertus
2231 2115 2310 2160 est
2361 2123 2562 2161 eorum.
2612 2105 2999 2162 Pmnitentiam
3057 2116 3213 2163 vocat
3264 2108 3523 2164 mutatio-

1945 2212 2069 2252 nem
2112 2197 2451 2255 infelicitatis
2493 2196 2918 2254 infelicitatem.

2018 2282 2185 2346 Vitis.
2239 2291 2328 2346 15.
2368 2290 2558 2361 Accipe
2620 2309 2804 2347 arcum
2834 2300 2883 2347 et
2909 2293 3161 2365 sagittas.
3213 2292 3333 2361 Non
3374 2293 3520 2349 enim

1951 2389 2159 2437 tantum
2217 2385 2514 2440 credebant
2583 2386 2746 2442 nudis
2805 2387 3200 2453 sermonibus,
3250 2394 3520 2457 quantum

1949 2475 2402 2545 praedictionibus
2444 2484 2593 2549 ‘quae
2637 2493 2735 2549 per
2767 2478 3291 2549 operaedebautur.
3322 2478 3528 2535 Existi-

1950 2582 2107 2622 mans
2139 2578 2320 2624 autem
2362 2584 2462 2625 sua
2504 2579 2698 2641 sponte
2736 2572 3052 2643 complures
3089 2572 3318 2643 sagittas
3363 2572 3530 2628 emis-

1953 2672 2163 2727 surum,
2195 2661 2372 2731 prima
2410 2661 2612 2718 emissa
2638 2700 2654 2727 ,
2693 2661 2851 2731 dixit,
2908 2664 3107 2734 sagitta
3157 2663 3379 2727 salutis,
3418 2673 3529 2720 etc.

1953 2748 2249 2822 Postquam
2283 2766 2415 2806 vero
2471 2762 2582 2808 tres
2622 2753 2800 2808 solum
2849 2755 3053 2820 emisit,
3084 2754 3269 2810 dolore
3306 2753 3533 2810 allectus

1954 2849 2057 2906 est,
2084 2857 2148 2896 eo
2182 2844 2327 2911 quod
2358 2844 2518 2898 tertio
2550 2844 2711 2916 Syria
2744 2845 2963 2916 quidem
3015 2847 3329 2918 superanda
3361 2855 3530 2915 esset,

1956 2949 2065 2989 non
2101 2942 2281 2990 tamen
2333 2938 2557 2992 omnino
2605 2939 3000 2996 exscindenda.
3244 2928 3253 2937 ’

2463 3121 2617 3178 CAP.
2659 3121 2793 3178 xm.
2849 3120 3045 3197 [mn]

2036 3212 2202 3270 Vens.
2272 3215 2326 3269 9.
2398 3214 2645 3271 Carduus
2703 3218 2758 3270 in
2808 3217 3036 3273 Libano.
3092 3215 3368 3286 Amesias,
3422 3218 3540 3289 lege

1964 3306 2089 3361 belli
2125 3306 2179 3359 in
2210 3302 2431 3362 Iudaeos
2482 3307 2771 3377 imperium
2810 3314 3025 3373 tenens,
3071 3312 3313 3379 speravit
3348 3325 3408 3365 se
3458 3312 3547 3364 de»

1966 3411 2082 3452 cem
2130 3412 2352 3467 quoque
2400 3397 2581 3451 tribus
2617 3398 2977 3464 domitorum,
3009 3407 3063 3452 et
3102 3414 3285 3470 regem
3325 3398 3544 3454 lsraclis

1967 3487 2035 3541 ad
2091 3502 2325 3558 pugnam
2364 3489 2720 3557 provocabat.
2770 3489 2865 3544 Ille
2930 3503 3060 3544 vero
3121 3489 3433 3558 parabolam
3491 3506 3543 3545 et

1967 3580 2276 3649 proposuit,
2310 3580 2557 3650 seipsum
2608 3581 2775 3637 cedro
2807 3596 3156 3646 comparans,
3208 3582 3360 3636 illum
3416 3597 3545 3637 vero

1968 3672 2198 3729 carduo.

2043 3762 2206 3817 Vens.
2252 3763 2341 3819 14.
2396 3760 2468 3816 Et
2515 3763 2657 3830 ﬁlios
2709 3763 3138 3819 commistionum
3190 3764 3548 3820 abominatio-

1972 3869 2116 3910 mtm.
2154 3851 2268 3908 Hoc
2306 3861 2412 3919 est,
2463 3853 2727 3909 falsorum
2764 3854 2990 3910 deorum
3039 3856 3376 3922 sacerdotes,
3424 3872 3551 3926 pro-

1974 3948 2241 4002 miscuam
2282 3948 2526 4016 ipsorum
2562 3947 2969 4003 multitudinem
2995 3950 3339 4020 significans.

2041 4037 2209 4094 Vens.
2255 4038 2347 4094 22.
2391 4038 2598 4096 AElom.
2647 4040 2779 4106 Quae
2828 4041 2991 4097 hodie
3037 4042 3155 4097 Aila
3211 4043 3550 4109 nominatur,

1974 4133 2079 4187 sita
2136 4130 2292 4200 juxta
2325 4131 2529 4186 ostium
2579 4133 2735 4189 sinus
2776 4133 3016 4200 Arabici,
3054 4149 3216 4205 quem
3257 4149 3408 4191 mare
3435 4133 3550 4189 llu-

1975 4222 2137 4279 brum
2174 4223 2471 4293 appellant.

2465 4313 2620 4370 CAP.
2680 4313 2825 4370 xw.
2890 4314 3056 4389 [xm

2046 4406 2218 4462 Vrsas.
2260 4407 2314 4461 5.
2356 4405 2426 4460 Et
2482 4408 2649 4477 tetigit
2697 4408 2950 4462 Dominus
3000 4424 3190 4479 regem.
3228 4409 3453 4495 Planius
3488 4410 3556 4467 de

1905 4534 1948 4590 υ
1976 4504 2140 4560 rebus
2168 4504 2337 4574 hujus
2370 4505 2514 4573 regis
2541 4504 2786 4576 loquitur
2817 4506 2912 4561 lib.
2956 4503 3198 4579 Paralip.

2047 4594 2117 4651 In
2140 4595 2297 4651 domo
2336 4598 2666 4667 Apphusotlt.
2705 4596 2919 4668 Reliqui
2965 4601 3267 4670 κρυφαίως,
3312 4603 3556 4669 latenter,

1977 4696 2372 4761 exposuerunt.

2484 4781 2636 4839 CAP.
2674 4783 3053 4858 xv.1xv1.]«

2056 4871 2221 4929 Vns.
2264 4874 2318 4930 ὅ.
2358 4873 2428 4930 Et
2463 4875 2605 4945 ﬁlios
2638 4894 2760 4933 suos
2792 4874 3034 4933 traduxit
3056 4896 3149 4949 per
3170 4881 3362 4953 ignem.
3400 4881 3561 4935 Vide-

1982 4975 2070 5021 tur
2091 4966 2407 5037 signitlcare
2433 4969 2675 5038 speciem
2708 4970 3048 5042 erroris,qui
3069 4972 3136 5033 ad
3162 4979 3355 5027 nostra
3386 4987 3560 5043 usque

1983 5066 2230 5129 tempore
2260 5063 2523 5130 pervenit.
2562 5060 2619 5116 In
2661 5062 2995 5133 quibttsdam
3030 5064 3175 5119 enim
3217 5062 3445 5120 urbibus
3475 5080 3561 5119 se-

1986 5152 2090 5207 mel
2145 5151 2199 5206 iu
2255 5166 2401 5207 anno
2430 5167 2695 5209 accensas
2733 5168 2898 5225 pyras
2948 5169 3046 5223 per
3075 5155 3288 5225 plateas
3338 5154 3560 5224 quidam

1986 5243 2366 5313 inspexerunt,
2398 5254 2453 5300 et
2485 5260 2582 5315 per
2608 5245 2731 5301 illas
2761 5245 3160 5312 transilientes,
3195 5254 3250 5299 et
3274 5245 3561 5309 saltantes,

1986 5352 2097 5390 non
2125 5352 2325 5408 pueros
2366 5338 2550 5402 modo,
2586 5338 2679 5393 sed
2729 5338 2893 5391 etiam
2940 5337 3125 5405 viros;
3184 5337 3431 5394 infantes
3462 5354 3564 5394 au-

1989 5436 2097 5485 tem
2150 5444 2180 5483 a
2213 5430 2485 5484 matribus
2534 5436 2781 5499 gestatos
2826 5444 2925 5494 per
2953 5429 3253 5496 ﬂammam,
3306 5430 3564 5485 nimirum

1990 5528 2212 5590 propter
2252 5521 2630 5591 depulsionem
2689 5512 2987 5586 malorum,
3040 5528 3094 5575 et
3155 5521 3565 5578 lustrationem.

1993 5612 2266 5683 Iosephus
2302 5622 2480 5666 autem
2521 5611 2674 5676 dicit,
2703 5612 2884 5666 Achaz
2921 5629 3088 5667 unum
3120 5630 3185 5669 ex
3233 5614 3361 5670 ﬁliis
3395 5623 3569 5671 totum

1993 5705 2095 5776 ipsi
2136 5704 2260 5757 Baal
2289 5703 2685 5759 combussissc.

2072 5794 2234 5851 Vens.
2279 5794 2364 5851 ιε.
2410 5793 2477 5849 Et
2511 5796 2636 5850 vidit
2698 5795 2891 5855 altare.
2952 5795 3072 5854 Non
3130 5794 3265 5862 Deo,
3327 5794 3570 5855 universi

3183 5892 3262 5955 38
