3960 6230
227 278 287 346 Μ
302 282 360 345 J7

1141 278 1678 340 COMMENTARII
1719 275 1797 335 ΙΝ
1830 275 1972 336 LIB.
2021 271 2096 332 IV
2136 264 2428 328 REGUM.

3351 253 3487 319 1198

308 388 666 460 Ἡμάρτηκα,
715 388 1137 460 ἀποστράςοηθι
1186 390 1289 443 ἀπ’
1330 387 1497 458 ἐμοῦ.
1533 384 1702 457 Ἀχᾶξ
1725 428 1738 451 ,
1781 385 1806 437 ὁ

1980 377 2152 433 Vens.
2188 376 2274 431 Η.
2325 371 2571 436 Peccavi,
2599 376 2832 423 avertere
2872 384 2904 422 a
2945 384 3047 423 me.
3082 365 3291 431 Acltaz,
3328 374 3485 435 pater

220 488 407 556 πατὴρ
437 480 706 547 Ἐζεκίου,
752 482 844 536 τὸν
884 481 1284 553 Θαλλαφαλσὰρ
1312 483 1336 521 ε
1381 483 1459 545 είς
1490 478 1807 551 συμμαχίαν

218 579 364 630 κατὰ
384 578 495 629 τῶν
535 574 726 647 Σύρων
761 575 1018 641 καλέσας,
1053 575 1218 647 φόρον
1245 573 1487 627 τελέσειν
1519 572 1804 640 ὑπέσχετο,

216 668 314 720 καὶ
338 666 528 720 τοῦτον
560 669 769 730 ἐκεῖνος
799 666 1070 721 διετέλεσε
1101 665 1377 737 παρέχων’
1405 666 1432 718 ὀ
1452 663 1509 717 δὲ
1532 661 1802 736 Ἐζεχίας,

215 760 310 813 τὸν
347 758 697 830 ἐπικείμενον
731 757 941 828 δασμὸν
990 758 1090 813 ούκ
1135 756 1345 822 ἐξέτισε
1369 772 1382 785 '
1419 755 1517 827 τὴν
1550 754 1606 808 δὲ
1643 770 1810 825 στρα-

226 849 342 902 τιὰν
373 848 516 915 ίδὼν,
553 849 748 903 δώσειν
781 851 1074 922 ὑπέσχετο.

180 1006 185 1009 ,
294 943 407 1009 Τὰς
435 944 619 1011 θύρας
645 943 752 997 τοῦ
785 942 940 998 ναοῦ
984 944 1226 1011 Κυρίου.
1260 943 1334 996 Οὐ
1369 940 1478 1013 γὰρ
1519 941 1725 1012 ἤρκουν
1756 940 1806 992 οἱ

218 1034 492 1106 βασιλικοὶ
545 1033 833 1106 θησαυροὶ,
882 1034 1004 1089 ὅθεν
1054 1035 1147 1088 ἐπὶ
1186 1035 1316 1099 τοὺς
1359 1035 1539 1105 ἱεροὺς
1580 1032 1724 1086 κατά
1756 1049 1807 1084 τι

218 1127 338 1188 ἔθος
369 1126 435 1179 δι’
463 1125 713 1197 ἀνάγκην
741 1127 1030 1198 ἐτράπετο,
1066 1126 1154 1180 ἵνα
1190 1126 1264 1198 μὴ
1289 1125 1382 1179 καὶ
1410 1125 1502 1177 τὸν
1526 1121 1656 1178 ναδν
1713 1124 1809 1179 καίΙ

224 1217 316 1287 τὴν
368 1217 525 1269 πόλιν
586 1219 957 1288 ἐμπρήσωσιν
994 1219 1044 1270 οί
1095 1218 1370 1288 πολέμιοι.
1417 1213 1576 1270 Μετὰ
1623 1216 1680 1268 δὲ
1710 1215 1808 1286 τὴν

217 1309 431 1380 χρείαν,
465 1308 818 1380 ἀναπληροῦν
846 1311 1045 1373 αὐτοὺς
1080 1311 1143 1363 ἐκ
1186 1309 1298 1363 τῶν
1338 1309 1591 1380 πολέμων
1621 1307 1809 1362 εἱώθε-

218 1417 340 1454 σαν.
383 1401 522 1454 Νυνὶ
563 1400 620 1454 δὲ
654 1402 749 1455 καὶ
798 1402 898 1466 τὰς
940 1401 1110 1474 Θύρας
1143 1401 1413 1473 ἐχώνευσε
1445 1401 1544 1466 τὰς
1576 1402 1803 1473 χρυσᾶς,

217 1489 283 1554 ἃς
311 1490 559 1560 ἐποίησε,
592 1491 686 1544 καὶ
723 1489 850 1554 τοὺς
879 1492 1085 1545 τούτων
1115 1491 1413 1562 σταθμούς.
1570 1504 1577 1507 “

294 1583 416 1635 Οὐκ
441 1579 791 1649 ἀπέστησεν
818 1582 891 1635 τὰ
915 1583 1124 1651 ὑψηλὰ
1152 1583 1340 1638 αὐτοῦ
1361 1600 1380 1648 ;
1403 1584 1565 1654 Δηλοῖ
1592 1583 1750 1638 πάλιν
1779 1585 1808 1636 ὁ

220 1673 595 1747 συγγραφεὺς,
643 1673 724 1727 ὅτι
753 1674 814 1727 ού
851 1674 1010 1745 μόνον
1054 1675 1123 1729 τὰ
1154 1675 1362 1747 τεμένη
1392 1675 1503 1730 τῶν
1537 1675 1807 1747 δαιμόνων

217 1765 585 1834 ὀνομάζουσιν
623 1765 823 1835 ὑψηλὰ,
859 1764 997 1819 ἀλλὰ
1036 1767 1131 1819 καὶ
1159 1765 1230 1820 τὰ
1269 1765 1350 1836 τῷ
1379 1766 1499 1837 Θεῷ
1528 1767 1638 1820 τῶν
1670 1766 1808 1825 ὅλων

220 1858 415 1931 ἐντοῖς
453 1857 676 1928 ὑψηλοῖς
709 1858 894 1921 τόποις
930 1856 1282 1929 δεδηλωμένα
1315 1858 1699 1931 θυσιαστήρια.

291 1949 401 2003 Καὶ
430 1944 559 2002 εἶπε
586 1946 666 2015 τῷ
709 1949 914 2028 Ἰούδᾳ,
943 1949 1042 2004 καί
1064 1948 1138 2018 τῇ
1179 1949 1592 2020 Ἰερουσαλήμ.
1624 1948 1807 2004 Ταῦτα

221 2040 406 2107 ἔλεγεν
437 2041 466 2093 ὀ
506 2037 805 2111 Ῥαψάκης,
846 2039 1100 2111 Ἑϐραῖος
1125 2038 1219 2108 ὢν,
1243 2040 1320 2104 ὡς
1344 2040 1513 2106 εἰκὸς,
1547 2041 1640 2096 καὶ
1674 2042 1809 2112 πρὸς

220 2130 464 2194 ἐκείνους
500 2131 902 2202 αὐτομολήσας,
948 2132 1066 2203 ἦτοι
1110 2132 1642 2204 ὲξανδραποδισθεὶς,
1688 2134 1806 2200 καὶ,

220 2226 298 2291 ὡς
351 2224 566 2280 εὔνοιαν
620 2224 802 2291 δείξας
855 2227 966 2289 τοῖς
1019 2224 1348 2298 Ἀσσυρίοις,
1402 2227 1502 2299 τὴν
1551 2228 1807 2300 στρατιὰν

221 2316 539 2390 θαρῤηθείς.
568 2317 646 2388 Τῇ
672 2315 782 2389 γὰρ
824 2316 1065 2389 Ἐϐραΐδι
1092 2318 1394 2389 χρώμενος,
1426 2322 1661 2373 ἐποιεῖτο
1683 2322 1809 2383 τοὺς

218 2409 436 2479 λόγους.

810 2500 1062 2555 ΚΕΦΛΔ.
1110 2503 1216 2557 lH’.

294 2589 423 2644 "Ott
454 2586 645 2662 ἦλθον
697 2594 750 2645 oi
798 2591 917 2644 υἱοί
996 2591 1107 2659 ἕως
1159 2593 1408 2650 ὠδίνων.
1470 2595 1808 2668 Φλεγὸμεθα,

221 2683 382 2752 φησὶ,
417 2683 493 2753 τῷ
535 2682 717 2754 θυμῷ,
746 2683 857 2736 τῶν
894 2684 1153 2755 ἀρρήτων
1190 2686 1414 2740 ἐκείνων
1452 2687 1809 2759 βλασφημιῶν

222 2773 651 2839 ἐπακούσαντες.
713 2774 957 2831 Κολάσαι
1014 2776 1072 2829 δὲ
1121 2778 1248 2842 τοὺς
1304 2777 1504 2850 ἄνδρας
1543 2781 1807 2846 ἐκείνους,

220 2866 351 2929 τοὺς
382 2864 687 2930 δυσσεϐεῖς,
724 2867 785 2927 ού
831 2867 1132 2940 δυνάμεθα.
1180 2870 1345 2926 Ὅθεν
1374 2873 1691 2944 ίκετεύομεν
1719 2875 1809 2927 τὸν

218 2957 335 3010 τῶν
393 2956 752 3028 βλασφημιῶν
801 2957 1023 3016 ἐκείνων
1080 2961 1355 3033 ἀκηκοότα
1400 2964 1552 3029 Θεὸν,
1605 2965 1808 3031 διδάξαι

220 3051 354 3113 τοὺς
410 3050 677 3116 ἀνοσίους,
720 3051 797 3116 ὡς
828 3052 929 3107 οὐκ
961 3051 1107 3108 ἐστιν
1157 3049 1238 3119 εἷς
1300 3055 1409 3111 τῶν
1459 3059 1809 3131 καλουμένων
1837 3084 1882 3142 ο

220 3142 384 3196 Θεῶν.

310 3236 467 3292 Ἰδοὺ
493 3238 608 3308 ἐγὼ
643 3238 849 3309 δίδωμι
874 3241 1111 3310 πνεῦμα
1151 3242 1221 3296 ἐν
1253 3242 1433 3310 αὐτῷ.
1489 3246 1704 3302 Δειλίαν
1735 3244 1814 3302 οἵ·

226 3348 330 3400 μαι
357 3330 571 3401 δηλοῦν.
605 3333 712 3385 Καὶ
744 3333 854 3404 γὰρ
886 3335 914 3387 ὀ
939 3333 1079 3398 θεῖος
1126 3335 1454 3403 Ἀπόστολος
1479 3338 1651 3404 οὕτως
1685 3340 1809 3412 ἐφη,

232 3441 254 3473 ι
292 3423 364 3475 υύ
396 3423 505 3494 γὰρ
535 3422 732 3477 ἐδωκεν
762 3425 892 3495 ἡμῖν
917 3423 1132 3496 πνεῦμα
1157 3426 1379 3491 δειλίας.
1413 3447 1433 3482 ο

274 3514 411 3567 ’Καὶ
439 3514 634 3584 ἀπῆρε
666 3519 1068 3587 Σενναχειρίμ.
1114 3518 1172 3572 Ὀ
1210 3521 1570 3594 Σενναχειρὶμ
1598 3525 1688 3578 τὸν
1719 3524 1814 3579 θά-

221 3622 387 3659 νατον
415 3606 717 3678 τηνικαῦτα
738 3607 1011 3678 διέφυγεν,
1042 3608 1129 3663 ἵνα
1157 3612 1302 3665 πᾶσι
1326 3615 1566 3686 μηνύσῃ,
1593 3615 1692 3687 ὅση
1718 3616 1811 3669 τού

221 3697 365 3752 Θεοῦ
387 3698 658 3752 Ἰουδαίων
681 3703 713 3770 ἡ
737 3699 987 3771 δύναμις.
1008 3702 1186 3768 Εὐθὺς
1217 3703 1275 3758 δὲ
1292 3705 1447 3776 παρὰ
1468 3706 1579 3761 τῶν
1605 3708 1811 3762 παίδων

220 3790 448 3857 ἐδέξατο
474 3790 570 3863 τὴν
604 3791 815 3847 δικαίαν
844 3792 1086 3865 σφαγήν.

304 3966 426 4035 Τὴν
465 3965 733 4036 Ἀραράτ.
765 3967 877 4039 Τὴν
903 3969 1215 4039 ’Δρμενίαν.

808 4061 1059 4115 ΚΕΦΑΛ.
1116 4061 1217 4118 ΙΘ⁹.

295 4148 405 4205 Καὶ
465 4149 836 4218 ἀρθήσονται
887 4151 1080 4207 πάντα
1135 4152 1206 4208 τὰ
1253 4155 1324 4209 ἐν
1355 4156 1437 4223 τῷ
1472 4159 1617 4228 οἴκῳ
1663 4176 1803 4216 σου.

217 4240 352 4294 Ὅτι
379 4240 498 4294 δέον
534 4242 628 4295 τοῦ
654 4241 789 4296 Θεοῦ
814 4242 1023 4310 διδάξαι
1055 4245 1155 4314 τὴν
1182 4245 1431 4320 δύναμιν,
1457 4252 1551 4305 καὶ
1578 4253 1678 4325 τὴν
1700 4271 1802 4325 κη-

212 4332 497 4402 δεμονίαν,
536 4327 603 4405 ἧς
633 4333 809 4405 ἔτυχε,
840 4336 933 4389 τὸν
963 4336 1194 4394 πλοῦτον
1224 4340 1495 4409 ὑπέδειξε,
1527 4344 1618 4399 τὸν
1654 4346 1803 4402 οὐδὲν

211 4426 415 4496 ἔχοντα
442 4424 685 4497 μόνιμον.

828 4527 1078 4583 unus.
1114 4531 1216 4607 ις’..

293 4613 419 4669 Kal,
438 4614 691 4684 ἐποίησε
738 4616 1081 4689 Μανασσῆς
1124 4623 1191 4679 τὸ
1246 4626 1533 4694 πονηρόν.
1568 4627 1690 4681 Ὅτι
1737 4629 1797 4682 ού

214 4702 385 4770 φύσις
411 4707 467 4758 ἐν
498 4709 610 4770 τοῖς
639 4708 910 4780 ψυχικοῖς,
948 4711 1082 4765 ἀλλά
1116 4713 1307 4787 γνώμη
1342 4720 1557 4787 κρατεῖ,
1585 4736 1799 4791 μαρτυ-

214 4798 308 4868 ρεῖ
353 4797 675 4871 Μανασσῆς,
716 4801 816 4873 τὴν
859 4804 1059 4876 εύσεὸἧ
1106 4806 1202 4859 τοῦ
1252 4810 1487 4879 πατέρος
1519 4811 1795 4866 πολιτείαν

215 4888 560 4958 καταλιπὼν,
586 4894 682 4945 καὶ
699 4891 798 4966 τὴν
826 4895 1075 4949 ἐναντίαν
1106 4898 1350 4964 ὁδεύσας.

290 5166 465 5234 Πάσῃ
497 5140 851 5238 cii-amanti
887 5173 994 5227 τοῦ
1019 5176 1300 5243 οὐρανοῦ.
1343 5178 1531 5250 Ἡλίῳ,
1580 5184 1673 5237 καὶ
1712 5202 1800 5239 σε-

212 5255 374 5328 λήνῃ,
409 5258 502 5310 καὶ
534 5259 815 5330 ἁστράσιν.

302 5348 549 5417 Ἠχῆσαι
587 5350 891 5423 ἀμφότερα
919 5357 989 5411 τὰ
1029 5352 1169 5414 ὦτα.
1201 5359 1606 5436 Ἐκπληκτικὴν
1639 5369 1791 5436 ἡγεῖ».

216 5438 345 5493 σθαι
372 5440 468 5511 τὴν
505 5441 692 5509 ἀκοήν.

324 5552 415 5608 "ll
444 5553 559 5609 Tim
618 5571 655 5623 ι,
688 5554 738 5609 7.

1912 469 2182 531 Ezechiae,
2217 460 2689 532 Tlteladphalasar
2736 459 2789 511 in
2839 457 3108 511 auxilium
3159 466 3347 511 contra
3383 457 3485 526 Sy-

1912 574 2005 615 ros
2036 571 2265 621 vocans,
2296 569 2357 608 se
2387 553 2466 606 illi
2505 549 2776 605 tributum
2820 550 3082 603 daturum
3123 548 3401 618 promisit.
3435 558 3490 602 rt

1913 659 2180 722 perpetuo
2218 647 2394 703 dedit.
2435 643 2699 699 Ezechias
2733 647 2912 695 autem
2960 641 3277 711 impositum
3310 641 3491 697 tribu-

1912 750 2028 801 tum
2053 754 2175 810 .non
2211 737 2516 810 persolvit:
2558 750 2683 790 cum
2719 722 2907 788 autem
2953 740 3280 804 apparatum
3332 731 3491 789 belli-

1912 847 2037 887 cum
2067 830 2303 891 videret.
2341 845 2401 885 se
2444 827 2859 898 persoluturum
2892 825 3169 895 promisit.

1976 920 2146 976 Vens.
2178 919 2263 976 l6.
2284 918 2494 973 Januas
2537 918 2721 986 templi
2752 916 2983 970 Domini.
3019 913 3138 970 Non
3171 914 3316 970 enim
3342 914 3492 970 suni-

1911 1015 2132 1071 ciebant
2182 1011 2429 1068 thesauri
2487 1009 2672 1080 regii;
2708 1022 2883 1078 quare
2944 1024 3044 1078 pro
3093 1022 3265 1073 more,
3309 1007 3491 1079 aliqua

1911 1107 2225 1180 impellente
2258 1103 2611 1167 necessitate,
2663 1100 2729 1156 ad
2780 1114 2870 1157 res
2912 1114 3104 1155 sacras
3135 1099 3492 1155 converteba-

1912 1210 2024 1266 tur,
2076 1215 2145 1255 ne
2194 1199 2383 1253 hostes
2427 1195 2615 1250 urbem
2650 1203 2737 1248 .ct
2781 1194 3051 1263 templum
3106 1193 3489 1248 incenderent.

1910 1294 2208 1364 Postquam
2265 1305 2398 1345 vero
2438 1289 2525 1343 usi
2576 1295 2786 1354 essent,
2846 1294 3038 1357 postea
3086 1287 3378 1341 restituere
3424 1302 3491 1341 ex

1911 1386 2068 1443 bellis
2126 1383 2398 1439 solebant.
2461 1377 2621 1433 Nunc
2673 1379 2839 1433 etiam
2866 1377 3070 1448 ianuas
3102 1390 3322 1442 aureas,
3352 1393 3491 1447 quas

1910 1472 2061 1538 fecit,
2096 1480 2148 1527 et
2181 1470 2439 1525 cardines
2470 1468 2689 1522 illarum
2719 1464 3002 1520 conﬂavit.

1974 1562 2143 1618 Vens.
2176 1561 2267 1616 2'2.
2299 1558 2491 1615 Nonne
2515 1558 2783 1612 destruxit
2821 1555 3033 1611 excelsa
3060 1555 3174 1624 ejus
3200 1555 3223 1608 ?
3256 1553 3492 1609 Histori-

1910 1671 2014 1712 cus
2046 1655 2244 1710 iterum
2287 1650 2584 1721 signiﬁcat,
2619 1649 2763 1720 quod
2809 1664 2918 1703 non
2949 1648 3129 1703 solum
3172 1649 3328 1703 lucos
3385 1649 3493 1703 dae-

1841 1734 1880 1788 Β
1914 1757 2136 1800 monum
2169 1741 2387 1797 excelsa
2428 1740 2687 1811 appellet,
2727 1738 2825 1794 sed
2864 1737 3031 1793 etiam
3065 1737 3262 1792 altaria
3306 1740 3357 1792 in
3393 1754 3490 1792 ex-

1910 1837 2074 1893 celsis
2108 1835 2246 1890 locis
2303 1833 2435 1899 Deo,
2491 1832 2736 1887 universi
2795 1830 3088 1894 conditori,
3138 1840 3488 1885 consecrata.

1924 1981 1928 1985 ,
1975 1925 2124 1979 Dixit
2181 1922 2250 1977 ad
2304 1920 2472 1989 Juda,
2545 1931 2594 1976 et
2660 1919 2984 1975 Jerusalem.
3032 1918 3159 1974 Haec
3211 1918 3490 1990 Ra’psaces

1910 2018 2076 2082 dixit,
2107 2031 2269 2088 quem
2299 2014 2596 2070 verisimile
2629 2022 2714 2069 est
2749 2012 3037 2069 Hebraeum
3072 2011 3266 2077 fuisse,
3302 2019 3377 2076 et,
3406 2012 3491 2065 vel

1909 2119 2110 2184 sponte
2144 2110 2209 2164 ad
2247 2108 2503 2181 Assyrios
2551 2105 2885 2177 profugisse,
2943 2105 3027 2160 vel
3077 2104 3223 2159 bello
3270 2113 3487 2172 captum

1908 2221 2072 2269 esse;
2126 2213 2202 2271 ct,
2237 2214 2293 2258 ut
2322 2200 2567 2273 Assyriis
2602 2214 2761 2255 suam
2807 2198 3249 2255 benevolentiam
3299 2208 3491 2253 osten-

1855 2320 1858 2324 λ
1908 2297 2082 2361 deret,
2118 2295 2420 2350 exercitum
2471 2291 2852 2347 conﬁrmasse.
2906 2290 3173 2345 Hebraica
3207 2290 3353 2343 enim
3387 2288 3477 2341 litt-

1908 2406 2011 2462 gua
2047 2404 2181 2443 usus
2213 2387 2519 2442 orationem
2551 2385 2763 2439 habuit.

2401 2474 2555 2530 CAP.
2581 2472 2770 2528 XVIII.
2796 2472 2989 2546 [xm]

1978 2570 2140 2627 Vens.
2176 2572 2229 2627 5.
2290 2569 2555 2624 Venerunt
2589 2568 2691 2633 ﬁlii
2727 2583 2886 2638 usque
2936 2567 3004 2620 ad
3036 2565 3245 2621 dolores
3277 2573 3485 2635 partus.

1911 2662 2161 2730 Urimur,
2210 2660 2408 2731 inquit,
2452 2659 2640 2713 animo
2707 2659 2998 2715 audientes
3046 2656 3311 2714 nefandas
3365 2658 3490 2713 illas

1910 2757 2327 2827 blaspltemias;
2377 2760 2636 2809 caeterum
2685 2767 2875 2823 poenas
2926 2753 3146 2823 exigere
3191 2751 3259 2806 ab
3304 2751 3489 2821 impiis

1911 2847 2019 2903 illis
2072 2845 2388 2901 hominibus
2438 2859 2546 2898 non
2599 2859 2917 2914 possumus.
2950 2843 3132 2911 Quare
3170 2842 3361 2908 Deum,
3392 2842 3491 2912 qui

1912 2941 2120 2997 audivit
2166 2927 2556 3011 blasphemias'
2595 2938 2739 3002 illas,
2808 2952 3051 3002 oramus,
3105 2946 3161 2991 ut
3228 2938 3490 3007 prol'anos

1917 3033 2040 3086 illos
2092 3030 2309 3095 doceat,
2361 3044 2428 3084 ne
2468 3042 2637 3082 unum
2665 3028 2881 3097 quidem
2907 3042 3031 3083 esse
3078 3027 3297 3082 illorum
3347 3039 3490 3096 quos

1916 3127 2048 3181 deos
2081 3123 2376 3195 appellant.

1980 3217 2145 3272 Vens.
2183 3219 2233 3272 7.
2273 3215 2412 3271 Ecce
2442 3231 2534 3286 ego
2565 3214 2633 3269 do
2664 3215 2913 3284 spiritum
2944 3214 2996 3267 in
3030 3229 3111 3268 eo.
3140 3208 3488 3283 Signiﬁcans,

1914 3320 2067 3383 puto,
2101 3311 2374 3365 timorem.
2410 3307 2579 3363 Divus
2641 3308 2788 3362 enim
2843 3307 3138 3375 Apostolus
3194 3305 3487 3375 inquit“;

1918 3426 1937 3459 c
1971 3402 2091 3460 Non
2126 3404 2275 3459 dedit
2306 3401 2467 3457 nobis
2502 3400 2754 3469 spiritum
2798 3398 3037 3453 timoris.
3073 3416 3091 3449 ι

1984 3498 2149 3553 Vens.
2190 3494 2280 3550 46.
2308 3493 2374 3547 Et
2412 3492 2770 3548 Sennacherib
2811 3489 3075 3543 discessit.
3110 3486 3491 3543 Sennacherib

1912 3599 2044 3645 tunc
2076 3588 2295 3658 quidem
2347 3594 2579 3641 mortem
2629 3583 2842 3653 effugit,
2880 3592 2938 3637 ut
2985 3581 3247 3636 omnibus
3298 3587 3491 3637 notum

1911 3683 2118 3737 faceret
2177 3686 2384 3750 quanta
2436 3678 2617 3732 virtus
2668 3685 2816 3739 esset
2864 3683 2919 3730 et
2948 3673 3194 3745 potentia
3246 3671 3340 3728 Dei
3389 3669 3491 3725 Ju-

1841 3822 1849 3830 .
1910 3774 2177 3828 decorum.
2244 3769 2367 3825 llos
2426 3784 2559 3824 vero
2595 3783 2624 3821 a
2654 3767 2782 3821 liliis
2828 3766 3134 3837 jugulatus,
3163 3764 3342 3837 justas
3368 3775 3489 3834 po:-

1910 3877 2008 3917 nas
2047 3861 2219 3916 dedit.

1983 3953 2151 4007 Vsus.
2185 3949 2274 4005 57.
2311 3951 2532 4004 Ararat.
2566 3947 2901 4002 Armeniam.

2436 4076 2566 4133 cap
2612 4075 2752 4132 XIX.
2793 4075 2961 4150 [ξυμ]

1979 4173 2144 4229 Vens.
2192 4172 2280 4228 17.
2307 4170 2600 4241 Capientur
2659 4172 2837 4225 omnia
2869 4185 2986 4243 qute
3034 4177 3159 4224 sunt
3209 4170 3264 4221 in
3323 4166 3482 4221 domo

1908 4274 2021 4319 tua.
2056 4262 2199 4330 Quia
2254 4261 2347 4317 Dei
2399 4264 2695 4332 potentiam
2724 4269 2777 4316 et
2808 4276 2994 4315 curam
3033 4260 3231 4314 (locere
3261 4267 3481 4328 Oporte-

1906 4356 2023 4420 bat,
2067 4353 2313 4411 osteudit
2372 4367 2530 4422 opes,
2586 4342 2726 4420 quas
2776 4358 3111 4406 consecutus
3160 4357 3299 4409 erat.
3346 4347 3483 4402 nihil

1840 4438 1880 4493 Ι)
1911 4447 2129 4504 ﬁrmum
2187 4447 2392 4501 habere
2422 4451 2478 4499 et
2509 4443 2732 4498 stabile.

2410 4532 2566 4589 CAP.
2599 4531 2717 4587 xx.
2760 4530 2961 4605 [XXII]
3195 4590 3200 4595 _

1977 4628 2143 4687 νεοε.
2195 4628 2249 4683 2.
2291 4626 2361 4687 Et
2410 4627 2531 4690 fecit
2586 4625 2867 4683 Manasses
2923 4623 3149 4695 malum,
3182 4621 3485 4693 Manasses

1901 4730 2135 4777 testatur
2188 4727 2440 4773 naturam
2497 4719 2551 4771 in
2605 4718 2869 4772 animatis
2928 4714 3035 4772 non
3091 4714 3333 4779 vincere,
3381 4715 3481 4769 scd

1898 4796 2234 4867 voluntatem
2287 4803 2342 4864 et
2386 4809 2682 4880 judicium.
2723 4807 2859 4862 Nam
2915 4809 3258 4872 institutum,
3309 4814 3363 4860 et
3388 4822 3475 4859 ra-

1900 4911 2108 4963 tionem
2140 4905 2288 4969 vitae,
2340 4903 2578 4974 itemque
2601 4901 3031 4963 administrandi
3056 4899 3476 4971 rempublicam,

1896 5013 2007 5070 qua
2033 4992 2190 5067 pater
2242 5009 2377 5050 usus
2427 5004 2568 5062 erat,
2623 4993 2973 5065 relinquens,
3016 4992 3353 5048 contrariam
3387 5004 3475 5042 se-

1897 5098 2063 5144 cutus
2093 5096 2195 5142 est.

1966 5179 2128 5233 Vens.
2182 5176 2234 5232 '5.
2295 5174 2454 5231 Omni
2504 5178 2766 5232 exercitui
2796 5174 2961 5231 'caeli.
3017 5174 3154 5241 Soli,
3208 5172 3372 5251 lunae,
3416 5150 3475 5225 et

1898 5269 2094 5324 stellis.
2280 5262 2287 5269 ’

1961 5358 2128 5415 Vens.
2186 5357 2274 5413 l2.
2329 5357 2400 5413 Ut
2453 5369 2637 5415 sonent
2669 5358 2838 5413 amba:
2876 5372 3067 5418 aures.
3106 5353 3352 5428 ltttellige
3388 5354 3470 5409 l'a-

1796 5528 1803 5541 ἱ
1902 5469 2068 5520 utam,
2101 5468 2222 5525 quae
2270 5463 2539 5510 terrorem
2578 5463 2633 5508 et
2663 5453 2946 5508 horrorem
3005 5449 3219 5506 afferat.

1489 5631 1719 5719 vuum:
1760 5620 2189 5694 LECTIONES.

293 5715 318 5752 ⁸
346 5712 404 5769 In
451 5717 637 5774 codice
668 5716 920 5774 Lavateri
951 5718 1398 5794 Θελαδφαλασάρ.
