3960 6230
562 137 618 168 ο

601 313 736 379 1199

1950 306 2311 370 PROCOPII
2345 304 2591 367 GAZ/El

3710 309 3807 380 1200

656 425 824 484 Vens.
863 425 946 482 15.
982 425 1293 481 Menam-ani
1343 423 1629 489 Samaria,
1665 430 1716 477 et
1759 420 1967 492 pondus
1998 423 2184 477 domus

2365 418 2436 472 Τὸ
2455 417 2679 487 μέτρον
2716 416 3069 484 Σαμαρείας,
3115 417 3214 471 καί
3250 418 3352 473 τὸν
3397 420 3648 490 σταθμὸν
3682 425 3809 479 οἴκου

595 522 819 579 Achabi.
874 519 1073 576 iisdem
1117 519 1246 574 illos
1278 520 1445 574 etiam
1496 516 1660 573 malis
1717 517 2180 572 circumveniam:

595 624 658 672 ut
687 616 909 671 illorum
965 613 1106 668 alios
1157 611 1364 677 fames,
1419 611 1559 666 alios
1587 609 1795 666 bellum
1831 608 2181 679 assumpsit,

596 703 795 774 reliqui
842 715 975 756 vero
1011 699 1069 754 in
1101 699 1485 769 captivitatem
1542 695 1707 769 546
1746 696 1972 752 abducti
2025 704 2182 760 sunt,

591 801 649 848 et
701 789 1168 862 quemadmodum
1221 788 1449 844 domum
1495 786 1709 851 Achab,
1762 784 2020 841 funditus
2086 800 2183 842 eos

591 882 796 939 delevi.

658 974 827 1032 Vens.
878 973 967 1030 16.
1022 973 1356 1046 Sanguinem
1404 973 1549 1028 enim
1615 973 1950 1026 innocentem
1989 972 2182 1040 e/fudit

592 1062 894 1118 Manasses.
929 1063 1058 1119 lllos
1088 1063 1238 1118 enim
1266 1060 1508 1116 maxime
1536 1074 1566 1115 e
1591 1061 1774 1115 medio
1805 1061 2060 1125 tollebat,
2086 1060 2183 1130 qui

590 1158 714 1208 sese
748 1151 1022 1223 impietati
1055 1157 1424 1220 opponerent,
1467 1157 1523 1202 et
1554 1147 1693 1202 iram
1733 1147 1977 1202 divinam
2010 1148 2058 1203 ei
2087 1149 2183 1203 de-

590 1247 940 1300 nuntiarent.
1002 1241 1164 1298 Hunc
1213 1243 1382 1311 aiunt}
1421 1241 1645 1297 Esaiam
1693 1256 1912 1314 quoque
1945 1241 2182 1312 prophe-

590 1347 703 1394 tam
757 1354 910 1395 serra
963 1338 1237 1394 secuisse.
1297 1335 1614 1392 Manassem
1672 1350 1804 1391 vero
1851 1334 1988 1390 dicit
2045 1336 2185 1390 liber

592 1430 1084 1502 Paralipomenon,
1132 1447 1152 1482 ι
1192 1444 1318 1484 cum
1349 1410 1735 1500 paenitentiam
1767 1436 1978 1499 ageret,
2014 1428 2182 1483 resti-

594 1531 776 1578 tutum
808 1537 954 1580 esse.
986 1541 1008 1574 ι

1103 1613 1258 1670 CAP.
1292 1613 1437 1668 XXI.
1476 1611 1700 1686 [xm]

654 1707 822 1766 Vens.
861 1709 913 1763 8.
953 1707 1175 1764 Librum
1206 1708 1400 1762 inveni.
1451 1706 1961 1762 Deuteronomium.

1077 1797 1231 1853 CAP.
1265 1795 1432 1852 xxu.
1469 1795 1711 1869 [xxun

645 1888 816 1945 Vens.
857 1889 910 1943 5.
950 1886 1259 1942 Hasuroth.
1331 1887 1514 1942 Stellae
1544 1901 1746 1942 nomen
1769 1892 1879 1950 est,
1915 1883 2177 1940 nimirum

573 1985 863 2042 Luciferi.

653 2079 911 2136 illi-1115.7.
947 2077 1175 2133 Domum
1224 2075 1496 2134 Cadesim.
1545 2075 1852 2148 quuivoce
1896 2075 2180 2130 daemonas

593 2181 821 2228 sanctos
864 2169 1178 2242 appellavit.
1226 2167 1406 2222 Gades
1445 2165 1594 2224 enim
1649 2175 1904 2222 sanctum
1969 2163 2183 2236 signiﬁ-

593 2273 716 2328 cat;
769 2260 956 2314 lucum
983 2273 1139 2324 vero,
1172 2265 1232 2310 ut
1275 2256 1487 2312 dictum
1540 2263 1646 2322 est,
1689 2256 1891 2326 reliqui
1921 2254 2179 2320 Aseroth,

595 2355 682 2409 vel
739 2353 998 2408 Astaroth
1055 2357 1364 2420 exponunt,
1405 2348 1551 2418 quod
1589 2351 1848 2403 Astarten
1884 2345 2181 2417 signiﬁcat.

593 2444 828 2502 Veneris
885 2452 1068 2499 autem
1117 2450 1360 2499 statuam
1393 2443 1546 2496 intus
1589 2440 1645 2494 in
1683 2439 1778 2495 Dei
1810 2439 2016 2509 templo
2048 2454 2185 2494 con-

574 2538 916 2593 stituerunt.
969 2532 1112 2589 Illud
1164 2547 1320 2597 vero,
1382 2532 1439 2586 in
1484 2547 1588 2601 quo
1611 2531 1860 2584 mulieres
1915 2529 2183 2595 texebant,

592 2630 795 2702 Aquila
851 2629 931 2684 sic
967 2628 1370 2696 interpretatus
1419 2634 1541 2680 est:
1580 2621 1684 2678 Ubi
1726 2622 2052 2677 indumenta
2103 2607 2186 2675 fa-

592 2723 816 2779 ciebant
847 2720 983 2784 illis,
1027 2719 1123 2790 qui
1157 2733 1187 2772 a
1229 2716 1465 2772 Domino
1496 2713 1758 2769 fornicati
1797 2722 2006 2769 essent.

658 2815 826 2871 Vens.
853 2814 910 2870 9.
948 2812 1052 2868 Sed
1083 2803 1383 2866 sacerdotes
1407 2807 1740 2864 excelsorum
1769 2807 1839 2861 ad
1879 2807 2056 2862 altare
2089 2805 2188 2862 Dei

2211 1769 2255 1823 Β

2301 507 2543 579 Ἀχαάϐ.
2583 508 2718 570 Ταῖς
2741 508 2935 571 αὑταῖς
2971 509 3067 562 καὶ
3102 510 3323 574 τούτους
3347 511 3623 582 περιϐαλῶ
3647 529 3811 586 «epoc-

2288 603 2434 672 ραῖς,
2483 599 2559 664 ώς
2608 599 2837 654 ἐκείνων
2874 600 2998 662 τοὺς
3035 601 3132 670 μὲν
3161 600 3336 672 λιμὸς,
3382 602 3506 666 τοὺς
3539 604 3591 657 δὲ
3632 606 3813 676 πόλεμος

2286 693 2653 762 ἐδαπάνησεν,
2707 693 2756 744 οἱ
2788 691 2865 756 δὲ,
2908 691 3222 762 ληφθέντες
3246 693 3565 764 ἀπήχθησαν
3588 734 3601 760 ,
3631 698 3727 764 καὶ,
3763 700 3816 762 ὡς

2286 785 2380 840 τὸν
2410 780 2563 838 οἷκον
2596 783 2827 854 Ἀχαὰ6,
2853 782 3206 854 πανωλεθρίᾳ
3231 786 3538 855 παρέδωκα.

2357 968 2470 1022 Καί
2494 984 2560 1038 γε
2605 966 2750 1037 αἷμα
2796 967 2995 1022 ἀθῶον
3049 967 3254 1037 ἐξέχεε
3298 967 3647 1037 Μανασσῆς.
3674 971 3816 1037 Atace-

2287 1060 2491 1131 ρόντως
2519 1061 2629 1131 γὰρ
2653 1061 2844 1132 ἀνῄρει
2875 1061 3000 1123 τοὺς
3021 1061 3120 1131 τῆς
3150 1061 3433 1124 εὐσεϐείας
3460 1061 3816 1132 ἀντεχομένους,

2287 1157 2382 1208 καὶ
2415 1157 2543 1220 τοὺς
2569 1155 2668 1227 τὴν
2706 1156 2857 1210 Θείαν
2893 1156 3063 1226 ὀργὴν
3091 1155 3240 1225 αύτῷ
3271 1155 3692 1226 προμηνύοντας.
3715 1155 3814 1207 Τοῦ-

2283 1248 2374 1301 τόν
2410 1265 2543 1316 φασι
2601 1248 2696 1302 καὶ
2730 1248 2822 1301 τὸν
2854 1249 3142 1320 προφήτην
3178 1247 3409 1300 Ἡσαΐαν
3445 1247 3620 1318 πρίονι
3654 1246 3814 1299 διελεῖν.

2285 1338 2488 1393 Τοῦτον
2513 1340 2570 1393 δέ
2606 1357 2772 1412 φησιν
2819 1341 2876 1393 ἐν
2904 1339 3420 1412 Παραλειπομέναις
3445 1381 3461 1406 ,
3493 1358 3512 1391 ι
3549 1339 3818 1411 μεταμελείᾳ

2287 1435 2659 1505 χρησάμενον,
2691 1436 2875 1504 τυχεῖν
2900 1433 3000 1503 τῆς
3029 1433 3406 1506 ἀνακλήσεως.
3443 1451 3464 1486 ι

2854 1607 3087 1661 ΚΕΦΑΛ
3102 1650 3114 1661 .
3165 1607 3299 1663 KA’.

2355 1700 2603 1754 Βιϐλιόν
2628 1693 2833 1768 εὗρον.
2872 1701 2978 1753 Τοῦ
3017 1703 3464 1772 Δευτερονομίου.

2751 1780 2760 1788 ’
2874 1795 3130 1849 ΚΕΦΑΛ.
3184 1795 3314 1848 KB’.

2355 1887 2465 1941 Kal
2503 1886 2626 1953 τοῖς
2661 1885 2997 1955 Μαζουρώθ.
3033 1886 3293 1957 Ἀστέρος
3337 1885 3534 1957 ὄνομα,
3583 1888 3653 1951 ὡς
3701 1884 3816 1951 clm,

2279 1976 2378 2031 τοῦ
2418 1977 2753 2050 Ἑωσφόρου.

2361 2073 2473 2126 Τὸν
2514 2067 2685 2126 οἷκον
2731 2070 2839 2125 τὸν
2890 2069 3184 2140 Καδησίν.
3231 2070 3577 2142 Ὀμωνύμως
3622 2069 3817 2124 ἐκάλεσεν
3873 2067 3875 2138 ξ

2285 2153 2474 2234 ἆγίους
2503 2167 2629 2229 τοὺς
2667 2163 2952 2234 δαίμονας.
2995 2165 3185 2236 Κάδης
3228 2165 3360 2236 γὰρ,
3405 2165 3468 2218 τὸ
3512 2164 3678 2233 ἆγιον.
3704 2164 3816 2217 Titii

2285 2257 2471 2325 ἄλσος,
2512 2257 2588 2320 ὡς
2638 2258 2881 2331 εἴρηται,
2924 2257 2975 2310 οἱ
3019 2251 3197 2310 λοιποὶ
3227 2256 3482 2327 Ἀσηρὼο
3531 2254 3812 2327 ἢἈσταρὼί
3873 2279 3875 2324 ;

2287 2350 2711 2422 ἑρμηνεύουσιν,
2735 2350 2762 2403 ὃ
2786 2352 2885 2421 τὴν
2915 2351 3224 2420 Ἀστάρτην
3252 2349 3425 2421 δηλοῖ.
3463 2350 3573 2419 Τῆς
3601 2350 3656 2402 δὲ
3679 2349 3813 2416 ’Δςρο

2287 2443 2441 2513 δίτης
2477 2443 2538 2495 τὸ
2571 2443 2759 2507 ξόανον
2802 2442 2951 2496 ἔνδον
3000 2442 3240 2512 ἔστησαν
3279 2444 3339 2495 ἐν
3381 2442 3463 2513 τῷ
3498 2441 3623 2513 θείῳ
3649 2445 3750 2513 νεῴ.
3773 2439 3814 2492 Τό

2287 2534 2366 2598 δὲ,
2396 2535 2466 2589 ἐν
2491 2528 2538 2602 ᾧ
2567 2536 2627 2587 αὶ
2658 2533 2942 2603 γυναῖκες
2979 2533 3262 2602 ὕφαινον,
3306 2533 3545 2596 Ἀκύλας
3583 2531 3733 2592 οὕτως
3757 2531 3813 2597 ἐρα

2292 2629 2583 2699 μήνευσεν,
2613 2619 2688 2681 Οὗ
2734 2628 2954 2682 ἐποίουν
2997 2625 3273 2697 ἐνδύματα
3303 2629 3420 2690 τοῖς
3466 2624 3813 2698 ὲκπορνεύουσιν

2289 2723 2398 2776 ἀπὸ
2432 2723 2667 2794 Κυρίου.

2357 2814 2534 2882 Πλὴν
2552 2816 2661 2868 οὐκ
2685 2813 2998 2881 ἀνέϐησαν
3030 2815 3086 2868 οὶ
3107 2812 3279 2882 ἱερεῖς
3300 2811 3422 2866 τῶν
3451 2809 3693 2884 ὑψηλῶν
3714 2806 3813 2876 ,τρες

595 2926 700 2965 non
759 2905 1130 2963 ascenderunt.
1179 2904 1413 2960 Excelsa
1463 2904 1667 2959 iterum
1723 2918 1838 2956 non
1889 2900 2184 2972 appellavit

2291 2906 2357 2960 τὸ
2376 2907 2819 2977 θυσιαστήριον
2849 2907 2957 2962 τοῦ
2987 2908 3234 2976 Κυρίου.
3283 2907 3502 2978 ’Υψηλὰ
3533 2907 3682 2960 πάλιν
3701 2904 3748 2956 οὐ
3772 2902 3812 2953 τὰ

595 3003 796 3059 altaria
843 3001 1142 3067 idolorum,
1201 2997 1295 3054 sed
1333 2996 1453 3062 Dei,
1497 3011 1620 3066 quae
1653 2994 1709 3049 in
1744 2993 1982 3050 excelsis
2029 2999 2184 3048 erant

2291 2997 2402 3051 τῶν
2441 2997 2700 3062 εἰδώλων,
2765 2997 2901 3052 ἀλλὰ
2967 3000 3038 3052 τὰ
3083 2999 3179 3052 τοῦ
3231 2998 3369 3052 Θεοῦ
3405 2994 3812 3068 θυσιαστήριακέ-

595 3103 943 3153 constructa.
979 3093 1108 3147 Illos
1130 3105 1283 3156 vero,
1311 3089 1406 3161 qui
1456 3103 1523 3142 ex
1557 3086 1820 3158 prosapia
1851 3085 2183 3142 sacerdotali

2294 3087 2489 3159 κληκε,
2513 3089 2581 3142 τὰ
2605 3091 2662 3142 ὲν
2685 3091 2796 3154 τοῖς
2837 3089 3086 3160 ὑψηλοῖς.
3115 3091 3256 3155 Τοὺς
3305 3090 3370 3155 ἐξ
3403 3090 3671 3162 ἱερατικοῦ
3697 3085 3812 3153 δὲγέ·

594 3197 776 3257 erant,
818 3187 886 3244 ad
919 3186 1092 3242 altare
1135 3183 1378 3248 Domini,
1417 3179 1566 3252 quod
1607 3178 2009 3250 Hierosolymis
2037 3185 2181 3247 erat,

597 3278 896 3337 ascendere
927 3291 1037 3332 non
1076 3273 1350 3347 permisit,
1406 3271 1515 3327 nisi
1548 3285 1743 3342 azyma
1777 3268 2183 3325 comedissent.

595 3373 757 3441 Quod
790 3373 835 3428 si
867 3370 1032 3427 idolis
1068 3367 1506 3434 sacriﬁcasseut,
1544 3379 1657 3420 non
1690 3363 1896 3435 utique
1930 3363 2055 3434 pius
2088 3377 2183 3419 rex

595 3466 902 3538 ignovisset
934 3463 1094 3535 ipsis.

661 3558 826 3614 Vsus.
881 3557 969 3610 10.
1023 3553 1094 3609 Et
1139 3551 1524 3608 contaminavit
1577 3550 1803 3620 Apheth.
1864 3547 2184 3605 Secundum

600 3650 926 3707 llebraicam
968 3646 1483 3718 interpretationem
1516 3657 1709 3699 casum
1745 3642 2047 3714 signiﬁcat.
2079 3639 2188 3694 Lo-

595 3761 700 3802 cus
732 3758 863 3799 vero
895 3751 1034 3806 erat,
1069 3740 1162 3796 ubi
1207 3753 1418 3810 pueros
1461 3751 1562 3808 per
1593 3736 1774 3807 ignem
1812 3734 2186 3790 traducebant

599 3834 834 3892 Melchol
883 3833 1032 3890 idolo
1085 3831 1551 3886 Ammonitarum.
1612 3827 1853 3882 Pharuri
1899 3841 2054 3894 vero,
2088 3842 2184 3879 cu-

596 3930 768 3987 stodi:
825 3927 940 4000 (τοῦ
965 3925 1230 3998 φρουροῦ)
1261 3924 1506 3980 reddidit
1540 3921 1933 3994 Symmachus.

661 4021 995 4077 Amessaoth.
1035 4017 1323 4074 lnteritus.

660 4115 830 4172 Vnus.
883 4115 970 4168 18.
1012 4111 1077 4166 Et
1109 4120 1321 4166 servata
1362 4116 1485 4163 sunt
1528 4123 1654 4161 ossa
1699 4105 1972 4176 propheta:
2003 4104 2186 4158 senio-

599 4211 697 4265 ris.
730 4208 852 4263 Non
892 4206 1085 4275 utique
1118 4199 1606 4274 pseudopropheta
1656 4196 1782 4263 luit,
1827 4211 2007 4267 neque
2037 4195 2184 4250 enim

600 4301 742 4357 alias
776 4312 898 4354 ossa
927 4295 1106 4367 ipsius
1141 4300 1472 4350 conservata
1501 4298 1712 4347 essent.

673 4393 844 4450 Vens.
873 4389 966 4446 25.
1009 4388 1220 4445 Similis
1253 4387 1302 4442 ei
1332 4401 1427 4441 rex
1459 4401 1561 4439 non
1585 4383 1712 4454 fuit.
1751 4384 1881 4439 Haec
1913 4383 2080 4439 etiam
2116 4381 2186 4437 de

2290 3201 2416 3247 νους
2447 3185 2549 3238 οὐκ
2579 3185 2793 3255 ἀφῆκεν
2825 3187 2904 3248 είς
2947 3187 3006 3240 τὸ
3043 3187 3439 3258 θυσιαστήριον
3466 3171 3711 3240 ’ἀνελθεῖν
3752 3179 3810 3234 τοῦ

2287 3276 2519 3348 Κυρίου,
2568 3277 2628 3330 τὸ
2674 3279 2731 3330 ἐν
2783 3278 3162 3350 Ἰερουσαλὴμ,
3227 3282 3277 3333 εἰ
3330 3280 3408 3352 μὴ
3443 3280 3636 3349 ἔφαγον
3663 3276 3807 3343 ἄζυμα.

3871 2443 3875 2518 4

2286 3371 2350 3424 El
2390 3371 2448 3425 δὲ
2487 3374 2601 3436 τοῖς
2656 3370 2902 3436 εἰδώλοις
2959 3372 3321 3443 ἐλάτρευσαν,
3375 3373 3479 3427 ούκ
3516 3372 3579 3428 ἂν
3617 3367 3808 3429 αὐτοὺςό
3871 3369 3873 3386 ¹

2289 3463 2520 3534 εὐσεϐὴς
2541 3463 2799 3534 βασιλεὺς
2828 3465 3164 3537 συγγνώμης
3194 3464 3456 3535 ⁴ᾒξίωσεν.

2359 3556 2469 3610 Καὶ
2498 3556 2704 3626 ἐμίανε
2728 3557 2794 3610 τὸ
2837 3558 3033 3626 Ἀφέθ.
3070 3557 3229 3611 Κατὰ
3245 3559 3344 3629 τὴν
3371 3555 3659 3629 Ἐὄραῖκὴν
3692 3557 3807 3623 igitr.-

2289 3648 2462 3715 νείαν,
2501 3649 2709 3702 πτῶσιν
2777 3650 3056 3720 σημαίνει.
3089 3651 3267 3715 Τόπος
3303 3651 3360 3704 δὲ
3401 3647 3492 3722 ἦν,
3529 3653 3586 3704 ὲν
3620 3644 3806 3719 ᾧδιῆγον

2288 3743 2346 3794 ὲν
2378 3740 2453 3810 τῷ
2475 3757 2546 3792 πο
2558 3742 2610 3812 pi
2644 3741 2712 3794 τὰ
2732 3741 2918 3794 παιδία
2949 3740 3026 3812 τῷ
3047 3740 3282 3812 Μελχὸλ,
3317 3740 3622 3812 Ἀμανιτῶν
3645 3724 3804 3801 εἰδώλῳ.

2289 3833 2364 3887 Τδ
2415 3833 2472 3886 δὲ
2503 3835 2764 3906 Φαρουρῖν
2816 3833 2919 3887 τοῦ
2971 3833 3256 3905 φρουροί),
3308 3834 3628 3909 παρέδωκαν
3657 3827 3806 3895 οἱπερὶ
3872 3829 3873 3856 ³

2295 3925 2620 3996 Σύμμαχον.

2373 4017 2732 4086 Ἀμεσσοάθ.
2792 4017 3155 4088 Ἀφανισμοῦ.

2361 4107 2466 4160 Kal
2500 4105 2752 4175 διεσώθη
2780 4106 2852 4160 τὰ
2886 4107 3038 4162 ὀστᾶ
3059 4107 3177 4177 ,τοῦ
3219 4111 3534 4180 προφήτου
3576 4107 3670 4163 τοῦ
3713 4117 3804 4170 πρε·

2289 4199 2608 4268 σϐυτέρου.
2642 4200 2755 4252 Ούκ
2784 4199 2892 4269 ἄρα
2916 4200 3377 4273 ψευδοπροφήτης
3396 4204 3645 4275 ὑπῆρχεν,
3664 4198 3723 4257 Οὐ
3741 4195 3803 4264 γὰρ

2289 4292 2354 4347 ἂν
2385 4290 2552 4345 αὑτοῦ
2590 4291 2660 4346 τὰ
2692 4294 2830 4346 ὀστᾶ
2851 4292 3108 4364 διεσώθη.

2360 4383 2606 4454 ’θμοιος
2665 4383 2826 4450 αὐτῷ
2869 4387 2981 4440 οὐκ
3025 4386 3264 4456 ἐγένετο
3318 4387 3629 4452 βασιλεύς.
3673 4377 3801 4436 Ταῦτα

540 4525 548 4532 ς
602 4485 836 4542 Ezechia
883 4497 1050 4553 supra
1101 4481 1262 4547 dixit,
1309 4477 1458 4550 quod
1502 4487 1627 4550 post
1670 4477 1851 4548 ipsum
1897 4475 2024 4530 talis
2073 4489 2184 4529 non

2291 4478 2384 4530 καὶ
2417 4478 2545 4549 περὶ
2591 4477 2836 4537 Ἐζεκίου
2865 4481 3149 4551 προεῖπεν,
3181 4480 3277 4534 καὶ
3308 4481 3392 4534 δτι
3445 4480 3559 4552 μετ’
3588 4476 3720 4532 αὑτὸν
3739 4470 3802 4522 οὖι

602 4576 869 4632 surrexit.
902 4575 1038 4635 (ium
1065 4588 1198 4629 vero
1241 4587 1392 4626 nunc
1452 4567 1667 4626 Josiam
1712 4567 1792 4623 illi
1843 4565 2101 4638 praeferat
2136 4571 2184 4621 et

2294 4568 2493 4638 ἀνέστη
2549 4567 2825 4632 τοιοῦτος.·
2871 4570 2933 4622 Et
2998 4568 3058 4622 δὲ
3100 4569 3195 4625 νῦν
3245 4571 3354 4642 πρὸ
3387 4570 3547 4625 αὐτοῦ
3579 4564 3799 4640 προτάττει

603 4673 924 4737 anteponat,
985 4664 1342 4720 manifestum
1389 4671 1496 4730 est,
1549 4677 1676 4719 eum
1709 4662 1902 4732 utique
1948 4667 2003 4716 et
2052 4658 2190 4716 Eze-

2293 4656 2384 4710 τὸν
2427 4656 2832 4728 Ἰωσίαν,δῆλον
2851 4659 2933 4711 ὅτι
2965 4659 3061 4712 καὶ
3105 4659 3371 4727 Ἐζεκίου,
3406 4664 3501 4716 καὶ
3548 4659 3630 4714 τοῦ
3669 4648 3799 4708 dum.

603 4757 764 4823 chiaa,
798 4764 853 4811 et
885 4753 1082 4809 Davidi
1110 4757 1379 4826 praeponi.
1431 4755 1553 4810 Non
1585 4755 1756 4825 igitur
1789 4753 1915 4808 illos
1949 4753 2095 4807 inter
2131 4766 2184 4807 se

2294 4749 2663 4821 ἀμφοτέρους.
2714 4749 2828 4804 Νῦν
2885 4746 2979 4805 οὖν
3035 4752 3135 4805 οὐκ
3177 4753 3428 4825 ἀλλήλοις
3479 4752 3798 4809 τούτουςσυν·

605 4863 754 4905 nunc
802 4849 1063 4915 contulit,
1119 4849 1213 4904 sed
1242 4864 1368 4904 cum
1415 4849 1562 4916 aliis,
1601 4853 1693 4920 qui
1730 4863 1828 4916 pro
1866 4848 1976 4919 piis
2017 4846 2184 4902 habiti

2299 4843 2535 4912 έκρινεν,
2560 4841 2696 4894 ἀλλὰ
2733 4845 2846 4908 τοῖς
2868 4843 3069 4912 ἄλλοις,
3101 4847 3213 4910 τοῖς
3243 4846 3462 4914 δόξασιν
3503 4840 3728 4901 εὐσεϐεῖν,
3749 4829 3796 4899 τῷ

606 4950 756 5007 sunt,
789 4941 958 4997 veluti
983 4956 1106 4996 eum
1139 4941 1270 5006 Asa,
1303 4939 1592 5013 Josaphat,
1625 4949 1681 4997 et
1701 4940 2006 4996 Jonathan.

665 5035 832 5092 Vens.
895 5035 984 5091 50.
1026 5033 1209 5089 Acha:
1249 5033 1421 5104 ﬁlium
1459 5033 1648 5090 Josite.
1688 5033 1797 5090 Res
1835 5033 2042 5102 Achaz,
2071 5031 2194 5088 Joa-

2309 4937 2464 4997 ⁹Λσὰ,
2496 4936 2590 4989 καὶ
2622 4935 2697 5006 τῷ
2741 4935 3028 5006 Ἰωσαφὰτ,
3067 4939 3161 4992 καὶ
3191 4939 3269 5010 τῷ
3304 4940 3560 5010 Ἰωαθάμ.

2378 5026 2560 5096 Ἆχὰζ,
2581 5028 2687 5082 τὸν
2723 5029 2857 5083 υἱόν
2885 5031 3138 5085 Ἰωσίου.
3159 5032 3238 5084 Τὰ
3274 5032 3414 5087 κατὰ
3449 5032 3535 5101 τὸν
3568 5015 3794 5099 Ἀχάξιιέ

604 5131 774 5198 cbim,
845 5127 1147 5195 Jechoniae,
1191 5136 1246 5184 et
1285 5128 1598 5184 Sedcchiae’
1634 5127 1866 5183 uberius
1916 5125 2184 5182 Jeremias

2295 5122 2385 5174 τὸν
2414 5122 2666 5192 Ἱωακὶμ,
2689 5124 2782 5176 καὶ
2809 5123 2898 5176 τὸν
2929 5123 3207 5195 Ἰεχονίαν,
3244 5128 3338 5179 καὶ
3367 5125 3625 5185 Σεδεκίαν,
3655 5110 3792 5170 πλατέ’

607 5222 925 5292 descripsit.
975 5220 1228 5276 Joachim
1280 5235 1413 5275 vero
1453 5217 1722 5274 Joachimi
1755 5219 1948 5284 lilium,
1981 5217 2188 5273 let-ho-

615 5313 760 5370 niam
780 5313 1040 5383 appellat,
1075 5312 1216 5367 liber
1265 5326 1396 5367 vero
1456 5309 1862 5378 Paralipomen.
1910 5305 2187 5361 Joachim.

613 5405 766 5459 llunc
819 5402 1082 5474 Assyrius
1132 5419 1162 5455 e
1193 5383 1418 5456 carcere
1465 5399 1782 5462 liberatum,
1836 5410 2192 5450 commensa-

611 5495 714 5548 lem
765 5491 981 5559 habuit,
1009 5492 1266 5558 Domino,
1315 5507 1344 5547 a
1377 5506 1487 5562 quo
1535 5503 1834 5562 percussus
1881 5494 2024 5554 erat,
2065 5502 2191 5541 cum

610 5586 936 5642 testituente
966 5585 1024 5642 in
1052 5585 1351 5658 integrum.

2289 5233 2443 5286 τερον
2495 5216 2762 5287 Ἱερεμίας
2819 5217 3183 5289 συνέγραψεν.
3243 5220 3346 5272 Τὸν
3400 5221 3453 5272 δὲ
3492 5204 3791 5281 Ίωακὶμ.τδν

2290 5306 2380 5358 τοῦ
2422 5305 2646 5376 Ἰωακὶμ
2682 5309 2816 5373 υἱὸν,
2858 5309 3116 5378 Ἰεχονίαν
3145 5310 3322 5364 καλεῖ.
3371 5311 3435 5363 ’Π
3464 5309 3517 5362 δὲ
3546 5306 3637 5362 τῶν
3665 5301 3791 5365 Παρα-

2290 5396 2630 5463 λειπομένων
2681 5398 2863 5468 βίϐλος
2908 5399 3160 5470 Ἰωακίμ.
3211 5400 3414 5454 Τοῦτον
3487 5403 3514 5454 ό
3561 5391 3789 5460 ’Δασύριοςν

2292 5489 2393 5558 τῆς
2424 5488 2649 5559 εἱρκτῆς
2683 5490 3019 5557 ἀπαλλάξας,
3054 5492 3362 5560 ὁμοδίαιτον
3389 5488 3546 5564 εἶχεν,
3592 5483 3670 5542 τοῦ
3699 5474 3789 5543 πλί-

2300 5580 2488 5644 ξαντος
2525 5581 2686 5636 αὐτὸν
2723 5583 3020 5654 ἰασαμένου
3061 5583 3220 5638 Θεοῦ.
