3960 6230
136 415 274 482 1201

1113 416 1652 482 COMMENTARII
1686 420 1771 480 IN
1804 420 1949 483 LIB.
1989 418 2020 480 I
2074 419 2424 481 PARAIJP.
2467 510 2490 539 .

3275 415 3412 481 1:202

135 705 381 823 ΕΙΣ
455 705 776 822 ΤΗΝ
835 702 1464 825 ΠΡΩΤΗΝ
1521 708 1825 825 ΤΩΝ
1899 699 3146 826 ΠΑΡΑΛΕΙΠΟΜΕΝ
3164 708 3407 826 ΩΝ.

273 1097 441 1235 IN
501 1096 1131 1233 PRIMUM
1189 1001 1801 1233 LIBRUM
1872 1100 3279 1237 PARALIPOMENON.

252 1334 274 1453 3
790 1438 795 1444 ν
1157 1335 1441 1411 Ludovico.
1456 1335 1719 1398 Lavatero
1773 1336 2034 1414 Τίρων-ειιο
2083 1343 2390 1415 interprete.

732 1646 1142 1706 ΠΡΟΟΙΜΙΟΝ.

216 1735 362 1793 Ὀσα
415 1737 719 1810 παρέλιπεν
755 1740 785 1794 ὁ
813 1739 915 1804 τὰς
966 1739 1257 1805 Βασιλείας
1291 1741 1719 1814 συγγεγραφὼς»

139 1830 320 1886 ταῦτα
349 1829 691 1885 συντέθεικεν
718 1831 747 1884 ὀ
776 1831 876 1901 τὴν
931 1830 1216 1902 παροῦσαν
1247 1833 1505 1888 ὑπόθεσιν
1533 1835 1728 1906 ἐνστη-

143 1923 405 1993 σάμενος.
450 1924 539 1986 Ὠς
586 1924 680 1977 καὶ
716 1922 956 1995 τοῦνομα
1007 1922 1101 1977 τοῦ
1133 1924 1343 1995 βιϐλίου
1369 1926 1546 1997 δηλοῖ,
1579 1928 1725 2000 ἆπερ

140 2017 208 2070 bc
250 2015 519 2070 πλείστων
540 2014 895 2085 προφητικῶν
938 2015 1291 2083 συνελέξατο.
1342 2017 1521 2074 Πολλὰ
1548 2018 1607 2073 δὲ
1632 2019 1730 2075 καὶ

140 2107 256 2162 τῶν
316 2107 373 2162 ὲν
422 2109 545 2169 ταῖς
600 2107 913 2173 Βασιλείαις
968 2106 1182 2173 τούτοις
1225 2110 1563 2183 συνήρμοσε,
1598 2112 1731 2183 μίαν

144 2201 433 2271 συνέχειαν
465 2199 753 2269 φυλάττειν
779 2199 1411 2265 ὲσπουδακώς.”Ανωθεν
1449 2202 1509 2257 δὲ
1534 2219 1731 2273 γενεα-

146 2292 305 2359 λογεῖ
363 2290 464 2361 τὴν
517 2291 701 2345 πᾶσαν
745 2290 807 2356 ἐξ
856 2290 977 2356 ἐνὸς
1024 2290 1245 2358 δεικνὺς
1300 2291 1729 2367 ἁνθρωπότητα.

158 2383 386 2456 Ἐπειδὴ
414 2382 470 2437 δὲ
505 2383 673 2454 μόνης
702 2385 802 2455 τῆς
826 2383 1003 2439 Ἰούδα
1041 2383 1323 2455 βασιλείας
1365 2389 1602 2441 ποιεῖται
1629 2388 1733 2458 τὴν

149 2478 400 2548 μνήμην.
432 2474 699 2540 διδάσκει,
731 2476 877 2540 τίνες
906 2475 1117 2532 τούτων
1169 2478 1225 2531 al
1252 2477 1459 2545 κῶμαι,
1499 2478 1595 2532 καὶ
1632 2479 1732 2533 πό-

144 2571 289 2634 λεις,
329 2570 424 2622 καὶ
453 2568 621 2623 πόθεν
658 2568 991 2642 ἐκλήθησαν.
1032 2568 1316 2623 Ἐντεῦθεν
1365 2570 1733 2643 μανθάνομεν,

147 2663 227 2726 ὡς
260 2659 473 2725 Ναθὰν,
497 2660 559 2728 ἐξ
613 2652 675 2716 οῦ
721 2661 816 2716 τὸν
870 2660 1111 2734 Χριστὸν
1146 2663 1359 2729 Λουκᾶς
1396 2658 1735 2733 γενεαλογεῖ,

148 2756 378 2826 γνήσιος
400 2749 468 2826 ἦν
504 2755 735 2824 ἀδελφὸς
790 2755 1160 2826 Σολομῶντος,
1192 2757 1258 2810 ἑκ
1282 2756 1448 2810 Δαϐ“ιδ
1476 2758 1568 2812 καὶ
1592 2757 1739 2829 Βηρ-

149 2848 372 2905 σαϐαιέ.
412 2849 526 2902 Καὶ
553 2848 646 2902 τὸν
680 2848 888 2920 Ῥηχὰϐ
920 2848 1000 2915 δὲ,
1040 2849 1134 2903 τὸν
1163 2849 1434 2921 πολλαχοῦ
1465 2851 1563 2919 τῆς
1590 2850 1741 2921 Γρα-

145 2942 263 3013 φῆς
286 2940 705 3012 ἐπαινούμενον,
750 2933 852 2994 ὧδε
883 2940 1159 2996 δείκνυσιν
1198 2943 1262 2996 ἐκ
1310 2943 1412 3013 τῆς
1442 2941 1618 2996 Ἰούδα
1641 2959 1740 3011 φυ-

1755 1658 1802 1716 Α

2349 1618 2356 1624 ’
2403 1652 2829 1711 mouemus.

1895 1747 2105 1804 Auctor
2182 1746 2278 1820 qui
2332 1761 2577 1820 praesens
2620 1751 3010 1819 argumentum
3067 1747 3418 1804 tractandum

1826 1840 2093 1912 suscepit,
2124 1854 2213 1906 ea,
2239 1855 2361 1912 qua:
2397 1854 2426 1894 a
2464 1839 2739 1910 scriptore
2767 1836 3018 1895 historia:
3039 1839 3254 1912 Regum
3283 1854 3423 1910 pm-

1830 1933 2089 1991 termissa
2139 1941 2293 2003 sunt,
2326 1932 2414 1988 his
2461 1929 2623 1988 libris
2676 1931 3047 2003 persequitur.
3079 1929 3138 1999 ld
3175 1930 3324 2003 quod
3353 1931 3421 1985 ti-

1830 2027 1980 2085 tulus
2002 2025 2136 2082 libri
2166 2027 2338 2083 etiam
2390 2024 2658 2083 ostendit.
2700 2024 2973 2083 Caeterum
3013 2026 3130 2082 haec
3169 2040 3233 2081 ex
3287 2024 3423 2080 mul-

1832 2118 1906 2173 tis
1936 2117 2336 2189 prophetarum
2376 2117 2606 2189 scriptis
2656 2117 2902 2190 collegit.
2947 2116 3117 2173 Multa
3174 2129 3422 2190 quoque,

1831 2224 1956 2281 quae
1985 2208 2041 2263 in
2072 2208 2234 2263 libris
2265 2205 2478 2280 Regum
2525 2209 2812 2280 leguntur,
2846 2207 2935 2264 his
2967 2208 3285 2279 conjunxit.
3320 2207 3425 2263 De-

1833 2301 1917 2356 dit
1973 2298 2125 2357 enim
2177 2314 2405 2370 operam
2442 2340 2456 2365 ,
2512 2308 2572 2355 ut
2621 2300 2944 2356 continuam
2999 2308 3052 2356 et
3104 2305 3422 2374 perpetuam

1833 2392 2082 2449 historiae
2110 2391 2313 2449 seriem
2345 2400 2724 2459 conservaret.
2762 2392 2938 2450 Porro
2966 2408 3135 2465 supra
3163 2398 3423 2463 repetens

1836 2484 2242 2557 genealogiam,
2274 2498 2343 2539 ex
2377 2499 2491 2540 uno
2522 2484 2749 2543 homine
2791 2493 2970 2543 totum
3012 2501 3190 2557 genus
3221 2484 3423 2541 huma-

1837 2588 1970 2630 num
2000 2573 2244 2630 deducit.
2279 2571 2367 2641 Et,
2401 2588 2530 2630 cum
2575 2576 2729 2649 regni
2751 2573 2893 2633 Iuda
2934 2585 3147 2632 tantum
3189 2575 3418 2632 mentio-

1839 2682 1966 2725 nem
1998 2666 2190 2732 faciat,
2223 2667 2409 2735 docet,
2438 2682 2579 2739 quos
2636 2683 2829 2741 pagos,
2863 2675 2918 2725 et
2958 2683 3100 2740 quas
3133 2668 3299 2725 urbes
3329 2667 3428 2728 ha-

1840 2759 1988 2826 beat,
2042 2765 2097 2814 et
2126 2759 2272 2814 unde
2324 2773 2528 2814 nomen
2573 2761 2918 2831 acceperint.
2968 2757 3248 2817 Discimus
3298 2758 3428 2815 hinc

1841 2847 2083 2913 Nathan,
2121 2863 2192 2905 ex
2229 2864 2341 2920 quo
2385 2846 2566 2906 Lucas
2593 2844 2973 2921 genealogiam
2996 2848 3208 2905 Christi
3247 2848 3426 2903 dedu-

1845 2942 1946 3008 cit,
1990 2941 2165 2998 fuisse
2202 2957 2523 3014 germanum
2573 2941 2798 2998 fratrem
2848 2942 3181 3009 Salomonis,
3231 2958 3298 2998 ex
3328 2938 3431 2995 Da-

143 3011 273 3106 λῆς.
305 3032 472 3103 Λέγει
526 3011 583 3086 δὲ
632 3031 727 3086 καὶ
767 3028 997 3103 Ῥουϐὴν
1053 3031 1163 3086 τῶν
1197 3011 1611 3103 πρωτοτοκείων
1642 3032 1735 3085 ὲκ-

1844 3033 1967 3089 vide
2021 3040 2079 3089 et
2133 3011 2461 3090 Bethsabea.
2517 3031 2585 3087 Et
2612 3031 2860 3099 Rechab,
2918 3048 3084 3105 quem
3137 3031 3427 3102 Scriptura

145 3125 529 3191 πεπτωκέναι,
577 3124 673 3179 τοῦ
728 3122 938 3195 πατρὸς
994 3123 1095 3195 τὴν
1154 3125 1343 3194 κοίτην
1425 3122 1695 3194 μιάναντα
1720 3140 1735 3156 ο

145 3218 331 3275 ταῦτα
355 3219 413 3272 δὲ
444 3217 538 3273 τὸν
580 3217 778 3288 Ἰωσὴφ
808 3216 1113 3288 εἰληφέναι.
1148 3217 1254 3270 Τὸν
1301 3217 1360 3271 δὲ
1405 3216 1615 3271 Ἰούδαν
1656 3218 1737 3280 είς

147 3310 458 3383 ἠγεμονίαν
517 3309 975 3382 προτιμηθῆναιμ
1002 3308 1090 3362 διὰ
1144 3309 1246 3380 τὴν
1277 3307 1734 3379 ὑπερϐάλλουσαν

149 3400 326 3459 αὺτοῦ
374 3400 626 3471 δύναμιν.
662 3401 923 3455 Μάλιστα
943 3401 1025 3466 δὲ,
1060 3400 1151 3455 διὰ
1175 3399 1265 3454 τὸν
1302 3398 1362 3465 ἐξ
1401 3399 1571 3454 αὑτοῦ
1596 3400 1743 3454 κατὰ

148 3495 340 3567 σάρκα
394 3493 1039 3565 βλαστήσανταΚύριον.
1097 3492 1273 3546 Τοῦτο
1304 3493 1414 3563 γὰρ
1469 3492 1623 3562 δηλοῖ
1653 3492 1736 3559 τὸ,

105 3646 109 3650 _
144 3589 236 3654 είς
272 3585 614 3655 ’ἡγούμενον
646 3584 716 3650 ἐξ
747 3584 956 3640 αὐτοῦ.
988 3585 1052 3638 Ol
1086 3582 1187 3654 μὲν
1215 3583 1324 3654 γὰρ
1355 3583 1526 3648 ἄλλοι,
1569 3581 1741 3653 πρόσο

146 3693 341 3748 καιροι
365 3694 380 3708 ο
447 3670 604 3738 οὗτος
655 3675 735 3741 δὲ,
773 3675 937 3745 μόνος
983 3675 1045 3742 ἐξ
1078 3671 1245 3728 αὐτοῦ
1286 3674 1583 3745 προῆλθεν,
1608 3673 1741 3728 αίώ-

144 3787 266 3834 νιος
293 3767 371 3822 ὢν
406 3766 680 3839 βασιλεύς.
709 3767 964 3835 Διδάσκει
1002 3766 1061 3821 δὲ
1096 3766 1189 3821 καὶ
1214 3766 1290 3832 ὡς
1318 3768 1375 3821 αἱ
1405 3766 1579 3839 πέραν
1606 3766 1743 3838 ’Ῑορ-

143 3864 318 3919 δάνου
350 3861 513 3931 φυλαὶ
532 3861 660 3924 τοὺς
694 3859 1029 3929 ἀλλοφύλους
1062 3859 1347 3930 ἐνίκησαν,
1379 3860 1461 3923 είς
1491 3858 1624 3913 Θεὸν
1650 3859 1745 3913 καὶ

148 3955 325 4027 μόνον
356 3953 666 4008 ὲλπίσασαι.
698 3951 1017 4021 ιἰνεαλογεῖ
1036 3947 1092 4005 δὲ
1124 3951 1221 4006 καὶ
1249 3953 1375 4015 τοὺς
1412 3951 1611 4022 ίερέας,
1647 3949 1745 4005 καὶ

143 4048 284 4107 τοὺς
317 4046 575 4109 Λευῖτας.
606 4043 719 4099 Καὶ
768 4044 1031 4109 Σαδδοὺκ,
1064 4043 1158 4097 τὸν
1192 4044 1285 4098 ἐπὶ
1332 4043 1428 4098 τοῦ
1456 4042 1622 4097 Δαϐὶδ
1645 4044 1746 4113 ἀρ-

145 4137 606 4215 χιερατεύσαντα,
661 4137 935 4192 δείκνυσιν
997 4137 1284 4192 ἑνδέκατον
1323 4135 1432 4190 ἀπὸ
1478 4134 1730 4208 ’Λαρώνο

146 4236 252 4289 καὶ
293 4232 386 4286 τδν
404 4230 645 4285 Σαδδοὺκ
668 4230 893 4298 ἔκγονον
945 4229 1205 4302 Ἀζαρίαν
1240 4228 1459 4301 πρῶτον
1492 4227 1745 4301 ίερατεῦ-

1840 3126 2048 3199 passim
2078 3126 2347 3193 celebrat,
2372 3141 2437 3182 ex
2475 3126 2624 3182 tribu
2670 3124 2812 3182 Juda
2847 3123 3020 3183 fuisse
3045 3124 3310 3181 ostendit.
3343 3123 3426 3178 Ad

1841 3219 1959 3276 haec
1992 3217 2212 3286 Ruben,
2248 3234 2315 3276 e0
2353 3226 2499 3290 quod
2539 3219 2719 3290 patris
2746 3220 2957 3276 lectum
2988 3218 3208 3276 incestu
3238 3225 3429 3274 conta-

1840 3312 2132 3377 minasset,
2186 3311 2281 3382 jus
2350 3312 2804 3383 primogenitum
2866 3313 3159 3380 amisisse,
3221 3310 3428 3379 Ioseph

1843 3399 2004 3474 54³1
2036 3417 2165 3457 vero
2196 3402 2373 3473 ipsius
2398 3402 2521 3457 loco
2553 3402 2841 3473 accepisse
2869 3400 3124 3458 docetur.
3168 3386 3305 3454 Item
3339 3395 3432 3454 Ju-

1843 3494 1926 3550 (ιω
1980 3495 2251 3550 honorem
2335 3493 2711 3566 principatus,
2755 3502 3003 3571 propter
3062 3492 3426 3549 excellentem

1845 3601 2001 3641 suam
2047 3586 2306 3642 virtutem
2352 3586 2602 3642 habitum
2650 3602 2797 3656 esse,
2843 3584 3083 3641 maxime
3127 3598 3260 3641 vero
3304 3597 3435 3653 pro-

1846 3686 1969 3748 pter
2005 3677 2382 3745 Servatorem,
2413 3678 2511 3749 qui
2535 3693 2601 3734 ex
2629 3693 2695 3735 eo
2729 3677 3039 3734 secundum
3077 3664 3299 3731 carnem
3331 3677 3431 3728 de-

1846 3768 2088 3825 scendit.
2144 3767 2203 3824 ld
2250 3769 2338 3826 bis
2384 3771 2569 3827 verbis
2611 3770 2983 3833 'declaratur,
3034 3769 3092 3822 in
3146 3765 3331 3821 ducem
3369 3782 3434 3822 ea:

1842 3864 1980 3932 ipso.
2037 3860 2248 3934 Reliqui
2292 3863 2441 3919 enim
2494 3862 2818 3938 temporarii
2847 3861 3107 3929 fuerunt;
3160 3861 3254 3916 hic
3300 3874 3434 3916 vero

1845 3972 1913 4012 ex
1971 3956 2096 4029 ipso
2148 3954 2459 4019 descendit,
2504 3956 2601 4027 qui
2650 3954 2804 4012 solus
2836 3955 3165 4011 saeculorum
3205 3968 3301 4008 rex
3326 3963 3431 4008 est.

1847 4048 2018 4106 Docet
2044 4048 2232 4114 etiam,
2267 4046 2551 4120 quomodo
2573 4047 2774 4110 tribus,
2808 4062 2933 4119 quae
2966 4047 3109 4101 ultra
3132 4044 3432 4102 Jordanem

1847 4153 1999 4207 sunt,
2031 4145 2087 4199 in
2140 4144 2258 4200 solo
2296 4143 2411 4198 Deo
2455 4141 2574 4214 spei
2604 4140 2863 4212 praesidio
2916 4141 3120 4211 posito,
3167 4138 3433 4210 alienige-

1848 4250 1948 4291 nas
1975 4233 2235 4290 vicerint.
2297 4230 2623 4304 Catalogum
2678 4238 2934 4288 recenset
2978 4229 3201 4301 generis
3250 4242 3437 4284 sacer-

150 4343 272 4387 σαι,
317 4322 455 4392 μετὰ
478 4322 578 4393 τὴν
612 4321 717 4375 ὑπὸ
729 4320 1077 4394 Σολομῶντος
1094 4323 1442 4393 κατασκευὴν
1469 4321 1564 4376 τοῦ
1590 4322 1740 4380 ναοῦ.

1851 4328 2041 4383 dotum
2096 4332 2152 4381 et
2208 4323 2552 4381 Levitarum.
2625 4321 2949 4389 Sadocum,
3010 4319 3106 4391 qui
3169 4326 3435 4389 regnante

162 4415 261 4480 Ἐξ
289 4407 366 4468 ὧν
386 4410 454 4486 ἦν
498 4413 769 4499 Ἰωσεδὲκ,
796 4414 824 4468 ὁ
855 4413 993 4483 μετὰ
1024 4415 1124 4486 τὴν
1147 4413 1350 4469 ἅλωσιν
1370 4414 1639 4486 ἀπαχθεὶς
1666 4416 1740 4481 είς

1854 4416 2058 4473 Davide
2090 4430 2367 4472 summum
2396 4414 2781 4483 pontificatum
2811 4411 3012 4484 gessit,
3046 4408 3292 4467 ostendit
3328 4423 3434 4463 un-

147 4505 475 4562 Βαϐυλῶνα.
495 4496 682 4577 Οῦπερ
702 4501 770 4577 ἦν
804 4506 921 4571 υἱὸς
963 4506 1194 4579 Ἰησοῦς,
1216 4509 1244 4561 ὁ
1275 4508 1454 4578 ἱερεὺς
1481 4509 1509 4561 ὁ
1550 4507 1749 4578 μέγας.

148 4605 178 4655 ὁ
208 4599 346 4663 τοὺς
372 4597 751 4669 αἰχμαλώτους
813 4601 912 4655 σὺν
962 4599 1040 4671 τῷ
1092 4599 1403 4671 Ζοροϐάϐελ
1431 4599 1747 4669 ἀναγαγών.

162 4691 459 4746 Ἐντεῦθεν
518 4689 887 4761 μανθάνομεν,
920 4690 997 4755 ὼς
1043 4692 1073 4743 ὁ
1122 4690 1438 4754 ἐπαναστὰς
1497 4690 1643 4761 Κορὲ
1674 4689 1750 4762 τῷ

150 4784 392 4840 Μωῦσεϊ
420 4780 746 4852 ἀνεψιαδοῦς
792 4782 1040 4853 ὑπῆρχεν
1083 4781 1253 4853 αὐτῷ,
1296 4781 1395 4836 τοῦ
1442 4780 1628 4854 ’Ῑσαὰρ
1654 4780 1751 4837 ἐκ·

151 4891 345 4943 γονης,
399 4872 520 4928 υίοῦ
576 4873 679 4944 μὲν
737 4872 918 4939 Καὰθ,
982 4874 1212 4942 ἀδελφοῦ
1253 4875 1314 4929 δὲ
1347 4875 1597 4947 Ἀμρὰμ,
1652 4876 1751 4930 τοῦ

150 4965 449 5028 Μωῦσέως
480 4963 726 5035 πατρὸςο
755 4965 848 5022 καὶ
876 4963 952 5028 ὡς
994 4966 1044 5018 0i
1069 4965 1263 5019 τούτου
1302 4967 1496 5038 παῖδες
1528 4966 1628 5036 τῆς
1653 4964 1750 5020 τοῦ

152 5055 375 5149 πατρὸς
410 5057 474 5112 οὐ
519 5057 892 5127 μετεσχήκασι
928 5056 1108 5127 δίκης.
1157 5056 1416 5128 Σαμουὴλ
1444 5056 1577 5125 γοῦν
1600 5059 1628 5112 ὁ
1657 5057 1754 5127 μέ-

150 5170 267 5223 γας
295 5150 358 5216 ἐξ
381 5150 545 5205 αὐτοῦ
570 5151 805 5220 κατάγει
828 5151 889 5206 τὸ
913 5152 1091 5221 γένος,
1110 5153 1206 5206 καὶ
1232 5153 1455 5224 Αίμὰνὸ
1471 5152 1751 5225 ψαλτῳδδς

152 5244 396 5311 ἔκγονος
443 5237 511 5313 ἦν
563 5240 842 5312 Σαμουήλ.
894 5242 1024 5305 Υίδς
1071 5242 1182 5313 γὰρ
1213 5237 1282 5315 ἦν
1326 5240 1480 5315 Ίωὴλ
1499 5244 1595 5297 τοῦ
1632 5245 1750 5298 υἱοῦ

152 5333 447 5405 Σαμουὴλ.
496 5333 671 5403 Ἀζὰφ
731 5333 788 5387 δὲ
847 5336 876 5388 ὁ
926 5333 1206 5405 «tamab;
1232 5337 1299 5391 ὲκ
1334 5333 1429 5389 τοῦ
1463 5335 1692 5406 Γεδσὼμ
1720 5338 1750 5378 h

153 5425 379 5494 κατῆγε
438 5425 500 5479 τὺ
556 5424 733 5493 γένος,
764 5425 880 5479 υἱοῦ
931 5424 1084 5491 Λευῖ,
1119 5427 1353 5496 ἀδελφοῦ
1404 5428 1584 5484 Καᾶθ.
1641 5429 1750 5483 Kal.

168 5516 361 5587 Ἐθὰμ
406 5516 505 5582 δὲ,
534 5515 645 5570 τῶν
700 5517 937 5589 ᾀδόντων
967 5513 1069 5580 εἷς,
1132 5520 1197 5573 ὲκ
1246 5518 1342 5573 τοῦ
1375 5520 1616 5593 Μεραρὶ,
1652 5521 1749 5576 τοῦ

155 5606 327 5672 Δευτ,
369 5606 580 5677 κατῆγε
613 5606 675 5660 τὸ
721 5606 898 5675 γένος.
940 5607 1105 5677 Λέγει
1168 5608 1224 5662 δὲ
1266 5613 1359 5665 καὶ
1408 5612 1620 5683 ἱερέων.
1655 5615 1749 5667 καὶ

1853 4509 2126 4566 decimum
2183 4507 2255 4563 ab
2298 4507 2519 4561 Aarone
2568 4502 2764 4571 fuisse,
2811 4512 2868 4560 et
2924 4499 3126 4558 Sadoci
3177 4508 3434 4570 nepotem

1849 4602 2105 4657 Azariam
2186 4600 2427 4670 primum
2497 4596 2807 4652 sacerdotis
2890 4607 3095 4649 munus
3166 4590 3435 4656 obivisse,

1852 4698 2141 4763 postquam
2175 4687 2439 4758 templum
2457 4701 2489 4740 a
2515 4684 2807 4741 Salomone
2829 4683 3028 4741 fuisset
3052 4688 3434 4748 exstructum;

1850 4799 1920 4840 ex
1965 4783 2170 4855 quibus
2221 4781 2390 4836 etiam
2443 4777 2684 4835 Iosedek
2735 4785 2881 4846 erat,
2915 4777 3011 4849 qui
3063 4784 3227 4846 capta
3275 4773 3435 4839 urbe,

1849 4873 2184 4947 Babylonem
2234 4869 2511 4926 abductus
2549 4874 2656 4927 est.
2708 4866 2889 4939 Hujus
2926 4866 3076 4923 ﬁlius
3111 4863 3220 4920 fuit
3249 4860 3433 4924 Iesus,

1852 4980 2104 5023 summus
2134 4962 2406 5035 pontifex,
2439 4961 2536 5034 qui
2589 4959 2839 5032 captivos
2868 4972 2976 5014 una
3022 4970 3149 5013 cum
3188 4951 3432 5008 Zoroba-

1850 5058 1973 5114 bele
2014 5054 2256 5112 reduxit.
2310 5052 2453 5108 llinc
2509 5052 2848 5123 colligimus,
2902 5045 3234 5104 seditiosum
3291 5040 3435 5096 Core
3540 5116 3557 5121 ί

1853 5149 2158 5221 patruelem
2187 5145 2394 5220 Moysis
2442 5145 2639 5209 fuisse,
2671 5145 2842 5200 tilium
2882 5139 3077 5205 lsaari,
3113 5137 3208 5191 filii
3238 5133 3432 5196 Caath,

1852 5241 2045 5298 fratris
2106 5254 2240 5296 vero
2290 5239 2540 5302 Amram,
2587 5235 2763 5308 patris
2810 5232 3040 5304 Moysis.
3098 5226 3233 5282 Item
3294 5224 3436 5278 lilios

1852 5333 2031 5406 ipsius
2060 5340 2305 5403 paternae
2344 5344 2523 5401 paenae
2574 5341 2686 5382 non
2733 5325 2908 5380 fuisse
2938 5320 3263 5393 participes.
3323 5314 3436 5369 Ma-

1850 5442 1992 5500 gnus
2029 5425 2176 5482 enim
2205 5424 2297 5479 illc
2320 5428 2587 5495 propheta
2628 5416 2851 5474 Samuel
2885 5416 2954 5469 ab
2994 5413 3099 5468 hoc
3130 5425 3306 5482 genus
3336 5408 3435 5462 dn-

1851 5523 1949 5585 cit,
1982 5529 2038 5575 et
2069 5518 2300 5574 Hemam
2347 5515 2550 5588 psaltes
2581 5527 2756 5584 nepos
2803 5509 2905 5565 fuit
2947 5505 3243 5571 Samuelis,
3279 5502 3423 5583 fjlius

1850 5611 2043 5673 Jnelis,
2078 5611 2171 5665 lilii
2219 5606 2515 5664 Samuelis.
2562 5602 2745 5674 Asapb
2789 5614 2922 5657 vero
2969 5605 3162 5654 cantor
3186 5610 3251 5650 ex
3292 5592 3435 5653 Gerf

154 5698 437 5767 Λευῖτῶν,
461 5698 524 5753 τὸ
549 5698 827 5772 διάφορον.
881 5700 1049 5769 Λέγει
1100 5701 1158 5755 δὲ
1207 5704 1302 5757 καὶ
1338 5705 1434 5773 τῆς
1461 5706 1740 5776 αἰχμαλω-

1860 5723 1957 5762 son
2004 5706 2136 5761 {lilio
2186 5702 2336 5769 Levi,
2389 5700 2556 5756 fratre
2597 5696 2791 5764 Caath,
2820 5708 2994 5767 genus
3031 5689 3207 5749 duxit.
3240 5686 3435 5744 Etham

1465 5817 1703 5874 nam
1744 5815 2146 5876 LECTIONES.
2428 5778 2446 5793 ’

239 5902 269 5944 ιι
313 5902 563 5977 nemp.
604 5905 856 5963 Lavateri
901 5904 1083 5963 Codex
1124 5906 1340 5975 habuit,
1372 5906 1629 5979 Γερσώμ.
