3960 6230
277 382 412 448 1Ξο5

864 491 1116 547 ΚΕΦΑΛ.
1144 492 1246 548 ΙΕ’.

342 585 452 644 Καὶ
480 584 582 640 ἐπί
620 583 801 639 Δαϐὶδ
833 581 1021 654 ἐφοὺδ
1052 582 1266 653 μόνον.
1313 584 1426 637 Καὶ
1496 582 1601 653 μὴν
1649 581 1750 635 οὐκ
1788 573 1856 652 ἦν

273 678 474 753 ἱερεύς.
514 677 572 732 '0
608 677 707 747 μὲν
735 670 829 730 οῦν
877 674 1109 738 Ἀκύλας
1133 675 1502 745 ἡρμήνευσεν,
1526 675 1857 745 ἐπένδυμαο

278 767 568 838 Σύμμαχος
596 765 674 828 δὲ,
706 762 990 833 ἐπωμίδα.
1037 763 1200 816 Ἀλλὰ
1223 764 1397 818 ταῦτα
1455 765 1578 819 καὶ·
1608 763 1859 836 ίερατικὰ

276 853 367 932 ἦν,
392 857 488 911 καὶ
525 855 697 910 κοινά.
740 854 1008 924 Θεοσεϐὴς
1035 848 1126 908 οῦν
1155 852 1233 908 ὣν
1304 857 1333 910 6
1392 854 1574 920 Aa6l5,
1637 853 1861 925 ὲχόρευε

279 948 384 1021 πρὸ
421 949 520 1018 τῆς
542 947 806 1002 κιϐωτοῦ·
838 945 899 1002 τὸ
926 947 984 1000 δὲ
1015 945 1297 1018 βασιλικὸν
1331 947 1668 1020 ἀποθέμενος
1728 947 1861 1019 σχῆ-

283 1058 376 1110 μα,
416 1039 584 1111 μόνην
610 1039 667 1092 δὲ
698 1037 881 1110 φορῶν
917 1037 1166 1109 ἐπωμίδα
1197 1038 1407 1109 κοινὴν,
1438 1022 1506 1110 ἣν
1537 1038 1634 1092 νῦν
1666 1035 1861 1091 καλοῦ-

280 1146 365 1183 σιν
406 1128 753 1201 ’Δρκαδικήν.
780 1125 907 1191 Πῶς
943 1126 1052 1200 γὰρ
1106 1128 1195 1195 ἂν,
1263 1127 1519 1199 θεοσεϐὴς
1572 1129 1856 1200 ὑπάρχων,

278 1219 495 1292 παρέϐη
530 1219 621 1273 τὸν
649 1220 814 1290 νόμον
842 1236 857 1286 ;

877 1311 1128 1366 ΚΕΦΑΛ.
1165 1310 1282 1380 ις’.

342 1403 587 1473 Χελχὰλ
626 1402 832 1473 ἄρτου,
903 1403 990 1458 Ἐν
1027 1406 1150 1470 ταῖς
1206 1403 1518 1470 Βασιλείαις
1569 1405 1861 1480 κολλυρίδα

278 1497 434 1568 φησί.
1146 1564 1152 1567 _

350 1590 488 1644 Τότε
511 1590 686 1654 ἔταξε
705 1589 884 1644 Δαὸὶδ
911 1590 982 1644 ἐν
1004 1590 1164 1661 ἀρχῇ
1194 1591 1300 1646 τοῦ
1339 1591 1538 1646 αἰνεῖν
1578 1593 1711 1671 τὸν.
1738 1593 1855 1647 Κύ-

273 1680 501 1748 ριον-ἐν
549 1680 699 1750 χειρὶ
742 1678 939 1757 Ἀζὰφ.
998 1683 1099 1738 καί
1162 1681 1282 1738 τῶν
1317 1681 1601 1753 ἀδελφῶν
1647 1682 1858 1739 αὐτοῦ.

277 1772 560 1837 Τουτέσ-τι,
578 1771 783 1827 τούτων
812 1773 1156 1845 ἡγουμένων.
1190 1775 1498 1829 Αίνίττεται
1524 1774 1606 1840 δὲ,
1624 1774 1701 1837 ὡς
1732 1774 1861 1829 πάν-

1227 382 1765 446 COMMENTARII
1804 380 1889 444 IN
1949 381 2100 444 LIB.
2174 381 2202 441 Ι
2255 383 2603 445 PARALIP.

1885 491 1932 549 Α

2030 581 2198 638 Vens.
2253 583 2304 638 l.
2361 581 2535 638 David
2578 582 2692 638 solo
2735 583 2904 653 ephod
2958 584 3175 640 indutus
3200 594 3337 640 erat.
3372 585 3539 656 Atqui

1960 672 2224 728 sacerdos
2263 689 2370 728 non
2389 685 2528 730 eral.
2562 675 2764 747 Aquila
2821 675 3099 746 ἐπένδυμα
3145 677 3542 748 interpretatus

1960 774 2072 833 est;
2114 765 2485 838 Symmachus
2518 784 2651 824 vero
2709 768 2985 841 ἐπωμίδα.
3018 767 3291 826 Caeterum
3327 769 3462 836 haec,
3488 778 3541 825 et

1961 852 2347 920 sacerdotalia,
2409 864 2463 911 et
2516 858 2834 913 communia
2895 866 3077 915 erant.
3112 856 3285 912 David
3332 858 3539 929 itaque,

1961 952 2020 999 ut
2050 944 2144 1015 qui
2177 943 2470 1016 religiosus
2519 957 2660 1013 erat,
2703 948 2927 1004 saltavit
2978 955 3107 1003 ante
3146 961 3352 1013 aream,
3393 946 3543 1018 regio

1961 1033 2151 1091 habitu
2222 1036 2513 1105 deposito,
2577 1037 2754 1092 solam
2817 1037 3127 1109 epomidem
3192 1051 3541 1093 communem

1961 1133 2206 1195 gestans,
2265 1141 2430 1195 quam
2489 1143 2637 1182 nunc
2704 1126 3037 1183 Arcadicam
3094 1121 3396 1199 appellant.
3429 1125 3541 1182 Cur

1960 1216 2131 1281 enim,
2159 1215 2284 1287 pius
2305 1230 2429 1271 cum
2458 1214 2835 1289 fuerit,lcgem
2871 1224 3260 1289 transgressus
3287 1213 3473 1277 esset?

2595 1308 2748 1365 CAP.
2785 1308 2925 1365 XVI.
3362 1306 3367 1311 ”

2034 1399 2199 1473 548
2240 1400 2402 1458 Vens.
2433 1404 2486 1459 3.
2519 1401 2796 1469 Chelchal,
2845 1412 3045 1459 tortam
3091 1405 3269 1474 panis.
3292 1401 3350 1458 In
3399 1402 3545 1459 libro

1965 1493 2171 1562 Regum
2202 1493 2495 1565 κολλυρίδα
2530 1494 2686 1549 dicit.

2034 1582 2202 1638 Vens.
2235 1585 2288 1639 7.
2348 1584 2498 1639 Tunc
2546 1586 2780 1641 instituit
2832 1587 3002 1641 David
3048 1588 3103 1642 in
3142 1588 3545 1658 principiolau-

1963 1678 2134 1733 dandi
2188 1678 2478 1734 Dominum
2526 1680 2579 1735 in
2602 1696 2762 1737 manu
2819 1680 3025 1751 Amph,
3056 1692 3105 1736 et
3137 1682 3367 1752 fratrum
3403 1681 3543 1751 ejus.

1968 1770 2081 1827 lloc
2102 1779 2210 1839 est,
2242 1771 2352 1827 illis
2391 1771 2993 1843 praeeuntibus.lnnuit
3016 1785 3222 1842 autem,
3258 1781 3318 1829 ut
3353 1788 3546 1830 omnes

278 1882 367 1929 τες
395 1863 489 1920 τοῦ
512 1865 678 1920 Δαϐὶδ
709 1865 759 1919 οί
789 1840 1030 1935 Ψάλμὸε.
1048 1868 1159 1920 Καὶ
1190 1867 1402 1932 τούτοις
1429 1867 1624 1932 αὐτοὺς
1651 1867 1855 1939 ἐνεχεί-

1977 1862 2214 1919 Psalmos
2262 1840 2489 1919 Davi-dis
2512 1865 2764 1935 aggressi
2813 1864 2958 1932 sint;
3022 1865 3076 1920 id
3108 1840 3253 1920 enim
3277 1865 3544 1928 declarat,

279 1976 429 2030 ρισεν
450 2000 466 2026 ,
498 1958 573 2022 ὡς
601 1959 753 2030 δηλοῖ
777 1958 858 2025 τὸ,
889 1958 961 2012 ἐν
991 1960 1175 2030 χειρί·
1211 1958 1311 2032 τὴν
1341 1959 1662 2032 ψαλμῳδίαν
1688 1960 1745 2014 δὲ
1770 1960 1858 2016 διὰ

278 2051 478 2115 παντὸς
503 2052 816 2115 ἐπετέλουν,
850 2035 1156 2124 τῇδιαδοχῇ
1206 2055 1334 2117 τοὺς
1395 2054 1592 2118 πόνους
1644 2055 1863 2108 ἐπικου-

277 2146 545 2214 φίζοντες.
589 2147 680 2200 Ἐν
715 2144 940 2201 Γαϐαὼν
969 2146 1027 2200 δὲ
1050 2141 1175 2219 ἦνή
1231 2148 1427 2218 σκηνή.
1481 2146 1574 2200 Διὸ
1623 2147 1861 2202 Σαδδοὺκ

277 2240 393 2292 ἐκεῖ
411 2239 512 2302 τὰς
543 2237 736 2303 θυσίας
764 2239 1127 2311 προσέφερεν.
1179 2238 1303 2303 Πῶς
1331 2239 1425 2294 οῦν
1474 2238 1861 2312 θυσιαστήριον

274 2332 303 2384 ὁ
332 2330 498 2385 Δαϐὶδ
534 2332 591 2393 έν
618 2334 685 2402 τῇ
719 2331 832 2402 ἆλῳ
862 2331 1131 2403 πεποίηκε
1154 2331 1250 2385 τοῦ
1289 2332 1471 2402 Ὀρνᾶ,
1495 2333 1594 2404 τῆς
1622 2331 1858 2387 κιϐωτοῦ

278 2423 354 2496 μὴ
376 2422 545 2492 οὔσης
573 2424 719 2490 ὲκεῖς
790 2424 953 2479 Ἀλλὰ
982 2424 1072 2479 διὰ
1118 2424 1217 2497 τὴν
1256 2424 1352 2479 τοῦ
1408 2424 1539 2481 λαοῦ
1587 2426 1860 2497 τιμωρίαν

274 2515 528 2587 ἑπείχθη⁴
540 2516 631 2570 τὸν
652 2517 784 2571 Θεὸν
816 2515 1179 2572 ίλεὼσασθαι.
1200 2520 1279 2573 Δι’
1305 2519 1334 2573 ὅ
1362 2536 1530 2589 φησιν
1554 2520 1587 2590 ἡ
1624 2520 1858 2590 ἱστορία,

274 2610 385 2664 Καὶ
396 2611 496 2664 οὐκ
522 2610 764 2682 ἠδυνήθη
784 2612 948 2666 Δαϐὶδ
969 2613 1300 2684 πορευθῆναι
1323 2611 1636 2685 ἔμπροσθεν
1666 2611 1856 2680 αὑτοῦ,

276 2698 369 2754 τοῦ
408 2701 709 2772 ὲκζητῆσαι
725 2701 816 2755 τὸν
840 2703 1066 2774 Κύριον,
1087 2704 1171 2757 ὅτι.
1187 2703 1558 2758 κατέσπευσεν
1578 2704 1684 2758 ἀπὸ
1699 2721 1862 2776 προσ-

276 2793 425 2845 ώπου
451 2793 548 2863 τῆς
567 2795 843 2865 ῥομφαίας
862 2795 1100 2865 ἀγγέλου
1120 2796 1351 2866 Κυρίου.
1376 2796 1469 2849 Διὸ
1485 2797 1577 2849 καὶ
1590 2796 1679 2849 τὸν
1700 2798 1862 2851 τόπον

275 2883 375 2955 τῆς
393 2885 581 2948 θυσίας
595 2887 675 2951 είς
695 2886 830 2940 νεὼν
849 2887 1177 2959 ἀφιέρωσεν.
1192 2887 1264 2941 Τὸ
1276 2888 1331 2941 δὲ
1343 2886 1545 2959 ταύτης
1562 2887 1862 2959 εὐπρόσδε-

276 2992 406 3030 κτον
420 2975 586 3042 ἔδειξε
606 2976 667 3031 τὸ
683 2977 740 3044 ἐξ
757 2975 987 3047 ούρανοῦ
1004 2976 1136 3051 πῦρ,
1158 2977 1187 3032 6
1210 2978 1309 3049 τὴν
1328 2977 1519 3032 θυσίαν
1536 2978 1771 3033 νατέκαυ
1780 2996 1861 3034 σε.

859 3069 1112 3124 ΚΕΦΛΛ.
1148 3070 1279 3124 ΚΒ’.

1962 1956 2109 2027 quod
2167 1955 2325 2023 dicit,
2355 1956 2410 2009 in
2464 1971 2648 2010 manu.
2713 1955 2966 2013 Psalmos
3027 1964 3214 2011 autem
3282 1966 3548 2027 perpetuo

1962 2047 2277 2124 tractabant
2300 2047 2657 2103 successione
2678 2047 2924 2103 laborem
2952 2048 3217 2104 levantes.
3239 2049 3298 2103 ln
3321 2047 3546 2104 Gabaon

1963 2148 2147 2195 autem
2203 2144 2324 2194 erat
2353 2137 2795 2207 tabernaculum,
2841 2139 3387 2211 quapropterZadok
3441 2140 3547 2196 ibi-

1962 2231 2085 2286 dem
2142 2228 2417 2286 sacriﬁcia
2464 2229 2689 2286 obtulit.
2738 2229 3028 2298 Quomodo
3088 2231 3258 2304 igitur
3293 2230 3460 2287 David
3491 2233 3546 2287 in

1963 2343 2092 2384 area
2120 2324 2327 2383 Ornam
2370 2326 2546 2382 altare
2596 2326 2938 2394 construxit,
2982 2342 3107 2383 cum
3142 2341 3271 2382 arca
3291 2327 3406 2384 illic
3437 2343 3549 2383 non

1963 2419 2153 2477 esset?
2179 2419 2575 2476 Verumtamen
2612 2428 2842 2490 propter
2865 2434 3081 2491 pmnam
3111 2419 3301 2491 populi
3338 2420 3403 2474 ad
3429 2418 3548 2488 pla-

1964 2510 2201 2566 candum
2235 2509 2402 2565 Deum
2446 2508 2719 2580 impulsus
2774 2517 2880 2564 est.
2915 2507 3075 2566 llinc‘
3103 2509 3270 2566 habet
3296 2506 3546 2564 historia:

1963 2604 2028 2659 Et
2051 2620 2160 2659 non
2187 2603 2367 2676 potuit
2408 2602 2579 2659 David
2612 2605 2691 2660 ire
2720 2610 2847 2660 ante
2897 2619 3020 2660 eum
3052 2602 3122 2660 ad
3146 2601 3548 2660 consulendum

1966 2697 2163 2765 Deum,
2198 2698 2325 2768 quia
2356 2695 2637 2757 festinavit
2665 2713 2694 2751 a
2730 2696 2869 2752 facie
2900 2697 3063 2768 gladii
3095 2695 3274 2769 angeli
3305 2694 3543 2750 Domini.

1965 2792 2333 2861 Quamobrem
2380 2793 2544 2846 etiam
2603 2793 2786 2847 locum
2843 2791 3104 2849 sacrificii
3164 2792 3427 2861 templum
3454 2790 3551 2845 dea

1965 2884 2226 2957 signavit.
2262 2882 2420 2950 Quod
2470 2883 2521 2939 ei
2556 2893 2774 2954 gratum
2805 2893 3210 2955 acceptumque
3234 2898 3379 2946 esse,
3407 2882 3550 2953 ignis

1965 2990 1996 3031 e
2019 2975 2161 3032 coelo
2189 2974 2522 3031 sacriﬁcium
2547 2974 2842 3035 absumens
2887 2983 2941 3030 et
2966 2975 3259 3039 devorans,
3284 2973 3543 3030 ostendit.

2514 3067 2518 3071 ’
2569 3066 2723 3121 CAP.
2780 3057 2946 3120 ΧΧΙἸ.

349 3159 473 3214 Ὅτι
539 3162 758 3231 αἵματα
819 3161 1023 3216 πολλὰ
1093 3158 1363 3232 ἐξέχεας.
1439 3163 1864 3235 ’Λποτρεπτικδν

2039 3160 2207 3216 Vens.
2226 3160 2275 3214 i.
2300 3160 2441 3225 Quia
2471 3158 2697 3212 multum
2726 3158 3001 3229 sanguinis
3023 3156 3282 3227 e/fudisti.
3303 3156 3555 3213 Deterret

282 3252 616 3323 μιαιφονίας.
647 3253 721 3306 Οὐ
757 3251 867 3323 γὰρ
902 3252 971 3306 ἂν
1007 3252 1168 3322 φόνον
1199 3251 1489 3325 ἐμέμψατο
1522 3252 1757 3318 δίκαιον,
1805 3254 1865 3318 ὃς

279 3345 374 3399 ἐπὶ
401 3342 496 3397 τοῦ
541 3343 728 3407 Φινεὲς
763 3343 956 3397 θυσίαν
981 3344 1171 3398 τοῦτον
1197 3345 1478 3399 ἐκάλεσεν.
1511 3346 1649 3417 Περὶ
1677 3337 1740 3399 οῦ
1765 3363 1865 3415 φη-

282 3452 366 3490 σιν
395 3437 424 3488 6
453 3436 650 3489 Δαϐίδ·
682 3437 794 3490 Καὶ
822 3434 952 3507 ἔστη
984 3435 1194 3501 Φινεὲς,
1230 3436 1326 3490 καὶ
1384 3435 1695 3501 ὲξιλάσατο.
1753 3437 1867 3492 Καὶ

280 3529 523 3597 Μωῦσῆς
552 3529 631 3593 δὲ,
668 3528 761 3581 καὶ
789 3529 836 3581 οἱ
870 3524 1095 3582 Λευῖται
1127 3567 1142 3592 ,
1185 3528 1322 3598 μετὰ
1349 3528 1451 3599 τὴν
1509 3528 1865 3599 μοσχοποιίαν

281 3620 616 3692 τρισχιλίους
645 3620 964 3675 ἀπέκτεινον
985 3636 998 3650 ⁸
1036 3621 1131 3675 καὶ
1170 3619 1425 3691 Σαμουὴλ
1457 3620 1749 3675 ἀπέκτεινε
1773 3620 1865 3676 τὸν

295 3711 501 3782 Ἀγάγσ
537 3713 633 3768 καὶ
673 3712 858 3776 Ἠλίας
903 3713 995 3766 ων⁹
1034 3713 1050 3754 ί
1091 3712 1203 3772 τοῦ,
1218 3712 1367 3767 Βαὰλ
1396 3713 1523 3776 τοὺς
1560 3714 1866 3785 προφήτας.

286 3805 436 3860 Ἔδει
465 3799 557 3859 οῦν
589 3806 679 3859 τὸν
716 3807 996 3877 εἰρηνικὸν
1047 3806 1373 3877 Σολομῶντα
1434 3804 1604 3860 τύπον
1634 3807 1869 3876 φέροντα

282 3896 378 3950 τοῦ
405 3895 665 3967 Χριστοῦ,
700 3895 758 3959 ὃς
778 3894 991 3967 οῆμελλε
1021 3895 1121 3960 τὰς
1155 3894 1297 3950 κατὰ
1324 3897 1504 3949 πᾶσαν
1557 3896 1657 3964 τὴν
1690 3897 1871 3949 οἰκου-

290 3988 460 4059 μένην
492 3986 788 4058 ἐκκλησίας
808 3988 1135 4058 οἰκοδομεῖν,
1172 3987 1267 4041 καὶ
1293 3987 1384 4043 τὸν
1425 3986 1714 4041 Ἰουδαϊκὸν
1731 3988 1872 4040 obto-

283 4080 523 4149 ὼμῆσαι
556 4081 702 4134 ναόν.
737 4079 895 4134 Κατὰ
923 4080 1035 4153 γὰρ
1067 4079 1280 4135 Παῦλον
1308 4079 1648 4147 αύτὸςέστιν
1700 4080 1736 4149 ἡ
1790 4081 1871 4133 εί-

293 4173 430 4245 ρήνη
464 4173 496 4244 ἡ
507 4171 644 4243 μῶν,
668 4172 699 4224 6
723 4173 956 4243 ποιήσας
982 4174 1051 4229 τὰ
1084 4173 1369 4245 ἀμφότερα
1397 4173 1475 4229 ἓν.

865 4359 1123 4414 ΚΕΦΑΛ.
1181 4358 1308 4412 Kl".

865 4359 1123 4415 ΚΕΦΑΔ.
1181 4359 1308 4412 Kl".

360 4452 473 4509 Kal
498 4451 923 4524 ἠριθμήθησαν
949 4453 1005 4505 οἱ
1037 4450 1299 4506 Λευῖται.
1332 4449 1496 4521 Δηλοῖ
1521 4449 1728 4505 τούτων
1781 4449 1874 4504 τὸν

1968 3268 2070 3309 nos
2128 3268 2158 3308 a
2205 3252 2372 3307 czede.
2398 3248 2517 3306 Non
2556 3257 2739 3306 autem
2763 3251 2967 3321 justam
2998 3249 3201 3306 caedem
3247 3250 3339 3305 ille
3367 3263 3555 3321 repre-

1970 3346 2181 3414 hendit,
2224 3346 2318 3415 qui
2359 3344 2560 3399 factam
2596 3359 2624 3398 a
2663 3342 2868 3400 Phinee
2905 3342 3239 3399 sacriﬁcium
3291 3344 3553 3414 appellat.
3585 3342 3592 3349 ’

1971 3437 2044 3494 De
2075 3454 2184 3507 quo
2234 3437 2404 3493 David
2457 3437 2534 3491 ita
2581 3436 2857 3507 loquitur:
2892 3435 2958 3491 Et
3002 3435 3190 3491 stabat
3219 3434 3477 3498 Phinees,
3502 3443 3557 3489 et

1971 3527 2206 3601 placavit
2241 3528 2436 3583 Deum.
2491 3516 2711 3599 Moyses
2796 3526 2962 3582 etiam
3018 3535 3074 3583 et
3146 3524 3374 3593 Levitae,
3428 3539 3554 3579 cum

1969 3623 2234 3680 Israelita;
2282 3621 2518 3677 vitulum
2574 3620 2927 3685 erexissent,
2964 3635 3032 3675 ex
3079 3620 3162 3675 eis
3220 3620 3323 3676 tria
3387 3618 3556 3673 millia

1973 3710 2418 3779 interfecerunt,
2451 3710 2674 3766 Samuel
2704 3710 2985 3766 interfecit
3031 3710 3204 3782 Agag,
3237 3710 3388 3765 Elias
3417 3723 3557 3780 qua-

1973 3804 2296 3875 dringentos
2324 3803 2725 3875 quinquaginta
2747 3801 3070 3858 sacerdotes
3092 3801 3242 3856 Baal.
3257 3800 3559 3871 Oportebat

1973 3896 2143 3966 igitur
2173 3893 2527 3949 Solomouem
2560 3891 2853 3963 paciﬁcum
2887 3899 3074 3963 typum
3095 3907 3285 3963 gerere
3315 3890 3514 3947 Christi
3542 3930 3557 3954 ,

1974 3991 2070 4060 qui
2101 3977 2294 4046 omnes
2319 4005 2417 4061 per
2459 3989 2781 4044 universum
2813 3994 3089 4042 terrarum
3131 3986 3321 4042 orbem
3383 3983 3561 4039 cccle-

1975 4082 2111 4147 sias,
2130 4088 2185 4135 et
2233 4080 2497 4151 templum
2522 4077 2813 4135 Iudaicum
2842 4079 3213 4135 aediﬁcaturus
3237 4088 3373 4133 erat.
3399 4075 3559 4142 Nam,

1975 4176 2281 4232 secundum
2314 4173 2571 4241 Paulum,
2601 4173 2720 4243 ipse
2750 4181 2836 4230 est
2868 4187 2971 4244 pax
3008 4178 3301 4239 nostra,ex
3329 4177 3564 4241 utroque

1977 4288 2149 4328 unum
2198 4272 2424 4328 faciens.

2568 4360 2728 4419 CAP.
2775 4359 2968 4416 XXIII.

2051 4453 2220 4512 Vens.
2258 4454 2313 4510 5.
2345 4452 2416 4507 Et
2438 4452 2708 4508 numerati
2736 4460 2861 4507 sunt
2890 4450 3106 4509 Levita.
3128 4448 3441 4506 chitarum
3464 4465 3568 4504 nu-

295 4547 563 4620 ἁριθμὸν,
588 4549 685 4601 καὶ
714 4545 835 4609 πῶς
868 4545 1070 4609 αὐτοὺς
1101 4546 1180 4608 είς
1204 4544 1499 4616 διαφόρους
1526 4543 1864 4616 λειτουργίας

1983 4561 2197 4603 merum
2244 4546 2423 4617 ponit,
2488 4553 2657 4615 utque
2697 4542 2850 4599 varia
2916 4557 3147 4598 munera
3199 4540 3459 4596 aDavidc
3485 4541 3567 4597 eis

291 4639 588 4705 κατέταξεν
617 4639 645 4692 6
676 4637 840 4691 Δαϐίδ
859 4655 872 4669 ·
900 4637 999 4692 καὶ
1025 4637 1100 4701 ὡς
1128 4637 1177 4690 οί
1199 4637 1293 4690 τοῦ
1315 4636 1594 4696 Μωῦσέως
1624 4634 1861 4703 ἀπόγονο

1985 4635 2193 4693 fuerint
2214 4636 2523 4708 assignata;
2553 4634 2836 4706 quomodo
2859 4632 3067 4704 posteri
3113 4630 3319 4705 Moysis
3353 4633 3421 4688 ad
3452 4633 3568 4688 haec

286 4732 503 4796 τούτοις
532 4730 976 4801 ἐγκατελέγησαν
1010 4745 1024 4758 ο
1065 4729 1159 4782 καὶ
1183 4728 1260 4793 ὡς
1292 4728 1553 4793 Σαδδοὺκ,
1605 4728 1635 4781 6
1698 4727 1888 4798 ἀρχιε-

184 4895 189 4899 _
296 4824 447 4897 ρεὺς,
476 4824 570 4877 τοῦ
611 4822 877 4893 Ἐλεάζαρ
910 4821 1182 4891 ἀπόγονος
1211 4816 1281 4892 ἧν
1306 4862 1322 4887 ,
1371 4821 1400 4874 6
1457 4819 1514 4874 δὲ
1565 4818 1877 4890 Ἀϐιμέλεχ,

288 4915 388 4972 τοῦ
416 4916 673 4988 Ἰθάμαρο
704 4916 798 4970 καὶ
820 4916 900 4969 ὅτι
924 4916 1034 4979 τοῖς
1065 4913 1174 4966 ἀπὸ
1201 4913 1414 4977 τούτου,
1440 4912 1683 4967 πλείοσιν
1699 4910 1874 4978 οὖσιν,

293 5010 390 5065 δύο
442 5009 633 5078 μοίρας
659 5009 719 5062 ὲν
745 5007 1227 5079 ταῖςνὲφημερίαις
1289 5005 1555 5074 ἀπένειμε
1586 5044 1601 5070 ,
1653 5007 1766 5068 τοῖς
1815 5004 1872 5058 δὲ

295 5099 395 5154 τοῦ
436 5099 686 5170 Ἰθάμαρ,
727 5097 877 5169 μίαν.
937 5098 1058 5151 Τῶν
1107 5096 1163 5149 δὲ
1220 5096 1540 5167 ὲφημεριῶν
1603 5095 1870 5166 μέμνηται

1986 4729 2186 4786 delecti
2245 4729 2474 4794 fuerint,
2555 4720 2832 4798 quomodo
2878 4728 3007 4783 item
3043 4725 3296 4782 Sadocus
3317 4738 3568 4781 summus

1987 4820 2257 4896 pontifex,
2315 4820 2567 4876 Eleazari
2616 4835 2804 4907 nepos.
2856 4818 3041 4886 fuerit,
3090 4818 3408 4876 Abimelech
3441 4834 3570 4875 vero

1988 4910 2303 4982 lthamari;
2364 4911 2642 4983 quomodo
2683 4912 2794 4969 illis
2825 4954 2840 4980 ,
2889 4913 2983 4984 qui
3050 4927 3118 4969 ex
3180 4912 3283 4968 hoc
3339 4910 3569 4966 descen-

1996 5005 2154 5071 dunt,
2179 5015 2237 5061 ut
2274 5004 2368 5077 qui
2410 5005 2597 5076 plures
2649 5014 2833 5070 erant,
2866 5006 3007 5061 duas
3055 5005 3202 5061 vices
3223 5002 3519 5074 assignarit
3553 5019 3569 5068 ;

1983 5097 2240 5153 lthamari
2305 5105 2486 5153 autem
2528 5097 2770 5167 posteris
2814 5113 2979 5152 unam
3047 5095 3335 5149 duntaxat.
3396 5091 3570 5161 Hujus

298 5194 396 5248 καὶ
426 5193 639 5255 Λουκᾶς
677 5191 734 5246 ὲν
760 5189 1096 5259 Εὑαγγελίῳ,
1126 5188 1217 5242 τὸν
1260 5186 1535 5260 Ζαχαρίαν
1594 5186 1771 5255 λέγων
1824 5185 1864 5239 tl

1987 5189 2200 5246 ordinis
2230 5188 2485 5243 meminit
2510 5190 2677 5242 etiam
2699 5187 2880 5242 Lucas
2927 5189 2982 5241 in
3012 5183 3337 5255 Evangelia,
3360 5182 3572 5238 Zacha-

300 5284 609 5356 ἐφημερίας
647 5283 823 5340 Ἀϐιά.
863 5283 1064 5337 Τοῦτον
1102 5282 1159 5337 δὲ
1206 5282 1298 5336 τὸν
1373 5279 1533 5334 male
1589 5279 1821 5351 ἕϐδομον
1860 5278 1873 5330 i

299 5376 579 5450 εἰληφέναι
606 5377 806 5449 κλῆρον
834 5378 867 5447 ἡ
905 5374 1240 5448 προκειμένη
1275 5373 1453 5444 βίϐλος
1488 5372 1660 5445 δηλοῖ.

871 5469 1123 5523 ΚΕΦΑΛ.
1180 5468 1309 5523 KE'.

375 5561 492 5619 Τὸν
532 5562 750 5633 Ἀθὺρ,
777 5561 876 5617 καί
894 5561 1099 5631 Αίμὰν,
1117 5559 1216 5615 καὶ
1245 5558 1523 5630 Ἰδιθοὺμ,
1542 5558 1663 5612 τῶν
1684 5559 1880 5627 ψαλτ-

1990 5284 2129 5339 riam
2164 5281 2449 5351 appellans
2481 5278 2550 5334 de
2573 5280 2691 5333 vice
2746 5278 2907 5345 Abin,
2965 5292 3127 5346 quem
3178 5275 3371 5329 Abiam
3399 5276 3572 5346 septi-

1988 5389 2132 5430 mam
2173 5372 2461 5443 accepisse
2491 5379 2700 5427 sortem
2730 5384 2972 5438 prznsens
2999 5368 3136 5423 liber
3163 5365 3427 5422 ostendit.

2396 5464 2404 5472 ’
2542 5459 2547 5465 ’
2599 5461 2752 5519 CAP.
2797 5461 2965 5515 XXV.

2064 5557 2235 5615 Vens.
2271 5557 2548 5627 LAsuph,
2610 5553 2832 5619 Ᾱέιηαη,
2864 5567 2914 5611 et
2964 5552 3224 5615 ldithum,
3293 5560 3571 5606 cantarunt

1574 5675 1807 5732 VARUE
1848 5675 2248 5732 LECTIONES.

383 5774 396 5816 1
433 5772 488 5828 In
520 5771 777 5828 Lavateri
825 5773 1013 5827 codice
1050 5772 1272 5828 videtur
1306 5770 1475 5828 fuisse
1528 5767 1771 5824 uv'.Vid.
1834 5768 1973 5826 llist.
2010 5768 2218 5839 Regum
2251 5767 2345 5822 lib.
2400 5765 2485 5832 Ill,
2527 5764 2647 5835 cap.
2678 5780 2813 5819 St'll.
2898 5760 2909 5811 i
2963 5764 3041 5816 Ita
3077 5761 3238 5817 etiam
3265 5759 3318 5810 iu
3342 5755 3568 5813 Lavate'

310 5847 357 5901 ri
391 5847 577 5901 codice
604 5844 741 5913 fuit;
775 5846 870 5901 sed
890 5846 1113 5899 omnino
1146 5842 1498 5899 scribendum
1526 5840 1737 5908 ὃγδοον.
