  <div class='ocr_page' id='page_1' title='image "/cluster/home/n/w/nwhite01/storage/ocr_20150623/87 pt.1/mdp.39015032856539/633.png"; bbox 0 0 3960 6230; ppageno 0'>
   <div class='ocr_carea' id='block_1_1' title="bbox 523 326 661 421">
    <p class='ocr_par' dir='ltr' id='par_1_1' title="bbox 523 326 661 421">
     <span class='ocr_line' id='line_1_1' title="bbox 523 326 661 421; baseline 0.029 -4"><span class='ocrx_word' id='word_1_1' title='bbox 523 326 661 421; x_wconf 63' lang='lat'><strong>1267</strong></span> 
     </span>
    </p>
   </div>
   <div class='ocr_carea' id='block_1_2' title="bbox 1847 366 2478 434">
    <p class='ocr_par' dir='ltr' id='par_1_2' title="bbox 1847 366 2478 434">
     <span class='ocr_line' id='line_1_2' title="bbox 1847 366 2478 434; baseline 0.01 -5"><span class='ocrx_word' id='word_1_2' title='bbox 1847 366 2207 430; x_wconf 85' lang='lat' dir='ltr'><strong>PROCOPII</strong></span> <span class='ocrx_word' id='word_1_3' title='bbox 2233 368 2478 434; x_wconf 68' lang='lat' dir='ltr'><strong>GAZIEI</strong></span> 
     </span>
    </p>
   </div>
   <div class='ocr_carea' id='block_1_3' title="bbox 3625 372 3734 437">
    <p class='ocr_par' dir='ltr' id='par_1_3' title="bbox 3625 372 3734 437">
     <span class='ocr_line' id='line_1_3' title="bbox 3625 372 3734 437; baseline 0.028 -3"><span class='ocrx_word' id='word_1_4' title='bbox 3625 372 3734 437; x_wconf 70' lang='lat'><strong>19.08</strong></span> 
     </span>
    </p>
   </div>
   <div class='ocr_carea' id='block_1_4' title="bbox 514 471 2085 558">
    <p class='ocr_par' dir='ltr' id='par_1_4' title="bbox 514 471 2080 558">
     <span class='ocr_line' id='line_1_4' title="bbox 514 471 2080 558; baseline 0.009 -33"><span class='ocrx_word' id='word_1_5' title='bbox 514 472 818 542; x_wconf 65' lang='lat' dir='ltr'><strong>praefectos.</strong></span> <span class='ocrx_word' id='word_1_6' title='bbox 859 471 1114 558; x_wconf 33' lang='lat' dir='ltr'><strong>-Quidam</strong></span> <span class='ocrx_word' id='word_1_7' title='bbox 1174 475 1392 542; x_wconf 82' lang='lat' dir='ltr'><strong>dicunt,</strong></span> <span class='ocrx_word' id='word_1_8' title='bbox 1427 493 1538 535; x_wconf 87' lang='lat' dir='ltr'><strong>non</strong></span> <span class='ocrx_word' id='word_1_9' title='bbox 1575 477 1696 546; x_wconf 91' lang='lat' dir='ltr'><strong>Dei,</strong></span> <span class='ocrx_word' id='word_1_10' title='bbox 1728 481 1822 541; x_wconf 86' lang='lat' dir='ltr'><strong>sed</strong></span> <span class='ocrx_word' id='word_1_11' title='bbox 1849 481 2080 539; x_wconf 87' lang='lat' dir='ltr'><strong>Davidis</strong></span> 
     </span>
    </p>
   </div>
   <div class='ocr_carea' id='block_1_5' title="bbox 2197 471 3735 558">
    <p class='ocr_par' dir='ltr' id='par_1_5' title="bbox 2207 483 3735 558">
     <span class='ocr_line' id='line_1_5' title="bbox 2207 483 3735 558; baseline 0.004 -21"><span class='ocrx_word' id='word_1_12' title='bbox 2207 483 2379 550; x_wconf 82' lang='grc' dir='ltr'>ῳδῶν</span> <span class='ocrx_word' id='word_1_13' title='bbox 2444 485 2589 554; x_wconf 80' lang='grc' dir='ltr'>τοὺς</span> <span class='ocrx_word' id='word_1_14' title='bbox 2613 483 2932 558; x_wconf 78' lang='grc' dir='ltr'>ἄρχοντας.</span> <span class='ocrx_word' id='word_1_15' title='bbox 2966 487 3128 551; x_wconf 77' lang='grc' dir='ltr'>Τινὲς</span> <span class='ocrx_word' id='word_1_16' title='bbox 3158 485 3256 558; x_wconf 81' lang='grc' dir='ltr'>μὲν</span> <span class='ocrx_word' id='word_1_17' title='bbox 3303 487 3520 558; x_wconf 79' lang='grc' dir='ltr'>ἔφασαν,</span> <span class='ocrx_word' id='word_1_18' title='bbox 3567 488 3622 541; x_wconf 75' lang='grc' dir='ltr'>οὐ</span> <span class='ocrx_word' id='word_1_19' title='bbox 3659 487 3735 543; x_wconf 76' lang='grc' dir='ltr'><strong>τοῦ</strong></span> 
     </span>
    </p>
   </div>
   <div class='ocr_carea' id='block_1_6' title="bbox 515 552 2097 644">
    <p class='ocr_par' dir='ltr' id='par_1_6' title="bbox 515 552 2097 644">
     <span class='ocr_line' id='line_1_6' title="bbox 515 552 2097 644; baseline 0.011 -31"><span class='ocrx_word' id='word_1_20' title='bbox 515 562 817 634; x_wconf 82' lang='lat' dir='ltr'><strong>prophetas</strong></span> <span class='ocrx_word' id='word_1_21' title='bbox 859 552 1184 634; x_wconf 52' lang='lat' dir='ltr'><strong>&#39;appellatos</strong></span> <span class='ocrx_word' id='word_1_22' title='bbox 1229 581 1387 633; x_wconf 88' lang='lat' dir='ltr'><strong>esse,</strong></span> <span class='ocrx_word' id='word_1_23' title='bbox 1455 583 1485 624; x_wconf 90' lang='lat' dir='ltr'><strong>a</strong></span> <span class='ocrx_word' id='word_1_24' title='bbox 1569 585 1680 641; x_wconf 91' lang='lat' dir='ltr'><strong>quo</strong></span> <span class='ocrx_word' id='word_1_25' title='bbox 1760 571 2097 644; x_wconf 74' lang='lat' dir='ltr'><strong>accipientes</strong></span> 
     </span>
    </p>
   </div>
   <div class='ocr_carea' id='block_1_7' title="bbox 515 654 2095 731">
    <p class='ocr_par' dir='ltr' id='par_1_7' title="bbox 515 654 2095 731">
     <span class='ocr_line' id='line_1_7' title="bbox 515 654 2095 731; baseline 0.009 -23"><span class='ocrx_word' id='word_1_26' title='bbox 515 654 776 727; x_wconf 76' lang='lat' dir='ltr'><strong>hymnos,</strong></span> <span class='ocrx_word' id='word_1_27' title='bbox 817 656 1204 715; x_wconf 75' lang='lat' dir='ltr'><strong>instrumentis</strong></span> <span class='ocrx_word' id='word_1_28' title='bbox 1272 660 1506 718; x_wconf 82' lang='lat' dir='ltr'><strong>musicis</strong></span> <span class='ocrx_word' id='word_1_29' title='bbox 1582 662 1871 722; x_wconf 90' lang='lat' dir='ltr'><strong>ludebant.</strong></span> <span class='ocrx_word' id='word_1_30' title='bbox 1935 663 2095 731; x_wconf 85' lang='lat' dir='ltr'><strong>Quod</strong></span> 
     </span>
    </p>
   </div>
   <div class='ocr_carea' id='block_1_8' title="bbox 507 749 2094 828">
    <p class='ocr_par' dir='ltr' id='par_1_8' title="bbox 507 749 2094 828">
     <span class='ocr_line' id='line_1_8' title="bbox 507 749 2094 828; baseline 0.009 -30"><span class='ocrx_word' id='word_1_31' title='bbox 507 754 646 804; x_wconf 74' lang='lat' dir='ltr'><strong>vero</strong></span> <span class='ocrx_word' id='word_1_32' title='bbox 675 749 779 818; x_wconf 81' lang='lat' dir='ltr'><strong>ipsi</strong></span> <span class='ocrx_word' id='word_1_33' title='bbox 827 764 1051 819; x_wconf 87' lang='lat' dir='ltr'><strong>quoque</strong></span> <span class='ocrx_word' id='word_1_34' title='bbox 1111 751 1450 825; x_wconf 76' lang='lat' dir='ltr'><strong>prophetica:</strong></span> <span class='ocrx_word' id='word_1_35' title='bbox 1533 755 1728 824; x_wconf 62' lang='lat' dir='ltr'><strong>gratiae</strong></span> <span class='ocrx_word' id='word_1_36' title='bbox 1791 757 2094 828; x_wconf 75' lang='lat' dir='ltr'><strong>participes</strong></span> 
     </span>
    </p>
   </div>
   <div class='ocr_carea' id='block_1_9' title="bbox 512 836 2093 918">
    <p class='ocr_par' dir='ltr' id='par_1_9' title="bbox 512 836 2093 918">
     <span class='ocr_line' id='line_1_9' title="bbox 512 836 2093 918; baseline 0.009 -27"><span class='ocrx_word' id='word_1_37' title='bbox 512 836 743 907; x_wconf 86' lang='lat' dir='ltr'><strong>fuerint,</strong></span> <span class='ocrx_word' id='word_1_38' title='bbox 770 839 1061 910; x_wconf 80' lang='lat' dir='ltr'><strong>Scriptura</strong></span> <span class='ocrx_word' id='word_1_39' title='bbox 1092 842 1447 916; x_wconf 81' lang='lat' dir='ltr'><strong>significavit,</strong></span> <span class='ocrx_word' id='word_1_40' title='bbox 1496 845 1722 903; x_wconf 86' lang='lat' dir='ltr'><strong>dicens:</strong></span> <span class='ocrx_word' id='word_1_41' title='bbox 1751 846 2093 918; x_wconf 89' lang='lat' dir='ltr'><strong>Prophetan-</strong></span> 
     </span>
    </p>
   </div>
   <div class='ocr_carea' id='block_1_10' title="bbox 509 931 2093 1014">
    <p class='ocr_par' dir='ltr' id='par_1_10' title="bbox 509 931 2093 1014">
     <span class='ocr_line' id='line_1_10' title="bbox 509 931 2093 1014; baseline 0.009 -32"><span class='ocrx_word' id='word_1_42' title='bbox 509 938 595 986; x_wconf 84' lang='lat' dir='ltr'><strong>tes</strong></span> <span class='ocrx_word' id='word_1_43' title='bbox 625 931 1020 992; x_wconf 87' lang='lat' dir='ltr'><strong>instrumentis</strong></span> <span class='ocrx_word' id='word_1_44' title='bbox 1065 937 1318 1006; x_wconf 81' lang='lat' dir='ltr'><strong>musicis,</strong></span> <span class='ocrx_word' id='word_1_45' title='bbox 1338 946 1470 1002; x_wconf 87' lang='lat' dir='ltr'><strong>etc.,</strong></span> <span class='ocrx_word' id='word_1_46' title='bbox 1498 940 1724 996; x_wconf 86' lang='lat' dir='ltr'><strong>iterum:</strong></span> <span class='ocrx_word' id='word_1_47' title='bbox 1756 939 1882 998; x_wconf 89' lang='lat' dir='ltr'><strong>Filii</strong></span> <span class='ocrx_word' id='word_1_48' title='bbox 1909 942 2093 1014; x_wconf 80' lang='lat' dir='ltr'><strong>Asaplt</strong></span> 
     </span>
    </p>
   </div>
   <div class='ocr_carea' id='block_1_11' title="bbox 504 1025 2090 1102">
    <p class='ocr_par' dir='ltr' id='par_1_11' title="bbox 504 1025 2090 1102">
     <span class='ocr_line' id='line_1_11' title="bbox 504 1025 2090 1102; baseline 0.008 -24"><span class='ocrx_word' id='word_1_49' title='bbox 504 1025 802 1096; x_wconf 87' lang='lat' dir='ltr'><strong>propinqui</strong></span> <span class='ocrx_word' id='word_1_50' title='bbox 857 1027 1043 1098; x_wconf 85' lang='lat' dir='ltr'><strong>Asaph</strong></span> <span class='ocrx_word' id='word_1_51' title='bbox 1079 1031 1384 1102; x_wconf 71' lang='lat' dir='ltr'><strong>prophetae.</strong></span> <span class='ocrx_word' id='word_1_52' title='bbox 1443 1029 1687 1088; x_wconf 81' lang='lat' dir='ltr'><strong>Rursum</strong></span> <span class='ocrx_word' id='word_1_53' title='bbox 1730 1033 1798 1089; x_wconf 90' lang='lat' dir='ltr'><strong>de</strong></span> <span class='ocrx_word' id='word_1_54' title='bbox 1850 1031 2090 1090; x_wconf 75' lang='lat' dir='ltr'><strong>lditlium</strong></span> 
     </span>
    </p>
   </div>
   <div class='ocr_carea' id='block_1_12' title="bbox 505 1118 2091 1198">
    <p class='ocr_par' dir='ltr' id='par_1_12' title="bbox 505 1118 2091 1198">
     <span class='ocr_line' id='line_1_12' title="bbox 505 1118 2091 1198; baseline 0.008 -25"><span class='ocrx_word' id='word_1_55' title='bbox 505 1118 774 1191; x_wconf 91' lang='lat' dir='ltr'><strong>loquitur,</strong></span> <span class='ocrx_word' id='word_1_56' title='bbox 829 1123 1202 1194; x_wconf 88' lang='lat' dir='ltr'><strong>prophetaute</strong></span> <span class='ocrx_word' id='word_1_57' title='bbox 1249 1125 1706 1198; x_wconf 80' lang='lat' dir='ltr'><strong>confessionem;</strong></span> <span class='ocrx_word' id='word_1_58' title='bbox 1775 1129 1845 1185; x_wconf 90' lang='lat' dir='ltr'><strong>de</strong></span> <span class='ocrx_word' id='word_1_59' title='bbox 1889 1127 2091 1185; x_wconf 68' lang='lat' dir='ltr'><strong>Eman</strong></span> 
     </span>
    </p>
   </div>
   <div class='ocr_carea' id='block_1_13' title="bbox 504 1207 2089 1289">
    <p class='ocr_par' dir='ltr' id='par_1_13' title="bbox 504 1207 2089 1289">
     <span class='ocr_line' id='line_1_13' title="bbox 504 1207 2089 1289; baseline 0.007 -23"><span class='ocrx_word' id='word_1_60' title='bbox 504 1207 687 1268; x_wconf 83' lang='lat' dir='ltr'><strong>autem</strong></span> <span class='ocrx_word' id='word_1_61' title='bbox 757 1214 942 1270; x_wconf 88' lang='lat' dir='ltr'><strong>dicit:</strong></span> <span class='ocrx_word' id='word_1_62' title='bbox 981 1214 1239 1274; x_wconf 82' lang='lat' dir='ltr'><strong>Videntis</strong></span> <span class='ocrx_word' id='word_1_63' title='bbox 1290 1220 1438 1289; x_wconf 75' lang='lat' dir='ltr'><strong>regis</strong></span> <span class='ocrx_word' id='word_1_64' title='bbox 1489 1221 1545 1274; x_wconf 89' lang='lat' dir='ltr'><strong>in</strong></span> <span class='ocrx_word' id='word_1_65' title='bbox 1587 1221 1941 1278; x_wconf 87' lang='lat' dir='ltr'><strong>sermonibus</strong></span> <span class='ocrx_word' id='word_1_66' title='bbox 1973 1219 2089 1278; x_wconf 89' lang='lat' dir='ltr'><strong>Dei.</strong></span> 
     </span>
    </p>
   </div>
   <div class='ocr_carea' id='block_1_14' title="bbox 503 1303 2092 1378">
    <p class='ocr_par' dir='ltr' id='par_1_14' title="bbox 503 1303 2092 1378">
     <span class='ocr_line' id='line_1_14' title="bbox 503 1303 2092 1378; baseline 0.006 -20"><span class='ocrx_word' id='word_1_67' title='bbox 503 1303 714 1377; x_wconf 83' lang='lat' dir='ltr'><strong>Moysis</strong></span> <span class='ocrx_word' id='word_1_68' title='bbox 751 1316 934 1362; x_wconf 89' lang='lat' dir='ltr'><strong>autem</strong></span> <span class='ocrx_word' id='word_1_69' title='bbox 976 1316 1234 1378; x_wconf 89' lang='lat' dir='ltr'><strong>posteros</strong></span> <span class='ocrx_word' id='word_1_70' title='bbox 1270 1311 1650 1367; x_wconf 84' lang='lat' dir='ltr'><strong>custodiendis</strong></span> <span class='ocrx_word' id='word_1_71' title='bbox 1671 1313 1852 1370; x_wconf 88' lang='lat' dir='ltr'><strong>sacris</strong></span> <span class='ocrx_word' id='word_1_72' title='bbox 1873 1313 2092 1370; x_wconf 85' lang='lat' dir='ltr'><strong>thesau-</strong></span> 
     </span>
    </p>
   </div>
   <div class='ocr_carea' id='block_1_15' title="bbox 503 1397 2091 1474">
    <p class='ocr_par' dir='ltr' id='par_1_15' title="bbox 503 1397 2091 1474">
     <span class='ocr_line' id='line_1_15' title="bbox 503 1397 2091 1474; baseline 0.006 -24"><span class='ocrx_word' id='word_1_73' title='bbox 503 1399 584 1451; x_wconf 86' lang='lat' dir='ltr'><strong>ris</strong></span> <span class='ocrx_word' id='word_1_74' title='bbox 611 1397 884 1468; x_wconf 80' lang='lat' dir='ltr'><strong>praefecit,</strong></span> <span class='ocrx_word' id='word_1_75' title='bbox 926 1400 984 1454; x_wconf 91' lang='lat' dir='ltr'><strong>in</strong></span> <span class='ocrx_word' id='word_1_76' title='bbox 1015 1401 1220 1472; x_wconf 88' lang='lat' dir='ltr'><strong>quibus</strong></span> <span class='ocrx_word' id='word_1_77' title='bbox 1269 1403 1448 1474; x_wconf 90' lang='lat' dir='ltr'><strong>spolia</strong></span> <span class='ocrx_word' id='word_1_78' title='bbox 1484 1404 1755 1467; x_wconf 84' lang='lat' dir='ltr'><strong>hostium.</strong></span> <span class='ocrx_word' id='word_1_79' title='bbox 1777 1413 1833 1462; x_wconf 90' lang='lat' dir='ltr'><strong>et</strong></span> <span class='ocrx_word' id='word_1_80' title='bbox 1862 1420 2091 1462; x_wconf 86' lang='lat' dir='ltr'><strong>munera</strong></span> 
     </span>
    </p>
   </div>
   <div class='ocr_carea' id='block_1_16' title="bbox 505 1487 1316 1568">
    <p class='ocr_par' dir='ltr' id='par_1_16' title="bbox 505 1487 1316 1568">
     <span class='ocr_line' id='line_1_16' title="bbox 505 1487 1316 1568; baseline 0.011 -25"><span class='ocrx_word' id='word_1_81' title='bbox 505 1487 617 1546; x_wconf 92' lang='lat' dir='ltr'><strong>Deo</strong></span> <span class='ocrx_word' id='word_1_82' title='bbox 647 1491 834 1548; x_wconf 89' lang='lat' dir='ltr'><strong>oblata</strong></span> <span class='ocrx_word' id='word_1_83' title='bbox 859 1493 1104 1568; x_wconf 88' lang='lat' dir='ltr'><strong>reposita</strong></span> <span class='ocrx_word' id='word_1_84' title='bbox 1134 1505 1316 1555; x_wconf 86' lang='lat' dir='ltr'><strong>erant.</strong></span> 
     </span>
    </p>
   </div>
   <div class='ocr_carea' id='block_1_17' title="bbox 1091 1672 1482 1732">
    <p class='ocr_par' dir='ltr' id='par_1_17' title="bbox 1091 1672 1482 1732">
     <span class='ocr_line' id='line_1_17' title="bbox 1091 1672 1482 1732; baseline 0.005 -2"><span class='ocrx_word' id='word_1_85' title='bbox 1091 1672 1248 1730; x_wconf 82' lang='lat' dir='ltr'><strong>CAP.</strong></span> <span class='ocrx_word' id='word_1_86' title='bbox 1285 1673 1482 1732; x_wconf 81' lang='lat' dir='ltr'><strong>XXVI.</strong></span> 
     </span>
    </p>
   </div>
   <div class='ocr_carea' id='block_1_18' title="bbox 571 1758 2086 1839">
    <p class='ocr_par' dir='ltr' id='par_1_18' title="bbox 571 1758 2086 1839">
     <span class='ocr_line' id='line_1_18' title="bbox 571 1758 2086 1839; baseline 0.007 -24"><span class='ocrx_word' id='word_1_87' title='bbox 571 1758 740 1817; x_wconf 66' lang='lat' dir='ltr'><strong>Vens.</strong></span> <span class='ocrx_word' id='word_1_88' title='bbox 759 1761 852 1820; x_wconf 72' lang='lat'><strong>29.</strong></span> <span class='ocrx_word' id='word_1_89' title='bbox 877 1761 945 1818; x_wconf 86' lang='lat' dir='ltr'><strong>Ut</strong></span> <span class='ocrx_word' id='word_1_90' title='bbox 962 1764 1272 1831; x_wconf 76' lang='lat' dir='ltr'><strong>scriberent,</strong></span> <span class='ocrx_word' id='word_1_91' title='bbox 1290 1765 1680 1836; x_wconf 83' lang='lat' dir='ltr'><strong>etjudicarent.</strong></span> <span class='ocrx_word' id='word_1_92' title='bbox 1698 1767 2086 1839; x_wconf 81' lang='lat' dir='ltr'><strong>Symmachus,</strong></span> 
     </span>
    </p>
   </div>
   <div class='ocr_carea' id='block_1_19' title="bbox 2201 574 3734 654">
    <p class='ocr_par' dir='ltr' id='par_1_19' title="bbox 2201 574 3734 654">
     <span class='ocr_line' id='line_1_19' title="bbox 2201 574 3734 654; baseline 0.005 -27"><span class='ocrx_word' id='word_1_93' title='bbox 2201 574 2339 630; x_wconf 81' lang='grc' dir='ltr'>Θεοῦ</span> <span class='ocrx_word' id='word_1_94' title='bbox 2374 576 2678 649; x_wconf 83' lang='grc' dir='ltr'>κεκλῆσθαι</span> <span class='ocrx_word' id='word_1_95' title='bbox 2703 581 3014 650; x_wconf 82' lang='grc' dir='ltr'>προφήτας,</span> <span class='ocrx_word' id='word_1_96' title='bbox 3076 579 3215 634; x_wconf 87' lang='grc' dir='ltr'><strong>ἀλλά</strong></span> <span class='ocrx_word' id='word_1_97' title='bbox 3260 578 3348 632; x_wconf 87' lang='grc' dir='ltr'><strong>τοῦ</strong></span> <span class='ocrx_word' id='word_1_98' title='bbox 3405 578 3578 645; x_wconf 76' lang='grc' dir='ltr'>Δαδὶδ,</span> <span class='ocrx_word' id='word_1_99' title='bbox 3627 582 3734 654; x_wconf 75' lang='grc' dir='ltr'>παρ’</span> 
     </span>
    </p>
   </div>
   <div class='ocr_carea' id='block_1_20' title="bbox 2198 661 3735 747">
    <p class='ocr_par' dir='ltr' id='par_1_20' title="bbox 2198 661 3735 747">
     <span class='ocr_line' id='line_1_20' title="bbox 2198 661 3735 747; baseline 0.005 -27"><span class='ocrx_word' id='word_1_100' title='bbox 2198 661 2260 724; x_wconf 74' lang='grc' dir='ltr'>οὗ</span> <span class='ocrx_word' id='word_1_101' title='bbox 2287 670 2415 732; x_wconf 83' lang='grc' dir='ltr'>τοὺς</span> <span class='ocrx_word' id='word_1_102' title='bbox 2449 669 2652 742; x_wconf 79' lang='grc' dir='ltr'>ὕμνους</span> <span class='ocrx_word' id='word_1_103' title='bbox 2679 671 3049 743; x_wconf 77' lang='grc' dir='ltr'>λαμϐάνοντες</span> <span class='ocrx_word' id='word_1_104' title='bbox 3066 667 3194 747; x_wconf 79' lang='grc' dir='ltr'>ᾖδον</span> <span class='ocrx_word' id='word_1_105' title='bbox 3230 673 3286 725; x_wconf 82' lang='grc' dir='ltr'>ὲν</span> <span class='ocrx_word' id='word_1_106' title='bbox 3329 671 3445 736; x_wconf 76' lang='grc' dir='ltr'>τοῖς</span> <span class='ocrx_word' id='word_1_107' title='bbox 3494 671 3735 742; x_wconf 81' lang='grc' dir='ltr'>ὀργάνοις.</span> 
     </span>
    </p>
   </div>
   <div class='ocr_carea' id='block_1_21' title="bbox 2204 759 3740 836">
    <p class='ocr_par' dir='ltr' id='par_1_21' title="bbox 2204 759 3740 836">
     <span class='ocr_line' id='line_1_21' title="bbox 2204 759 3740 836; baseline 0.003 -22"><span class='ocrx_word' id='word_1_108' title='bbox 2204 760 2323 814; x_wconf 89' lang='grc' dir='ltr'>Ὅτι</span> <span class='ocrx_word' id='word_1_109' title='bbox 2347 759 2404 814; x_wconf 83' lang='grc' dir='ltr'>δὲ</span> <span class='ocrx_word' id='word_1_110' title='bbox 2439 763 2786 835; x_wconf 82' lang='grc' dir='ltr'>προφητικῆς</span> <span class='ocrx_word' id='word_1_111' title='bbox 2809 765 2904 818; x_wconf 74' lang='grc' dir='ltr'>καὶ</span> <span class='ocrx_word' id='word_1_112' title='bbox 2933 763 3093 818; x_wconf 76' lang='grc' dir='ltr'>αὐτοὶ</span> <span class='ocrx_word' id='word_1_113' title='bbox 3117 762 3506 834; x_wconf 83' lang='grc' dir='ltr'>μετειλήφεσαν</span> <span class='ocrx_word' id='word_1_114' title='bbox 3549 764 3740 836; x_wconf 78' lang='grc' dir='ltr'>χάριτος</span> 
     </span>
    </p>
   </div>
   <div class='ocr_carea' id='block_1_22' title="bbox 2199 850 3742 928">
    <p class='ocr_par' dir='ltr' id='par_1_22' title="bbox 2199 850 3742 928">
     <span class='ocr_line' id='line_1_22' title="bbox 2199 850 3742 928; baseline 0.005 -24"><span class='ocrx_word' id='word_1_115' title='bbox 2199 850 2522 924; x_wconf 82' lang='grc' dir='ltr'>ἐδήλωσενὴ</span> <span class='ocrx_word' id='word_1_116' title='bbox 2545 855 2758 926; x_wconf 81' lang='grc' dir='ltr'>Γραφὴ,</span> <span class='ocrx_word' id='word_1_117' title='bbox 2793 855 3026 926; x_wconf 75' lang='grc' dir='ltr'><strong>λέγουσα</strong></span> <span class='ocrx_word' id='word_1_118' title='bbox 3051 873 3066 888; x_wconf 77' lang='grc' dir='ltr'><strong>ο</strong></span> <span class='ocrx_word' id='word_1_119' title='bbox 3095 855 3236 920; x_wconf 74' lang='grc' dir='ltr'>Τοὺς</span> <span class='ocrx_word' id='word_1_120' title='bbox 3260 854 3676 928; x_wconf 74' lang='grc' dir='ltr'>προφητεύοντος</span> <span class='ocrx_word' id='word_1_121' title='bbox 3695 861 3742 912; x_wconf 78' lang='grc' dir='ltr'>ἐν</span> 
     </span>
    </p>
   </div>
   <div class='ocr_carea' id='block_1_23' title="bbox 2197 941 3740 1018">
    <p class='ocr_par' dir='ltr' id='par_1_23' title="bbox 2197 941 3740 1018">
     <span class='ocr_line' id='line_1_23' title="bbox 2197 941 3740 1018; baseline 0.004 -23"><span class='ocrx_word' id='word_1_122' title='bbox 2197 941 2468 1014; x_wconf 84' lang='grc' dir='ltr'>κινύραις,</span> <span class='ocrx_word' id='word_1_123' title='bbox 2501 943 2596 998; x_wconf 79' lang='grc' dir='ltr'>καὶ</span> <span class='ocrx_word' id='word_1_124' title='bbox 2645 945 2714 998; x_wconf 83' lang='grc' dir='ltr'>τὰ</span> <span class='ocrx_word' id='word_1_125' title='bbox 2734 945 2881 1017; x_wconf 76' lang='grc' dir='ltr'>ἑξῆς.</span> <span class='ocrx_word' id='word_1_126' title='bbox 2913 945 3024 999; x_wconf 84' lang='grc' dir='ltr'><strong>Καὶ</strong></span> <span class='ocrx_word' id='word_1_127' title='bbox 3052 943 3372 1013; x_wconf 80' lang='grc' dir='ltr'>πάλιν,Υίοὶ</span> <span class='ocrx_word' id='word_1_128' title='bbox 3413 945 3579 1016; x_wconf 78' lang='grc' dir='ltr'>Ἀσὰφ</span> <span class='ocrx_word' id='word_1_129' title='bbox 3599 985 3614 1010; x_wconf 88' lang='grc'><strong>,</strong></span> <span class='ocrx_word' id='word_1_130' title='bbox 3640 949 3740 1018; x_wconf 58' lang='lat'><strong>£16-</strong></span> 
     </span>
    </p>
   </div>
   <div class='ocr_carea' id='block_1_24' title="bbox 2199 1031 3741 1122">
    <p class='ocr_par' dir='ltr' id='par_1_24' title="bbox 2199 1031 3741 1122">
     <span class='ocr_line' id='line_1_24' title="bbox 2199 1031 3741 1122; baseline 0.005 -37"><span class='ocrx_word' id='word_1_131' title='bbox 2199 1049 2354 1102; x_wconf 86' lang='grc' dir='ltr'>μενοι</span> <span class='ocrx_word' id='word_1_132' title='bbox 2400 1033 2575 1105; x_wconf 72' lang='grc' dir='ltr'><strong>Ἀσάφ</strong></span> <span class='ocrx_word' id='word_1_133' title='bbox 2612 1035 2706 1089; x_wconf 91' lang='grc' dir='ltr'><strong>τοῦ</strong></span> <span class='ocrx_word' id='word_1_134' title='bbox 2740 1031 3044 1107; x_wconf 80' lang='grc' dir='ltr'>προφήτου.</span> <span class='ocrx_word' id='word_1_135' title='bbox 3082 1035 3191 1089; x_wconf 78' lang='grc' dir='ltr'><strong>Καὶ</strong></span> <span class='ocrx_word' id='word_1_136' title='bbox 3215 1035 3417 1122; x_wconf 53' lang='grc' dir='ltr'><strong>πάλινι</strong></span> <span class='ocrx_word' id='word_1_137' title='bbox 3470 1039 3594 1109; x_wconf 73' lang='grc' dir='ltr'>περὶ</span> <span class='ocrx_word' id='word_1_138' title='bbox 3648 1039 3741 1093; x_wconf 75' lang='grc' dir='ltr'>Ἰδι-</span> 
     </span>
    </p>
   </div>
   <div class='ocr_carea' id='block_1_25' title="bbox 2196 1117 3744 1196">
    <p class='ocr_par' dir='ltr' id='par_1_25' title="bbox 2196 1117 3744 1196">
     <span class='ocr_line' id='line_1_25' title="bbox 2196 1117 3744 1196; baseline 0.006 -26"><span class='ocrx_word' id='word_1_139' title='bbox 2196 1117 2336 1190; x_wconf 80' lang='grc' dir='ltr'>θούμ</span> <span class='ocrx_word' id='word_1_140' title='bbox 2372 1137 2503 1191; x_wconf 85' lang='grc' dir='ltr'>φησι</span> <span class='ocrx_word' id='word_1_141' title='bbox 2536 1119 2632 1174; x_wconf 87' lang='grc' dir='ltr'><strong>τοῦ</strong></span> <span class='ocrx_word' id='word_1_142' title='bbox 2676 1123 3123 1193; x_wconf 75' lang='grc' dir='ltr'><strong>προφητεύοντος</strong></span> <span class='ocrx_word' id='word_1_143' title='bbox 3177 1117 3580 1193; x_wconf 71' lang='grc' dir='ltr'>ἐξομολόγησιν.</span> <span class='ocrx_word' id='word_1_144' title='bbox 3635 1125 3744 1196; x_wconf 74' lang='grc' dir='ltr'>Περὶ</span> 
     </span>
    </p>
   </div>
   <div class='ocr_carea' id='block_1_26' title="bbox 2195 1209 3745 1286">
    <p class='ocr_par' dir='ltr' id='par_1_26' title="bbox 2195 1209 3745 1286">
     <span class='ocr_line' id='line_1_26' title="bbox 2195 1209 3745 1286; baseline 0.004 -22"><span class='ocrx_word' id='word_1_145' title='bbox 2195 1209 2253 1264; x_wconf 86' lang='grc' dir='ltr'>δὲ</span> <span class='ocrx_word' id='word_1_146' title='bbox 2285 1211 2378 1265; x_wconf 85' lang='grc' dir='ltr'><strong>τοῦ</strong></span> <span class='ocrx_word' id='word_1_147' title='bbox 2405 1212 2587 1283; x_wconf 77' lang='grc' dir='ltr'>Αξμὰν</span> <span class='ocrx_word' id='word_1_148' title='bbox 2629 1213 2802 1283; x_wconf 82' lang='grc' dir='ltr'><strong>λέγει,</strong></span> <span class='ocrx_word' id='word_1_149' title='bbox 2837 1213 2946 1268; x_wconf 87' lang='grc' dir='ltr'><strong>Τοῦ</strong></span> <span class='ocrx_word' id='word_1_150' title='bbox 2979 1213 3216 1285; x_wconf 83' lang='grc' dir='ltr'>ὁρῶντος</span> <span class='ocrx_word' id='word_1_151' title='bbox 3253 1213 3332 1286; x_wconf 82' lang='grc' dir='ltr'>τῷ</span> <span class='ocrx_word' id='word_1_152' title='bbox 3358 1213 3565 1286; x_wconf 81' lang='grc' dir='ltr'>βασιλεῖ</span> <span class='ocrx_word' id='word_1_153' title='bbox 3592 1217 3646 1269; x_wconf 83' lang='grc' dir='ltr'>ὲν</span> <span class='ocrx_word' id='word_1_154' title='bbox 3670 1217 3745 1270; x_wconf 81' lang='grc' dir='ltr'><strong>λό-</strong></span> 
     </span>
    </p>
   </div>
   <div class='ocr_carea' id='block_1_27' title="bbox 2195 1303 3748 1380">
    <p class='ocr_par' dir='ltr' id='par_1_27' title="bbox 2195 1303 3748 1380">
     <span class='ocr_line' id='line_1_27' title="bbox 2195 1303 3748 1380; baseline 0.004 -23"><span class='ocrx_word' id='word_1_155' title='bbox 2195 1319 2314 1370; x_wconf 88' lang='grc' dir='ltr'>γοις</span> <span class='ocrx_word' id='word_1_156' title='bbox 2353 1303 2492 1358; x_wconf 89' lang='grc' dir='ltr'>Θεοῦ</span> <span class='ocrx_word' id='word_1_157' title='bbox 2521 1323 2536 1338; x_wconf 91' lang='grc'><strong>·</strong></span> <span class='ocrx_word' id='word_1_158' title='bbox 2565 1306 2847 1369; x_wconf 81' lang='grc' dir='ltr'>Μωῦσέως</span> <span class='ocrx_word' id='word_1_159' title='bbox 2879 1305 2936 1360; x_wconf 88' lang='grc' dir='ltr'>δὲ</span> <span class='ocrx_word' id='word_1_160' title='bbox 2981 1308 3106 1372; x_wconf 77' lang='grc' dir='ltr'>τοὺς</span> <span class='ocrx_word' id='word_1_161' title='bbox 3131 1307 3434 1375; x_wconf 74' lang='grc' dir='ltr'><strong>ἀπογόνους</strong></span> <span class='ocrx_word' id='word_1_162' title='bbox 3461 1307 3566 1362; x_wconf 83' lang='grc' dir='ltr'><strong>τῶν</strong></span> <span class='ocrx_word' id='word_1_163' title='bbox 3615 1309 3748 1380; x_wconf 85' lang='grc' dir='ltr'>ίερῶν</span> 
     </span>
    </p>
   </div>
   <div class='ocr_carea' id='block_1_28' title="bbox 2196 1389 3746 1466">
    <p class='ocr_par' dir='ltr' id='par_1_28' title="bbox 2196 1389 3746 1466">
     <span class='ocr_line' id='line_1_28' title="bbox 2196 1389 3746 1466; baseline 0.005 -21"><span class='ocrx_word' id='word_1_164' title='bbox 2196 1391 2490 1464; x_wconf 81' lang='grc' dir='ltr'>θησαυρῶν</span> <span class='ocrx_word' id='word_1_165' title='bbox 2523 1395 2775 1466; x_wconf 80' lang='grc' dir='ltr'><strong>ἀπέφηνε</strong></span> <span class='ocrx_word' id='word_1_166' title='bbox 2803 1393 3075 1464; x_wconf 80' lang='grc' dir='ltr'>φύλακας,</span> <span class='ocrx_word' id='word_1_167' title='bbox 3107 1396 3168 1450; x_wconf 77' lang='grc' dir='ltr'><strong>ἐν</strong></span> <span class='ocrx_word' id='word_1_168' title='bbox 3193 1389 3275 1460; x_wconf 75' lang='grc' dir='ltr'>οἷς</span> <span class='ocrx_word' id='word_1_169' title='bbox 3293 1395 3553 1452; x_wconf 79' lang='grc' dir='ltr'><strong>ἀπέκειτο</strong></span> <span class='ocrx_word' id='word_1_170' title='bbox 3577 1399 3638 1451; x_wconf 77' lang='grc' dir='ltr'>τὰ</span> <span class='ocrx_word' id='word_1_171' title='bbox 3659 1400 3746 1452; x_wconf 82' lang='grc' dir='ltr'><strong>τῶν</strong></span> 
     </span>
    </p>
   </div>
   <div class='ocr_carea' id='block_1_29' title="bbox 2196 1483 3748 1564">
    <p class='ocr_par' dir='ltr' id='par_1_29' title="bbox 2196 1483 3748 1564">
     <span class='ocr_line' id='line_1_29' title="bbox 2196 1483 3748 1564; baseline 0.006 -28"><span class='ocrx_word' id='word_1_172' title='bbox 2196 1483 2455 1554; x_wconf 86' lang='grc' dir='ltr'>πολέμων</span> <span class='ocrx_word' id='word_1_173' title='bbox 2503 1487 2796 1560; x_wconf 81' lang='grc' dir='ltr'>ἀκροθίνια</span> <span class='ocrx_word' id='word_1_174' title='bbox 2825 1512 2846 1555; x_wconf 88' lang='grc'>·,</span> <span class='ocrx_word' id='word_1_175' title='bbox 2898 1488 2995 1543; x_wconf 77' lang='grc' dir='ltr'><strong>καὶ</strong></span> <span class='ocrx_word' id='word_1_176' title='bbox 3041 1488 3112 1542; x_wconf 78' lang='grc' dir='ltr'>τὰ</span> <span class='ocrx_word' id='word_1_177' title='bbox 3167 1487 3319 1561; x_wconf 88' lang='grc' dir='ltr'>δῶρα</span> <span class='ocrx_word' id='word_1_178' title='bbox 3361 1488 3430 1544; x_wconf 80' lang='grc' dir='ltr'>τὰ</span> <span class='ocrx_word' id='word_1_179' title='bbox 3477 1492 3748 1564; x_wconf 80' lang='grc' dir='ltr'>προσφερό-</span> 
     </span>
    </p>
   </div>
   <div class='ocr_carea' id='block_1_30' title="bbox 2197 1576 2616 1650">
    <p class='ocr_par' dir='ltr' id='par_1_30' title="bbox 2197 1576 2616 1650">
     <span class='ocr_line' id='line_1_30' title="bbox 2197 1576 2616 1650; baseline 0.014 -22"><span class='ocrx_word' id='word_1_180' title='bbox 2197 1593 2337 1646; x_wconf 84' lang='grc' dir='ltr'>μενα</span> <span class='ocrx_word' id='word_1_181' title='bbox 2368 1577 2448 1648; x_wconf 85' lang='grc' dir='ltr'>τῷ</span> <span class='ocrx_word' id='word_1_182' title='bbox 2477 1576 2616 1650; x_wconf 80' lang='grc' dir='ltr'>Θεῷ.</span> 
     </span>
    </p>
   </div>
   <div class='ocr_carea' id='block_1_31' title="bbox 2763 1671 3210 1742">
    <p class='ocr_par' dir='ltr' id='par_1_31' title="bbox 2763 1671 3210 1742">
     <span class='ocr_line' id='line_1_31' title="bbox 2763 1671 3210 1742; baseline -0.004 -14"><span class='ocrx_word' id='word_1_183' title='bbox 2763 1671 3020 1728; x_wconf 73' lang='grc' dir='ltr'><strong>ΚΕΦΑΛ.</strong></span> <span class='ocrx_word' id='word_1_184' title='bbox 3060 1671 3210 1742; x_wconf 71' lang='lat' dir='ltr'><strong>KG’.</strong></span> 
     </span>
    </p>
   </div>
   <div class='ocr_carea' id='block_1_32' title="bbox 2271 1761 3745 1838">
    <p class='ocr_par' dir='ltr' id='par_1_32' title="bbox 2271 1761 3745 1838">
     <span class='ocr_line' id='line_1_32' title="bbox 2271 1761 3745 1838; baseline 0.002 -21"><span class='ocrx_word' id='word_1_185' title='bbox 2271 1761 2384 1818; x_wconf 83' lang='grc' dir='ltr'>Τοῦ</span> <span class='ocrx_word' id='word_1_186' title='bbox 2417 1765 2884 1836; x_wconf 56' lang='grc' dir='ltr'>γραμματεύειν,</span> <span class='ocrx_word' id='word_1_187' title='bbox 2923 1765 3024 1822; x_wconf 78' lang='grc' dir='ltr'><strong>καί</strong></span> <span class='ocrx_word' id='word_1_188' title='bbox 3057 1765 3412 1835; x_wconf 76' lang='grc' dir='ltr'><strong>διακρίνειν.</strong></span> <span class='ocrx_word' id='word_1_189' title='bbox 3459 1765 3745 1838; x_wconf 81' lang='grc' dir='ltr'>Σύμμαχος.</span> 
     </span>
    </p>
   </div>
   <div class='ocr_carea' id='block_1_33' title="bbox 501 1833 2085 1930">
    <p class='ocr_par' dir='ltr' id='par_1_33' title="bbox 501 1833 2084 1930">
     <span class='ocr_line' id='line_1_33' title="bbox 501 1833 2084 1930; baseline 0.006 -24"><span class='ocrx_word' id='word_1_190' title='bbox 501 1851 598 1918; x_wconf 72' lang='lat' dir='ltr'><strong>EI;</strong></span> <span class='ocrx_word' id='word_1_191' title='bbox 629 1853 946 1921; x_wconf 78' lang='grc' dir='ltr'>παιδευτὰς,</span> <span class='ocrx_word' id='word_1_192' title='bbox 971 1856 1068 1912; x_wconf 75' lang='grc' dir='ltr'><strong>καὶ</strong></span> <span class='ocrx_word' id='word_1_193' title='bbox 1097 1859 1314 1929; x_wconf 78' lang='grc' dir='ltr'>κριτάς.</span> <span class='ocrx_word' id='word_1_194' title='bbox 1348 1833 1418 1912; x_wconf 45' lang='lat' dir='ltr'><strong>—In</strong></span> <span class='ocrx_word' id='word_1_195' title='bbox 1445 1833 1810 1926; x_wconf 42' lang='lat' dir='ltr'><strong>doctorem—et</strong></span> <span class='ocrx_word' id='word_1_196' title='bbox 1845 1833 2084 1930; x_wconf 73' lang='lat' dir='ltr'><strong>iudices.</strong></span> 
     </span>
    </p>
   </div>
   <div class='ocr_carea' id='block_1_34' title="bbox 2197 1833 3040 1930">
    <p class='ocr_par' dir='ltr' id='par_1_34' title="bbox 2197 1833 3040 1928">
     <span class='ocr_line' id='line_1_34' title="bbox 2197 1833 3040 1928; baseline 0.004 -19"><span class='ocrx_word' id='word_1_197' title='bbox 2197 1856 2278 1922; x_wconf 78' lang='grc' dir='ltr'>εἰς</span> <span class='ocrx_word' id='word_1_198' title='bbox 2299 1833 2649 1926; x_wconf 62' lang='grc' dir='ltr'>παιδευτάς,</span> <span class='ocrx_word' id='word_1_199' title='bbox 2683 1858 2786 1914; x_wconf 75' lang='grc' dir='ltr'><strong>καί</strong></span> <span class='ocrx_word' id='word_1_200' title='bbox 2812 1833 3040 1928; x_wconf 81' lang='grc' dir='ltr'>κριτάς.</span> 
     </span>
    </p>
   </div>
   <div class='ocr_carea' id='block_1_35' title="bbox 1097 1949 1490 2006">
    <p class='ocr_par' dir='ltr' id='par_1_35' title="bbox 1097 1949 1490 2006">
     <span class='ocr_line' id='line_1_35' title="bbox 1097 1949 1490 2006; baseline -0.005 0"><span class='ocrx_word' id='word_1_201' title='bbox 1097 1949 1250 2006; x_wconf 83' lang='lat' dir='ltr'><strong>CAP.</strong></span> <span class='ocrx_word' id='word_1_202' title='bbox 1275 1949 1490 2006; x_wconf 81' lang='lat' dir='ltr'><strong>XXVII.</strong></span> 
     </span>
    </p>
   </div>
   <div class='ocr_carea' id='block_1_36' title="bbox 566 2033 2088 2113">
    <p class='ocr_par' dir='ltr' id='par_1_36' title="bbox 566 2033 2088 2113">
     <span class='ocr_line' id='line_1_36' title="bbox 566 2033 2088 2113; baseline 0.007 -23"><span class='ocrx_word' id='word_1_203' title='bbox 566 2033 738 2092; x_wconf 74' lang='lat' dir='ltr'><strong>Vens.</strong></span> <span class='ocrx_word' id='word_1_204' title='bbox 769 2037 820 2095; x_wconf 70' lang='grc' dir='ltr'><strong>ὅ.</strong></span> <span class='ocrx_word' id='word_1_205' title='bbox 862 2037 931 2092; x_wconf 83' lang='lat' dir='ltr'><strong>Et</strong></span> <span class='ocrx_word' id='word_1_206' title='bbox 988 2038 1209 2094; x_wconf 86' lang='lat' dir='ltr'><strong>Benaan</strong></span> <span class='ocrx_word' id='word_1_207' title='bbox 1233 2082 1247 2094; x_wconf 94' lang='lat'><strong>.</strong></span> <span class='ocrx_word' id='word_1_208' title='bbox 1277 2039 1377 2097; x_wconf 84' lang='lat' dir='ltr'><strong>Hic</strong></span> <span class='ocrx_word' id='word_1_209' title='bbox 1407 2043 1670 2100; x_wconf 83' lang='lat' dir='ltr'><strong>sacerdos</strong></span> <span class='ocrx_word' id='word_1_210' title='bbox 1704 2043 1954 2113; x_wconf 82' lang='lat' dir='ltr'><strong>ejusdem</strong></span> <span class='ocrx_word' id='word_1_211' title='bbox 1990 2059 2088 2100; x_wconf 86' lang='lat' dir='ltr'><strong>no-</strong></span> 
     </span>
    </p>
   </div>
   <div class='ocr_carea' id='block_1_37' title="bbox 502 2129 2086 2211">
    <p class='ocr_par' dir='ltr' id='par_1_37' title="bbox 502 2129 2086 2211">
     <span class='ocr_line' id='line_1_37' title="bbox 502 2129 2086 2211; baseline 0.005 -29"><span class='ocrx_word' id='word_1_212' title='bbox 502 2129 668 2211; x_wconf 79' lang='lat' dir='ltr'><strong>minis</strong></span> <span class='ocrx_word' id='word_1_213' title='bbox 701 2139 786 2186; x_wconf 90' lang='lat' dir='ltr'><strong>cst</strong></span> <span class='ocrx_word' id='word_1_214' title='bbox 829 2147 951 2188; x_wconf 87' lang='lat' dir='ltr'><strong>cum</strong></span> <span class='ocrx_word' id='word_1_215' title='bbox 986 2132 1246 2203; x_wconf 64' lang='lat' dir='ltr'><strong>praefecto</strong></span> <span class='ocrx_word' id='word_1_216' title='bbox 1279 2135 1440 2202; x_wconf 84' lang='lat' dir='ltr'><strong>aulae,</strong></span> <span class='ocrx_word' id='word_1_217' title='bbox 1488 2144 1542 2192; x_wconf 93' lang='lat' dir='ltr'><strong>et</strong></span> <span class='ocrx_word' id='word_1_218' title='bbox 1569 2143 1768 2207; x_wconf 88' lang='lat' dir='ltr'><strong>nepote</strong></span> <span class='ocrx_word' id='word_1_219' title='bbox 1798 2137 1967 2208; x_wconf 79' lang='lat' dir='ltr'><strong>regis,</strong></span> <span class='ocrx_word' id='word_1_220' title='bbox 1991 2137 2086 2208; x_wconf 88' lang='lat' dir='ltr'><strong>qui</strong></span> 
     </span>
    </p>
   </div>
   <div class='ocr_carea' id='block_1_38' title="bbox 500 2221 1622 2298">
    <p class='ocr_par' dir='ltr' id='par_1_38' title="bbox 500 2221 1622 2298">
     <span class='ocr_line' id='line_1_38' title="bbox 500 2221 1622 2298; baseline 0.011 -24"><span class='ocrx_word' id='word_1_221' title='bbox 500 2221 686 2282; x_wconf 88' lang='lat' dir='ltr'><strong>dictus</strong></span> <span class='ocrx_word' id='word_1_222' title='bbox 721 2233 808 2280; x_wconf 89' lang='lat' dir='ltr'><strong>est</strong></span> <span class='ocrx_word' id='word_1_223' title='bbox 839 2240 907 2280; x_wconf 77' lang='lat' dir='ltr'><strong>ex</strong></span> <span class='ocrx_word' id='word_1_224' title='bbox 938 2227 1088 2298; x_wconf 83' lang='lat' dir='ltr'><strong>regia</strong></span> <span class='ocrx_word' id='word_1_225' title='bbox 1117 2228 1394 2298; x_wconf 82' lang='lat' dir='ltr'><strong>prosapia</strong></span> <span class='ocrx_word' id='word_1_226' title='bbox 1430 2227 1622 2286; x_wconf 89' lang='lat' dir='ltr'><strong>fuisse.</strong></span> 
     </span>
    </p>
   </div>
   <div class='ocr_carea' id='block_1_39' title="bbox 475 2311 1516 2374">
    <p class='ocr_par' dir='ltr' id='par_1_39' title="bbox 475 2311 1516 2374">
     <span class='ocr_line' id='line_1_39' title="bbox 475 2311 1516 2374; baseline 0.008 -8"><span class='ocrx_word' id='word_1_227' title='bbox 475 2311 486 2324; x_wconf 73' lang='grc'>⁸</span> <span class='ocrx_word' id='word_1_228' title='bbox 1068 2315 1222 2372; x_wconf 74' lang='lat' dir='ltr'><strong>CAP.</strong></span> <span class='ocrx_word' id='word_1_229' title='bbox 1275 2316 1516 2374; x_wconf 80' lang='lat' dir='ltr'><strong>XXVIII.</strong></span> 
     </span>
    </p>
   </div>
   <div class='ocr_carea' id='block_1_40' title="bbox 571 2403 2085 2485">
    <p class='ocr_par' dir='ltr' id='par_1_40' title="bbox 571 2403 2085 2485">
     <span class='ocr_line' id='line_1_40' title="bbox 571 2403 2085 2485; baseline 0.009 -25"><span class='ocrx_word' id='word_1_230' title='bbox 571 2403 739 2460; x_wconf 68' lang='lat' dir='ltr'><strong>Vens.</strong></span> <span class='ocrx_word' id='word_1_231' title='bbox 765 2406 819 2464; x_wconf 88' lang='lat'><strong>9.</strong></span> <span class='ocrx_word' id='word_1_232' title='bbox 853 2408 1048 2464; x_wconf 82' lang='lat' dir='ltr'><strong>Animo</strong></span> <span class='ocrx_word' id='word_1_233' title='bbox 1069 2421 1382 2477; x_wconf 83' lang='lat' dir='ltr'><strong>spontaneo.</strong></span> <span class='ocrx_word' id='word_1_234' title='bbox 1413 2412 1704 2478; x_wconf 89' lang='lat' dir='ltr'><strong>Coactum,</strong></span> <span class='ocrx_word' id='word_1_235' title='bbox 1733 2414 1892 2485; x_wconf 86' lang='lat' dir='ltr'><strong>dicit,</strong></span> <span class='ocrx_word' id='word_1_236' title='bbox 1919 2415 2085 2472; x_wconf 84' lang='lat' dir='ltr'><strong>obse-</strong></span> 
     </span>
    </p>
   </div>
   <div class='ocr_carea' id='block_1_41' title="bbox 499 2499 1147 2571">
    <p class='ocr_par' dir='ltr' id='par_1_41' title="bbox 499 2499 1147 2571">
     <span class='ocr_line' id='line_1_41' title="bbox 499 2499 1147 2571; baseline 0.011 -20"><span class='ocrx_word' id='word_1_237' title='bbox 499 2499 690 2570; x_wconf 83' lang='lat' dir='ltr'><strong>quium</strong></span> <span class='ocrx_word' id='word_1_238' title='bbox 716 2517 825 2556; x_wconf 91' lang='lat' dir='ltr'><strong>non</strong></span> <span class='ocrx_word' id='word_1_239' title='bbox 872 2510 1147 2571; x_wconf 87' lang='lat' dir='ltr'><strong>acceptat.</strong></span> 
     </span>
    </p>
   </div>
   <div class='ocr_carea' id='block_1_42' title="bbox 563 2591 2086 2665">
    <p class='ocr_par' dir='ltr' id='par_1_42' title="bbox 563 2591 2086 2665">
     <span class='ocr_line' id='line_1_42' title="bbox 563 2591 2086 2665; baseline 0.005 -15"><span class='ocrx_word' id='word_1_240' title='bbox 563 2591 626 2650; x_wconf 89' lang='lat' dir='ltr'><strong>Si</strong></span> <span class='ocrx_word' id='word_1_241' title='bbox 649 2597 946 2665; x_wconf 75' lang='lat' dir='ltr'><strong>qumieris,</strong></span> <span class='ocrx_word' id='word_1_242' title='bbox 971 2598 1270 2654; x_wconf 81' lang='lat' dir='ltr'><strong>invenietur</strong></span> <span class='ocrx_word' id='word_1_243' title='bbox 1294 2617 1327 2654; x_wconf 93' lang='lat' dir='ltr'><strong>a</strong></span> <span class='ocrx_word' id='word_1_244' title='bbox 1363 2609 1430 2656; x_wconf 87' lang='lat' dir='ltr'><strong>te.</strong></span> <span class='ocrx_word' id='word_1_245' title='bbox 1461 2601 1790 2657; x_wconf 76' lang='lat' dir='ltr'><strong>Adliortatio</strong></span> <span class='ocrx_word' id='word_1_246' title='bbox 1815 2609 1900 2658; x_wconf 89' lang='lat' dir='ltr'><strong>est</strong></span> <span class='ocrx_word' id='word_1_247' title='bbox 1921 2617 2086 2658; x_wconf 80' lang='lat' dir='ltr'><strong>evan-</strong></span> 
     </span>
    </p>
   </div>
   <div class='ocr_carea' id='block_1_43' title="bbox 499 2685 2084 2764">
    <p class='ocr_par' dir='ltr' id='par_1_43' title="bbox 499 2685 2084 2764">
     <span class='ocr_line' id='line_1_43' title="bbox 499 2685 2084 2764; baseline 0.004 -24"><span class='ocrx_word' id='word_1_248' title='bbox 499 2685 708 2754; x_wconf 72' lang='lat' dir='ltr'><strong>gelica:</strong></span> <span class='ocrx_word' id='word_1_249' title='bbox 749 2706 770 2739; x_wconf 76' lang='grc' dir='ltr'><strong>ι</strong></span> <span class='ocrx_word' id='word_1_250' title='bbox 816 2687 1060 2756; x_wconf 81' lang='lat' dir='ltr'><strong>Quaerite</strong></span> <span class='ocrx_word' id='word_1_251' title='bbox 1082 2691 1252 2758; x_wconf 89' lang='lat' dir='ltr'><strong>enim,</strong></span> <span class='ocrx_word' id='word_1_252' title='bbox 1288 2692 1446 2762; x_wconf 90' lang='lat' dir='ltr'><strong>dicit,</strong></span> <span class='ocrx_word' id='word_1_253' title='bbox 1483 2703 1536 2747; x_wconf 88' lang='lat' dir='ltr'><strong>et</strong></span> <span class='ocrx_word' id='word_1_254' title='bbox 1597 2694 1932 2758; x_wconf 86' lang='lat' dir='ltr'><strong>invenietis;</strong></span> <span class='ocrx_word' id='word_1_255' title='bbox 1965 2693 2084 2764; x_wconf 89' lang='lat' dir='ltr'><strong>pul-</strong></span> 
     </span>
    </p>
   </div>
   <div class='ocr_carea' id='block_1_44' title="bbox 498 2780 1370 2849">
    <p class='ocr_par' dir='ltr' id='par_1_44' title="bbox 498 2780 1370 2849">
     <span class='ocr_line' id='line_1_44' title="bbox 498 2780 1370 2849; baseline 0.002 -13"><span class='ocrx_word' id='word_1_256' title='bbox 498 2786 638 2844; x_wconf 68' lang='lat' dir='ltr'><strong>s:ite,</strong></span> <span class='ocrx_word' id='word_1_257' title='bbox 669 2787 722 2834; x_wconf 88' lang='lat' dir='ltr'><strong>et</strong></span> <span class='ocrx_word' id='word_1_258' title='bbox 753 2783 1030 2849; x_wconf 84' lang='lat' dir='ltr'><strong>aperietur</strong></span> <span class='ocrx_word' id='word_1_259' title='bbox 1065 2783 1224 2838; x_wconf 86' lang='lat' dir='ltr'><strong>vobis</strong></span> <span class='ocrx_word' id='word_1_260' title='bbox 1239 2780 1308 2838; x_wconf 82' lang='lat'><strong>&quot;.</strong></span> <span class='ocrx_word' id='word_1_261' title='bbox 1351 2805 1370 2838; x_wconf 74' lang='grc' dir='ltr'><strong>ι</strong></span> 
     </span>
    </p>
   </div>
   <div class='ocr_carea' id='block_1_45' title="bbox 569 2871 2084 2952">
    <p class='ocr_par' dir='ltr' id='par_1_45' title="bbox 569 2871 2084 2952">
     <span class='ocr_line' id='line_1_45' title="bbox 569 2871 2084 2952; baseline 0.005 -25"><span class='ocrx_word' id='word_1_262' title='bbox 569 2871 740 2928; x_wconf 74' lang='lat' dir='ltr'><strong>Vens.</strong></span> <span class='ocrx_word' id='word_1_263' title='bbox 773 2873 861 2928; x_wconf 74' lang='grc'><strong>12.</strong></span> <span class='ocrx_word' id='word_1_264' title='bbox 893 2873 959 2928; x_wconf 82' lang='lat' dir='ltr'><strong>Et</strong></span> <span class='ocrx_word' id='word_1_265' title='bbox 981 2877 1258 2946; x_wconf 75' lang='lat' dir='ltr'><strong>exemplar</strong></span> <span class='ocrx_word' id='word_1_266' title='bbox 1277 2879 1536 2952; x_wconf 84' lang='lat' dir='ltr'><strong>omnium,</strong></span> <span class='ocrx_word' id='word_1_267' title='bbox 1570 2897 1691 2951; x_wconf 79' lang='lat' dir='ltr'><strong>qua:</strong></span> <span class='ocrx_word' id='word_1_268' title='bbox 1726 2890 1879 2936; x_wconf 89' lang='lat' dir='ltr'><strong>erant</strong></span> <span class='ocrx_word' id='word_1_269' title='bbox 1910 2883 1964 2934; x_wconf 89' lang='lat' dir='ltr'><strong>in</strong></span> <span class='ocrx_word' id='word_1_270' title='bbox 1981 2883 2084 2950; x_wconf 80' lang='lat' dir='ltr'><strong>spi-</strong></span> 
     </span>
    </p>
   </div>
   <div class='ocr_carea' id='block_1_46' title="bbox 2765 1951 3206 2008">
    <p class='ocr_par' dir='ltr' id='par_1_46' title="bbox 2765 1951 3206 2008">
     <span class='ocr_line' id='line_1_46' title="bbox 2765 1951 3206 2008; baseline -0.002 0"><span class='ocrx_word' id='word_1_271' title='bbox 2765 1953 3021 2008; x_wconf 79' lang='grc' dir='ltr'><strong>ΚΕΦΑΛ.</strong></span> <span class='ocrx_word' id='word_1_272' title='bbox 3075 1951 3206 2007; x_wconf 87' lang='lat' dir='ltr'><strong>KZ’.</strong></span> 
     </span>
    </p>
   </div>
   <div class='ocr_carea' id='block_1_47' title="bbox 2261 2038 3744 2114">
    <p class='ocr_par' dir='ltr' id='par_1_47' title="bbox 2261 2038 3744 2114">
     <span class='ocr_line' id='line_1_47' title="bbox 2261 2038 3744 2114; baseline 0 -19"><span class='ocrx_word' id='word_1_273' title='bbox 2261 2039 2372 2096; x_wconf 74' lang='grc' dir='ltr'><strong>Καὶ</strong></span> <span class='ocrx_word' id='word_1_274' title='bbox 2405 2042 2696 2098; x_wconf 79' lang='grc' dir='ltr'>Βαναίαν.</span> <span class='ocrx_word' id='word_1_275' title='bbox 2747 2043 2956 2112; x_wconf 80' lang='grc' dir='ltr'>Ἱερεὺς</span> <span class='ocrx_word' id='word_1_276' title='bbox 2995 2038 3175 2108; x_wconf 77' lang='grc' dir='ltr'>οὗτος.</span> <span class='ocrx_word' id='word_1_277' title='bbox 3229 2042 3526 2114; x_wconf 80' lang='grc' dir='ltr'>ὁμώνυμος</span> <span class='ocrx_word' id='word_1_278' title='bbox 3567 2043 3654 2096; x_wconf 84' lang='grc' dir='ltr'><strong>τοῦ</strong></span> <span class='ocrx_word' id='word_1_279' title='bbox 3699 2043 3744 2094; x_wconf 84' lang='grc' dir='ltr'>ὲν</span> 
     </span>
    </p>
   </div>
   <div class='ocr_carea' id='block_1_48' title="bbox 2187 2134 3742 2208">
    <p class='ocr_par' dir='ltr' id='par_1_48' title="bbox 2187 2134 3742 2208">
     <span class='ocr_line' id='line_1_48' title="bbox 2187 2134 3742 2208; baseline 0.001 -22"><span class='ocrx_word' id='word_1_280' title='bbox 2187 2135 2308 2196; x_wconf 81' lang='grc' dir='ltr'>ταῖς</span> <span class='ocrx_word' id='word_1_281' title='bbox 2349 2134 2664 2201; x_wconf 76' lang='grc' dir='ltr'>Βασιλείαις</span> <span class='ocrx_word' id='word_1_282' title='bbox 2710 2135 3006 2208; x_wconf 80' lang='grc' dir='ltr'>αὐλάρχου,</span> <span class='ocrx_word' id='word_1_283' title='bbox 3047 2139 3140 2191; x_wconf 78' lang='grc' dir='ltr'><strong>καὶ</strong></span> <span class='ocrx_word' id='word_1_284' title='bbox 3173 2135 3463 2205; x_wconf 81' lang='grc' dir='ltr'><strong>ἀδελφιδοῦ</strong></span> <span class='ocrx_word' id='word_1_285' title='bbox 3492 2135 3742 2207; x_wconf 80' lang='grc' dir='ltr'>βασιλέως,</span> 
     </span>
    </p>
   </div>
   <div class='ocr_carea' id='block_1_49' title="bbox 2189 2221 3538 2300">
    <p class='ocr_par' dir='ltr' id='par_1_49' title="bbox 2189 2221 3538 2300">
     <span class='ocr_line' id='line_1_49' title="bbox 2189 2221 3538 2300; baseline 0.005 -22"><span class='ocrx_word' id='word_1_286' title='bbox 2189 2224 2452 2297; x_wconf 77' lang='grc' dir='ltr'><strong>ῥηθέντος</strong></span> <span class='ocrx_word' id='word_1_287' title='bbox 2487 2228 2553 2280; x_wconf 82' lang='grc' dir='ltr'>ἐκ</span> <span class='ocrx_word' id='word_1_288' title='bbox 2587 2227 2686 2298; x_wconf 84' lang='grc' dir='ltr'>τῆς</span> <span class='ocrx_word' id='word_1_289' title='bbox 2719 2221 3012 2299; x_wconf 82' lang='grc' dir='ltr'>βασιλικῆς</span> <span class='ocrx_word' id='word_1_290' title='bbox 3049 2229 3301 2300; x_wconf 82' lang='grc' dir='ltr'>δηλονότι</span> <span class='ocrx_word' id='word_1_291' title='bbox 3335 2227 3538 2298; x_wconf 81' lang='grc' dir='ltr'>φυλῆς.</span> 
     </span>
    </p>
   </div>
   <div class='ocr_carea' id='block_1_50' title="bbox 2753 2319 3206 2375">
    <p class='ocr_par' dir='ltr' id='par_1_50' title="bbox 2753 2319 3206 2375">
     <span class='ocr_line' id='line_1_50' title="bbox 2753 2319 3206 2375; baseline 0.007 -3"><span class='ocrx_word' id='word_1_292' title='bbox 2753 2321 3010 2375; x_wconf 77' lang='grc' dir='ltr'>ΚΕΦΑΛ.</span> <span class='ocrx_word' id='word_1_293' title='bbox 3068 2319 3206 2375; x_wconf 83' lang='lat' dir='ltr'><strong>KH’.</strong></span> 
     </span>
    </p>
   </div>
   <div class='ocr_carea' id='block_1_51' title="bbox 2253 2409 3742 2486">
    <p class='ocr_par' dir='ltr' id='par_1_51' title="bbox 2253 2409 3742 2486">
     <span class='ocr_line' id='line_1_51' title="bbox 2253 2409 3742 2486; baseline 0.001 -22"><span class='ocrx_word' id='word_1_294' title='bbox 2253 2409 2365 2464; x_wconf 75' lang='lat' dir='ltr'><strong>Kal</strong></span> <span class='ocrx_word' id='word_1_295' title='bbox 2393 2409 2568 2480; x_wconf 71' lang='grc' dir='ltr'><strong>ψυχῇ</strong></span> <span class='ocrx_word' id='word_1_296' title='bbox 2587 2415 2878 2481; x_wconf 72' lang='grc' dir='ltr'>θελούσῃ.</span> <span class='ocrx_word' id='word_1_297' title='bbox 2911 2412 3024 2484; x_wconf 79' lang='grc' dir='ltr'>Τὴν</span> <span class='ocrx_word' id='word_1_298' title='bbox 3049 2413 3436 2486; x_wconf 53' lang='lat' dir='ltr'><strong>avenac—rip),</strong></span> <span class='ocrx_word' id='word_1_299' title='bbox 3471 2414 3620 2485; x_wconf 77' lang='grc' dir='ltr'>φησὶ,</span> <span class='ocrx_word' id='word_1_300' title='bbox 3644 2413 3742 2466; x_wconf 80' lang='grc' dir='ltr'>δον·</span> 
     </span>
    </p>
   </div>
   <div class='ocr_carea' id='block_1_52' title="bbox 2184 2501 2859 2574">
    <p class='ocr_par' dir='ltr' id='par_1_52' title="bbox 2184 2501 2859 2574">
     <span class='ocr_line' id='line_1_52' title="bbox 2184 2501 2859 2574; baseline 0.007 -20"><span class='ocrx_word' id='word_1_301' title='bbox 2184 2501 2340 2554; x_wconf 90' lang='grc' dir='ltr'>λείαν</span> <span class='ocrx_word' id='word_1_302' title='bbox 2377 2503 2479 2556; x_wconf 78' lang='grc' dir='ltr'>οὐκ</span> <span class='ocrx_word' id='word_1_303' title='bbox 2507 2503 2859 2574; x_wconf 81' lang='grc' dir='ltr'><strong>ἀποδέχεται.</strong></span> 
     </span>
    </p>
   </div>
   <div class='ocr_carea' id='block_1_53' title="bbox 2267 2593 3740 2668">
    <p class='ocr_par' dir='ltr' id='par_1_53' title="bbox 2267 2593 3740 2668">
     <span class='ocr_line' id='line_1_53' title="bbox 2267 2593 3740 2668; baseline 0.001 -21"><span class='ocrx_word' id='word_1_304' title='bbox 2267 2593 2406 2648; x_wconf 82' lang='grc' dir='ltr'><em>Ἐὰν</em></span> <span class='ocrx_word' id='word_1_305' title='bbox 2433 2593 2700 2666; x_wconf 79' lang='grc' dir='ltr'>ζητήσῃς</span> <span class='ocrx_word' id='word_1_306' title='bbox 2739 2597 2950 2661; x_wconf 75' lang='grc' dir='ltr'>αὐτὸν,</span> <span class='ocrx_word' id='word_1_307' title='bbox 2985 2599 3386 2668; x_wconf 76' lang='grc' dir='ltr'>εὑρεθήσεται</span> <span class='ocrx_word' id='word_1_308' title='bbox 3435 2615 3535 2656; x_wconf 86' lang='grc' dir='ltr'><strong>σοι</strong></span> <span class='ocrx_word' id='word_1_309' title='bbox 3587 2598 3740 2664; x_wconf 80' lang='grc' dir='ltr'>Εὐαγ-</span> 
     </span>
    </p>
   </div>
   <div class='ocr_carea' id='block_1_54' title="bbox 2186 2688 3742 2765">
    <p class='ocr_par' dir='ltr' id='par_1_54' title="bbox 2186 2688 3742 2765">
     <span class='ocr_line' id='line_1_54' title="bbox 2186 2688 3742 2765; baseline -0.002 -22"><span class='ocrx_word' id='word_1_310' title='bbox 2186 2689 2408 2758; x_wconf 84' lang='grc' dir='ltr'>γελικδν</span> <span class='ocrx_word' id='word_1_311' title='bbox 2442 2688 2504 2742; x_wconf 85' lang='grc' dir='ltr'>τὸ</span> <span class='ocrx_word' id='word_1_312' title='bbox 2544 2689 2937 2761; x_wconf 76' lang='grc' dir='ltr'>παράγγελμα.</span> <span class='ocrx_word' id='word_1_313' title='bbox 2982 2711 3001 2743; x_wconf 83' lang='grc' dir='ltr'><strong>ι</strong></span> <span class='ocrx_word' id='word_1_314' title='bbox 3030 2694 3262 2762; x_wconf 84' lang='grc' dir='ltr'>Ζητεϊτε</span> <span class='ocrx_word' id='word_1_315' title='bbox 3306 2693 3443 2765; x_wconf 78' lang='grc' dir='ltr'>γὰρ,</span> <span class='ocrx_word' id='word_1_316' title='bbox 3483 2691 3630 2764; x_wconf 77' lang='grc' dir='ltr'>φησὶ,</span> <span class='ocrx_word' id='word_1_317' title='bbox 3665 2689 3742 2742; x_wconf 76' lang='grc' dir='ltr'>καὶ</span> 
     </span>
    </p>
   </div>
   <div class='ocr_carea' id='block_1_55' title="bbox 2183 2781 3558 2856">
    <p class='ocr_par' dir='ltr' id='par_1_55' title="bbox 2183 2781 3558 2856">
     <span class='ocr_line' id='line_1_55' title="bbox 2183 2781 3558 2856; baseline 0.001 -21"><span class='ocrx_word' id='word_1_318' title='bbox 2183 2781 2474 2852; x_wconf 81' lang='grc' dir='ltr'>εὑρήσετε·</span> <span class='ocrx_word' id='word_1_319' title='bbox 2517 2782 2779 2853; x_wconf 85' lang='grc' dir='ltr'>κρούετε,</span> <span class='ocrx_word' id='word_1_320' title='bbox 2815 2784 2913 2837; x_wconf 70' lang='grc' dir='ltr'>καὶ</span> <span class='ocrx_word' id='word_1_321' title='bbox 2950 2785 3312 2856; x_wconf 81' lang='grc' dir='ltr'>ἀνοιγήσεται</span> <span class='ocrx_word' id='word_1_322' title='bbox 3344 2786 3500 2856; x_wconf 79' lang='grc' dir='ltr'>ὑμῖν.</span> <span class='ocrx_word' id='word_1_323' title='bbox 3539 2803 3558 2836; x_wconf 74' lang='grc' dir='ltr'><strong>ι</strong></span> 
     </span>
    </p>
   </div>
   <div class='ocr_carea' id='block_1_56' title="bbox 2253 2867 3740 2942">
    <p class='ocr_par' dir='ltr' id='par_1_56' title="bbox 2253 2867 3740 2942">
     <span class='ocr_line' id='line_1_56' title="bbox 2253 2867 3740 2942; baseline -0.003 -16"><span class='ocrx_word' id='word_1_324' title='bbox 2253 2871 2364 2926; x_wconf 80' lang='grc' dir='ltr'><strong>Καὶ</strong></span> <span class='ocrx_word' id='word_1_325' title='bbox 2393 2872 2460 2926; x_wconf 85' lang='grc' dir='ltr'>τὸ</span> <span class='ocrx_word' id='word_1_326' title='bbox 2515 2871 2896 2942; x_wconf 79' lang='grc' dir='ltr'>παράδειγμα</span> <span class='ocrx_word' id='word_1_327' title='bbox 2945 2873 3212 2938; x_wconf 77' lang='grc' dir='ltr'>πάντων,</span> <span class='ocrx_word' id='word_1_328' title='bbox 3236 2867 3332 2930; x_wconf 81' lang='grc' dir='ltr'><strong>,ὧν</strong></span> <span class='ocrx_word' id='word_1_329' title='bbox 3375 2875 3450 2928; x_wconf 83' lang='grc' dir='ltr'><strong>ὲν</strong></span> <span class='ocrx_word' id='word_1_330' title='bbox 3481 2873 3740 2941; x_wconf 74' lang='grc' dir='ltr'>πνεύματι</span> 
     </span>
    </p>
   </div>
   <div class='ocr_carea' id='block_1_57' title="bbox 497 2962 2085 3036">
    <p class='ocr_par' dir='ltr' id='par_1_57' title="bbox 497 2962 2080 3036">
     <span class='ocr_line' id='line_1_57' title="bbox 497 2962 2080 3036; baseline 0.006 -20"><span class='ocrx_word' id='word_1_331' title='bbox 497 2964 606 3018; x_wconf 84' lang='lat' dir='ltr'><strong>ritu</strong></span> <span class='ocrx_word' id='word_1_332' title='bbox 641 2981 864 3022; x_wconf 82' lang='lat' dir='ltr'><strong>cumeo.</strong></span> <span class='ocrx_word' id='word_1_333' title='bbox 905 2967 1096 3032; x_wconf 89' lang='lat' dir='ltr'><strong>Docet,</strong></span> <span class='ocrx_word' id='word_1_334' title='bbox 1147 2969 1264 3026; x_wconf 70' lang='lat' dir='ltr'><strong>haec</strong></span> <span class='ocrx_word' id='word_1_335' title='bbox 1289 2962 1406 3026; x_wconf 29' lang='lat' dir='ltr'><strong>non.</strong></span> <span class='ocrx_word' id='word_1_336' title='bbox 1433 2973 1674 3028; x_wconf 79' lang='lat' dir='ltr'><strong>humana</strong></span> <span class='ocrx_word' id='word_1_337' title='bbox 1712 2974 1950 3036; x_wconf 88' lang='lat' dir='ltr'><strong>ratione,</strong></span> <span class='ocrx_word' id='word_1_338' title='bbox 1982 2973 2080 3028; x_wconf 89' lang='lat' dir='ltr'><strong>sed</strong></span> 
     </span>
    </p>
   </div>
   <div class='ocr_carea' id='block_1_58' title="bbox 2197 2962 3741 3036">
    <p class='ocr_par' dir='ltr' id='par_1_58' title="bbox 2197 2962 3741 3036">
     <span class='ocr_line' id='line_1_58' title="bbox 2197 2962 3741 3036; baseline 0.003 -19"><span class='ocrx_word' id='word_1_339' title='bbox 2197 2963 2306 3018; x_wconf 67' lang='lat' dir='ltr'><strong>aet’</strong></span> <span class='ocrx_word' id='word_1_340' title='bbox 2344 2963 2556 3019; x_wconf 84' lang='grc' dir='ltr'>αὐτοῦ.</span> <span class='ocrx_word' id='word_1_341' title='bbox 2593 2962 2868 3029; x_wconf 82' lang='grc' dir='ltr'>Διδάσκει,</span> <span class='ocrx_word' id='word_1_342' title='bbox 2901 2965 2976 3027; x_wconf 85' lang='grc' dir='ltr'>ὡς</span> <span class='ocrx_word' id='word_1_343' title='bbox 3017 2965 3078 3018; x_wconf 81' lang='grc' dir='ltr'>οὐ</span> <span class='ocrx_word' id='word_1_344' title='bbox 3113 2964 3385 3036; x_wconf 81' lang='grc' dir='ltr'>λογισμὸς</span> <span class='ocrx_word' id='word_1_345' title='bbox 3421 2963 3741 3036; x_wconf 80' lang='grc' dir='ltr'>ἀνθρώπινος</span> 
     </span>
    </p>
   </div>
   <div class='ocr_carea' id='block_1_59' title="bbox 497 3056 1652 3131">
    <p class='ocr_par' dir='ltr' id='par_1_59' title="bbox 497 3056 1652 3131">
     <span class='ocr_line' id='line_1_59' title="bbox 497 3056 1652 3131; baseline 0.01 -24"><span class='ocrx_word' id='word_1_346' title='bbox 497 3056 676 3130; x_wconf 75' lang='lat' dir='ltr'><strong>gratia</strong></span> <span class='ocrx_word' id='word_1_347' title='bbox 701 3058 882 3114; x_wconf 80' lang='lat' dir='ltr'><strong>sancti</strong></span> <span class='ocrx_word' id='word_1_348' title='bbox 910 3058 1155 3131; x_wconf 89' lang='lat' dir='ltr'><strong>Spiritus</strong></span> <span class='ocrx_word' id='word_1_349' title='bbox 1191 3077 1314 3116; x_wconf 88' lang='lat' dir='ltr'><strong>esse</strong></span> <span class='ocrx_word' id='word_1_350' title='bbox 1349 3062 1652 3131; x_wconf 86' lang='lat' dir='ltr'><strong>descripta.</strong></span> 
     </span>
    </p>
   </div>
   <div class='ocr_carea' id='block_1_60' title="bbox 569 3145 2148 3248">
    <p class='ocr_par' dir='ltr' id='par_1_60' title="bbox 569 3145 2148 3248">
     <span class='ocr_line' id='line_1_60' title="bbox 569 3145 2148 3248; baseline 0.003 -45"><span class='ocrx_word' id='word_1_351' title='bbox 569 3145 829 3217; x_wconf 85' lang='lat' dir='ltr'><strong>Cappore.</strong></span> <span class='ocrx_word' id='word_1_352' title='bbox 887 3149 1028 3206; x_wconf 85' lang='lat' dir='ltr'><strong>Vasa</strong></span> <span class='ocrx_word' id='word_1_353' title='bbox 1085 3153 1338 3224; x_wconf 60' lang='lat' dir='ltr'><strong>quaedam</strong></span> <span class='ocrx_word' id='word_1_354' title='bbox 1401 3163 1670 3222; x_wconf 89' lang='lat' dir='ltr'><strong>aurea,et</strong></span> <span class='ocrx_word' id='word_1_355' title='bbox 1709 3162 1986 3227; x_wconf 79' lang='lat' dir='ltr'><strong>argentea,</strong></span> <span class='ocrx_word' id='word_1_356' title='bbox 2021 3154 2076 3208; x_wconf 90' lang='lat' dir='ltr'><strong>in</strong></span> <span class='ocrx_word' id='word_1_357' title='bbox 2105 3191 2148 3248; x_wconf 64' lang='grc' dir='ltr'>ο</span> 
     </span>
    </p>
   </div>
   <div class='ocr_carea' id='block_1_61' title="bbox 495 3240 1476 3312">
    <p class='ocr_par' dir='ltr' id='par_1_61' title="bbox 495 3240 1476 3312">
     <span class='ocr_line' id='line_1_61' title="bbox 495 3240 1476 3312; baseline 0.006 -18"><span class='ocrx_word' id='word_1_358' title='bbox 495 3240 702 3312; x_wconf 86' lang='lat' dir='ltr'><strong>quibus</strong></span> <span class='ocrx_word' id='word_1_359' title='bbox 729 3242 965 3300; x_wconf 87' lang='lat' dir='ltr'><strong>similam</strong></span> <span class='ocrx_word' id='word_1_360' title='bbox 993 3245 1117 3300; x_wconf 82' lang='lat' dir='ltr'><strong>oleo</strong></span> <span class='ocrx_word' id='word_1_361' title='bbox 1150 3244 1476 3300; x_wconf 84' lang='lat' dir='ltr'><strong>miscebant.</strong></span> 
     </span>
    </p>
   </div>
   <div class='ocr_carea' id='block_1_62' title="bbox 566 3332 2076 3407">
    <p class='ocr_par' dir='ltr' id='par_1_62' title="bbox 566 3332 2076 3407">
     <span class='ocr_line' id='line_1_62' title="bbox 566 3332 2076 3407; baseline 0.003 -21"><span class='ocrx_word' id='word_1_362' title='bbox 566 3332 734 3391; x_wconf 75' lang='lat' dir='ltr'><strong>Vens.</strong></span> <span class='ocrx_word' id='word_1_363' title='bbox 765 3335 854 3391; x_wconf 76' lang='lat' dir='ltr'><strong>i9.</strong></span> <span class='ocrx_word' id='word_1_364' title='bbox 883 3335 1081 3395; x_wconf 84' lang='lat' dir='ltr'><strong>Omnia</strong></span> <span class='ocrx_word' id='word_1_365' title='bbox 1131 3337 1186 3391; x_wconf 84' lang='lat' dir='ltr'><strong>in</strong></span> <span class='ocrx_word' id='word_1_366' title='bbox 1212 3335 1496 3407; x_wconf 82' lang='lat' dir='ltr'><strong>Scriptura</strong></span> <span class='ocrx_word' id='word_1_367' title='bbox 1549 3337 1614 3392; x_wconf 85' lang='lat' dir='ltr'><strong>de</strong></span> <span class='ocrx_word' id='word_1_368' title='bbox 1639 3354 1803 3392; x_wconf 83' lang='lat' dir='ltr'><strong>manu</strong></span> <span class='ocrx_word' id='word_1_369' title='bbox 1842 3336 2076 3393; x_wconf 82' lang='lat' dir='ltr'><strong>Domini.</strong></span> 
     </span>
    </p>
   </div>
   <div class='ocr_carea' id='block_1_63' title="bbox 493 3426 2078 3500">
    <p class='ocr_par' dir='ltr' id='par_1_63' title="bbox 493 3426 2078 3500">
     <span class='ocr_line' id='line_1_63' title="bbox 493 3426 2078 3500; baseline -0.001 -19"><span class='ocrx_word' id='word_1_370' title='bbox 493 3426 654 3494; x_wconf 83' lang='lat' dir='ltr'><strong>Quod</strong></span> <span class='ocrx_word' id='word_1_371' title='bbox 689 3443 858 3500; x_wconf 88' lang='lat' dir='ltr'><strong>supra</strong></span> <span class='ocrx_word' id='word_1_372' title='bbox 875 3429 1036 3486; x_wconf 84' lang='lat' dir='ltr'><strong>dixit.</strong></span> <span class='ocrx_word' id='word_1_373' title='bbox 1068 3429 1121 3483; x_wconf 92' lang='lat' dir='ltr'><strong>in</strong></span> <span class='ocrx_word' id='word_1_374' title='bbox 1151 3429 1384 3500; x_wconf 87' lang='lat' dir='ltr'><strong>spiritu,</strong></span> <span class='ocrx_word' id='word_1_375' title='bbox 1418 3444 1572 3484; x_wconf 89' lang='lat' dir='ltr'><strong>nunc</strong></span> <span class='ocrx_word' id='word_1_376' title='bbox 1608 3429 1784 3496; x_wconf 88' lang='lat' dir='ltr'><strong>dicit,</strong></span> <span class='ocrx_word' id='word_1_377' title='bbox 1817 3445 1880 3486; x_wconf 82' lang='lat' dir='ltr'><strong>ex</strong></span> <span class='ocrx_word' id='word_1_378' title='bbox 1911 3443 2078 3483; x_wconf 89' lang='lat' dir='ltr'><strong>manu</strong></span> 
     </span>
    </p>
   </div>
   <div class='ocr_carea' id='block_1_64' title="bbox 494 3499 1898 3592">
    <p class='ocr_par' dir='ltr' id='par_1_64' title="bbox 494 3499 1898 3592">
     <span class='ocr_line' id='line_1_64' title="bbox 494 3499 1898 3592; baseline -0.002 -16"><span class='ocrx_word' id='word_1_379' title='bbox 494 3499 1044 3584; x_wconf 81' lang='lat' dir='ltr'><strong>Dnmini;l)ominus</strong></span> <span class='ocrx_word' id='word_1_380' title='bbox 1068 3525 1154 3573; x_wconf 87' lang='lat' dir='ltr'><strong>est</strong></span> <span class='ocrx_word' id='word_1_381' title='bbox 1181 3499 1344 3592; x_wconf 66' lang='lat' dir='ltr'><strong>igitur</strong></span> <span class='ocrx_word' id='word_1_382' title='bbox 1377 3518 1624 3590; x_wconf 86' lang='lat' dir='ltr'><strong>Spiritus</strong></span> <span class='ocrx_word' id='word_1_383' title='bbox 1645 3529 1898 3575; x_wconf 84' lang='lat' dir='ltr'><strong>sanctus.</strong></span> 
     </span>
    </p>
   </div>
   <div class='ocr_carea' id='block_1_65' title="bbox 568 3606 2078 3678">
    <p class='ocr_par' dir='ltr' id='par_1_65' title="bbox 568 3606 2078 3678">
     <span class='ocr_line' id='line_1_65' title="bbox 568 3606 2078 3678; baseline 0.004 -18"><span class='ocrx_word' id='word_1_384' title='bbox 568 3606 737 3671; x_wconf 69' lang='lat' dir='ltr'><strong>Vens.</strong></span> <span class='ocrx_word' id='word_1_385' title='bbox 773 3607 864 3662; x_wconf 78' lang='lat'><strong>9.0.</strong></span> <span class='ocrx_word' id='word_1_386' title='bbox 899 3607 1080 3662; x_wconf 85' lang='lat' dir='ltr'><strong>Donec</strong></span> <span class='ocrx_word' id='word_1_387' title='bbox 1136 3610 1454 3678; x_wconf 83' lang='lat' dir='ltr'><strong>perﬁciatur</strong></span> <span class='ocrx_word' id='word_1_388' title='bbox 1516 3628 1668 3668; x_wconf 82' lang='lat' dir='ltr'><strong>omne</strong></span> <span class='ocrx_word' id='word_1_389' title='bbox 1723 3612 2078 3666; x_wconf 74' lang='lat' dir='ltr'><strong>ministerium</strong></span> 
     </span>
    </p>
   </div>
   <div class='ocr_carea' id='block_1_66' title="bbox 495 3697 2077 3770">
    <p class='ocr_par' dir='ltr' id='par_1_66' title="bbox 495 3697 2077 3770">
     <span class='ocr_line' id='line_1_66' title="bbox 495 3697 2077 3770; baseline 0.003 -16"><span class='ocrx_word' id='word_1_390' title='bbox 495 3698 669 3770; x_wconf 81' lang='lat' dir='ltr'><strong>operis</strong></span> <span class='ocrx_word' id='word_1_391' title='bbox 692 3699 880 3754; x_wconf 82' lang='lat' dir='ltr'><strong>domus</strong></span> <span class='ocrx_word' id='word_1_392' title='bbox 913 3697 1150 3755; x_wconf 84' lang='lat' dir='ltr'><strong>Domini.</strong></span> <span class='ocrx_word' id='word_1_393' title='bbox 1210 3699 1341 3756; x_wconf 87' lang='lat' dir='ltr'><strong>Post</strong></span> <span class='ocrx_word' id='word_1_394' title='bbox 1382 3701 1696 3762; x_wconf 81' lang='lat' dir='ltr'><strong>distinctam</strong></span> <span class='ocrx_word' id='word_1_395' title='bbox 1751 3717 1931 3756; x_wconf 87' lang='lat' dir='ltr'><strong>rerum</strong></span> <span class='ocrx_word' id='word_1_396' title='bbox 1978 3717 2077 3758; x_wconf 81' lang='lat' dir='ltr'><strong>ex-</strong></span> 
     </span>
    </p>
   </div>
   <div class='ocr_carea' id='block_1_67' title="bbox 495 3791 2077 3864">
    <p class='ocr_par' dir='ltr' id='par_1_67' title="bbox 495 3791 2077 3864">
     <span class='ocr_line' id='line_1_67' title="bbox 495 3791 2077 3864; baseline 0.002 -19"><span class='ocrx_word' id='word_1_397' title='bbox 495 3791 872 3863; x_wconf 85' lang='lat' dir='ltr'><strong>plicationem,</strong></span> <span class='ocrx_word' id='word_1_398' title='bbox 925 3791 1167 3848; x_wconf 86' lang='lat' dir='ltr'><strong>divinam</strong></span> <span class='ocrx_word' id='word_1_399' title='bbox 1225 3793 1273 3848; x_wconf 91' lang='lat' dir='ltr'><strong>ei</strong></span> <span class='ocrx_word' id='word_1_400' title='bbox 1309 3793 1756 3864; x_wconf 83' lang='lat' dir='ltr'><strong>procurationem</strong></span> <span class='ocrx_word' id='word_1_401' title='bbox 1785 3794 2077 3864; x_wconf 86' lang='lat' dir='ltr'><strong>promitte-</strong></span> 
     </span>
    </p>
   </div>
   <div class='ocr_carea' id='block_1_68' title="bbox 493 3883 2074 3956">
    <p class='ocr_par' dir='ltr' id='par_1_68' title="bbox 493 3883 2074 3956">
     <span class='ocr_line' id='line_1_68' title="bbox 493 3883 2074 3956; baseline 0.001 -17"><span class='ocrx_word' id='word_1_402' title='bbox 493 3883 608 3940; x_wconf 85' lang='lat' dir='ltr'><strong>bat.</strong></span> <span class='ocrx_word' id='word_1_403' title='bbox 645 3884 782 3940; x_wconf 91' lang='lat' dir='ltr'><strong>Dum</strong></span> <span class='ocrx_word' id='word_1_404' title='bbox 845 3885 991 3940; x_wconf 89' lang='lat' dir='ltr'><strong>enim</strong></span> <span class='ocrx_word' id='word_1_405' title='bbox 1054 3885 1312 3949; x_wconf 73' lang='lat' dir='ltr'><strong>aedificat,</strong></span> <span class='ocrx_word' id='word_1_406' title='bbox 1341 3885 1467 3956; x_wconf 89' lang='lat' dir='ltr'><strong>pius</strong></span> <span class='ocrx_word' id='word_1_407' title='bbox 1521 3894 1606 3940; x_wconf 90' lang='lat' dir='ltr'><strong>est</strong></span> <span class='ocrx_word' id='word_1_408' title='bbox 1657 3891 1712 3939; x_wconf 88' lang='lat' dir='ltr'><strong>et</strong></span> <span class='ocrx_word' id='word_1_409' title='bbox 1747 3885 2074 3956; x_wconf 79' lang='lat' dir='ltr'><strong>religiosus;</strong></span> 
     </span>
    </p>
   </div>
   <div class='ocr_carea' id='block_1_69' title="bbox 492 3978 2076 4051">
    <p class='ocr_par' dir='ltr' id='par_1_69' title="bbox 492 3978 2076 4051">
     <span class='ocr_line' id='line_1_69' title="bbox 492 3978 2076 4051; baseline -0.001 -17"><span class='ocrx_word' id='word_1_410' title='bbox 492 3987 777 4040; x_wconf 66' lang='lat' dir='ltr'><strong>exstructo</strong></span> <span class='ocrx_word' id='word_1_411' title='bbox 799 3989 980 4034; x_wconf 86' lang='lat' dir='ltr'><strong>autem</strong></span> <span class='ocrx_word' id='word_1_412' title='bbox 1011 3978 1264 4043; x_wconf 81' lang='lat' dir='ltr'><strong>aedilicio,</strong></span> <span class='ocrx_word' id='word_1_413' title='bbox 1285 3979 1351 4034; x_wconf 90' lang='lat' dir='ltr'><strong>ad</strong></span> <span class='ocrx_word' id='word_1_414' title='bbox 1380 3979 1720 4051; x_wconf 86' lang='lat' dir='ltr'><strong>impietatem</strong></span> <span class='ocrx_word' id='word_1_415' title='bbox 1751 3978 2076 4036; x_wconf 84' lang='lat' dir='ltr'><strong>declinavit.</strong></span> 
     </span>
    </p>
   </div>
   <div class='ocr_carea' id='block_1_70' title="bbox 1081 4067 1916 4144">
    <p class='ocr_par' dir='ltr' id='par_1_70' title="bbox 1081 4067 1916 4144">
     <span class='ocr_line' id='line_1_70' title="bbox 1081 4067 1916 4144; baseline 0.005 -19"><span class='ocrx_word' id='word_1_416' title='bbox 1081 4069 1236 4126; x_wconf 82' lang='lat' dir='ltr'><strong>CAP.</strong></span> <span class='ocrx_word' id='word_1_417' title='bbox 1270 4067 1466 4126; x_wconf 78' lang='lat' dir='ltr'><strong>XXIX.</strong></span> <span class='ocrx_word' id='word_1_418' title='bbox 1911 4140 1916 4144; x_wconf 24' lang='grc' dir='ltr'>δ</span> 
     </span>
    </p>
   </div>
   <div class='ocr_carea' id='block_1_71' title="bbox 564 4159 2074 4236">
    <p class='ocr_par' dir='ltr' id='par_1_71' title="bbox 564 4159 2074 4236">
     <span class='ocr_line' id='line_1_71' title="bbox 564 4159 2074 4236; baseline 0.003 -20"><span class='ocrx_word' id='word_1_419' title='bbox 564 4159 737 4228; x_wconf 69' lang='lat' dir='ltr'><strong>Vens,</strong></span> <span class='ocrx_word' id='word_1_420' title='bbox 759 4163 814 4228; x_wconf 83' lang='lat'><strong>5_</strong></span> <span class='ocrx_word' id='word_1_421' title='bbox 842 4160 973 4227; x_wconf 79' lang='lat' dir='ltr'><strong>Quis</strong></span> <span class='ocrx_word' id='word_1_422' title='bbox 1005 4171 1187 4230; x_wconf 76' lang='lat' dir='ltr'><strong>sponte</strong></span> <span class='ocrx_word' id='word_1_423' title='bbox 1207 4161 1368 4217; x_wconf 83' lang='lat' dir='ltr'><strong>hodie</strong></span> <span class='ocrx_word' id='word_1_424' title='bbox 1408 4179 1538 4218; x_wconf 74' lang='lat' dir='ltr'><strong>suae</strong></span> <span class='ocrx_word' id='word_1_425' title='bbox 1571 4181 1761 4220; x_wconf 84' lang='lat' dir='ltr'><strong>manus</strong></span> <span class='ocrx_word' id='word_1_426' title='bbox 1794 4165 2074 4236; x_wconf 78' lang='lat' dir='ltr'><strong>implebit?</strong></span> 
     </span>
    </p>
   </div>
   <div class='ocr_carea' id='block_1_72' title="bbox 494 4251 2067 4328">
    <p class='ocr_par' dir='ltr' id='par_1_72' title="bbox 494 4251 2067 4328">
     <span class='ocr_line' id='line_1_72' title="bbox 494 4251 2067 4328; baseline 0.002 -23"><span class='ocrx_word' id='word_1_427' title='bbox 494 4251 626 4308; x_wconf 83' lang='lat' dir='ltr'><strong>Post</strong></span> <span class='ocrx_word' id='word_1_428' title='bbox 645 4253 918 4322; x_wconf 82' lang='lat' dir='ltr'><strong>ingentem</strong></span> <span class='ocrx_word' id='word_1_429' title='bbox 954 4251 1311 4324; x_wconf 89' lang='lat' dir='ltr'><strong>pecuniarum</strong></span> <span class='ocrx_word' id='word_1_430' title='bbox 1343 4253 2067 4328; x_wconf 64' lang='lat' dir='ltr'><strong>multitudinemtadhorta-</strong></span> 
     </span>
    </p>
   </div>
   <div class='ocr_carea' id='block_1_73' title="bbox 493 4345 2072 4415">
    <p class='ocr_par' dir='ltr' id='par_1_73' title="bbox 493 4345 2072 4415">
     <span class='ocr_line' id='line_1_73' title="bbox 493 4345 2072 4415; baseline -0.001 -13"><span class='ocrx_word' id='word_1_431' title='bbox 493 4353 587 4402; x_wconf 86' lang='lat' dir='ltr'><strong>tur</strong></span> <span class='ocrx_word' id='word_1_432' title='bbox 614 4345 914 4414; x_wconf 83' lang='lat' dir='ltr'><strong>principes,</strong></span> <span class='ocrx_word' id='word_1_433' title='bbox 952 4351 1012 4400; x_wconf 92' lang='lat' dir='ltr'><strong>ut</strong></span> <span class='ocrx_word' id='word_1_434' title='bbox 1042 4358 1142 4400; x_wconf 88' lang='lat' dir='ltr'><strong>sua</strong></span> <span class='ocrx_word' id='word_1_435' title='bbox 1174 4351 1378 4415; x_wconf 89' lang='lat' dir='ltr'><strong>sponte</strong></span> <span class='ocrx_word' id='word_1_436' title='bbox 1410 4359 1636 4402; x_wconf 81' lang='lat' dir='ltr'><strong>munera</strong></span> <span class='ocrx_word' id='word_1_437' title='bbox 1655 4345 1766 4402; x_wconf 88' lang='lat' dir='ltr'><strong>Deo</strong></span> <span class='ocrx_word' id='word_1_438' title='bbox 1797 4345 2072 4413; x_wconf 68' lang='lat' dir='ltr'><strong>aderant;</strong></span> 
     </span>
    </p>
   </div>
   <div class='ocr_carea' id='block_1_74' title="bbox 493 4437 2072 4510">
    <p class='ocr_par' dir='ltr' id='par_1_74' title="bbox 493 4437 2072 4510">
     <span class='ocr_line' id='line_1_74' title="bbox 493 4437 2072 4510; baseline 0.001 -19"><span class='ocrx_word' id='word_1_439' title='bbox 493 4444 549 4491; x_wconf 90' lang='lat' dir='ltr'><strong>et</strong></span> <span class='ocrx_word' id='word_1_440' title='bbox 580 4452 705 4491; x_wconf 92' lang='lat' dir='ltr'><strong>cum</strong></span> <span class='ocrx_word' id='word_1_441' title='bbox 739 4437 924 4507; x_wconf 91' lang='lat' dir='ltr'><strong>populi</strong></span> <span class='ocrx_word' id='word_1_442' title='bbox 953 4437 1440 4506; x_wconf 87' lang='lat' dir='ltr'><strong>promptitudinem</strong></span> <span class='ocrx_word' id='word_1_443' title='bbox 1494 4437 1744 4504; x_wconf 88' lang='lat' dir='ltr'><strong>vidisset,</strong></span> <span class='ocrx_word' id='word_1_444' title='bbox 1776 4453 1875 4507; x_wconf 88' lang='lat' dir='ltr'><strong>per</strong></span> <span class='ocrx_word' id='word_1_445' title='bbox 1911 4439 2072 4510; x_wconf 76' lang='lat' dir='ltr'><strong>hym-</strong></span> 
     </span>
    </p>
   </div>
   <div class='ocr_carea' id='block_1_75' title="bbox 494 4527 1226 4598">
    <p class='ocr_par' dir='ltr' id='par_1_75' title="bbox 494 4527 1226 4598">
     <span class='ocr_line' id='line_1_75' title="bbox 494 4527 1226 4598; baseline -0.001 -14"><span class='ocrx_word' id='word_1_446' title='bbox 494 4543 626 4584; x_wconf 88' lang='lat' dir='ltr'><strong>num</strong></span> <span class='ocrx_word' id='word_1_447' title='bbox 661 4527 770 4583; x_wconf 82' lang='lat' dir='ltr'><strong>Deo</strong></span> <span class='ocrx_word' id='word_1_448' title='bbox 804 4528 1012 4597; x_wconf 75' lang='lat' dir='ltr'><strong>gratias</strong></span> <span class='ocrx_word' id='word_1_449' title='bbox 1031 4528 1166 4598; x_wconf 75' lang='lat' dir='ltr'><strong>agit.</strong></span> <span class='ocrx_word' id='word_1_450' title='bbox 1223 4535 1226 4538; x_wconf 80' lang='grc'><strong>’</strong></span> 
     </span>
    </p>
   </div>
   <div class='ocr_carea' id='block_1_76' title="bbox 571 4617 2077 4694">
    <p class='ocr_par' dir='ltr' id='par_1_76' title="bbox 571 4617 2077 4694">
     <span class='ocr_line' id='line_1_76' title="bbox 571 4617 2077 4694; baseline 0.002 -21"><span class='ocrx_word' id='word_1_451' title='bbox 571 4617 700 4674; x_wconf 83' lang='lat' dir='ltr'><strong>Vns.</strong></span> <span class='ocrx_word' id='word_1_452' title='bbox 746 4618 834 4673; x_wconf 80' lang='grc'><strong>10.</strong></span> <span class='ocrx_word' id='word_1_453' title='bbox 877 4618 944 4674; x_wconf 80' lang='lat' dir='ltr'><strong>In</strong></span> <span class='ocrx_word' id='word_1_454' title='bbox 972 4620 1159 4676; x_wconf 83' lang='lat' dir='ltr'><strong>throno</strong></span> <span class='ocrx_word' id='word_1_455' title='bbox 1203 4620 1438 4686; x_wconf 88' lang='lat' dir='ltr'><strong>Domini,</strong></span> <span class='ocrx_word' id='word_1_456' title='bbox 1475 4631 1533 4676; x_wconf 86' lang='lat' dir='ltr'><strong>ut</strong></span> <span class='ocrx_word' id='word_1_457' title='bbox 1570 4633 1811 4694; x_wconf 85' lang='lat' dir='ltr'><strong>regnaret</strong></span> <span class='ocrx_word' id='word_1_458' title='bbox 1841 4639 1936 4694; x_wconf 88' lang='lat' dir='ltr'><strong>pro</strong></span> <span class='ocrx_word' id='word_1_459' title='bbox 1967 4621 2077 4676; x_wconf 83' lang='lat' dir='ltr'><strong>Da-</strong></span> 
     </span>
    </p>
   </div>
   <div class='ocr_carea' id='block_1_77' title="bbox 493 4707 2074 4782">
    <p class='ocr_par' dir='ltr' id='par_1_77' title="bbox 493 4707 2074 4782">
     <span class='ocr_line' id='line_1_77' title="bbox 493 4707 2074 4782; baseline 0.005 -20"><span class='ocrx_word' id='word_1_460' title='bbox 493 4707 610 4774; x_wconf 72' lang='lat' dir='ltr'><strong>uide</strong></span> <span class='ocrx_word' id='word_1_461' title='bbox 627 4718 781 4778; x_wconf 86' lang='lat' dir='ltr'><strong>patre</strong></span> <span class='ocrx_word' id='word_1_462' title='bbox 811 4725 926 4775; x_wconf 75' lang='lat' dir='ltr'><strong>suo.</strong></span> <span class='ocrx_word' id='word_1_463' title='bbox 961 4710 1064 4766; x_wconf 85' lang='lat' dir='ltr'><strong>Pro</strong></span> <span class='ocrx_word' id='word_1_464' title='bbox 1103 4726 1172 4767; x_wconf 90' lang='lat' dir='ltr'><strong>eo</strong></span> <span class='ocrx_word' id='word_1_465' title='bbox 1202 4713 1351 4782; x_wconf 85' lang='lat' dir='ltr'><strong>quod</strong></span> <span class='ocrx_word' id='word_1_466' title='bbox 1378 4719 1484 4778; x_wconf 87' lang='lat' dir='ltr'><strong>est,</strong></span> <span class='ocrx_word' id='word_1_467' title='bbox 1510 4713 1563 4768; x_wconf 93' lang='lat' dir='ltr'><strong>in</strong></span> <span class='ocrx_word' id='word_1_468' title='bbox 1599 4714 1857 4769; x_wconf 90' lang='lat' dir='ltr'><strong>thronum</strong></span> <span class='ocrx_word' id='word_1_469' title='bbox 1887 4715 2074 4770; x_wconf 88' lang='lat' dir='ltr'><strong>datum</strong></span> 
     </span>
    </p>
   </div>
   <div class='ocr_carea' id='block_1_78' title="bbox 494 4799 2107 4872">
    <p class='ocr_par' dir='ltr' id='par_1_78' title="bbox 494 4799 2107 4872">
     <span class='ocr_line' id='line_1_78' title="bbox 494 4799 2107 4872; baseline 0.004 -18"><span class='ocrx_word' id='word_1_470' title='bbox 494 4816 523 4854; x_wconf 87' lang='lat' dir='ltr'><strong>a</strong></span> <span class='ocrx_word' id='word_1_471' title='bbox 546 4801 662 4856; x_wconf 91' lang='lat' dir='ltr'><strong>Deo</strong></span> <span class='ocrx_word' id='word_1_472' title='bbox 685 4799 961 4865; x_wconf 87' lang='lat' dir='ltr'><strong>consedit.</strong></span> <span class='ocrx_word' id='word_1_473' title='bbox 995 4799 1150 4858; x_wconf 85' lang='lat' dir='ltr'><strong>Finis</strong></span> <span class='ocrx_word' id='word_1_474' title='bbox 1173 4811 1355 4858; x_wconf 87' lang='lat' dir='ltr'><strong>autem</strong></span> <span class='ocrx_word' id='word_1_475' title='bbox 1411 4803 1780 4872; x_wconf 64' lang='lat' dir='ltr'><strong>praecedentis</strong></span> <span class='ocrx_word' id='word_1_476' title='bbox 1828 4805 2107 4860; x_wconf 73' lang='lat' dir='ltr'><strong>historiae</strong></span> 
     </span>
    </p>
   </div>
   <div class='ocr_carea' id='block_1_79' title="bbox 493 4893 2079 4974">
    <p class='ocr_par' dir='ltr' id='par_1_79' title="bbox 493 4893 2079 4974">
     <span class='ocr_line' id='line_1_79' title="bbox 493 4893 2079 4974; baseline 0.003 -23"><span class='ocrx_word' id='word_1_477' title='bbox 493 4893 762 4960; x_wconf 84' lang='lat' dir='ltr'><strong>ostendit,</strong></span> <span class='ocrx_word' id='word_1_478' title='bbox 793 4893 1072 4966; x_wconf 90' lang='lat' dir='ltr'><strong>quomodo</strong></span> <span class='ocrx_word' id='word_1_479' title='bbox 1121 4894 1368 4962; x_wconf 87' lang='lat' dir='ltr'><strong>Samuel,</strong></span> <span class='ocrx_word' id='word_1_480' title='bbox 1399 4895 1637 4962; x_wconf 85' lang='lat' dir='ltr'><strong>Natban,</strong></span> <span class='ocrx_word' id='word_1_481' title='bbox 1691 4909 1746 4954; x_wconf 85' lang='lat' dir='ltr'><strong>et</strong></span> <span class='ocrx_word' id='word_1_482' title='bbox 1781 4896 1922 4954; x_wconf 82' lang='lat' dir='ltr'><strong>Gatb</strong></span> <span class='ocrx_word' id='word_1_483' title='bbox 1949 4913 2079 4974; x_wconf 86' lang='lat' dir='ltr'><strong>pro-</strong></span> 
     </span>
    </p>
   </div>
   <div class='ocr_carea' id='block_1_80' title="bbox 495 4986 1654 5064">
    <p class='ocr_par' dir='ltr' id='par_1_80' title="bbox 495 4986 1654 5064">
     <span class='ocr_line' id='line_1_80' title="bbox 495 4986 1654 5064; baseline 0.003 -24"><span class='ocrx_word' id='word_1_484' title='bbox 495 4987 674 5058; x_wconf 67' lang='lat' dir='ltr'><strong>phetae</strong></span> <span class='ocrx_word' id='word_1_485' title='bbox 711 4987 884 5042; x_wconf 88' lang='lat' dir='ltr'><strong>libros</strong></span> <span class='ocrx_word' id='word_1_486' title='bbox 941 4986 1294 5064; x_wconf 83' lang='lat' dir='ltr'><strong>conscriptos</strong></span> <span class='ocrx_word' id='word_1_487' title='bbox 1333 4988 1654 5046; x_wconf 84' lang='lat' dir='ltr'><strong>habuerint.</strong></span> 
     </span>
    </p>
   </div>
   <div class='ocr_carea' id='block_1_81' title="bbox 570 5149 1066 5239">
    <p class='ocr_par' dir='ltr' id='par_1_81' title="bbox 570 5149 1066 5239">
     <span class='ocr_line' id='line_1_81' title="bbox 570 5149 1066 5239; baseline 0.002 -14"><span class='ocrx_word' id='word_1_488' title='bbox 570 5170 619 5205; x_wconf 81' lang='lat'><strong>&quot;</strong></span> <span class='ocrx_word' id='word_1_489' title='bbox 649 5169 838 5234; x_wconf 79' lang='lat' dir='ltr'><strong>Matth.</strong></span> <span class='ocrx_word' id='word_1_490' title='bbox 883 5149 980 5239; x_wconf 74' lang='grc' dir='ltr'>νιί,</span> <span class='ocrx_word' id='word_1_491' title='bbox 1012 5171 1066 5230; x_wconf 81' lang='lat'><strong>7.</strong></span> 
     </span>
    </p>
   </div>
   <div class='ocr_carea' id='block_1_82' title="bbox 2181 3055 3647 3130">
    <p class='ocr_par' dir='ltr' id='par_1_82' title="bbox 2181 3055 3647 3130">
     <span class='ocr_line' id='line_1_82' title="bbox 2181 3055 3647 3130; baseline 0 -20"><span class='ocrx_word' id='word_1_492' title='bbox 2181 3055 2363 3110; x_wconf 82' lang='grc' dir='ltr'>ταῦτα</span> <span class='ocrx_word' id='word_1_493' title='bbox 2399 3055 2722 3128; x_wconf 80' lang='grc' dir='ltr'>διέγραψεν,</span> <span class='ocrx_word' id='word_1_494' title='bbox 2755 3055 2873 3110; x_wconf 83' lang='grc' dir='ltr'>ἀλλ’</span> <span class='ocrx_word' id='word_1_495' title='bbox 2901 3059 2934 3126; x_wconf 83' lang='grc' dir='ltr'>ἠ</span> <span class='ocrx_word' id='word_1_496' title='bbox 2962 3058 3126 3128; x_wconf 86' lang='grc' dir='ltr'>χάρις</span> <span class='ocrx_word' id='word_1_497' title='bbox 3159 3058 3255 3112; x_wconf 89' lang='grc' dir='ltr'><strong>τοῦ</strong></span> <span class='ocrx_word' id='word_1_498' title='bbox 3302 3057 3647 3130; x_wconf 83' lang='grc' dir='ltr'>Πνεύματος.</span> 
     </span>
    </p>
   </div>
   <div class='ocr_carea' id='block_1_83' title="bbox 2253 3141 3740 3222">
    <p class='ocr_par' dir='ltr' id='par_1_83' title="bbox 2253 3141 3740 3222">
     <span class='ocr_line' id='line_1_83' title="bbox 2253 3141 3740 3222; baseline -0.002 -20"><span class='ocrx_word' id='word_1_499' title='bbox 2253 3145 2570 3217; x_wconf 80' lang='grc' dir='ltr'>Κάππωρε.</span> <span class='ocrx_word' id='word_1_500' title='bbox 2605 3149 2786 3220; x_wconf 83' lang='grc' dir='ltr'><strong>Σκεύη</strong></span> <span class='ocrx_word' id='word_1_501' title='bbox 2821 3148 2947 3203; x_wconf 83' lang='grc' dir='ltr'>τινὰ</span> <span class='ocrx_word' id='word_1_502' title='bbox 2972 3151 3170 3222; x_wconf 78' lang='grc' dir='ltr'>χρυσᾶ,</span> <span class='ocrx_word' id='word_1_503' title='bbox 3197 3151 3292 3205; x_wconf 75' lang='grc' dir='ltr'><strong>καὶ</strong></span> <span class='ocrx_word' id='word_1_504' title='bbox 3320 3151 3565 3222; x_wconf 72' lang='grc' dir='ltr'>ἀργυρᾶ,</span> <span class='ocrx_word' id='word_1_505' title='bbox 3596 3149 3646 3202; x_wconf 82' lang='grc' dir='ltr'>ὲν</span> <span class='ocrx_word' id='word_1_506' title='bbox 3676 3141 3740 3209; x_wconf 72' lang='grc' dir='ltr'>οἷς</span> 
     </span>
    </p>
   </div>
   <div class='ocr_carea' id='block_1_84' title="bbox 2185 3237 3050 3313">
    <p class='ocr_par' dir='ltr' id='par_1_84' title="bbox 2185 3237 3050 3313">
     <span class='ocr_line' id='line_1_84' title="bbox 2185 3237 3050 3313; baseline 0.005 -21"><span class='ocrx_word' id='word_1_507' title='bbox 2185 3237 2388 3310; x_wconf 67' lang='grc' dir='ltr'>ἔφυρον</span> <span class='ocrx_word' id='word_1_508' title='bbox 2422 3240 2524 3312; x_wconf 74' lang='grc' dir='ltr'>τὴν</span> <span class='ocrx_word' id='word_1_509' title='bbox 2555 3241 2838 3312; x_wconf 81' lang='grc' dir='ltr'>σεμίδαλιν</span> <span class='ocrx_word' id='word_1_510' title='bbox 2861 3241 3050 3313; x_wconf 78' lang='grc' dir='ltr'>ἐλαίῳ.</span> 
     </span>
    </p>
   </div>
   <div class='ocr_carea' id='block_1_85' title="bbox 2251 3331 3738 3406">
    <p class='ocr_par' dir='ltr' id='par_1_85' title="bbox 2251 3331 3738 3406">
     <span class='ocr_line' id='line_1_85' title="bbox 2251 3331 3738 3406; baseline 0 -22"><span class='ocrx_word' id='word_1_511' title='bbox 2251 3331 2454 3385; x_wconf 84' lang='grc' dir='ltr'>Πάντα</span> <span class='ocrx_word' id='word_1_512' title='bbox 2491 3331 2562 3386; x_wconf 81' lang='grc' dir='ltr'>ἐν</span> <span class='ocrx_word' id='word_1_513' title='bbox 2593 3331 2811 3402; x_wconf 73' lang='grc' dir='ltr'>Γραφῇ</span> <span class='ocrx_word' id='word_1_514' title='bbox 2844 3331 2915 3386; x_wconf 80' lang='grc' dir='ltr'>ἐκ</span> <span class='ocrx_word' id='word_1_515' title='bbox 2947 3333 3148 3401; x_wconf 83' lang='grc' dir='ltr'>χειρὸς</span> <span class='ocrx_word' id='word_1_516' title='bbox 3173 3333 3419 3400; x_wconf 80' lang='grc' dir='ltr'>Κυρίου.</span> <span class='ocrx_word' id='word_1_517' title='bbox 3452 3334 3624 3406; x_wconf 86' lang='grc' dir='ltr'>Ὅπερ</span> <span class='ocrx_word' id='word_1_518' title='bbox 3651 3332 3738 3386; x_wconf 76' lang='grc' dir='ltr'><strong>ἄνω</strong></span> 
     </span>
    </p>
   </div>
   <div class='ocr_carea' id='block_1_86' title="bbox 2181 3415 3734 3494">
    <p class='ocr_par' dir='ltr' id='par_1_86' title="bbox 2181 3415 3734 3494">
     <span class='ocr_line' id='line_1_86' title="bbox 2181 3415 3734 3494; baseline 0.001 -22"><span class='ocrx_word' id='word_1_519' title='bbox 2181 3415 2357 3487; x_wconf 72' lang='grc' dir='ltr'>εἷπεν,</span> <span class='ocrx_word' id='word_1_520' title='bbox 2389 3423 2448 3472; x_wconf 72' lang='grc' dir='ltr'>ἐν</span> <span class='ocrx_word' id='word_1_521' title='bbox 2487 3419 2908 3494; x_wconf 80' lang='grc' dir='ltr'>πνεύματι,νῦν</span> <span class='ocrx_word' id='word_1_522' title='bbox 2967 3422 3033 3475; x_wconf 80' lang='grc' dir='ltr'>ὲκ</span> <span class='ocrx_word' id='word_1_523' title='bbox 3093 3421 3281 3494; x_wconf 77' lang='grc' dir='ltr'>χειρὸς</span> <span class='ocrx_word' id='word_1_524' title='bbox 3309 3423 3546 3494; x_wconf 82' lang='grc' dir='ltr'>Κυρίου,</span> <span class='ocrx_word' id='word_1_525' title='bbox 3593 3419 3734 3493; x_wconf 77' lang='grc' dir='ltr'>φησί·</span> 
     </span>
    </p>
   </div>
   <div class='ocr_carea' id='block_1_87' title="bbox 2179 3512 3233 3586">
    <p class='ocr_par' dir='ltr' id='par_1_87' title="bbox 2179 3512 3233 3586">
     <span class='ocr_line' id='line_1_87' title="bbox 2179 3512 3233 3586; baseline -0.003 -17"><span class='ocrx_word' id='word_1_526' title='bbox 2179 3515 2389 3586; x_wconf 81' lang='grc' dir='ltr'>Κύριος</span> <span class='ocrx_word' id='word_1_527' title='bbox 2419 3513 2552 3586; x_wconf 78' lang='grc' dir='ltr'>ἄρα,</span> <span class='ocrx_word' id='word_1_528' title='bbox 2592 3513 2654 3568; x_wconf 70' lang='grc' dir='ltr'><strong>τὸ</strong></span> <span class='ocrx_word' id='word_1_529' title='bbox 2687 3514 2954 3582; x_wconf 85' lang='grc' dir='ltr'>πανάγιον</span> <span class='ocrx_word' id='word_1_530' title='bbox 2983 3512 3233 3583; x_wconf 82' lang='grc' dir='ltr'>Πνεῦμα.</span> 
     </span>
    </p>
   </div>
   <div class='ocr_carea' id='block_1_88' title="bbox 2255 3603 3736 3676">
    <p class='ocr_par' dir='ltr' id='par_1_88' title="bbox 2255 3603 3736 3676">
     <span class='ocr_line' id='line_1_88' title="bbox 2255 3603 3736 3676; baseline -0.001 -16"><span class='ocrx_word' id='word_1_531' title='bbox 2255 3607 2412 3674; x_wconf 84' lang='grc' dir='ltr'><strong>Ἕως</strong></span> <span class='ocrx_word' id='word_1_532' title='bbox 2439 3605 2547 3660; x_wconf 80' lang='grc' dir='ltr'><strong>τοῦ</strong></span> <span class='ocrx_word' id='word_1_533' title='bbox 2593 3606 2962 3661; x_wconf 78' lang='grc' dir='ltr'>συντελέσαι</span> <span class='ocrx_word' id='word_1_534' title='bbox 3003 3603 3213 3660; x_wconf 82' lang='grc' dir='ltr'>πᾶσαν</span> <span class='ocrx_word' id='word_1_535' title='bbox 3236 3604 3354 3674; x_wconf 78' lang='grc' dir='ltr'><strong>τὴν</strong></span> <span class='ocrx_word' id='word_1_536' title='bbox 3387 3604 3736 3676; x_wconf 70' lang='grc' dir='ltr'>λειτουργίαν</span> 
     </span>
    </p>
   </div>
   <div class='ocr_carea' id='block_1_89' title="bbox 2178 3693 3737 3782">
    <p class='ocr_par' dir='ltr' id='par_1_89' title="bbox 2178 3693 3737 3782">
     <span class='ocr_line' id='line_1_89' title="bbox 2178 3693 3737 3782; baseline -0.003 -29"><span class='ocrx_word' id='word_1_537' title='bbox 2178 3700 2466 3777; x_wconf 78' lang='grc' dir='ltr'>ἐργασίας</span> <span class='ocrx_word' id='word_1_538' title='bbox 2487 3699 2730 3768; x_wconf 82' lang='grc' dir='ltr'>Κυρίου.</span> <span class='ocrx_word' id='word_1_539' title='bbox 2765 3697 2921 3752; x_wconf 80' lang='grc' dir='ltr'>Μετὰ</span> <span class='ocrx_word' id='word_1_540' title='bbox 2962 3697 3246 3782; x_wconf 79' lang='grc' dir='ltr'>διορισμοῦ</span> <span class='ocrx_word' id='word_1_541' title='bbox 3282 3697 3382 3770; x_wconf 77' lang='grc' dir='ltr'><strong>τὴν</strong></span> <span class='ocrx_word' id='word_1_542' title='bbox 3427 3699 3578 3753; x_wconf 82' lang='grc' dir='ltr'>θείαν</span> <span class='ocrx_word' id='word_1_543' title='bbox 3612 3693 3737 3765; x_wconf 79' lang='grc' dir='ltr'>αὐτῷ</span> 
     </span>
    </p>
   </div>
   <div class='ocr_carea' id='block_1_90' title="bbox 2179 3786 3734 3864">
    <p class='ocr_par' dir='ltr' id='par_1_90' title="bbox 2179 3786 3734 3864">
     <span class='ocr_line' id='line_1_90' title="bbox 2179 3786 3734 3864; baseline -0.001 -20"><span class='ocrx_word' id='word_1_544' title='bbox 2179 3791 2513 3864; x_wconf 83' lang='grc' dir='ltr'>κηδεμονίαν</span> <span class='ocrx_word' id='word_1_545' title='bbox 2541 3791 2828 3860; x_wconf 80' lang='grc' dir='ltr'>ὑπέσχετο.</span> <span class='ocrx_word' id='word_1_546' title='bbox 2855 3788 3170 3858; x_wconf 75' lang='grc' dir='ltr'>Οἰκοδομῶν</span> <span class='ocrx_word' id='word_1_547' title='bbox 3193 3790 3327 3862; x_wconf 84' lang='grc' dir='ltr'>γὰρ,</span> <span class='ocrx_word' id='word_1_548' title='bbox 3351 3791 3599 3845; x_wconf 75' lang='grc' dir='ltr'>εὐσεϐεῖ·</span> <span class='ocrx_word' id='word_1_549' title='bbox 3624 3786 3734 3857; x_wconf 77' lang='grc' dir='ltr'>πληο</span> 
     </span>
    </p>
   </div>
   <div class='ocr_carea' id='block_1_91' title="bbox 2183 3881 3198 3958">
    <p class='ocr_par' dir='ltr' id='par_1_91' title="bbox 2183 3881 3198 3958">
     <span class='ocr_line' id='line_1_91' title="bbox 2183 3881 3198 3958; baseline -0.001 -19"><span class='ocrx_word' id='word_1_550' title='bbox 2183 3885 2366 3958; x_wconf 83' lang='grc' dir='ltr'>ρὼσας</span> <span class='ocrx_word' id='word_1_551' title='bbox 2397 3883 2477 3950; x_wconf 79' lang='grc' dir='ltr'>δὲ,</span> <span class='ocrx_word' id='word_1_552' title='bbox 2511 3883 2650 3957; x_wconf 83' lang='grc' dir='ltr'>πρὸς</span> <span class='ocrx_word' id='word_1_553' title='bbox 2678 3881 2936 3938; x_wconf 77' lang='grc' dir='ltr'>ἀσέϐειαν</span> <span class='ocrx_word' id='word_1_554' title='bbox 2965 3881 3198 3938; x_wconf 70' lang='grc' dir='ltr'>ἔκλινεν.</span> 
     </span>
    </p>
   </div>
   <div class='ocr_carea' id='block_1_92' title="bbox 2751 4063 3192 4120">
    <p class='ocr_par' dir='ltr' id='par_1_92' title="bbox 2751 4063 3192 4120">
     <span class='ocr_line' id='line_1_92' title="bbox 2751 4063 3192 4120; baseline -0.002 -2"><span class='ocrx_word' id='word_1_555' title='bbox 2751 4064 3008 4120; x_wconf 79' lang='grc' dir='ltr'><strong>ΚΕΦΑΛ.</strong></span> <span class='ocrx_word' id='word_1_556' title='bbox 3062 4063 3192 4118; x_wconf 84' lang='grc' dir='ltr'>ΚΘ’.</span> 
     </span>
    </p>
   </div>
   <div class='ocr_carea' id='block_1_93' title="bbox 2249 4152 3730 4226">
    <p class='ocr_par' dir='ltr' id='par_1_93' title="bbox 2249 4152 3730 4226">
     <span class='ocr_line' id='line_1_93' title="bbox 2249 4152 3730 4226; baseline 0.003 -12"><span class='ocrx_word' id='word_1_557' title='bbox 2249 4157 2361 4214; x_wconf 79' lang='grc' dir='ltr'><strong>Καὶ</strong></span> <span class='ocrx_word' id='word_1_558' title='bbox 2417 4158 2507 4224; x_wconf 83' lang='grc' dir='ltr'>τίς</span> <span class='ocrx_word' id='word_1_559' title='bbox 2554 4157 2978 4212; x_wconf 81' lang='grc' dir='ltr'>ἐκουσιὰσεται</span> <span class='ocrx_word' id='word_1_560' title='bbox 3039 4154 3360 4225; x_wconf 81' lang='grc' dir='ltr'>πληρῶσαι</span> <span class='ocrx_word' id='word_1_561' title='bbox 3410 4157 3516 4224; x_wconf 81' lang='grc' dir='ltr'>τὰς</span> <span class='ocrx_word' id='word_1_562' title='bbox 3559 4152 3730 4226; x_wconf 64' lang='grc' dir='ltr'><strong>χεᾶὶα(</strong></span> 
     </span>
    </p>
   </div>
   <div class='ocr_carea' id='block_1_94' title="bbox 2177 4248 3732 4322">
    <p class='ocr_par' dir='ltr' id='par_1_94' title="bbox 2177 4248 3732 4322">
     <span class='ocr_line' id='line_1_94' title="bbox 2177 4248 3732 4322; baseline -0.008 -14"><span class='ocrx_word' id='word_1_563' title='bbox 2177 4251 2364 4308; x_wconf 82' lang='grc' dir='ltr'>αὑτοῦ</span> <span class='ocrx_word' id='word_1_564' title='bbox 2389 4250 2702 4322; x_wconf 80' lang='grc' dir='ltr'>σήμερον;</span> <span class='ocrx_word' id='word_1_565' title='bbox 2729 4249 2888 4305; x_wconf 88' lang='grc' dir='ltr'><strong>Μετά</strong></span> <span class='ocrx_word' id='word_1_566' title='bbox 2931 4249 3139 4320; x_wconf 83' lang='grc' dir='ltr'>πλῆθος</span> <span class='ocrx_word' id='word_1_567' title='bbox 3165 4249 3396 4322; x_wconf 78' lang='grc' dir='ltr'>ἄπειρον</span> <span class='ocrx_word' id='word_1_568' title='bbox 3439 4248 3732 4322; x_wconf 83' lang='grc' dir='ltr'>χρημάτων,</span> 
     </span>
    </p>
   </div>
   <div class='ocr_carea' id='block_1_95' title="bbox 2177 4335 3731 4415">
    <p class='ocr_par' dir='ltr' id='par_1_95' title="bbox 2177 4335 3731 4415">
     <span class='ocr_line' id='line_1_95' title="bbox 2177 4335 3731 4415; baseline -0.005 -18"><span class='ocrx_word' id='word_1_569' title='bbox 2177 4342 2480 4415; x_wconf 80' lang='grc' dir='ltr'>προτρέπει</span> <span class='ocrx_word' id='word_1_570' title='bbox 2512 4343 2640 4406; x_wconf 78' lang='grc' dir='ltr'>τοὺς</span> <span class='ocrx_word' id='word_1_571' title='bbox 2663 4342 2936 4414; x_wconf 79' lang='grc' dir='ltr'>ἄρχοντας</span> <span class='ocrx_word' id='word_1_572' title='bbox 2967 4341 3198 4405; x_wconf 81' lang='grc' dir='ltr'>ἑκόντας</span> <span class='ocrx_word' id='word_1_573' title='bbox 3222 4343 3588 4412; x_wconf 80' lang='grc' dir='ltr'>προσενέγκαι</span> <span class='ocrx_word' id='word_1_574' title='bbox 3609 4335 3731 4404; x_wconf 66' lang='grc' dir='ltr'>δῶρα</span> 
     </span>
    </p>
   </div>
   <div class='ocr_carea' id='block_1_96' title="bbox 2177 4425 3728 4506">
    <p class='ocr_par' dir='ltr' id='par_1_96' title="bbox 2177 4425 3728 4506">
     <span class='ocr_line' id='line_1_96' title="bbox 2177 4425 3728 4506; baseline -0.005 -17"><span class='ocrx_word' id='word_1_575' title='bbox 2177 4435 2316 4506; x_wconf 83' lang='grc' dir='ltr'>Θεῷ.</span> <span class='ocrx_word' id='word_1_576' title='bbox 2351 4434 2482 4500; x_wconf 74' lang='grc' dir='ltr'>Καὶ,</span> <span class='ocrx_word' id='word_1_577' title='bbox 2517 4435 2612 4488; x_wconf 86' lang='grc' dir='ltr'><strong>τοῦ</strong></span> <span class='ocrx_word' id='word_1_578' title='bbox 2647 4433 2782 4487; x_wconf 90' lang='grc' dir='ltr'>λαοῦ</span> <span class='ocrx_word' id='word_1_579' title='bbox 2831 4433 2933 4506; x_wconf 82' lang='grc' dir='ltr'><strong>τὴν</strong></span> <span class='ocrx_word' id='word_1_580' title='bbox 2977 4433 3291 4506; x_wconf 85' lang='grc' dir='ltr'>προθυμίαν</span> <span class='ocrx_word' id='word_1_581' title='bbox 3318 4433 3466 4499; x_wconf 77' lang='grc' dir='ltr'>ἰδὼν,</span> <span class='ocrx_word' id='word_1_582' title='bbox 3496 4425 3728 4505; x_wconf 65' lang='grc' dir='ltr'><strong>χωριστή⁴</strong></span> 
     </span>
    </p>
   </div>
   <div class='ocr_carea' id='block_1_97' title="bbox 2104 4525 2985 4609">
    <p class='ocr_par' dir='ltr' id='par_1_97' title="bbox 2104 4525 2985 4609">
     <span class='ocr_line' id='line_1_97' title="bbox 2104 4525 2985 4609; baseline 0.002 -28"><span class='ocrx_word' id='word_1_583' title='bbox 2104 4551 2150 4609; x_wconf 81' lang='lat' dir='ltr'>D</span> <span class='ocrx_word' id='word_1_584' title='bbox 2182 4547 2296 4601; x_wconf 88' lang='grc' dir='ltr'>ριον</span> <span class='ocrx_word' id='word_1_585' title='bbox 2328 4527 2498 4597; x_wconf 79' lang='grc' dir='ltr'>ὕμνον</span> <span class='ocrx_word' id='word_1_586' title='bbox 2526 4527 2804 4600; x_wconf 82' lang='grc' dir='ltr'>προσάγει</span> <span class='ocrx_word' id='word_1_587' title='bbox 2839 4525 2985 4598; x_wconf 84' lang='grc' dir='ltr'>Θεῷ.</span> 
     </span>
    </p>
   </div>
   <div class='ocr_carea' id='block_1_98' title="bbox 2171 4611 3727 4689">
    <p class='ocr_par' dir='ltr' id='par_1_98' title="bbox 2171 4611 3727 4689">
     <span class='ocr_line' id='line_1_98' title="bbox 2171 4611 3727 4689; baseline -0.006 -14"><span class='ocrx_word' id='word_1_588' title='bbox 2171 4659 2176 4665; x_wconf 61' lang='grc' dir='ltr'>ι</span> <span class='ocrx_word' id='word_1_589' title='bbox 2258 4617 2392 4674; x_wconf 76' lang='grc' dir='ltr'><strong>Ἐπὶ</strong></span> <span class='ocrx_word' id='word_1_590' title='bbox 2439 4619 2657 4689; x_wconf 72' lang='grc' dir='ltr'>θρόνου</span> <span class='ocrx_word' id='word_1_591' title='bbox 2689 4617 2914 4684; x_wconf 77' lang='lat' dir='ltr'><strong>Kvplov</strong></span> <span class='ocrx_word' id='word_1_592' title='bbox 2949 4619 3037 4684; x_wconf 80' lang='grc' dir='ltr'><strong>είς</strong></span> <span class='ocrx_word' id='word_1_593' title='bbox 3075 4617 3342 4682; x_wconf 61' lang='grc' dir='ltr'>βασιλέα</span> <span class='ocrx_word' id='word_1_594' title='bbox 3385 4617 3520 4673; x_wconf 73' lang='grc' dir='ltr'>ἀντὶ</span> <span class='ocrx_word' id='word_1_595' title='bbox 3557 4611 3727 4670; x_wconf 77' lang='grc' dir='ltr'>Δαϐἔδ.</span> 
     </span>
    </p>
   </div>
   <div class='ocr_carea' id='block_1_99' title="bbox 2187 4707 3724 4782">
    <p class='ocr_par' dir='ltr' id='par_1_99' title="bbox 2187 4707 3724 4782">
     <span class='ocr_line' id='line_1_99' title="bbox 2187 4707 3724 4782; baseline -0.007 -16"><span class='ocrx_word' id='word_1_596' title='bbox 2187 4712 2334 4766; x_wconf 75' lang='grc' dir='ltr'>Ἀντὶ</span> <span class='ocrx_word' id='word_1_597' title='bbox 2360 4711 2479 4778; x_wconf 81' lang='grc' dir='ltr'>τοῦ,</span> <span class='ocrx_word' id='word_1_598' title='bbox 2509 4711 2591 4774; x_wconf 82' lang='grc' dir='ltr'><strong>είς</strong></span> <span class='ocrx_word' id='word_1_599' title='bbox 2629 4711 2724 4765; x_wconf 82' lang='grc' dir='ltr'><strong>τὸν</strong></span> <span class='ocrx_word' id='word_1_600' title='bbox 2749 4710 2858 4764; x_wconf 82' lang='grc' dir='ltr'>ὑπὸ</span> <span class='ocrx_word' id='word_1_601' title='bbox 2883 4709 3022 4764; x_wconf 82' lang='grc' dir='ltr'>Θεοῦ</span> <span class='ocrx_word' id='word_1_602' title='bbox 3045 4710 3270 4764; x_wconf 84' lang='grc' dir='ltr'>δοθέντα</span> <span class='ocrx_word' id='word_1_603' title='bbox 3296 4710 3487 4782; x_wconf 84' lang='grc' dir='ltr'>Θρόνον</span> <span class='ocrx_word' id='word_1_604' title='bbox 3515 4707 3724 4763; x_wconf 69' lang='grc' dir='ltr'>ἐκάθισε.</span> 
     </span>
    </p>
   </div>
   <div class='ocr_carea' id='block_1_100' title="bbox 2174 4794 3724 4876">
    <p class='ocr_par' dir='ltr' id='par_1_100' title="bbox 2174 4794 3724 4876">
     <span class='ocr_line' id='line_1_100' title="bbox 2174 4794 3724 4876; baseline -0.006 -18"><span class='ocrx_word' id='word_1_605' title='bbox 2174 4804 2342 4876; x_wconf 83' lang='grc' dir='ltr'><strong>Δηλοί</strong></span> <span class='ocrx_word' id='word_1_606' title='bbox 2381 4805 2440 4858; x_wconf 78' lang='grc' dir='ltr'>δὲ</span> <span class='ocrx_word' id='word_1_607' title='bbox 2470 4803 2572 4874; x_wconf 88' lang='grc' dir='ltr'>τῆς</span> <span class='ocrx_word' id='word_1_608' title='bbox 2614 4803 2894 4876; x_wconf 85' lang='grc' dir='ltr'>προτέρας</span> <span class='ocrx_word' id='word_1_609' title='bbox 2944 4802 3192 4874; x_wconf 81' lang='grc' dir='ltr'>ἱστορίας</span> <span class='ocrx_word' id='word_1_610' title='bbox 3217 4802 3280 4856; x_wconf 77' lang='grc' dir='ltr'>τὸ</span> <span class='ocrx_word' id='word_1_611' title='bbox 3321 4803 3498 4867; x_wconf 87' lang='grc' dir='ltr'>τέλος,</span> <span class='ocrx_word' id='word_1_612' title='bbox 3545 4801 3616 4863; x_wconf 82' lang='grc' dir='ltr'>ὡς</span> <span class='ocrx_word' id='word_1_613' title='bbox 3651 4794 3724 4850; x_wconf 55' lang='grc' dir='ltr'><strong>καλ</strong></span> 
     </span>
    </p>
   </div>
   <div class='ocr_carea' id='block_1_101' title="bbox 2177 4889 3726 4969">
    <p class='ocr_par' dir='ltr' id='par_1_101' title="bbox 2177 4889 3726 4969">
     <span class='ocr_line' id='line_1_101' title="bbox 2177 4889 3726 4969; baseline -0.001 -19"><span class='ocrx_word' id='word_1_614' title='bbox 2177 4895 2455 4969; x_wconf 75' lang='grc' dir='ltr'>Σαμουὴλ,</span> <span class='ocrx_word' id='word_1_615' title='bbox 2485 4897 2582 4950; x_wconf 65' lang='grc' dir='ltr'><strong>καὶ</strong></span> <span class='ocrx_word' id='word_1_616' title='bbox 2611 4894 2822 4961; x_wconf 79' lang='grc' dir='ltr'>Ναϐὰν,</span> <span class='ocrx_word' id='word_1_617' title='bbox 2847 4895 2943 4950; x_wconf 69' lang='grc' dir='ltr'>καὶ</span> <span class='ocrx_word' id='word_1_618' title='bbox 2970 4893 3097 4962; x_wconf 80' lang='grc' dir='ltr'>Γὰδ,</span> <span class='ocrx_word' id='word_1_619' title='bbox 3123 4895 3175 4949; x_wconf 80' lang='lat' dir='ltr'><strong>ot</strong></span> <span class='ocrx_word' id='word_1_620' title='bbox 3206 4895 3506 4966; x_wconf 82' lang='grc' dir='ltr'>προφῆται,</span> <span class='ocrx_word' id='word_1_621' title='bbox 3541 4889 3726 4964; x_wconf 72' lang='grc' dir='ltr'>βίϐλους</span> 
     </span>
    </p>
   </div>
   <div class='ocr_carea' id='block_1_102' title="bbox 2178 4983 2884 5061">
    <p class='ocr_par' dir='ltr' id='par_1_102' title="bbox 2178 4983 2884 5061">
     <span class='ocr_line' id='line_1_102' title="bbox 2178 4983 2884 5061; baseline 0.001 -18"><span class='ocrx_word' id='word_1_622' title='bbox 2178 4983 2324 5060; x_wconf 77' lang='grc' dir='ltr'>εἶχον</span> <span class='ocrx_word' id='word_1_623' title='bbox 2356 5002 2684 5061; x_wconf 83' lang='grc' dir='ltr'>συγγεγραμ</span> <span class='ocrx_word' id='word_1_624' title='bbox 2691 4986 2884 5060; x_wconf 85' lang='grc' dir='ltr'>μένας.</span> 
     </span>
    </p>
   </div>
   <div class='ocr_carea' id='block_1_103' title="bbox 3878 703 3883 1234">
    <p class='ocr_par' dir='ltr' id='par_1_103' title="bbox 3879 703 3882 1188">
     <span class='ocr_line' id='line_1_103' title="bbox 3879 703 3882 848; baseline 0 0"><span class='ocrx_word' id='word_1_625' title='bbox 3879 703 3882 848; x_wconf 84' lang='grc' dir='ltr'><strong>Ι</strong></span> 
     </span>
     <span class='ocr_line' id='line_1_104' title="bbox 3879 1057 3881 1188; baseline 0 0"><span class='ocrx_word' id='word_1_626' title='bbox 3879 1073 3881 1188; x_wconf 58' lang='grc'><strong>1</strong></span> 
     </span>
    </p>
   </div>
   <div class='ocr_carea' id='block_1_104' title="bbox 3868 1609 3882 1678">
    <p class='ocr_par' dir='ltr' id='par_1_104' title="bbox 3868 1609 3882 1678">
     <span class='ocr_line' id='line_1_105' title="bbox 3868 1609 3882 1678; baseline 0 0"><span class='ocrx_word' id='word_1_627' title='bbox 3868 1609 3882 1678; x_wconf 81' lang='lat' dir='ltr'><strong>I</strong></span> 
     </span>
    </p>
   </div>
  </div>
