3960 6230
296 361 425 425 1209

1220 366 1754 429 COMMENTARII
1787 369 1869 429 ΙΝ
1909 370 2056 431 LIB.
2082 369 2151 449 ⁴ΙΙ
2191 372 2539 437 PARALJP.

3401 373 3536 443 1210

287 633 530 749 ΕΙΣ
566 630 883 747 ΤΗΝ
942 613 1705 746 ΔΕΥΤΕΡΑΝ
1743 633 2045 747 ΤΩΝ
2086 629 3538 756 ΠΑΡΑΛΕΙΠΟΜΕΝΩΝ

360 1051 523 1178 IN
570 1039 1417 1178 SECUNDUM
1461 1041 2078 1172 LIBRUM
2119 1039 3455 1177 PARALIPOMENON

1393 1288 1732 1343 Hartmanno
1768 1283 2135 1357 Hambergero
2159 1285 2469 1359 interprete.

896 1604 1149 1660 ΚΕΦΑΛ.
1196 1605 1273 1659 B'.

368 1693 477 1749 Καὶ
515 1694 606 1760 τίς
639 1695 837 1765 ἰσχύει
865 1695 1259 1766 οἰκοδομῆσαι
1286 1693 1446 1761 αὐτῷ
1474 1694 1679 1762 οἷκον;
1712 1693 1873 1764 Δηλοῖ

295 1783 377 1853 τῷ
413 1784 602 1854 Χιρὰμ
638 1784 738 1855 τὴν
761 1784 969 1839 οίκείαν
994 1784 1345 1845 θεογνωσίαν.
1377 1784 1474 1848 Τίς
1512 1783 1642 1855 γὰρ,
1680 1783 1870 1854 φησὶν,

300 1873 451 1939 ἄξιον
483 1871 631 1930 οἷκον
670 1877 925 1947 ἀνεγερεῖ
960 1876 1036 1947 τῷ
1065 1876 1206 1946 Θεῷ,
1234 1877 1293 1931 ὸν
1333 1878 1435 1931 οὐκ
1471 1876 1584 1947 ἔχει
1616 1878 1817 1947 χωρεῖν
1847 1877 1875 1927 6

1897 1600 1949 1658 A

2533 1601 2698 1675 549
2746 1601 2897 1659 CAP.
2932 1604 2994 1657 ιι.

2051 1693 2211 1751 Vsus.
2236 1695 2289 1761 6,
2314 1695 2447 1763 Quis
2476 1712 2595 1751 vero
2631 1705 2782 1751 tanta
2816 1695 3070 1766 praeditus
3112 1695 3340 1759 virtute,
3379 1704 3436 1747 ut
3471 1692 3558 1748 illi

1976 1788 2195 1843 domum
2225 1788 2480 1857 wdificet?
2501 1787 2666 1843 Suam
2703 1791 2768 1844 de
2801 1791 2909 1844 Deo
2951 1788 3204 1844 notitiam
3238 1786 3343 1857 ipsi
3368 1784 3554 1839 Hiram

1979 1876 2269 1949 patefacit.
2330 1876 2468 1942 Quis
2518 1878 2686 1942 enim,
2740 1879 2936 1949 inquit,
2995 1876 3325 1946 condignam
3384 1873 3558 1929 adem

298 1965 529 2035 οὐρανὸς
587 1968 616 2020 6
651 1967 986 2039 ὑπέρτερος;
1056 1969 1207 2040 Πλὴν
1252 1970 1395 2022 κατὰ
1448 1967 1678 2039 δύναμιν
1728 1966 1876 2037 αὐτῷ

2014 1977 2290 2025 xstrueret
2313 1969 2442 2034 Deo,
2473 1985 2635 2039 quem
2666 1977 2947 2025 extremus
3000 1970 3125 2024 οωιὶ
3150 1967 3419 2022 circuitus
3449 1978 3557 2019 non

299 2057 565 2126 προσάγω
602 2059 792 2125 σέϐας,
835 2061 929 2114 καὶ
982 2062 1171 2131 τιμήν.
1203 2063 1367 2115 Ὅσον
1405 2061 1463 2115 δὲ
1496 2061 1603 2116 τῶν
1635 2060 1879 2113 εὐσεϐῶν

2010 2066 2161 2117 μοιεει
2186 2059 2701 2129 comprehendere?
2733 2061 3131 2117 Verumtamen
3158 2074 3258 2129 pro
3272 2073 3391 2113 mea
3415 2055 3558 2110 virili

300 2146 545 2217 ὀνίνησιν
579 2149 611 2218 ὴ
642 2150 816 2215 φιλία,
845 2149 1149 2222 δεδήλωκεν
1180 2152 1209 2203 6
1232 2151 1445 2222 Χιρὰμ,
1485 2152 1687 2220 λέγων’
1730 2169 1748 2203 ι
1774 2150 1880 2203 Εὐ-

300 2236 530 2307 λογητὸς
573 2239 801 2312 Κύριος,
854 2243 882 2293 6
932 2240 1066 2303 Θεὸς
1097 2241 1353 2313 Ἰσραὴλ,
1402 2241 1460 2304 ὃς
1505 2242 1735 2311 ἐποίησε
1788 2240 1881 2295 τὸν

300 2329 569 2398 οὐρανὸν,
636 2332 730 2384 καὶ
799 2333 901 2403 τὴν
956 2334 1060 2404 γῆν
1096 2349 1110 2364 ο
1163 2355 1180 2387 ι
1236 2335 1312 2397 ὡς
1369 2333 1433 2405 δὴ
1488 2335 1760 2405 προγνοὺς
1818 2335 1884 2387 ὲκ

302 2419 488 2485 Δαϐὶδ,
528 2422 602 2485 ὡς
633 2424 661 2475 ὁ
695 2423 827 2486 Θεὸς
860 2425 1079 2496 Ἰσραήλ
1122 2428 1239 2478 ἐστι
1278 2426 1508 2496 ποιητὴς
1546 2424 1780 2496 οὐρανοῦ
1820 2441 1883 2478 τε

303 2513 400 2567 καὶ
435 2515 558 2583 γῆς.
594 2516 654 2568 Ὀ
685 2516 743 2569 δὲ
779 2516 888 2570 τῶν
926 2517 1143 2588 μέτρων
1182 2517 1419 2589 ἀριθμὸς
1455 2516 1550 2571 τοῦ
1583 2517 1713 2571 ναοῦ
1754 2517 1884 2570 δια-

304 2605 646 2677 φωνίανθοὺκ
684 2607 798 2678 ἔχει
836 2609 976 2680 πρὸς
1020 2609 1112 2663 τὸν
1147 2612 1205 2663 ὲν
1243 2612 1362 2673 ταῖς
1406 2609 1753 2672 Βασιλείαις’
1789 2609 1885 2664 ἐάν

303 2713 390 2761 τις
422 2698 537 2760 τοῖς
601 2698 701 2768 μὲν
746 2699 1163 2768 τεσσαράκοντα
1214 2702 1448 2770 πήχεσιν
1502 2700 1596 2753 τοῦ
1649 2701 1881 2771 μήκους,

307 2789 518 2859 προσθῇ
546 2791 672 2852 τοὺς
720 2790 893 2844 εἴκοσι
927 2790 1021 2844 τοῦ
1055 2791 1289 2863 Δαϐείρο
1322 2795 1434 2855 τοῖς
1491 2791 1548 2845 δὲ
1578 2792 1741 2845 πέντε
1790 2792 1886 2845 καὶ¹

306 2879 484 2933 εἴκοσι
532 2879 736 2951 ὕψους,
785 2879 893 2936 τῶν
927 2879 1247 2952 διωρὸφων,
1299 2884 1395 2938 καὶ
1447 2884 1772 2956 τριωρόφων
1815 2883 1885 2937 τὰ

310 2969 509 3042 μέτρα.

394 3232 500 3292 Ἐκ
535 3236 771 3304 πόλεως
809 3239 1006 3294 Δαϐἰδ.
1050 3239 1160 3311 Τὴν
1206 3239 1344 3294 Σιὼν
1383 3240 1526 3295 οὕτω
1581 3241 1760 3308 καλεῖ,
1823 3241 1889 3313 ἢν

310 3325 596 3398 ὠχύρωσε,
629 3328 874 3398 τειχίσας
899 3331 957 3383 ἐν
990 3331 1128 3402 αὐτῇ
1155 3331 1223 3384 τὰ
1254 3331 1518 3401 βασίλεια.

383 3419 490 3474 Ἐν
523 3419 597 3489 τῇ
642 3420 842 3489 ἑορτῇ.
876 3422 1051 3492 Δῆλον
1092 3423 1176 3476 ὅτι
1208 3423 1320 3476 τῶν
1372 3423 1785 3495 σκηνοπηγιῶν.
1830 3421 1891 3476 '0

317 3505 425 3578 μὴν
453 3509 581 3580 γὰρ,
619 3510 810 3579 φησιν,
845 3509 1097 3579 ἓόδομος.

914 3604 1164 3658 ΚΕΦΑΛ.
1222 3605 1297 3659 Γ’.

385 3691 617 3760 Δαϐείρ.
673 3690 748 3745 Τὸ
801 3692 994 3747 ἄδυτον
1045 3695 1141 3747 καλ⁸
1199 3694 1477 3764 ἄψαυστον
1520 3692 1666 3748 οὕτω
1710 3695 1888 3761 καλεῖ,

315 3779 454 3852 ὅπερ
494 3781 664 3851 Ἀγια
720 3782 892 3851 ἁγίων
947 3782 1068 3848 ἔθος
1126 3782 1414 3857 ὀνομάζειν
1464 3787 1531 3857 τῇ
1585 3785 1706 3857 θείᾳ
1748 3786 1892 3858 Γρα-

318 3876 416 3946 91i-

916 3968 1169 4022 ΚΕΦΔΛ.
1211 3971 1286 4024 Z'.

266 4108 273 4115 .
393 4059 580 4132 ’ῼδῶν
620 4060 873 4130 Κυρίου,
922 4055 1011 4115 ὧν
1058 4061 1350 4128 ἐποίησεν
1391 4064 1425 4117 ό
1472 4065 1671 4119 Δαϐίδ.
1728 4065 1893 4119 Πάλιν

244 4172 249 4179 '
323 4152 583 4219 ἐδίδαξεν,
622 4154 697 4218 ὡς
735 4153 899 4207 Δαὸίδ
952 4155 1092 4207 εἰσιν
1117 4157 1166 4208 oi
1223 4155 1468 4225 Ψαλμοί.
1522 4157 1781 4212 Εὐσεϐὧν
1836 4157 1894 4211 δὲ

1982 2151 2342 2207 reverentiam
2371 2160 2427 2206 et
2458 2151 2726 2206 honorem
2778 2150 2860 2205 illi
2908 2150 3127 2204 deferre
3164 2163 3357 2204 conor.
3389 2147 3563 2202 Caete-

1984 2256 2104 2296 rum
2124 2247 2396 2311 quantum
2434 2239 2694 2295 utilitatis
2723 2254 2787 2294 ex
2837 2239 3049 2308 piorum
3093 2237 3379 2291 hominum
3426 2248 3561 2288 con-

1986 2332 2282 2388 suetudine
2344 2329 2555 2396 redeat,
2619 2330 2835 2383 clarum
2875 2327 2962 2382 his
3018 2325 3203 2382 verbis
3247 2324 3402 2388 fecit,
3435 2337 3562 2377 cum

1986 2425 2194 2496 inquit:
2234 2444 2255 2477 ι
2309 2421 2653 2478 Benedictus
2704 2420 2972 2475 Dominus
3025 2419 3173 2473 Deus
3230 2414 3420 2480 lsrael,
3469 2415 3563 2483 qui

1987 2516 2116 2572 fecit
2149 2515 2350 2570 coelum
2396 2522 2453 2568 et
2484 2508 2790 2567 terram'h
2806 2509 2961 2566 Unde
2993 2510 3139 2566 enim
3164 2508 3293 2563 huic
3331 2506 3447 2561 haec
3469 2504 3564 2558 Dei

1986 2608 2207 2668 notitia,
2251 2605 2361 2660 nisi
2407 2603 2557 2674 quod
2591 2603 2711 2673 ipso
2760 2601 2970 2656 Davide
3011 2617 3146 2657 usus
3176 2593 3566 2655 estfamiliari-

1987 2702 2115 2756 ter?
2149 2700 2327 2755 Porro
2386 2713 2654 2753 numerus
2715 2711 2780 2750 ac
2825 2694 3113 2766 proportio
3157 2691 3567 2749 dimensionum

1988 2792 2175 2861 templi
2233 2790 2399 2858 hujus
2438 2788 2581 2843 nihil
2641 2787 2919 2857 discrepat
2978 2784 3046 2841 ab
3070 2785 3212 2855 ejus,
3263 2783 3331 2839 de
3365 2797 3476 2851 quo
3509 2779 3566 2832 in

1988 2880 2200 2952 Regum
2254 2879 2416 2934 libris
2447 2876 2729 2933 memoria:
2762 2876 3040 2946 proditum
3063 2884 3184 2940 est;
3218 2874 3264 2929 si
3286 2872 3409 2942 quis
3434 2885 3571 2940 qua-

1915 2948 1960 3005 B
1989 2948 2241 3044 dragiuta
2301 2970 2520 3039 quidem
2578 2968 2784 3024 cubitis
2813 2967 3204 3037 longitudinis,
3249 2963 3444 3032 viginti
3473 2977 3570 3017 cu-

1992 3065 2136 3119 bitos
2160 3061 2348 3115 Sancti
2409 3066 2727 3115 sanctorum
2775 3057 2977 3120 addat;
3012 3055 3209 3126 viginti
3246 3068 3379 3133 vero
3412 3051 3572 3122 quin-

1989 3169 2098 3226 que
2124 3151 2431 3207 altitudinis
2468 3149 2676 3204 cubitis
2705 3161 2999 3203 mensuras
3022 3145 3400 3214 fastigiorum,

2057 3248 2142 3303 Ex
2167 3247 2381 3300 civitate
2403 3242 2602 3298 David.
2625 3241 2757 3296 Sion
2790 3241 2994 3306 innuit,
3022 3254 3187 3311 quam
3219 3236 3570 3292 munitiorem

1990 3339 2149 3399 fecit,
2185 3345 2240 3392 et
2272 3336 2421 3404 regia
2452 3332 2787 3388 nobilitavit.

2059 3431 2126 3486 In
2150 3431 2306 3499 festo.
2338 3427 2608 3481 Nimirum
2664 3421 3185 3488 tabernaculorum;
3217 3418 3269 3473 id
3301 3417 3447 3473 enim
3467 3411 3571 3471 sibi

1994 3525 2113 3581 vult
2143 3525 2348 3579 mensis
2385 3520 2674 3591 septimus.

2650 3608 2807 3663 CAP.
2831 3608 2924 3662 Ill.

2055 3704 2249 3758 Dabir.
2272 3679 2511 3774 Adytum
2545 3701 2649 3755 hoc
2677 3706 2836 3757 vocat
2864 3697 3108 3760 nomine,
3140 3696 3286 3765 quod
3312 3692 3571 3749 Sanctum

1993 3803 2316 3851 sanctorum
2370 3791 2660 3862 Scriptura
2717 3790 2902 3845 divina
2949 3786 3242 3842 consuevit
3276 3783 3571 3856 appellare.

2638 3958 2793 4016 CAP.
2818 3957 2934 4013 Ἧι.

2065 4054 2233 4110 Vnus.
2260 4054 2313 4110 6.
2350 4052 2594 4108 Laudum
2628 4051 2992 4119 Dominiquas
3031 4046 3266 4102 carmine
3293 4043 3574 4099 celebravit

1998 4146 2191 4202 Dauid.
2228 4145 2346 4200 lloc
2378 4144 2524 4199 aliud
2565 4142 2943 4198 testimonium
2982 4147 3088 4205 est,
3134 4138 3385 4194 Psalrnos
3413 4138 3576 4191 David

324 4244 606 4315 Σαλομὼν,
642 4245 744 4297 οὐκ
772 4245 983 4314 ἀφῆκεν
1007 4246 1178 4298 οἰκεῖν
1209 4247 1267 4298 ὲν
1298 4244 1433 4314 οἴκῳ
1475 4247 1638 4300 Δασὶδ
1666 4248 1767 4320 τὴν
1798 4249 1892 4301 Θυ-

2010 4239 2201 4294 habere
2222 4243 2528 4291 auctorem.
2548 4234 2818 4289 Caeterum
2843 4227 3365 4299 Solomon,pietatis
3399 4227 3578 4280 adhuc

2114 4330 2147 4342 ι.
2351 4329 2421 4342 ηι-
2459 4340 2462 4342 λ
2498 4326 2555 4342 nn
2594 4341 2666 4342 ..κ
2758 4325 2794 4342 υ-
2862 4323 3067 4342 Muli--.“
3110 4323 3285 4342 1----..-
3333 4319 3383 4342 ε..
3419 4318 3576 4342 Δίνη-,ι

266 4374 273 4377 -
323 4337 533 4406 γατέρα
570 4336 665 4390 τοῦ
705 4336 924 4407 Φαραώ.
974 4336 1128 4405 Ἀγία
1183 4337 1313 4408 γὰρ,
1353 4331 1508 4403 οὗτός
1557 4357 1714 4412 φησι,
1759 4341 1896 4395 Θεοῦ

324 4427 573 4499 εἰσῆλθεν
616 4430 733 4481 ἐκεῖ
769 4431 801 4498 ή
851 4428 1082 4493 κιϐωτὸς
1108 4429 1339 4499 Κυρίου.
1402 4429 1485 4485 Τὰ
1532 4433 1590 4485 δὲ
1632 4433 1893 4503 ἀγώγιμα

329 4520 460 4588 ξύλα
488 4520 719 4574 πεύκινα
752 4520 1019 4590 κέκληκεν
1052 4522 1080 4573 6
1125 4520 1450 4590 ἰὡσηππος,
1494 4524 1637 4595 ἆπερ
1683 4526 1741 4578 ἐν
1790 4526 1898 4578 Βα-

331 4611 563 4675 σιλείαις
598 4612 1054 4683 ὑποστηρίγματα
1082 4613 1177 4666 τοῦ
1231 4614 1384 4668 οίκου
1438 4615 1647 4685 Κυρίου
1706 4619 1896 4686 φησὶν,

327 4706 422 4759 καὶ
448 4703 543 4757 τοῦ
586 4704 739 4758 οἴκου
770 4703 864 4758 τοῦ
904 4702 1196 4768 Βασιλέως.
1235 4707 1345 4760 Καὶ
1377 4705 1435 4761 ὃν
1465 4707 1752 4779 ἄνθρωπον
1785 4712 1902 4762 ἐκεῖ

328 4812 463 4867 φησι
489 4793 585 4848 τοῦ
643 4793 778 4848 Θεοῦ
834 4794 1114 4866 βρωθέντα
1147 4796 1250 4850 ὑπὸ
1305 4797 1400 4850 τοῦ
1452 4798 1701 4865 λέοντος,
1745 4800 1902 4871 Ἰωὴλ

332 4885 591 4943 ἐνταῦθα.

947 4982 1202 5035 ΚΕΦᾹΛ.
1242 4983 1299 5036 I'.

406 5072 516 5129 Kal
550 5073 664 5126 οὐκ
687 5070 958 5140 ἤκουσεν
986 5074 1018 5125 ὁ
1036 5071 1340 5137 βασιλεὺς
1366 5073 1474 5127 τοῦ
1503 5074 1678 5139 λαοῦ,
1710 5075 1799 5128 ὅτι
1828 5071 1906 5144 ἦν

328 5163 717 5236 μεταστροφὴ
752 5163 870 5219 ἀπὸ
896 5164 1002 5218 τοῦ
1026 5163 1195 5219 Θεοῦ.
1228 5156 1328 5217 Ὧν
1364 5165 1472 5238 γὰρ
1500 5168 1725 5237 κήδεται
1752 5167 1903 5233 Θεὸς,

335 5258 558 5321 τούτους
585 5258 656 5312 τὰ
692 5257 942 5327 πρακτέα
980 5255 1213 5323 σοφίζει.
1249 5256 1455 5311 Τούτου
1493 5258 1550 5311 δέ.
1593 5276 1676 5322 τις
1717 5276 1911 5330 στερη-

342 5348 552 5419 ρηθεὶς,
591 5348 667 5412 ὡς
727 5347 937 5418 ἔτυχεν,
987 5347 1236 5418 φέρεται.
1310 5349 1499 5415 Ἔδοξε
1559 5350 1616 5403 δὲ
1668 5350 1745 5420 τῷ
1791 5353 1910 5423 Θεῴ

338 5441 537 5495 διελεῖν
561 5440 661 5509 τὴν
715 5439 1012 5510 βασιλείαν,
1051 5439 1169 5491 ἀνθ’
1216 5432 1291 5493 ὧν
1343 5440 1597 5508 Σολομὼν
1630 5444 1912 5513 ἐπλημμέ-

340 5533 494 5603 λησε.
531 5529 640 5584 Τοῦ
671 5530 728 5584 δὲ
771 5528 907 5583 θεοῦ
937 5530 1028 5582 τὸν
1069 5529 1194 5581 λαὸν
1241 5531 1560 5601 ἀποστήσας
1607 5530 1909 5606 Ἱεροϐοὰμ,

346 5621 437 5677 καὶ
466 5625 587 5686 τοὺς
616 5625 781 5692 ἱερεῖς
804 5620 991 5688 αὐτοῦ,
1020 5620 1111 5675 καὶ
1140 5621 1390 5689 [lauit-1;,
1419 5623 1717 5694 ἀπήλασεν,
1747 5627 1912 5692 ἰδίους

384 5799 431 5833 ⁵⁸
462 5798 610 5857 Psat.
628 5813 787 5870 στιν,
808 5797 862 5857 6.

2006 4330 2312 4392 studiosus,
2348 4329 2475 4382 ﬁliai
2498 4325 2806 4380 Pharaonis
2861 4323 3071 4377 nullum
3110 4323 3288 4375 locum
3333 4319 3386 4372 in
3415 4318 3583 4372 domo

2007 4420 2233 4475 Davidis
2261 4418 2519 4488 reliquit;
2573 4422 2937 4472 sacrosancta
2983 4414 3158 4476 enim,
3225 4398 3424 4479 inquit,
3487 4406 3578 4461 Dei

2008 4529 2136 4569 arca
2170 4513 2222 4567 in
2254 4528 2374 4567 eam
2401 4518 2486 4566 est
2511 4511 2784 4580 ingressa.
2809 4506 2981 4560 Porro
3004 4505 3175 4575 ligna,
3204 4518 3327 4571 quae
3352 4500 3579 4556 advecta

2008 4611 2158 4669 sunt,
2184 4603 2415 4673 abiegna
2455 4599 2673 4654 vocavit
2707 4594 3003 4667 Josephus,
3042 4610 3107 4649 ex
3137 4593 3341 4664 quibus
3359 4589 3582 4662 quidem

2010 4695 2320 4766 pavimenta
2340 4694 2537 4747 domus
2587 4690 2802 4745 Domini
2829 4698 2996 4758 atque
3026 4688 3193 4759 regiae
3238 4685 3382 4740 facta
3416 4689 3579 4746 sunt,

2011 4796 2173 4843 utest
2203 4788 2258 4840 in
2292 4785 2447 4840 libris
2466 4784 2700 4854 Regum.
2737 4783 2985 4851 Denique
3007 4780 3311 4839 hominem,
3338 4776 3433 4846 qui
3472 4775 3584 4830 illic

2011 4897 2040 4936 a
2075 4879 2233 4934 leone
2261 4876 2559 4933 devoratus
2594 4874 2823 4938 dicitur,
2852 4871 2969 4928 Joel
3004 4872 3093 4926 hic
3115 4875 3299 4925 vocat.

2669 4962 2827 5020 CAP.
2862 4960 2929 5017 Χ.

2081 5083 2246 5138 Vens.
2281 5083 2367 5138 lii.
2401 5081 2511 5137 Nec
2537 5079 2745 5135 audivit
2774 5093 2867 5133 rex
2889 5075 3166 5145 populum,
3193 5071 3443 5143 quoniam
3472 5074 3586 5122 erat

2017 5174 2268 5229 revelatio
2300 5190 2334 5226 a
2393 5171 2518 5227 Deo.
2575 5170 2820 5237 Quorum
2846 5168 2991 5222 enim
3049 5178 3240 5219 curam
3276 5160 3422 5215 Deus
3453 5158 3586 5228 agit,

2018 5263 2238 5321 eosdem
2269 5263 2431 5317 etiam
2492 5262 2561 5317 de
2609 5262 2779 5315 rebus
2807 5255 3062 5328 ge’rendis
3096 5250 3359 5316 instruit;
3387 5250 3590 5320 quibus

2018 5368 2149 5407 vero
2172 5351 2420 5406 eamdem
2447 5348 2748 5410 subtrahit,
2813 5358 2914 5400 suo
2944 5339 3209 5410 relinquit
3245 5336 3424 5407 genio.
3465 5333 3584 5387 Sta-

2020 5444 2125 5497 tuit
2156 5459 2285 5498 vero
2335 5442 2480 5496 Deus
2535 5450 2762 5507 regnum
2816 5431 3078 5488 dirimere
3136 5434 3364 5497 propter
3395 5423 3593 5477 delicta

2024 5536 2357 5592 Solomonis.
2391 5534 2659 5588 Caeterum
2710 5543 2834 5583 cum
2875 5524 3138 5595 populum
3181 5520 3295 5591 jam
3320 5517 3385 5572 ad
3411 5515 3593 5571 defec-

2024 5628 2227 5684 tionem
2270 5625 2361 5681 Dei
2421 5621 2713 5679 Jcroboam
2765 5613 3198 5677 commovisset,
3265 5608 3592 5664 sacerdotes
