3960 6230
436 337 570 407 1Ξέ13

1385 344 1921 408 COMMENTARII
1962 349 2044 409 IN
2088 348 2236 408 LIB.
2278 347 2338 408 II
2378 347 2727 409 PARALIP.

3564 337 3693 403 12H

437 454 501 508 Et
536 454 644 524 γὰρ
679 453 1028 525 ἐπὲστευσας,
1086 459 1277 528 φησὶν,
1328 457 1499 531 ἄρδην
1547 460 1612 515 ἂν
1647 461 1857 525 πάντας
1913 462 2004 516 ἀπ·

2134 461 2319 515 tsrael.
2357 462 2449 527 At,
2498 463 2544 517 si
2579 462 2632 516 in
2689 460 2801 515 Deo
2837 458 3196 525 confidisses,
3249 454 3471 528 inquit,
3507 472 3695 512 attines

435 548 703 610 ἔκτεινας.

1031 638 1286 693 ΚΕΦΑΛ.
1315 642 1412 696 ΙΖ¹.

511 727 641 781 Ὅτι
666 726 961 797 ἐπορεύθη
988 727 1058 783 ἐν
1095 730 1261 796 ὁδοῖς
1305 733 1483 787 Δαόὶδ
1514 734 1620 789 τοῦ
1645 734 1868 804 πατρὸς
1908 724 2014 788 οὐ·

431 818 539 874 τοῦ
577 817 707 885 ταῖς
744 819 1020 888 πρώταις.
1044 822 1355 890 ,Τουτέστι,
1378 829 1499 881 κατ’
1520 826 1697 898 ἀρχὰς
1726 825 1820 881 τοῦ
1848 826 2012 880 saeta

432 911 625 982 ἐζήλου
647 910 745 980 τὴν
765 911 991 982 ἀρετήν.

497 999 606 1053 Καὶ
654 998 866 1067 ὑψώθη
904 1002 943 1069 ή
977 1002 1191 1071 καρδία
1233 1006 1441 1060 αὐτοῦ.
1478 1006 1569 1059 Ἐν
1592 1007 1804 1079 ἐπαίνῳ
1851 1007 2012 1063 τοῦτό

432 1108 617 1162 φησιν.
656 1092 969 1161 Ἐπήγαγεν
990 1094 1099 1165 γὰρ
1116 1094 1185 1148 ἐν
1214 1095 1377 1164 ὁδοῖς
1405 1099 1647 1167 Κυρίου.

513 1182 1004 1254 Ἐκουσιαξὸμενον
1031 1184 1086 1238 δὲ
1115 1186 1263 1256 λέγει
1281 1187 1360 1258 τῷ
1382 1190 1595 1260 Κυρίῳ,
1620 1191 1713 1244 τὸν
1742 1193 1841 1262 οὐχ
1870 1192 2011 1263 ὑπὲρ

430 1270 849 1343 ἁμαρτημάτων
880 1274 1286 1346 προσφέροντα,
1322 1277 1473 1350 δῶρα
1492 1279 1547 1331 δὲ
1570 1280 2012 1353 προσκομίζοντα

431 1364 508 1437 τῷ
541 1364 681 1436 Θεῷ.

1026 1552 1279 1608 ΚΕΦᾹΛ.
1302 1552 1405 1608 ΙΘ¹.

519 1646 682 1701 Ἀλλ’
714 1647 752 1715 ἣ
780 1648 950 1717 λόγοι
1019 1647 1228 1717 ἀγαθοὶ
1285 1646 1625 1716 ειῗιρέθησαν
1664 1650 1733 1703 ἐν
1763 1650 1885 1705 σοί.
1921 1652 2011 1704 Δι-

431 1738 636 1801 δάσκει,
676 1738 750 1802 ὡς
791 1738 1008 1793 ἐλαττοί
1033 1738 1133 1802 ’τὰς
1180 1739 1270 1793 ἐπὶ
1291 1740 1403 1801 τοῖς
1437 1738 1802 1811 ἁμαρτήμασι
1831 1757 2007 1810 τιμω-

2024 551 2030 557 ’
2114 555 2441 611 occidisses.
2470 602 2479 607 _

2713 644 2867 702 CAP.
2911 644 3075 699 XVII.

2185 737 2351 794 Vsus.
2394 740 2448 794 5.
2492 738 2761 802 Quoniam
2790 739 3009 792 incessit
3040 739 3095 792 in
3123 736 3567 809 t‘utigiisﬂauid
3604 751 3697 803 pa-

2115 830 2214 885 tris
2240 833 2324 884 sui
2349 832 2631 899 prioribus.
2661 831 2777 886 Hoc
2806 842 2912 899 est,
2951 831 3109 888 initio
3151 833 3411 886 virtutem
3476 829 3698 884 Davidis

2113 936 2196 981 est
2224 925 2538 978 aemulatus.

2184 1014 2349 1072 Vens.
2387 1014 2440 1070 6.
2489 1014 2801 1070 Exattatum
2832 1026 2909 1071 est
2944 1031 3035 1069 cor
3066 1016 3180 1084 ejus
3205 1055 3217 1070 .
3255 1014 3431 1071 Laudi
3471 1014 3577 1070 hoc
3618 1012 3694 1068 illi

2114 1110 2342 1175 tribuit,
2390 1110 2677 1180 subiunxit
2708 1110 2852 1165 enim
2885 1111 2938 1162 in
2972 1110 3070 1163 viis
3104 1108 3341 1163 Domini.

2185 1197 2358 1254 Porro
2413 1215 2537 1254 cum
2577 1205 2777 1268 spente
2838 1214 2938 1253 sua
2997 1213 3223 1254 munera
3277 1198 3549 1252 obtulisse
3586 1194 3697 1249 Deo

2113 1288 2377 1344 dicuntur
2424 1291 2702 1355 homines,
2738 1305 2845 1344 non
2885 1289 3223 1344 sacrificium
3271 1304 3375 1359 pro
3418 1288 3693 1359 peccatis,

2112 1396 2302 1436 verum
2352 1390 2587 1437 munera
2660 1392 2964 1451 spontanea
3014 1380 3125 1435 Deo
3181 1379 3452 1445 obtulisse
3495 1377 3699 1433 intelli-n

2113 1472 2349 1542 gendum
2378 1478 2485 1527 est.

2738 1548 2888 1616 CAP.
2928 1546 3085 1615 Xlx.‘

2185 1652 2348 1709 Vens.
2386 1653 2440 1708 5.
2493 1646 2861 1708 Verumtamen
2898 1671 2980 1709 res
3014 1655 3164 1708 bona:
3219 1655 3443 1708 inventa:
3491 1659 3612 1705 sunt
3643 1651 3696 1704 in

2115 1752 2181 1799 te.
2222 1744 2547 1800 lndicatbie
2609 1746 2788 1810 locus,
2822 1746 2968 1814 quod
3001 1746 3234 1800 virtutes
3269 1750 3536 1799 anteactae
3566 1757 3695 1811 pec-

434 1831 552 1903 ρίας
581 1830 648 1884 τὰ
680 1831 962 1900 φθάσαντα
1008 1830 1414 1902 κατορθώματα
1445 1847 1459 1863 ⁸
1492 1808 1677 1886 ταῦτα
1720 1830 1828 1902 γὰρ
1861 1808 2003 1885 snsi-

2134 1845 2359 1891 ratorum
2443 1836 2668 1891 meritas
2754 1836 2919 1891 etiam
2975 1850 3170 1907 pmnas
3240 1836 3543 1898 minuunt;
3600 1846 3695 1885 cas

427 1941 539 1983 νοις
587 1924 908 1994 ἀντιμετρεί
927 1940 941 1956 ·
969 1922 1064 1977 καὶ
1091 1924 1167 1988 ὼς
1192 1925 1272 1977 δεῖ
1300 1925 1523 1993 φεύγειν
1558 1928 1739 1980 πᾶσαν
1787 1926 2002 1981 ἀσεϐῶν

426 2012 609 2083 φιλίαν
631 2030 689 2066 τε
722 2014 818 2067 κα)⁵
873 2015 1217 2083 συγγένειαν.
1251 2016 1557 2087 Δεξάμενος
1586 2018 1642 2071 δὲ
1664 2019 1753 2072 τὸν
1781 2019 2002 2088 ἕλεεαον

424 2107 454 2160 ὀ
483 2104 758 2177 βασιλεὺς,
795 2106 856 2160 οὐ
901 2109 1062 2178 μόνον
1120 2110 1428 2177 εὐσεϐείας,
1469 2111 1608 2167 ἀλλὰ
1676 2114 1771 2167 καὶ
1820 2114 2002 2185 πάσης

426 2199 687 2269 εὐνομίας
732 2198 1050 2272 ἐφρόντισε,
1098 2205 1451 2275 καταστήσας
1485 2204 1679 2277 κριτὰς
1710 2208 1770 2259 ἐν
1797 2208 2002 2272 πάσαις

422 2292 544 2352 ταῖς
567 2289 778 2354 πόλεσι,
813 2290 907 2344 καὶ
931 2292 1288 2363 παραινέσεις
1314 2295 1495 2357 αὐτοῖς
1522 2295 1844 2358 δικαστικὰς
1873 2298 2004 2349 ὑπο-

423 2379 672 2449 θέμενος,
708 2381 802 2433 καὶ
834 2382 1137 2452 ἐπιστήσας
1160 2383 1340 2447 αὐτοῖς
1386 2384 1656 2456 Ἀμαρίαν
1685 2384 1779 2438 τὸν
1829 2386 2003 2457 ἱερέα,

421 2471 489 2525 δι’
526 2465 589 2526 οὗ
616 2472 724 2525 τῶν
747 2473 1131 2544 ἀγνοουμένων
1168 2474 1470 2544 γνώσονται
1507 2476 1605 2548 τὴν
1632 2477 1816 2547 ψῆφον
1853 2481 2004 2550 παρὰ

422 2563 593 2617 Θεοῦ·
650 2566 746 2619 καὶ
808 2567 1105 2633 Ζαϐαδίαν,
1144 2571 1224 2631 εἰς
1254 2569 1314 2622 τὸ
1347 2570 1476 2640 περὶ
1526 2569 1634 2623 τῶν
1695 2570 2003 2627 δοκούντων

422 2658 607 2721 αὐτοῖς
640 2658 1013 2728 ἐπαναφέρειν
1046 2659 1125 2728 τῷ
1155 2659 1367 2730 βασιλεῖ
1396 2678 1408 2691 ·
1441 2661 1535 2715 καὶ
1576 2663 1702 2726 τοὺς
1743 2664 1998 2731 Λευῖτας,

422 2752 503 2814 εἰς
529 2751 883 2806 διδασκαλίαν
930 2751 1024 2806 τοῦ
1068 2753 1256 2825 νόμου,
1292 2754 1431 2817 Τοὺς
1473 2754 1583 2829 γάρ
1624 2756 1998 2823 διδάσκοντας,

421 2845 788 2915 γραμματέας
814 2844 1103 2902 ἐκάλεσαν.

2100 1931 2251 1984 enim
2292 1929 2398 1985 sibi
2445 1930 2671 1998 opponit
2705 1927 2966 1983 invicem.
3010 1927 3284 1984 Praeterea
3316 1926 3474 1982 docet
3508 1968 3522 1992 ,
3574 1940 3696 1980 om-

2100 2038 2169 2079 ne
2201 2023 2498 2094 impiorum
2563 2021 2903 2078 consortium
2941 2033 2993 2078 et
3053 2022 3353 2077 affinitates
3386 2020 3578 2091 procul
3611 2034 3696 2072 re-

2101 2112 2398 2183 fugiendas
2431 2128 2577 2169 esse.
2611 2112 2888 2169 Caeterum
2915 2129 2929 2180 ,'
2960 2121 3257 2184 postquam
3301 2120 3456 2168 esset
3505 2124 3692 2180 repreo

2102 2208 2329 2271 hensus,
2348 2222 2425 2260 .ac
2460 2207 2529 2261 de
2557 2220 2744 2262 errore
2771 2206 2913 2262 satis
2938 2204 3271 2276 redargutus
3301 2220 3420 2269 rex,
3446 2202 3693 2258 sedulam

2104 2312 2330 2368 operam
2363 2298 2586 2353 uavarit
2613 2340 2626 2364 ,
2658 2307 2711 2352 et
2735 2297 2791 2352 in
2843 2297 3051 2369 pietate
3074 2297 3453 2368 promovenda
3482 2334 3498 2357 .
3531 2302 3585 2349 et
3639 2292 3694 2347 in

2104 2393 2271 2446 rebus
2304 2392 2566 2447 omnibus
2595 2390 2649 2445 in
2681 2391 2932 2446 ordinem
2971 2407 3134 2446 suum
3169 2389 3509 2461 redigendis.
3549 2386 3695 2443 Con-

2103 2484 2286 2539 stituit
2319 2484 2508 2554 itaque
2534 2484 2591 2539 in
2637 2485 2897 2541 omnibus
2935 2483 3170 2539 urbibus
3221 2483 3460 2553 judices,
3492 2479 3698 2551 quibus

2103 2578 2267 2632 etiam
2306 2577 2477 2632 officii
2509 2578 2735 2633 crebras
2764 2577 3103 2633 monitiones
3164 2576 3456 2641 adhibuit,
3500 2576 3697 2643 eisque

2113 2669 2393 2723 Amariam
2427 2669 2778 2724 sacerdotem
2826 2668 3071 2740 praefecit
3113 2683 3213 2737 per
3241 2683 3403 2738 quem
3440 2667 3495 2720 in
3532 2665 3696 2719 rebus

2110 2761 2295 2817 dubiis
2329 2777 2393 2817 ac
2438 2763 2687 2826 incertis,
2719 2762 2787 2818 de
2844 2760 3116 2832 sufir'agio
3148 2760 3361 2815 Domini
3410 2757 3699 2815 erudiren-

2111 2862 2233 2919 tur;
2265 2869 2364 2909 nec
2399 2869 2509 2908 non
2542 2853 2862 2919 Sabadiam,
2882 2854 2975 2923 qui
3003 2866 3196 2908 eorum
3224 2850 3478 2919 suffragia
3506 2846 3572 2901 ad
3606 2861 3696 2900 rc-

421 2953 543 3009 gem
584 2937 840 2995 referret:
878 2940 1114 3011 denique
1152 2940 1318 2995 etiam
1349 2940 1589 3025 Levitas,
1622 2957 1689 2998 ne
1751 2941 1890 3015 legis
1947 2943 2242 3013 disciplina
2293 2954 2549 3002 carerent
2619 2961 2684 3002 ac
2734 2944 2992 3000 doctores
3058 2944 3178 3014 ejus
3219 2942 3432 2999 scribas
3492 2954 3698 2994 nuncu-

421 3029 594 3101 pavit.

493 3122 598 3177 Kal
624 3122 796 3177 ἔσται
826 3124 1036 3193 Κύριος
1056 3125 1206 3195 μετὰ
1234 3123 1341 3180 τοῦ
1363 3122 1615 3196 ἀγαθοῦ.
1651 3126 1762 3198 Οὐχ
1812 3125 1998 3189 ἅπλῶς

421 3213 552 3286 ἔφη,
584 3214 704 3285 μεθ’
726 3214 900 3286 ὑμῶν.

1058 3310 1312 3365 ΚΕΦΑΛ.
1339 3311 1425 3365 Κ’.

509 3399 622 3454 Καὶ
679 3396 910 3465 ἔδωκας
970 3399 1169 3467 αὐτὴν
1227 3400 1307 3465 τῷ
1375 3401 1672 3471 σπέρματι
1747 3404 2003 3473 Ἀϐραὰμ

421 3490 530 3546 τοῦ
565 3491 750 3560 φίλου
800 3507 938 3546 σου.
996 3492 1293 3564 Ἀνέμνησε
1341 3490 1437 3544 τοῦ
1487 3492 1857 3564 προπάτορος,
1917 3494 2004 3547 ἵνα

421 3583 513 3638 διὰ
568 3583 669 3654 τῆς
712 3583 849 3654 πρὸς
896 3585 1108 3638 ἐκεῖνον
1167 3582 1505 3653 ἐπαγγελίας
1549 3583 1687 3657 τύχῃ
1730 3586 1827 3657 τῆς
1879 3584 2005 3657 βοη-

423 3673 595 3739 Θείας.

494 3767 580 3823 οὐ
610 3766 829 3836 κρινεῖς
843 3766 913 3821 ἐν
934 3767 1175 3833 αὐτοῖς;
1204 3767 1263 3821 Ἐ
1272 3784 1418 3838 ρωτη
1427 3767 1699 3838 ματικῶς.
1717 3766 2004 3840 Ὁμολογεῖ

396 3858 480 3914 ’δὲ
512 3860 607 3914 καὶ
630 3858 730 3930 τὴν
775 3859 914 3915 ἰδίαν
946 3859 1253 3916 άσϋένειαν.

507 4031 844 4098 Ἀκούσατε,
894 4030 1015 4098 πᾶς
1040 4033 1262 4100 Ἰούδα,
1321 4033 1420 4088 καὶ
1475 4037 1530 4089 οἱ
1580 4033 2006 4101 κατοικοῦντες

437 4122 847 4193 Ἰερουσαλὴμ,
911 4124 1387 4192 καὶόβασιλεὺς
1437 4126 1756 4197 Ἰωσαφάτ.
1815 4128 2005 4198 Τιμῶν

424 4213 616 4269 διεῖλεν
679 4215 787 4268 ἀπὸ
832 4214 943 4269 τῶν
986 4216 1162 4272 ἄλλων
1189 4256 1204 4283 ,
1252 4216 1532 4288 ἐξαίρετον
1578 4219 1861 4291 ὀνομάζων
1905 4221 2001 4273 αὐ-

423 4307 538 4361 τόν.
580 4307 985 4373 Κατοικοῦντας
1018 4310 1078 4363 δὲ
1106 4309 1280 4380 λέγει,
1334 4311 1462 4374 τοὺς
1507 4312 1617 4366 ἀπὸ
1674 4312 1784 4367 τῶν
1824 4312 2004 4368 ἄλλων

422 4400 629 4469 φυλῶν.

858 4495 1244 4568 eammeam.
1276 4494 1510 4560 Λευίτας
1535 4493 1842 4566 ὑμνοῦντας
1865 4539 1883 4567 ,
1905 4499 2003 4569 οὐχ

421 4591 779 4664 ὁπλοφόρους,
810 4590 1104 4664 προτάττει
1124 4590 1223 4660 τῆς
1252 4590 1535 4661 στρατιᾶς.

503 4778 601 4831 Ἐν
633 4774 870 4829 Γεσιὼν
899 4773 1112 4840 Γαόἐρ.
1142 4770 1233 4841 Τῷ
1266 4768 1476 4840 Ἰνδικῷ
1537 4769 1765 4840 πελάγει
1825 4771 2006 4842 παρά-

2177 3122 2340 3177 Vens.
2386 3120 2473 3177 Η.
2508 3120 2731 3191 Eritque
2760 3120 3022 3174 Dominus
3053 3134 3174 3172 cum
3200 3134 3261 3171 eo
3290 3119 3381 3188 qui
3416 3118 3543 3171 bene
3581 3131 3695 3187 ege-
3746 3120 3748 3122 ’

2024 3234 2069 3291 c
2103 3211 2192 3266 rit.
2223 3210 2340 3267 Non
2364 3212 2705 3283 simpliciter,
2737 3211 3047 3274 vobiscum,
3079 3209 3277 3280 inquit.

2738 3303 2891 3357 CAP.
2932 3300 3048 3356 XX.
3155 3321 3171 3331 '

2176 3396 2339 3451 Vens.
2385 3392 2438 3449 7.
2481 3394 2795 3465 Dedistique
2830 3410 2944 3448 eam
3006 3393 3200 3447 semini
3252 3391 3484 3447 Abrahae
3538 3391 3696 3445 amici

2106 3491 2185 3543 tui
2216 3497 2484 3558 perpetuo.
2531 3487 2860 3542 Mentionem
2928 3486 3202 3555 majorum
3254 3484 3387 3538 facit
3430 3489 3488 3537 ut
3533 3497 3695 3554 prop-

2106 3589 2189 3636 ter
2253 3579 2683 3651 promissionem
2743 3579 2856 3634 illis
2919 3576 3122 3632 factatn
3191 3576 3463 3630 auxilium
3521 3576 3694 3646 impe-

2024 3704 2027 3705 ν
2107 3680 2236 3728 tret.

2180 3763 2344 3821 Vens.
2390 3766 2476 3819 12.
2524 3764 2663 3820 Deus
2712 3765 2909 3827 nostir,
2948 3780 3016 3816 an
3067 3779 3170 3816 non
3237 3759 3510 3834 judicabis
3573 3762 3696 3814 eos?
3739 3825 3746 3831 _

2106 3852 2220 3910 Hac
2276 3855 2651 3926 interrogandi
2694 3853 2877 3929 forma
2927 3866 3085 3907 suam
3141 3851 3511 3906 infirmitatem
3563 3862 3697 3903 con-

2105 3949 2315 4003 titetur.

2176 4043 2344 4100 Vens.
2387 4041 2699 4108 iSJludite,
2726 4040 2897 4094 omnis
2914 4037 3084 4101 Iuda,
3110 4046 3161 4091 et
3187 4036 3512 4090 habitatores
3532 4031 3695 4088 Jeru-

2105 4136 2374 4203 salem,et
2418 4144 2473 4189 tu
2517 4149 2613 4189 rex
2682 4131 2967 4201 Iosophat.
3008 4130 3244 4186 Honoris
3287 4131 3460 4199 gratia
3513 4141 3693 4196 regem

2107 4243 2359 4284 seorsum
2401 4229 2670 4282 nominat.
2719 4224 2821 4281 Per
2862 4225 3203 4280 habitatores
3270 4237 3402 4278 vero
3437 4216 3695 4289 intelligit

2106 4337 2202 4379 eos
2253 4322 2346 4394 qui
2377 4337 2443 4377 ex
2487 4322 2616 4377 aliis
2665 4320 2929 4375 tribubus
2969 4330 3151 4374 erant.

2177 4496 2341 4556 Vens.
2381 4497 2471 4552 91.
2514 4494 2808 4551 Collocavit
2853 4495 3188 4565 psalmistas.
3257 4492 3485 4558 Levitis,
3526 4506 3591 4546 ac
3626 4489 3693 4547 iis

2035 4586 2083 4644 D
2108 4590 2201 4660 qui
2232 4590 2541 4654 laudarent,
2574 4605 2687 4644 non
2721 4590 2979 4655 armatis,
3037 4588 3252 4665 primos
3301 4586 3525 4642 ordines
3555 4598 3694 4640 con-

2107 4680 2275 4736 cedit.

2178 4772 2345 4829 Vens.
2389 4772 2477 4828 56.
2524 4771 2587 4826 In
2620 4773 2817 4828 Gezion
2857 4772 3053 4827 Gabar.
3102 4773 3392 4843 Contingit
3441 4765 3519 4825 ad
3543 4784 3697 4824 mare

2105 4867 2380 4931 Indicum,
2417 4876 2471 4921 et
2506 4876 2742 4919 vocatur
2772 4864 3055 4921 Berenice.

2175 4957 2342 5013 Vens.
2385 4958 2473 5014 '57.
2520 4960 2601 5012 Eo
2625 4958 2765 5030 quod
2807 4960 3117 5013 societatem
3152 4958 3322 5011 iniisti
3349 4972 3468 5010 cum
3520 4952 3693 5008 Ocho-

423 4882 625 4934 κειται,
658 4866 924 4939 Βερονίκη
946 4865 1281 4936 καλουμένη.

504 4961 602 5027 Ὡς
625 4959 945 5029 ἐφιλίασας
975 4956 1055 5023 τῷ
1094 4957 1368 5027 Ὀχοσίᾳ.
1391 4958 1534 5030 Ὅρα
1565 4958 1674 5029 γὰρ
1705 4957 1804 5027 τῆς
1826 4955 2007 5026 κακῆς

424 5049 748 5119 συγγενείας
780 5049 843 5102 τὸ
871 5048 1042 5113 τέλος.
1081 5048 1290 5118 Ἰωρὰμ
1315 5048 1445 5120 γὰρ,
1464 5051 1492 5103 ὁ
1522 5049 1713 5103 τούτου
1734 5051 1884 5113 παῖς,
1907 5047 2001 5101 τοῦ

2136 5051 2207 5107 ia.
2238 5050 2316 5105 Eu
2348 5066 2475 5106 vero
2508 5052 2766 5121 improbze
2827 5051 2976 5107 illius
3043 5048 3335 5104 affinitatis
3407 5057 3690 5102 eventum.

396 5142 690 5215 -κηδεστοῦ
738 5141 947 5213 Ἀχαάῦ
989 5141 1235 5211 ἐζήλωσε
1252 5142 1360 5227 έτὴν
1396 5141 1673 5205 ἀσέϐειαν,
1723 5143 1820 5195 καὶ
1877 5141 2003 5204 τοὺς

2134 5159 2282 5197 oram
2314 5144 2461 5198 enim
2520 5143 2685 5213 ltujus
2727 5143 2892 5204 filius,
2929 5143 3108 5197 soceri
3158 5141 3242 5194 sui
3278 5139 3468 5195 Achab
3497 5139 3691 5209 impie-

423 5235 690 5305 ἀδελφοὺς
721 5235 928 5299 πάντας
957 5235 1251 5289 ἀπέκτεινε
1278 5252 1291 5266 ο
1326 5234 1419 5289 καὶ
1446 5234 1515 5288 τὰ
1539 5234 1701 5288 λοιπὰ
1725 5276 1740 5300 ,
1772 5234 1937 5305 φησὶν
1967 5236 2000 5304 ἠ

2134 5244 2273 5294 atem
2304 5244 2387 5289 est
2419 5244 2684 5293 sectatus.
2730 5242 2784 5289 et
2823 5234 3022 5286 fratres
3059 5247 3192 5287 suos
3230 5232 3449 5286 necavit
3472 5231 3696 5302 aliaque

423 5329 647 5402 Γραφή.
1860 5314 1868 5323 ’
2109 5327 2426 5395 ltujusmodi
2467 5328 2707 5385 admisit.
2747 5333 2804 5377 ut
2845 5325 3002 5379 testis
3023 5331 3107 5378 est
3137 5322 3447 5392 Scriptura.

2724 5416 2879 5471 CAP.
2925 5414 3064 5470 XXI.

2182 5510 2345 5567 Vens.
2388 5513 2440 5565 7.
2482 5511 2709 5580 Propter
2759 5507 2953 5577 [.tdus,
2987 5506 3125 5576 quod
3169 5506 3363 5559 inierat
3419 5520 3539 5558 cum
3577 5502 3690 5558 Da-

2113 5605 2247 5660 vide.
2291 5605 2601 5674 Tantopcre
2632 5602 3096 5668 conducitpiclas
3147 5597 3439 5666 majorum.

987 5420 1248 5489 .Kmaa.
1274 5420 1409 5476 KA'.

497 5514 601 5566 Διά
638 5511 744 5579 τὴν
785 5511 1098 5581 διαθήκην,
1142 5510 1222 5580 ἢν
1244 5511 1471 5567 διέθετο
1493 5508 1572 5577 τῷ
1588 5510 1786 5566 Δαϐίδ.
1819 5511 2003 5575 Οὕτως

424 5606 626 5677 ὠφελεῖ
652 5606 929 5677 προγόνων
957 5605 1231 5659 εὐσέΰεια.
1310 5676 1315 5681 ἢ

1702 5696 1933 5752 VARUS
1955 5697 2361 5753 LECTIONES.

502 5802 540 5830 ιιι
564 5795 819 5860 Ἔστησε
842 5790 1220 5860 ψαλτῳδούς.
1239 5787 1540 5847 Coniundit
1563 5788 1651 5843 hic
1674 5787 1922 5860 Procopii
1957 5792 2122 5847 verba
2143 5807 2265 5846 cum
2300 5798 2446 5845 textu
2484 5789 2652 5844 codex
2686 5786 2956 5843 Lavatcri.
2983 5785 3179 5842 Noster
3207 5792 3355 5842 recte
3375 5783 3686 5857 distinguit-
