3960 6230
361 340 490 406 I217

1302 328 1837 394 COMMENTARII
1879 327 1964 390 IN
2025 325 2173 388 LIB.
2220 324 2285 385 II
2332 323 2682 385 PARALIP.

3479 317 3612 383 12ἱὸ

426 452 532 509 Καὶ
562 449 969 511 ἀντελάϐοντο
1015 445 1215 501 αὐτῶν
1260 447 1315 499 οι
1360 441 1612 513 ἀδελφοὶ
1656 440 1858 496 αὐτῶν
1874 442 1929 495 οἱ

2105 435 2277 492 Vsus.
2307 434 2396 489 54.
2437 436 2503 487 At
2536 435 2735 502 fratres
2770 447 2952 486 eorum
2975 429 3175 487 Levita
3203 447 3348 502 opem
3378 431 3615 487 tulerunt

354 543 593 602 Λευῖται
649 540 832 610 Ολίγοι
858 534 998 611 ἦσαν
1020 537 1129 590 τῶν
1149 534 1342 608 ἱερέων
1366 536 1543 604 ἁγνοὶ,
1563 534 1658 587 καὶ
1676 533 1776 586 οὐκ
1805 532 1931 584 ἀντ-

353 638 499 707 εῖχον
538 631 673 704 πρὸς
706 634 806 704 τὴν
830 628 1110 702 ἱερατικὴν
1124 627 1493 697 λειτουργίαν.
1520 624 1683 677 Ὅθεν
1703 624 1752 677 οἱ
1770 619 1931 677 Λευῖο

353 745 444 780 ται
473 721 947 798 (προηγνίσθησαν
988 720 1123 791 γὰρ)
1175 716 1532 772 ἀντελὰδοντο
1583 714 1691 767 τῶν
1747 711 1930 784 ἱερῶν.

354 816 525 872 Τοῦτο
546 815 603 869 δὲ
627 816 722 869 καὶ
750 814 867 881 νῦν,
900 811 1054 881 φασὶ,
1085 811 1405 881 γιγνόμενον
1431 807 1578 861 ἔστιν
1610 806 1758 860 ἰδεῖν.
1789 807 1932 878 Πρε-

357 908 619 979 σϐυτέρου
645 905 755 977 γὰρ
779 906 839 958 οὐ
865 904 1156 975 παρόντος,
1188 903 1282 954 καὶ
1323 901 1422 969 τῆς
1453 899 1643 971 χρείας
1674 914 1933 952 κατεπει-

354 997 577 1067 γούσης,
625 994 997 1064 ἀναγκάζεται
1049 992 1141 1045 καὶ
1185 991 1434 1053 διάκονος
1473 987 1806 1059 προσφέρειν
1853 986 1934 1058 τῷ

354 1086 593 1158 δεομένῳ
633 1087 694 1138 τὸ
727 1084 1035 1156 βάπτισμα.

426 1201 538 1256 Καὶ
557 1198 764 1272 προῖὼν
781 1199 839 1253 δὲ
863 1198 1029 1265 λέξει,
1054 1197 1193 1264 πῶς,
1216 1194 1413 1251 πολλοῦ
1426 1192 1770 1255 συνελθόντος
1790 1191 1931 1263 πλή-

355 1296 499 1358 θους,
531 1292 680 1346 θύειν
711 1289 1137 1362 ἠναγκάσθησαν
1173 1289 1222 1341 οἱ
1259 1284 1503 1351 Λευῖται,
1543 1283 1808 1356 μηδαμῶς
1834 1285 1933 1355 ἀρ-

353 1382 594 1437 κούντων
636 1381 744 1434 τῶν
777 1380 990 1452 ἱερέων.
1041 1377 1140 1431 Διὰ
1187 1377 1245 1430 δὲ
1284 1377 1346 1429 τδ
1373 1375 1632 1444 ἐξαπίνης
1666 1372 1933 1445 κληθῆναι

351 1477 481 1536 τοὺς
514 1473 574 1541 ἐξ
621 1472 858 1544 Ἰσραὴλ,
887 1472 938 1524 οἱ
974 1470 1194 1532 πλειους
1228 1468 1338 1523 τῶν
1366 1467 1747 1530 συνελθόντων,
1781 1467 1933 1535 ἁγνι-

356 1567 547 1636 σθῆναι
585 1564 660 1636 μὴ
689 1564 996 1634 φθάσαντες
1017 1603 1033 1630 ,
1065 1562 1268 1632 ἔφαγον
1315 1560 1377 1614 τὸ
1422 1561 1637 1630 πάσχα,
1667 1559 1761 1611 καὶ
1798 1572 1933 1625 συγ-

353 1657 577 1730 γνώμης
598 1658 809 1727 ἔτυχον,
837 1656 927 1711 διὰ
942 1657 1042 1730 τὴν
1070 1656 1163 1710 τοῦ
1188 1653 1457 1726 βασιλέως
1481 1651 1786 1719 εὐσέϐειαν,
1809 1650 1934 1704 καί·

355 1770 461 1826 περ
494 1751 1007 1824 παρανομήσαντες.

939 1886 1193 1941 ΚΕΦΑΛ.
1228 1884 1351 1939 ΛΒ’.

420 2019 583 2076 Μετὰ
618 2018 688 2074 δὲ
715 2019 857 2087 τοὺς
891 2021 1117 2088 λόγους
1170 2018 1455 2083 τούτους,
1490 2016 1592 2072 και
1636 2016 1750 2087 τὴν
1786 2016 1937 2084 ἀλή-

353 2114 520 2166 θειαν
558 2113 815 2180 ταύτην,
857 2107 1010 2182 ἦλθε
1052 2111 1473 2180 Σενναχερρίμ.
1518 2110 1772 2164 Διδάσκει
1814 2110 1930 2175 νῦν,

352 2203 434 2257 ὅτι
459 2203 703 2267 καὶτοὺς
721 2202 997 2266 θεοσεϐεῖς
1019 2203 1216 2274 ἄνδρας
1243 2202 1556 2269 δοκιμάζων
1589 2204 1617 2257 6
1639 2203 1768 2268 Θεὸς
1792 2222 1934 2275 συμ-

351 2295 545 2363 φοραῖς
572 2296 896 2365 περιπεσεῖν
916 2296 1213 2363 συγχωρεῖ,
1237 2292 1331 2347 καὶ
1355 2293 1560 2347 διαλύει
1581 2294 1650 2348 τὰ
1671 2293 1929 2366 δυσχερῆο

352 2384 448 2438 καὶ
503 2384 584 2439 ὅτι
612 2385 692 2438 δεῖ
723 2383 845 2455 Θεῷ
894 2384 1233 2456 θαρροῦντας
1275 2385 1348 2456 μὴ
1367 2385 1636 2455 καθῆσθαι
1656 2387 1931 2458 διακενῆς,

355 2476 733 2547 συνεισφέρειν
763 2476 821 2529 δὲ
854 2477 949 2531 καὶ
979 2476 1047 2529 τὰ
1086 2478 1218 2547 παρ’
1252 2477 1481 2530 ἑαυτῶν.
1516 2477 1731 2548 ’Ὠσπερ
1782 2479 1934 2543 Ἐξε-

353 2567 477 2632 κίας
533 2567 672 2638 πρὸς
720 2567 814 2621 τὸν
863 2568 1100 2639 πόλεμον
1150 2568 1540 2639 ηὑτρεπίσατο,
1570 2571 1664 2624 καὶ
1713 2571 1850 2642 μετὰ
1872 2570 1934 2625 τὸ

355 2660 533 2713 πάντα
562 2660 814 2730 ποιῆσαι,
845 2662 1001 2730 φησὶ,
1031 2659 1168 2713 Μετ’
1189 2660 1358 2714 αὑτοῦ
1419 2661 1706 2731 βραχίονες
1738 2663 1932 2733 σάρκι-

356 2771 464 2819 νοι,
496 2753 615 2824 μεθ’
646 2753 806 2822 ἡμῶν
831 2753 910 2819 δὲ,
937 2751 1145 2822 Κύριος
1170 2754 1198 2805 6
1224 2753 1356 2816 Θεὸς
1382 2754 1539 2824 ἡμῶν
1559 2770 1572 2784 ο
1601 2754 1662 2806 τὸ
1719 2754 1934 2825 ἄμαχον

353 2844 568 2910 δεικνὺς
616 2844 710 2897 τοῦ
749 2843 908 2909 Θεοῦ,
942 2845 1038 2898 καὶ
1081 2845 1190 2898 τῶν
1235 2844 1540 2921 ἀνθρώπων
1565 2846 1626 2899 τὸ
1656 2848 1853 2920 σαθρόν
1873 2867 1933 2903 τε

353 2936 451 2990 καὶ
501 2935 860 3008 πρόσκαιρον.
888 2937 1143 3006 Νικήσας
1171 2938 1250 3000 δὲ,
1289 2937 1382 2990 καὶ
1417 2937 1676 3008 ὑψωθεὶς,
1709 2940 1933 2994 ἐταπει-

353 3028 519 3100 νώθη,
584 3029 728 3084 κατά
777 3028 859 3097 τὸ,
906 3030 963 3082 '0
992 3030 1141 3098 ὑψῶν
1182 3030 1405 3096 ἑαυτὸν,
1438 3032 1932 3103 ταπεινωθήσεται.

357 3121 568 3194 Ὅμως,
605 3121 696 3177 διὰ
747 3125 848 3191 τὴν
887 3122 1204 3188 εὐσέϐειαν,
1239 3123 1516 3195 αὐτόπτης
1571 3124 1671 3178 οὐκ
1718 3125 1938 3194 ἐγένετο
1964 3132 2006 3190 c

355 3212 464 3266 τῶν
492 3211 774 3282 λυπηρῶν,
806 3211 1138 3283 τελευτήσας
1183 3211 1318 3282 πρὶν
1361 3213 1487 3276 τοὺς
1522 3212 1814 3283 πολεμίους
1853 3213 1939 3266 ὲλ-

355 3303 491 3359 θεῖν.
510 3303 760 3358 Διδάσκει
779 3302 836 3355 δὲ
869 3304 904 3375 ἡ
962 3303 1178 3374 Γραφὴ,
1210 3303 1286 3366 ὡς
1336 3302 1426 3356 διὰ
1451 3302 1542 3357 τὸν
1570 3303 1938 3375 ἀναποδισμὸν

308 3384 311 3387 ’
360 3395 457 3449 τοῦ
482 3394 637 3465 ἡλίου
685 3394 979 3448 ἀπέστειλε
1031 3394 1168 3464 πρὸς
1198 3393 1360 3447 αὑτὸν
1385 3394 1494 3448 τῶν
1520 3394 1877 3449 Βαῦυλωνίων
1909 3398 1939 3450 ὁ

359 3483 633 3554 βασιλεὺς,
662 3481 758 3538 τοῦ
796 3482 1064 3539 πυθέσθαι
1104 3484 1236 3555 παρ’
1264 3484 1431 3538 αὑτοῦ
1452 3485 1512 3538 τὸ
1540 3483 1726 3556 τέρας,
1756 3484 1784 3537 ὃ
1812 3486 1937 3554 ἐγέ-

357 3594 481 3630 νετο
515 3577 611 3631 ἐπὶ
639 3577 739 3648 τῆς
768 3577 896 3647 γῆς.

439 3780 623 3847 Ἰηὼν.
659 3779 762 3835 Τὸν
794 3778 999 3850 Σιλοὰμ
1030 3777 1177 3834 οὕτω
1212 3781 1386 3837 καλεῖ.

430 3893 536 3947 Καὶ
595 3892 990 3963 ἐγκατέλιπεν
1029 3894 1219 3950 αὐτὸν
1247 3899 1281 3950 ὁ
1322 3898 1539 3965 Κύριος
1593 3899 1700 3954 τοῦ
1735 3899 1939 3970 πειρώ-

358 3998 462 4040 aut
516 3984 723 4038 αὐτόν.
779 3983 942 4055 Δηλοῖ
970 3985 998 4037 6
1029 3984 1207 4052 λόγος,
1243 3986 1326 4038 ὅτι
1380 3987 1607 4055 ἄμεινον
1659 3990 1719 4042 ὲν
1745 3991 1936 4063 Κυρίῳ

356 4072 689 4143 καυχᾶσθαι.
721 4074 849 4129 Δέον
872 4073 981 4147 γὰρ
1009 4076 1174 4130 αὐτὸν
1204 4077 1333 4147 περὶ
1358 4077 1458 4149 τῆς
1480 4077 1630 4142 θείας
1653 4079 1935 4153 δυνάμεως

355 4165 760 4237 διηγήσασθαι,
791 4169 882 4222 τὸν
908 4168 1140 4223 πλοῦτον
1200 4171 1543 4226 ὑποδεικνύει
1608 4175 1701 4229 τὸν
1762 4177 1934 4245 πρόσ-

359 4271 570 4324 καιρον.
595 4255 667 4309 Τὸ
691 4256 771 4320 δὲ,
829 4256 1117 4326 Πειράσαι
1170 4260 1359 4315 αὐτὸν
1396 4261 1618 4318 ειδέναι
1654 4266 1728 4319 τὰ
1758 4265 1828 4319 ἐν
1859 4264 1935 4336 τῇ

356 4345 567 4413 καρδίᾳ
618 4345 826 4413 αὑτοῦ,
861 4349 982 4401 ἀντὶ
1011 4348 1128 4409 τοῦ,
1178 4350 1440 4423 Ἠθέλησε
1473 4355 1760 4426 γυμνῶσαι
1806 4359 1934 4422 τοὺς

2033 527 2168 581 illis.
2205 524 2534 579 Sacerdotes
2565 524 2857 594 pauciores
2890 532 3050 578 erant
3084 524 3412 589 consecrati,
3449 540 3613 592 quam

2034 623 2096 668 ut
2140 612 2451 668 ministerio
2502 612 2833 666 sacerdotali
2882 611 3135 686 subicere
3180 619 3428 682 possent.
3458 611 3617 666 Unde

2035 705 2239 760 Levita:
2261 746 2277 770 ,
2321 704 2479 774 prius
2516 702 2852 759 sanetiiicati
2874 743 2891 769 ,
2923 703 3306 758 sacerdotibus
3335 703 3616 773 suppetias

2033 797 2304 861 tulerunt,
2334 796 2483 866 quod
2513 796 2814 850 etiamnum
2852 794 2972 850 ﬁeri
2998 793 3265 849 videmus.
3300 792 3433 849 Cum
3468 794 3615 848 enim

2037 888 2329 959 presbyter
2348 902 2456 942 non
2482 895 2683 957 praesto
2704 894 2808 949 est,
2824 901 2889 941 ac
2908 902 3046 942 usus
3066 885 3333 957 postulat,
3347 885 3617 941 diaconus

2035 980 2380 1052 baptismum
2406 980 2800 1035 administrare
2827 979 3070 1051 cogitur.

2104 1178 2279 1235 Porro
2313 1193 2480 1242 vero,
2517 1178 2736 1246 inquit’,
2789 1192 2915 1233 cum
2952 1177 3213 1248 frequens
3255 1177 3448 1233 concio
3483 1191 3618 1231 con-

2032 1273 2300 1337 venisset,
2329 1270 2528 1326 Levitaa
2550 1270 2869 1325 sacrificare
2894 1271 3071 1323 coacti
3101 1279 3252 1337 sunt,
3280 1286 3408 1325 cum
3435 1269 3617 1337 inopia

2035 1380 2289 1420 verorum
2327 1363 2716 1419 sacriﬁeorum
2752 1371 2920 1417 esset.
2963 1361 3235 1427 Quoniam
3271 1377 3400 1417 vero
3430 1360 3616 1415 multi—

2035 1460 2224 1523 tudine
2278 1457 2588 1512 lsraeliticae
2635 1455 2920 1510 concionis
2962 1455 3127 1509 citius
3163 1464 3350 1510 essent
3399 1454 3616 1518 obruti",

2036 1562 2199 1618 quam
2234 1554 2293 1600 ut
2335 1560 2395 1601 se
2439 1544 2506 1599 ad
2542 1559 2699 1599 sacra
2749 1552 2971 1615 possent
3013 1543 3306 1613 accingere
3336 1583 3350 1606 ,
3405 1543 3610 1612 pascha

2035 1637 2328 1694 comedere
2358 1652 2467 1691 non
2500 1644 2627 1690 sunt
2677 1635 2867 1701 veriti,
2919 1648 2984 1687 ac
3016 1634 3200 1688 delicti
3254 1634 3464 1688 veniam
3500 1650 3588 1688 me

2035 1737 2287 1795 ruerunt,
2322 1739 2553 1805 propter
2582 1726 2730 1798 regis
2759 1734 3058 1797 spectatam
3092 1726 3373 1796 pietatem.

2617 1857 2773 1915 CAP.
2807 1855 3040 1926 ,xxxn.

2105 1986 2271 2045 νεεδ.
2311 1989 2365 2043 ’7.
2404 1989 2536 2044 Post
2586 1988 2685 2042 illa
2720 1997 2870 2058 gesta
2897 2027 2911 2054 ,
2960 1996 3011 2041 et
3057 1985 3216 2056 ﬁdem
3247 1986 3402 2040 illaut
3426 2025 3440 2050 ,
3479 1987 3617 2040 t‘euit

2037 2078 2426 2136 Seunacherib.
2483 2081 2655 2135 Docet
2682 2094 2833 2135 nunc
2896 2094 3060 2149 quam
3116 2080 3284 2133 variis
3317 2079 3473 2135 malis
3510 2079 3620 2133 cir-

2037 2183 2366 2228 cumventos
2397 2187 2533 2228 suos
2559 2172 2801 2227 cultores
2828 2171 2971 2225 Deus
3003 2169 3222 2240 probet,
3247 2185 3312 2225 ac
3352 2171 3613 2239 probatos

2034 2265 2252 2320 demum
2305 2272 2561 2331 asserat;
2612 2264 2745 2318 item
2820 2262 3098 2333 quomodo
3150 2263 3408 2316 omnihus
3455 2263 3620 2318 rebus

2035 2353 2371 2424 posthabitis
2396 2393 2411 2419 ,
2467 2351 2671 2406 ﬁducia
2706 2350 2883 2405 solida
2911 2350 2965 2403 in
3002 2347 3113 2403 Deo
3145 2349 3499 2415 collocanda,
3551 2362 3617 2402 ac

2036 2445 2256 2501 interim
2288 2455 2467 2499 tamen
2500 2458 2693 2499 omnes
2724 2450 2958 2509 conatus
3027 2448 3191 2510 atque
3217 2442 3362 2496 vires
3390 2439 3619 2496 τίσει-θην

2034 2535 2138 2592 (ιω.
2183 2534 2655 2602 Quemadmodum
2706 2533 2974 2590 Ezechias
3024 2533 3226 2589 bellum
3282 2531 3614 2598 adornavit,

2034 2628 2316 2698 rebusque
2345 2627 2605 2683 omnibus
2650 2627 2753 2682 rite
2779 2626 2967 2691 obitis,
3016 2626 3227 2696 inquit,
3267 2624 3479 2679 Carnea
3512 2624 3619 2680 illis

2035 2726 2240 2781 adsunt
2276 2726 2524 2787 brachia,
2563 2728 2721 2781 nobis
2752 2742 2884 2781 vero
2916 2726 3181 2781 Dominus
3213 2725 3359 2781 Deus
3405 2737 3618 2782 noster.

2035 2816 2252 2884 Quibus
2287 2819 2471 2874 verbis
2517 2818 2726 2873 indicat
2754 2860 2769 2884 ,
2830 2820 2977 2889 quod
3031 2818 3126 2874 Dei
3177 2820 3326 2875 vires
3370 2818 3620 2876 infractae

2037 2909 2169 2975 sint,
2221 2909 2506 2964 hominum
2578 2925 2710 2964 vero
2752 2907 2913 2965 ﬂuxae
2977 2926 3040 2965 ac
3093 2911 3399 2967 instabiles.
3449 2910 3622 2966 Porro

2036 3015 2159 3054 cum
2194 3015 2261 3055 ex
2309 3001 2540 3055 victoria
2584 3000 2894 3066 eﬂerretur,
2946 3002 3269 3057 humiliatus
3300 3011 3383 3056 est
3408 3043 3423 3067 ,
3461 3002 3620 3072 juxta

2041 3092 2196 3157 illud,
2219 3092 2322 3159 Qui
2350 3108 2471 3149 sese
2499 3093 2676 3159 effert,
2711 3094 3119 3150 humiliahitur.
3149 3093 3479 3165 Quanquam
3532 3095 3620 3149 iu-

2046 3187 2206 3241 terim
2235 3187 2522 3256 praemium
2551 3202 2664 3242 suae
2690 3188 2912 3258 pietatis
2946 3188 3082 3242 illud
3110 3190 3254 3253 tulit,
3286 3199 3344 3243 ut
3373 3189 3622 3243 miseria-

2061 3293 2183 3333 rum
2230 3293 2355 3348 quae
2403 3290 2715 3334 consecutae
2764 3288 2940 3344 sunt.,
2995 3295 3103 3334 non
3156 3281 3319 3335 fuerit
3367 3283 3622 3335 oculatus

2041 3369 2382 3438 speculator;
2437 3385 2624 3424 verum
2680 3378 2859 3425 morte
2912 3372 3313 3440 grassationem
3382 3373 3619 3427 hostium

2039 3462 2421 3515 anteverterit.
2454 3458 2668 3515 Iudicat
2692 3475 2822 3516 vero
2850 3460 3161 3531 Scriptura,
3189 3461 3336 3532 quod
3367 3463 3620 3534 diligenti

2039 3554 2171 3609 solis
2198 3554 2574 3623 recognitione
2596 3554 2805 3621 habita,
2833 3570 2926 3610 rex
2952 3554 3380 3626 Babyloniorum
3411 3557 3622 3626 legatos

2039 3646 2107 3700 ad
2141 3660 2265 3700 eum
2305 3647 2545 3711 miserit,
2581 3661 2643 3701 ac
2676 3646 2745 3701 de
2779 3655 3035 3717 portento
3063 3645 3213 3703 edito
3258 3649 3619 3703 consuluerit.

2111 3758 2301 3815 Gihon.
2347 3760 2439 3815 Sic
2467 3770 2627 3816 vocat
2658 3760 2890 3816 Siloam.

2104 3866 2268 3926 Vens.
2298 3871 2384 3926 51.
2428 3872 2727 3944 Dereliquit
2756 3892 2876 3930 eum
2916 3875 3058 3932 Deus
3079 3917 3095 3943 ,
3129 3888 3186 3932 ut
3224 3888 3448 3935 tentaret
3479 3897 3620 3936 eum.

2041 3959 2315 4019 Docemur
2343 3965 2449 4020 hoc
2473 3969 2748 4038 exemplo,
2788 3969 3130 4025 tutissimum
3154 3986 3275 4028 csse
3305 3972 3359 4027 in
3390 3973 3623 4030 Domino

2038 4055 2289 4125 gloriari.
2339 4056 2578 4114 Decebat
2618 4060 2763 4114 enim
2802 4061 2981 4131 ipsum
3009 4103 3025 4127 ,
3070 4061 3271 4119 divina:
3321 4065 3625 4135 majestatis

2042 4148 2272 4218 gloriam
2302 4151 2506 4219 potius,
2537 4168 2700 4223 quam
2732 4168 2868 4223 opes
2890 4152 3066 4211 ﬂuxas
3121 4166 3173 4210 et
3204 4157 3443 4213 incertas
3474 4173 3624 4213 com-

2039 4239 2537 4312 memorare.552
2596 4240 2901 4315 Notumque
2956 4246 3106 4314 ﬁeret
3173 4246 3428 4318 quidquid
3490 4258 3623 4303 esset

2035 4331 2093 4384 iu
2128 4331 2479 4399 cordeipsius.
2520 4333 2648 4400 ‘IInc
2679 4346 2790 4401 est,
2826 4337 2950 4392 aliis
2993 4338 3238 4393 revelare
3294 4340 3461 4394 voluit
3529 4355 3625 4395 co-

356 4434 653 4509 λογισμοὺς
680 4437 849 4491 αὑτοῦ
882 4441 996 4501 τοῖς
1027 4440 1230 4506 ἄλλοις.
1299 4422 1493 4509 Αὐτὸς
1519 4422 1628 4519 γαρ
1673 4448 1932 4516 γινώσκει

2047 4423 2329 4494 gitationcs
2360 4425 2557 4495 ipsius.
2601 4426 2720 4498 Ipse
2756 4422 2900 4483 enim
2947 4431 3100 4485 solus
3142 4430 3308 4487 corda
3341 4431 3624 4488 hominum

358 4524 456 4588 τὰς
486 4526 715 4597 καρδίας
746 4525 855 4581 τῶν
891 4527 1197 4600 ἀνθρώπων
1223 4530 1551 4602 μονώτατος.

955 4662 1208 4719 ΚΕΦΔΔ.
1250 4665 1378 4721 Al".

430 4777 542 4832 Kal
568 4776 723 4848 ἔγνω
756 4776 1124 4846 Μανασσῆς,
1162 4779 1252 4833 ὅτι
1285 4780 1503 4848 Κύριος
1554 4782 1738 4849 αὐτός
1765 4782 1938 4838 ἐστιν

356 4872 392 4924 ὁ
430 4870 595 4938 Cede.
651 4868 840 4936 Οὕτως
883 4872 918 4942 ἠ
973 4872 1191 4926 παιδεία
1238 4872 1368 4936 τοὺς
1422 4871 1784 4946 βουλομένους
1827 4875 1937 4931 ὀνί-

358 4977 534 5033 νησιν.

430 5248 604 5316 Πλὴν
626 5250 732 5329 ,ἔτι
762 5252 794 5305 ὀ
816 5253 965 5317 λαὸς
989 5251 1087 5306 ἐπὶ
1126 5251 1247 5307 τῶν
1290 5255 1550 5323 ὑψηλῶν
1596 5257 1932 5321 ἐθυσίαζεν.

361 5341 486 5394 ’Ὁτι
512 5359 579 5395 πε
590 5343 645 5412 pl.
668 5341 776 5395 τῶν
803 5341 1040 5401 θυόντων
1071 5347 1131 5398 ὲν
1159 5346 1385 5417 ὑψηλοῖς
1411 5348 1489 5418 τῷ
1517 5350 1706 5422 Κυρίῳ
1745 5356 1932 5425 φησὶν,

361 5431 542 5535 δηλον.
581 5433 860 5504 Ἐπήγαγε
888 5436 1016 5507 γὰρ,
1052 5437 1204 5508 Πλὴδ
1252 5440 1334 5503 εις
1384 5440 1546 5495 κενὸν
1576 5440 1655 5513 τῷ
1683 5442 1801 5515 Θεῷ
1837 5446 1932 5499 αὐ-

360 5540 488 5577 των.

948 5639 1206 5697 ΚΕΦᾹΛ.
1239 5643 1359 5697 ΔΔ¹.

374 5749 473 5807 Ἐν
500 5750 778 5809 Macarei.
803 5752 1124 5828 Σύμμαχος,
1153 5757 1225 5812 ἐν
1261 5758 1337 5830 τῇ
1374 5760 1750 5831 ὃευτερὼσει.

2039 4516 2445 4587 COgnitahabet.

2616 4649 2772 4707 CAP.
2812 4651 3054 4708 XXXIII.

2114 4758 2285 4817 Vsus.
2319 4762 2408 4816 I5.
2454 4761 2588 4816 Tum
2613 4766 2851 4833 cognovit
2881 4766 3179 4832 Manassae,
3202 4767 3342 4838 quod
3366 4766 3625 4823 Dominus

2041 4865 2178 4910 esset
2222 4855 2380 4911 Deus.
2429 4853 2565 4914 'I‘am
2599 4857 2866 4929 frugifera
2894 4867 2981 4915 est
3011 4859 3324 4931 disciplina,
3377 4874 3501 4917 sese
3545 4860 3629 4919 illi

2045 4947 2632 5017 accommodantibus;
2678 4951 3093 5020 nihilqueadeo
3127 4951 3300 5006 ferum
3331 4961 3446 5016 est,
3475 4952 3623 5021 quod

2043 5053 2154 5093 non
2190 5040 2478 5095 mitescere
2508 5042 2732 5111 possit,
2786 5042 2831 5097 si
2865 5044 3029 5098 modo
3075 5042 3290 5097 cultura
3324 5042 3620 5111 patientem

2039 5132 2348 5187 commodet
2379 5146 2590 5187 aurem.

2113 5248 2280 5306 Vens.
2310 5251 2397 5305 l7.
2447 5250 2818 5306 Verumtamen
2844 5252 3067 5320 populus
3104 5251 3276 5306 adhuc
3305 5254 3358 5307 in
3399 5255 3622 5309 excelsis

2040 5343 2311 5401 adolebat.
2343 5343 2456 5400 Deo
2489 5345 2797 5399 adolevisse
2818 5384 2835 5409 ,
2864 5359 3105 5413 sequens
3152 5344 3363 5400 indicat
3401 5348 3581 5403 oratio
3607 5367 3621 5405 :

2041 5434 2272 5493 Frustra
2310 5447 2493 5491 tamen
2529 5435 2765 5490 Domino
2794 5433 2905 5490 Deo
2934 5451 3056 5491 suo.

2621 5657 2774 5715 CAP.
2818 5656 3060 5713 XXXIV.

2110 5771 2175 5828 1η
2206 5770 2459 5828 Mosana.
2496 5770 2863 5844 Symmachus
2885 5816 2898 5843 ,
2931 5774 2985 5829 in
3021 5772 3311 5830 traditione
3337 5773 3603 5846 majorum
