3960 6230
459 277 594 347 1219
1760 282 2120 347 PROCOPII
2197 279 2446 344 GAZEI
3622 274 3749 338 L220

1041 389 1198 446 CAP.
1235 389 1458 446 XXXV.
2077 387 2120 436 Α

2077 387 2120 436 Α
2757 391 3009 448 ΚΕΦΔΛ.
3035 388 3159 448 ΛΕ’.

528 479 598 538 Ut
629 492 878 552 ponerent
921 498 1106 536 arcam
1143 495 1387 538 sanctam
1421 483 1476 538 in
1515 482 1680 540 Dento
1713 484 1832 543 Dei.
1873 485 2045 541 Nimi-

2224 488 2334 542 Τοῦ
2368 485 2581 541 δοῦναι
2618 484 2734 553 τὴν
2773 482 3024 538 κιϐωτὸν
3049 480 3163 550 τὴν
3181 480 3367 550 ἁγίαν
3390 478 3471 531 ἐν
3510 475 3594 544 τῷ
3617 477 3754 542 οἴκῳ

454 590 576 631 rum
615 573 828 645 jamdiu
898 575 1276 638 exsulaverat,
1332 575 1418 632 vel
1465 576 1534 632 ab
1581 577 1812 649 Assyrio
1884 589 2018 648 capt:

2183 579 2398 647 ἷυρίου.
2455 579 2578 632 ’Καὶ
2629 576 2856 653 μὴνιὲκ
2892 573 3144 636 πλείονος
3175 573 3290 626 ἐκεῖ
3340 571 3747 642 προαπέκειτο.

456 669 593 725 urbe
648 669 754 724 sub
785 667 1040 726 Manasse
1085 677 1358 739 extracta,
1397 671 1480 727 vel
1525 671 1594 728 ab
1640 673 1811 744 impio
1857 675 2020 746 aliqui

2182 675 2368 728 Εοικεν
2393 668 2487 726 οὖν
2521 671 2554 742 ἢ
2585 673 2613 732 ῥ
2648 669 2957 740 Ἀςσὺριος,
3003 667 3104 736 τὴν
3137 665 3288 718 πόλιν
3315 662 3479 718 ἐλὼν
3511 665 3608 718 ἐπὶ
3639 663 3746 716 Μα-

458 777 608 832 τοδε·
2147 765 2344 834 νασσῆ,
2373 763 2470 834 τὴν
2530 761 2764 816 κιϐωτδν
2817 756 3110 826 ἐξαγαγεῖν
3162 755 3410 822 ἔνδοθεν,
3444 756 3482 827 ἦ
3524 772 3614 819 τις
3651 753 3756 808 τῶν

2147 855 2426 912 δυσσεδῶν
2466 856 2532 924 βα
2543 855 2754 908 σιλέων.

528 941 812 996 Cheresim.
857 941 1130 1008 Quoniam
1159 959 1284 998 cum
1332 945 1702 1016 ventriloquis
1733 946 1925 1002 sciolis
1983 961 2046 1000 ac

2219 949 2498 1018 Χερεσίμ.
2530 943 2684 1012 Εἶδος
2711 945 2886 999 ἔοικεν
2935 937 3076 994 εἶναι
3122 941 3417 1010 μαντείας.
3475 939 3753 1010 Συνῆπται

338 1044 345 1051 '
376 1089 389 1124 ς
457 1032 788 1102 Theraphim
817 1033 1182 1100 coniunctum
1223 1044 1354 1103 stat,
1393 1053 1566 1110 genus
1598 1037 1872 1107 quoddam

2191 1041 2258 1112 ἀρ
2281 1042 2392 1104 τοῖς
2419 1035 2910 1108 ἐγγαστριμύθοις,
2934 1033 3027 1086 καὶ
3045 1031 3158 1094 τοῖς
3180 1031 3497 1098 γνώσταις,
3524 1031 3626 1084 καὶ
3653 1034 3755 1093 τοῖς

458 1125 702 1180 nationis
738 1141 862 1180 esse
891 1125 1131 1182 videtur.

1017 1137 1131 1182 tur.
2149 1133 2440 1206 Θεραφείν.
2567 1195 2577 1204 ,

525 1215 692 1272 Vens.
741 1217 812 1271 ‘25
863 1215 1176 1289 Composuit
1250 1229 1424 1276 autem
1489 1220 1756 1276 Jeremias
1831 1222 2048 1293 lugubre

2222 1227 2330 1280 Kal
2357 1225 2697 1295 ἐθρήγησεν
2731 1223 3014 1299 Ἱερεμίας
3051 1224 3150 1278 ἐπὶ
3193 1218 3466 1276 Ἰωσίαν.
3505 1213 3756 1284 Τοσαύτη

453 1326 670 1371 carmen
703 1309 768 1366 de
798 1309 976 1367 Josia.
1021 1311 1196 1366 Tanta
1227 1329 1354 1368 vero
1391 1314 1633 1370 hominis
1679 1313 1854 1369 virtus
1886 1324 2004 1369 erat

2194 1337 2216 1370 ν
2246 1317 2394 1387 ἢτοῦ
2431 1317 2620 1388 ἀνδρὸς
2651 1318 2842 1388 ἁρετὴ,
2873 1319 2957 1372 ὅτι
2981 1319 3074 1370 καὶ
3106 1316 3196 1370 τὸν
3222 1314 3434 1386 θρῆνον
3454 1313 3581 1374 τοῖς
3602 1309 3758 1380 ᾠδοῖς

454 1411 518 1458 ut
541 1405 875 1485 cantoribus
939 1415 992 1459 et
1035 1407 1436 1462 cantatricihus
1483 1389 1822 1462 lamentandi
1869 1408 2018 1478 ipsun

2192 1411 2367 1476 ἔδωκε,
2401 1411 2496 1463 καὶ
2541 1413 2660 1474 ταῖς
2701 1409 2980 1482 ᾀδούσαις,
3017 1409 3159 1464 ὥστε
3192 1406 3392 1462 τοῦτον
3443 1405 3607 1476 ᾄδειν
3641 1402 3756 1456 καθ’

455 1511 692 1566 persona
717 1496 792 1551 sit
833 1497 1115 1566 imposita,
1159 1513 1223 1554 ac
1255 1499 1496 1568 singulis
1527 1499 1691 1554 anuis
1725 1499 1896 1570 ipsius
1932 1514 2016 1554 me

2191 1519 2380 1556 καστον
2416 1501 2662 1555 ἐνιαυτὸν
2685 1541 2698 1564 ,
2737 1500 3126 1566 ἐπιτελοῦντας
3155 1501 3253 1572 τὴν
3294 1499 3565 1570 μνήμην.
3599 1495 3681 1548 Τὰ
3705 1494 3755 1546 δὲ

458 1588 635 1642 moria
661 1588 733 1642 sit
757 1585 1059 1644 celebrata.
1095 1590 1269 1644 Porro
1300 1591 1638 1659 reliquorum
1676 1605 1865 1660 regum
1895 1599 2022 1660 gest:

2191 1594 2292 1648 ατὰ
2342 1594 2468 1657 τοὺς
2503 1594 2726 1657 λοιποὺς
2769 1593 3024 1664 βασιλέας
3057 1597 3084 1648 ὁ
3131 1594 3428 1664 προφήτης
3481 1587 3755 1659 Ἱερεμίας

457 1676 729 1736 Jeremias
764 1681 1030 1752 propheta
1074 1682 1330 1752 pluribus
1365 1680 1877 1748 recensuit._llanc
1917 1698 2021 1737 veri

2189 1687 2239 1740 ιὰ
2262 1685 2525 1740 πλειόνων
2561 1685 2821 1750 ἐδίδαξεν.
2857 1687 2979 1738 ’Ὁτι
3001 1685 3056 1739 δὲ
3087 1687 3122 1756 ἡ
3155 1682 3421 1756 παροῦσα
3457 1676 3753 1752 συγγραφὴ

461 1778 782 1838 praesentem
818 1770 1151 1836 historiam,
1205 1772 1388 1842 longis
1430 1779 1558 1841 post
1601 1772 1948 1842 temporibus
1977 1789 2025 1826 υ]

2194 1777 2292 1831 erit
2349 1778 2602 1832 πλεῖστον
2655 1780 2848 1849 χρόνον
2885 1780 2948 1832 ὲκ
2991 1777 3103 1831 τῶν
3146 1773 3526 1847 προφητικῶν
3563 1771 3755 1844 βίϐλων

462 1867 798 1937 propheticis
849 1867 1074 1938 scriptis
1125 1883 1249 1924 esse
1295 1868 1624 1930 collectam,
1679 1867 1808 1921 hinc
1859 1874 2006 1938 patet

2193 1869 2512 1935 υνείλεκται,
2539 1869 2698 1941 δῆλον
2731 1869 2791 1936 ἐξ
2810 1865 2884 1924 ὧν
2929 1871 3207 1942 μέμνηται
3253 1870 3482 1940 Κύρου,
3538 1866 3636 1920 καὶ
3665 1865 3757 1931 τῆς

459 1959 608 2028 quod
639 1957 788 2032 Cyri,
819 1970 874 2016 et
900 1961 1116 2018 reditus
1143 1961 1516 2032 captivorum,
1551 1960 1646 2030 qui
1692 1959 1874 2030 longis
1898 1967 2023 2014 rem

2192 1963 2414 2016 πανόδου
2457 1962 2570 2018 τῶν
2609 1963 2997 2036 αἰχμαλώτων,
3029 1965 3168 2036 μετὰ
3212 1962 3412 2034 χρόνον
3446 1957 3756 2031 γεγενημέ-

460 2055 676 2110 saeculis
709 2054 950 2121 fuerunt,
983 2052 1318 2112 mentionem
1353 2053 1506 2110 facit.
2150 2070 2278 2110 νων.
3361 2039 3366 2044 ’

478 2265 3752 2304 mw

1807 2373 2388 2534 MONITUM

1197 2654 1274 2716 IN
1313 2649 1916 2715 COMMENTARIOS
1945 2648 2046 2707 AD
2082 2645 2524 2710 PROVERBIA
2559 2647 2655 2708 ET
2679 2645 3026 2710 CANTICA.

1323 2767 1328 2773 ι
1551 2801 1712 2870 (Ang.
1741 2798 1894 2860 ΜΑι..
1923 2793 2102 2854 Class.
2154 2795 2313 2850 Auct.
2366 2805 2408 2850 t.
2437 2792 2531 2862 lx,
2559 2796 2642 2860 v.)

533 3131 794 3202 Procopii
825 3132 1004 3187 Gazrei
1051 3130 1316 3194 rhetoris,
1342 3130 1660 3186 Justiuiauo
1697 3131 2008 3202 imperante
2039 3129 2198 3197 clari,
2232 3130 2410 3203 stylus
2448 3130 2700 3202 elegans,
2734 3127 3052 3186 Christiana
3103 3129 3302 3200 pictas,
3345 3131 3436 3186 vis
3471 3125 3738 3198 exegetiea

465 3247 575 3286 non
608 3231 874 3300 vulgaris,
913 3227 994 3282 sic
1019 3243 1105 3282 me
1137 3226 1354 3297 jamdiu
1389 3227 1767 3293 delectarunt,
1801 3236 1860 3281 ut
1901 3226 2176 3298 quidquid
2210 3225 2279 3282 ab
2307 3241 2373 3282 eo
2406 3227 2678 3302 scriptum
2719 3225 2774 3280 in
2819 3227 3232 3296 exemplaribus
3282 3227 3498 3298 priscis
3549 3235 3735 3281 nactus

466 3338 614 3387 sum,
639 3321 690 3375 id
718 3321 1111 3392 dignissimum
1161 3321 1373 3376 honore
1408 3330 1663 3391 typorum
1706 3334 1926 3389 semper
1953 3318 2350 3388 judicavcrim.
2389 3317 2579 3390 Itaque
2615 3330 2814 3388 praater
2856 3333 2918 3374 ea
2981 3334 3100 3392 qua:
3155 3319 3210 3372 in
3243 3319 3633 3390 superioribus
3663 3325 3740 3372 to-

465 3418 572 3475 mis
603 3417 776 3484 edidi,
806 3432 958 3474 nunc
984 3419 1110 3486 ejus
1145 3417 1588 3487 pulcherrimum
1619 3424 1673 3471 et
1705 3413 2254 3488 Χριστιανικώτατον
2293 3417 2360 3472 ad
2391 3416 2708 3472 Salomonis
2735 3416 3038 3473 Proverbia
3075 3418 3551 3473 commentarium
3573 3416 3738 3473 divul-

461 3532 596 3588 gare
623 3531 735 3572 non
762 3515 1038 3579 dubitavi,
1065 3530 1228 3586 quem
1254 3515 1310 3570 in
1342 3513 1537 3570 codice
1570 3513 1838 3570 Vaticano
1869 3521 2172 3576 servatum,
2207 3521 2262 3569 et
2304 3529 2473 3568 manu
2506 3511 2744 3568 Matthaei
2779 3513 2998 3568 Devarii
3047 3511 3226 3569 Graeci
3276 3512 3532 3568 hominis
3555 3525 3734 3566 emen-

463 3610 680 3674 datum,
717 3608 924 3666 vidisse
953 3624 1038 3665 me
1081 3618 1228 3664 recte
1264 3609 1652 3675 memineram,
1681 3620 1737 3664 et
1760 3608 1891 3664 huic
1921 3607 2244 3663 collectioni
2283 3609 2692 3676 locupletandae
2721 3608 3070 3662 addixeram.
3104 3607 3516 3678 lnterpretandi
3552 3618 3730 3678 genus.

392 3720 400 3731 ·
465 3701 612 3770 quod
653 3701 960 3772 Procopius
991 3703 1265 3772 sequitur,
1297 3701 1506 3756 morale
1534 3711 1621 3756 est
1660 3712 1713 3756 et
1758 3703 2082 3772 mysticum,
2117 3701 2283 3770 quale
2314 3701 2530 3756 scilicet
2573 3699 2836 3756 Ecclesiae
2872 3701 3066 3757 Patres
3101 3701 3534 3772 ab'apostolicis
3575 3710 3735 3768 usque

469 3797 814 3867 temporibus
839 3812 1059 3868 semper
1078 3797 1413 3852 adamarunt
1451 3817 1464 3852 :
1499 3812 1612 3869 quo
1639 3813 1810 3868 super
1840 3797 1929 3868 pio
1961 3805 2292 3866 argumento
2328 3797 2595 3864 praeclare
2622 3811 2736 3866 pra:
2757 3797 2978 3851 caeteris
3005 3797 3312 3868 disputavit
3336 3795 3606 3852 Nicolaus
3630 3795 3734 3844 An-

469 3891 710 3945 tonellus
743 3888 800 3944 in
843 3889 1173 3960 praefatione
1209 3890 1277 3945 ad
1317 3889 1780 3945 commentarium
1818 3891 1876 3944 S.
1911 3893 2201 3946 Athanasii
2239 3892 2294 3944 in
2321 3889 2596 3946 Psalmos.
2628 3888 2845 3960 Beapse
2879 3889 2968 3944 hic
3003 3898 3087 3946 est
3112 3891 3430 3962 praecipuus
3465 3899 3732 3947 sacrorum

470 3981 774 4038 Bibliorum
811 3981 1056 4047 fruetus,
1089 3999 1249 4053 quem
1279 3988 1396 4037 sola
1431 3983 1587 4038 rudis
1621 3985 1985 4054 grammatica
2019 3999 2302 4055 nunquam
2349 3984 2517 4054 parit.

539 4079 602 4133 Et
648 4081 701 4136 in
738 4082 840 4136 hoc
873 4080 1099 4152 quidem
1133 4079 1202 4134 ad
1233 4079 1539 4135 Proverbia
1579 4065 2008 4143 commentario,
2053 4096 2150 4135 ore
2185 4081 2524 4149 ingenioque
2550 4077 2778 4150 proprio
2813 4078 3122 4150 Procopius
3169 4080 3446 4150 loquitur.
3485 4073 3725 4134 Sedenim

463 4177 524 4224 et
547 4173 720 4228 altera
754 4175 889 4228 mihi
927 4173 1176 4228 occurrit
1217 4173 1272 4226 in
1307 4171 1602 4228 Vaticanis
1639 4173 1928 4229 codicibus
1956 4175 2213 4243 Procopii
2253 4173 2504 4244 ejusdem
2550 4174 2778 4229 nomine
2822 4173 3092 4244 inscripta
3135 4175 3484 4240 lucubratio,
3537 4171 3726 4225 scilicet

469 4267 785 4338 priscorum
822 4265 1048 4321 Patrum
1080 4266 1132 4319 in
1167 4264 1468 4319 Canticum
1509 4264 1825 4322 Salomonis
1867 4266 2096 4330 Catena,
2135 4281 2300 4337 quam
2339 4267 2457 4335 ipse
2505 4274 2723 4322 retento
2763 4266 3111 4336 singulorum
3160 4275 3452 4324 auctorum
3493 4271 3726 4322 sermone

470 4369 637 4432 atque
665 4360 1011 4426 nominibus,
1048 4361 1301 4431 sapiente
1335 4359 1553 4416 delectu
1587 4361 1898 4415 contexnit.
1945 4360 2154 4415 Horum
2189 4362 2293 4416 etsi
2339 4360 2564 4428 aliquos
2597 4362 2650 4414 in
2682 4360 2926 4430 propriis
2977 4373 3206 4429 operum
3233 4361 3594 4424 editionihus,
3631 4365 3724 4408 11οη

468 4456 592 4509 sine
619 4456 792 4510 I‘aulta
829 4457 1124 4523 varietate,
1169 4456 1439 4530 legimus;
1472 4457 1568 4512 alii
1601 4467 1806 4520 tamen,
1849 4466 1906 4511 et
1937 4456 2160 4526 quidem
2191 4457 2444 4526 prazclari
2475 4464 2530 4510 et
2567 4457 2784 4518 uberes,
2811 4458 2866 4510 in
2901 4457 3190 4526 impressis
3231 4455 3392 4512 libris
3427 4452 3721 4522 desideran-

473 4549 585 4618 tur.
616 4545 682 4598 Et
723 4545 949 4612 quidem
981 4563 1008 4598 a
1041 4549 1222 4618 magni
1250 4548 1512 4620 Origenis
1545 4545 1830 4618 he‘xaplari
1859 4555 2016 4602 textu
2045 4547 2348 4602 varietates
2395 4563 2568 4604 novas
2605 4549 2966 4618 antiquarum
3003 4549 3310 4606 editionum
3346 4546 3720 4604 nanciscimur-

472 4630 622 4704 Ergo
655 4635 788 4689 utile
812 4636 1130 4692 existimavi
1155 4641 1438 4708 pretiosas
1466 4639 1570 4694 has
1595 4638 1822 4694 Patrum
1847 4639 2116 4718 reliquias
2145 4640 2198 4693 in
2225 4638 2488 4695 Ecclesiae
2514 4647 2822 4712 conspectu
2851 4658 3154 4712 exponere,
3180 4657 3494 4713 gravesque
3517 4649 3570 4695 et
3594 4631 3718 4704 opti-

475 4737 598 4778 mos
636 4722 827 4777 divino
862 4724 1094 4778 Cantico
1129 4727 1462 4798 interpretes
1491 4729 1772 4785 suscitare
1805 4727 2010 4797 :cujus
2045 4729 2272 4798 quidem
2319 4719 2600 4800 genuinus
2629 4740 2684 4786 et
2727 4732 2928 4790 unicus
2953 4749 3156 4790 sensus
3189 4735 3276 4790 his
3321 4732 3568 4806 Gregorii
3593 4727 3716 4798 Nys-

472 4820 592 4877 scni
621 4819 806 4876 verbis
837 4828 988 4876 totus
1020 4823 1356 4896 exprimitur
1400 4843 1415 4879 :
1451 4824 1540 4878 Ἐν
1587 4823 1952 4896 ἑπιθαλαμιου
1999 4841 2030 4876 τ

2147 4843 2192 4895 ῳ
2215 4825 2316 4897 τὴν
2347 4826 2486 4896 πρὸς
2511 4826 2574 4880 τὸ
2615 4819 2772 4883 Θείον
2801 4829 3108 4901 ἀνάκρασιν
3134 4831 3235 4900 τῆς
3263 4831 3607 4905 ἀνθρωπίνης
3639 4819 3711 4883 ἔξ-

473 4918 694 4989 ηγεῖται
727 4913 930 4988 ψυχῆς
957 4914 1072 4972 Sub
1113 4919 1453 4987 epithalamii
1479 4920 1648 4988 specie
1671 4919 2097 4988 conjunctionem
2121 4918 2367 4975 humana:
2402 4922 2600 4976 animo:
2615 4939 2736 4976 cum
2773 4922 2880 4978 Deo
2913 4936 3099 4981 auctor
3133 4926 3406 4981 describit.
3429 4925 3578 4980 Nilus
3594 4931 3714 4990 (μεθ’

466 5028 582 5084 que
619 5013 908 5084 eleganter
956 5023 1012 5068 et
1061 5029 1186 5070 vere
1221 5013 1539 5071 Salomonis
1581 5015 1854 5071 Canticon
1907 5015 2282 5071 ornatissimae
2313 5025 2582 5074 matronae
2615 5018 2914 5082 assimilat,
2968 5021 3131 5092 cujus
3185 5024 3408 5092 quidem
3455 5011 3712 5078 muliebris

476 5106 718 5163 mundus
750 5107 1134 5176 imprudentes
1159 5120 1504 5181 spectatores
1537 5111 1778 5166 fortasse
1802 5113 2080 5180 percellit,
2110 5127 2232 5167 mos
2259 5120 2442 5168 tamen
2465 5113 2717 5183 ejusdem
2752 5115 3013 5172 l'atniliari
3043 5119 3450 5174 consuetudine
3468 5113 3710 5185 οοςηίιυδν

468 5209 531 5254 et
557 5201 736 5254 latens
769 5201 822 5254 in
867 5201 1054 5256 animo
1084 5201 1378 5272 pudicitia,
1409 5204 1570 5274 longe
1604 5205 1768 5258 aliam
1802 5207 1883 5260 rei
1924 5215 2186 5260 naturam
2217 5221 2342 5261 esse
2366 5207 2744 5264 demonstrat.
2783 5209 2883 5266 llic
2911 5220 2997 5268 est
3029 5211 3390 5269 Christianus
3409 5209 3576 5268 divini
3605 5199 3704 5258 libri

470 5307 716 5360 sensus;
752 5312 921 5366 quem
955 5295 1277 5354 Judzcorum
1321 5315 1545 5371 quoque
1583 5301 1861 5371 sapientes
1897 5301 2275 5357 indubitanter
2298 5302 2561 5370 fatentur,
2596 5304 2738 5361 duce
2771 5309 3705 5378 praesertimEben-Esra.Quiverov

422 5399 427 5405 '
472 5389 787 5459 praesertim
812 5406 876 5445 ex
912 5392 1351 5461 recentioribus,
1401 5393 1564 5448 aliter
1605 5395 1874 5475 sentiunt,
1907 5393 1960 5448 hi
1992 5395 2190 5464 partim
2231 5392 2380 5448 inani
2406 5395 2621 5467 abrepti
2671 5399 3004 5458 curiositate
3040 5414 3334 5475 vagantur,
3373 5403 3562 5475 partim
3595 5399 3704 5450 Wo

474 5483 760 5558 impietate
792 5487 1047 5543 subversi
1082 5489 1137 5543 in
1168 5502 1412 5560 praeceps
1440 5495 1636 5543 ruunt.
2060 5493 2084 5506 ’
2503 5496 2510 5505 ‘

2077 5693 2148 5708 —
