3960 6230
299 278 443 350 1921

293 422 477 437 ...ι-υ

942 521 1890 693 ΠΡΟΚΟΠΙΟΥ

1341 288 1841 350 COMMENTABI
1852 291 1876 350 Ι
1918 289 1998 351 IN
2042 292 2494 357 PROVERBIA.

486 418 3483 450 'W—W

3425 305 3565 374 1222

1997 577 2927 700 ΧΡΙΣΤΙΑΝΟΥ

1637 795 2203 888 ΕΡΜΗΝΕΙΑ

1532 979 1644 1034 Et}:
1721 980 1856 1034 ΤΑΣ
1918 964 2322 1044 Intremui.

1109 1310 1783 1432 PROCOPII
1862 1318 2707 1442 CHRISTIANI

1011 1550 1864 1649 COMMENTABII
1946 1558 2073 1651 IN
2129 1558 2817 1658 PBOVERBIA

704 2057 1103 2113 ΚΕΦᾹΛΑΙΟΝ
1132 2058 1411 2113 ΠΡΩΤΟΝ
1418 2100 1433 2112 .

363 2147 574 2203 Σκοπὸν
617 2147 761 2219 ἔχων
793 2147 1080 2218 Σαλομὼν,
1137 2150 1232 2203 τὸν
1264 2148 1432 2203 πόθον
1470 2150 1632 2220 ἡμῶν
1658 2154 1880 2223 κινῆσαι

293 2239 434 2309 πρὸς
464 2239 526 2293 τὸ
552 2239 837 2310 ἄφραστον
870 2241 1067 2304 κάλλος
1097 2240 1192 2293 τοῦ
1243 2240 1393 2294 θείου
1421 2242 1880 2312 χαρακτῆρος,“ὄς

291 2333 443 2387 ἐστιν
488 2333 517 2385 ό
562 2331 661 2386 τοῦ
703 2332 840 2386 Θεοῦ
893 2333 991 2388 καὶ
1036 2334 1251 2403 [ἰατρὸς
1309 2334 1604 2405 μονογενὴς
1631 2335 1759 2398 Υἱὸς
1786 2335 1881 2390 καὶ

291 2424 488 2493 Λόγος,
537 2425 571 2495 ἡ
613 2424 982 2490 ὲνυπόστατος
1004 2424 1172 2480 αὐτοῦ
1217 2424 1449 2496 δύναμις
1488 2425 1588 2481 καὶ
1631 2426 1879 2500 σοφία,ή

290 2515 379 2571 διὰ
403 2514 513 2569 τῶν
548 2517 894 2587 φαινομένων
917 2515 993 2581 ὡς
1028 2516 1118 2569 διὰ
1168 2515 1455 2588 συμϐόλων
1478 2518 1877 2591 κηρυττομένη,

293 2606 606 2677 ὑπογράφει
628 2622 688 2659 τε
714 2604 1105 2677 παροιμιωδῶς
1138 2604 1239 2667 τὰς
1269 2604 1496 2675 χάριτας
1530 2605 1723 2676 αὐτῆς,
1754 2608 1878 2660 ἐπι-

294 2696 582 2771 σπώμενος
607 2698 988 2768 εἰσαγωγικῶς
1024 2699 1163 2771 πρὸς
1191 2697 1284 2752 τὸν
1319 2699 1489 2762 δντως
1521 2698 1756 2769 ἐραστὴν
1779 2698 1879 2770 τὴν

291 2785 482 2860 ἔφεσιν
503 2787 600 2843 τοῦ
633 2787 714 2843 ἔτι
737 2788 840 2861 τὴν
876 2788 1020 2844 κατὰ
1045 2788 1223 2860 ψυχὴν
1251 2788 1468 2860 ἡλικίαν
1495 2787 1876 2860 νηπιάζοντος,

289 2878 387 2936 διὰ
426 2879 539 2933 τῶν
585 2880 720 2950 ἡμῖν
762 2878 1028 2934 ποθεινῶν
1068 2882 1129 2933 ὲν
1176 2880 1427 2951 αἰσθήσει
1470 2881 1741 2953 τερπνῶν,
1781 2881 1879 2935 καὶ

289 2970 499 3045 ἠθικῶς
545 2970 816 3040 παιδεύει,
874 2971 1065 3028 παθῶν
1111 2971 1608 3044 ἐπανορθούμενος,
1665 2974 1762 3027 καὶ
1808 2973 1879 3025 τὰ

292 3065 543 3137 πρακτέα
569 3064 869 3132 ὑποτιθεὶς,
901 3064 994 3118 καί
1034 3080 1200 3136 φησιν
1223 3063 1301 3128 ὡς
1340 3066 1398 3117 ὲν
1426 3065 1733 3136 ὲπιγραφῇ’

362 3240 433 3299 α’.
463 3242 775 3312 Παροιμίαι
819 3240 1210 3313 Σολομῶντος
1248 3241 1384 3297 υἱοῦ
1410 3242 1610 3310 Δαϐὶὸ,
1641 3242 1710 3310 ὃς
1741 3243 1878 3298 ἐϐα-

291 3333 584 3390 σίλευσεν
616 3333 689 3389 ἐν
727 3332 1139 3405 Ἰερουσαλήμ.
1180 3336 1345 3402 Λόγοι
1377 3335 1530 3408 παρὰ
1569 3338 1751 3390 πᾶσαν
1774 3337 1875 3408 τὴν

290 3429 408 3487 ὁδὸν
433 3428 531 3499 τῆς
566 3428 853 3500 παρούσης
898 3427 1048 3498 ζωῆς
1097 3428 1548 3500 χρησιμεύοντες,
1604 3430 1667 3484 οὐ
1714 3431 1874 3503 μόνον
1906 3415 1948 3470 Β

291 3519 365 3586 ὡς
395 3521 457 3575 τὸ
490 3517 623 3592 ἦθος
652 3520 811 3591 ἡμῶν
840 3520 976 3592 πρὸς
1001 3520 1062 3574 τὸ
1091 3521 1295 3587 ἀγαυὸν
1327 3522 1702 3593 ῥυθμίζοντες,
1737 3523 1876 3578 ἀλλὰ

292 3613 386 3668 καὶ
412 3612 488 3676 ὡς
523 3613 810 3682 ἐνάγοντες
841 3614 990 3684 ἡμᾶς
1032 3613 1172 3683 πρὸς
1201 3613 1303 3684 τὴν
1331 3614 1389 3666 ὲν
1413 3615 1683 3684 πνεύματι
1715 3632 1875 3684 φυσι·

293 3704 392 3777 κήν
418 3703 654 3775 θεωρίαν
686 3705 796 3759 τῶν
835 3706 1004 3761 όντων
1026 3721 1040 3736 ·
1067 3700 1142 3761 ὧν
1170 3709 1291 3770 ταῖς
1319 3708 1684 3776 ἐπιφανείαις,
1712 3707 1787 3770 ὼς
1816 3709 1874 3761 ὲν

292 3798 579 3872 ἐσόπτροις
618 3800 712 3854 καὶ
761 3799 1072 3872 αἰνίγμασι,
1126 3801 1196 3854 τὰ
1226 3799 1321 3855 τοῦ
1365 3800 1503 3854 Θεοῦ
1536 3798 1874 3873 ἱστοροῦνται

291 3890 597 3964 θελήματα,
629 3891 706 3956 ὡς
737 3891 889 3961 λόγοι
918 3892 1025 3946 τῶν
1061 3892 1255 3954 ὄντων,
1296 3892 1418 3946 καθ’
1459 3890 1551 3955 οὓς
1582 3892 1653 3946 τὰ
1695 3893 1875 3948 πάντα

290 3982 584 4052 γεγόνασιν
617 3997 633 4014 ο
686 4000 705 4034 ι
731 3982 812 4037 Τὰ
856 3982 983 4056 γὰρ,
1012 3983 1245 4054 ἀόρατα
1271 3982 1437 4036 αὑτοῦ
1487 3983 1595 4036 ἀπὸ
1642 3982 1873 4046 κτίσεως

294 4074 519 4144 κόσμου,
571 4077 687 4139 τοῖς
720 4076 991 4146 ποιήμασι
1024 4076 1311 4147 νοούμενα,
1361 4076 1662 4148 καθορᾶται
1689 4093 1736 4131 ἰ
1782 4073 1873 4131 οἷα

291 4166 399 4219 τῶν
432 4166 693 4221 τοιούτων
723 4166 920 4237 λόγων,
956 4167 1142 4240 ἕτερον
1194 4170 1293 4239 μὲν
1332 4170 1474 4224 κατὰ
1507 4172 1567 4224 τὸ
1607 4172 1872 4243 φαινόμε-

292 4277 402 4324 νον,
446 4259 636 4331 ἕτερον
690 4261 750 4315 δὲ
777 4261 923 4318 κατὰ
967 4262 1030 4316 τὸ
1058 4263 1347 4335 νοούμενον
1377 4264 1833 4335 ἀπαγγελλόντων
1855 4283 1868 4297 ·

294 4351 481 4406 εισὶδὲ
529 4345 675 4408 οὗτοι
712 4355 763 4409 oi
788 4352 938 4424 λόγοι
983 4355 1078 4410 τοῦ
1118 4355 1184 4410 δι’
1239 4356 1421 4412 αὐτῶν
1467 4358 1873 4431 ἐπιχειροῦντος

294 4441 595 4515 εἰρηνεύειν
625 4444 772 4515 ἡμᾶς
805 4443 943 4517 πρός
966 4461 1026 4499 τε
1060 4446 1285 4509 ἑαυτοὺς
1333 4447 1425 4500 καὶ
1462 4448 1730 4517 ἀγγέλους
1778 4448 1873 4502 καὶ

292 4534 384 4590 τὸν
427 4535 589 4602 Θεὸν,
633 4535 983 4609 Σολομῶντος
1016 4537 1362 4609 (simnqu
1395 4539 1502 4610 γὰρ
1548 4542 1577 4594 ό
1618 4539 1872 4611 Σολομὼν

292 4628 702 4701 ἃρμηνεύεται),
716 4628 974 4694 λαϐόντος
997 4632 1151 4702 παρὰ
1172 4631 1308 4685 Θεοῦ
1333 4633 1526 4700 σοφίαν
1543 4633 1638 4685 καὶ
1663 4633 1869 4704 φρύνην

295 4737 396 4785 σιν,
432 4721 528 4777 καὶ
557 4722 710 4787 ὄντος
737 4720 857 4776 υἱοῦ
891 4721 1074 4787 Δαϐὶδ,
1119 4721 1216 4819 τού
1269 4725 1326 4777 ἐν
1361 4724 1723 4801 Ἰερουσαλὴμ
1773 4724 1868 4796 βα·
1898 4761 1940 4819 C

293 4811 638 4877 σιλεύσαντος
662 4831 676 4846 ·
717 4813 1045 4885 ὲξετέθησαν
1067 4813 1113 4868 δ’
1158 4809 1302 4869 οὗτοι
1344 4817 1479 4886 παρ’
1509 4815 1700 4881 αὑτοῦ,
1726 4814 1870 4871 ὥστε

289 4905 383 4959 τὸν
405 4904 632 4970 τούτους
668 4907 1029 4976 μανθάνοντα,

363 4996 429 5068 β’.
483 4996 721 5054 Γνῶναι
761 4998 1011 5068 σοφίαν,
1066 4995 1169 5051 καί
1209 4995 1505 5061 παιδείαν,
1547 4994 1773 5067 νοῆσαί
1814 5015 1878 5052 τε

292 5094 515 5162 λόγους
557 5091 930 5161 φρονήσεως.
989 5088 1318 5158 Ἑπιγνῶναι
1382 5089 1577 5160 σοφίαν
1621 5107 1702 5156 τε,
1757 5091 1879 5161 ἥτις

295 5181 440 5236 ἐστὶν
469 5183 749 5253 ἐπιστήμη
800 5180 962 5235 Θείων
993 5197 1053 5233 τε
1092 5181 1187 5235 καὶ
1230 5179 1591 5251 ἀνθρωπίνων
1615 5183 1878 5252 πραγμά-

293 5290 438 5329 των·
483 5276 579 5329 καὶ
605 5274 879 5340 παιδείαν,
932 5275 1059 5346 ἦτις
1091 5274 1238 5328 ἐστὶν
1299 5273 1575 5344 ὠφέλιμος
1618 5276 1684 5345 τῇ
1729 5274 1874 5346 ψυχῇ

295 5363 505 5435 ἀγωγὴ,
540 5364 816 5427 ἐπιπόνως
844 5363 1108 5427 πολλάκις
1133 5363 1243 5418 τῶν
1275 5364 1384 5419 ἀπὸ
1408 5365 1613 5428 κακίας
1641 5364 1877 5436 κηλίδων

295 5450 465 5527 αὑτὴν
487 5455 911 5527 ὲκκαθαίρουσα·
947 5455 1043 5510 καὶ
1077 5457 1410 5512 καταλαϐεῖν
1440 5456 1635 5527 λόγους
1665 5458 1728 5511 τὺ
1753 5474 1876 5512 συν-

266 5543 272 5550 ’
296 5548 436 5601 οἰσον
463 5546 908 5616 ὑποτιθεμένους.

360 5645 430 5709 γ’.
457 5638 753 5704 Δέξασθαί
775 5656 841 5694 τε
859 5641 1126 5711 στροφὰς
1153 5642 1348 5712 λόγων
1396 5642 1494 5697 καὶ
1556 5643 1770 5711 λύσεις
1802 5645 1894 5698 αι-

366 5781 384 5814 ι
417 5779 576 5837 Rom.
611 5797 652 5850 ι,
683 5779 776 5839 20.

1902 2065 1955 2125 Α

2469 2062 2700 2120 CAPUT
2736 2063 3029 2122 PRIMUM.

2053 2150 2190 2206 Cum
2224 2152 2280 2206 in
2323 2154 2509 2209 animo
2544 2165 2692 2211 esset
2719 2157 3026 2226 Salomoni,
3063 2165 3314 2215 nostrum
3345 2162 3564 2219 deside-
3598 2232 3601 2233 ν

1982 2242 2127 2296 rium
2160 2258 2383 2298 movere
2413 2245 2478 2298 ad
2507 2245 2934 2301 ineuarrabilem
2966 2249 3443 2318 pulchritudinem
3479 2253 3563 2308 di-

1984 2334 2092 2387 vini
2129 2334 2268 2405 typi,
2311 2336 2404 2405 qui
2448 2335 2657 2391 estDei
2691 2353 2753 2392 ac
2793 2338 2978 2394 Patris
3008 2344 3352 2413 ~unigenitus
3391 2344 3563 2398 Filius

1981 2429 2038 2476 et
2066 2419 2338 2488 Verbum,
2371 2423 2526 2477 illius
2568 2440 2668 2494 per
2699 2441 2758 2480 se
2779 2427 3074 2484 existenlis
3102 2428 3373 2487 fortitudo
3392 2439 3446 2485 et
3482 2446 3567 2486 sa-

1979 2513 2208 2581 pientia,
2251 2528 2377 2584 quae
2429 2516 2599 2570 rebus
2638 2517 2952 2574 visibilihus
2993 2526 3255 2589 tanquam
3298 2522 3563 2593 symbolis

1981 2606 2371 2672 annuntiatur,
2402 2619 2697 2663 enumerat
2729 2610 2894 2665 modo
2928 2613 3265 2681 proverbiali
3296 2623 3563 2676 venusta-

1982 2705 2065 2752 tes
2124 2697 2271 2769 ejus,
2327 2715 2425 2769 per
2473 2701 2695 2756 modum
2733 2703 3187 2773 introductionis,
3227 2706 3562 2762 desiderium

1979 2788 2102 2858 ejus
2133 2790 2228 2859 qui
2262 2791 2445 2847 adhuc
2486 2794 2792 2848 secundum
2830 2796 3142 2851 auimamin
3167 2800 3403 2867 pueritia
3433 2815 3563 2854 ver-

1980 2887 2164 2945 satur,
2207 2880 2277 2935 ad
2307 2897 2494 2936 verum
2521 2894 2829 2938 amatorem
2858 2887 3109 2953 trahens,
3132 2891 3432 2959 propositis
3464 2906 3564 2945 no-

1977 2969 2064 3024 bis
2091 2971 2470 3042 intelligentiae
2496 2974 2754 3041 optandis
2783 2975 3032 3043 gaudiis;
3065 2978 3354 3034 allluenter
3379 2979 3563 3044 docet,

1979 3061 2156 3117 malos
2205 3063 2497 3134 corrigens
2555 3079 2762 3131 mores,
2803 3072 2857 3120 et
2899 3065 3110 3136 agenda
3159 3083 3466 3140 exponens,
3505 3079 3562 3126 et

1978 3151 2228 3220 loquitur
2243 3160 2303 3206 ut
2324 3153 2376 3206 in
2406 3152 2769 3224 inscriptione
2803 3173 2816 3208 :

2048 3240 2216 3298 Vens.
2245 3243 2297 3297 ί.
2327 3241 2612 3300 Parabola:
2644 3245 2956 3302 Salamonis
2993 3249 3101 3318 ﬁlii
3130 3249 3322 3316 David,
3359 3251 3452 3320 qui
3474 3267 3561 3305 re-

1977 3336 2156 3405 gnauit
2209 3335 2264 3387 in
2316 3332 2642 3390 Jerusalem.
2697 3334 2901 3401 Verba,
2944 3354 3045 3409 pro
3100 3346 3218 3394 toto
3275 3340 3562 3409 praesentis

1978 3428 2100 3481 vitae
2123 3425 2405 3481 curriculo
2434 3427 2612 3493 utilia,
2641 3442 2753 3483 non
2785 3429 2967 3484 solum
3001 3430 3127 3498 quia
3153 3439 3410 3485 naturam
3460 3447 3557 3487 ιιορ

1978 3526 2151 3573 stram
2176 3516 2245 3573 ad
2271 3518 2478 3573 bonum
2512 3528 2703 3590 agunt,
2734 3519 2831 3576 sed
2859 3520 3025 3575 etiam
3066 3522 3196 3591 quia
3234 3537 3337 3576 nos
3370 3521 3437 3577 ad
3463 3538 3557 3577 na-

1976 3608 2214 3663 turalem
2248 3609 2577 3683 \veritatum
2645 3610 2702 3665 in
2744 3611 2946 3680 spiritu
3038 3614 3559 3682 contemplationem

1976 3705 2305 3761 conducunt
2340 3723 2354 3761 :
2387 3722 2625 3777 quarum
2671 3706 3244 3773 manifestatiouibus,
3293 3716 3556 3778 tanquam

1979 3794 2033 3849 in
2078 3798 2326 3864 speculis
2363 3806 2420 3853 et
2467 3796 2881 3865 aeriigmatibus,
2933 3796 3029 3852 Dei
3065 3798 3425 3854 inn0tescuut
3460 3815 3558 3855 vo-

1976 3887 2226 3943 luntates
2263 3895 2324 3942 ut
2364 3888 2613 3944 rationes
2645 3904 2853 3956 rerum,
2907 3890 3217 3945 secundum
3254 3907 3393 3963 quas
3438 3908 3559 3948 om-

1975 3979 2068 4033 nia
2100 3978 2249 4033 facta
2280 3988 2410 4034 sunt
2444 3997 2458 4033 :
2496 3998 2515 4032 ι
2557 3979 2865 4035 lnvisibilia
2887 3982 3037 4036 enim
3076 3981 3168 4037 Dei
3203 3998 3234 4037 a
3275 3986 3559 4041 creatione

1974 4068 2191 4133 mundi,
2243 4070 2512 4140 operibus
2563 4072 2850 4128 intellecta
2898 4073 3254 4129 declarantur
3282 4078 3297 4108 ¹
3333 4091 3349 4130 :
3392 4095 3412 4134 ›
3459 4094 3559 4149 per

1975 4163 2092 4217 haec
2127 4163 2323 4227 verba,
2353 4178 2506 4219 tiunc
2537 4164 2687 4219 aliud
2726 4180 2797 4220 ex
2838 4181 2907 4221 eo
2949 4166 3097 4236 quod
3137 4166 3276 4223 foris
3304 4178 3554 4239 apparet,

1974 4270 2122 4310 nunc
2148 4255 2299 4310 aliud
2331 4273 2398 4311 ex
2432 4271 2499 4312 eo
2522 4258 2667 4327 quod
2700 4258 3068 4328 intelligentia
3110 4261 3347 4331 capitur,
3377 4263 3555 4321 deter-

1974 4348 2239 4401 minatur.
2275 4346 2416 4404 Ecce
2445 4364 2579 4420 ergo
2615 4349 2808 4413 verba,
2858 4350 3065 4420 quibus
3093 4361 3329 4407 conatur
3362 4368 3461 4410 nos
3489 4354 3558 4409 ad

1973 4451 2162 4506 pacem
2195 4446 2251 4492 et
2293 4454 2419 4494 cum
2462 4440 2882 4510 nobismetipsis
2910 4482 2926 4508 ,
2981 4448 3036 4496 et
3081 4456 3207 4496 cum
3235 4444 3472 4514 angelis.
3502 4457 3559 4502 et

1973 4543 2100 4583 cum
2154 4527 2262 4584 Deo
2311 4528 2606 4597 adducere,
2637 4531 2897 4587 Salomon
2937 4530 3230 4603 (Paciﬁcas
3273 4535 3421 4591 enim
3454 4534 3558 4594 Sa-

1974 4620 2160 4677 lomon
2185 4622 2634 4703 interpretatur),
2664 4623 2758 4694 qui
2785 4625 3003 4695 accepit
3028 4639 3057 4677 a
3086 4623 3554 4698 Deosapientiam

1973 4721 2029 4768 et
2054 4712 2428 4783 prudentiam,
2478 4714 2882 4786 fuitque-ﬁlius
2940 4717 3139 4784 David,
3167 4719 3264 4789 qui
3308 4725 3560 4792 regnavit

1974 4806 2031 4861 in
2056 4804 2365 4863 Jerusalem
2396 4824 2411 4861 :
2443 4823 2565 4879 qua:
2596 4811 2869 4880 explicata
2902 4810 3060 4868 fuere
3080 4812 3151 4868 ab
3171 4828 3260 4879 eo,
3293 4822 3556 4885 tanquam

1974 4915 2071 4957 eos
2104 4900 2364 4967 docente,

2046 4995 2219 5051 Vens.
2240 4995 2296 5051 2.
2329 4995 2432 5049 Ad-
2453 4996 2726 5051 sciendum
2755 4999 3081 5068 sapientiam
3111 5008 3163 5052 et
3186 4998 3555 5068 disciplinam,

1978 5089 2047 5143 ad
2091 5088 2437 5160 intelligenda
2466 5089 2623 5144 verba
2649 5089 2974 5159 prudentiae.
3007 5090 3089 5145 Ad
3113 5091 3554 5159 cognoscendam

1977 5180 2329 5250 sapientiam,
2385 5196 2510 5251 quae
2573 5188 2659 5237 est
2706 5182 3021 5235 divinarum
3080 5181 3558 5262 humanarumque

1978 5287 2163 5327 rerum
2220 5272 2599 5327 scicntia:—-
2650 5271 3029 5340 disciplinam,
3086 5285 3212 5339 qua:
3264 5280 3346 5327 est
3403 5272 3559 5329 utilis

1976 5369 2177 5423 animae
2213 5369 2516 5435 institutio,
2552 5368 2705 5422 illam
2751 5381 2875 5421 cum
2904 5366 3081 5420 multo
3107 5381 3252 5437 sche
3295 5367 3483 5424 labore
3524 5385 3558 5427 a
3593 5390 3603 5403 ·

1974 5459 2214 5515 maculis
2251 5460 2515 5515 vitiorum
2577 5457 2918 5529 puriﬁcans;
2964 5485 3036 5498 --
3079 5459 3149 5515 ad
3200 5459 3555 5534 intelligenda

1977 5550 2166 5616 verba,
2201 5567 2325 5622 quae
2361 5551 2754 5608 convenientia
2790 5552 3048 5607 doceant.
3122 5612 3129 5619 ο

2071 5646 2242 5705 Vsus.
2287 5649 2341 5703 3.
2403 5650 2487 5705 Ad
2528 5649 2921 5719 utseipiendum
2975 5654 3252 5710 verborum
3302 5656 3558 5721 rationes,
