3960 6230
531 333 670 426 120i!

1855 371 2215 435 PROCOPII
2241 374 2486 439 GAZIEI

3641 376 3750 441 1208

523 477 826 548 praefectos.
868 476 1122 564 _Quidam
1182 480 1400 548 dicunt,
1435 499 1546 540 non
1584 483 1704 552 Dei,
1737 485 1830 546 sed
1857 486 2088 544 Davidis

2215 488 2388 554 ῳδῶν
2451 489 2597 559 τοὺς
2621 488 2941 562 ἄρχοντας.
2975 491 3136 556 Τινὲς
3167 491 3264 564 μὲν
3309 491 3535 562 ἔφασαν,
3583 491 3638 546 οὗ
3675 491 3752 548 τοῦ

525 568 825 640 prophetas
868 558 1192 640 'appellatos
1237 587 1395 638 esse,
1463 588 1494 630 a
1577 590 1688 646 quo
1769 577 2105 650 accipientes

523 660 785 732 hymnos,
825 662 1212 720 instrumentis
1280 666 1514 724 musicis
1591 667 1880 727 ludebant.
1943 669 2103 737 Quod

517 759 654 809 ’νει-ο
685 755 787 824 ipsi
835 769 1059 824 quoque
1119 757 1459 829 prophetica:
1541 761 1736 829 gratia:
1799 763 2103 833 participes

521 842 752 912 fuerint,
779 844 1070 916 Scriptura
1101 848 1456 920 signiﬁcavit,
1505 850 1730 909 dicens:
1760 851 2102 924 Prophetan-

517 943 604 991 tes
635 937 1028 998 instrumentis
1075 943 1478 1012 musicis,etc.,
1506 945 1732 1002 iterum:
1765 944 1890 1002 Filii
1917 947 2101 1019 Asaph

513 1030 811 1102 propinqui
865 1033 1052 1104 Asaph
1089 1036 1393 1108 prophetas.
1452 1035 1695 1094 Rursum
1739 1037 1807 1094 de
1859 1037 2098 1096 ldithum

513 1124 782 1198 loquitur,
838 1129 1212 1200 prophetaute
1257 1131 1714 1202 confessionem;
1784 1133 1853 1190 de
1897 1132 2100 1190 ASman

513 1226 696 1274 autem
767 1220 951 1277 dicit:
989 1219 1248 1280 Videntis
1299 1225 1448 1294 regis
1499 1225 1554 1280 in
1595 1227 1950 1283 sermonibus
1982 1225 2098 1282 Dei.

512 1309 724 1382 Moysis
760 1322 942 1367 autem
985 1321 1244 1384 posteros
1279 1317 1658 1372 custodiendis
1680 1319 1861 1375 sacris
1881 1319 2101 1374 thesau-

511 1404 593 1457 ris
620 1403 893 1474 praefecit,
935 1407 992 1461 in
1025 1407 1228 1477 quibus
1278 1409 1456 1480 spolia
1493 1410 1764 1473 hostium.
1786 1419 1842 1468 et
1870 1425 2099 1466 munera

463 1508 465 1510 ·
515 1492 626 1552 Deo
657 1497 844 1554 oblata
869 1500 1113 1576 reposita
1143 1511 1325 1562 erant.

1100 1678 1257 1736 CAP.
1294 1678 1492 1736 XXVI.

580 1764 748 1823 Vens.
768 1767 860 1826 29.
886 1767 954 1823 Ut
972 1769 1282 1836 scriberent,
1299 1781 1350 1826 et
1357 1770 1689 1842 judicarent.
1707 1772 2096 1844 Symmachus,

2209 579 2347 634 Θεοῦ
2383 581 2687 654 κεκλῆσθαι
2712 585 3024 656 προφήτας,
3084 583 3224 638 ἀλλὰ
3267 583 3358 637 τοῦ
3415 582 3594 649 Δαϐῑδ,
3644 586 3751 658 παρ’

2206 667 2268 728 οὗ
2295 675 2424 737 τοὺς
2457 673 2662 746 ὕμνους
2687 676 3058 748 λαμϐάνοντες
3075 672 3204 752 ᾖδον
3238 679 3294 730 ὲν
3337 677 3457 740 τοῖς
3508 676 3752 748 ὀργάνοις.

2212 765 2332 819 Ὅτι
2355 765 2413 819 δὲ
2447 769 2794 840 προφητικῆς
2818 769 2914 823 καὶ
2942 769 3101 823 αὐτοὶ
3126 767 3520 839 μετειλήφεσαν
3564 769 3757 840 χάριτος

2207 855 2478 930 ἐδήλωσεν
2497 860 2530 930 ὴ
2553 859 2766 931 Γραφῇ,
2803 859 3036 930 λέγουσα.
3059 877 3075 892 ο
3103 860 3244 924 Τοὺς
3268 843 3692 932 προφητεύοντας
3712 864 3758 916 ὲν

2204 945 2477 1020 κινύραις,
2509 947 2604 1002 καὶ
2653 949 2722 1002 τὰ
2743 950 2890 1021 ἑξῆς.
2923 949 3032 1004 Καὶ
3060 948 3382 1017 πάλιν,Υίοὶ
3424 950 3594 1020 Ἀσὰφ
3615 989 3630 1015 ,
3657 952 3756 1022 ιχά.

2207 1054 2362 1108 μενοι
2409 1039 2584 1110 Ἀσὰφ
2620 1039 2715 1094 τοῦ
2749 1035 3053 1112 προφήτου.
3090 1040 3200 1094 Kal.
3229 1040 3417 1106 πάλιν,
3483 1041 3610 1113 περὶ
3664 1044 3758 1097 ’ἱδιο

2205 1123 2345 1194 θοΰμ
2379 1142 2512 1196 φησι
2545 1124 2640 1180 τοῦ
2685 1129 3132 1198 προφητεύοντος
3185 1113 3594 1198 ἐξομολόγησιν.
3651 1129 3761 1200 Περὶ

2203 1215 2262 1268 δὲ
2293 1217 2386 1270 τοῦ
2415 1217 2596 1288 Δίμὰν
2637 1218 2810 1288 λέγει,
2847 1217 2954 1273 Τοῦ
2987 1218 3224 1290 ὁρῶντος
3260 1218 3339 1290 τῷ
3367 1218 3580 1290 βασιλεῖ
3607 1223 3662 1274 ὲν
3686 1221 3762 1274 λόο

2203 1325 2322 1376 γοις
2362 1309 2500 1364 Θεοῦ
2529 1327 2545 1342 ο
2574 1311 2856 1374 Μωΰσέως
2887 1311 2945 1366 δὲ
2990 1313 3114 1376 τοὺς
3140 1311 3444 1380 ἀπογόνους
3473 1311 3581 1366 τῶν
3630 1313 3764 1385 ιερῶν

2204 1396 2499 1469 θησαυρῶν
2530 1399 2783 1470 ἀπέφηνε
2811 1399 3082 1470 φύλακας,
3115 1401 3176 1456 έν
3201 1395 3282 1465 οἷς
3301 1401 3567 1456 ἀπέκειτο
3592 1403 3654 1456 τὰ
3675 1405 3763 1457 τῶν

2205 1488 2463 1560 πολέμων
2511 1491 2804 1564 ἀκροθίνια
2839 1532 2856 1560 ,
2907 1493 3003 1548 καὶ
3049 1493 3120 1548 τὰ
3175 1493 3327 1566 δῶρα
3369 1492 3442 1549 τὰ
3490 1496 3764 1568 προσφερόο
3875 1527 3877 1574 ξ

2207 1597 2346 1652 μενα
2377 1581 2456 1652 τῷ
2486 1581 2624 1655 Θεῷ.

2773 1676 3028 1734 ΚΕΦΔΔ.
3069 1676 3219 1746 κεῖ.

2279 1765 2394 1822 Τοῦ
2425 1771 2892 1840 πφαμματεύειν,
2931 1770 3033 1826 καὶ
3065 1769 3421 1840 διακρίνειν.
3471 1770 3761 1843 Σύμμαχος,

511 1855 607 1924 Εἰς
639 1858 956 1926 παιδευτὰς,
981 1861 1077 1917 καὶ
1105 1863 1322 1934 κριτάς.
1357 1839 1426 1918 in
1455 1839 1819 1931 doctores,'et
1853 1839 2092 1936 iudices.

2207 1861 2288 1927 εἰς
2308 1839 2657 1931 παιδευτὰς,
2693 1863 2795 1918 καὶ
2820 1839 3048 1933 κριτάς.

1107 1955 1260 2012 CAP.
1285 1955 1500 2010 XXVII.

575 2038 748 2098 Vens.
779 2043 830 2100 ὃ.
873 2043 940 2098 Et
997 2044 1218 2100 Benaan
1242 2087 1257 2100 .
1286 2045 1386 2102 Hic
1416 2049 1680 2105 sacerdos
1714 2047 1963 2118 ejusdem
1999 2064 2097 2104 no-

512 2135 679 2215 minis
711 2145 796 2192 cst
839 2153 961 2193 cum
995 2138 1256 2208 praefecto
1289 2141 1450 2208 aulae,
1498 2149 1552 2198 et
1579 2149 1778 2212 nepote
1807 2142 1976 2213 regis,
2000 2142 2094 2212 qui

509 2225 696 2288 dictus
731 2238 816 2286 est
849 2244 916 2286 ex
946 2231 1098 2304 regia
1141 2234 1403 2303 prosapia
1439 2233 1632 2292 fuisse.

485 2314 496 2328 ‘
1077 2320 1231 2377 CAP.
1285 2323 1524 2380 XXVIII.

581 2407 748 2466 Vens.
775 2411 828 2469 9.
863 2413 1056 2469 Animo
1079 2426 1390 2483 spontaneo.
1423 2417 1714 2484 Coactum,
1743 2419 1901 2490 dicit,
1927 2420 2094 2477 obse-

508 2503 698 2575 quium
725 2522 834 2561 non
881 2516 1156 2578 acceptat.

571 2596 636 2654 Si
657 2602 956 2670 quaesieris,
980 2604 1279 2660 invenietur
1303 2622 1336 2660 a
1372 2615 1440 2660 te.
1470 2606 1800 2662 Adbortatio
1823 2615 1908 2663 est
1929 2622 2095 2663 evan-

507 2691 718 2760 gelica:
759 2711 778 2744 ι
825 2693 1069 2761 Quaerite
1091 2697 1261 2764 enim,
1297 2697 1455 2766 dicit,
1492 2708 1546 2752 et
1607 2699 1942 2763 invenietis;
1975 2698 2093 2770 pul-

507 2791 646 2850 sate,
677 2793 731 2838 et
763 2788 1040 2854 aperietur
1074 2788 1233 2844 vobis
1249 2785 1317 2845 ".
1361 2810 1380 2844 ι

577 2875 749 2932 Vens.
782 2879 870 2932 1‘2.
902 2879 968 2934 Et
990 2883 1267 2950 exemplar
1287 2884 1546 2952 omnium,
1579 2902 1700 2956 qua:
1735 2894 1888 2941 erant
1920 2887 1972 2940 in
1991 2888 2092 2956 spi-

2775 1958 3029 2012 ΚΕΦΑΔ.
3083 1957 3214 2012 KZ’.

2269 2045 2381 2100 Καὶ
2414 2048 2705 2103 Βαναίαν.
2755 2047 2966 2118 ’ἱερεὺς
3004 2043 3184 2114 οὗτος,
3237 2047 3539 2120 ὁμώνυμος
3579 2047 3669 2102 τοῦ
3713 2047 3759 2100 ὲν

2196 2140 2316 2201 ταῖς
2358 2139 2672 2206 Βοισιλείαις
2719 2141 3016 2214 αὐλάρχου,
3055 2143 3148 2196 καὶ
3180 2141 3474 2210 ἀδελφιδοῦ
3503 2139 3756 2211 βασιλέως,

2197 2229 2462 2302 ῥηθέντος
2496 2232 2562 2286 ὲκ
2595 2231 2695 2303 τῆς
2728 2225 3020 2304 βασιλικῆς
3057 2233 3309 2304 δηλονότι
3343 2232 3551 2302 φυλῆς.

2763 2325 3018 2380 ΚΕΦΑΛ.
3076 2325 3214 2380 KH’.

2263 2415 2375 2468 Καὶ
2401 2414 2576 2484 ψυχῇ
2595 2419 2888 2486 θελούσῃ.
2921 2417 3032 2489 Τὴν
3057 2417 3446 2490 ἁναγκαστήν,
3481 2418 3633 2490 φησὶ,
3657 2417 3756 2472 δον·

2193 2505 2348 2560 λείαν
2387 2509 2487 2560 οὐκ
2515 2508 2868 2580 ἀποδέχεται.

2276 2599 2415 2654 Ἐὰν
2441 2597 2709 2671 ζἠτήσῃς
2749 2602 2959 2666 αὐτὸν,
2993 2603 3394 2672 εὑρεθήσεται
3445 2620 3547 2660 σοι
3600 2603 3754 2668 Εὐαγ-

2195 2694 2416 2764 γελικδν
2451 2693 2512 2747 τὸ
2552 2695 2946 2766 παράγγελμα.
2991 2715 3010 2748 ι
3038 2698 3270 2766 Ζητεττε
3313 2697 3452 2770 γὰρ,
3493 2697 3643 2768 φησι,
3677 2693 3754 2747 καὶ

2191 2786 2484 2858 εὑρήσετε·
2526 2787 2788 2858 κρούετε,
2825 2789 2922 2842 καὶ
2959 2789 3319 2860 ἀνοιγήσεται
3353 2790 3511 2860 ὑμῖν.
3550 2807 3570 2841 ι

2262 2876 2372 2931 Καὶ
2403 2877 2468 2931 τὸ
2524 2875 2903 2946 παράδειγμα
2954 2877 3219 2942 πάντων,
3243 2872 3340 2934 ,ὧν
3384 2879 3461 2933 ἐν
3491 2878 3752 2946 πνεύματι

506 2969 614 3022 ritu
649 2986 771 3023 cum
792 2987 872 3026 eo.
915 2971 1104 3036 Docet,
1157 2973 1272 3030 haec
1299 2965 1416 3030 non.
1443 2977 1683 3032 humana
1721 2979 1959 3041 ratione,
1992 2978 2088 3034 sed

2207 2969 2314 3024 ut"
2353 2967 2564 3024 αὐτοῦ.
2603 2966 2876 3034 Διδάσκει,
2909 2970 2985 3032 ὡς
3025 2969 3086 3022 οὐ
3121 2969 3394 3042 λογισμὸς
3431 2967 3752 3040 ἀνθρώπινος

505 3060 686 3134 gratia
709 3063 891 3118 sancti
920 3062 1164 3134 Spiritus
1201 3081 1324 3120 esse
1358 3067 1662 3136 descripta.

2191 3061 2372 3116 ταῦτα
2409 3060 2730 3134 διέγραψεν,
2763 3061 2881 3115 ἀλλ’
2910 3063 2942 3131 ὴ
2971 3063 3134 3132 χάρις
3165 3063 3263 3116 τοῦ
3310 3062 3658 3133 Πνεύματος.

577 3148 838 3220 Cappore.
895 3152 1038 3209 Vasa
1095 3157 1348 3228 quaedam
1411 3167 1680 3226 aurea,et
1718 3168 1996 3232 argentea,
2030 3159 2085 3214 in

2263 3151 2578 3222 Κὰππωρε.
2613 3153 2794 3224 Σκεύη
2829 3153 2956 3208 τινὰ
2981 3155 3178 3226 χρυσᾶ,
3204 3155 3299 3210 καὶ
3328 3155 3576 3227 ἀργυρᾶ,
3607 3153 3659 3206 ὲν
3687 3145 3750 3213 οἷς

503 3243 711 3314 quibus
738 3245 974 3302 similam
1003 3248 1126 3303 oleo
1160 3248 1486 3306 miscebant.

575 3334 744 3394 Vsus.
775 3337 863 3394 l9.
893 3337 1091 3399 Omnia
1139 3341 1194 3396 in
1221 3340 1506 3412 Scriptura
1559 3342 1624 3398 de
1648 3360 1812 3399 manu
1851 3342 2086 3399 Domini.

502 3429 664 3498 Quod
697 3447 866 3508 supra
884 3433 1045 3492 dixit.
1077 3434 1130 3488 in
1159 3435 1392 3506 Spiritu,
1429 3450 1580 3490 nunc
1617 3435 1752 3490 dicit
1779 3479 1792 3504 ,
1825 3451 1889 3492 ex
1919 3450 2087 3490 manu

503 3521 759 3590 Domini;
790 3523 1052 3580 Dominus
1076 3532 1162 3580 cst
1189 3525 1353 3598 igitur
1386 3525 1632 3596 Spiritus
1653 3536 1908 3581 sanctus.

576 3609 746 3676 Vsus,
781 3613 873 3668 20.
909 3613 1089 3670 Donec
1145 3617 1462 3684 perﬁciatur
1525 3634 1676 3675 omne
1732 3619 2088 3672 ministerium

503 3705 678 3774 operis
701 3703 889 3760 domus
921 3705 1159 3760 Domini.
1219 3705 1350 3762 Post
1391 3706 1705 3767 distinctam
1759 3723 1940 3762 rerum
1987 3723 2086 3763 ex-

503 3796 880 3868 plicationem,
935 3797 1176 3853 divinam
1235 3799 1282 3854 ei
1318 3798 1764 3870 procurationem
1794 3799 2086 3869 promitte-

502 3887 618 3944 bat.
654 3889 792 3944 Dum
853 3889 1000 3944 enim
1063 3890 1320 3954 aediﬁcat,
1350 3889 1476 3960 pius
1529 3899 1614 3945 est
1665 3896 1722 3944 ct
1757 3890 2082 3961 religiosus;

501 3991 786 4044 exstructo
809 3995 990 4038 autem
1019 3983 1272 4048 aediﬁcio,
1293 3985 1360 4038 ad
1389 3984 1730 4056 impietatem
1760 3983 2085 4040 declinavit.

1091 4073 1246 4130 CAP.
1279 4072 1474 4130 xxux.
1921 4146 1924 4150 ,

573 4163 746 4232 Vens,
769 4166 824 4232 5,
851 4164 982 4232 Qui:
1015 4174 1196 4234 sponte
1216 4165 1376 4222 hodie
1416 4184 1546 4222 suas
1580 4185 1770 4224 manus
1803 4170 2084 4240 implebit?

503 4255 928 4326 Postingentem
963 4256 1320 4328 pecuniarum
1351 4258 2075 4333 multitudinem/adhorta-

501 4357 596 4408 tur
623 4349 924 4419 principes,
961 4356 1021 4404 ut
1051 4363 1151 4404 sua
1183 4357 1386 4420 sponte
1419 4365 1644 4407 munera
1665 4351 1774 4407 Deo
1805 4350 2080 4418 aﬂ'erant;

500 4449 557 4498 et
589 4457 712 4496 cum
747 4441 934 4513 populi
961 4442 1448 4510 promptitudiuem
1503 4443 1753 4510 vidisset,
1785 4458 1884 4513 per
1920 4443 2080 4515 hym-

502 4550 634 4594 num
668 4534 779 4590 Deo
812 4533 1022 4604 gratias
1041 4533 1176 4604 agit.

577 4625 708 4682 Vas.
753 4626 842 4680 10.
887 4625 952 4680 1η
981 4625 1168 4680 throno
1211 4625 1447 4693 Domini,
1483 4637 1542 4682 ut
1578 4639 1820 4700 regnaret
1849 4643 1945 4699 pro
1975 4626 2085 4682 Da-

500 4717 616 4773 vide
635 4725 790 4785 patre
819 4731 936 4780 suo.
969 4715 1074 4770 Pro
1113 4729 1181 4770 eo
1211 4719 1360 4787 quod
1387 4725 1493 4784 est,
1519 4719 1572 4773 in
1608 4720 1866 4774 thronum
1895 4719 2083 4775 datum

503 4824 532 4862 a
554 4808 670 4862 Deo
693 4804 970 4868 consedit.
1003 4801 1160 4861 Finis
1183 4816 1364 4862 autem
1419 4809 1789 4877 praecedentis
1837 4810 2114 4866 historiae

502 4898 771 4965 ostendit,
801 4896 1082 4970 quomodo
1130 4896 1378 4966 Samuel,
1407 4899 1646 4967 Nathan,
1699 4914 1754 4959 et
1789 4901 1930 4958 Galli
1958 4917 2088 4979 pro-

505 4993 684 5063 phetae
721 4989 894 5045 libros
951 4987 1304 5065 conscriptos
1343 4991 1662 5049 habuerint.

580 5172 629 5208 ⁸⁷
660 5171 848 5234 Matth.
893 5151 990 5241 νιῖ,
1022 5173 1076 5233 7.

2193 3244 2398 3316 ἔφυρον
2431 3245 2532 3317 τὴν
2564 3245 2846 3316 σεμίδαλιν
2869 3245 3058 3317 ἐλαίῳ.

2261 3337 2464 3391 Πάντα
2499 3337 2570 3390 ἐν
2601 3336 2819 3406 Γραφῇ
2852 3336 2923 3390 ἐκ
2955 3338 3156 3406 χειρὸς
3181 3337 3428 3405 Κυρίου.
3461 3339 3636 3410 Ὅπερ
3662 3336 3749 3389 ἄνω

2189 3421 2366 3492 εἶπεν,
2399 3428 2457 3478 έν
2495 3425 2917 3499 πνεύματι,νῦν
2976 3427 3042 3481 ἐκ
3101 3426 3288 3498 χειρὸς
3316 3427 3557 3499 Κυρίου,
3605 3424 3746 3496 φησί·

2189 3521 2398 3592 Κύριος
2429 3519 2560 3591 ἄρα,
2601 3518 2663 3572 τὸ
2695 3519 2962 3586 πανάγιον
2991 3517 3242 3587 Πνεῦμα.

2264 3613 2420 3678 Ἕως
2447 3610 2556 3666 τοῦ
2601 3611 2971 3665 συντελέσαι
3011 3607 3220 3665 πᾶσαν
3243 3608 3362 3678 τὴν
3397 3608 3747 3680 λειτουργίαν

2187 3705 2474 3781 ἐργασίας
2495 3704 2738 3772 Κυρίου.
2773 3701 2929 3756 Μετὰ
2971 3701 3254 3781 διορισμοῦ
3289 3701 3390 3774 τὴν
3435 3703 3588 3758 θείαν
3623 3697 3747 3768 αὐτῷ

2187 3780 2521 3869 κηδεμονίαν
2550 3795 2836 3865 ὑπέσχετο.
2863 3793 3178 3863 Οἰκοδομῶν
3197 3780 3334 3867 γὰρ,
3359 3795 3610 3850 εὐσεϐεῖ·
3635 3791 3745 3862 πλη-

2192 3889 2374 3962 ρώσας
2405 3889 2486 3956 δὲ,
2519 3888 2658 3962 πρὸς
2686 3886 2944 3942 ἀσέϐειαν
2973 3885 3206 3942 ἔκλινεν.

2759 4068 3016 4124 ΚΕΦᾹΛ.
3069 4067 3200 4122 ΚΘ’.

2258 4162 2370 4220 Kal
2425 4163 2516 4230 τίς
2563 4163 2986 4218 ἑκουσιάσεται
3047 4158 3368 4230 πληρῶσαι
3418 4161 3526 4228 τὰς
3567 4156 3741 4230 χεῷας

2185 4256 2374 4313 αὑτοῦ
2399 4255 2710 4328 σήμερον;
2738 4255 2896 4310 Μετὰ
2939 4253 3147 4325 πλῆθος
3173 4253 3404 4328 ἄπειρον
3447 4252 3741 4326 χρημάτων,

2186 4347 2488 4420 προτρέπει
2521 4349 2648 4412 τοὺς
2672 4347 2945 4419 ἄρχοντας
2975 4345 3206 4410 ἑκόντας
3230 4348 3598 4418 προσενέγκαι
3619 4338 3741 4408 δῶρα

2185 4440 2325 4512 Θεῷ.
2359 4439 2490 4505 Καὶ,
2525 4439 2620 4493 τοῦ
2656 4438 2790 4492 λαοῦ
2839 4439 2942 4511 τὴν
2986 4438 3299 4510 προθυμίαν
3326 4437 3473 4504 ιδὼν,
3505 4429 3737 4510 χαριστή-

2115 4555 2159 4614 D
2191 4551 2304 4606 ριον
2337 4532 2507 4602 ὓμνον
2535 4531 2813 4606 προσάγει
2847 4531 2994 4602 Θεῷ.

2267 4623 2400 4679 Ἐπὶ
2447 4625 2666 4694 θρόνου
2699 4622 2923 4690 Κυρίου
2957 4624 3046 4689 εἰς
3083 4621 3350 4688 βασιλέα
3392 4621 3526 4678 ἀντὶ
3566 4614 3736 4674 Δαϐίδ.

2195 4717 2342 4771 Ἀντὶ
2369 4715 2487 4783 τοῦ,
2519 4717 2600 4780 εἰς
2637 4716 2733 4771 τὸν
2757 4716 2866 4769 ὑπὸ
2891 4714 3030 4768 Θεοῦ
3053 4714 3278 4768 δοθέντα
3304 4715 3494 4786 θρόνον
3522 4710 3734 4768 ἐκάθισε.

2183 4809 2351 4882 Δηλοῖ
2390 4810 2448 4864 δὲ
2479 4809 2580 4880 τῆς
2623 4808 2902 4881 προτέρας
2953 4807 3199 4879 ἱστορίας
3225 4806 3288 4860 τὸ
3329 4808 3505 4872 τέλος,
3553 4805 3623 4868 ὡς
3659 4797 3732 4855 καῖ

2185 4901 2463 4974 Σαμουὴλ,
2493 4901 2591 4956 καὶ
2619 4899 2832 4966 Ναθὰν,
2856 4900 2951 4954 καὶ
2977 4899 3105 4967 Γὰδ,
3131 4901 3182 4954 oi
3213 4899 3514 4970 προφῆται,
3549 4893 3734 4968 βίϐλους

2187 4987 2333 5066 εῖχον
2365 4991 2892 5066 συγγεγραμμένας.
