3960 6230
282 364 412 428 1200

1209 367 1742 429 COMMENTARII
1775 369 1856 430 IN
1898 371 2044 431 LIB.
2070 369 2139 449 ‘II
2179 372 2527 437 PARALIP.

3388 372 3524 441 1210

274 636 517 752 ΕΙΣ
553 633 870 749 ΤΗΝ
930 631 1693 747 ΔΕΥΤΕΡΑΝ
1731 633 2034 747 ΤΩΝ
2074 628 3526 755 ΠΑΡΑΛΕΙΠΟΜΕΝΩΝ

348 1054 510 1181 ΙΝ
557 1040 1404 1180 SECUNDUM
1449 1042 2066 1172 LIBRUM
2108 940 3453 1176 PARALIPOMENOND
3554 1208 3562 1225 ε

1381 1289 1720 1344 Hartmanno
1757 1284 2124 1357 Hambergero
2148 1284 2458 1359 interprete.

884 1606 1137 1662 ΚΕΦΑΛ.
1185 1607 1261 1659 B’.

358 1695 467 1751 Kal
504 1696 595 1762 τίς
628 1697 826 1767 ἰσχύει
854 1697 1248 1767 οικοδομῆσαι
1275 1694 1436 1762 αὐτῷ
1464 1695 1668 1761 οἵκον;
1701 1693 1863 1764 Δηλοῖ

286 1785 367 1857 τῷ
403 1786 593 1856 Χιρέιμ
628 1786 727 1856 τὴν
750 1786 958 1840 οἰκείαν
983 1785 1334 1846 θεογνωσίαν.
1366 1785 1464 1848 Τίς
1501 1783 1631 1855 γὰρ,
1669 1783 1860 1855 φησὶν,

290 1875 442 1941 ἄξιον
474 1873 623 1931 οἷκον
661 1879 915 1949 ἀνεγερεῖ
948 1878 1025 1948 τῷ
1054 1878 1195 1947 Θεῷ,
1223 1879 1282 1932 ὃν
1322 1879 1424 1931 οὐκ
1460 1877 1573 1947 ἔχει
1607 1878 1807 1946 χωρεῖν
1837 1877 1865 1927 6

289 1967 522 2037 οὐρανὸς
580 1970 608 2021 6
643 1969 976 2041 ὑπέρτερος;
1046 1971 1195 2041 Πλὴν
1241 1971 1384 2023 κατὰ
1438 1968 1668 2039 δύναμιν
1718 1966 1867 2037 αὐτῷ

290 2060 556 2128 προσάγω
592 2061 781 2127 σέϐας,
824 2063 918 2115 καὶ
972 2063 1161 2133 τιμήν.
1192 2064 1356 2116 Ὅσον
1395 2062 1452 2116 δὲ
1485 2061 1593 2116 τῶν
1625 2060 1868 2113 εὐσεϐῶν

291 2149 535 2220 ὀνίνησιν
568 2151 601 2220 ή
632 2151 806 2217 φιλία,
834 2152 1138 2224 δεδήλωκεν
1169 2153 1198 2205 6
1222 2152 1434 2224 Χιρὰμ,
1475 2152 1677 2220 λέγων·
1720 2169 1738 2203 ι
1764 2150 1870 2203 Εὑ-

291 2237 520 2309 λογητὸς
563 2241 791 2313 Κύριος,
843 2245 871 2295 6
921 2242 1055 2305 Θεὸς
1086 2242 1343 2314 Ἰσραήλ,
1392 2242 1449 2306 ὃς
1494 2242 1725 2310 ἐποίησε
1778 2241 1871 2294 τὸν

291 2332 559 2400 οὐρανὸν,
625 2334 719 2386 καὶ
788 2335 890 2405 τὴν
945 2335 1049 2405 γῆν
1085 2351 1100 2366 ⁸
1151 2356 1169 2388 ι
1225 2337 1301 2397 ὡς
1358 2335 1423 2405 δὴ
1478 2335 1750 2405 προγνοὺς
1808 2334 1874 2387 ὲκ

292 2421 478 2486 Δασὶδ,
518 2423 593 2488 ὡς
623 2427 650 2477 ὁ
685 2425 817 2488 Θεὸς
849 2425 1068 2498 Ἰσραήλ
1112 2429 1229 2479 ἐστι
1267 2426 1498 2496 ποιητὴς
1536 2423 1770 2496 οὐρανοῦ
1810 2440 1873 2477 τε

293 2515 391 2569 καὶ
425 2517 548 2585 γῆς.
585 2518 645 2570 '0
675 2518 732 2571 δὲ
769 2517 878 2571 τῶν
916 2518 1132 2589 μέτρων
1172 2519 1408 2590 ἀριθμὸς
1445 2517 1540 2572 τοῦ
1573 2517 1703 2571 ναοῦ
1744 2517 1874 2569 δια-

296 2606 636 2679 φωνίανόὐκ
674 2608 789 2680 ἔχει
827 2610 967 2681 πρὸς
1010 2611 1101 2664 τὸν
1138 2613 1195 2664 ὲν
1233 2613 1351 2673 ταῖς
1395 2610 1706 2672 Βασιλείαις
1729 2627 1743 2640 ·
1779 2609 1876 2663 ἐάν

295 2715 381 2762 τις
412 2699 528 2761 τοῖς
591 2700 691 2770 μὲν
737 2701 1153 2769 τεσσαράκοντα
1204 2703 1438 2771 πήχεσιν
1492 2700 1586 2754 τοῦ
1639 2701 1871 2771 μήκους,

299 2791 509 2862 προσθῇ
537 2792 663 2855 τοὺς
710 2791 884 2846 εῐκοσι
918 2791 1012 2845 τοῦ
1046 2793 1279 2863 Δαϐείρ·
1312 2795 1424 2856 τοῖς
1482 2792 1538 2846 δὲ
1568 2793 1731 2845 πέντε
1781 2792 1877 2844 καὶ

298 2881 475 3028 είέρσι
523 2881 728 2953 ὕψους,
775 2880 884 2937 τῶν
918 2881 1237 2952 διωρόφων,
1289 2885 1386 2938 καὶ
1437 2884 1763 2956 τριωρόφων
1806 2883 1875 2936 τὰ

302 2989 340 3028 ιι
408 2987 500 3028 Da.

302 2987 500 3045 μετρα.

387 3235 491 3294 Ἐκ
526 3239 762 3306 πόλεως
799 3240 997 3295 Δαϐίδ.
1041 3240 1151 3312 Τὴν
1197 3240 1335 3295 Σιὼν
1374 3240 1516 3296 οὕτω
1573 3242 1751 3308 καλεῖ,
1813 3241 1880 3313 ἣν

302 3328 587 3401 ὠχύρωσε,
621 3330 865 3400 τειχίσας
889 3332 947 3384 ὲν
981 3333 1118 3404 αὐτῇ
1146 3332 1214 3385 τὰ
1245 3331 1509 3402 βασίλεια.

375 3422 482 3476 Ἔν
514 3421 588 3491 τῇ
633 3422 832 3491 ἑορτῇ.
867 3424 1042 3493 Δῆλον
1083 3425 1168 3477 ὅτι
1200 3425 1311 3478 τῶν
1363 3424 1776 3495 σκηνοπηγιῶν.
1821 3421 1882 3476 '0

309 3508 417 3580 μὴν
444 3511 573 3581 γὰρ,
611 3512 801 3580 φησὶν,
836 3511 1089 3580 ἒδδομος.

905 3605 1156 3659 ΚΕΦΔΛ.
1214 3606 1289 3660 Γ’.

377 3693 609 3763 Δασείρ.
665 3692 741 3747 T6
793 3694 986 3749 ἄδυτον
1036 3697 1133 3749 καὶ
1191 3695 1469 3766 ἄψαυστον
1513 3693 1658 3750 οὕτω
1702 3696 1881 3762 καλεῖ,

307 3781 445 3854 ὅπερ
486 3783 656 3852 ⁶’Δγια
711 3783 884 3853 ἁγίων
939 3784 1061 3849 ἔθος
1117 3784 1405 3859 ὀνομάζειν
1455 3789 1522 3858 τῇ
1577 3785 1698 3857 Θείᾳ
1739 3786 1884 3859 Γρα-

311 3878 408 3947 φῆν

907 3970 1160 4024 ΚΕΦΑΛ.
1203 3973 1278 4026 Z'.

258 4110 265 4115 .
385 4060 573 4134 ᾮδῶν
612 4062 865 4132 Κυρίου,
914 4056 1003 4116 ὧν
1050 4062 1341 4129 ἐποίησεν
1382 4065 1417 4118 d
1464 4066 1664 4120 Δαϐἰδ.
1719 4067 1885 4121 Πάλιν

234 4174 240 4182 ⁸
314 4155 575 4221 ἐδίδαξεν,
614 4156 689 4220 ὼς
727 4155 891 4208 Δαὸίδ
945 4156 1085 4208 εἰσιν
1109 4158 1159 4209 ot
1215 4156 1460 4227 Ψαλμοί.
1515 4158 1774 4213 Εὑσεὸὦν
1829 4158 1886 4213 δὲ

1887 1600 1938 1658 Α

2522 1601 2687 1675 549
2736 1601 2886 1658 CAP.
2921 1603 2983 1657 ιι.

2040 1694 2201 1751 Vnus.
2225 1694 2279 1761 6,
2304 1695 2436 1762 Quis
2465 1712 2584 1751 vero
2619 1704 2771 1750 tanta
2805 1695 3058 1765 praeditus
3101 1695 3328 1757 virtute,
3368 1703 3425 1746 ut
3460 1691 3547 1747 illi

1966 1787 2184 1843 domum
2214 1788 2469 1857 wdiﬁcet?
2490 1786 2656 1843 Suam
2693 1790 2757 1843 de
2789 1791 2898 1843 Deo
2939 1788 3192 1842 notitiam
3228 1786 3331 1857 ipsi
3357 1784 3544 1838 Hiram

1967 1876 2258 1948 patefacit.
2320 1876 2457 1942 Quis
2507 1878 2675 1943 enim,
2728 1878 2926 1947 inquit,
2984 1876 3314 1946 condignam
3373 1872 3546 1928 aedem

1910 2018 1915 2023 .
1967 1976 2280 2024 exstrueret
2302 1969 2432 2033 Deo,
2462 1985 2624 2039 quem
2655 1976 2937 2024 extremus
2989 1970 3113 2024 coeli
3139 1966 3408 2021 circuitus
3438 1977 3546 2018 non

1968 2067 2150 2130 potest
2175 2059 2690 2128 comprehendere?
2723 2060 3120 2117 Verumtamen
3147 2074 3247 2128 pro
3261 2071 3380 2112 mea
3404 2054 3548 2109 virili

1973 2151 2331 2207 reverentiam
2361 2159 2417 2206 et
2448 2151 2715 2205 honorem
2768 2150 2849 2204 illi
2898 2149 3116 2204 deferre
3154 2163 3347 2203 conor.
3378 2145 3552 2202 Caete-

1974 2256 2095 2295 rum
2114 2246 2386 2310 quantum
2425 2238 2684 2294 utilitatis
2713 2254 2776 2293 ex
2826 2239 3039 2308 piorum
3083 2237 3368 2291 hominum
3415 2248 3550 2287 con-

1977 2331 2272 2388 suetudine
2332 2329 2544 2395 redeat,
2609 2329 2825 2382 clarum
2864 2326 2951 2381 his
3009 2325 3192 2381 verbis
3236 2323 3392 2386 fecit,
3424 2337 3551 2376 cum

1976 2425 2184 2495 inquit:
2224 2444 2245 2477 ι
2298 2421 2642 2478 Benedictus.
2694 2419 2962 2474 Dominus
3016 2419 3163 2473 Deus
3219 2413 3409 2480 lsracl,
3459 2414 3552 2482 qui

1977 2516 2107 2572 fecit
2139 2515 2340 2569 coelum
2387 2522 2443 2568 et
2474 2508 2780 2567 terram".i
2796 2508 2951 2565 Unde
2983 2510 3128 2565 enim
3154 2507 3283 2561 huic
3320 2505 3437 2559 haec
3459 2503 3554 2557 Dei

1976 2607 2197 2667 notitia,
2240 2604 2351 2660 nisi
2398 2602 2547 2674 quod
2581 2602 2701 2672 ipso
2751 2600 2960 2656 Davide
3001 2616 3136 2656 usus
3165 2609 3249 2654 est
3270 2592 3555 2651 familiari-

1977 2701 2105 2756 ter?
2140 2699 2317 2754 Porro
2377 2712 2644 2752 numerus
2706 2710 2769 2749 ac
2814 2693 3103 2765 proportio
3147 2690 3556 2748 dimensionum

1979 2791 2166 2861 templi
2223 2790 2389 2857 hujus
2429 2787 2571 2842 nihil
2631 2786 2908 2856 discrepat
2968 2784 3036 2840 ab
3060 2783 3202 2854 ejus,
3253 2783 3320 2838 de
3355 2796 3467 2850 quo
3500 2777 3557 2831 in

1979 2880 2190 2952 Regum
2245 2878 2406 2933 libris
2438 2876 2719 2932 memoria;
2752 2876 3030 2945 proditum
3053 2883 3174 2939 est;
3208 2873 3253 2928 si
3275 2872 3400 2941 quis
3425 2883 3561 2938 qua-

1906 2949 1950 3005 B
1980 2949 2233 3044 draginta
2291 2970 2511 3038 quidem
2569 2968 2774 3023 cubitis
2803 2966 3194 3036 longitudinis,
3239 2962 3434 3031 viginti
3463 2976 3561 3015 cu-

1983 3064 2126 3119 bitos
2151 3061 2339 3115 Sancti
2399 3066 2718 3115 sanctorum
2767 3057 2967 3121 addat;
3002 3054 3199 3126 viginti
3236 3067 3369 3133 vero
3402 3050 3562 3121 quiu-

1980 3169 2088 3226 que
2116 3150 2422 3207 altitudinis
2459 3148 2667 3203 cubitis
2696 3161 2989 3203 mensuras
3013 3145 3390 3214 fastigiorum,

2047 3248 2133 3302 Ea:
2157 3245 2372 3300 civitate
2394 3241 2591 3297 David.
2616 3241 2748 3295 Sion
2781 3241 2985 3305 innuit,
3012 3254 3177 3310 quam
3210 3236 3561 3291 munitiorem

1981 3339 2140 3400 fecit.
2176 3344 2231 3392 et
2262 3336 2412 3403 regia
2443 3332 2777 3387 nobilitavit.

2050 3431 2117 3486 In
2141 3430 2298 3499 festo.
2329 3427 2600 3481 Nimirum
2655 3421 3175 3487 tabernaculorum;
3207 3418 3259 3473 id
3292 3416 3436 3473 enim
3458 3411 3561 3470 sibi

1985 3526 2104 3581 vult
2134 3525 2339 3579 mensis
2375 3520 2665 3591 septimus.

2641 3607 2798 3662 CAP.
2822 3607 2916 3662 Ill.

2047 3704 2239 3759 Dabir.
2264 3703 2503 3775 Adytum
2536 3701 2640 3755 hoc
2668 3706 2827 3755 vocat
2855 3697 3098 3760 nomine,
3130 3696 3276 3764 quod
3303 3692 3563 3749 Sanctum

1985 3805 2308 3852 sanctorum
2361 3792 2650 3863 Scriptura
2708 3790 2893 3845 divina
2940 3785 3232 3842 consuevit
3266 3783 3562 3855 appellare.

2678 3959 2785 4014 AP.
2810 3957 2925 4014 VII.

2678 3961 2785 4014 AP.
2811 3961 2849 4012 Υ
2886 3961 2925 4012 1.

2058 4054 2225 4111 Vens.
2252 4055 2306 4110 6.
2342 4053 2586 4109 Laudum
2620 3961 2983 4121 Εοηιὶηἱιξιιαε
3023 4046 3256 4102 carmine
3284 4043 3564 4098 celebrauit

1992 4147 2183 4202 David.
2221 4145 2338 4201 Hoc
2370 4144 2516 4200 aliud
2558 4143 2936 4198 testimonium
2974 4148 3079 4205 est,
3126 4139 3375 4194 Psalmos
3403 4138 3567 4190 David

316 4246 598 4317 Σαλομὼν,
634 4245 736 4299 οὐκ
764 4246 975 4316 ἀφῆκεν
999 4248 1170 4299 οἰκεῖν
1201 4248 1259 4299 ὲν
1290 4226 1424 4315 οἴκῳ
1466 4248 1630 4302 Δαῦὶδ
1658 4250 1759 4321 τὴν
1791 4250 1883 4302 θυ-

1999 4240 2194 4294 habere
2215 4243 2521 4291 auctorem.
2541 4234 2810 4289 Caeterum
2835 4227 3356 4299 Solomon,pietatis
3390 4226 3569 4279 adimo

2106 4330 2140 4343 ο.
2344 4328 2413 4343 ιιι--
2450 4341 2458 4343 -
2490 4326 2547 4343 ns
2582 4340 2698 4343 _-A_
2726 4325 2791 4343 ,9-
2853 4324 3060 4343 ---Νη-Α
3101 4323 3279 4343 1----...α
3325 4319 3375 4343 2...
3411 4318 3569 4343 λης-..η

315 4339 525 4409 τατέρα
563 4337 658 4391 τοῦ
698 4337 916 4408 Φαραώ.
967 4338 1120 4406 Ἀγία
1175 4339 1305 4409 γὰρ,
1345 4332 1500 4404 οὗτός
1550 4358 1706 4413 φησι,
1751 4342 1888 4396 Θεοῦ

316 4429 565 4500 εἰσῆλθεν
608 4432 726 4483 ἐκεῖ
762 4433 794 4500 ή
844 4430 1074 4494 κιϐωτὸς
1101 4431 1332 4501 Κυρίου.
1394 4431 1478 4486 Τὰ
1525 4434 1582 4486 δὲ
1625 4434 1886 4504 ἀγώγιμα

322 4521 452 4589 ξύλα
480 4521 711 4575 πεύκινα
745 4522 1011 4591 κέκληκεν
1043 4523 1073 4574 6
1118 4521 1443 4591 Ἰώσηππος,
1487 4524 1630 4596 ἆπερ
1676 4528 1734 4578 ἐν
1782 4527 1890 4579 Βα-

324 4613 555 4677 σιλείαις
590 4613 1046 4685 ὑποστηρίγματα
1075 4614 1169 4668 τοῦ
1223 4615 1377 4669 οἴκου
1430 4617 1640 4685 Κυρίου
1699 4620 1889 4687 φησιν,

321 4705 535 4761 καὶτοῦ
578 4706 732 4760 οἴκου
763 4705 857 4760 τοῦ
896 4704 1189 4770 Βασιλέως.
1228 4709 1337 4761 Καὶ
1370 4706 1427 4761 δν
1457 4707 1744 4780 ἄνθρωπον
1778 4713 1895 4763 ἐκεῖ

321 4814 456 4869 φησι
481 4795 577 4850 τοῦ
636 4795 771 4850 Θεοῦ
827 4795 1107 4867 βρωθέντα
1140 4797 1244 4851 ὑπὸ
1298 4798 1393 4852 τοῦ
1446 4799 1694 4866 λέοντος,
1738 4801 1895 4872 Ἰωήλ

325 4888 584 4946 ἐνταῦθα.

940 4983 1195 5036 ΚΕΦΑΛ.
1235 4984 1292 5037 ιν.

400 5074 508 5131 Kal
543 5075 656 5129 οὐκ
681 5072 952 5142 ἤκουσεν
979 5076 1011 5127 ὀ
1028 5073 1333 5138 ,βασιλεὺς
1360 5074 1467 5129 τοῦ
1496 5075 1671 5139 λαοῦ,
1704 5075 1792 5128 ὅτι
1822 5070 1900 5144 ἦν

322 5165 710 5238 μεταστροφὴ
745 5165 863 5221 ἀπὸ
890 5166 996 5219 τοῦ
1019 5164 1188 5220 Θεοῦ.
1221 5157 1322 5219 Ὧν
1357 5166 1465 5239 γὰρ
1494 5168 1719 5237 κήδεται
1746 5168 1897 5233 Θεὸς,

330 5260 551 5337 τούτους
578 5260 648 5313 τὰ
685 5258 935 5328 πρακτέα
973 5257 1208 5324 σοφίζει.
1243 5257 1448 5311 Τούτου
1487 5258 1544 5312 δέ
1586 5277 1669 5323 τις
1710 5276 1904 5331 στερη-

336 5350 545 5421 ρηοεὶς,
583 5350 660 5414 ὡς
721 5349 930 5420 ἔτυχεν,
981 5349 1230 5419 φέρεται.
1304 5350 1493 5416 Ἔδοξε
1552 5351 1610 5404 δὲ
1661 5350 1739 5420 τῷ
1784 5352 1904 5423 Θεῴ

332 5443 530 5497 διελεῖν
554 5442 654 5511 τὴν
709 5441 1006 5511 βασιλείαν,
1045 5440 1163 5493 ἀνθ’
1211 5433 1284 5494 ὧν
1337 5442 1591 5509 Σολομὼν
1624 5444 1906 5514 ἐπλημμέ-

334 5534 488 5605 λησε.
525 5530 633 5585 Τοῦ
665 5532 722 5585 δὲ
765 5529 901 5584 θεοῦ
931 5531 1021 5583 τὸν
1063 5530 1189 5582 λαὸν
1236 5531 1554 5601 ἀποστήσας
1601 5531 1903 5605 Ἰεροϐοὰμ,

340 5622 432 5678 καὶ
460 5626 581 5688 τοῦς
610 5626 775 5693 ἱερεῖς
798 5623 985 5689 αὑτοῦ,
1014 5621 1106 5677 καὶ⁷
1134 5623 1384 5690 Λευΐτας,
1413 5625 1711 5695 ἀπήλασεν,
1742 5628 1906 5692 ἰδίους

378 5800 425 5835 ⁸⁸
456 5800 604 5858 Psat.
622 5814 782 5871 την,
803 5798 857 5858 6.

1999 4330 2304 4392 studiosus,
2341 4328 2468 4382 tiliae
2490 4325 2798 4380 Pharaonis
2852 4324 3063 4376 nullum
3101 4323 3281 4375 locum
3325 4319 3378 4372 in
3408 4318 3575 4372 domo

2000 4420 2225 4475 Davidis
2253 4418 2512 4488 reliquit;
2566 4422 2929 4471 sacrosancta
2976 4414 3150 4476 enim,
3218 4398 3417 4479 inquit,
3480 4406 3571 4461 Dci

2001 4530 2129 4569 arca
2162 4513 2215 4567 in
2247 4527 2367 4567 eam
2393 4518 2479 4566 est
2504 4511 2776 4579 ingressa.
2801 4506 2974 4559 Porro
2996 4505 3168 4573 ligna,
3197 4517 3319 4571 quae
3346 4500 3572 4555 advecta

2001 4612 2151 4670 sunt,
2177 4604 2408 4673 abiegna
2448 4598 2667 4653 vocavit
2700 4593 2996 4666 Josephus,
3035 4608 3099 4647 ex
3130 4593 3334 4662 quibus
3352 4589 3574 4661 quidem

2004 4696 2312 4767 pavimenta
2333 4694 2530 4748 domus
2579 4689 2794 4744 Domini
2823 4697 2989 4757 atque
3019 4686 3186 4757 regiae
3231 4684 3375 4739 facta
3409 4687 3572 4744 sunt,

2004 4796 2166 4843 utest
2196 4788 2250 4841 in
2285 4786 2441 4840 libris
2459 4785 2693 4854 Regum.
2731 4782 2977 4850 Denique
3000 4779 3303 4840 hominem,
3330 4776 3426 4846 qui
3464 4773 3576 4828 illic

2004 4898 2033 4936 a
2068 4880 2227 4934 leone
2255 4877 2552 4934 devoratus
2587 4874 2816 4937 dicitur,
2845 4870 2962 4927 Joel
2997 4871 3086 4925 hic
3109 4876 3292 4924 vocat.

2662 4962 2820 5020 CAP.
2856 4960 2922 5018 X.

2076 5082 2239 5137 Vens.
2276 5082 2361 5137 13.
2395 5081 2504 5135 Nec
2530 5078 2738 5134 audivit
2768 5093 2861 5132 rex
2883 5076 3160 5144 populum,
3187 5072 3438 5145 quoniam
3466 5076 3580 5124 erat

2011 5173 2263 5228 revolutio
2294 5188 2329 5225 α
2387 5170 2512 5225 Deo.
2570 5168 2814 5234 Quorum
2840 5167 2984 5220 enim
3044 5179 3233 5218 curam
3271 5163 3416 5217 Deus
3448 5160 3581 5231 agit,

2012 5262 2232 5320 eosdem
2264 5262 2426 5316 etiam
2487 5260 2555 5315 de
2602 5260 2773 5314 rebus
2802 5254 3055 5327 gerendis
3090 5252 3353 5316 instruit;
3382 5252 3584 5322 quibus

2013 5367 2144 5406 vero
2166 5351 2415 5406 eamdem
2442 5347 2743 5409 subtrahit,
2808 5357 2908 5400 suo
2939 5339 3202 5409 relinquit
3238 5337 3418 5406 genio.
3459 5335 3579 5388 Sta-

2014 5443 2118 5497 tuit
2151 5458 2281 5497 vero
2329 5441 2474 5495 Deus
2529 5450 2757 5507 regnum
2811 5431 3073 5488 dirimere
3132 5432 3357 5497 propter
3389 5423 3587 5476 delicta

2018 5536 2352 5591 Solomonis.
2386 5533 2653 5588 Czntcrum
2705 5544 2829 5584 cum
2871 5524 3133 5596 populum
3176 5519 3288 5591 jam
3314 5514 3587 5571 addel'rc—

2018 5629 2221 5683 tionem
2264 5624 2355 5680 Dci
2415 5622 2709 5679 Jcroboam
2760 5614 3192 5678 commovisset,
3259 5606 3585 5663 sacerdotes
