3960 6230
377 392 512 462 1Ξ13

1325 397 1861 461 COMMENTARII
1902 402 1985 462 IN
2028 400 2177 461 LIB.
2218 399 2279 461 II
2320 397 2668 459 PARALIP.

3504 384 3634 449 ltili

378 509 443 563 Et
477 508 584 579 γάρ
619 508 969 579 ὲπῖστευσας,
1026 512 1218 581 φησιν,
1269 511 1440 585 ἄρδην
1487 514 1553 569 ἂν
1588 514 1798 578 πάντας
1854 514 1950 568 άπ-

2077 513 2260 567 ιδναρι.
2298 514 2390 579 At,
2439 514 2484 569 si
2520 513 2573 567 in
2630 510 2741 565 Deo
2777 506 3137 571 contidisses,
3190 501 3412 575 inquit,
3448 518 3636 559 omnes

376 603 644 665 έλτεινας.

972 692 1227 747 ΚΕΦΑΛ.
1256 696 1353 749 ΙΖ¹.

452 782 582 836 Ὅτι
607 780 902 850 ἐπορεύθη
929 781 998 837 ἐν
1036 783 1202 850 ὁδοῖς
1247 785 1424 840 Δαϐὶδ
1455 787 1560 842 τοῦ
1586 786 1809 856 πατρὸς
1848 776 1953 840 αὐ-

372 872 480 928 τοῦ
518 872 648 940 ταῖς
684 873 961 941 πρώταις.
986 876 1297 943 ,Τουτέστῃ
1320 881 1441 934 κατ’
1461 879 1637 952 ἀρχάς
1667 878 1761 933 τοῦ
1788 878 1952 932 Δαόὶδ

373 966 566 1038 ἐζήλου
588 964 687 1035 τὴν
707 965 933 1036 ἀρετήν.

439 1054 548 1108 Καὶ
596 1052 808 1122 ὑψώθη
847 1056 885 1123 ή
918 1056 1133 1124 καρδία
1175 1059 1382 1113 αὐτοῦ.
1419 1059 1510 1112 Ἐν
1533 1059 1744 1131 ἐπαίνῳ
1792 1058 1953 1115 τοῦτό

373 1163 558 1217 φησιν.
596 1146 910 1215 Ἐπήγαγεν
931 1147 1040 1217 γὰρ
1058 1147 1127 1201 ἐν
1156 1149 1318 1217 ὁδοῖς
1347 1152 1588 1220 Κυρίου.

456 1236 945 1307 Ἐκουσιαζόμενον
972 1239 1028 1291 δὲ
1057 1240 1204 1309 λέγει
1223 1240 1301 1310 τῷ
1324 1242 1536 1313 Κυρίῳ,
1561 1243 1654 1297 τὸν
1683 1244 1782 1313 οὐχ
1812 1243 1953 1315 ὑπὲρ

372 1325 791 1397 ἁμαρτημάτων
822 1328 1227 1399 προσφέροντα,
1263 1331 1414 1402 δῶρα
1433 1331 1489 1383 δὲ
1512 1332 1954 1404 προσκομίζοντα

373 1419 449 1491 τῷ
482 1419 622 1491 Θεῷ.

822 1666 825 1667 ν
968 1605 1222 1661 ΚΕΦΛΔ.
1244 1604 1348 1660 ῙΘ’.

462 1700 624 1756 Ἀλλ’
658 1701 694 1769 ἧ
722 1700 892 1770 λόγοι
962 1700 1170 1771 ἀγαθοὶ
1227 1698 1567 1768 εἰιρέθησαν
1607 1702 1676 1754 ἐν
1706 1701 1827 1757 σοί.
1864 1703 1954 1755 Δι-

373 1793 581 1856 δάσκει,
620 1793 693 1856 ὼς
734 1792 951 1846 ἐλαττοῖ
976 1791 1076 1855 ’τὰς
1123 1792 1213 1845 ἐπὶ
1234 1793 1347 1854 τοῖς
1380 1791 1745 1863 ἁμαρτήμασι
1773 1810 1950 1862 τιμω-

1966 603 1971 608 ’
2054 606 2382 662 occidisses.

2653 694 2806 750 CAP.
2850 691 3016 747 XVII.

2127 788 2291 844 Vens.
2335 790 2389 844 5.
2433 788 2701 852 Quoniam
2731 786 2948 840 incessit
2981 787 3035 840 in
3062 781 3510 855 t‘estigiisDavid
3546 797 3639 849 pa-

2055 882 2154 937 tris
2180 883 2264 935 sui
2290 882 2572 950 prioribus.
2601 880 2718 935 Hoc
2748 891 2854 948 est,
2892 880 3050 936 initio
3092 881 3351 934 virtutem
3418 875 3640 930 Davidis

2054 987 2137 1031 est
2165 975 2479 1029 aetnulatus.

2126 1065 2291 1123 Vsus.
2329 1064 2382 1121 6.
2430 1064 2742 1120 Exaltatum
2773 1076 2850 1120 est
2885 1080 2976 1118 cor
3006 1064 3157 1132 ejus.
3196 1062 3371 1119 Laudi
3412 1061 3518 1117 hoc
3558 1059 3636 1114 illi

2056 1161 2283 1225 tribuit,
2332 1160 2619 1230 subiunxit
2649 1160 2794 1214 enim
2826 1160 2879 1211 in
2913 1159 3011 1212 viis
3045 1157 3282 1211 Domini.

2127 1249 2299 1305 Porro
2354 1266 2479 1304 cum
2519 1255 2719 1319 spente
2781 1263 2879 1302 sua
2938 1261 3165 1302 munera
3218 1245 3489 1300 obtulisse
3527 1241 3638 1296 Deo

2056 1340 2320 1395 dicuntur
2366 1341 2644 1405 homines,
2679 1355 2788 1394 non
2827 1338 3164 1394 sacrificium
3212 1351 3316 1407 pro
3359 1336 3634 1407 peccatis,

2054 1446 2244 1486 verum
2294 1442 2528 1487 munera
2602 1440 2907 1501 spontanea
2957 1429 3067 1484 Deo
3123 1428 3394 1483 obtulisse
3436 1425 3639 1480 intelli~

2056 1523 2291 1592 gendum
2321 1528 2428 1577 est.

2680 1596 2830 1665 CAP.
2871 1596 3027 1663 Xlx.‘

2127 1703 2291 1759 Vsns.
2328 1703 2383 1758 5.
2436 1701 2803 1758 Verumtamen
2841 1720 2922 1758 res
2957 1704 3106 1757 bona
3162 1703 3387 1756 inventa:
3433 1707 3555 1752 sunt
3584 1699 3639 1752 in

2059 1803 2124 1850 te.
2165 1794 2377 1850 Iudicat
2398 1794 2489 1849 hic
2552 1795 2731 1859 locus,
2764 1795 2911 1863 quod
2944 1795 3176 1849 virtutes
3211 1798 3478 1846 anteactae
3508 1804 3637 1859 pec-

377 1885 498 1958 ρίας
526 1884 593 1939 τὰ
625 1885 905 1954 φθάσαντα
952 1883 1357 1955 κατορθώματα
1388 1901 1401 1915 ο
1422 1859 1620 1938 ταῦτα
1663 1882 1771 1954 γὰρ
1804 1859 1947 1936 ὲκεί-

2077 1896 2302 1941 atorum
2386 1885 2611 1940 meritas
2697 1885 2862 1940 etiam
2919 1899 3113 1956 pmnas
3182 1885 3486 1945 minuunt;
3543 1894 3637 1932 cas

371 1996 483 2038 νοις
531 1979 852 2048 ἁντιμετρεῖ
870 1994 884 2010 ο
912 1977 1007 2031 καὶ
1035 1977 1110 2041 ὡς
1135 1977 1215 2031 δεῖ
1243 1978 1467 2046 φεύγειν
1502 1980 1682 2032 πᾶσαν
1730 1977 1946 2033 ἀσεϐῶν

370 2066 553 2137 φιλίαν
574 2084 632 2121 τε
665 2068 762 2122 καὶ
817 2068 1160 2137 συγγένειαν.
1195 2069 1502 2140 Δεξάμενος
1530 2070 1586 2123 δὲ
1608 2070 1697 2123 τὸν
1725 2070 1946 2139 ἔλεγχον

368 2162 399 2214 ὁ
427 2160 703 2232 βασιλεὺς,
739 2160 800 2213 οὐ
844 2163 1006 2231 μόνον
1064 2163 1371 2229 εὐσεϐείας,
1412 2163 1551 2219 ἀλλὰ
1620 2166 1715 2219 καὶ
1764 2165 1946 2235 πάσης

371 2253 631 2323 εὐνομίας
678 2252 994 2326 ¹ἐφρόντισε,
1042 2258 1395 2327 καταστήσας
1430 2256 1622 2328 κριτὰς
1655 2259 1713 2311 ἐν
1741 2259 1947 2323 πάσαις

367 2346 488 2406 ταῖς
511 2343 723 2407 πόλεσι,
758 2344 851 2398 καὶ
875 2345 1233 2416 παραινέσεις
1258 2346 1440 2409 αὐτοῖς
1466 2347 1789 2410 δικαστικὰς
1817 2348 1949 2400 ὕπο-

367 2433 617 2505 θέμενος,
652 2434 747 2487 καὶ
779 2436 1081 2505 ἐπιστήσας
1105 2437 1285 2499 αὐτοῖς
1330 2436 1600 2508 Ἀμαρίαν
1630 2435 1723 2489 τὸν
1773 2437 1947 2507 ἱερέα,

366 2526 433 2580 δι’
471 2520 534 2580 οὗ
561 2526 670 2579 τῶν
692 2526 1076 2598 ἀγνοουμένων
1113 2527 1415 2597 γνώσονται
1451 2529 1549 2600 τὴν
1577 2530 1761 2599 ψῆφον
1798 2531 1949 2601 παρὰ

366 2618 539 2672 Θεοῦ·
595 2620 691 2674 καὶ
753 2621 1050 2686 Ζαϐαδίαν,
1089 2624 1169 2684 εἰς
1198 2621 1259 2674 τὸ
1292 2621 1421 2692 περὶ
1471 2621 1579 2674 τῶν
1640 2621 1947 2679 δοκούντων

368 2712 553 2775 αὐτοῖς
585 2712 959 2781 ἐπαναφέρειν
992 2712 1071 2781 τῷ
1100 2713 1311 2783 βασιλεῖ
1341 2730 1354 2744 ·
1386 2713 1480 2767 καὶ
1521 2715 1647 2778 τοὺς
1688 2716 1942 2783 Λευῖτας,

367 2806 449 2868 εἰς
474 2805 829 2860 διδασκαλίαν
876 2804 970 2858 τοῦ
1014 2806 1202 2878 νόμου.
1237 2807 1376 2869 Τοὺς
1418 2806 1528 2880 γάρ
1570 2808 1944 2874 διδάσκοντας,

367 2899 735 2970 γραμματέας
762 2897 1049 2955 ἐκάλεσαν.

2044 1982 2195 2034 enim
2235 1979 2341 2035 sibi
2388 1979 2614 2048 opponit
2649 1977 2909 2032 invicem.
2953 1975 3227 2033 Praeterea
3258 1974 3416 2029 docet
3451 2016 3465 2040 ,
3516 1988 3639 2027 om-

2045 2089 2113 2129 ne
2144 2074 2441 2143 impiornm
2506 2070 2847 2127 consortium
2884 2081 2937 2127 et
2997 2071 3296 2125 affinitates
3329 2067 3520 2139 procul
3554 2082 3639 2120 re-

2045 2162 2342 2234 fugiendas
2375 2178 2521 2219 esse.
2555 2161 2831 2219 Caeterum
2860 2178 2873 2229 ς
2905 2170 3200 2233 postquam
3244 2168 3399 2217 esset
3448 2172 3636 2228 repre-

2046 2258 2272 2321 hcnsus,
2293 2272 2369 2310 .ac
2404 2256 2473 2311 de
2501 2270 2689 2312 errore
2714 2256 2857 2311 satis
2882 2254 3214 2325 redargutus
3245 2269 3363 2317 rex,
3390 2250 3636 2307 sedulam

2048 2362 2274 2418 operam
2308 2347 2530 2403 navavit
2557 2390 2570 2414 ,
2602 2347 2735 2402 etin
2787 2347 2995 2419 pietate
3018 2345 3396 2417 promovenda
3426 2382 3440 2406 ,
3475 2350 3528 2396 et
3583 2340 3637 2394 in

2048 2444 2216 2496 rebus
2249 2441 2510 2497 omnibus
2540 2440 2593 2495 in
2626 2441 2877 2496 ordinem
2915 2456 3077 2495 suum
3114 2437 3453 2509 redigendis.
3492 2434 3639 2490 Con-

2048 2535 2230 2590 stituit
2264 2534 2453 2605 itaque
2479 2534 2535 2588 in
2581 2534 2842 2590 omnibus
2880 2533 3114 2587 urbibus
3165 2531 3403 2600 judices,
3436 2526 3643 2598 quibus

2047 2628 2212 2683 etiam
2250 2628 2421 2683 ofﬁcii
2454 2628 2680 2682 crebras
2708 2626 3048 2681 monitiones
3108 2623 3399 2687 adhibuit,
3444 2623 3641 2690 eisque

2058 2719 2338 2772 Amariam
2372 2719 2723 2774 sacerdotem
2771 2716 3016 2789 praefecit
3057 2731 3158 2786 per
3185 2730 3347 2785 quem
3385 2714 3439 2767 in
3477 2711 3641 2766 rebus

2056 2811 2240 2867 dubiis
2274 2827 2337 2867 ac
2384 2813 2632 2875 incertis,
2664 2811 2732 2866 de
2789 2808 3061 2881 suﬂr‘agio
3091 2808 3306 2863 Domini
3356 2804 3643 2862 erudiren-

2056 2913 2178 2969 tur;
2211 2919 2310 2959 nec
2345 2919 2455 2958 non
2487 2902 2920 2972 Sabadiam,qui
2948 2916 3141 2956 eorum
3168 2898 3423 2967 suffragia
3451 2894 3517 2949 ad
3550 2908 3640 2946 re-

366 3008 489 3063 gem
530 2991 787 3048 referret:
825 2993 1061 3064 denique
1098 2993 1263 3048 etiam
1295 2992 1534 3059 Leritas,
1569 3009 1635 3049 ne
1698 2992 1836 3066 legis
1893 2994 2188 3064 disciplina
2238 3004 2495 3052 carerent
2565 3010 2629 3051 ac
2680 2993 2937 3049 doctores
3003 2992 3123 3063 ejus
3163 2990 3377 3047 seribas
3436 3001 3643 3041 nuncu-

367 3084 541 3156 pavit.

440 3176 546 3231 Καὶ
572 3176 743 3230 ἔσται
773 3178 982 3246 Κύριος
1002 3177 1153 3247 μετὰ
1181 3175 1287 3233 τοῦ
1309 3175 1561 3248 ἀγαθοῦ.
1598 3177 1708 3250 Οὐχ
1758 3176 1944 3240 ἅπλῶς

367 3268 500 3341 εφη,
532 3268 651 3338 μεθ’
673 3269 702 3321 ὐ
709 3268 847 3339 μῶν.

1005 3362 1260 3417 ΚΕΦΑΛ.
1286 3363 1373 3417 Κ’.

457 3452 570 3508 Καὶ
626 3450 857 3519 ἔδωκας
917 3452 1116 3520 αὐτὴν
1174 3452 1255 3519 τῷ
1323 3452 1619 3523 σπέρματι
1694 3456 1950 3524 Ἀϐραὰμ

369 3543 478 3599 τοῦ
513 3545 698 3614 φίλου
748 3560 886 3599 σου.
944 3545 1241 3617 Ἀνέμνησε
1289 3543 1385 3597 τοῦ
1435 3544 1804 3616 προπάτορος,
1863 3546 1951 3599 ἵνα

369 3636 461 3691 διὰ
516 3637 618 3708 τῆς
659 3636 797 3708 πρὸς
844 3639 1057 3692 ἐκεῖνον
1115 3635 1453 3706 ἐπαγγελίας
1497 3634 1636 3709 τύχῃ
1678 3637 1775 3710 τῆς
1827 3636 1953 3709 βοη-

371 3727 543 3793 θείας.

442 3821 528 3876 Οὐ
559 3819 861 3889 κρινεῒςέν
882 3819 1123 3885 αὐτοῑς;
1152 3819 1647 3891 Ἐρωτηματικῶς.
1665 3821 1953 3891 Ὁμολογεῖ

344 3912 429 3968 ’δὲ
460 3913 555 3967 καὶ
579 3911 679 3983 τὴν
724 3913 863 3969 ἰδίαν
894 3912 1202 3969 άσῦένειαν.

456 4084 794 4152 Ἀκούσατε,
844 4083 964 4151 πᾶς
989 4086 1211 4153 Ἰούδα,
1270 4087 1368 4141 καὶ
1423 4089 1478 4142 οι
1528 4086 1954 4153 κατοικοῦντες

386 4176 797 4247 Ἰερουσαλὴμ,
860 4178 1335 4245 καὶόρασιλεὺς
1387 4179 1704 4249 Ἰωσαφάτ.
1763 4180 1953 4251 Τιμῶν

374 4267 566 4322 διεῖλεν
629 4269 737 4321 ἀπὸ
781 4268 892 4322 τῶν
936 4270 1112 4325 ἄλλων
1138 4310 1154 4335 ,
1202 4269 1481 4341 ἐξαίρετον
1527 4271 1809 4343 ὀνομάζων
1854 4274 1951 4325 αὐ-

373 4359 489 4415 τόν.
530 4360 934 4427 Κατοικοῦντας
968 4362 1028 4416 δὲ
1055 4362 1228 4432 λέγει,
1284 4363 1411 4426 τοὺς
1456 4363 1566 4417 ἀπὸ
1624 4363 1732 4419 τῶν
1774 4364 1952 4419 ἄλλων

372 4453 580 4523 φυλῶν.

809 4548 1193 4622 ψαλτῳδούς.
1227 4546 1461 4611 Λευῖτας
1484 4545 1791 4617 ὑμνοῦντας
1814 4589 1831 4617 ,
1854 4549 1954 4619 οὐχ

372 4645 729 4718 ὁπλοφόρους,
760 4644 1053 4717 προτάττει
1073 4641 1173 4711 τῆς
1202 4641 1485 4712 στρατιᾶς.

454 4831 551 4885 Ἐν
584 4826 821 4883 Γεσιὼν
850 4826 1061 4893 Γαϐἐρ.
1091 4823 1183 4894 Τῷ
1216 4819 1426 4893 Ἰνδικῷ
1487 4821 1715 4891 πελάγει
1774 4821 1957 4893 παρά-

374 4936 575 4988 κειται,
609 4921 874 4991 Βερονίκη
897 4918 1231 4989 καλουμένη.

455 5014 553 5081 Ὠς
576 5012 896 5083 ἐφιλίασας
926 5008 1005 5077 τῷ
1044 5010 1318 5081 ὀκοσίςιο
1341 5011 1485 5083 Ὅρα
1515 5010 1624 5082 γὰρ
1655 5008 1755 5079 τῆς
1776 5006 1957 5077 κακῆς

375 5102 700 5173 συγγενείας
730 5102 794 5155 τὸ
822 5100 993 5166 τέλος.
1032 5101 1240 5171 Ἰωρὰμ
1266 5101 1396 5172 γάρ,
1415 5104 1443 5155 ὁ
1473 5102 1663 5155 τούτου
1685 5103 1834 5164 παῖς,
1857 5098 1952 5152 τοῦ

348 5196 641 5269 κηδεστοῦ
690 5194 899 5265 Ἀχαὰϐ
941 5195 1186 5264 ἐζήλωσε
1204 5194 1310 5279 ξῆν
1346 5194 1623 5257 ἀσέϐειαν,
1674 5195 1771 5247 καὶ
1827 5193 1955 5255 τοὺς

375 5288 642 5358 ἀδελφοὺς
672 5288 879 5352 πάντας
908 5288 1202 5342 ἀπέκτεινε
1229 5304 1242 5319 ’
1277 5287 1370 5341 καὶ
1398 5287 1465 5340 τὰ
1490 5286 1652 5340 λοιπά
1676 5327 1691 5352 ,
1723 5285 1887 5356 φησὶν
1917 5287 1951 5354 ὴ

376 5382 598 5456 Γραφή.

946 5473 1199 5527 ΚΕΦΛΛ.
1226 5472 1360 5527 ΚΑ’.

449 5567 553 5620 Διὰ
590 5565 696 5633 τὴν
737 5564 1050 5634 διαθήκην,
1094 5562 1174 5632 ῆν
1197 5562 1422 5619 διέθετο
1444 5559 1524 5628 τῷ
1540 5561 1739 5617 Δαϐίδ.
1771 5562 1956 5626 Οὕτως

377 5659 579 5730 ὠφελεί
604 5660 880 5730 προγόνων
909 5659 1183 5712 εὐσέϐεια.

2123 3172 2286 3227 Vsus.
2332 3171 2419 3227 Η.
2454 3170 2678 3241 Eritque
2707 3169 2968 3223 Dominus
2999 3183 3119 3221 cum
3145 3182 3206 3220 eo
3235 3167 3325 3237 qui
3361 3167 3488 3218 bene
3526 3179 3641 3235 ege-

1971 3286 2015 3341 C
2049 3263 2138 3316 rit.
2170 3261 2286 3317 Non
2310 3262 2651 3333 simpliciter,
2683 3260 2994 3323 vobiscum,
3024 3258 3223 3329 inquit.

2684 3353 2837 3406 CAP.
2878 3349 2994 3405 XX.
3100 3369 3116 3381 ’

2122 3446 2285 3501 Vens.
2331 3443 2385 3498 7.
2427 3444 2742 3514 Dedistique
2776 3459 2891 3496 eam
2952 3442 3146 3496 semini
3198 3440 3430 3495 Abrahae
3484 3440 3642 3493 amici

2054 3541 2133 3594 tui
2163 3548 2431 3609 perpetuo.
2478 3537 2807 3591 Meutiouem
2874 3535 3148 3605 majorum
3200 3532 3332 3586 facit
3376 3538 3435 3587 ut
3480 3545 3641 3602 prop-

2053 3641 2137 3687 ter
2200 3628 2630 3703 promissionem
2690 3628 2803 3683 illis
2867 3625 3069 3681 factam
3136 3625 3410 3679 auxilium
3468 3625 3641 3694 impe-

2054 3731 2183 3779 tret.

2128 3815 2291 3873 Vens.
2337 3816 2424 3871 1‘2.
2472 3814 2611 3869 Deus
2660 3814 2857 3876 nostér,
2895 3829 2962 3866 an
3013 3827 3116 3865 non
3183 3808 3457 3882 judicabis
3520 3810 3643 3863 eos?
3686 3873 3693 3879 _

2055 3904 2168 3962 Hac
2224 3905 2599 3978 interrogandi
2640 3903 2824 3975 .forma
2874 3915 3031 3955 suam
3088 3900 3458 3954 infirmitatem
3510 3910 3645 3951 con-

2054 4000 2264 4054 litetur.

2124 4095 2292 4151 Vnus.
2336 4092 2647 4157 i5.Audite,
2674 4090 2844 4143 omnis
2863 4087 3032 4151 Iuda,
3058 4095 3109 4141 et
3134 4084 3459 4138 habitatores
3479 4079 3642 4136 Jeru-

2054 4188 2322 4254 salem,et
2367 4196 2422 4240 tu
2466 4200 2561 4240 rex
2631 4182 2916 4251 Josaphat.
2956 4179 3192 4259 Honoris
3234 4179 3408 4247 gratia
3460 4189 3640 4244 regem

2055 4294 2309 4336 seorsum
2349 4280 2619 4333 nominat.
2668 4275 2771 4331 Per
2812 4275 3151 4329 habitatores
3218 4286 3350 4326 vero
3385 4265 3642 4337 intelligit

2055 4388 2151 4430 eos
2202 4373 2295 4445 qui
2325 4388 2391 4427 ex
2436 4372 2565 4426 aliis
2614 4370 2878 4425 tribubus
2918 4378 3099 4425 erant.

2126 4546 2291 4605 Vens.
2329 4548 2420 4601 2|.
2464 4544 2758 4601 Collocavit
2802 4545 3137 4614 psalmistas.
3204 4540 3433 4607 Levitis,
3474 4554 3539 4594 ac
3573 4537 3641 4594 iis

1985 4636 2033 4694 D
2058 4639 2151 4710 qui
2182 4639 2491 4703 laudarent,
2524 4653 2637 4693 non
2670 4639 2928 4703 armatis,
2985 4637 3200 4708 primos
3249 4634 3473 4689 ordines
3503 4646 3642 4687 con-

2057 4730 2225 4786 cedit.

2128 4822 2295 4878 Vsus.
2340 4821 2429 4877 56.
2474 4821 2537 4875 1η
2570 4822 2767 4876 Gezion
2806 4820 3002 4876 Gabar.
3051 4820 3340 4891 Contingit
3390 4819 3457 4873 ad
3490 4832 3645 4873 mare

2056 4916 2331 4980 Indicum,
2367 4925 2421 4971 et
2457 4925 2693 4970 vocatur
2722 4912 3004 4969 Beronice.

2126 5007 2293 5064 Vsus.
2336 5008 2424 5064 57.
2471 5009 2551 5061 I'Io
2576 5007 2716 5079 quod
2758 5010 3067 5062 societatem
3101 5005 3272 5059 iniisti
3298 5021 3419 5059 eum
3470 5002 3642 5058 Ocho—

2055 5102 2159 5158 sia.
2188 5100 2267 5155 Eo
2299 5116 2426 5156 vero
2458 5101 2717 5170 improba:
2779 5100 2927 5155 illius
2992 5097 3285 5153 affinitatis
3358 5108 3641 5153 eventum.

2057 5194 2233 5248 lorum
2266 5194 2413 5248 enim
2470 5192 2636 5262 hujus
2678 5192 2844 5253 filius,
2880 5191 3059 5246 soceri
3109 5191 3192 5243 sui
3230 5189 3420 5244 Achab
3448 5189 3642 5259 impie-

2058 5294 2225 5345 tatem
2257 5293 2340 5339 est
2370 5292 2636 5343 sectatus.
2683 5291 2736 5338 et
2774 5283 2973 5335 ftatrcs
3010 5297 3143 5335 suos
3181 5281 3401 5335 necavit
3423 5282 3645 5352 aliaque

2060 5378 2377 5447 lmjusmodi
2419 5377 2660 5436 admisit.
2699 5383 2757 5427 ut
2797 5374 2954 5429 testis
2975 5381 3059 5427 est
3089 5372 3398 5441 Scriptura.

2677 5467 2832 5521 CAP.
2878 5464 3017 5519 XXI.

2134 5560 2297 5617 Vens.
2341 5563 2392 5615 7.
2435 5562 2662 5631 Propter
2713 5558 2907 5627 fidus,
2940 5556 3077 5627 quod
3122 5556 3315 5608 inierat
3371 5568 3490 5606 cum
3529 5550 3641 5606 Da-

2065 5656 2200 5711 vide.
2244 5656 2555 5725 Tantopere
2585 5653 2849 5707 conducit
2875 5653 3049 5719 pietas
3100 5646 3389 5715 majorum.

1654 5747 1886 5803 VARle
1908 5748 2313 5804 LECTIONL‘S.

455 5855 492 5884 ω
516 5848 772 5913 Ἔστησε
795 5839 1603 5913 1.5-a.trq:60t3q.Confundithic
1627 5839 1875 5912 Procopii
1910 5843 2075 5897 verba
2096 5857 2218 5896 cum
2252 5849 2400 5895 textu
2438 5839 2606 5893 codex
2640 5837 2910 5893 Lavatcri.
2937 5834 3132 5890 Noster
3160 5840 3307 5889 recte
3328 5831 3637 5905 distinguit-
