3960 6230
437 346 579 413 1215
1750 355 1985 415 PROCO

2155 356 2391 417 GALLI
3530 369 3643 436 1216

496 462 661 519 Vsus.
705 464 791 520 I2.
843 463 996 519 Venit
1048 473 1226 520 autem
1309 466 1379 519 ad
1428 482 1547 521 eum
1625 468 1881 536 scriptum
1945 484 1985 521 ai

2199 469 2303 524 Ἐν
2329 469 2526 539 τραφῇ
2552 472 2710 540 παρὰ
2748 464 2976 530 Ἠλίου.
3008 475 3083 530 Οὐ
3117 476 3224 548 γὰρ
3264 467 3391 551 ἦλθε
3419 480 3542 550 πρὸς
3561 484 3645 537 αὒ-

421 558 567 614 Elia.
623 558 741 613 Non
768 561 914 614 enim
951 559 1021 613 ad
1051 559 1232 630 ipsum
1282 560 1432 614 venit
1459 600 1473 625 ,
1533 561 1626 615 sed
1662 575 1760 633 per
1808 560 1985 632 episto

2155 562 2225 624 ὃν,
2255 561 2490 633 ἐδήλωσε
2513 562 2569 615 δὲ
2592 563 2660 616 δι’
2692 565 3006 636 ἐπιστολῆς.

421 652 528 704 iam
563 650 914 719 significavit.

491 738 570 796 Eo
592 742 730 811 quod
759 758 861 796 non
895 742 1156 799 incessim‘
1205 743 1262 796 in
1324 742 1560 811 vestigiis
1611 740 1870 810 Iosophat
1905 760 1985 811 pa-

2187 738 2336 793 Ἀνθ’
2360 732 2448 792 ὧν
2478 740 2590 793 οὐκ
2638 740 2970 809 ἐπορεύθης
2998 741 3068 794 ἐν
3092 741 3209 809 ὁδῷ
3233 740 3514 813 Ἰωσαφὰτ
3554 747 3646 803 τοῦ

420 833 519 886 tris
574 833 675 899 tui,
719 841 770 886 et
800 832 923 885 Asta
974 834 1114 904 regis
1163 831 1334 888 ludo.
1389 830 1511 888 Non
1551 832 1735 903 itaque
1781 834 1985 889 omnim

2155 830 2328 896 ατρός
2362 844 2499 894 σου,
2534 831 2631 884 καὶ
2657 831 2727 885 ἐν
2750 830 2912 898 ὁδοῖς
2938 833 3089 887 Ἀσὰ
3104 833 3413 901 ,ϐασιλέως
3448 836 3644 892 Ἰούδα.

418 924 638 994 reprobi
691 923 935 981 fuerunt.

2155 920 2221 973 ὑκ
2246 920 2355 991 ἄρα
2385 921 2671 986 παντελῶς
2699 918 2838 994 ἦσαν
2868 921 3143 994 ἀδόκιμοι.

379 1046 383 1061 ε
485 1013 757 1070 VsnsJB.
794 1016 1118 1087 Etcon/ines
1137 1017 1479 1087 Ethiopum.
1502 1017 1673 1075 Paulo
1700 1026 1825 1090 post
1848 1022 2004 1074 Ama-

374 1116 379 1125 ‘
417 1106 601 1159 zonim
639 1112 821 1160 vocat.

2177 1011 2289 1065 Kal
2318 1009 2460 1079 τοὺς
2489 1012 2745 1082 ὁμόρους
2769 1012 2887 1068 τῶν
2912 1013 3229 1069 Αἰθιόπων.
3277 1014 3487 1087 Προϊὼν
3544 1016 3650 1071 τού-

2101 1118 2227 1166 τους
2265 1102 2603 1176 ’Λμαζονεὶμ
2629 1102 2806 1157 καλεῖ.

2680 1193 2931 1248 ΚΕΦΑΛ.
2958 1195 3083 1250 ΚΔθ.

2182 1284 2321 1340 Ἰδοι
2344 1286 2582 1354 Κύριος,
2624 1285 2721 1340 καὶ
2753 1287 2968 1354 κρίναι.
3027 1286 3133 1341 Kal
3160 1287 3221 1339 οὐ
3260 1287 3523 1361 διήμαρτε
3565 1289 3655 1360 τῆς

1013 1196 1166 1253 CAP.
1207 1196 1402 1255 XXIV.

487 1284 660 1342 Vsus.
698 1286 796 1342 22.
838 1287 996 1358 551
1046 1287 1230 1343 Videat
1256 1289 1540 1359 Dominus,
1567 1300 1617 1346 et
1641 1289 2001 1361 judicet.Nec

419 1373 595 1431 falsus
625 1385 711 1432 est
760 1378 1045 1448 petitione,
1080 1392 1225 1433 anno
1255 1380 1400 1435 enim
1431 1389 1627 1437 exacto
1672 1380 1831 1453 Syris
1874 1380 1985 1436 tra‘

2157 1379 2388 1447 τήσεως.
2438 1378 2636 1451 Σύροις
2691 1380 2801 1453 γὰρ
2858 1381 2977 1452 μετ’
3050 1383 3302 1436 ἐνιαυτὸν
3366 1383 3629 1455 παρεδῦθη

418 1467 516 1522 diti
557 1475 707 1522 sunt.

2155 1487 2223 1523 ιν.

490 1556 658 1613 Vsus.
697 1558 790 1614 25.
832 1557 898 1613 In
937 1561 1198 1631 sanguine
1225 1559 1383 1617 Jodte
1438 1564 1756 1620 sacerdotis.
1817 1565 1985 1636 Inquil

2188 1562 2291 1616 Ἐν
2318 1562 2569 1631 αἵμασιν
2593 1561 2739 1617 υιῶν
2764 1563 2966 1619 ἰωδαὲ
2991 1563 3098 1618 τοῦ
3133 1561 3350 1633 ἱερέως.
3385 1564 3529 1637 Ἔφη
3557 1567 3655 1637 γὰρ

417 1648 562 1702 enim
592 1648 659 1702 ad
695 1645 811 1704 Noe
878 1650 1069 1705 Deus:
1141 1670 1160 1703 ι
1226 1649 1333 1717 Qui
1380 1649 1611 1707 cﬂ‘undit
1676 1656 1985 1727 sanguinem

2155 1657 2236 1724 ρὸς
2260 1657 2384 1711 Νῶε
2406 1657 2559 1721 Θεὸς·
2592 1675 2611 1708 ι
2650 1659 2709 1711 '0
2734 1658 2943 1729 ὲκχέων
2998 1654 3139 1730 αἷμα
3194 1657 3503 1731 ἀνθρώπου,
3548 1659 3658 1713 ἀντὶ

418 1739 706 1807 hominis,
757 1741 876 1810 ejus
923 1742 1148 1812 sanguis
1219 1742 1463 1799 vicissim
1521 1744 1834 1801 eﬂ'nndetur
1859 1749 1928 1803 ⁵³.
1970 1766 1985 1800 ι

2155 1748 2192 1801 ιῦ
2214 1748 2444 1818 αἵματος
2471 1749 2635 1804 αὑτοῦ
2666 1750 3051 1822 ἐκχυθήσεται,
3075 1771 3095 1803 ι
3154 1752 3238 1805 ὅτι
3262 1753 3504 1806 ὲνεῑκόνι
3524 1751 3653 1807 Θεοῦ

419 1831 554 1886 Nam
591 1834 900 1888 secundum
935 1836 1232 1905 imaginem
1268 1835 1364 1891 Dci
1397 1836 1675 1893 hominem
1706 1838 1833 1896 feci.
1886 1837 1985 1896 Ve-

2155 1841 2330 1910 ποίησα
2350 1841 2440 1895 τὸν
2489 1841 2799 1914 ἄνθρωπον.
2840 1842 2987 1915 Πλὴν
3014 1843 3074 1898 οὐ
3105 1844 3258 1916 ζήλῳ
3294 1843 3430 1917 θείῳ
3457 1843 3654 1910 τοῦτον,

417 1932 726 1980 rnmtamen
763 1942 872 1981 non
923 1927 1110 1983 divino
1168 1929 1287 1984 zelo
1330 1930 1544 1999 perciti.
1576 1930 1673 1986 sed
1729 1942 1789 1987 ut
1842 1933 1985 1988 insa-

2155 1931 2210 1986 Jt’
2234 1933 2309 1995 ὡς
2341 1935 2614 2004 μιαιφόνοι
2640 1934 2990 2004 ἀπέκτειναν,
3018 1936 3085 1989 δι’
3111 1937 3249 2009 ὅπερ
3272 1937 3473 2003 αὐτοὺς
3505 1939 3657 2008 ’Λμαο

367 2062 379 2071 .
416 2015 470 2067 ni
508 2014 799 2071 homicidas
829 2033 956 2071 eum
1010 2020 1406 2088 trucidarunt,
1438 2036 1502 2076 ac
1528 2022 1765 2093 proinde
1827 2023 1985 2081 Ama-

2155 2040 2217 2088 ας
2253 2024 2486 2080 ἀνεῖλεν.

414 2106 531 2161 aias
563 2107 714 2178 ipsos
765 2125 989 2183 quoque
1027 2113 1330 2170 interiecit.

2694 2202 2949 2256 ΚΕΦΑΛ.
2984 2201 3118 2257 KE’.

2162 2289 2258 2360 Μὴ
2282 2288 2623 2358 πορευέσθω
2644 2293 2796 2362 μετὰ
2822 2291 2940 2347 σοῦ
2973 2292 3231 2363 δύναμις
3258 2291 3527 2364 Ἰσραήλ.
3567 2293 3657 2349 Διά

2091 2383 2189 2458 τὴν
2214 2382 2391 2437 αὐτῶν
2421 2382 2696 2439 ἀσέϐειαν.

2659 2476 2913 2532 ΚΕΦᾹΛ.
2955 2478 3102 2545 KG".

1018 2204 1174 2259 CAP.
1223 2204 1391 2262 XXV.

486 2286 656 2348 Vsus.
682 2293 733 2347 7.
778 2292 862 2349 Ne
880 2296 1255 2367 proﬁciscatur
1275 2306 1445 2353 tecum
1473 2300 1707 2369 potentia
1744 2296 1989 2358 Isi-aclis.

417 2378 649 2455 Propter
676 2385 923 2456 ipsorum
956 2388 1311 2458 impietatem.

1006 2479 1161 2539 CAP.
1203 2479 1393 2537 XXVI.

484 2564 648 2621 Vsus.
678 2568 733 2624 5.
775 2567 842 2624 In
875 2569 1059 2627 diebus
1085 2571 1385 2640 Zacharias,
1422 2576 1712 2634 sacerdotis
1736 2578 1853 2635 Dei.
1881 2580 1985 2651 Αρι-

2173 2571 2276 2626 Ἐν
2299 2570 2429 2637 ταῖς
2460 2566 2708 2639 ἡμέραις
2760 2570 3079 2639 Ζαχαρίου,
3114 2570 3223 2625 τοῦ
3250 2571 3573 2653 συνιόντος
3596 2569 3658 2623 ἐν

412 2666 567 2728 paret
618 2660 802 2730 plures
850 2661 1021 2719 fuisse
1071 2664 1369 2722 Zacharias
1407 2684 1422 2721 :
1456 2684 1647 2739 nempe
1699 2670 1883 2737 hunc,
1934 2679 1985 2726 et

2155 2662 2293 2718 dcet
2311 2663 2486 2718 Θεοῦ.
2507 2662 2697 2730 Δῆλον,
2716 2660 2792 2725 ὡς
2816 2661 3001 2714 πολλοὶ
3021 2662 3288 2733 Ζαχαρίαι
3305 2661 3655 2733 γεγένηνται·

410 2750 579 2804 alium
611 2793 625 2816 ,
669 2751 821 2809 Jodae
871 2754 1062 2819 tilium,
1106 2773 1267 2827 quem
1294 2757 1425 2813 Joas
1458 2761 1690 2815 necavit.
1716 2760 1985 2819 Caeterum

2155 2754 2239 2818 τός
2292 2772 2354 2809 τε
2398 2756 2496 2809 καί
2547 2753 2575 2806 ὁ
2609 2751 2705 2806 τοῦ
2766 2752 2971 2818 ἰωδαὲ,
3006 2752 3067 2806 ὃν
3111 2753 3269 2817 ἰωὰς
3313 2754 3654 2808 κατέλευσεν.

411 2842 501 2895 de:
532 2854 803 2911 praesente
851 2846 946 2915 qui
998 2848 1129 2901 vixit
1185 2848 1289 2904 sub
1338 2849 1492 2916 Ozia,
1549 2850 1767 2906 videtur
1815 2852 1985 2911 Isaias

2155 2849 2223 2919 :9l
2251 2848 2308 2902 δὲ
2334 2846 2429 2901 τοῦ
2475 2844 2570 2901 νῦν
2610 2847 2703 2900 ἐπὶ
2740 2844 2918 2909 Ὀζίου
2961 2843 3137 2898 ἔοικεν
3172 2845 3407 2910 Ἡσαΐας
3455 2844 3531 2909 ὡς
3558 2841 3656 2896 ἀπὺ

410 2932 597 2990 verbis
628 2932 840 2990 Domini
872 2937 1094 2993 dicere:
1129 2957 1149 2990 ι
1186 2934 1480 2995 Constituc
1512 2942 1644 2997 mihi
1672 2950 1859 3011 testes,
1885 2944 1985 3012 lio-

2155 2940 2180 2993 ΰ
2226 2939 2365 2994 Θεοῦ
2411 2940 2611 3010 λέγειν’
2654 2956 2672 2991 ι
2713 2937 2946 3010 Ποίησόν
2991 2955 3082 3009 μοι
3120 2937 3406 3010 μάρτυρας
3442 2934 3655 2998 πιστοὺς

410 3024 585 3081 mines
625 3026 810 3083 ﬁdeles
837 3070 852 3094 ,
899 3028 1086 3084 Uriam
1131 3032 1511 3096 sacerdotem,
1565 3041 1620 3088 et
1665 3031 1985 3091 Zachariam

2155 3032 2430 3105 Θρὼπους,
2458 3032 2551 3087 τὸν
2594 3029 2797 3101 Οὐρίαν
2824 3070 2839 3096 ,
2887 3030 2980 3085 τὸν
3006 3030 3183 3102 ἱερέα,
3214 3031 3312 3084 καὶ
3361 3027 3653 3102 Ζαχαρίαν,

411 3115 579 3171 lilium
626 3116 908 3175 Baracbiae
929 3122 998 3174 ⁸⁸.
1032 3123 1368 3180 »Ηοηοεηίηι
1395 3124 1658 3180 visionem
1700 3128 1803 3181 sub
1851 3125 1982 3183 Ozia

414 3222 528 3227 --η
575 3207 705 3227 .__.-
924 3220 937 3227 -
1111 3215 1124 3227 .
1173 3223 1184 3227 _
1437 3223 1447 3227 -
1500 3225 1507 3227 Α

2155 3136 2197 3179 iv
2228 3124 2523 3196 Βαραχίου.
2564 3140 2583 3175 ›
2620 3124 2685 3176 Ἤ
2713 3123 2822 3196 γὰρ
2844 3122 3034 3192 ὅρασις
3054 3122 3147 3175 ἐπὶ
3174 3120 3352 3187 Ὀζίου
3381 3118 3655 3193 γεγονέναι

407 3222 532 3264 esse
574 3207 802 3276 factam,
848 3220 977 3269 ante
1017 3215 1285 3286 scriptum
1332 3223 1551 3285 exstat,
1595 3233 1705 3289 quo
1742 3227 1985 3291 tempore

2155 3218 2527 3290 ιογέγραπται.
2558 3215 2669 3270 Kal
2701 3214 2823 3269 τότε
2850 3210 2918 3286 ἦν
2962 3212 3209 3277 Ἡσαΐας.

406 3295 569 3352 etiam
603 3298 773 3357 Isaias
801 3303 957 3361 vixit.

480 3386 648 3445 Vsus.
699 3391 749 3445 7.
806 3391 1012 3450 Arabes
1059 3395 1361 3455 habitantes
1411 3399 1468 3455 in
1524 3398 1713 3457 Petra.
1768 3398 1986 3463 Petram

409 3482 601 3537 urbem
636 3482 757 3553 ejus
781 3487 1025 3544 nominis
1055 3500 1237 3546 vocat.

2155 3499 2301 3567 ἱτραν
2329 3498 2428 3568 τὴν
2460 3495 2603 3551 οὕτω
2624 3496 2977 3566 καλουμένην
3008 3494 3162 3547 πόλιν
3204 3492 3395 3563 φησιν.

479 3571 767 3632 Vens.16.
831 3577 1048 3635 Elatum
1100 3591 1180 3638 est
1221 3600 1315 3638 cor
1359 3584 1496 3654 ejus,
1547 3592 1659 3641 etc.
1718 3583 1798 3643 Eo
1839 3587 1985 3658 quod

2155 3589 2337 3659 ’ψώθη
2368 3588 2405 3657 ή
2434 3585 2651 3655 καρδία
2683 3584 2894 3642 αὑτοῦ.
2930 3585 3022 3636 Διὸ
3041 3583 3101 3637 τδ
3126 3583 3233 3636 τῶν
3260 3582 3457 3652 ἱερέων
3482 3579 3651 3652 ὖφήν

408 3664 795 3723 sacerdotibus
823 3682 977 3724 suam
1005 3673 1426 3741 prterogativam
1460 3673 1756 3743 subripuit,
1790 3676 1985 3747 dignus

2155 3696 2227 3735 ισε
2261 3680 2666 3749 πλεονέκτημα,
2703 3677 2825 3731 δέον
2849 3673 3083 3730 ἀκοῦσαι
3126 3673 3220 3729 τοῦ
3248 3673 3521 3745 προγόνου
3554 3673 3652 3724 Aa-

407 3765 525 3811 erat
552 3757 745 3812 audire
777 3769 983 3829 patrem
1015 3778 1175 3817 suum
1209 3763 1405 3831 David,
1431 3766 1526 3836 qui
1562 3766 1759 3838 inquit,
1791 3783 1902 3825 non
1930 3770 1985 3827 in

2155 3771 2190 3835 Β,
2223 3771 2319 3833 Εἰς
2342 3769 2404 3823 τὺ
2433 3768 2586 3831 τέλος
2614 3768 2690 3840 μὴ
2712 3767 3056 3840 διαφθείρῃς,
3088 3765 3169 3819 διὸ
3205 3764 3299 3819 καὶ
3334 3761 3649 3836 λεπροῦται,

405 3854 674 3901 aeternum
707 3850 924 3917 perdes.
967 3849 1101 3905 Nam
1134 3852 1256 3922 ipse
1290 3855 1437 3926 lepra
1464 3871 1793 3927 percussus,
1836 3862 1985 3928 prior

2155 3860 2398 3915 .l'tau'rov
2424 3857 2661 3913 πέπονθε
2690 3856 2769 3929 τῷ
2811 3857 2984 3928 Ἀδάμ
3012 3874 3027 3889 ·
3081 3856 3162 3922 ὃς,
3199 3854 3332 3918 Θεὸς
3364 3850 3512 3909 εἶναι
3544 3851 3652 3924 ﬂou-

408 3938 590 4008 periit.
615 3937 760 3993 Idem
774 3949 838 4007 et
858 3941 1069 3997 Adamo
1097 3938 1348 4002 nsnvenit
1366 3965 1380 4011 ;
1400 3948 1524 4017 qui,
1546 3963 1670 4003 cum
1695 3947 1840 4005 Deus
1862 3966 1985 4009 esse

2155 3953 2291 4018 θεὶς,
2325 3950 2498 4008 καὶτὸ
2522 3949 2688 4005 εἰκὼν
2713 3947 2856 4005 εἶναι
2879 3948 3015 4004 Θεοῦ
3039 3946 3491 4018 προσαπώλεσεν.
3511 3944 3650 4003 Καθ·

2160 3408 2411 3474 Ἄραϐας
2443 3403 2588 3470 τοὺς
2627 3402 3061 3467 κατοικοῦντας
3106 3400 3206 3455 ἐπὶ
3259 3398 3371 3468 τῆς
3415 3398 3652 3470 Πέτρας.

408 4028 586 4094 vellet,
617 4029 910 4099 imaginem
933 4048 1154 4104 quoque
1178 4034 1270 4090 Dei
1304 4038 1408 4094 sibi
1444 4039 1767 4110 impressam
1803 4043 1985 4110 perdi-

2157 4062 2218 4100 το
2242 4044 2352 4118 γὰρ
2379 4042 2541 4111 οἴκοι,
2572 4041 2710 4115 μηδὲ
2740 4041 2816 4107 ὡς
2846 4040 3102 4113 βασιλεὺς
3129 4038 3474 4112 χρηματίσαι
3498 4037 3651 4094 δυνά·
3695 4043 3705 4058 “

405 4118 507 4174 dit.
556 4118 635 4174 Ita
677 4136 776 4176 rex
824 4122 916 4178 ille
953 4122 1100 4179 domi
1149 4140 1264 4181 suae
1304 4128 1623 4194 conclusus,
1670 4138 1730 4184 ut
1772 4145 1842 4186 ne
1885 4146 1983 4187 rex
2085 4154 2268 4212 μενος.

405 4209 625 4281 quidem
661 4228 819 4281 esse,
869 4229 933 4270 ac
976 4215 1070 4285 jus
1115 4217 1300 4274 dicere
1337 4219 1573 4291 amplius
1609 4228 1834 4291 posset,
1885 4223 1982 4294 qui

406 4301 582 4355 sacris
611 4302 824 4371 operari
858 4302 1053 4357 voluit.

976 4392 1131 4449 CAP.
1172 4394 1416 4454 XXVIII.

2664 4399 2920 4454 ΚΕΦΑΛ.
2950 4399 3091 4453 κη’.

476 4478 640 4536 Vsus.
677 4482 765 4536 I7.
821 4481 974 4548 Quod
1015 4485 1377 4543 denudaverat
1428 4487 1653 4545 ludam.
1704 4488 1820 4547 Hoc
1869 4500 1973 4558 est,

2162 4493 2307 4548 Ἆνθ’
2331 4485 2420 4547 ὧν
2450 4491 2846 4561 ἀπεκάλυψεν
2891 4491 2964 4546 ἐν
3005 4489 3087 4558 τῷ
3126 4491 3334 4560 Ἰούδᾳ.
3374 4491 3522 4548 ’Δντὶ
3539 4490 3646 4552 τοῦ,

404 4576 670 4632 docuerat
713 4592 835 4648 quae
869 4581 1092 4639 minime
1120 4585 1504 4649 conveniebat,
1552 4601 1786 4660 nempe,
1824 4602 1983 4657 pere-

2155 4584 2317 4650 ἷδαξεν
2341 4583 2504 4639 αὑτὸν
2530 4584 2673 4656 ἅπερ
2701 4585 2801 4640 οὐκ
2840 4584 2983 4657 ᾔδει,
3009 4584 3110 4656 τὴν
3155 4583 3267 4639 τῶν
3294 4583 3463 4651 ξένων
3485 4581 3647 4638 ιθνῶν

405 4668 686 4735 grinarum
719 4668 999 4723 nationum
1033 4676 1375 4744 pcregrinam
1410 4676 1749 4747 religionem,
1782 4686 1838 4733 et
1877 4678 1985 4732 im-

2155 4674 2294 4741 ἱάξας
2320 4675 2601 4730 ἀσέϐειαν.

406 4758 686 4830 pietatem.

2675 4850 2930 4908 ΚΕΦΔΔ.
2956 4853 3085 4908 κου.

2145 4943 2257 4997 Καὶ
2280 4942 2647 5009 ἐξιλάσαντο
2694 4942 2829 5011 περὶ
2858 4943 3086 5010 παντὸς
3127 4942 3392 5013 Ἰσραήλ.
3421 4946 3497 4999 οὐ
3522 4943 3641 5015 περὶ

987 4848 1144 4907 CAP.
1186 4853 1384 4910 XXIX.

448 4929 755 5000 'Vsns.24.
801 4943 913 4999 Tati
968 4942 1156 5000 Israelt'
1199 4947 1517 5014 offendicula
1568 4949 1805 5019 fuerunt.
1852 4950 1972 5007 Non

403 5035 579 5089 solum
611 5034 828 5092 duabus
860 5036 1133 5091 tribubus.

2155 5053 2250 5090 νων
2277 5035 2385 5090 τῶν
2410 5034 2503 5088 δύο
2530 5034 2730 5105 φυλῶν.

478 5125 640 5182 Vens.
672 5128 763 5185 25.
826 5127 931 5183 Per
973 5144 1190 5183 manum
1237 5132 1638 5200 prophetarum.
1689 5131 1873 5199 Quare
1920 5143 1975 5190 et

2157 5128 2260 5182 Ἐν
2287 5127 2439 5197 χειρὶ
2468 5124 2586 5181 τῶν
2637 5125 2978 5195 προφητῶν.
3019 5127 3129 5180 Kal
3179 5126 3344 5181 Aa6l6
3373 5126 3482 5198 ἄρα
3510 5140 3640 5196 προ-

406 5216 570 5272 llavid
600 5220 789 5288 utique
831 5221 1130 5291 propheta;
1183 5237 1307 5277 cum
1344 5224 1488 5277 enim
1522 5225 1754 5279 seorsim
1792 5226 1974 5279 nomi-

2155 5238 2272 5292 της.
2304 5218 2489 5275 Εἰπὼν
2518 5218 2649 5290 γὰρ,
2672 5219 2858 5284 Δασὶδ,
2892 5219 2988 5272 καὶ
3029 5217 3154 5286 Γὰδ,
3178 5221 3273 5274 καὶ
3291 5219 3502 5285 Ναϐὰν,
3527 5236 3637 5272 κοι-

406 5319 587 5363 nasset
615 5309 806 5374 David,
837 5311 950 5367 Gad
976 5353 991 5374 ,
1017 5323 1071 5367 et
1097 5312 1332 5377 Natban,
1361 5314 1619 5370 omnibus
1677 5330 1971 5373 commune

2155 5332 2179 5377 ς
2208 5313 2478 5384 ἐπήγαγε,
2519 5313 2626 5367 τῶν
2658 5312 2979 5385 προφητῶν.

405 5398 795 5467 prophetarum
829 5417 1025 5457 nomen
1064 5403 1379 5472 subiunxit.

472 5490 637 5547 Vnus.
669 5493 759 5547 50.
799 5492 969 5548 Juxta
992 5498 1145 5549 verba
1175 5495 1367 5563 Dauid,
1396 5506 1445 5551 et
1477 5495 1656 5567 Amph
1680 5497 1967 5569 propheta.

398 5581 569 5647 Igitur
590 5594 646 5637 et
678 5585 851 5653 Asaph
889 5602 1014 5656 pars
1045 5588 1380 5656 psalmorum
1411 5597 1517 5647 est.

2146 5495 2250 5552 Ἐν
2290 5497 2494 5567 λόγοις
2541 5496 2747 5562 Δαϐὶδ,
2780 5496 2881 5551 καὶ
2921 5493 3107 5564 Ἀσὰφ
3150 5495 3256 5551 τοῦ
3302 5492 3629 5566 προφήτου.

2076 5587 2285 5644 Οὐκοῦν
2315 5589 2605 5659 ὑμνοποιδς
2638 5589 2730 5642 καὶ
2772 5587 2967 5658 Ἀσάφ.

466 5752 509 5784 ⁸⁹
537 5751 673 5806 Cen.
703 5770 777 5817 ts,
811 5758 861 5810 6.
