  <div class='ocr_page' id='page_1' title='image "/cluster/home/n/w/nwhite01/storage/ocr_20150623/87 pt.1/mdp.39015032856539/646.png"; bbox 0 0 3960 6230; ppageno 0'>
   <div class='ocr_carea' id='block_1_1' title="bbox 346 348 476 413">
    <p class='ocr_par' dir='ltr' id='par_1_1' title="bbox 346 348 476 413">
     <span class='ocr_line' id='line_1_1' title="bbox 346 348 476 413; baseline -0.015 -1"><span class='ocrx_word' id='word_1_1' title='bbox 346 348 476 413; x_wconf 76' lang='lat'><strong>1217</strong></span> 
     </span>
    </p>
   </div>
   <div class='ocr_carea' id='block_1_2' title="bbox 1288 323 2668 398">
    <p class='ocr_par' dir='ltr' id='par_1_2' title="bbox 1288 323 2668 398">
     <span class='ocr_line' id='line_1_2' title="bbox 1288 323 2668 398; baseline -0.009 0"><span class='ocrx_word' id='word_1_2' title='bbox 1288 331 1824 398; x_wconf 76' lang='lat' dir='ltr'><strong>COMMENTARII</strong></span> <span class='ocrx_word' id='word_1_3' title='bbox 1866 329 1950 392; x_wconf 85' lang='lat' dir='ltr'><strong>IN</strong></span> <span class='ocrx_word' id='word_1_4' title='bbox 2012 327 2160 390; x_wconf 92' lang='lat' dir='ltr'><strong>LIB.</strong></span> <span class='ocrx_word' id='word_1_5' title='bbox 2207 326 2271 387; x_wconf 85' lang='lat' dir='ltr'><strong>II</strong></span> <span class='ocrx_word' id='word_1_6' title='bbox 2318 323 2668 385; x_wconf 78' lang='lat' dir='ltr'><strong>PARALIP.</strong></span> 
     </span>
    </p>
   </div>
   <div class='ocr_carea' id='block_1_3' title="bbox 3464 315 3599 382">
    <p class='ocr_par' dir='ltr' id='par_1_3' title="bbox 3464 315 3599 382">
     <span class='ocr_line' id='line_1_3' title="bbox 3464 315 3599 382; baseline -0.007 -1"><span class='ocrx_word' id='word_1_7' title='bbox 3464 315 3599 382; x_wconf 69' lang='grc' dir='ltr'><strong>12ἱῆ</strong></span> 
     </span>
    </p>
   </div>
   <div class='ocr_carea' id='block_1_4' title="bbox 412 429 1927 517">
    <p class='ocr_par' dir='ltr' id='par_1_4' title="bbox 412 443 1917 517">
     <span class='ocr_line' id='line_1_4' title="bbox 412 443 1917 517; baseline -0.013 -1"><span class='ocrx_word' id='word_1_8' title='bbox 412 459 519 516; x_wconf 79' lang='lat' dir='ltr'><strong>Kal</strong></span> <span class='ocrx_word' id='word_1_9' title='bbox 548 456 955 517; x_wconf 71' lang='grc' dir='ltr'>ἀντελάϐοντο</span> <span class='ocrx_word' id='word_1_10' title='bbox 1002 449 1202 507; x_wconf 81' lang='grc' dir='ltr'>αὐτῶν</span> <span class='ocrx_word' id='word_1_11' title='bbox 1247 452 1302 503; x_wconf 86' lang='lat' dir='ltr'><strong>ol</strong></span> <span class='ocrx_word' id='word_1_12' title='bbox 1348 445 1598 517; x_wconf 70' lang='grc' dir='ltr'>ἀδελφοὶ</span> <span class='ocrx_word' id='word_1_13' title='bbox 1642 443 1845 500; x_wconf 82' lang='grc' dir='ltr'>αὐτῶν</span> <span class='ocrx_word' id='word_1_14' title='bbox 1862 444 1917 497; x_wconf 87' lang='lat' dir='ltr'><strong>ol</strong></span> 
     </span>
    </p>
   </div>
   <div class='ocr_carea' id='block_1_5' title="bbox 2042 429 3602 517">
    <p class='ocr_par' dir='ltr' id='par_1_5' title="bbox 2092 429 3602 502">
     <span class='ocr_line' id='line_1_5' title="bbox 2092 429 3602 502; baseline -0.007 -8"><span class='ocrx_word' id='word_1_15' title='bbox 2092 436 2264 494; x_wconf 75' lang='lat' dir='ltr'><strong>Vens.</strong></span> <span class='ocrx_word' id='word_1_16' title='bbox 2294 435 2383 490; x_wconf 76' lang='grc'><strong>⁸54.</strong></span> <span class='ocrx_word' id='word_1_17' title='bbox 2424 437 2490 488; x_wconf 82' lang='lat' dir='ltr'><strong>At</strong></span> <span class='ocrx_word' id='word_1_18' title='bbox 2523 436 2722 502; x_wconf 75' lang='lat' dir='ltr'><strong>fratres</strong></span> <span class='ocrx_word' id='word_1_19' title='bbox 2757 446 2939 486; x_wconf 82' lang='lat' dir='ltr'><strong>eorum</strong></span> <span class='ocrx_word' id='word_1_20' title='bbox 2963 429 3161 486; x_wconf 71' lang='lat' dir='ltr'><strong>Levita:</strong></span> <span class='ocrx_word' id='word_1_21' title='bbox 3189 445 3335 500; x_wconf 81' lang='lat' dir='ltr'><strong>opem</strong></span> <span class='ocrx_word' id='word_1_22' title='bbox 3364 429 3602 485; x_wconf 83' lang='lat' dir='ltr'><strong>tulerunt</strong></span> 
     </span>
    </p>
   </div>
   <div class='ocr_carea' id='block_1_6' title="bbox 340 535 1918 617">
    <p class='ocr_par' dir='ltr' id='par_1_6' title="bbox 340 535 1918 617">
     <span class='ocr_line' id='line_1_6' title="bbox 340 535 1918 617; baseline -0.015 -9"><span class='ocrx_word' id='word_1_23' title='bbox 340 551 580 609; x_wconf 68' lang='grc' dir='ltr'>Λευῖται</span> <span class='ocrx_word' id='word_1_24' title='bbox 630 547 819 616; x_wconf 84' lang='grc' dir='ltr'>ολίγοι</span> <span class='ocrx_word' id='word_1_25' title='bbox 845 541 985 617; x_wconf 78' lang='grc' dir='ltr'>ἦσαν</span> <span class='ocrx_word' id='word_1_26' title='bbox 1007 542 1116 596; x_wconf 87' lang='grc' dir='ltr'><strong>τῶν</strong></span> <span class='ocrx_word' id='word_1_27' title='bbox 1136 539 1329 612; x_wconf 81' lang='grc' dir='ltr'>ίερέων</span> <span class='ocrx_word' id='word_1_28' title='bbox 1354 540 1530 608; x_wconf 71' lang='grc' dir='ltr'>ἁγνοὶ,</span> <span class='ocrx_word' id='word_1_29' title='bbox 1550 538 1644 591; x_wconf 77' lang='grc' dir='ltr'><strong>καὶ</strong></span> <span class='ocrx_word' id='word_1_30' title='bbox 1663 536 1763 590; x_wconf 88' lang='grc' dir='ltr'><strong>οὐκ</strong></span> <span class='ocrx_word' id='word_1_31' title='bbox 1792 535 1918 587; x_wconf 79' lang='grc' dir='ltr'>ἀντ-</span> 
     </span>
    </p>
   </div>
   <div class='ocr_carea' id='block_1_7' title="bbox 340 622 1920 714">
    <p class='ocr_par' dir='ltr' id='par_1_7' title="bbox 340 622 1920 714">
     <span class='ocr_line' id='line_1_7' title="bbox 340 622 1920 714; baseline -0.015 -17"><span class='ocrx_word' id='word_1_32' title='bbox 340 646 487 714; x_wconf 77' lang='grc' dir='ltr'>εῖχον</span> <span class='ocrx_word' id='word_1_33' title='bbox 525 638 660 711; x_wconf 79' lang='grc' dir='ltr'>πρὸς</span> <span class='ocrx_word' id='word_1_34' title='bbox 693 639 792 709; x_wconf 80' lang='grc' dir='ltr'><strong>τὴν</strong></span> <span class='ocrx_word' id='word_1_35' title='bbox 817 634 1098 708; x_wconf 76' lang='grc' dir='ltr'><strong>ἱερατικὴν</strong></span> <span class='ocrx_word' id='word_1_36' title='bbox 1112 630 1480 702; x_wconf 78' lang='grc' dir='ltr'>λειτουργίαν.</span> <span class='ocrx_word' id='word_1_37' title='bbox 1508 628 1670 681; x_wconf 82' lang='grc' dir='ltr'>Ὅθεν</span> <span class='ocrx_word' id='word_1_38' title='bbox 1691 622 1920 680; x_wconf 77' lang='grc' dir='ltr'>οίΛευῗ-</span> 
     </span>
    </p>
   </div>
   <div class='ocr_carea' id='block_1_8' title="bbox 340 714 1918 804">
    <p class='ocr_par' dir='ltr' id='par_1_8' title="bbox 340 714 1918 804">
     <span class='ocr_line' id='line_1_8' title="bbox 340 714 1918 804; baseline -0.011 -17"><span class='ocrx_word' id='word_1_39' title='bbox 340 752 431 787; x_wconf 87' lang='grc' dir='ltr'><strong>ται</strong></span> <span class='ocrx_word' id='word_1_40' title='bbox 461 728 935 804; x_wconf 80' lang='grc' dir='ltr'>(προηγνίσθησαν</span> <span class='ocrx_word' id='word_1_41' title='bbox 976 724 1111 797; x_wconf 84' lang='grc' dir='ltr'>γὰρ)</span> <span class='ocrx_word' id='word_1_42' title='bbox 1163 720 1519 777; x_wconf 79' lang='grc' dir='ltr'>ἀντελάσοντο</span> <span class='ocrx_word' id='word_1_43' title='bbox 1571 718 1678 771; x_wconf 89' lang='grc' dir='ltr'><strong>τῶν</strong></span> <span class='ocrx_word' id='word_1_44' title='bbox 1734 714 1918 788; x_wconf 80' lang='grc' dir='ltr'>ἱερῶν.</span> 
     </span>
    </p>
   </div>
   <div class='ocr_carea' id='block_1_9' title="bbox 341 810 1920 887">
    <p class='ocr_par' dir='ltr' id='par_1_9' title="bbox 341 810 1920 887">
     <span class='ocr_line' id='line_1_9' title="bbox 341 810 1920 887; baseline -0.011 -8"><span class='ocrx_word' id='word_1_45' title='bbox 341 824 512 879; x_wconf 85' lang='grc' dir='ltr'>Τοῦτο</span> <span class='ocrx_word' id='word_1_46' title='bbox 533 822 591 876; x_wconf 80' lang='grc' dir='ltr'>δὲ</span> <span class='ocrx_word' id='word_1_47' title='bbox 614 822 709 875; x_wconf 76' lang='grc' dir='ltr'>καὶ</span> <span class='ocrx_word' id='word_1_48' title='bbox 737 820 855 887; x_wconf 82' lang='grc' dir='ltr'>νῦν,</span> <span class='ocrx_word' id='word_1_49' title='bbox 888 817 1042 887; x_wconf 78' lang='grc' dir='ltr'>φασὶ,</span> <span class='ocrx_word' id='word_1_50' title='bbox 1072 816 1393 886; x_wconf 84' lang='grc' dir='ltr'>γιγνόμενον</span> <span class='ocrx_word' id='word_1_51' title='bbox 1418 812 1566 865; x_wconf 74' lang='grc' dir='ltr'>ἐστιν</span> <span class='ocrx_word' id='word_1_52' title='bbox 1597 810 1746 863; x_wconf 82' lang='grc' dir='ltr'>ἰδεῖν.</span> <span class='ocrx_word' id='word_1_53' title='bbox 1777 810 1920 881; x_wconf 86' lang='grc' dir='ltr'>Πρε-</span> 
     </span>
    </p>
   </div>
   <div class='ocr_carea' id='block_1_10' title="bbox 344 902 1922 986">
    <p class='ocr_par' dir='ltr' id='par_1_10' title="bbox 344 902 1922 986">
     <span class='ocr_line' id='line_1_10' title="bbox 344 902 1922 986; baseline -0.011 -16"><span class='ocrx_word' id='word_1_54' title='bbox 344 915 607 986; x_wconf 82' lang='grc' dir='ltr'>σϐυτὲρου</span> <span class='ocrx_word' id='word_1_55' title='bbox 633 912 742 983; x_wconf 85' lang='grc' dir='ltr'>γὰρ</span> <span class='ocrx_word' id='word_1_56' title='bbox 767 912 828 964; x_wconf 93' lang='grc' dir='ltr'><strong>οὐ</strong></span> <span class='ocrx_word' id='word_1_57' title='bbox 853 909 1143 981; x_wconf 74' lang='grc' dir='ltr'><strong>παρόντος,</strong></span> <span class='ocrx_word' id='word_1_58' title='bbox 1176 907 1270 959; x_wconf 72' lang='grc' dir='ltr'><strong>καὶ</strong></span> <span class='ocrx_word' id='word_1_59' title='bbox 1311 905 1411 974; x_wconf 85' lang='grc' dir='ltr'>τῆς</span> <span class='ocrx_word' id='word_1_60' title='bbox 1440 902 1631 975; x_wconf 85' lang='grc' dir='ltr'>χρείας</span> <span class='ocrx_word' id='word_1_61' title='bbox 1662 917 1922 955; x_wconf 87' lang='grc' dir='ltr'>κατεπει-</span> 
     </span>
    </p>
   </div>
   <div class='ocr_carea' id='block_1_11' title="bbox 341 989 1923 1074">
    <p class='ocr_par' dir='ltr' id='par_1_11' title="bbox 341 989 1923 1074">
     <span class='ocr_line' id='line_1_11' title="bbox 341 989 1923 1074; baseline -0.011 -15"><span class='ocrx_word' id='word_1_62' title='bbox 341 1004 565 1074; x_wconf 83' lang='grc' dir='ltr'>γούσης,</span> <span class='ocrx_word' id='word_1_63' title='bbox 613 1000 985 1070; x_wconf 77' lang='grc' dir='ltr'><strong>ἀναγκάζεται</strong></span> <span class='ocrx_word' id='word_1_64' title='bbox 1038 997 1130 1050; x_wconf 78' lang='grc' dir='ltr'><strong>καὶ</strong></span> <span class='ocrx_word' id='word_1_65' title='bbox 1174 996 1422 1058; x_wconf 84' lang='grc' dir='ltr'>διάκονος</span> <span class='ocrx_word' id='word_1_66' title='bbox 1461 990 1794 1063; x_wconf 81' lang='grc' dir='ltr'>προσφέρειν</span> <span class='ocrx_word' id='word_1_67' title='bbox 1841 989 1923 1061; x_wconf 84' lang='grc' dir='ltr'>τῷ</span> 
     </span>
    </p>
   </div>
   <div class='ocr_carea' id='block_1_12' title="bbox 316 1076 1023 1165">
    <p class='ocr_par' dir='ltr' id='par_1_12' title="bbox 316 1076 1023 1165">
     <span class='ocr_line' id='line_1_12' title="bbox 316 1076 1023 1165; baseline -0.007 -17"><span class='ocrx_word' id='word_1_68' title='bbox 316 1076 320 1080; x_wconf 17' lang='grc' dir='ltr'><strong>θ</strong></span> <span class='ocrx_word' id='word_1_69' title='bbox 343 1093 583 1165; x_wconf 81' lang='grc' dir='ltr'>δεομένῳ</span> <span class='ocrx_word' id='word_1_70' title='bbox 621 1093 683 1145; x_wconf 79' lang='grc' dir='ltr'><strong>τὸ</strong></span> <span class='ocrx_word' id='word_1_71' title='bbox 716 1091 1023 1162; x_wconf 80' lang='grc' dir='ltr'><strong>βάπτισμα.</strong></span> 
     </span>
    </p>
   </div>
   <div class='ocr_carea' id='block_1_13' title="bbox 415 1194 1920 1279">
    <p class='ocr_par' dir='ltr' id='par_1_13' title="bbox 415 1194 1920 1279">
     <span class='ocr_line' id='line_1_13' title="bbox 415 1194 1920 1279; baseline -0.01 -16"><span class='ocrx_word' id='word_1_72' title='bbox 415 1208 526 1263; x_wconf 76' lang='grc' dir='ltr'>Καὶ</span> <span class='ocrx_word' id='word_1_73' title='bbox 546 1204 753 1279; x_wconf 83' lang='grc' dir='ltr'>προῖὼν</span> <span class='ocrx_word' id='word_1_74' title='bbox 770 1205 827 1259; x_wconf 80' lang='grc' dir='ltr'><strong>δὲ</strong></span> <span class='ocrx_word' id='word_1_75' title='bbox 852 1204 1018 1270; x_wconf 79' lang='grc' dir='ltr'>λέξει,</span> <span class='ocrx_word' id='word_1_76' title='bbox 1043 1202 1182 1269; x_wconf 86' lang='grc' dir='ltr'>πῶς,</span> <span class='ocrx_word' id='word_1_77' title='bbox 1205 1199 1401 1255; x_wconf 80' lang='grc' dir='ltr'>πολλοῦ</span> <span class='ocrx_word' id='word_1_78' title='bbox 1415 1196 1758 1258; x_wconf 79' lang='grc' dir='ltr'>συνελθόντος</span> <span class='ocrx_word' id='word_1_79' title='bbox 1779 1194 1920 1266; x_wconf 84' lang='grc' dir='ltr'>πλή-</span> 
     </span>
    </p>
   </div>
   <div class='ocr_carea' id='block_1_14' title="bbox 344 1286 1923 1369">
    <p class='ocr_par' dir='ltr' id='par_1_14' title="bbox 344 1286 1923 1369">
     <span class='ocr_line' id='line_1_14' title="bbox 344 1286 1923 1369; baseline -0.011 -13"><span class='ocrx_word' id='word_1_80' title='bbox 344 1304 489 1365; x_wconf 86' lang='grc' dir='ltr'>θους,</span> <span class='ocrx_word' id='word_1_81' title='bbox 520 1300 670 1353; x_wconf 89' lang='grc' dir='ltr'>θύειν</span> <span class='ocrx_word' id='word_1_82' title='bbox 700 1295 1127 1369; x_wconf 62' lang='grc' dir='ltr'><strong>⁴ἡναγκάσθησαν</strong></span> <span class='ocrx_word' id='word_1_83' title='bbox 1162 1294 1211 1346; x_wconf 83' lang='lat' dir='ltr'><strong>oi</strong></span> <span class='ocrx_word' id='word_1_84' title='bbox 1248 1289 1492 1355; x_wconf 82' lang='grc' dir='ltr'><strong>Λευῖται,</strong></span> <span class='ocrx_word' id='word_1_85' title='bbox 1532 1286 1797 1360; x_wconf 85' lang='grc' dir='ltr'>μηδαμῶς</span> <span class='ocrx_word' id='word_1_86' title='bbox 1823 1287 1923 1358; x_wconf 84' lang='grc' dir='ltr'>ἁρ-</span> 
     </span>
    </p>
   </div>
   <div class='ocr_carea' id='block_1_15' title="bbox 343 1376 1922 1457">
    <p class='ocr_par' dir='ltr' id='par_1_15' title="bbox 343 1376 1922 1457">
     <span class='ocr_line' id='line_1_15' title="bbox 343 1376 1922 1457; baseline -0.011 -12"><span class='ocrx_word' id='word_1_87' title='bbox 343 1390 584 1445; x_wconf 89' lang='grc' dir='ltr'>κούντων</span> <span class='ocrx_word' id='word_1_88' title='bbox 625 1387 734 1440; x_wconf 84' lang='grc' dir='ltr'><strong>τῶν</strong></span> <span class='ocrx_word' id='word_1_89' title='bbox 766 1386 980 1457; x_wconf 81' lang='grc' dir='ltr'>ἱερέων.</span> <span class='ocrx_word' id='word_1_90' title='bbox 1031 1382 1130 1437; x_wconf 83' lang='grc' dir='ltr'><strong>Διὰ</strong></span> <span class='ocrx_word' id='word_1_91' title='bbox 1176 1382 1234 1435; x_wconf 82' lang='grc' dir='ltr'>δὲ</span> <span class='ocrx_word' id='word_1_92' title='bbox 1274 1381 1335 1433; x_wconf 87' lang='grc' dir='ltr'><strong>τδ</strong></span> <span class='ocrx_word' id='word_1_93' title='bbox 1363 1379 1622 1448; x_wconf 75' lang='grc' dir='ltr'><strong>ἐξαπίνης</strong></span> <span class='ocrx_word' id='word_1_94' title='bbox 1656 1376 1922 1448; x_wconf 78' lang='grc' dir='ltr'>κληθῆναι</span> 
     </span>
    </p>
   </div>
   <div class='ocr_carea' id='block_1_16' title="bbox 341 1470 1923 1551">
    <p class='ocr_par' dir='ltr' id='par_1_16' title="bbox 341 1470 1923 1551">
     <span class='ocr_line' id='line_1_16' title="bbox 341 1470 1923 1551; baseline -0.008 -18"><span class='ocrx_word' id='word_1_95' title='bbox 341 1484 471 1543; x_wconf 77' lang='grc' dir='ltr'>τοὺς</span> <span class='ocrx_word' id='word_1_96' title='bbox 505 1480 563 1548; x_wconf 80' lang='grc' dir='ltr'><strong>ἐξ</strong></span> <span class='ocrx_word' id='word_1_97' title='bbox 611 1478 848 1551; x_wconf 87' lang='grc' dir='ltr'>Ἰσραὴλ,</span> <span class='ocrx_word' id='word_1_98' title='bbox 877 1478 928 1530; x_wconf 85' lang='grc' dir='ltr'>οἱ</span> <span class='ocrx_word' id='word_1_99' title='bbox 963 1475 1185 1538; x_wconf 76' lang='grc' dir='ltr'>πλείους</span> <span class='ocrx_word' id='word_1_100' title='bbox 1218 1472 1327 1527; x_wconf 90' lang='grc' dir='ltr'><strong>τῶν</strong></span> <span class='ocrx_word' id='word_1_101' title='bbox 1356 1470 1737 1533; x_wconf 76' lang='grc' dir='ltr'>συνελθόντων,</span> <span class='ocrx_word' id='word_1_102' title='bbox 1771 1470 1923 1538; x_wconf 82' lang='grc' dir='ltr'>ἁγνι-</span> 
     </span>
    </p>
   </div>
   <div class='ocr_carea' id='block_1_17' title="bbox 346 1562 1923 1644">
    <p class='ocr_par' dir='ltr' id='par_1_17' title="bbox 346 1562 1923 1644">
     <span class='ocr_line' id='line_1_17' title="bbox 346 1562 1923 1644; baseline -0.01 -17"><span class='ocrx_word' id='word_1_103' title='bbox 346 1574 538 1644; x_wconf 82' lang='grc' dir='ltr'>σθῆναι</span> <span class='ocrx_word' id='word_1_104' title='bbox 575 1571 650 1643; x_wconf 84' lang='grc' dir='ltr'><strong>μὴ</strong></span> <span class='ocrx_word' id='word_1_105' title='bbox 680 1571 985 1641; x_wconf 82' lang='grc' dir='ltr'>φθάσαντες</span> <span class='ocrx_word' id='word_1_106' title='bbox 1006 1609 1022 1635; x_wconf 87' lang='grc'><strong>,</strong></span> <span class='ocrx_word' id='word_1_107' title='bbox 1054 1567 1258 1637; x_wconf 73' lang='grc' dir='ltr'>ἔφαγον</span> <span class='ocrx_word' id='word_1_108' title='bbox 1305 1564 1367 1618; x_wconf 86' lang='grc' dir='ltr'><strong>τὸ</strong></span> <span class='ocrx_word' id='word_1_109' title='bbox 1412 1564 1626 1634; x_wconf 83' lang='grc' dir='ltr'>πάσχα,</span> <span class='ocrx_word' id='word_1_110' title='bbox 1657 1562 1751 1614; x_wconf 68' lang='grc' dir='ltr'>καὶ</span> <span class='ocrx_word' id='word_1_111' title='bbox 1788 1575 1923 1627; x_wconf 89' lang='grc' dir='ltr'>συγ-</span> 
     </span>
    </p>
   </div>
   <div class='ocr_carea' id='block_1_18' title="bbox 343 1653 1924 1737">
    <p class='ocr_par' dir='ltr' id='par_1_18' title="bbox 343 1653 1924 1737">
     <span class='ocr_line' id='line_1_18' title="bbox 343 1653 1924 1737; baseline -0.008 -19"><span class='ocrx_word' id='word_1_112' title='bbox 343 1665 569 1737; x_wconf 85' lang='grc' dir='ltr'>γνώμης</span> <span class='ocrx_word' id='word_1_113' title='bbox 589 1665 800 1733; x_wconf 73' lang='grc' dir='ltr'>ἔτυχον,</span> <span class='ocrx_word' id='word_1_114' title='bbox 827 1663 918 1717; x_wconf 85' lang='grc' dir='ltr'>διὰ</span> <span class='ocrx_word' id='word_1_115' title='bbox 932 1663 1032 1736; x_wconf 83' lang='grc' dir='ltr'>τὴν</span> <span class='ocrx_word' id='word_1_116' title='bbox 1059 1661 1153 1715; x_wconf 87' lang='grc' dir='ltr'>τοῦ</span> <span class='ocrx_word' id='word_1_117' title='bbox 1179 1658 1447 1731; x_wconf 81' lang='grc' dir='ltr'>βασιλέως</span> <span class='ocrx_word' id='word_1_118' title='bbox 1471 1655 1777 1723; x_wconf 79' lang='grc' dir='ltr'>εὐσέϐειαν,</span> <span class='ocrx_word' id='word_1_119' title='bbox 1800 1653 1924 1707; x_wconf 82' lang='grc' dir='ltr'>καί·</span> 
     </span>
    </p>
   </div>
   <div class='ocr_carea' id='block_1_19' title="bbox 346 1757 998 1833">
    <p class='ocr_par' dir='ltr' id='par_1_19' title="bbox 346 1757 998 1833">
     <span class='ocr_line' id='line_1_19' title="bbox 346 1757 998 1833; baseline -0.006 -20"><span class='ocrx_word' id='word_1_120' title='bbox 346 1777 452 1833; x_wconf 87' lang='grc' dir='ltr'><strong>περ</strong></span> <span class='ocrx_word' id='word_1_121' title='bbox 485 1757 998 1830; x_wconf 74' lang='grc' dir='ltr'>παρανομήσαντες.</span> 
     </span>
    </p>
   </div>
   <div class='ocr_carea' id='block_1_20' title="bbox 930 1888 1342 1946">
    <p class='ocr_par' dir='ltr' id='par_1_20' title="bbox 930 1888 1342 1946">
     <span class='ocr_line' id='line_1_20' title="bbox 930 1888 1342 1946; baseline -0.01 0"><span class='ocrx_word' id='word_1_122' title='bbox 930 1892 1184 1946; x_wconf 77' lang='grc' dir='ltr'><strong>ΚΕΦΑΛ.</strong></span> <span class='ocrx_word' id='word_1_123' title='bbox 1219 1888 1342 1944; x_wconf 85' lang='lat' dir='ltr'><strong>AB&#39;.</strong></span> 
     </span>
    </p>
   </div>
   <div class='ocr_carea' id='block_1_21' title="bbox 410 2018 1928 2094">
    <p class='ocr_par' dir='ltr' id='par_1_21' title="bbox 410 2018 1928 2094">
     <span class='ocr_line' id='line_1_21' title="bbox 410 2018 1928 2094; baseline -0.007 -11"><span class='ocrx_word' id='word_1_124' title='bbox 410 2026 575 2083; x_wconf 80' lang='grc' dir='ltr'>Μετὰ</span> <span class='ocrx_word' id='word_1_125' title='bbox 610 2020 679 2081; x_wconf 80' lang='grc' dir='ltr'>δὲ</span> <span class='ocrx_word' id='word_1_126' title='bbox 706 2026 849 2092; x_wconf 86' lang='grc' dir='ltr'>τοὺς</span> <span class='ocrx_word' id='word_1_127' title='bbox 882 2026 1108 2094; x_wconf 71' lang='grc' dir='ltr'>λόγους</span> <span class='ocrx_word' id='word_1_128' title='bbox 1162 2023 1448 2087; x_wconf 86' lang='grc' dir='ltr'><strong>τούτους,</strong></span> <span class='ocrx_word' id='word_1_129' title='bbox 1482 2020 1583 2076; x_wconf 78' lang='grc' dir='ltr'>καὶ</span> <span class='ocrx_word' id='word_1_130' title='bbox 1628 2019 1742 2089; x_wconf 79' lang='grc' dir='ltr'><strong>τὴν</strong></span> <span class='ocrx_word' id='word_1_131' title='bbox 1778 2018 1928 2086; x_wconf 77' lang='grc' dir='ltr'><strong>ἀλή-</strong></span> 
     </span>
    </p>
   </div>
   <div class='ocr_carea' id='block_1_22' title="bbox 345 2112 1922 2188">
    <p class='ocr_par' dir='ltr' id='par_1_22' title="bbox 345 2112 1922 2188">
     <span class='ocr_line' id='line_1_22' title="bbox 345 2112 1922 2188; baseline -0.005 -14"><span class='ocrx_word' id='word_1_132' title='bbox 345 2122 511 2175; x_wconf 79' lang='grc' dir='ltr'>θειαν</span> <span class='ocrx_word' id='word_1_133' title='bbox 550 2120 806 2186; x_wconf 79' lang='grc' dir='ltr'>ταύτην,</span> <span class='ocrx_word' id='word_1_134' title='bbox 849 2112 1001 2188; x_wconf 75' lang='grc' dir='ltr'>ἦλθε</span> <span class='ocrx_word' id='word_1_135' title='bbox 1043 2114 1466 2184; x_wconf 76' lang='grc' dir='ltr'>Σενναχερρίμ.</span> <span class='ocrx_word' id='word_1_136' title='bbox 1510 2114 1764 2167; x_wconf 85' lang='grc' dir='ltr'>Διδάσκει</span> <span class='ocrx_word' id='word_1_137' title='bbox 1806 2112 1922 2177; x_wconf 84' lang='grc' dir='ltr'>νῦν,</span> 
     </span>
    </p>
   </div>
   <div class='ocr_carea' id='block_1_23' title="bbox 344 2206 1926 2279">
    <p class='ocr_par' dir='ltr' id='par_1_23' title="bbox 344 2206 1926 2279">
     <span class='ocr_line' id='line_1_23' title="bbox 344 2206 1926 2279; baseline -0.004 -15"><span class='ocrx_word' id='word_1_138' title='bbox 344 2210 427 2264; x_wconf 82' lang='grc' dir='ltr'>ὅτι</span> <span class='ocrx_word' id='word_1_139' title='bbox 451 2210 548 2263; x_wconf 78' lang='grc' dir='ltr'>καὶ</span> <span class='ocrx_word' id='word_1_140' title='bbox 568 2212 695 2274; x_wconf 80' lang='grc' dir='ltr'>τοὺς</span> <span class='ocrx_word' id='word_1_141' title='bbox 712 2208 989 2272; x_wconf 77' lang='grc' dir='ltr'>θεοσεϐεῖς</span> <span class='ocrx_word' id='word_1_142' title='bbox 1010 2208 1208 2279; x_wconf 77' lang='grc' dir='ltr'>ἄνδρας</span> <span class='ocrx_word' id='word_1_143' title='bbox 1235 2206 1548 2273; x_wconf 75' lang='grc' dir='ltr'>δοκιμάζων</span> <span class='ocrx_word' id='word_1_144' title='bbox 1582 2208 1610 2260; x_wconf 86' lang='grc' dir='ltr'>ὁ</span> <span class='ocrx_word' id='word_1_145' title='bbox 1632 2206 1761 2270; x_wconf 81' lang='grc' dir='ltr'>Θεὸς</span> <span class='ocrx_word' id='word_1_146' title='bbox 1784 2224 1926 2277; x_wconf 84' lang='grc' dir='ltr'>συμ-</span> 
     </span>
    </p>
   </div>
   <div class='ocr_carea' id='block_1_24' title="bbox 343 2296 1921 2371">
    <p class='ocr_par' dir='ltr' id='par_1_24' title="bbox 343 2296 1921 2371">
     <span class='ocr_line' id='line_1_24' title="bbox 343 2296 1921 2371; baseline -0.003 -18"><span class='ocrx_word' id='word_1_147' title='bbox 343 2302 538 2370; x_wconf 81' lang='grc' dir='ltr'>φοραῖς</span> <span class='ocrx_word' id='word_1_148' title='bbox 564 2301 888 2371; x_wconf 79' lang='grc' dir='ltr'>περιπεσεῖν</span> <span class='ocrx_word' id='word_1_149' title='bbox 908 2300 1204 2368; x_wconf 80' lang='grc' dir='ltr'>συγχωρεῖ,</span> <span class='ocrx_word' id='word_1_150' title='bbox 1230 2297 1323 2352; x_wconf 79' lang='grc' dir='ltr'><strong>καὶ</strong></span> <span class='ocrx_word' id='word_1_151' title='bbox 1348 2296 1553 2350; x_wconf 80' lang='grc' dir='ltr'>διαλύει</span> <span class='ocrx_word' id='word_1_152' title='bbox 1574 2297 1642 2351; x_wconf 83' lang='grc' dir='ltr'>τὰ</span> <span class='ocrx_word' id='word_1_153' title='bbox 1664 2296 1921 2368; x_wconf 83' lang='grc' dir='ltr'>δυσχερῆ·</span> 
     </span>
    </p>
   </div>
   <div class='ocr_carea' id='block_1_25' title="bbox 344 2389 1924 2462">
    <p class='ocr_par' dir='ltr' id='par_1_25' title="bbox 344 2389 1924 2462">
     <span class='ocr_line' id='line_1_25' title="bbox 344 2389 1924 2462; baseline -0.001 -17"><span class='ocrx_word' id='word_1_154' title='bbox 344 2392 440 2445; x_wconf 76' lang='grc' dir='ltr'>καὶ</span> <span class='ocrx_word' id='word_1_155' title='bbox 495 2392 577 2445; x_wconf 83' lang='grc' dir='ltr'>ὅτι</span> <span class='ocrx_word' id='word_1_156' title='bbox 605 2392 684 2445; x_wconf 85' lang='grc' dir='ltr'>δεῖ</span> <span class='ocrx_word' id='word_1_157' title='bbox 716 2389 837 2462; x_wconf 86' lang='grc' dir='ltr'>Θεῷ</span> <span class='ocrx_word' id='word_1_158' title='bbox 886 2389 1225 2461; x_wconf 75' lang='grc' dir='ltr'>θαρροῦντας</span> <span class='ocrx_word' id='word_1_159' title='bbox 1267 2389 1341 2460; x_wconf 77' lang='grc' dir='ltr'>μὴ</span> <span class='ocrx_word' id='word_1_160' title='bbox 1359 2389 1629 2459; x_wconf 86' lang='grc' dir='ltr'>καθῆσθαι</span> <span class='ocrx_word' id='word_1_161' title='bbox 1649 2390 1924 2460; x_wconf 79' lang='grc' dir='ltr'>διακενῆς,</span> 
     </span>
    </p>
   </div>
   <div class='ocr_carea' id='block_1_26' title="bbox 347 2481 1927 2555">
    <p class='ocr_par' dir='ltr' id='par_1_26' title="bbox 347 2481 1927 2555">
     <span class='ocr_line' id='line_1_26' title="bbox 347 2481 1927 2555; baseline -0.002 -18"><span class='ocrx_word' id='word_1_162' title='bbox 347 2483 726 2555; x_wconf 67' lang='grc' dir='ltr'>συνεισφέρειν</span> <span class='ocrx_word' id='word_1_163' title='bbox 756 2482 814 2536; x_wconf 80' lang='grc' dir='ltr'>δὲ</span> <span class='ocrx_word' id='word_1_164' title='bbox 846 2483 941 2537; x_wconf 74' lang='grc' dir='ltr'><strong>καὶ</strong></span> <span class='ocrx_word' id='word_1_165' title='bbox 971 2482 1039 2535; x_wconf 84' lang='grc' dir='ltr'><strong>τὰ</strong></span> <span class='ocrx_word' id='word_1_166' title='bbox 1079 2482 1210 2552; x_wconf 86' lang='grc' dir='ltr'>παρ’</span> <span class='ocrx_word' id='word_1_167' title='bbox 1245 2482 1475 2535; x_wconf 77' lang='grc' dir='ltr'>ἑαυτῶν.</span> <span class='ocrx_word' id='word_1_168' title='bbox 1509 2481 1725 2550; x_wconf 83' lang='grc' dir='ltr'>Ὥσπερ</span> <span class='ocrx_word' id='word_1_169' title='bbox 1776 2482 1927 2545; x_wconf 77' lang='grc' dir='ltr'>Ἐζε-</span> 
     </span>
    </p>
   </div>
   <div class='ocr_carea' id='block_1_27' title="bbox 345 2572 1928 2645">
    <p class='ocr_par' dir='ltr' id='par_1_27' title="bbox 345 2572 1928 2645">
     <span class='ocr_line' id='line_1_27' title="bbox 345 2572 1928 2645; baseline -0.001 -18"><span class='ocrx_word' id='word_1_170' title='bbox 345 2574 470 2639; x_wconf 82' lang='grc' dir='ltr'>κίας</span> <span class='ocrx_word' id='word_1_171' title='bbox 525 2575 665 2645; x_wconf 84' lang='grc' dir='ltr'>πρὸς</span> <span class='ocrx_word' id='word_1_172' title='bbox 713 2574 807 2627; x_wconf 83' lang='grc' dir='ltr'><strong>τὸν</strong></span> <span class='ocrx_word' id='word_1_173' title='bbox 857 2574 1092 2645; x_wconf 84' lang='grc' dir='ltr'>πόλεμον</span> <span class='ocrx_word' id='word_1_174' title='bbox 1143 2573 1533 2645; x_wconf 84' lang='grc' dir='ltr'>ηὐτρεπίσατο,</span> <span class='ocrx_word' id='word_1_175' title='bbox 1564 2574 1658 2627; x_wconf 74' lang='grc' dir='ltr'><strong>καί¹</strong></span> <span class='ocrx_word' id='word_1_176' title='bbox 1707 2573 1843 2645; x_wconf 83' lang='grc' dir='ltr'>μετὰ</span> <span class='ocrx_word' id='word_1_177' title='bbox 1866 2572 1928 2627; x_wconf 79' lang='grc' dir='ltr'><strong>τὸ</strong></span> 
     </span>
    </p>
   </div>
   <div class='ocr_carea' id='block_1_28' title="bbox 347 2664 1926 2736">
    <p class='ocr_par' dir='ltr' id='par_1_28' title="bbox 347 2664 1926 2736">
     <span class='ocr_line' id='line_1_28' title="bbox 347 2664 1926 2736; baseline -0.003 -15"><span class='ocrx_word' id='word_1_178' title='bbox 347 2669 526 2721; x_wconf 86' lang='grc' dir='ltr'>πάντα</span> <span class='ocrx_word' id='word_1_179' title='bbox 555 2667 807 2736; x_wconf 84' lang='grc' dir='ltr'>ποιῆσαι,</span> <span class='ocrx_word' id='word_1_180' title='bbox 838 2666 994 2736; x_wconf 64' lang='grc' dir='ltr'>φησι,</span> <span class='ocrx_word' id='word_1_181' title='bbox 1024 2664 1161 2718; x_wconf 84' lang='grc' dir='ltr'>Μετ’</span> <span class='ocrx_word' id='word_1_182' title='bbox 1183 2665 1351 2719; x_wconf 79' lang='grc' dir='ltr'>αὐτοῦ</span> <span class='ocrx_word' id='word_1_183' title='bbox 1413 2665 1700 2736; x_wconf 84' lang='grc' dir='ltr'>βραχίονες</span> <span class='ocrx_word' id='word_1_184' title='bbox 1732 2666 1926 2735; x_wconf 79' lang='grc' dir='ltr'>σάρκι-</span> 
     </span>
    </p>
   </div>
   <div class='ocr_carea' id='block_1_29' title="bbox 348 2756 1928 2831">
    <p class='ocr_par' dir='ltr' id='par_1_29' title="bbox 348 2756 1928 2831">
     <span class='ocr_line' id='line_1_29' title="bbox 348 2756 1928 2831; baseline -0.003 -16"><span class='ocrx_word' id='word_1_185' title='bbox 348 2779 458 2826; x_wconf 87' lang='grc' dir='ltr'>νοι,</span> <span class='ocrx_word' id='word_1_186' title='bbox 490 2760 609 2831; x_wconf 85' lang='grc' dir='ltr'>μεθ’</span> <span class='ocrx_word' id='word_1_187' title='bbox 639 2762 673 2830; x_wconf 80' lang='grc' dir='ltr'>ἡ</span> <span class='ocrx_word' id='word_1_188' title='bbox 684 2759 800 2825; x_wconf 83' lang='grc' dir='ltr'><strong>μῶν</strong></span> <span class='ocrx_word' id='word_1_189' title='bbox 825 2759 904 2825; x_wconf 82' lang='grc' dir='ltr'>δὲ,</span> <span class='ocrx_word' id='word_1_190' title='bbox 931 2756 1138 2827; x_wconf 80' lang='grc' dir='ltr'>Κύριος</span> <span class='ocrx_word' id='word_1_191' title='bbox 1164 2760 1191 2810; x_wconf 88' lang='grc' dir='ltr'><strong>ό</strong></span> <span class='ocrx_word' id='word_1_192' title='bbox 1217 2757 1349 2821; x_wconf 83' lang='grc' dir='ltr'>Θεὸς</span> <span class='ocrx_word' id='word_1_193' title='bbox 1375 2758 1533 2828; x_wconf 79' lang='grc' dir='ltr'>ἡμῶν</span> <span class='ocrx_word' id='word_1_194' title='bbox 1553 2774 1566 2788; x_wconf 76' lang='grc' dir='ltr'><strong>ο</strong></span> <span class='ocrx_word' id='word_1_195' title='bbox 1595 2758 1656 2811; x_wconf 85' lang='grc' dir='ltr'><strong>τὸ</strong></span> <span class='ocrx_word' id='word_1_196' title='bbox 1714 2757 1928 2828; x_wconf 82' lang='grc' dir='ltr'>ἄμαχον</span> 
     </span>
    </p>
   </div>
   <div class='ocr_carea' id='block_1_30' title="bbox 346 2849 1928 2925">
    <p class='ocr_par' dir='ltr' id='par_1_30' title="bbox 346 2849 1928 2925">
     <span class='ocr_line' id='line_1_30' title="bbox 346 2849 1928 2925; baseline -0.001 -19"><span class='ocrx_word' id='word_1_197' title='bbox 346 2852 562 2916; x_wconf 83' lang='grc' dir='ltr'>δεικνὺς</span> <span class='ocrx_word' id='word_1_198' title='bbox 610 2850 704 2904; x_wconf 83' lang='grc' dir='ltr'><strong>τοῦ</strong></span> <span class='ocrx_word' id='word_1_199' title='bbox 743 2850 902 2916; x_wconf 81' lang='grc' dir='ltr'>Θεοῦ,</span> <span class='ocrx_word' id='word_1_200' title='bbox 936 2850 1032 2904; x_wconf 80' lang='grc' dir='ltr'><strong>καὶ</strong></span> <span class='ocrx_word' id='word_1_201' title='bbox 1076 2851 1184 2903; x_wconf 84' lang='grc' dir='ltr'><strong>τῶν</strong></span> <span class='ocrx_word' id='word_1_202' title='bbox 1229 2849 1534 2925; x_wconf 83' lang='grc' dir='ltr'>ἀνθρώπων</span> <span class='ocrx_word' id='word_1_203' title='bbox 1559 2850 1620 2903; x_wconf 79' lang='grc' dir='ltr'>τὸ</span> <span class='ocrx_word' id='word_1_204' title='bbox 1650 2851 1847 2922; x_wconf 86' lang='grc' dir='ltr'>σαθρόν</span> <span class='ocrx_word' id='word_1_205' title='bbox 1867 2869 1928 2905; x_wconf 90' lang='grc' dir='ltr'><strong>τε</strong></span> 
     </span>
    </p>
   </div>
   <div class='ocr_carea' id='block_1_31' title="bbox 347 2942 1928 3015">
    <p class='ocr_par' dir='ltr' id='par_1_31' title="bbox 347 2942 1928 3015">
     <span class='ocr_line' id='line_1_31' title="bbox 347 2942 1928 3015; baseline 0 -18"><span class='ocrx_word' id='word_1_206' title='bbox 347 2944 443 2998; x_wconf 78' lang='grc' dir='ltr'><strong>καὶ</strong></span> <span class='ocrx_word' id='word_1_207' title='bbox 495 2943 854 3015; x_wconf 87' lang='grc' dir='ltr'>πρόσκαιρον.</span> <span class='ocrx_word' id='word_1_208' title='bbox 882 2942 1137 3013; x_wconf 84' lang='grc' dir='ltr'>Νικήσας</span> <span class='ocrx_word' id='word_1_209' title='bbox 1166 2943 1244 3006; x_wconf 83' lang='grc' dir='ltr'><strong>δὲ,</strong></span> <span class='ocrx_word' id='word_1_210' title='bbox 1282 2943 1377 2995; x_wconf 82' lang='grc' dir='ltr'><strong>καὶ</strong></span> <span class='ocrx_word' id='word_1_211' title='bbox 1412 2942 1671 3012; x_wconf 74' lang='grc' dir='ltr'>ὑψωθεὶς,</span> <span class='ocrx_word' id='word_1_212' title='bbox 1704 2944 1928 2997; x_wconf 79' lang='grc' dir='ltr'>ἐταπει-</span> 
     </span>
    </p>
   </div>
   <div class='ocr_carea' id='block_1_32' title="bbox 346 3035 1927 3107">
    <p class='ocr_par' dir='ltr' id='par_1_32' title="bbox 346 3035 1927 3107">
     <span class='ocr_line' id='line_1_32' title="bbox 346 3035 1927 3107; baseline 0.001 -18"><span class='ocrx_word' id='word_1_213' title='bbox 346 3035 513 3107; x_wconf 81' lang='grc' dir='ltr'>νώθη,</span> <span class='ocrx_word' id='word_1_214' title='bbox 579 3036 723 3091; x_wconf 83' lang='grc' dir='ltr'>κατά</span> <span class='ocrx_word' id='word_1_215' title='bbox 772 3035 854 3103; x_wconf 80' lang='grc' dir='ltr'>τὸ,</span> <span class='ocrx_word' id='word_1_216' title='bbox 901 3036 958 3089; x_wconf 86' lang='lat'><strong>&#39;0</strong></span> <span class='ocrx_word' id='word_1_217' title='bbox 986 3035 1136 3104; x_wconf 75' lang='grc' dir='ltr'>ὑψῶν</span> <span class='ocrx_word' id='word_1_218' title='bbox 1177 3036 1400 3101; x_wconf 82' lang='grc' dir='ltr'>ἑαυτὸν,</span> <span class='ocrx_word' id='word_1_219' title='bbox 1432 3036 1927 3107; x_wconf 86' lang='grc' dir='ltr'>ταπεινωθήσεται.</span> 
     </span>
    </p>
   </div>
   <div class='ocr_carea' id='block_1_33' title="bbox 351 3128 2001 3201">
    <p class='ocr_par' dir='ltr' id='par_1_33' title="bbox 351 3128 2001 3201">
     <span class='ocr_line' id='line_1_33' title="bbox 351 3128 2001 3201; baseline -0.001 -17"><span class='ocrx_word' id='word_1_220' title='bbox 351 3129 562 3201; x_wconf 81' lang='grc' dir='ltr'>Ὅμως,</span> <span class='ocrx_word' id='word_1_221' title='bbox 600 3128 690 3182; x_wconf 82' lang='grc' dir='ltr'>διὰ</span> <span class='ocrx_word' id='word_1_222' title='bbox 742 3131 843 3198; x_wconf 78' lang='grc' dir='ltr'><strong>τὴν</strong></span> <span class='ocrx_word' id='word_1_223' title='bbox 882 3128 1199 3193; x_wconf 79' lang='grc' dir='ltr'>εὐσέϐειαν,</span> <span class='ocrx_word' id='word_1_224' title='bbox 1234 3129 1512 3199; x_wconf 85' lang='grc' dir='ltr'>αὐτόπτης</span> <span class='ocrx_word' id='word_1_225' title='bbox 1566 3129 1666 3182; x_wconf 85' lang='grc' dir='ltr'><strong>οὐκ</strong></span> <span class='ocrx_word' id='word_1_226' title='bbox 1714 3129 1932 3197; x_wconf 76' lang='grc' dir='ltr'>ἐγένετο</span> <span class='ocrx_word' id='word_1_227' title='bbox 1959 3136 2001 3194; x_wconf 86' lang='lat' dir='ltr'><strong><em>C</em></strong></span> 
     </span>
    </p>
   </div>
   <div class='ocr_carea' id='block_1_34' title="bbox 350 3216 1933 3290">
    <p class='ocr_par' dir='ltr' id='par_1_34' title="bbox 350 3216 1933 3290">
     <span class='ocr_line' id='line_1_34' title="bbox 350 3216 1933 3290; baseline -0.002 -17"><span class='ocrx_word' id='word_1_228' title='bbox 350 3220 460 3274; x_wconf 87' lang='grc' dir='ltr'><strong>τῶν</strong></span> <span class='ocrx_word' id='word_1_229' title='bbox 488 3218 768 3290; x_wconf 87' lang='grc' dir='ltr'>λυπηρῶν,</span> <span class='ocrx_word' id='word_1_230' title='bbox 801 3217 1132 3290; x_wconf 75' lang='grc' dir='ltr'>τελευτήσας</span> <span class='ocrx_word' id='word_1_231' title='bbox 1179 3216 1314 3288; x_wconf 73' lang='grc' dir='ltr'>πρὶν</span> <span class='ocrx_word' id='word_1_232' title='bbox 1356 3218 1483 3280; x_wconf 82' lang='grc' dir='ltr'>τοὺς</span> <span class='ocrx_word' id='word_1_233' title='bbox 1518 3216 1809 3288; x_wconf 81' lang='grc' dir='ltr'>πολεμίους</span> <span class='ocrx_word' id='word_1_234' title='bbox 1849 3217 1933 3270; x_wconf 84' lang='grc' dir='ltr'><strong>ὲλ-</strong></span> 
     </span>
    </p>
   </div>
   <div class='ocr_carea' id='block_1_35' title="bbox 350 3307 1934 3382">
    <p class='ocr_par' dir='ltr' id='par_1_35' title="bbox 350 3307 1934 3382">
     <span class='ocr_line' id='line_1_35' title="bbox 350 3307 1934 3382; baseline -0.001 -18"><span class='ocrx_word' id='word_1_235' title='bbox 350 3310 487 3366; x_wconf 78' lang='grc' dir='ltr'>θεῖν.</span> <span class='ocrx_word' id='word_1_236' title='bbox 507 3310 756 3365; x_wconf 82' lang='grc' dir='ltr'>Διδάσκει</span> <span class='ocrx_word' id='word_1_237' title='bbox 775 3309 832 3362; x_wconf 76' lang='grc' dir='ltr'>δὲ</span> <span class='ocrx_word' id='word_1_238' title='bbox 865 3311 899 3382; x_wconf 81' lang='grc' dir='ltr'>ἡ</span> <span class='ocrx_word' id='word_1_239' title='bbox 957 3309 1175 3380; x_wconf 85' lang='grc' dir='ltr'>Γραφὴ,</span> <span class='ocrx_word' id='word_1_240' title='bbox 1205 3308 1282 3371; x_wconf 84' lang='grc' dir='ltr'><strong>ὡς</strong></span> <span class='ocrx_word' id='word_1_241' title='bbox 1331 3307 1421 3361; x_wconf 85' lang='grc' dir='ltr'><strong>διὰ</strong></span> <span class='ocrx_word' id='word_1_242' title='bbox 1446 3307 1537 3361; x_wconf 83' lang='grc' dir='ltr'><strong>τὸν</strong></span> <span class='ocrx_word' id='word_1_243' title='bbox 1566 3307 1934 3379; x_wconf 84' lang='grc' dir='ltr'>ἀναποδισμὸν</span> 
     </span>
    </p>
   </div>
   <div class='ocr_carea' id='block_1_36' title="bbox 357 3398 1934 3472">
    <p class='ocr_par' dir='ltr' id='par_1_36' title="bbox 357 3398 1934 3472">
     <span class='ocr_line' id='line_1_36' title="bbox 357 3398 1934 3472; baseline -0.002 -16"><span class='ocrx_word' id='word_1_244' title='bbox 357 3404 453 3456; x_wconf 80' lang='grc' dir='ltr'>τοῦ</span> <span class='ocrx_word' id='word_1_245' title='bbox 478 3402 632 3472; x_wconf 76' lang='grc' dir='ltr'>ἡλίου</span> <span class='ocrx_word' id='word_1_246' title='bbox 681 3400 975 3455; x_wconf 85' lang='grc' dir='ltr'>ἀπέστειλε</span> <span class='ocrx_word' id='word_1_247' title='bbox 1027 3400 1164 3470; x_wconf 82' lang='grc' dir='ltr'>πρὸς</span> <span class='ocrx_word' id='word_1_248' title='bbox 1194 3398 1356 3453; x_wconf 83' lang='grc' dir='ltr'>αὐτὸν</span> <span class='ocrx_word' id='word_1_249' title='bbox 1381 3399 1490 3452; x_wconf 89' lang='grc' dir='ltr'><strong>τῶν</strong></span> <span class='ocrx_word' id='word_1_250' title='bbox 1516 3399 1873 3452; x_wconf 77' lang='grc' dir='ltr'>Βαϐυλωνίων</span> <span class='ocrx_word' id='word_1_251' title='bbox 1904 3401 1934 3453; x_wconf 86' lang='grc' dir='ltr'><strong>ὁ</strong></span> 
     </span>
    </p>
   </div>
   <div class='ocr_carea' id='block_1_37' title="bbox 356 3488 1933 3562">
    <p class='ocr_par' dir='ltr' id='par_1_37' title="bbox 356 3488 1933 3562">
     <span class='ocr_line' id='line_1_37' title="bbox 356 3488 1933 3562; baseline -0.003 -15"><span class='ocrx_word' id='word_1_252' title='bbox 356 3491 630 3562; x_wconf 77' lang='grc' dir='ltr'>βασιλεὺς,</span> <span class='ocrx_word' id='word_1_253' title='bbox 659 3490 753 3545; x_wconf 80' lang='grc' dir='ltr'>τοῦ</span> <span class='ocrx_word' id='word_1_254' title='bbox 793 3489 1061 3546; x_wconf 87' lang='grc' dir='ltr'>πυθέσθαι</span> <span class='ocrx_word' id='word_1_255' title='bbox 1100 3490 1232 3561; x_wconf 84' lang='grc' dir='ltr'>παρ’</span> <span class='ocrx_word' id='word_1_256' title='bbox 1261 3488 1427 3543; x_wconf 84' lang='grc' dir='ltr'>αὐτοῦ</span> <span class='ocrx_word' id='word_1_257' title='bbox 1448 3490 1509 3543; x_wconf 80' lang='grc' dir='ltr'><strong>τὸ</strong></span> <span class='ocrx_word' id='word_1_258' title='bbox 1536 3488 1722 3561; x_wconf 80' lang='grc' dir='ltr'>τέρας,</span> <span class='ocrx_word' id='word_1_259' title='bbox 1752 3488 1780 3541; x_wconf 83' lang='grc' dir='ltr'><strong><em>ὃ</em></strong></span> <span class='ocrx_word' id='word_1_260' title='bbox 1808 3490 1933 3558; x_wconf 86' lang='grc' dir='ltr'>ὲγέ-</span> 
     </span>
    </p>
   </div>
   <div class='ocr_carea' id='block_1_38' title="bbox 354 3585 892 3655">
    <p class='ocr_par' dir='ltr' id='par_1_38' title="bbox 354 3585 892 3655">
     <span class='ocr_line' id='line_1_38' title="bbox 354 3585 892 3655; baseline -0.002 -16"><span class='ocrx_word' id='word_1_261' title='bbox 354 3602 477 3639; x_wconf 88' lang='grc' dir='ltr'>νετο</span> <span class='ocrx_word' id='word_1_262' title='bbox 512 3585 607 3639; x_wconf 74' lang='grc' dir='ltr'>ἐπὶ</span> <span class='ocrx_word' id='word_1_263' title='bbox 636 3585 736 3655; x_wconf 83' lang='grc' dir='ltr'>τῆς</span> <span class='ocrx_word' id='word_1_264' title='bbox 765 3585 892 3653; x_wconf 83' lang='grc' dir='ltr'>γῆς.</span> 
     </span>
    </p>
   </div>
   <div class='ocr_carea' id='block_1_39' title="bbox 437 3783 1383 3856">
    <p class='ocr_par' dir='ltr' id='par_1_39' title="bbox 437 3783 1383 3856">
     <span class='ocr_line' id='line_1_39' title="bbox 437 3783 1383 3856; baseline 0.003 -16"><span class='ocrx_word' id='word_1_265' title='bbox 437 3788 620 3855; x_wconf 81' lang='grc' dir='ltr'><strong>’1ηὼν.</strong></span> <span class='ocrx_word' id='word_1_266' title='bbox 656 3786 759 3842; x_wconf 84' lang='grc' dir='ltr'><strong>Τὸν</strong></span> <span class='ocrx_word' id='word_1_267' title='bbox 790 3785 995 3856; x_wconf 83' lang='grc' dir='ltr'>Σιλοὰμ</span> <span class='ocrx_word' id='word_1_268' title='bbox 1027 3783 1174 3840; x_wconf 85' lang='grc' dir='ltr'>οὐτω</span> <span class='ocrx_word' id='word_1_269' title='bbox 1209 3787 1383 3843; x_wconf 82' lang='grc' dir='ltr'>καλεῖ.</span> 
     </span>
    </p>
   </div>
   <div class='ocr_carea' id='block_1_40' title="bbox 428 3900 1937 3974">
    <p class='ocr_par' dir='ltr' id='par_1_40' title="bbox 428 3900 1937 3974">
     <span class='ocr_line' id='line_1_40' title="bbox 428 3900 1937 3974; baseline 0.003 -20"><span class='ocrx_word' id='word_1_270' title='bbox 428 3900 533 3954; x_wconf 79' lang='grc' dir='ltr'><strong>Καὶ</strong></span> <span class='ocrx_word' id='word_1_271' title='bbox 593 3900 987 3970; x_wconf 73' lang='grc' dir='ltr'>ἐγκατέλιπεν</span> <span class='ocrx_word' id='word_1_272' title='bbox 1026 3901 1216 3956; x_wconf 79' lang='grc' dir='ltr'>αὑτὸν</span> <span class='ocrx_word' id='word_1_273' title='bbox 1245 3905 1278 3956; x_wconf 87' lang='grc' dir='ltr'><em>ὁ</em></span> <span class='ocrx_word' id='word_1_274' title='bbox 1320 3903 1537 3971; x_wconf 80' lang='grc' dir='ltr'>Κύριος</span> <span class='ocrx_word' id='word_1_275' title='bbox 1591 3904 1699 3958; x_wconf 88' lang='grc' dir='ltr'>τοῦ</span> <span class='ocrx_word' id='word_1_276' title='bbox 1733 3904 1937 3974; x_wconf 78' lang='grc' dir='ltr'>πειρά-</span> 
     </span>
    </p>
   </div>
   <div class='ocr_carea' id='block_1_41' title="bbox 357 3990 1934 4067">
    <p class='ocr_par' dir='ltr' id='par_1_41' title="bbox 357 3990 1934 4067">
     <span class='ocr_line' id='line_1_41' title="bbox 357 3990 1934 4067; baseline 0.001 -20"><span class='ocrx_word' id='word_1_277' title='bbox 357 4005 460 4047; x_wconf 75' lang='grc' dir='ltr'><strong>σαι</strong></span> <span class='ocrx_word' id='word_1_278' title='bbox 513 3991 720 4045; x_wconf 78' lang='grc' dir='ltr'>αὐτόν.</span> <span class='ocrx_word' id='word_1_279' title='bbox 776 3990 939 4060; x_wconf 89' lang='grc' dir='ltr'><strong>Δηλοῖ</strong></span> <span class='ocrx_word' id='word_1_280' title='bbox 968 3991 996 4043; x_wconf 86' lang='grc' dir='ltr'>ὁ</span> <span class='ocrx_word' id='word_1_281' title='bbox 1025 3990 1205 4058; x_wconf 85' lang='grc' dir='ltr'>λόγος,</span> <span class='ocrx_word' id='word_1_282' title='bbox 1241 3992 1324 4044; x_wconf 85' lang='grc' dir='ltr'>ὅτι</span> <span class='ocrx_word' id='word_1_283' title='bbox 1377 3991 1605 4060; x_wconf 76' lang='grc' dir='ltr'>ἄμεινον</span> <span class='ocrx_word' id='word_1_284' title='bbox 1657 3994 1716 4047; x_wconf 80' lang='grc' dir='ltr'>ὲν</span> <span class='ocrx_word' id='word_1_285' title='bbox 1744 3995 1934 4067; x_wconf 80' lang='grc' dir='ltr'>Κυρίῳ</span> 
     </span>
    </p>
   </div>
   <div class='ocr_carea' id='block_1_42' title="bbox 355 4079 1933 4157">
    <p class='ocr_par' dir='ltr' id='par_1_42' title="bbox 355 4079 1933 4157">
     <span class='ocr_line' id='line_1_42' title="bbox 355 4079 1933 4157; baseline 0.003 -22"><span class='ocrx_word' id='word_1_286' title='bbox 355 4079 686 4151; x_wconf 78' lang='grc' dir='ltr'>καυχᾶσθαι.</span> <span class='ocrx_word' id='word_1_287' title='bbox 719 4080 847 4136; x_wconf 90' lang='grc' dir='ltr'>Δέον</span> <span class='ocrx_word' id='word_1_288' title='bbox 870 4080 979 4153; x_wconf 84' lang='grc' dir='ltr'>γὰρ</span> <span class='ocrx_word' id='word_1_289' title='bbox 1007 4082 1172 4135; x_wconf 81' lang='grc' dir='ltr'>αὐτὸν</span> <span class='ocrx_word' id='word_1_290' title='bbox 1202 4083 1330 4152; x_wconf 80' lang='grc' dir='ltr'>περὶ</span> <span class='ocrx_word' id='word_1_291' title='bbox 1357 4083 1456 4155; x_wconf 78' lang='grc' dir='ltr'>τῆς</span> <span class='ocrx_word' id='word_1_292' title='bbox 1479 4083 1628 4147; x_wconf 85' lang='grc' dir='ltr'>θείας</span> <span class='ocrx_word' id='word_1_293' title='bbox 1651 4084 1933 4157; x_wconf 83' lang='grc' dir='ltr'>δυνάμεως</span> 
     </span>
    </p>
   </div>
   <div class='ocr_carea' id='block_1_43' title="bbox 354 4172 1933 4250">
    <p class='ocr_par' dir='ltr' id='par_1_43' title="bbox 354 4172 1933 4250">
     <span class='ocr_line' id='line_1_43' title="bbox 354 4172 1933 4250; baseline 0.006 -24"><span class='ocrx_word' id='word_1_294' title='bbox 354 4172 758 4244; x_wconf 74' lang='grc' dir='ltr'>διηγήσασθαι,</span> <span class='ocrx_word' id='word_1_295' title='bbox 789 4175 880 4228; x_wconf 77' lang='grc' dir='ltr'><strong>τὸν</strong></span> <span class='ocrx_word' id='word_1_296' title='bbox 905 4174 1139 4229; x_wconf 81' lang='grc' dir='ltr'>πλοῦτον</span> <span class='ocrx_word' id='word_1_297' title='bbox 1199 4177 1541 4231; x_wconf 87' lang='grc' dir='ltr'>ὐποδεικνύει</span> <span class='ocrx_word' id='word_1_298' title='bbox 1607 4179 1700 4233; x_wconf 86' lang='grc' dir='ltr'><strong>τὸν</strong></span> <span class='ocrx_word' id='word_1_299' title='bbox 1760 4181 1933 4250; x_wconf 85' lang='grc' dir='ltr'>πρόσ-</span> 
     </span>
    </p>
   </div>
   <div class='ocr_carea' id='block_1_44' title="bbox 358 4262 1934 4340">
    <p class='ocr_par' dir='ltr' id='par_1_44' title="bbox 358 4262 1934 4340">
     <span class='ocr_line' id='line_1_44' title="bbox 358 4262 1934 4340; baseline 0.008 -27"><span class='ocrx_word' id='word_1_300' title='bbox 358 4278 569 4330; x_wconf 73' lang='grc' dir='ltr'>καιρον.</span> <span class='ocrx_word' id='word_1_301' title='bbox 594 4262 665 4315; x_wconf 87' lang='grc' dir='ltr'>Τὸ</span> <span class='ocrx_word' id='word_1_302' title='bbox 690 4262 769 4326; x_wconf 85' lang='grc' dir='ltr'>δὲ,</span> <span class='ocrx_word' id='word_1_303' title='bbox 827 4262 1115 4332; x_wconf 85' lang='grc' dir='ltr'>Πειράσαι</span> <span class='ocrx_word' id='word_1_304' title='bbox 1168 4265 1357 4320; x_wconf 81' lang='grc' dir='ltr'>αὐτὸν</span> <span class='ocrx_word' id='word_1_305' title='bbox 1395 4266 1617 4322; x_wconf 76' lang='grc' dir='ltr'>εἰδέναι</span> <span class='ocrx_word' id='word_1_306' title='bbox 1653 4270 1727 4324; x_wconf 84' lang='grc' dir='ltr'>τὰ</span> <span class='ocrx_word' id='word_1_307' title='bbox 1756 4269 1827 4324; x_wconf 81' lang='grc' dir='ltr'><strong>ὲν</strong></span> <span class='ocrx_word' id='word_1_308' title='bbox 1858 4268 1934 4340; x_wconf 79' lang='grc' dir='ltr'>τῇ</span> 
     </span>
    </p>
   </div>
   <div class='ocr_carea' id='block_1_45' title="bbox 356 4352 1933 4430">
    <p class='ocr_par' dir='ltr' id='par_1_45' title="bbox 356 4352 1933 4430">
     <span class='ocr_line' id='line_1_45' title="bbox 356 4352 1933 4430; baseline 0.008 -28"><span class='ocrx_word' id='word_1_309' title='bbox 356 4352 566 4419; x_wconf 76' lang='grc' dir='ltr'>καρδίᾳ</span> <span class='ocrx_word' id='word_1_310' title='bbox 617 4353 826 4420; x_wconf 81' lang='grc' dir='ltr'>αὑτοῦ,</span> <span class='ocrx_word' id='word_1_311' title='bbox 861 4355 980 4407; x_wconf 75' lang='grc' dir='ltr'>ἀντὶ</span> <span class='ocrx_word' id='word_1_312' title='bbox 1010 4354 1127 4413; x_wconf 77' lang='grc' dir='ltr'>τοῦ.</span> <span class='ocrx_word' id='word_1_313' title='bbox 1177 4355 1439 4428; x_wconf 84' lang='grc' dir='ltr'>Ἦθέλησε</span> <span class='ocrx_word' id='word_1_314' title='bbox 1472 4360 1760 4430; x_wconf 84' lang='grc' dir='ltr'>γυμνῶσαι</span> <span class='ocrx_word' id='word_1_315' title='bbox 1805 4363 1933 4426; x_wconf 83' lang='grc' dir='ltr'>τοὺς</span> 
     </span>
    </p>
   </div>
   <div class='ocr_carea' id='block_1_46' title="bbox 2021 522 3600 595">
    <p class='ocr_par' dir='ltr' id='par_1_46' title="bbox 2021 522 3600 595">
     <span class='ocr_line' id='line_1_46' title="bbox 2021 522 3600 595; baseline -0.005 -12"><span class='ocrx_word' id='word_1_316' title='bbox 2021 529 2154 583; x_wconf 79' lang='lat' dir='ltr'><strong>illis.</strong></span> <span class='ocrx_word' id='word_1_317' title='bbox 2192 525 2521 581; x_wconf 76' lang='lat' dir='ltr'><strong>Sacerdotes</strong></span> <span class='ocrx_word' id='word_1_318' title='bbox 2552 524 2844 595; x_wconf 81' lang='lat' dir='ltr'><strong>pauciores</strong></span> <span class='ocrx_word' id='word_1_319' title='bbox 2877 531 3038 578; x_wconf 88' lang='lat' dir='ltr'><strong>erant</strong></span> <span class='ocrx_word' id='word_1_320' title='bbox 3071 522 3399 588; x_wconf 81' lang='lat' dir='ltr'><strong>consecrati,</strong></span> <span class='ocrx_word' id='word_1_321' title='bbox 3435 537 3600 590; x_wconf 89' lang='lat' dir='ltr'><strong>quam</strong></span> 
     </span>
    </p>
   </div>
   <div class='ocr_carea' id='block_1_47' title="bbox 2021 609 3604 685">
    <p class='ocr_par' dir='ltr' id='par_1_47' title="bbox 2021 609 3604 685">
     <span class='ocr_line' id='line_1_47' title="bbox 2021 609 3604 685; baseline -0.004 -15"><span class='ocrx_word' id='word_1_322' title='bbox 2021 626 2083 670; x_wconf 88' lang='lat' dir='ltr'><strong>ut</strong></span> <span class='ocrx_word' id='word_1_323' title='bbox 2128 612 2438 669; x_wconf 86' lang='lat' dir='ltr'><strong>ministerio</strong></span> <span class='ocrx_word' id='word_1_324' title='bbox 2490 611 2821 667; x_wconf 77' lang='lat' dir='ltr'><strong>sacerdotali</strong></span> <span class='ocrx_word' id='word_1_325' title='bbox 2869 610 3122 685; x_wconf 79' lang='lat' dir='ltr'><strong>sumcere</strong></span> <span class='ocrx_word' id='word_1_326' title='bbox 3169 617 3416 681; x_wconf 85' lang='lat' dir='ltr'><strong>possent.</strong></span> <span class='ocrx_word' id='word_1_327' title='bbox 3446 609 3604 664; x_wconf 86' lang='lat' dir='ltr'><strong>Unde</strong></span> 
     </span>
    </p>
   </div>
   <div class='ocr_carea' id='block_1_48' title="bbox 2022 700 3605 775">
    <p class='ocr_par' dir='ltr' id='par_1_48' title="bbox 2022 700 3605 775">
     <span class='ocr_line' id='line_1_48' title="bbox 2022 700 3605 775; baseline -0.005 -13"><span class='ocrx_word' id='word_1_328' title='bbox 2022 707 2227 762; x_wconf 71' lang='lat' dir='ltr'><strong>Levitre</strong></span> <span class='ocrx_word' id='word_1_329' title='bbox 2249 747 2265 771; x_wconf 91' lang='lat'><strong>,</strong></span> <span class='ocrx_word' id='word_1_330' title='bbox 2308 705 2467 775; x_wconf 91' lang='lat' dir='ltr'><strong>prius</strong></span> <span class='ocrx_word' id='word_1_331' title='bbox 2504 702 2840 759; x_wconf 83' lang='lat' dir='ltr'><strong>sanctiﬁcati</strong></span> <span class='ocrx_word' id='word_1_332' title='bbox 2861 743 2878 769; x_wconf 92' lang='lat'><strong>,</strong></span> <span class='ocrx_word' id='word_1_333' title='bbox 2911 703 3294 757; x_wconf 82' lang='lat' dir='ltr'><strong>sacerdotibus</strong></span> <span class='ocrx_word' id='word_1_334' title='bbox 3324 700 3605 771; x_wconf 86' lang='lat' dir='ltr'><strong>suppetias</strong></span> 
     </span>
    </p>
   </div>
   <div class='ocr_carea' id='block_1_49' title="bbox 2020 791 3603 867">
    <p class='ocr_par' dir='ltr' id='par_1_49' title="bbox 2020 791 3603 867">
     <span class='ocr_line' id='line_1_49' title="bbox 2020 791 3603 867; baseline -0.006 -15"><span class='ocrx_word' id='word_1_335' title='bbox 2020 799 2291 863; x_wconf 86' lang='lat' dir='ltr'><strong>tulerunt,</strong></span> <span class='ocrx_word' id='word_1_336' title='bbox 2321 796 2471 867; x_wconf 85' lang='lat' dir='ltr'><strong>quod</strong></span> <span class='ocrx_word' id='word_1_337' title='bbox 2501 796 2802 851; x_wconf 88' lang='lat' dir='ltr'><strong>etiamnum</strong></span> <span class='ocrx_word' id='word_1_338' title='bbox 2841 793 2960 849; x_wconf 83' lang='lat' dir='ltr'><strong>ﬁeri</strong></span> <span class='ocrx_word' id='word_1_339' title='bbox 2986 792 3253 848; x_wconf 79' lang='lat' dir='ltr'><strong>videmus.</strong></span> <span class='ocrx_word' id='word_1_340' title='bbox 3288 791 3420 847; x_wconf 89' lang='lat' dir='ltr'><strong>Cum</strong></span> <span class='ocrx_word' id='word_1_341' title='bbox 3457 792 3603 846; x_wconf 89' lang='lat' dir='ltr'><strong>enim</strong></span> 
     </span>
    </p>
   </div>
   <div class='ocr_carea' id='block_1_50' title="bbox 2025 884 3606 961">
    <p class='ocr_par' dir='ltr' id='par_1_50' title="bbox 2025 884 3606 961">
     <span class='ocr_line' id='line_1_50' title="bbox 2025 884 3606 961; baseline -0.003 -17"><span class='ocrx_word' id='word_1_342' title='bbox 2025 891 2317 961; x_wconf 83' lang='lat' dir='ltr'><strong>presbyter</strong></span> <span class='ocrx_word' id='word_1_343' title='bbox 2337 904 2445 943; x_wconf 90' lang='lat' dir='ltr'><strong>non</strong></span> <span class='ocrx_word' id='word_1_344' title='bbox 2469 895 2672 958; x_wconf 83' lang='lat' dir='ltr'><strong>praesto</strong></span> <span class='ocrx_word' id='word_1_345' title='bbox 2692 894 2797 949; x_wconf 86' lang='lat' dir='ltr'><strong>est,</strong></span> <span class='ocrx_word' id='word_1_346' title='bbox 2812 900 2877 940; x_wconf 90' lang='lat' dir='ltr'><strong>ac</strong></span> <span class='ocrx_word' id='word_1_347' title='bbox 2896 901 3034 941; x_wconf 91' lang='lat' dir='ltr'><strong>usus</strong></span> <span class='ocrx_word' id='word_1_348' title='bbox 3054 884 3606 956; x_wconf 88' lang='lat' dir='ltr'><strong>postulal,diaconus</strong></span> 
     </span>
    </p>
   </div>
   <div class='ocr_carea' id='block_1_51' title="bbox 2024 979 3058 1054">
    <p class='ocr_par' dir='ltr' id='par_1_51' title="bbox 2024 979 3058 1054">
     <span class='ocr_line' id='line_1_51' title="bbox 2024 979 3058 1054; baseline -0.008 -15"><span class='ocrx_word' id='word_1_349' title='bbox 2024 983 2369 1054; x_wconf 87' lang='lat' dir='ltr'><strong>baptismum</strong></span> <span class='ocrx_word' id='word_1_350' title='bbox 2394 980 2789 1035; x_wconf 86' lang='lat' dir='ltr'><strong>administrare</strong></span> <span class='ocrx_word' id='word_1_351' title='bbox 2816 979 3058 1050; x_wconf 82' lang='lat' dir='ltr'><strong>cogitur.</strong></span> 
     </span>
    </p>
   </div>
   <div class='ocr_carea' id='block_1_52' title="bbox 2092 1175 3608 1248">
    <p class='ocr_par' dir='ltr' id='par_1_52' title="bbox 2092 1175 3608 1248">
     <span class='ocr_line' id='line_1_52' title="bbox 2092 1175 3608 1248; baseline -0.005 -12"><span class='ocrx_word' id='word_1_352' title='bbox 2092 1180 2269 1237; x_wconf 87' lang='lat' dir='ltr'><strong>Porro</strong></span> <span class='ocrx_word' id='word_1_353' title='bbox 2303 1194 2470 1243; x_wconf 87' lang='lat' dir='ltr'><strong>vero,</strong></span> <span class='ocrx_word' id='word_1_354' title='bbox 2506 1179 2725 1246; x_wconf 75' lang='lat' dir='ltr'><strong>inquit,</strong></span> <span class='ocrx_word' id='word_1_355' title='bbox 2778 1192 2904 1233; x_wconf 91' lang='lat' dir='ltr'><strong>cum</strong></span> <span class='ocrx_word' id='word_1_356' title='bbox 2942 1176 3202 1248; x_wconf 76' lang='lat' dir='ltr'><strong>frequens</strong></span> <span class='ocrx_word' id='word_1_357' title='bbox 3244 1175 3437 1231; x_wconf 89' lang='lat' dir='ltr'><strong>concio</strong></span> <span class='ocrx_word' id='word_1_358' title='bbox 3473 1189 3608 1230; x_wconf 89' lang='lat' dir='ltr'><strong>con-</strong></span> 
     </span>
    </p>
   </div>
   <div class='ocr_carea' id='block_1_53' title="bbox 2021 1267 3607 1339">
    <p class='ocr_par' dir='ltr' id='par_1_53' title="bbox 2021 1267 3607 1339">
     <span class='ocr_line' id='line_1_53' title="bbox 2021 1267 3607 1339; baseline -0.006 -10"><span class='ocrx_word' id='word_1_359' title='bbox 2021 1275 2289 1339; x_wconf 83' lang='lat' dir='ltr'><strong>venisset,</strong></span> <span class='ocrx_word' id='word_1_360' title='bbox 2319 1271 2517 1327; x_wconf 72' lang='lat' dir='ltr'><strong>Levitaa</strong></span> <span class='ocrx_word' id='word_1_361' title='bbox 2540 1269 2859 1326; x_wconf 80' lang='lat' dir='ltr'><strong>sacriﬁcare</strong></span> <span class='ocrx_word' id='word_1_362' title='bbox 2884 1271 3061 1323; x_wconf 87' lang='lat' dir='ltr'><strong>coacti</strong></span> <span class='ocrx_word' id='word_1_363' title='bbox 3090 1279 3241 1336; x_wconf 91' lang='lat' dir='ltr'><strong>sunt,</strong></span> <span class='ocrx_word' id='word_1_364' title='bbox 3270 1284 3398 1324; x_wconf 92' lang='lat' dir='ltr'><strong>cum</strong></span> <span class='ocrx_word' id='word_1_365' title='bbox 3425 1267 3607 1335; x_wconf 89' lang='lat' dir='ltr'><strong>inopia</strong></span> 
     </span>
    </p>
   </div>
   <div class='ocr_carea' id='block_1_54' title="bbox 2024 1359 3606 1427">
    <p class='ocr_par' dir='ltr' id='par_1_54' title="bbox 2024 1359 3606 1427">
     <span class='ocr_line' id='line_1_54' title="bbox 2024 1359 3606 1427; baseline -0.008 -5"><span class='ocrx_word' id='word_1_366' title='bbox 2024 1382 2279 1422; x_wconf 86' lang='lat' dir='ltr'><strong>verorum</strong></span> <span class='ocrx_word' id='word_1_367' title='bbox 2316 1363 2706 1420; x_wconf 81' lang='lat' dir='ltr'><strong>sacriﬁcorum</strong></span> <span class='ocrx_word' id='word_1_368' title='bbox 2743 1370 2909 1417; x_wconf 88' lang='lat' dir='ltr'><strong>esset.</strong></span> <span class='ocrx_word' id='word_1_369' title='bbox 2953 1362 3224 1427; x_wconf 81' lang='lat' dir='ltr'><strong>Quoniam</strong></span> <span class='ocrx_word' id='word_1_370' title='bbox 3261 1375 3389 1416; x_wconf 75' lang='lat' dir='ltr'><strong>vero</strong></span> <span class='ocrx_word' id='word_1_371' title='bbox 3420 1359 3606 1413; x_wconf 85' lang='lat' dir='ltr'><strong>multi—</strong></span> 
     </span>
    </p>
   </div>
   <div class='ocr_carea' id='block_1_55' title="bbox 2024 1452 3606 1525">
    <p class='ocr_par' dir='ltr' id='par_1_55' title="bbox 2024 1452 3606 1525">
     <span class='ocr_line' id='line_1_55' title="bbox 2024 1452 3606 1525; baseline -0.006 -10"><span class='ocrx_word' id='word_1_372' title='bbox 2024 1461 2214 1525; x_wconf 82' lang='lat' dir='ltr'><strong>tudine</strong></span> <span class='ocrx_word' id='word_1_373' title='bbox 2269 1458 2578 1513; x_wconf 74' lang='lat' dir='ltr'><strong>lsraelitica:</strong></span> <span class='ocrx_word' id='word_1_374' title='bbox 2625 1455 2910 1510; x_wconf 91' lang='lat' dir='ltr'><strong>concionis</strong></span> <span class='ocrx_word' id='word_1_375' title='bbox 2952 1455 3117 1508; x_wconf 89' lang='lat' dir='ltr'><strong>citius</strong></span> <span class='ocrx_word' id='word_1_376' title='bbox 3153 1462 3339 1508; x_wconf 89' lang='lat' dir='ltr'><strong>essent</strong></span> <span class='ocrx_word' id='word_1_377' title='bbox 3389 1452 3606 1517; x_wconf 83' lang='lat' dir='ltr'><strong>obruti,</strong></span> 
     </span>
    </p>
   </div>
   <div class='ocr_carea' id='block_1_56' title="bbox 2026 1541 3600 1620">
    <p class='ocr_par' dir='ltr' id='par_1_56' title="bbox 2026 1541 3600 1620">
     <span class='ocr_line' id='line_1_56' title="bbox 2026 1541 3600 1620; baseline -0.007 -17"><span class='ocrx_word' id='word_1_378' title='bbox 2026 1564 2189 1620; x_wconf 89' lang='lat' dir='ltr'><strong>quam</strong></span> <span class='ocrx_word' id='word_1_379' title='bbox 2225 1556 2283 1601; x_wconf 90' lang='lat' dir='ltr'><strong>ut</strong></span> <span class='ocrx_word' id='word_1_380' title='bbox 2326 1561 2385 1602; x_wconf 91' lang='lat' dir='ltr'><strong>se</strong></span> <span class='ocrx_word' id='word_1_381' title='bbox 2430 1545 2497 1599; x_wconf 86' lang='lat' dir='ltr'><strong>ad</strong></span> <span class='ocrx_word' id='word_1_382' title='bbox 2532 1559 2690 1599; x_wconf 82' lang='lat' dir='ltr'><strong>sacra</strong></span> <span class='ocrx_word' id='word_1_383' title='bbox 2739 1552 2962 1614; x_wconf 80' lang='lat' dir='ltr'><strong>possent</strong></span> <span class='ocrx_word' id='word_1_384' title='bbox 3003 1542 3296 1611; x_wconf 70' lang='lat' dir='ltr'><strong>accingere</strong></span> <span class='ocrx_word' id='word_1_385' title='bbox 3327 1581 3341 1605; x_wconf 91' lang='lat'><strong>,</strong></span> <span class='ocrx_word' id='word_1_386' title='bbox 3395 1541 3600 1610; x_wconf 88' lang='lat' dir='ltr'><strong>pascha</strong></span> 
     </span>
    </p>
   </div>
   <div class='ocr_carea' id='block_1_57' title="bbox 2026 1633 3578 1701">
    <p class='ocr_par' dir='ltr' id='par_1_57' title="bbox 2026 1633 3578 1701">
     <span class='ocr_line' id='line_1_57' title="bbox 2026 1633 3578 1701; baseline -0.005 -6"><span class='ocrx_word' id='word_1_387' title='bbox 2026 1639 2319 1696; x_wconf 84' lang='lat' dir='ltr'><strong>comedere</strong></span> <span class='ocrx_word' id='word_1_388' title='bbox 2349 1653 2457 1692; x_wconf 91' lang='lat' dir='ltr'><strong>non</strong></span> <span class='ocrx_word' id='word_1_389' title='bbox 2490 1644 2618 1691; x_wconf 91' lang='lat' dir='ltr'><strong>sunt</strong></span> <span class='ocrx_word' id='word_1_390' title='bbox 2668 1636 2858 1701; x_wconf 76' lang='lat' dir='ltr'><strong>veriti,</strong></span> <span class='ocrx_word' id='word_1_391' title='bbox 2910 1648 2974 1687; x_wconf 92' lang='lat' dir='ltr'><strong>ac</strong></span> <span class='ocrx_word' id='word_1_392' title='bbox 3006 1633 3192 1687; x_wconf 86' lang='lat' dir='ltr'><strong>delicti</strong></span> <span class='ocrx_word' id='word_1_393' title='bbox 3245 1633 3455 1687; x_wconf 81' lang='lat' dir='ltr'><strong>veniam</strong></span> <span class='ocrx_word' id='word_1_394' title='bbox 3492 1648 3578 1687; x_wconf 87' lang='lat' dir='ltr'><strong>me</strong></span> 
     </span>
    </p>
   </div>
   <div class='ocr_carea' id='block_1_58' title="bbox 2026 1725 3364 1805">
    <p class='ocr_par' dir='ltr' id='par_1_58' title="bbox 2026 1725 3364 1805">
     <span class='ocr_line' id='line_1_58' title="bbox 2026 1725 3364 1805; baseline -0.006 -20"><span class='ocrx_word' id='word_1_395' title='bbox 2026 1739 2278 1796; x_wconf 87' lang='lat' dir='ltr'><strong>ruerunt,</strong></span> <span class='ocrx_word' id='word_1_396' title='bbox 2312 1739 2543 1805; x_wconf 85' lang='lat' dir='ltr'><strong>propter</strong></span> <span class='ocrx_word' id='word_1_397' title='bbox 2574 1727 2721 1799; x_wconf 77' lang='lat' dir='ltr'><strong>regis</strong></span> <span class='ocrx_word' id='word_1_398' title='bbox 2750 1733 3049 1797; x_wconf 84' lang='lat' dir='ltr'><strong>spectatam</strong></span> <span class='ocrx_word' id='word_1_399' title='bbox 3082 1725 3364 1795; x_wconf 85' lang='lat' dir='ltr'><strong>pietatem.</strong></span> 
     </span>
    </p>
   </div>
   <div class='ocr_carea' id='block_1_59' title="bbox 2608 1855 3031 1927">
    <p class='ocr_par' dir='ltr' id='par_1_59' title="bbox 2608 1855 3031 1927">
     <span class='ocr_line' id='line_1_59' title="bbox 2608 1855 3031 1927; baseline -0.012 -11"><span class='ocrx_word' id='word_1_400' title='bbox 2608 1858 2764 1916; x_wconf 82' lang='lat' dir='ltr'><strong>CAP.</strong></span> <span class='ocrx_word' id='word_1_401' title='bbox 2799 1855 3031 1927; x_wconf 67' lang='lat' dir='ltr'><strong>,_xxxn.</strong></span> 
     </span>
    </p>
   </div>
   <div class='ocr_carea' id='block_1_60' title="bbox 2097 1984 3609 2058">
    <p class='ocr_par' dir='ltr' id='par_1_60' title="bbox 2097 1984 3609 2058">
     <span class='ocr_line' id='line_1_60' title="bbox 2097 1984 3609 2058; baseline -0.004 -15"><span class='ocrx_word' id='word_1_402' title='bbox 2097 1988 2263 2047; x_wconf 71' lang='lat' dir='ltr'><strong>Vens.</strong></span> <span class='ocrx_word' id='word_1_403' title='bbox 2303 1990 2357 2044; x_wconf 83' lang='grc'>7.</span> <span class='ocrx_word' id='word_1_404' title='bbox 2397 1990 2528 2045; x_wconf 86' lang='lat' dir='ltr'><strong>Post</strong></span> <span class='ocrx_word' id='word_1_405' title='bbox 2579 1988 2677 2043; x_wconf 87' lang='lat' dir='ltr'><strong>illa</strong></span> <span class='ocrx_word' id='word_1_406' title='bbox 2712 1997 2861 2058; x_wconf 78' lang='lat' dir='ltr'><strong>gesta</strong></span> <span class='ocrx_word' id='word_1_407' title='bbox 2888 2027 2903 2054; x_wconf 91' lang='lat'><strong>,</strong></span> <span class='ocrx_word' id='word_1_408' title='bbox 2952 1996 3001 2041; x_wconf 84' lang='lat' dir='ltr'><strong>et</strong></span> <span class='ocrx_word' id='word_1_409' title='bbox 3048 1984 3208 2055; x_wconf 79' lang='lat' dir='ltr'><strong>fidem</strong></span> <span class='ocrx_word' id='word_1_410' title='bbox 3239 1985 3431 2049; x_wconf 82' lang='lat' dir='ltr'><strong>illaut,</strong></span> <span class='ocrx_word' id='word_1_411' title='bbox 3471 1985 3609 2038; x_wconf 61' lang='lat' dir='ltr'><strong>t‘enit</strong></span> 
     </span>
    </p>
   </div>
   <div class='ocr_carea' id='block_1_61' title="bbox 2029 2077 3613 2149">
    <p class='ocr_par' dir='ltr' id='par_1_61' title="bbox 2029 2077 3613 2149">
     <span class='ocr_line' id='line_1_61' title="bbox 2029 2077 3613 2149; baseline -0.005 -11"><span class='ocrx_word' id='word_1_412' title='bbox 2029 2080 2418 2138; x_wconf 79' lang='lat' dir='ltr'><strong>Sennacherib.</strong></span> <span class='ocrx_word' id='word_1_413' title='bbox 2474 2082 2647 2136; x_wconf 89' lang='lat' dir='ltr'><strong>Docet</strong></span> <span class='ocrx_word' id='word_1_414' title='bbox 2673 2094 2825 2135; x_wconf 90' lang='lat' dir='ltr'><strong>nunc</strong></span> <span class='ocrx_word' id='word_1_415' title='bbox 2887 2093 3051 2149; x_wconf 81' lang='lat' dir='ltr'><strong>quam</strong></span> <span class='ocrx_word' id='word_1_416' title='bbox 3106 2079 3275 2132; x_wconf 81' lang='lat' dir='ltr'><strong>variis</strong></span> <span class='ocrx_word' id='word_1_417' title='bbox 3309 2078 3466 2133; x_wconf 90' lang='lat' dir='ltr'><strong>malis</strong></span> <span class='ocrx_word' id='word_1_418' title='bbox 3502 2077 3613 2132; x_wconf 79' lang='lat' dir='ltr'><strong>cir-</strong></span> 
     </span>
    </p>
   </div>
   <div class='ocr_carea' id='block_1_62' title="bbox 2029 2169 3604 2239">
    <p class='ocr_par' dir='ltr' id='par_1_62' title="bbox 2029 2169 3604 2239">
     <span class='ocr_line' id='line_1_62' title="bbox 2029 2169 3604 2239; baseline -0.003 -10"><span class='ocrx_word' id='word_1_419' title='bbox 2029 2185 2359 2229; x_wconf 89' lang='lat' dir='ltr'><strong>cumventos</strong></span> <span class='ocrx_word' id='word_1_420' title='bbox 2389 2172 2794 2229; x_wconf 83' lang='lat' dir='ltr'><strong>suoscultores</strong></span> <span class='ocrx_word' id='word_1_421' title='bbox 2820 2171 2963 2225; x_wconf 90' lang='lat' dir='ltr'><strong>Deus</strong></span> <span class='ocrx_word' id='word_1_422' title='bbox 2995 2169 3214 2239; x_wconf 86' lang='lat' dir='ltr'><strong>probet,</strong></span> <span class='ocrx_word' id='word_1_423' title='bbox 3239 2184 3304 2224; x_wconf 88' lang='lat' dir='ltr'><strong>ac</strong></span> <span class='ocrx_word' id='word_1_424' title='bbox 3344 2170 3604 2238; x_wconf 86' lang='lat' dir='ltr'><strong>probatos</strong></span> 
     </span>
    </p>
   </div>
   <div class='ocr_carea' id='block_1_63' title="bbox 2027 2261 3613 2333">
    <p class='ocr_par' dir='ltr' id='par_1_63' title="bbox 2027 2261 3613 2333">
     <span class='ocr_line' id='line_1_63' title="bbox 2027 2261 3613 2333; baseline -0.003 -11"><span class='ocrx_word' id='word_1_425' title='bbox 2027 2266 2246 2322; x_wconf 87' lang='lat' dir='ltr'><strong>demum</strong></span> <span class='ocrx_word' id='word_1_426' title='bbox 2298 2273 2553 2331; x_wconf 84' lang='lat' dir='ltr'><strong>asserat;</strong></span> <span class='ocrx_word' id='word_1_427' title='bbox 2605 2264 2738 2318; x_wconf 89' lang='lat' dir='ltr'><strong>item</strong></span> <span class='ocrx_word' id='word_1_428' title='bbox 2813 2261 3090 2333; x_wconf 86' lang='lat' dir='ltr'><strong>quomodo</strong></span> <span class='ocrx_word' id='word_1_429' title='bbox 3141 2262 3400 2316; x_wconf 89' lang='lat' dir='ltr'><strong>omnibus</strong></span> <span class='ocrx_word' id='word_1_430' title='bbox 3448 2261 3613 2317; x_wconf 78' lang='lat' dir='ltr'><strong>rebus</strong></span> 
     </span>
    </p>
   </div>
   <div class='ocr_carea' id='block_1_64' title="bbox 2028 2347 3609 2425">
    <p class='ocr_par' dir='ltr' id='par_1_64' title="bbox 2028 2347 3609 2425">
     <span class='ocr_line' id='line_1_64' title="bbox 2028 2347 3609 2425; baseline -0.004 -16"><span class='ocrx_word' id='word_1_431' title='bbox 2028 2355 2364 2425; x_wconf 84' lang='lat' dir='ltr'><strong>posthabitis</strong></span> <span class='ocrx_word' id='word_1_432' title='bbox 2388 2395 2404 2420; x_wconf 90' lang='lat'><strong>,</strong></span> <span class='ocrx_word' id='word_1_433' title='bbox 2460 2352 2663 2407; x_wconf 82' lang='lat' dir='ltr'><strong>ﬁducia</strong></span> <span class='ocrx_word' id='word_1_434' title='bbox 2699 2350 2876 2405; x_wconf 89' lang='lat' dir='ltr'><strong>solida</strong></span> <span class='ocrx_word' id='word_1_435' title='bbox 2903 2350 2959 2403; x_wconf 91' lang='lat' dir='ltr'><strong>in</strong></span> <span class='ocrx_word' id='word_1_436' title='bbox 2994 2348 3105 2403; x_wconf 89' lang='lat' dir='ltr'><strong>Deo</strong></span> <span class='ocrx_word' id='word_1_437' title='bbox 3137 2347 3492 2413; x_wconf 88' lang='lat' dir='ltr'><strong>collocanda,</strong></span> <span class='ocrx_word' id='word_1_438' title='bbox 3543 2361 3609 2402; x_wconf 91' lang='lat' dir='ltr'><strong>ac</strong></span> 
     </span>
    </p>
   </div>
   <div class='ocr_carea' id='block_1_65' title="bbox 2030 2438 3611 2510">
    <p class='ocr_par' dir='ltr' id='par_1_65' title="bbox 2030 2438 3611 2510">
     <span class='ocr_line' id='line_1_65' title="bbox 2030 2438 3611 2510; baseline -0.005 -9"><span class='ocrx_word' id='word_1_439' title='bbox 2030 2447 2249 2502; x_wconf 89' lang='lat' dir='ltr'><strong>interim</strong></span> <span class='ocrx_word' id='word_1_440' title='bbox 2282 2455 2460 2500; x_wconf 87' lang='lat' dir='ltr'><strong>tamen</strong></span> <span class='ocrx_word' id='word_1_441' title='bbox 2493 2459 2686 2499; x_wconf 81' lang='lat' dir='ltr'><strong>omnes</strong></span> <span class='ocrx_word' id='word_1_442' title='bbox 2717 2450 2951 2508; x_wconf 88' lang='lat' dir='ltr'><strong>conatus</strong></span> <span class='ocrx_word' id='word_1_443' title='bbox 3021 2448 3183 2510; x_wconf 87' lang='lat' dir='ltr'><strong>atque</strong></span> <span class='ocrx_word' id='word_1_444' title='bbox 3209 2441 3355 2495; x_wconf 87' lang='lat' dir='ltr'><strong>vires</strong></span> <span class='ocrx_word' id='word_1_445' title='bbox 3383 2438 3611 2495; x_wconf 75' lang='lat' dir='ltr'><strong>aﬂeren-</strong></span> 
     </span>
    </p>
   </div>
   <div class='ocr_carea' id='block_1_66' title="bbox 2028 2531 3608 2603">
    <p class='ocr_par' dir='ltr' id='par_1_66' title="bbox 2028 2531 3608 2603">
     <span class='ocr_line' id='line_1_66' title="bbox 2028 2531 3608 2603; baseline -0.006 -10"><span class='ocrx_word' id='word_1_446' title='bbox 2028 2536 2132 2594; x_wconf 63' lang='lat' dir='ltr'><strong>die.</strong></span> <span class='ocrx_word' id='word_1_447' title='bbox 2177 2536 2648 2603; x_wconf 85' lang='lat' dir='ltr'><strong>Quemadmodum</strong></span> <span class='ocrx_word' id='word_1_448' title='bbox 2699 2533 2968 2590; x_wconf 88' lang='lat' dir='ltr'><strong>Ezechias</strong></span> <span class='ocrx_word' id='word_1_449' title='bbox 3017 2532 3218 2588; x_wconf 89' lang='lat' dir='ltr'><strong>bellum</strong></span> <span class='ocrx_word' id='word_1_450' title='bbox 3275 2531 3608 2597; x_wconf 85' lang='lat' dir='ltr'><strong>adornavit,</strong></span> 
     </span>
    </p>
   </div>
   <div class='ocr_carea' id='block_1_67' title="bbox 2027 2624 3613 2700">
    <p class='ocr_par' dir='ltr' id='par_1_67' title="bbox 2027 2624 3613 2700">
     <span class='ocr_line' id='line_1_67' title="bbox 2027 2624 3613 2700; baseline -0.004 -15"><span class='ocrx_word' id='word_1_451' title='bbox 2027 2630 2310 2700; x_wconf 85' lang='lat' dir='ltr'><strong>rebusque</strong></span> <span class='ocrx_word' id='word_1_452' title='bbox 2339 2629 2599 2684; x_wconf 89' lang='lat' dir='ltr'><strong>omnibus</strong></span> <span class='ocrx_word' id='word_1_453' title='bbox 2644 2628 2746 2682; x_wconf 89' lang='lat' dir='ltr'><strong>rite</strong></span> <span class='ocrx_word' id='word_1_454' title='bbox 2772 2627 2961 2691; x_wconf 91' lang='lat' dir='ltr'><strong>obitis,</strong></span> <span class='ocrx_word' id='word_1_455' title='bbox 3010 2625 3220 2695; x_wconf 86' lang='lat' dir='ltr'><strong>inquit,</strong></span> <span class='ocrx_word' id='word_1_456' title='bbox 3260 2624 3472 2678; x_wconf 87' lang='lat' dir='ltr'><strong>Carnea</strong></span> <span class='ocrx_word' id='word_1_457' title='bbox 3505 2624 3613 2678; x_wconf 84' lang='lat' dir='ltr'><strong>illis</strong></span> 
     </span>
    </p>
   </div>
   <div class='ocr_carea' id='block_1_68' title="bbox 2030 2724 3612 2789">
    <p class='ocr_par' dir='ltr' id='par_1_68' title="bbox 2030 2724 3612 2789">
     <span class='ocr_line' id='line_1_68' title="bbox 2030 2724 3612 2789; baseline -0.003 -6"><span class='ocrx_word' id='word_1_458' title='bbox 2030 2728 2234 2783; x_wconf 89' lang='lat' dir='ltr'><strong>adsunt</strong></span> <span class='ocrx_word' id='word_1_459' title='bbox 2271 2728 2518 2789; x_wconf 88' lang='lat' dir='ltr'><strong>brachia,</strong></span> <span class='ocrx_word' id='word_1_460' title='bbox 2556 2728 2715 2782; x_wconf 88' lang='lat' dir='ltr'><strong>nobis</strong></span> <span class='ocrx_word' id='word_1_461' title='bbox 2745 2743 2877 2781; x_wconf 83' lang='lat' dir='ltr'><strong>vero</strong></span> <span class='ocrx_word' id='word_1_462' title='bbox 2910 2726 3175 2781; x_wconf 89' lang='lat' dir='ltr'><strong>Dominus</strong></span> <span class='ocrx_word' id='word_1_463' title='bbox 3208 2724 3352 2780; x_wconf 89' lang='lat' dir='ltr'><strong>Deus</strong></span> <span class='ocrx_word' id='word_1_464' title='bbox 3399 2735 3612 2780; x_wconf 79' lang='lat' dir='ltr'><strong>noster.</strong></span> 
     </span>
    </p>
   </div>
   <div class='ocr_carea' id='block_1_69' title="bbox 2030 2817 3614 2889">
    <p class='ocr_par' dir='ltr' id='par_1_69' title="bbox 2030 2817 3614 2889">
     <span class='ocr_line' id='line_1_69' title="bbox 2030 2817 3614 2889; baseline 0.001 -16"><span class='ocrx_word' id='word_1_465' title='bbox 2030 2819 2246 2886; x_wconf 87' lang='lat' dir='ltr'><strong>Quibus</strong></span> <span class='ocrx_word' id='word_1_466' title='bbox 2281 2820 2465 2875; x_wconf 82' lang='lat' dir='ltr'><strong>verbis</strong></span> <span class='ocrx_word' id='word_1_467' title='bbox 2510 2819 2720 2874; x_wconf 89' lang='lat' dir='ltr'><strong>indicat</strong></span> <span class='ocrx_word' id='word_1_468' title='bbox 2748 2860 2763 2884; x_wconf 90' lang='lat'><strong>,</strong></span> <span class='ocrx_word' id='word_1_469' title='bbox 2823 2820 2970 2889; x_wconf 88' lang='lat' dir='ltr'><strong>quod</strong></span> <span class='ocrx_word' id='word_1_470' title='bbox 3024 2818 3120 2874; x_wconf 89' lang='lat' dir='ltr'><strong>Dei</strong></span> <span class='ocrx_word' id='word_1_471' title='bbox 3172 2819 3321 2874; x_wconf 78' lang='lat' dir='ltr'><strong>vires</strong></span> <span class='ocrx_word' id='word_1_472' title='bbox 3362 2817 3614 2874; x_wconf 73' lang='lat' dir='ltr'><strong>infractae</strong></span> 
     </span>
    </p>
   </div>
   <div class='ocr_carea' id='block_1_70' title="bbox 2031 2908 3617 2977">
    <p class='ocr_par' dir='ltr' id='par_1_70' title="bbox 2031 2908 3617 2977">
     <span class='ocr_line' id='line_1_70' title="bbox 2031 2908 3617 2977; baseline -0.003 -10"><span class='ocrx_word' id='word_1_473' title='bbox 2031 2912 2164 2977; x_wconf 90' lang='lat' dir='ltr'><strong>sint,</strong></span> <span class='ocrx_word' id='word_1_474' title='bbox 2215 2911 2500 2966; x_wconf 81' lang='lat' dir='ltr'><strong>hominum</strong></span> <span class='ocrx_word' id='word_1_475' title='bbox 2573 2924 2704 2964; x_wconf 82' lang='lat' dir='ltr'><strong>vero</strong></span> <span class='ocrx_word' id='word_1_476' title='bbox 2746 2908 2907 2965; x_wconf 70' lang='lat' dir='ltr'><strong>ﬂuxae</strong></span> <span class='ocrx_word' id='word_1_477' title='bbox 2971 2926 3034 2965; x_wconf 91' lang='lat' dir='ltr'><strong>ac</strong></span> <span class='ocrx_word' id='word_1_478' title='bbox 3087 2910 3393 2966; x_wconf 86' lang='lat' dir='ltr'><strong>instabiles.</strong></span> <span class='ocrx_word' id='word_1_479' title='bbox 3444 2909 3617 2964; x_wconf 86' lang='lat' dir='ltr'><strong>Porro</strong></span> 
     </span>
    </p>
   </div>
   <div class='ocr_carea' id='block_1_71' title="bbox 2031 3001 3614 3071">
    <p class='ocr_par' dir='ltr' id='par_1_71' title="bbox 2031 3001 3614 3071">
     <span class='ocr_line' id='line_1_71' title="bbox 2031 3001 3614 3071; baseline -0.001 -14"><span class='ocrx_word' id='word_1_480' title='bbox 2031 3018 2154 3057; x_wconf 90' lang='lat' dir='ltr'><strong>cum</strong></span> <span class='ocrx_word' id='word_1_481' title='bbox 2189 3018 2256 3057; x_wconf 86' lang='lat' dir='ltr'><strong>ex</strong></span> <span class='ocrx_word' id='word_1_482' title='bbox 2304 3003 2535 3056; x_wconf 81' lang='lat' dir='ltr'><strong>victoria</strong></span> <span class='ocrx_word' id='word_1_483' title='bbox 2579 3001 2888 3066; x_wconf 77' lang='lat' dir='ltr'><strong>eﬂerretur,</strong></span> <span class='ocrx_word' id='word_1_484' title='bbox 2940 3002 3263 3057; x_wconf 87' lang='lat' dir='ltr'><strong>humiliatus</strong></span> <span class='ocrx_word' id='word_1_485' title='bbox 3295 3010 3377 3056; x_wconf 89' lang='lat' dir='ltr'><strong>est</strong></span> <span class='ocrx_word' id='word_1_486' title='bbox 3404 3042 3417 3065; x_wconf 92' lang='lat'><strong>,</strong></span> <span class='ocrx_word' id='word_1_487' title='bbox 3456 3001 3614 3071; x_wconf 73' lang='lat' dir='ltr'><strong>juxta</strong></span> 
     </span>
    </p>
   </div>
   <div class='ocr_carea' id='block_1_72' title="bbox 2036 3092 3615 3164">
    <p class='ocr_par' dir='ltr' id='par_1_72' title="bbox 2036 3092 3615 3164">
     <span class='ocr_line' id='line_1_72' title="bbox 2036 3092 3615 3164; baseline -0.001 -15"><span class='ocrx_word' id='word_1_488' title='bbox 2036 3095 2191 3160; x_wconf 90' lang='lat' dir='ltr'><strong>illud,</strong></span> <span class='ocrx_word' id='word_1_489' title='bbox 2214 3094 2317 3160; x_wconf 88' lang='lat' dir='ltr'><strong>Qui</strong></span> <span class='ocrx_word' id='word_1_490' title='bbox 2346 3110 2466 3150; x_wconf 82' lang='lat' dir='ltr'><strong>sese</strong></span> <span class='ocrx_word' id='word_1_491' title='bbox 2494 3094 2670 3159; x_wconf 80' lang='lat' dir='ltr'><strong>eﬂ‘ert,</strong></span> <span class='ocrx_word' id='word_1_492' title='bbox 2706 3095 3114 3150; x_wconf 90' lang='lat' dir='ltr'><strong>humiliabitur.</strong></span> <span class='ocrx_word' id='word_1_493' title='bbox 3144 3092 3474 3164; x_wconf 88' lang='lat' dir='ltr'><strong>Quanquam</strong></span> <span class='ocrx_word' id='word_1_494' title='bbox 3528 3093 3615 3148; x_wconf 89' lang='lat' dir='ltr'><strong>in-</strong></span> 
     </span>
    </p>
   </div>
   <div class='ocr_carea' id='block_1_73' title="bbox 2041 3188 3618 3259">
    <p class='ocr_par' dir='ltr' id='par_1_73' title="bbox 2041 3188 3618 3259">
     <span class='ocr_line' id='line_1_73' title="bbox 2041 3188 3618 3259; baseline -0.001 -17"><span class='ocrx_word' id='word_1_495' title='bbox 2041 3189 2202 3244; x_wconf 87' lang='lat' dir='ltr'><strong>terim</strong></span> <span class='ocrx_word' id='word_1_496' title='bbox 2230 3189 2517 3259; x_wconf 70' lang='lat' dir='ltr'><strong>praamium</strong></span> <span class='ocrx_word' id='word_1_497' title='bbox 2546 3204 2659 3244; x_wconf 69' lang='lat' dir='ltr'><strong>sua:</strong></span> <span class='ocrx_word' id='word_1_498' title='bbox 2686 3189 2907 3259; x_wconf 86' lang='lat' dir='ltr'><strong>pictatis</strong></span> <span class='ocrx_word' id='word_1_499' title='bbox 2943 3189 3077 3243; x_wconf 91' lang='lat' dir='ltr'><strong>illud</strong></span> <span class='ocrx_word' id='word_1_500' title='bbox 3105 3190 3249 3253; x_wconf 84' lang='lat' dir='ltr'><strong>tulit,</strong></span> <span class='ocrx_word' id='word_1_501' title='bbox 3281 3199 3339 3243; x_wconf 89' lang='lat' dir='ltr'><strong>ut</strong></span> <span class='ocrx_word' id='word_1_502' title='bbox 3369 3188 3618 3243; x_wconf 88' lang='lat' dir='ltr'><strong>miseria-</strong></span> 
     </span>
    </p>
   </div>
   <div class='ocr_carea' id='block_1_74' title="bbox 2056 3268 3617 3350">
    <p class='ocr_par' dir='ltr' id='par_1_74' title="bbox 2056 3268 3617 3350">
     <span class='ocr_line' id='line_1_74' title="bbox 2056 3268 3617 3350; baseline -0.003 -14"><span class='ocrx_word' id='word_1_503' title='bbox 2056 3296 2178 3336; x_wconf 85' lang='lat' dir='ltr'><strong>rum</strong></span> <span class='ocrx_word' id='word_1_504' title='bbox 2225 3296 2351 3350; x_wconf 86' lang='lat' dir='ltr'><strong>quae</strong></span> <span class='ocrx_word' id='word_1_505' title='bbox 2398 3291 2710 3336; x_wconf 70' lang='lat' dir='ltr'><strong>consecutae</strong></span> <span class='ocrx_word' id='word_1_506' title='bbox 2759 3288 2935 3345; x_wconf 85' lang='lat' dir='ltr'><strong>sunt.,</strong></span> <span class='ocrx_word' id='word_1_507' title='bbox 2970 3268 3098 3335; x_wconf 85' lang='lat' dir='ltr'><strong>non</strong></span> <span class='ocrx_word' id='word_1_508' title='bbox 3152 3282 3314 3335; x_wconf 80' lang='lat' dir='ltr'><strong>fuerit</strong></span> <span class='ocrx_word' id='word_1_509' title='bbox 3362 3282 3617 3334; x_wconf 79' lang='lat' dir='ltr'><strong>oculatus</strong></span> 
     </span>
    </p>
   </div>
   <div class='ocr_carea' id='block_1_75' title="bbox 2036 3372 3615 3441">
    <p class='ocr_par' dir='ltr' id='par_1_75' title="bbox 2036 3372 3615 3441">
     <span class='ocr_line' id='line_1_75' title="bbox 2036 3372 3615 3441; baseline -0.002 -14"><span class='ocrx_word' id='word_1_510' title='bbox 2036 3372 2377 3441; x_wconf 83' lang='lat' dir='ltr'><strong>speculator;</strong></span> <span class='ocrx_word' id='word_1_511' title='bbox 2432 3387 2620 3425; x_wconf 89' lang='lat' dir='ltr'><strong>verum</strong></span> <span class='ocrx_word' id='word_1_512' title='bbox 2676 3379 2854 3426; x_wconf 88' lang='lat' dir='ltr'><strong>morte</strong></span> <span class='ocrx_word' id='word_1_513' title='bbox 2907 3372 3308 3441; x_wconf 80' lang='lat' dir='ltr'><strong>grassationem</strong></span> <span class='ocrx_word' id='word_1_514' title='bbox 3377 3373 3615 3427; x_wconf 86' lang='lat' dir='ltr'><strong>hostium</strong></span> 
     </span>
    </p>
   </div>
   <div class='ocr_carea' id='block_1_76' title="bbox 2035 3460 3615 3533">
    <p class='ocr_par' dir='ltr' id='par_1_76' title="bbox 2035 3460 3615 3533">
     <span class='ocr_line' id='line_1_76' title="bbox 2035 3460 3615 3533; baseline 0.001 -17"><span class='ocrx_word' id='word_1_515' title='bbox 2035 3465 2416 3517; x_wconf 83' lang='lat' dir='ltr'><strong>anteverterit.</strong></span> <span class='ocrx_word' id='word_1_516' title='bbox 2449 3460 2663 3516; x_wconf 89' lang='lat' dir='ltr'><strong>Indicat</strong></span> <span class='ocrx_word' id='word_1_517' title='bbox 2688 3476 2817 3516; x_wconf 84' lang='lat' dir='ltr'><strong>vero</strong></span> <span class='ocrx_word' id='word_1_518' title='bbox 2845 3460 3156 3531; x_wconf 86' lang='lat' dir='ltr'><strong>Scriptura,</strong></span> <span class='ocrx_word' id='word_1_519' title='bbox 3185 3461 3332 3532; x_wconf 90' lang='lat' dir='ltr'><strong>quod</strong></span> <span class='ocrx_word' id='word_1_520' title='bbox 3363 3463 3615 3533; x_wconf 78' lang='lat' dir='ltr'><strong>diligenti</strong></span> 
     </span>
    </p>
   </div>
   <div class='ocr_carea' id='block_1_77' title="bbox 2036 3554 3618 3627">
    <p class='ocr_par' dir='ltr' id='par_1_77' title="bbox 2036 3554 3618 3627">
     <span class='ocr_line' id='line_1_77' title="bbox 2036 3554 3618 3627; baseline -0.001 -15"><span class='ocrx_word' id='word_1_521' title='bbox 2036 3556 2168 3612; x_wconf 88' lang='lat' dir='ltr'><strong>solis</strong></span> <span class='ocrx_word' id='word_1_522' title='bbox 2194 3555 2570 3625; x_wconf 81' lang='lat' dir='ltr'><strong>recognitione</strong></span> <span class='ocrx_word' id='word_1_523' title='bbox 2591 3555 2801 3621; x_wconf 87' lang='lat' dir='ltr'><strong>habita,</strong></span> <span class='ocrx_word' id='word_1_524' title='bbox 2829 3570 2921 3610; x_wconf 79' lang='lat' dir='ltr'><strong>rex</strong></span> <span class='ocrx_word' id='word_1_525' title='bbox 2948 3554 3376 3627; x_wconf 86' lang='lat' dir='ltr'><strong>Babyloniorum</strong></span> <span class='ocrx_word' id='word_1_526' title='bbox 3406 3556 3618 3626; x_wconf 78' lang='lat' dir='ltr'><strong>legatos</strong></span> 
     </span>
    </p>
   </div>
   <div class='ocr_carea' id='block_1_78' title="bbox 2036 3645 3615 3717">
    <p class='ocr_par' dir='ltr' id='par_1_78' title="bbox 2036 3645 3615 3717">
     <span class='ocr_line' id='line_1_78' title="bbox 2036 3645 3615 3717; baseline 0 -15"><span class='ocrx_word' id='word_1_527' title='bbox 2036 3649 2103 3703; x_wconf 89' lang='lat' dir='ltr'><strong>ad</strong></span> <span class='ocrx_word' id='word_1_528' title='bbox 2137 3663 2262 3703; x_wconf 91' lang='lat' dir='ltr'><strong>eum</strong></span> <span class='ocrx_word' id='word_1_529' title='bbox 2301 3648 2542 3714; x_wconf 85' lang='lat' dir='ltr'><strong>miserit,</strong></span> <span class='ocrx_word' id='word_1_530' title='bbox 2577 3662 2639 3701; x_wconf 92' lang='lat' dir='ltr'><strong>ac</strong></span> <span class='ocrx_word' id='word_1_531' title='bbox 2672 3647 2740 3702; x_wconf 90' lang='lat' dir='ltr'><strong>de</strong></span> <span class='ocrx_word' id='word_1_532' title='bbox 2775 3655 3031 3717; x_wconf 87' lang='lat' dir='ltr'><strong>portento</strong></span> <span class='ocrx_word' id='word_1_533' title='bbox 3059 3645 3209 3703; x_wconf 86' lang='lat' dir='ltr'><strong>edito</strong></span> <span class='ocrx_word' id='word_1_534' title='bbox 3254 3648 3615 3703; x_wconf 83' lang='lat' dir='ltr'><strong>consuluerit.</strong></span> 
     </span>
    </p>
   </div>
   <div class='ocr_carea' id='block_1_79' title="bbox 2108 3761 2885 3817">
    <p class='ocr_par' dir='ltr' id='par_1_79' title="bbox 2108 3761 2885 3817">
     <span class='ocr_line' id='line_1_79' title="bbox 2108 3761 2885 3817; baseline -0.001 -1"><span class='ocrx_word' id='word_1_535' title='bbox 2108 3762 2298 3817; x_wconf 70' lang='lat' dir='ltr'><strong>Cillan.</strong></span> <span class='ocrx_word' id='word_1_536' title='bbox 2344 3761 2436 3817; x_wconf 87' lang='lat' dir='ltr'><strong>Sic</strong></span> <span class='ocrx_word' id='word_1_537' title='bbox 2465 3771 2624 3817; x_wconf 79' lang='lat' dir='ltr'><strong>vocat</strong></span> <span class='ocrx_word' id='word_1_538' title='bbox 2655 3761 2885 3817; x_wconf 84' lang='lat' dir='ltr'><strong>Siloam.</strong></span> 
     </span>
    </p>
   </div>
   <div class='ocr_carea' id='block_1_80' title="bbox 2101 3870 3617 3946">
    <p class='ocr_par' dir='ltr' id='par_1_80' title="bbox 2101 3870 3617 3946">
     <span class='ocr_line' id='line_1_80' title="bbox 2101 3870 3617 3946; baseline 0.007 -21"><span class='ocrx_word' id='word_1_539' title='bbox 2101 3870 2266 3929; x_wconf 77' lang='lat' dir='ltr'><strong>Vens.</strong></span> <span class='ocrx_word' id='word_1_540' title='bbox 2295 3874 2382 3929; x_wconf 80' lang='grc'><strong>51.</strong></span> <span class='ocrx_word' id='word_1_541' title='bbox 2426 3874 2725 3946; x_wconf 84' lang='lat' dir='ltr'><strong>Dereliquit</strong></span> <span class='ocrx_word' id='word_1_542' title='bbox 2753 3893 2873 3931; x_wconf 88' lang='lat' dir='ltr'><strong>eum</strong></span> <span class='ocrx_word' id='word_1_543' title='bbox 2913 3876 3055 3933; x_wconf 77' lang='lat' dir='ltr'><strong>Deus</strong></span> <span class='ocrx_word' id='word_1_544' title='bbox 3076 3917 3091 3942; x_wconf 88' lang='lat'><strong>,</strong></span> <span class='ocrx_word' id='word_1_545' title='bbox 3126 3887 3182 3932; x_wconf 90' lang='lat' dir='ltr'><strong>ut</strong></span> <span class='ocrx_word' id='word_1_546' title='bbox 3221 3887 3444 3934; x_wconf 81' lang='lat' dir='ltr'><strong>tentaret</strong></span> <span class='ocrx_word' id='word_1_547' title='bbox 3475 3897 3617 3935; x_wconf 85' lang='lat' dir='ltr'><strong>eum.</strong></span> 
     </span>
    </p>
   </div>
   <div class='ocr_carea' id='block_1_81' title="bbox 2039 3963 3620 4040">
    <p class='ocr_par' dir='ltr' id='par_1_81' title="bbox 2039 3963 3620 4040">
     <span class='ocr_line' id='line_1_81' title="bbox 2039 3963 3620 4040; baseline 0.008 -23"><span class='ocrx_word' id='word_1_548' title='bbox 2039 3963 2313 4022; x_wconf 89' lang='lat' dir='ltr'><strong>Docemur</strong></span> <span class='ocrx_word' id='word_1_549' title='bbox 2342 3968 2446 4023; x_wconf 90' lang='lat' dir='ltr'><strong>hoc</strong></span> <span class='ocrx_word' id='word_1_550' title='bbox 2470 3971 2745 4040; x_wconf 78' lang='lat' dir='ltr'><strong>exemplo,</strong></span> <span class='ocrx_word' id='word_1_551' title='bbox 2784 3971 3127 4026; x_wconf 87' lang='lat' dir='ltr'><strong>tutissimum</strong></span> <span class='ocrx_word' id='word_1_552' title='bbox 3152 3986 3272 4028; x_wconf 90' lang='lat' dir='ltr'><strong>esse</strong></span> <span class='ocrx_word' id='word_1_553' title='bbox 3302 3973 3356 4027; x_wconf 90' lang='lat' dir='ltr'><strong>in</strong></span> <span class='ocrx_word' id='word_1_554' title='bbox 3388 3972 3620 4029; x_wconf 85' lang='lat' dir='ltr'><strong>Domino</strong></span> 
     </span>
    </p>
   </div>
   <div class='ocr_carea' id='block_1_82' title="bbox 2037 4058 3621 4135">
    <p class='ocr_par' dir='ltr' id='par_1_82' title="bbox 2037 4058 3621 4135">
     <span class='ocr_line' id='line_1_82' title="bbox 2037 4058 3621 4135; baseline 0.005 -24"><span class='ocrx_word' id='word_1_555' title='bbox 2037 4058 2287 4129; x_wconf 78' lang='lat' dir='ltr'><strong>gloriari.</strong></span> <span class='ocrx_word' id='word_1_556' title='bbox 2337 4060 2575 4118; x_wconf 89' lang='lat' dir='ltr'><strong>Decebat</strong></span> <span class='ocrx_word' id='word_1_557' title='bbox 2616 4062 2761 4117; x_wconf 89' lang='lat' dir='ltr'><strong>enim</strong></span> <span class='ocrx_word' id='word_1_558' title='bbox 2801 4063 2978 4132; x_wconf 89' lang='lat' dir='ltr'><strong>ipsum</strong></span> <span class='ocrx_word' id='word_1_559' title='bbox 3006 4103 3022 4127; x_wconf 90' lang='lat'><strong>,</strong></span> <span class='ocrx_word' id='word_1_560' title='bbox 3067 4062 3268 4118; x_wconf 83' lang='lat' dir='ltr'><strong>divinae</strong></span> <span class='ocrx_word' id='word_1_561' title='bbox 3319 4065 3621 4135; x_wconf 85' lang='lat' dir='ltr'><strong>majestatis</strong></span> 
     </span>
    </p>
   </div>
   <div class='ocr_carea' id='block_1_83' title="bbox 2040 4152 3622 4226">
    <p class='ocr_par' dir='ltr' id='par_1_83' title="bbox 2040 4152 3622 4226">
     <span class='ocr_line' id='line_1_83' title="bbox 2040 4152 3622 4226; baseline 0.004 -23"><span class='ocrx_word' id='word_1_562' title='bbox 2040 4152 2271 4221; x_wconf 78' lang='lat' dir='ltr'><strong>gloriam</strong></span> <span class='ocrx_word' id='word_1_563' title='bbox 2301 4154 2504 4221; x_wconf 85' lang='lat' dir='ltr'><strong>potius,</strong></span> <span class='ocrx_word' id='word_1_564' title='bbox 2534 4170 2698 4225; x_wconf 86' lang='lat' dir='ltr'><strong>quam</strong></span> <span class='ocrx_word' id='word_1_565' title='bbox 2731 4170 2866 4226; x_wconf 89' lang='lat' dir='ltr'><strong>opes</strong></span> <span class='ocrx_word' id='word_1_566' title='bbox 2888 4154 3064 4211; x_wconf 82' lang='lat' dir='ltr'><strong>ﬂuxas</strong></span> <span class='ocrx_word' id='word_1_567' title='bbox 3119 4166 3171 4211; x_wconf 84' lang='lat' dir='ltr'><strong>et</strong></span> <span class='ocrx_word' id='word_1_568' title='bbox 3203 4156 3441 4213; x_wconf 88' lang='lat' dir='ltr'><strong>incertas</strong></span> <span class='ocrx_word' id='word_1_569' title='bbox 3471 4172 3622 4212; x_wconf 86' lang='lat' dir='ltr'><strong>com-</strong></span> 
     </span>
    </p>
   </div>
   <div class='ocr_carea' id='block_1_84' title="bbox 2038 4242 3621 4317">
    <p class='ocr_par' dir='ltr' id='par_1_84' title="bbox 2038 4242 3621 4317">
     <span class='ocr_line' id='line_1_84' title="bbox 2038 4242 3621 4317; baseline 0.003 -21"><span class='ocrx_word' id='word_1_570' title='bbox 2038 4242 2535 4314; x_wconf 74' lang='lat' dir='ltr'><strong>Inemorare.552</strong></span> <span class='ocrx_word' id='word_1_571' title='bbox 2596 4243 2900 4316; x_wconf 85' lang='lat' dir='ltr'><strong>Notumque</strong></span> <span class='ocrx_word' id='word_1_572' title='bbox 2954 4247 3104 4315; x_wconf 81' lang='lat' dir='ltr'><strong>ﬁeret</strong></span> <span class='ocrx_word' id='word_1_573' title='bbox 3172 4245 3425 4317; x_wconf 78' lang='lat' dir='ltr'><strong>quidquid</strong></span> <span class='ocrx_word' id='word_1_574' title='bbox 3488 4257 3621 4302; x_wconf 80' lang='lat' dir='ltr'><strong>esset</strong></span> 
     </span>
    </p>
   </div>
   <div class='ocr_carea' id='block_1_85' title="bbox 2034 4334 3623 4403">
    <p class='ocr_par' dir='ltr' id='par_1_85' title="bbox 2034 4334 3623 4403">
     <span class='ocr_line' id='line_1_85' title="bbox 2034 4334 3623 4403; baseline 0.004 -15"><span class='ocrx_word' id='word_1_575' title='bbox 2034 4334 2092 4388; x_wconf 85' lang='lat' dir='ltr'><strong>in</strong></span> <span class='ocrx_word' id='word_1_576' title='bbox 2127 4334 2479 4401; x_wconf 77' lang='lat' dir='ltr'><strong>cordeipsius.</strong></span> <span class='ocrx_word' id='word_1_577' title='bbox 2520 4335 2647 4403; x_wconf 46' lang='lat' dir='ltr'><strong>,lloc</strong></span> <span class='ocrx_word' id='word_1_578' title='bbox 2678 4348 2789 4402; x_wconf 73' lang='lat' dir='ltr'><strong>eet,</strong></span> <span class='ocrx_word' id='word_1_579' title='bbox 2825 4339 2949 4393; x_wconf 89' lang='lat' dir='ltr'><strong>aliis</strong></span> <span class='ocrx_word' id='word_1_580' title='bbox 2991 4339 3237 4394; x_wconf 82' lang='lat' dir='ltr'><strong>revelare</strong></span> <span class='ocrx_word' id='word_1_581' title='bbox 3292 4340 3477 4397; x_wconf 77' lang='lat' dir='ltr'><strong>voluit</strong></span> <span class='ocrx_word' id='word_1_582' title='bbox 3526 4355 3623 4395; x_wconf 91' lang='lat' dir='ltr'><strong>co-</strong></span> 
     </span>
    </p>
   </div>
   <div class='ocr_carea' id='block_1_86' title="bbox 356 4423 1927 4527">
    <p class='ocr_par' dir='ltr' id='par_1_86' title="bbox 356 4423 1927 4522">
     <span class='ocr_line' id='line_1_86' title="bbox 356 4423 1927 4522; baseline 0.009 -28"><span class='ocrx_word' id='word_1_583' title='bbox 356 4442 652 4515; x_wconf 78' lang='grc' dir='ltr'>λογισμοὺς</span> <span class='ocrx_word' id='word_1_584' title='bbox 680 4444 848 4498; x_wconf 84' lang='grc' dir='ltr'>αὐτοῦ</span> <span class='ocrx_word' id='word_1_585' title='bbox 881 4448 995 4507; x_wconf 82' lang='grc' dir='ltr'>τοῖς</span> <span class='ocrx_word' id='word_1_586' title='bbox 1027 4446 1229 4512; x_wconf 81' lang='grc' dir='ltr'>ἄλλοις.</span> <span class='ocrx_word' id='word_1_587' title='bbox 1299 4423 1495 4514; x_wconf 23' lang='grc' dir='ltr'>Αὐτὸς*</span> <span class='ocrx_word' id='word_1_588' title='bbox 1519 4423 1628 4522; x_wconf 43' lang='grc' dir='ltr'>γ’ὰρ</span> <span class='ocrx_word' id='word_1_589' title='bbox 1672 4423 1927 4521; x_wconf 78' lang='grc' dir='ltr'>γινώσκει</span> 
     </span>
    </p>
   </div>
   <div class='ocr_carea' id='block_1_87' title="bbox 2042 4423 3622 4527">
    <p class='ocr_par' dir='ltr' id='par_1_87' title="bbox 2042 4423 3622 4500">
     <span class='ocr_line' id='line_1_87' title="bbox 2042 4423 3622 4500; baseline 0.004 -20"><span class='ocrx_word' id='word_1_590' title='bbox 2042 4426 2328 4497; x_wconf 74' lang='lat' dir='ltr'><strong>gitationcs</strong></span> <span class='ocrx_word' id='word_1_591' title='bbox 2359 4427 2555 4496; x_wconf 91' lang='lat' dir='ltr'><strong>ipsius.</strong></span> <span class='ocrx_word' id='word_1_592' title='bbox 2600 4428 2719 4500; x_wconf 81' lang='lat' dir='ltr'><strong>Ipse</strong></span> <span class='ocrx_word' id='word_1_593' title='bbox 2755 4423 2899 4485; x_wconf 80' lang='lat' dir='ltr'><strong>enim</strong></span> <span class='ocrx_word' id='word_1_594' title='bbox 2947 4432 3099 4487; x_wconf 84' lang='lat' dir='ltr'><strong>solus</strong></span> <span class='ocrx_word' id='word_1_595' title='bbox 3141 4430 3307 4487; x_wconf 88' lang='lat' dir='ltr'><strong>corda</strong></span> <span class='ocrx_word' id='word_1_596' title='bbox 3340 4431 3622 4487; x_wconf 90' lang='lat' dir='ltr'><strong>hominum</strong></span> 
     </span>
    </p>
   </div>
   <div class='ocr_carea' id='block_1_88' title="bbox 359 4530 1551 4607">
    <p class='ocr_par' dir='ltr' id='par_1_88' title="bbox 359 4530 1551 4607">
     <span class='ocr_line' id='line_1_88' title="bbox 359 4530 1551 4607; baseline 0.006 -24"><span class='ocrx_word' id='word_1_597' title='bbox 359 4530 457 4595; x_wconf 83' lang='grc' dir='ltr'>τὰς</span> <span class='ocrx_word' id='word_1_598' title='bbox 486 4533 716 4603; x_wconf 83' lang='grc' dir='ltr'>καρδίας</span> <span class='ocrx_word' id='word_1_599' title='bbox 745 4532 854 4588; x_wconf 90' lang='grc' dir='ltr'><strong>τῶν</strong></span> <span class='ocrx_word' id='word_1_600' title='bbox 891 4533 1197 4607; x_wconf 85' lang='grc' dir='ltr'>ἀνθρώπων</span> <span class='ocrx_word' id='word_1_601' title='bbox 1223 4534 1551 4607; x_wconf 81' lang='grc' dir='ltr'>μονώτατος.</span> 
     </span>
    </p>
   </div>
   <div class='ocr_carea' id='block_1_89' title="bbox 955 4668 1378 4726">
    <p class='ocr_par' dir='ltr' id='par_1_89' title="bbox 955 4668 1378 4726">
     <span class='ocr_line' id='line_1_89' title="bbox 955 4668 1378 4726; baseline 0.007 -3"><span class='ocrx_word' id='word_1_602' title='bbox 955 4668 1208 4724; x_wconf 75' lang='grc' dir='ltr'>ΚΕΦΔΛ.</span> <span class='ocrx_word' id='word_1_603' title='bbox 1250 4670 1378 4726; x_wconf 77' lang='lat' dir='ltr'><strong>AI&quot;.</strong></span> 
     </span>
    </p>
   </div>
   <div class='ocr_carea' id='block_1_90' title="bbox 431 4782 1939 4855">
    <p class='ocr_par' dir='ltr' id='par_1_90' title="bbox 431 4782 1939 4855">
     <span class='ocr_line' id='line_1_90' title="bbox 431 4782 1939 4855; baseline 0.001 -16"><span class='ocrx_word' id='word_1_604' title='bbox 431 4784 543 4839; x_wconf 79' lang='lat' dir='ltr'><strong>Kal</strong></span> <span class='ocrx_word' id='word_1_605' title='bbox 567 4783 723 4855; x_wconf 72' lang='grc' dir='ltr'>ἔγνω</span> <span class='ocrx_word' id='word_1_606' title='bbox 757 4782 1124 4852; x_wconf 81' lang='grc' dir='ltr'>Μανασσῆς,</span> <span class='ocrx_word' id='word_1_607' title='bbox 1163 4785 1253 4838; x_wconf 84' lang='grc' dir='ltr'>ὅτι</span> <span class='ocrx_word' id='word_1_608' title='bbox 1286 4785 1504 4853; x_wconf 82' lang='grc' dir='ltr'>Κύριος</span> <span class='ocrx_word' id='word_1_609' title='bbox 1555 4787 1738 4853; x_wconf 85' lang='grc' dir='ltr'>αὐτός</span> <span class='ocrx_word' id='word_1_610' title='bbox 1766 4786 1939 4841; x_wconf 84' lang='grc' dir='ltr'>ἐστιν</span> 
     </span>
    </p>
   </div>
   <div class='ocr_carea' id='block_1_91' title="bbox 357 4874 1938 4951">
    <p class='ocr_par' dir='ltr' id='par_1_91' title="bbox 357 4874 1938 4951">
     <span class='ocr_line' id='line_1_91' title="bbox 357 4874 1938 4951; baseline 0.001 -19"><span class='ocrx_word' id='word_1_611' title='bbox 357 4878 393 4932; x_wconf 83' lang='grc' dir='ltr'><em>ὁ</em></span> <span class='ocrx_word' id='word_1_612' title='bbox 430 4878 595 4944; x_wconf 81' lang='grc' dir='ltr'>Θεός.</span> <span class='ocrx_word' id='word_1_613' title='bbox 652 4874 840 4942; x_wconf 82' lang='grc' dir='ltr'>Οὐτως</span> <span class='ocrx_word' id='word_1_614' title='bbox 884 4878 919 4948; x_wconf 77' lang='grc' dir='ltr'>ἡ</span> <span class='ocrx_word' id='word_1_615' title='bbox 974 4877 1193 4932; x_wconf 82' lang='grc' dir='ltr'>παιδεία</span> <span class='ocrx_word' id='word_1_616' title='bbox 1239 4877 1369 4943; x_wconf 80' lang='grc' dir='ltr'>τοὺς</span> <span class='ocrx_word' id='word_1_617' title='bbox 1423 4876 1785 4951; x_wconf 81' lang='grc' dir='ltr'>βουλομένους</span> <span class='ocrx_word' id='word_1_618' title='bbox 1828 4880 1938 4934; x_wconf 82' lang='grc' dir='ltr'>ὀνί-</span> 
     </span>
    </p>
   </div>
   <div class='ocr_carea' id='block_1_92' title="bbox 358 4984 535 5040">
    <p class='ocr_par' dir='ltr' id='par_1_92' title="bbox 358 4984 535 5040">
     <span class='ocr_line' id='line_1_92' title="bbox 358 4984 535 5040; baseline 0.023 -18"><span class='ocrx_word' id='word_1_619' title='bbox 358 4984 535 5040; x_wconf 88' lang='grc' dir='ltr'>νησιν.</span> 
     </span>
    </p>
   </div>
   <div class='ocr_carea' id='block_1_93' title="bbox 431 5254 1934 5328">
    <p class='ocr_par' dir='ltr' id='par_1_93' title="bbox 431 5254 1934 5328">
     <span class='ocr_line' id='line_1_93' title="bbox 431 5254 1934 5328; baseline 0.007 -19"><span class='ocrx_word' id='word_1_620' title='bbox 431 5254 606 5323; x_wconf 68' lang='grc' dir='ltr'><strong>Πλὴν</strong></span> <span class='ocrx_word' id='word_1_621' title='bbox 643 5257 733 5310; x_wconf 66' lang='grc' dir='ltr'>ἔτι</span> <span class='ocrx_word' id='word_1_622' title='bbox 763 5259 796 5311; x_wconf 84' lang='grc' dir='ltr'><strong>ό</strong></span> <span class='ocrx_word' id='word_1_623' title='bbox 817 5258 968 5323; x_wconf 71' lang='grc' dir='ltr'>λαὸς</span> <span class='ocrx_word' id='word_1_624' title='bbox 991 5256 1089 5311; x_wconf 78' lang='grc' dir='ltr'>ἐπι</span> <span class='ocrx_word' id='word_1_625' title='bbox 1130 5256 1250 5312; x_wconf 82' lang='grc' dir='ltr'>τῶν</span> <span class='ocrx_word' id='word_1_626' title='bbox 1292 5259 1554 5328; x_wconf 71' lang='grc' dir='ltr'><strong>ὑψηλῶν</strong></span> <span class='ocrx_word' id='word_1_627' title='bbox 1599 5261 1934 5324; x_wconf 77' lang='grc' dir='ltr'>ἐθυσίαζεν.</span> 
     </span>
    </p>
   </div>
   <div class='ocr_carea' id='block_1_94' title="bbox 362 5347 1935 5428">
    <p class='ocr_par' dir='ltr' id='par_1_94' title="bbox 362 5347 1935 5428">
     <span class='ocr_line' id='line_1_94' title="bbox 362 5347 1935 5428; baseline 0.005 -27"><span class='ocrx_word' id='word_1_628' title='bbox 362 5348 488 5401; x_wconf 82' lang='grc' dir='ltr'>Ὅτι</span> <span class='ocrx_word' id='word_1_629' title='bbox 514 5366 581 5401; x_wconf 87' lang='grc' dir='ltr'><strong>πε</strong></span> <span class='ocrx_word' id='word_1_630' title='bbox 591 5350 646 5420; x_wconf 74' lang='lat' dir='ltr'><strong>pl</strong></span> <span class='ocrx_word' id='word_1_631' title='bbox 670 5347 778 5401; x_wconf 81' lang='grc' dir='ltr'><strong>τῶν</strong></span> <span class='ocrx_word' id='word_1_632' title='bbox 805 5347 1042 5406; x_wconf 77' lang='grc' dir='ltr'>θυόντων</span> <span class='ocrx_word' id='word_1_633' title='bbox 1074 5352 1134 5403; x_wconf 78' lang='grc' dir='ltr'>ὲν</span> <span class='ocrx_word' id='word_1_634' title='bbox 1162 5350 1388 5422; x_wconf 80' lang='grc' dir='ltr'>ὑψηλοῖς</span> <span class='ocrx_word' id='word_1_635' title='bbox 1414 5353 1493 5423; x_wconf 78' lang='grc' dir='ltr'>τῷ</span> <span class='ocrx_word' id='word_1_636' title='bbox 1520 5355 1709 5426; x_wconf 83' lang='grc' dir='ltr'>Κυρίῳ</span> <span class='ocrx_word' id='word_1_637' title='bbox 1748 5360 1935 5428; x_wconf 70' lang='grc' dir='ltr'>φησιν,</span> 
     </span>
    </p>
   </div>
   <div class='ocr_carea' id='block_1_95' title="bbox 363 5438 1935 5541">
    <p class='ocr_par' dir='ltr' id='par_1_95' title="bbox 363 5438 1935 5541">
     <span class='ocr_line' id='line_1_95' title="bbox 363 5438 1935 5541; baseline 0.006 -49"><span class='ocrx_word' id='word_1_638' title='bbox 363 5438 543 5541; x_wconf 49' lang='lat' dir='ltr'><strong>ﬁlium.</strong></span> <span class='ocrx_word' id='word_1_639' title='bbox 583 5440 862 5510; x_wconf 81' lang='grc' dir='ltr'>Ἐπήγαγε</span> <span class='ocrx_word' id='word_1_640' title='bbox 890 5442 1020 5512; x_wconf 76' lang='grc' dir='ltr'>γὰρ,</span> <span class='ocrx_word' id='word_1_641' title='bbox 1054 5441 1207 5513; x_wconf 73' lang='grc' dir='ltr'><strong>Πλὴδ</strong></span> <span class='ocrx_word' id='word_1_642' title='bbox 1255 5444 1337 5507; x_wconf 79' lang='grc' dir='ltr'><strong>είς</strong></span> <span class='ocrx_word' id='word_1_643' title='bbox 1388 5444 1550 5498; x_wconf 80' lang='grc' dir='ltr'>κενὸν</span> <span class='ocrx_word' id='word_1_644' title='bbox 1580 5444 1658 5517; x_wconf 83' lang='grc' dir='ltr'>τῷ</span> <span class='ocrx_word' id='word_1_645' title='bbox 1687 5446 1805 5518; x_wconf 80' lang='grc' dir='ltr'><strong>Θεῷ</strong></span> <span class='ocrx_word' id='word_1_646' title='bbox 1840 5449 1935 5503; x_wconf 87' lang='grc' dir='ltr'>αὐ-</span> 
     </span>
    </p>
   </div>
   <div class='ocr_carea' id='block_1_96' title="bbox 361 5546 490 5583">
    <p class='ocr_par' dir='ltr' id='par_1_96' title="bbox 361 5546 490 5583">
     <span class='ocr_line' id='line_1_96' title="bbox 361 5546 490 5583; baseline 0.008 -1"><span class='ocrx_word' id='word_1_647' title='bbox 361 5546 490 5583; x_wconf 82' lang='grc' dir='ltr'>των.</span> 
     </span>
    </p>
   </div>
   <div class='ocr_carea' id='block_1_97' title="bbox 952 5644 1363 5702">
    <p class='ocr_par' dir='ltr' id='par_1_97' title="bbox 952 5644 1363 5702">
     <span class='ocr_line' id='line_1_97' title="bbox 952 5644 1363 5702; baseline 0.012 -5"><span class='ocrx_word' id='word_1_648' title='bbox 952 5644 1209 5702; x_wconf 79' lang='grc' dir='ltr'><strong>ΚΕΦΑΛ.</strong></span> <span class='ocrx_word' id='word_1_649' title='bbox 1243 5647 1363 5701; x_wconf 83' lang='grc' dir='ltr'>ΛΔ⁹.</span> 
     </span>
    </p>
   </div>
   <div class='ocr_carea' id='block_1_98' title="bbox 376 5756 1755 5835">
    <p class='ocr_par' dir='ltr' id='par_1_98' title="bbox 376 5756 1755 5835">
     <span class='ocr_line' id='line_1_98' title="bbox 376 5756 1755 5835; baseline 0.007 -24"><span class='ocrx_word' id='word_1_650' title='bbox 376 5756 475 5812; x_wconf 76' lang='grc' dir='ltr'><strong>Ἑν</strong></span> <span class='ocrx_word' id='word_1_651' title='bbox 503 5756 780 5815; x_wconf 74' lang='grc' dir='ltr'>Μοσανά.</span> <span class='ocrx_word' id='word_1_652' title='bbox 806 5758 1127 5833; x_wconf 82' lang='grc' dir='ltr'>Σύμμαχος,</span> <span class='ocrx_word' id='word_1_653' title='bbox 1158 5762 1229 5817; x_wconf 76' lang='grc' dir='ltr'><strong>ἐν</strong></span> <span class='ocrx_word' id='word_1_654' title='bbox 1266 5763 1341 5835; x_wconf 74' lang='grc' dir='ltr'>τῇ</span> <span class='ocrx_word' id='word_1_655' title='bbox 1378 5763 1755 5834; x_wconf 75' lang='grc' dir='ltr'>ὃευτερὼσει.</span> 
     </span>
    </p>
   </div>
   <div class='ocr_carea' id='block_1_99' title="bbox 2038 4518 2445 4590">
    <p class='ocr_par' dir='ltr' id='par_1_99' title="bbox 2038 4518 2445 4590">
     <span class='ocr_line' id='line_1_99' title="bbox 2038 4518 2445 4590; baseline -0.005 -18"><span class='ocrx_word' id='word_1_656' title='bbox 2038 4518 2445 4590; x_wconf 74' lang='lat' dir='ltr'><strong>cognitahabet.</strong></span> 
     </span>
    </p>
   </div>
   <div class='ocr_carea' id='block_1_100' title="bbox 2616 4649 3054 4708">
    <p class='ocr_par' dir='ltr' id='par_1_100' title="bbox 2616 4649 3054 4708">
     <span class='ocr_line' id='line_1_100' title="bbox 2616 4649 3054 4708; baseline 0 -1"><span class='ocrx_word' id='word_1_657' title='bbox 2616 4649 2769 4707; x_wconf 75' lang='lat' dir='ltr'><strong>CAP.</strong></span> <span class='ocrx_word' id='word_1_658' title='bbox 2812 4651 3054 4708; x_wconf 78' lang='lat' dir='ltr'><strong>XXXIII.</strong></span> 
     </span>
    </p>
   </div>
   <div class='ocr_carea' id='block_1_101' title="bbox 2114 4761 3624 4837">
    <p class='ocr_par' dir='ltr' id='par_1_101' title="bbox 2114 4761 3624 4837">
     <span class='ocr_line' id='line_1_101' title="bbox 2114 4761 3624 4837; baseline 0.002 -19"><span class='ocrx_word' id='word_1_659' title='bbox 2114 4761 2285 4820; x_wconf 74' lang='lat' dir='ltr'><strong>Vens.</strong></span> <span class='ocrx_word' id='word_1_660' title='bbox 2320 4764 2409 4818; x_wconf 72' lang='grc'><strong>15.</strong></span> <span class='ocrx_word' id='word_1_661' title='bbox 2455 4762 2589 4817; x_wconf 87' lang='lat' dir='ltr'><strong>Tum</strong></span> <span class='ocrx_word' id='word_1_662' title='bbox 2614 4765 2852 4833; x_wconf 83' lang='lat' dir='ltr'><strong>cognovit</strong></span> <span class='ocrx_word' id='word_1_663' title='bbox 2881 4765 3178 4832; x_wconf 73' lang='lat' dir='ltr'><strong>Manasses,</strong></span> <span class='ocrx_word' id='word_1_664' title='bbox 3203 4765 3342 4837; x_wconf 85' lang='lat' dir='ltr'><strong>quod</strong></span> <span class='ocrx_word' id='word_1_665' title='bbox 3366 4764 3624 4821; x_wconf 72' lang='lat' dir='ltr'><strong>Dominus</strong></span> 
     </span>
    </p>
   </div>
   <div class='ocr_carea' id='block_1_102' title="bbox 2042 4854 3629 4929">
    <p class='ocr_par' dir='ltr' id='par_1_102' title="bbox 2042 4854 3629 4929">
     <span class='ocr_line' id='line_1_102' title="bbox 2042 4854 3629 4929; baseline -0.001 -17"><span class='ocrx_word' id='word_1_666' title='bbox 2042 4868 2177 4913; x_wconf 78' lang='lat' dir='ltr'><strong>esset</strong></span> <span class='ocrx_word' id='word_1_667' title='bbox 2222 4857 2381 4913; x_wconf 77' lang='lat' dir='ltr'><strong>Deus.</strong></span> <span class='ocrx_word' id='word_1_668' title='bbox 2431 4854 2566 4913; x_wconf 88' lang='lat' dir='ltr'><strong>Tam</strong></span> <span class='ocrx_word' id='word_1_669' title='bbox 2600 4858 2867 4929; x_wconf 80' lang='lat' dir='ltr'><strong>frugifera</strong></span> <span class='ocrx_word' id='word_1_670' title='bbox 2895 4867 2982 4915; x_wconf 87' lang='lat' dir='ltr'><strong>est</strong></span> <span class='ocrx_word' id='word_1_671' title='bbox 3012 4859 3325 4929; x_wconf 84' lang='lat' dir='ltr'><strong>disciplina,</strong></span> <span class='ocrx_word' id='word_1_672' title='bbox 3377 4874 3502 4916; x_wconf 88' lang='lat' dir='ltr'><strong>sese</strong></span> <span class='ocrx_word' id='word_1_673' title='bbox 3544 4859 3629 4919; x_wconf 81' lang='lat' dir='ltr'><strong>illi</strong></span> 
     </span>
    </p>
   </div>
   <div class='ocr_carea' id='block_1_103' title="bbox 2046 4948 3623 5022">
    <p class='ocr_par' dir='ltr' id='par_1_103' title="bbox 2046 4948 3623 5022">
     <span class='ocr_line' id='line_1_103' title="bbox 2046 4948 3623 5022; baseline 0.003 -18"><span class='ocrx_word' id='word_1_674' title='bbox 2046 4948 2634 5017; x_wconf 85' lang='lat' dir='ltr'><strong>accommodantibus;</strong></span> <span class='ocrx_word' id='word_1_675' title='bbox 2679 4951 3093 5022; x_wconf 76' lang='lat' dir='ltr'><strong>nihilqueadeo</strong></span> <span class='ocrx_word' id='word_1_676' title='bbox 3127 4949 3300 5004; x_wconf 79' lang='lat' dir='ltr'><strong>ferum</strong></span> <span class='ocrx_word' id='word_1_677' title='bbox 3331 4960 3447 5016; x_wconf 88' lang='lat' dir='ltr'><strong>est,</strong></span> <span class='ocrx_word' id='word_1_678' title='bbox 3476 4952 3623 5022; x_wconf 89' lang='lat' dir='ltr'><strong>quod</strong></span> 
     </span>
    </p>
   </div>
   <div class='ocr_carea' id='block_1_104' title="bbox 2045 5041 3620 5112">
    <p class='ocr_par' dir='ltr' id='par_1_104' title="bbox 2045 5041 3620 5112">
     <span class='ocr_line' id='line_1_104' title="bbox 2045 5041 3620 5112; baseline 0.001 -17"><span class='ocrx_word' id='word_1_679' title='bbox 2045 5056 2157 5097; x_wconf 85' lang='lat' dir='ltr'><strong>non</strong></span> <span class='ocrx_word' id='word_1_680' title='bbox 2190 5042 2479 5097; x_wconf 88' lang='lat' dir='ltr'><strong>mitescere</strong></span> <span class='ocrx_word' id='word_1_681' title='bbox 2510 5043 2734 5112; x_wconf 89' lang='lat' dir='ltr'><strong>.possit,</strong></span> <span class='ocrx_word' id='word_1_682' title='bbox 2788 5043 2833 5098; x_wconf 91' lang='lat' dir='ltr'><strong>si</strong></span> <span class='ocrx_word' id='word_1_683' title='bbox 2866 5043 3029 5097; x_wconf 93' lang='lat' dir='ltr'><strong>modo</strong></span> <span class='ocrx_word' id='word_1_684' title='bbox 3075 5041 3291 5096; x_wconf 88' lang='lat' dir='ltr'><strong>cultura</strong></span> <span class='ocrx_word' id='word_1_685' title='bbox 3325 5043 3620 5111; x_wconf 83' lang='lat' dir='ltr'><strong>patientem</strong></span> 
     </span>
    </p>
   </div>
   <div class='ocr_carea' id='block_1_105' title="bbox 2041 5134 2592 5189">
    <p class='ocr_par' dir='ltr' id='par_1_105' title="bbox 2041 5134 2592 5189">
     <span class='ocr_line' id='line_1_105' title="bbox 2041 5134 2592 5189; baseline -0.002 0"><span class='ocrx_word' id='word_1_686' title='bbox 2041 5134 2349 5189; x_wconf 82' lang='lat' dir='ltr'><strong>commodet</strong></span> <span class='ocrx_word' id='word_1_687' title='bbox 2381 5148 2592 5189; x_wconf 88' lang='lat' dir='ltr'><strong>aurem.</strong></span> 
     </span>
    </p>
   </div>
   <div class='ocr_carea' id='block_1_106' title="bbox 2115 5250 3624 5321">
    <p class='ocr_par' dir='ltr' id='par_1_106' title="bbox 2115 5250 3624 5321">
     <span class='ocr_line' id='line_1_106' title="bbox 2115 5250 3624 5321; baseline 0.002 -14"><span class='ocrx_word' id='word_1_688' title='bbox 2115 5251 2281 5308; x_wconf 72' lang='lat' dir='ltr'><strong>Vens.</strong></span> <span class='ocrx_word' id='word_1_689' title='bbox 2311 5253 2399 5307; x_wconf 78' lang='grc' dir='ltr'>Π.</span> <span class='ocrx_word' id='word_1_690' title='bbox 2449 5250 2820 5307; x_wconf 83' lang='lat' dir='ltr'><strong>Verumtamen</strong></span> <span class='ocrx_word' id='word_1_691' title='bbox 2847 5250 3069 5321; x_wconf 79' lang='lat' dir='ltr'><strong>populus</strong></span> <span class='ocrx_word' id='word_1_692' title='bbox 3106 5251 3277 5306; x_wconf 80' lang='lat' dir='ltr'><strong>adhuc</strong></span> <span class='ocrx_word' id='word_1_693' title='bbox 3307 5254 3360 5308; x_wconf 81' lang='lat' dir='ltr'><strong>in</strong></span> <span class='ocrx_word' id='word_1_694' title='bbox 3401 5257 3624 5310; x_wconf 68' lang='lat' dir='ltr'><strong>excelsis</strong></span> 
     </span>
    </p>
   </div>
   <div class='ocr_carea' id='block_1_107' title="bbox 2043 5344 3623 5414">
    <p class='ocr_par' dir='ltr' id='par_1_107' title="bbox 2043 5344 3623 5414">
     <span class='ocr_line' id='line_1_107' title="bbox 2043 5344 3623 5414; baseline 0.004 -15"><span class='ocrx_word' id='word_1_695' title='bbox 2043 5347 2314 5402; x_wconf 84' lang='lat' dir='ltr'><strong>adolebat.</strong></span> <span class='ocrx_word' id='word_1_696' title='bbox 2346 5344 2459 5402; x_wconf 89' lang='lat' dir='ltr'><strong>Deo</strong></span> <span class='ocrx_word' id='word_1_697' title='bbox 2491 5347 2800 5401; x_wconf 79' lang='lat' dir='ltr'><strong>adolevisse</strong></span> <span class='ocrx_word' id='word_1_698' title='bbox 2821 5385 2838 5411; x_wconf 93' lang='lat'><strong>,</strong></span> <span class='ocrx_word' id='word_1_699' title='bbox 2867 5359 3108 5414; x_wconf 86' lang='lat' dir='ltr'><strong>sequens</strong></span> <span class='ocrx_word' id='word_1_700' title='bbox 3156 5344 3366 5400; x_wconf 89' lang='lat' dir='ltr'><strong>indicat</strong></span> <span class='ocrx_word' id='word_1_701' title='bbox 3403 5349 3623 5405; x_wconf 85' lang='lat' dir='ltr'><strong>oratio:</strong></span> 
     </span>
    </p>
   </div>
   <div class='ocr_carea' id='block_1_108' title="bbox 2044 5435 3059 5494">
    <p class='ocr_par' dir='ltr' id='par_1_108' title="bbox 2044 5435 3059 5494">
     <span class='ocr_line' id='line_1_108' title="bbox 2044 5435 3059 5494; baseline 0.001 -3"><span class='ocrx_word' id='word_1_702' title='bbox 2044 5436 2275 5494; x_wconf 85' lang='lat' dir='ltr'><strong>Frustra</strong></span> <span class='ocrx_word' id='word_1_703' title='bbox 2312 5448 2496 5493; x_wconf 90' lang='lat' dir='ltr'><strong>tamen</strong></span> <span class='ocrx_word' id='word_1_704' title='bbox 2532 5437 2768 5492; x_wconf 89' lang='lat' dir='ltr'><strong>Domino</strong></span> <span class='ocrx_word' id='word_1_705' title='bbox 2798 5435 2908 5492; x_wconf 91' lang='lat' dir='ltr'><strong>Deo</strong></span> <span class='ocrx_word' id='word_1_706' title='bbox 2938 5452 3059 5492; x_wconf 91' lang='lat' dir='ltr'><strong>suo.</strong></span> 
     </span>
    </p>
   </div>
   <div class='ocr_carea' id='block_1_109' title="bbox 2625 5657 3063 5717">
    <p class='ocr_par' dir='ltr' id='par_1_109' title="bbox 2625 5657 3063 5717">
     <span class='ocr_line' id='line_1_109' title="bbox 2625 5657 3063 5717; baseline -0.005 -1"><span class='ocrx_word' id='word_1_707' title='bbox 2625 5659 2777 5717; x_wconf 79' lang='lat' dir='ltr'><strong>CAP.</strong></span> <span class='ocrx_word' id='word_1_708' title='bbox 2821 5657 3063 5714; x_wconf 71' lang='lat' dir='ltr'><strong>XXXIV.</strong></span> 
     </span>
    </p>
   </div>
   <div class='ocr_carea' id='block_1_110' title="bbox 2114 5771 3607 5845">
    <p class='ocr_par' dir='ltr' id='par_1_110' title="bbox 2114 5771 3607 5845">
     <span class='ocr_line' id='line_1_110' title="bbox 2114 5771 3607 5845; baseline -0.001 -16"><span class='ocrx_word' id='word_1_709' title='bbox 2114 5773 2179 5829; x_wconf 84' lang='lat' dir='ltr'><strong>In</strong></span> <span class='ocrx_word' id='word_1_710' title='bbox 2210 5772 2464 5829; x_wconf 75' lang='lat' dir='ltr'><strong>Mosana.</strong></span> <span class='ocrx_word' id='word_1_711' title='bbox 2501 5771 2867 5845; x_wconf 76' lang='lat' dir='ltr'><strong>Symmachus</strong></span> <span class='ocrx_word' id='word_1_712' title='bbox 2888 5815 2901 5841; x_wconf 93' lang='lat'><strong>,</strong></span> <span class='ocrx_word' id='word_1_713' title='bbox 2935 5773 2989 5828; x_wconf 84' lang='lat' dir='ltr'><strong>in</strong></span> <span class='ocrx_word' id='word_1_714' title='bbox 3024 5773 3314 5830; x_wconf 70' lang='lat' dir='ltr'><strong>traditione</strong></span> <span class='ocrx_word' id='word_1_715' title='bbox 3341 5772 3607 5844; x_wconf 82' lang='lat' dir='ltr'><strong>majorum</strong></span> 
     </span>
    </p>
   </div>
  </div>
