3960 6230
462 286 596 356 19.19

1042 398 1198 456 CAP.
1237 397 1460 454 XXXV.

530 488 600 548 Ut
632 502 880 561 ponerent
924 508 1108 546 arcam
1144 504 1388 547 sanctam
1422 493 1477 548 in
1516 492 1681 549 Domo
1716 494 1833 553 Dei.
1876 495 2047 550 Nimi-

456 600 578 640 rum
618 583 830 655 jamdiu
900 584 1277 647 exsulaverat.
1333 585 1421 640 vel
1467 586 1535 642 ab
1583 586 1813 657 Assyrio
1884 599 2044 657 capta

459 679 595 734 urbe
651 678 755 734 sub
787 677 1041 735 Manasse
1087 686 1359 748 extracta,
1397 681 1481 736 vel
1527 681 1595 737 ab
1642 683 1812 753 lmpio
1858 684 2046 754 aliquo

460 787 610 840 rege.

531 950 814 1005 Cheresim.
858 951 1131 1017 Quoniam
1160 968 1285 1007 etim
1333 955 1703 1025 ventriloquis
1735 956 1926 1011 seiolis
1983 970 2047 1009 ac

383 1098 391 1131 ί
459 1041 789 1111 Theraphim
818 1043 1183 1109 coujunctum
1224 1053 1356 1112 stat,
1394 1063 1567 1119 genus
1600 1046 1873 1116 quoddam
1909 1047 2047 1100 divi-

460 1133 704 1188 nationis
740 1150 863 1189 csse
891 1135 1132 1192 videtur.

528 1224 694 1281 Vens.
743 1226 813 1279 Q5
865 1225 1177 1297 Composuit
1252 1238 1425 1285 autem
1490 1228 1756 1285 Jeremias
1831 1230 2049 1302 lugubre

454 1335 671 1377 carmen
706 1319 769 1374 de
801 1318 977 1375 Josia.
1022 1320 1198 1374 Tanta
1229 1337 1356 1376 vero
1393 1323 1634 1378 hominis
1680 1322 1855 1377 virtus
1887 1333 2004 1378 erat
2032 1364 2045 1385 ,

457 1420 520 1466 ut
542 1413 877 1492 gcantOrihus
941 1423 994 1467 et
1037 1416 1436 1470 cautatricihus
1484 1417 1822 1471 lamentaudi
1870 1417 2045 1487 ipsum

458 1520 694 1573 perstma
719 1506 793 1560 sit
835 1505 1116 1574 imposita,
1161 1522 1223 1562 ac
1256 1508 1496 1576 singulis
1529 1508 1692 1562 anuis
1726 1508 1896 1578 ipsius
1933 1523 2047 1562 me-

461 1596 637 1650 moria
664 1596 735 1650 sit
759 1594 1060 1652 celebrata.
1098 1598 1270 1653 Porro
1301 1600 1639 1667 reliquorum
1677 1614 1866 1668 regum
1896 1608 2047 1669 gesta

458 1684 730 1743 Jeremias
765 1689 1031 1759 propheta
1075 1690 1331 1760 pluribus
1367 1689 1877 1756 recensuit._llanc
1919 1706 2046 1745 vero

1761 292 2121 357 PROCOPII
2197 287 2448 353 ὓᾹΖιΕΙ

3593 286 3707 349 1220

2760 402 3011 458 ΚΕΦΑΔ.
3038 399 3162 456 ΛΕ’.

2226 498 2335 551 Τοῦ
2370 495 2582 550 δοῦναι
2621 494 2736 562 τὴν
2774 492 3025 548 κιϐωτὸν
3050 490 3165 560 τὴν
3183 490 3362 560 ἁγίαν·
3384 488 3457 541 ἐν
3494 486 3571 555 τῷ
3590 488 3714 553 οικφ

2150 590 2399 657 Κυρίου.
2469 588 2580 641 Καὶ
2630 586 2735 657 μὴν
2757 653 2769 663 .
2795 588 2859 638 ὲκ
2895 583 3145 645 πλείονος
3178 582 3291 635 ἐκεῖ
3338 582 3711 652 προαπέκειτο.

2152 683 2369 737 Ἔοικεν
2395 678 2488 735 οὖν
2523 681 2555 752 ἦ
2587 682 2614 741 ὁ
2650 678 2959 749 Ἀτσὺριος,
3006 676 3106 746 τὴν
3140 675 3289 727 πόλιν
3315 673 3465 727 ἑλὼν
3494 675 3583 726 ἐπὶ
3612 674 3709 727 Μα-

2149 774 2345 843 νασσῆ,
2376 773 2471 843 τὴν
2532 772 2766 826 κιϐωτὶν
2819 767 3111 835 ἐξαγαγεῖν
3164 765 3402 831 ἔνδοθεν,
3434 766 3469 836 ἥ
3508 782 3591 829 τις
3625 765 3721 818 τῶν

2147 865 2427 923 δυσσεδῶν
2468 865 2756 933 βασιλέων.

2221 959 2498 1028 Χερεσίμ.
2532 953 2685 1021 Εἶδος
2713 954 2887 1008 ἔοικεν
2936 946 3077 1003 εἶναι
3124 951 3411 1020 μαντείας.
3465 950 3721 1020 Σννῆπται

2149 1051 2259 1121 γὰρ
2283 1052 2393 1112 τοῖς
2420 1045 2910 1117 ὲγγαστριμὺοοις,
2936 1043 3029 1095 καὶ
3047 1041 3160 1104 τοῖς
3182 1039 3485 1109 γνώσταις,
3509 1042 3603 1093 καὶ
3629 1044 3722 1102 τοῖς

2151 1143 2217 1197 Θε
2228 1143 2441 1214 ραιρείν.
2569 1205 2580 1213 ⁸

2223 1236 2332 1290 Καὶ
2358 1234 2698 1303 ἐθρήνησεν
2732 1233 3015 1303 Ἱερεμίας
3053 1234 3151 1287 ἐπὶ
3194 1228 3457 1285 Ἰωσίαν.
3492 1223 3726 1294 Τοσαύτη

2148 1323 2217 1397 ἦν
2247 1329 2279 1396 ἡ
2302 1326 2395 1380 τοῦ
2431 1327 2622 1398 ἀνδρὸς
2653 1327 2844 1398 ἀρετὴ,
2875 1329 2958 1380 ὅτι
2983 1328 3075 1379 καὶ
3108 1326 3197 1379 τὸν
3224 1324 3426 1395 Θρῆνον
3445 1324 3563 1383 τοῖς
3584 1319 3728 1390 ᾠδοῖς

2150 1420 2368 1486 δέδωκε,
2403 1421 2497 1472 καὶ
2542 1422 2663 1484 ταῖς
2702 1420 2981 1491 ᾀδούσαις,
3019 1418 3160 1472 ὥστε
3194 1416 3387 1472 τοῦτον
3436 1414 3588 1486 ᾅδειν
3620 1412 3728 1465 καθ’

2151 1512 2381 1565 ἕκαστον
2417 1512 2663 1564 ἐνιαυτὸν
2686 1550 2699 1574 ,
2738 1510 3126 1575 ἐπιτελοῦντας
3156 1511 3255 1582 τὴν
3294 1510 3549 1579 μνήμην.
3582 1505 3658 1557 Τὰ
3681 1504 3728 1556 δὲ

2153 1604 2293 1657 κατὰ
2343 1604 2468 1666 τοὺς
2505 1604 2727 1666 λοιποὺς
2769 1603 3025 1673 βασιλέας
3058 1606 3085 1659 ὁ
3132 1604 3423 1674 προφήτης
3473 1597 3729 1669 Ἱερεμίας

2152 1696 2240 1748 διὰ
2263 1695 2526 1749 πλειόνων
2562 1695 2821 1760 ἐδίδαξεν.
2858 1697 2980 1749 Ὀτι
3002 1694 3057 1748 δὲ
3089 1697 3123 1765 ἡ
3156 1692 3415 1766 παροῦσα
3450 1686 3730 1761 συγγραςὴ

463 1786 783 1846 praasentem
819 1778 1151 1844 historiam,
1206 1780 1389 1850 longis
1430 1789 1558 1849 post
1602 1781 1948 1850 temporibus
1979 1798 2042 1835 ex

2166 1786 2292 1840 ιετὰ
2350 1787 2603 1840 πλεῖστον
2655 1789 2849 1859 χρόνον
2885 1789 2949 1842 ὲκ
2992 1788 3103 1841 τῶν
3147 1784 3516 1857 προφητικῶν
3549 1782 3732 1853 βίϐλων

463 1874 798 1944 propheticis
850 1876 1075 1946 scriptis
1126 1892 1250 1932 esse
1296 1876 1624 1939 collectam,
1680 1876 1809 1930 hinc
1859 1884 2047 1946 patet,

461 1966 608 2036 quod
639 1966 789 2040 Cyri,
820 1978 873 2024 et
902 1970 1117 2025 reditus
1145 1969 1517 2039 captivorum,
1552 1969 1647 2039 qui
1694 1968 1873 2039 longis
1898 1977 2045 2023 retro

461 2062 678 2117 saeculis
711 2062 950 2129 luerunt,
985 2061 1319 2120 mentionem
1353 2062 1507 2119 facit.

2155 1879 2513 1943 συνείλεκται,
2540 1879 2699 1951 δῆλον
2732 1879 2792 1945 ἐξ
2811 1875 2885 1934 ὧν
2930 1881 3208 1952 μέμνηται
3257 1879 3473 1949 Κύρου,
3527 1877 3620 1930 καὶ
3647 1874 3733 1941 τῆς

2152 1972 2415 2026 ἐπανόδου
2465 1971 2571 2027 τῶν
2610 1973 2998 2045 αἰχμαλώτων,
3030 1976 3168 2045 μετὰ
3214 1973 3408 2044 χρόνον
3441 1968 3734 2040 γεγενημέί

2150 2079 2279 2119 νων.

479 2276 3731 2314 W

1807 2382 2387 2542 MONITUM

1197 2662 1275 2723 IN
1314 2658 1915 2723 COMMENTARIOS
1946 2657 2046 2716 AD
2083 2655 2523 2719 PROVERBIA
2560 2657 2656 2717 ET
2680 2655 3026 2719 CANTICA.

1551 2810 1712 2879 (Ang.
1740 2807 1894 2870 ΜΑΙ..
1924 2802 2102 2862 Class.
2155 2805 2313 2859 Auct.
2366 2815 2408 2860 t.
2437 2801 2531 2871 IX,
2560 2805 2642 2870 v.)

2071 2990 2144 3005 —

533 3140 794 3213 Procopii
825 3142 1004 3197 (ἔτιιωί
1051 3140 1315 3203 rhetoris,
1342 3140 1659 3196 Iustiniano
1697 3142 2007 3212 imperante
2039 3139 2196 3207 clari,
2232 3140 2409 3213 stylus
2448 3140 2699 3211 elegans,
2735 3136 3053 3195 Christiana
3104 3138 3301 3210 pietas,
3346 3140 3433 3195 vis
3468 3137 3730 3210 exegetica

465 3258 575 3296 non
609 3241 875 3311 vulgaris,
912 3239 993 3292 sie
1019 3254 1104 3293 me
1137 3236 1353 3307 jamdiu
1389 3237 1767 3302 delectarunt,
1801 3246 1860 3290 ut
1901 3236 2175 3308 quidquid
2210 3236 2278 3291 ab
2306 3251 2372 3291 eo
2406 3237 2678 3311 scriptum
2720 3235 2774 3289 in
2819 3236 3232 3306 exemplaribus
3283 3237 3495 3309 priscis
3546 3247 3728 3292 nactus

466 3348 613 3397 sum,
639 3331 690 3385 id
718 3331 1111 3403 dignissimum
1160 3331 1373 3386 honore
1408 3341 1663 3402 typorum
1706 3344 1925 3399 semper
1952 3328 2350 3398 judicaverim.
2388 3326 2578 3399 Itaque
2615 3340 2815 3398 praeter
2856 3343 2919 3383 ea
2982 3344 3101 3401 qua:
3156 3329 3210 3382 in
3244 3331 3628 3399 superioribus
3659 3338 3733 3384 to—

465 3429 571 3485 mis
603 3426 775 3493 edidi,
808 3443 958 3485 nuuc
984 3430 1109 3497 ejus
1145 3428 1587 3497 pulcherrimum
1618 3435 1671 3481 et
1705 3424 2253 3497 Χριστιανικώτατον
2292 3426 2359 3480 ad
2391 3425 2708 3482 Salomonis
2736 3425 3039 3482 Proverbia
3076 3428 3548 3483 commentarium
3570 3429 3732 3484 divul-

462 3542 596 3597 gare
625 3541 735 3581 non
763 3526 1038 3590 dubitavi,
1066 3540 1228 3596 quem
1255 3525 1309 3579 in
1343 3524 1537 3580 codice
1571 3522 1838 3579 Vaticano
1869 3531 2172 3585 servatum,
2206 3532 2260 3578 et
2304 3539 2472 3577 manu
2506 3521 2745 3577 Matthaei
2779 3523 2998 3577 Devarii
3047 3522 3224 3579 Grieci
3276 3522 3529 3580 hominis
3553 3538 3730 3579 emen-

465 3620 681 3683 datum,
718 3618 925 3675 vidisse
953 3636 1038 3675 me
1082 3627 1229 3673 recte
1264 3618 1652 3684 memineram,
1681 3629 1736 3673 et
1760 3618 1890 3672 huic
1921 3618 2243 3672 collectioni
2283 3618 2691 3686 locupletandae
2721 3618 3070 3672 addixeram.
3105 3616 3515 3686 Interpretandi
3551 3631 3727 3689 genus.

392 3731 400 3741 ·
466 3711 613 3780 quod
654 3711 959 3782 Proeupius
990 3713 1265 3781 sequitur,
1297 3711 1506 3765 morale
1535 3720 1620 3765 est
1660 3722 1713 3765 et
1758 3712 2081 3781 mysticum,
2117 3711 2282 3778 quale
2313 3711 2531 3766 scilicet
2574 3710 2835 3765 Ecclesiae
2872 3711 3066 3767 Patres
3102 3711 3172 3766 ab
3201 3713 3533 3781 apostolicis
3575 3724 3733 3780 usque

469 3808 815 3877 temporibus
839 3822 1059 3877 semper
1079 3807 1413 3862 adamarunt
1452 3826 1464 3862 :
1499 3821 1612 3877 quo
1640 3822 1809 3877 super
1840 3807 1929 3877 pio
1962 3815 2290 3875 argumento
2327 3807 2595 3873 przcclare
2622 3821 2735 3875 pra:
2758 3807 2978 3861 cieteris
3006 3806 3312 3877 disputavit
3336 3804 3605 3861 Nicolaus
3630 3807 3733 3857 An-

469 3901 710 3955 tonellus
743 3898 799 3954 in
844 3899 1173 3970 praefatione
1210 3899 1277 3954 ad
1317 3899 1779 3954 commentarium
1818 3901 1875 3953 S.
1911 3902 2200 3954 Athanasii
2239 3901 2293 3952 in
2321 3898 2595 3955 Psalmos.
2628 3898 2845 3969 Beapse
2880 3900 2969 3953 hic
3004 3908 3087 3955 est
3114 3901 3427 3971 praecipuus
3463 3912 3731 3957 sacrorum

470 3991 773 4047 Bibliorntn
811 3991 1055 4056 fructus,
1089 4009 1249 4062 quem
1279 3998 1395 4047 sola
1431 3993 1587 4047 rudis
1621 3995 1984 4063 gratnmatica
2019 4009 2302 4064 nunquam
2349 3994 2516 4064 parit.

540 4090 602 4143 Et
648 4092 701 4145 in
738 4092 840 4145 hoc
874 4090 1099 4160 quidem
1134 4089 1202 4143 ad
1234 4089 1539 4144 Proverbia
1579 4074 2008 4153 commentario,
2052 4106 2149 4145 ore
2185 4091 2524 4159 ingenioque
2550 4087 2777 4160 proprio
2814 4087 3123 4159 Procopius
3170 4090 3442 4159 loquitur.
3484 4087 3727 4147 Sedenim

464 4187 524 4236 et
547 4184 720 4238 altera
755 4184 889 4238 mihi
927 4183 1175 4238 occurrit
1218 4183 1272 4236 in
1308 4181 1602 4238 Vaticanis
1638 4182 1926 4238 codicibus
1956 4184 2212 4253 Procopii
2253 4182 2504 4253 ejusdem
2549 4183 2777 4238 nomine
2822 4183 3093 4253 inscripta
3136 4184 3483 4249 lucubratio,
3539 4183 3728 4237 scilicet

468 4277 785 4349 priscorum
822 4275 1048 4331 Patrum
1080 4276 1133 4329 in
1167 4274 1467 4329 Canticum
1510 4274 1824 4331 Salomonis
1866 4275 2096 4340 Catena,
2135 4291 2299 4347 quam
2338 4277 2457 4344 ipse
2505 4284 2722 4332 retento
2763 4276 3111 4346 singulorum
3160 4285 3450 4332 auctorum
3492 4286 3730 4334 sermone

470 4380 637 4441 atque
665 4370 1011 4435 nominibus,
1048 4371 1301 4441 sapiente
1335 4369 1552 4424 delectu
1586 4370 1897 4424 contexuit.
1945 4370 2153 4424 Horum
2189 4372 2292 4425 etsi
2339 4370 2563 4437 aliquos
2596 4371 2649 4423 in
2681 4370 2926 4439 propriis
2977 4383 3205 4438 Operum
3232 4370 3596 4437 editionihus,
3634 4380 3728 4422 non

470 4466 593 4517 sine
620 4466 792 4521 multa
829 4467 1124 4533 varietate,
1170 4466 1438 4539 legimus;
1472 4466 1568 4521 alii
1601 4476 1806 4529 tamen,
1849 4477 1905 4520 et
1936 4467 2159 4535 quidem
2189 4466 2444 4536 praeclari
2475 4474 2529 4520 ct
2566 4466 2784 4527 uberes,
2812 4468 2866 4520 in
2901 4466 3189 4536 impressis
3231 4465 3391 4521 libris
3426 4466 3727 4531 desideran-

475 4558 585 4627 tur.
617 4552 683 4606 Et
724 4556 949 4620 quidem
980 4573 1008 4609 a
1041 4558 1221 4629 magni
1250 4558 1512 4629 Origenis
1546 4556 1830 4628 hcxaplari
1859 4564 2016 4612 textu
2045 4558 2347 4611 varietates
2395 4573 2568 4613 novas
2604 4560 2965 4628 antiquarum
3003 4558 3308 4615 editionum
3347 4559 3725 4614 nanciscimur-

474 4640 622 4714 Ergo
656 4643 789 4698 utile
813 4645 1129 4703 existimavi
1156 4652 1438 4718 pretiosas
1467 4650 1570 4705 has
1596 4648 1822 4704 Patrum
1848 4647 2115 4729 reliquias
2145 4650 2198 4702 in
2225 4648 2488 4705 Ecclesiae
2514 4658 2822 4721 conspectu
2851 4668 3154 4722 exponere,
3179 4667 3494 4722 gravesque
3520 4663 3573 4707 et
3599 4648 3725 4719 opti-

477 4747 598 4788 mos
637 4733 827 4788 divino
863 4733 1093 4789 Cantico
1128 4738 1461 4808 interpretes
1491 4739 1771 4795 suscitare
1805 4728 2009 4805 :cujus
2046 4739 2270 4808 quidem
2318 4728 2598 4811 genuinus
2629 4750 2685 4795 et
2728 4742 2927 4799 unicus
2952 4759 3155 4799 sensus
3188 4744 3275 4800 his
3321 4741 3571 4815 Gregorii
3598 4741 3723 4813 Nys-

470 4830 592 4886 scui
622 4830 805 4885 verbis
838 4837 989 4885 totus
1020 4832 1356 4900 exprimitur
1399 4854 1415 4889 :
1451 4835 1539 4888 ’Ev
1587 4833 1952 4905 ὶπιθαλαμίου
2000 4852 2049 4905 τι

2166 4857 2191 4905 ρ
2215 4834 2316 4906 τὴν
2348 4836 2486 4907 πρὸς
2511 4836 2573 4890 τὸ
2615 4829 2772 4893 Θεῑον
2802 4839 3107 4910 ἀνάκρααιν
3134 4841 3235 4909 τῆς
3263 4841 3613 4915 ἀνθρωπίνης
3646 4836 3721 4900 ἱξ-

474 4927 695 4998 ηγείται
727 4924 929 4998 ψυχῆς·
958 4924 1071 4981 Sub
1113 4929 1452 4994 epithalamii
1480 4930 1647 4998 specie
1671 4928 2097 4997 conjunctionem
2120 4928 2367 4985 humana:
2402 4932 2599 4986 animm
2616 4948 2736 4985 cum
2772 4932 2880 4988 Deo
2912 4946 3099 4991 auctor
3132 4936 3406 4990 describit.
3428 4935 3583 4992 Nilus
3600 4947 3723 5004 (ιω)⁸

468 5037 584 5093 que
620 5022 908 5093 eleganter
957 5033 1012 5077 et
1062 5039 1187 5078 vere
1222 5022 1539 5080 Salomonis
1581 5024 1853 5080 Canticon
1907 5024 2282 5080 ornatissima?
2312 5036 2582 5082 matrona:
2615 5028 2913 5091 assimilat,
2968 5032 3131 5101 cujus
3184 5033 3409 5101 quidem
3455 5028 3723 5087 muliebris

478 5114 719 5171 mundus
752 5116 1135 5185 imprudentes
1160 5128 1504 5189 spectatores
1537 5120 1777 5175 fortasse
1803 5122 2079 5190 percellit,
2110 5136 2231 5177 mos
2258 5131 2441 5177 tamen
2465 5123 2716 5192 ejusdem
2752 5125 3013 5181 latuiliari
3042 5128 3449 5183 consuetudine
3468 5129 3720 5198 cognitus.

470 5217 531 5263 et
559 5209 736 5262 latens
770 5210 823 5262 in
869 5211 1054 5265 animo
1087 5211 1378 5281 pudicitia,
1409 5212 1570 5282 longe
1604 5215 1767 5267 aliam
1803 5216 1883 5269 rei
1924 5223 2185 5269 naturam
2217 5231 2342 5271 esse
2366 5217 2744 5274 demonstrat.
2783 5219 2883 5276 llic
2911 5230 2997 5277 est
3029 5222 3389 5280 Christianus
3411 5222 3583 5277 divini
3614 5217 3717 5274 libri

472 5317 717 5369 sensus;
754 5320 922 5374 quem
956 5303 1277 5361 Jndteorum
1321 5323 1545 5379 quoque
1582 5310 1860 5380 sapientes
1898 5310 2274 5367 indubitanter
2298 5312 2560 5380 fatentur,
2595 5314 2738 5371 duce
2771 5319 3717 5389 prmsertimEben-Esra.Quivera.

474 5398 788 5468 praesertim
814 5414 878 5453 ex
913 5401 1351 5470 recentioribus,
1401 5402 1563 5457 aliter
1605 5404 1873 5483 sentiunt,
1907 5403 1961 5457 hi
1992 5405 2189 5473 partim
2231 5402 2379 5458 inani
2406 5404 2620 5477 abrepti
2671 5409 3004 5468 curiositate
3040 5425 3334 5485 vagantur,
3373 5416 3570 5485 partim
3607 5418 3718 5467 vero

475 5493 761 5566 impietate
794 5496 1048 5551 subversi
1083 5498 1137 5552 in
1170 5512 1412 5569 praeceps
1440 5504 1635 5552 ruunt.
2062 5503 2083 5515 ’
