3960 6230
306 292 439 363 1221

300 436 358 448 -
387 436 490 450 --r.-.

938 535 1884 705 ΠΡΟΚΟΠΙΟΥ

1337 300 1870 361 COMMENTARII
1913 302 1992 362 ΙΝ
2037 305 2488 368 PROVERBIA.

481 432 3477 462 ww

3420 317 3559 385 1222

1993 589 2922 711 ΧΡΙΣΤΙΑΝΟΥ

1632 807 2198 899 ΕΡΜΗΝΕΙΑ

1527 991 1639 1046 ΕιΣ
1716 993 1852 1046 TA}:
1913 977 2316 1055 ΠΑΡοΙΜιΑΣξ.

1105 1322 1718 1444 PROCOPI
1734 1331 1778 1444 Ι
1859 1331 2703 1453 CHRISTIANI

1007 1563 1859 1661 COMMENTARII
1942 1571 2068 1662 IN
2125 1570 2810 1669 PROVERBIA

700 2071 1098 2126 ΚΕΦΑΛΛΙΟΝ
1129 2072 1428 2126 ΠΡΩΤΟΝ.
1899 2078 1950 2137 Α

359 2161 570 2216 Σκοπὸν
614 2161 756 2232 ἔχων
789 2161 1075 2231 Σαλομὼν,
1133 2163 1228 2215 τὸν
1261 2162 1427 2216 πόθον
1467 2162 1628 2232 ἡμῶν
1654 2166 1875 2235 κινῆσαι

293 2252 430 2322 πρὸς
460 2253 521 2305 τὸ
549 2253 832 2324 ἄφραστον
867 2254 1062 2317 κάλλος
1093 2254 1188 2306 τοῦ
1240 2253 1388 2306 θείου
1418 2255 1876 2324 χαρακτῆρος,·ὄς

289 2347 438 2400 ἐστιν
485 2346 512 2398 ό
559 2345 656 2399 τοῦ
699 2345 834 2399 Θεοῦ
890 2347 986 2401 καὶ
1033 2346 1246 2416 Πατρὸς
1305 2348 1599 2417 μονογενὴς
1627 2347 1753 2410 Υἱὸς
1782 2347 1876 2402 καὶ

290 2437 484 2505 Λόγος,
533 2439 566 2509 ὴ
610 2439 977 2502 ἐνυπόστατος
1001 2438 1167 2492 αὑτοῦ
1213 2437 1444 2508 δύναμις
1485 2439 1582 2492 καὶ¹
1628 2439 1874 2511 σοφία,ἠ

288 2528 375 2584 διὰ
400 2528 510 2582 τῶν
545 2531 889 2600 φαινομένων
913 2530 989 2594 ὡς
1024 2530 1113 2582 διὰ
1164 2529 1450 2601 συμϐόλων
1475 2531 1872 2603 κηρυττομένη,

291 2620 603 2690 ὑπογράφει
625 2636 684 2672 τε
711 2618 1100 2690 παροιμιωδῶς
1135 2618 1234 2680 τὰς
1265 2618 1490 2688 χάριτας
1526 2618 1719 2688 αὐτῆς,
1751 2620 1874 2672 ἐπι-

291 2710 578 2783 σπώμενος
604 2711 983 2781 είσαγωγικῶς
1020 2713 1158 2782 πρὸς
1187 2710 1279 2764 τὸν
1316 2712 1485 2774 ὅντως
1518 2711 1752 2782 ἐραστὴν
1776 2711 1874 2782 τὴν

287 2799 478 2873 ἔφεσιν
501 2801 597 2856 τοῦ
630 2801 710 2855 ἔτι
734 2801 835 2873 τὴν
874 2801 1016 2856 κατά
1041 2801 1218 2874 ψυχὴν
1248 2802 1464 2873 ἠλικίαν
1491 2800 1871 2873 νηπιὰζοντος,

286 2892 383 2949 διὰ
424 2893 535 2946 τῶν
582 2895 716 2962 ἡμῖν
759 2892 1024 2946 ποθεινῶν
1065 2896 1124 2946 ἐν
1173 2893 1422 2964 αἰσθήσει
1466 2895 1736 2965 τερπνῶν,
1778 2895 1874 2948 καὶ⁸

286 2985 496 3058 ἠθικῶς
543 2985 812 3052 παιδεύει,
871 2986 1060 3040 παθῶν
1107 2985 1604 3057 ἐπανορθούμενος,
1661 2987 1758 3039 καὶ
1804 2986 1874 3038 τὰ

289 3079 540 3150 πρακτέα
567 3078 865 3145 ὑποτιθεὶς,
897 3078 990 3132 καί
1031 3093 1196 3148 φησιν
1221 3077 1296 3140 ὡς
1336 3079 1393 3130 ἐν
1423 3079 1729 3149 ἐπιγραφῇ·

359 3254 429 3312 α’.
460 3256 771 3325 Παροιμίαι
817 3253 1206 3324 Σολομῶντος
1245 3255 1380 3310 υἱοῦ
1407 3256 1606 3323 Δαὸὶδ,
1638 3256 1706 3322 ὃς
1737 3256 1873 3310 ἐϐα-

287 3347 581 3403 σίλευσεν
613 3348 686 3402 ἐν
725 3346 1134 3418 Ἰερουσαλήμ.
1177 3349 1340 3415 Λόγοι
1373 3347 1525 3419 παρὰ
1565 3351 1746 3402 πᾶσαν
1771 3351 1870 3420 τὴν

287 3442 404 3498 ὁδὸν
429 3443 528 3512 τῆς
563 3441 848 3512 παρούσης
895 3441 1045 3510 ζωῆς
1095 3441 1544 3512 χρησιμεύοντες,
1601 3443 1663 3496 οὐ
1711 3445 1870 3514 μόνον
1904 3429 1944 3483 Β

285 3532 361 3598 ὡς
393 3535 453 3588 τὸ
488 3531 620 3605 ἦθος
649 3534 807 3604 ἡμῶν
837 3534 972 3604 πρὸς
998 3533 1058 3587 τὸ
1087 3535 1291 3599 ἀγαυὸν
1323 3535 1698 3606 ῥυθμίζοντες,
1734 3536 1872 3590 ἀλλά

288 3627 381 3681 καὶ
410 3625 484 3690 ὡς
521 3627 806 3695 ἐνάγοντες
839 3628 987 3696 ἡμᾶς
1029 3626 1167 3696 πρὸς
1198 3627 1299 3696 τὴν
1329 3627 1385 3679 ἐν
1411 3629 1678 3697 πνεύματι
1712 3646 1871 3698 φυσι-

288 3717 388 3789 κὴν
415 3717 650 3788 θεωρίαν
684 3719 793 3771 τῶν
833 3719 1000 3772 ὄντων
1023 3735 1036 3748 ·
1064 3713 1138 3773 ὧν
1168 3722 1287 3783 ταῖς
1317 3721 1681 3788 ἐπιφανείαις,
1709 3721 1784 3783 ὡς
1814 3722 1870 3773 ἐν

286 3812 577 3884 ἐσόπτροις
616 3813 709 3866 καὶ
758 3813 1068 3883 αἰνίγμασι,
1123 3814 1192 3866 τά
1223 3813 1318 3866 τοῦ
1362 3813 1498 3865 Θεοῦ
1533 3811 1871 3885 ἱστοροῦνται

286 3903 593 3976 θελήματα,
627 3905 703 3970 ὡς
735 3904 885 3974 λόγοι
916 3905 1022 3958 τῶν
1059 3905 1252 3966 ὄντων,
1293 3905 1415 3958 καθ’
1457 3903 1548 3968 οὓς
1579 3905 1649 3958 τὰ
1693 3907 1872 3959 πάντα

284 3995 580 4065 γεγόνασιν
614 4011 630 4026 ο
684 4014 702 4047 t
729 3996 810 4049 Τὰ
853 3996 980 4067 γάρ.
1010 3996 1220 4066 ἀόρατα
1268 3995 1434 4048 αὑτοῦ
1484 3997 1591 4048 ἀπὸ
1640 3997 1870 4059 κτίσεως

289 4087 515 4156 κόσμου,
569 4091 683 4151 τοῖς
718 4089 988 4159 ποιήμασι
1021 4089 1308 4160 νοούμενα,
1359 4089 1659 4161 καθορᾶται
1687 4107 1733 4143 ἰ
1779 4086 1869 4144 οἷα

285 4179 396 4233 τῶν
430 4179 689 4233 τοιούτων
721 4180 917 4249 λόγων,
953 4181 1139 4252 ἕτερον
1192 4183 1290 4251 μὲν
1330 4183 1471 4237 κατά
1505 4185 1564 4238 τὸ
1605 4185 1870 4255 φαινόμε-

285 4290 398 4336 νον,
444 4273 633 4343 ἕτερον
689 4274 746 4327 δὲ
775 4275 919 4330 κατά
965 4276 1026 4329 τὸ
1057 4276 1344 4348 νοούμενον
1376 4278 1830 4347 ἀπαγγελλόντων
1851 4296 1864 4309 ·

285 4364 399 4418 εἰσὶ
425 4365 478 4419 δὲ
527 4359 672 4420 οὗτοι
709 4368 760 4421 οἱ
786 4366 935 4436 λόγοι
981 4368 1074 4422 τοῦ
1116 4369 1181 4422 δι’
1237 4369 1418 4424 αὐτῶν
1466 4371 1870 4442 ἐπιχειροῦντος

286 4454 591 4528 εἰρηνεύειν
623 4457 769 4527 ἡμᾶς
803 4457 940 4529 πρός
965 4474 1023 4510 τε
1058 4459 1282 4521 ἐαυτοῦς
1331 4460 1423 4512 καὶ
1461 4461 1728 4529 ἀγγέλους
1776 4462 1870 4514 καὶ

285 4547 381 4602 τὸν
426 4548 585 4614 Θεὸν,
631 4549 980 4620 Σολομῶντος
1014 4550 1359 4621 (εἰρηνικὸς
1393 4553 1500 4622 γὰρ
1547 4555 1574 4605 ό
1616 4552 1868 4624 Σολομὼν

285 4641 698 4713 ἑρμηνεύεται),
714 4641 971 4706 λαϐόντος
996 4645 1148 4714 παρά
1170 4644 1304 4696 Θεοῦ
1331 4646 1522 4711 σοφίαν
1542 4645 1635 4697 καὶ
1661 4646 1866 4716 φρόνη-

289 4751 393 4797 σιν,
431 4735 525 4790 καὶ
556 4735 706 4800 ὄντος
735 4733 855 4788 υἱοῦ
889 4734 1072 4799 Δαδὶδ,
1118 4734 1214 4788 τοῦ
1267 4739 1324 4790 ἐν
1359 4737 1720 4808 Ἰερουσαλὴμ
1771 4737 1865 4808 βα·
1897 4774 1937 4831 C

286 4823 635 4890 σιλεύσαντος
660 4844 674 4858 ·
715 4826 1042 4898 ἐξετέθησαν
1065 4826 1110 4880 δ’
1156 4822 1300 4882 οὗτοι
1343 4829 1476 4898 παρ’
1507 4828 1697 4893 αὐτοῦ,
1726 4827 1867 4883 ὥστε

281 4917 381 4972 τὸν
404 4917 629 4982 τούτους
666 4919 1026 4988 μανθάνοντα,

361 5010 427 5080 β’.
481 5009 718 5066 Γνῶναι
760 5011 1009 5080 σοφίαν,
1064 5009 1166 5063 καὶ
1207 5009 1503 5073 παιδείαν,
1547 5007 1770 5078 νοῆσαί
1813 5028 1876 5064 τε

287 5107 512 5174 λόγους
556 5104 928 5174 φρονήσεως.
988 5102 1316 5171 Ἐπιγνῶναι
1381 5102 1575 5172 σοφίαν
1620 5121 1700 5168 τε,
1756 5103 1876 5174 ἥτις

288 5194 438 5248 ἐστὶν
468 5196 746 5265 ἐπιστήμη
799 5193 960 5247 θείων
991 5211 1050 5246 τε
1091 5195 1184 5247 καὶ
1229 5192 1589 5263 ἀνθρωπίνων
1614 5195 1875 5263 πραγμά-

287 5303 436 5342 των⁶
481 5290 576 5342 καὶ
604 5287 877 5352 παιδείαν,
931 5289 1057 5359 ἥτις
1090 5287 1236 5340 ἐστὶν
1297 5286 1572 5356 ὠφέλιμος
1616 5289 1682 5357 τῇ
1727 5286 1872 5358 ψυχῇ

289 5377 503 5448 ἀγωγὴ,
539 5377 814 5439 ἐπιπόνως
843 5377 1105 5440 πολλάκις
1131 5376 1240 5430 τῶν
1274 5377 1381 5430 ἀπὸ
1408 5378 1610 5441 κακίας
1639 5376 1874 5447 κηλίδων

289 5465 463 5540 αὐτὴν
486 5468 909 5539 ἐκκαθαίρουσα·
947 5468 1042 5522 ml.
1076 5469 1408 5524 καταλαϐεῖν
1439 5470 1632 5539 λόγους
1663 5470 1725 5523 τὺ
1752 5487 1874 5523 συν-

259 5556 264 5562 ’
289 5563 434 5614 οἰσον
462 5559 906 5628 ὑποτιθεμένους.

357 5659 427 5721 γ’.
456 5651 751 5716 Δέξασθαι
774 5669 839 5706 τε
858 5653 1124 5722 στροφὰς
1151 5653 1346 5724 λόγων
1395 5654 1492 5708 καί
1555 5655 1768 5722 λύσεις
1801 5658 1892 5710 al-

362 5795 381 5826 ί
416 5793 574 5849 Rom.
610 5809 650 5862 ι,
681 5792 774 5851 20.

2465 2075 2695 2131 CAPUT
2732 2075 3024 2133 PRIMUM.

2049 2163 2184 2217 Cum
2221 2165 2275 2218 in
2319 2166 2504 2220 animo
2541 2178 2688 2222 esset
2716 2169 3022 2237 Salomoni,
3059 2179 3308 2227 nostrum
3341 2174 3559 2230 deside-

1979 2255 2123 2308 rium
2156 2270 2378 2310 movere
2409 2257 2472 2310 ad
2503 2257 2928 2312 inenarrabilem
2963 2261 3438 2330 pulchritudinem
3476 2265 3560 2319 di-

1980 2347 2088 2399 vini
2126 2346 2263 2417 typi,
2308 2348 2399 2417 qui
2445 2357 2530 2402 est
2555 2347 2652 2402 Dei
2687 2365 2748 2403 ac
2790 2350 2973 2406 Patris
3005 2355 3347 2424 -unigenitus
3387 2357 3558 2410 Filius

1977 2441 2033 2488 et
2063 2432 2333 2500 Verbum,
2368 2436 2520 2488 illius
2564 2452 2664 2506 per
2695 2453 2753 2491 se
2776 2438 3069 2495 existenlis
3097 2441 3368 2498 fortitudo
3388 2451 3441 2497 et
3479 2458 3562 2497 sa-

1976 2526 2204 2594 pientia,
2248 2541 2373 2595 qua;
2425 2528 2594 2582 rebus
2635 2529 2947 2585 visibilibus
2989 2539 3250 2601 tanquam
3294 2535 3558 2604 symbolis

1977 2619 2367 2684 annuntiatur,
2398 2632 2692 2674 enumerat
2726 2622 2888 2676 modo
2925 2625 3259 2692 proverbiali
3293 2636 3558 2687 venusta—

1979 2719 2060 2765 tes
2121 2710 2266 2780 ejus,
2323 2727 2420 2781 per
2470 2714 2690 2767 modum
2730 2715 3182 2785 introductionis,
3224 2719 3557 2773 desiderium

1975 2800 2098 2870 ejus
2129 2802 2223 2871 qui
2258 2804 2441 2858 adhuc
2482 2807 2788 2860 secundum
2827 2809 3137 2862 animamin
3164 2812 3398 2877 pueritia
3430 2827 3558 2865 ver-

1977 2900 2160 2958 satur,
2204 2893 2272 2946 ad
2304 2910 2490 2948 verum
2518 2907 2824 2949 amatorem
2855 2899 3105 2965 trahens,
3128 2903 3428 2970 propositis
3462 2919 3560 2956 no-

1974 2983 2060 3036 bis
2088 2983 2466 3054 intelligentiae
2493 2987 2750 3053 optandis
2779 2987 3028 3055 gaudiis;
3062 2990 3350 3045 allluenter
3376 2991 3559 3055 docet.

1976 3075 2152 3129 malos
2201 3076 2492 3146 corrigens
2552 3092 2758 3144 mores,
2799 3085 2853 3132 et
2895 3078 3106 3147 agenda
3155 3096 3462 3150 exponens,
3503 3091 3558 3137 et

1975 3163 2223 3232 loquitur
2241 3166 2372 3218 utin
2403 3165 2765 3236 inscriptione
2800 3186 2812 3220 :

2044 3254 2212 3310 Vens.
2242 3257 2292 3310 1.
2323 3255 2608 3312 Parabalw
2641 3257 2951 3314 Salomonis
2989 3261 3096 3329 ﬁlii
3127 3261 3318 3327 David,
3356 3264 3448 3331 qui
3471 3280 3558 3317 re-

1974 3349 2152 3417 gnavit
2205 3348 2260 3400 in
2313 3346 2638 3402 Jerusalem.
2694 3347 2897 3412 Verba,
2941 3366 3041 3420 pro
3097 3359 3214 3405 toto
3272 3353 3558 3420 praesentis

1975 3442 2096 3493 vita:
2120 3439 2401 3493 curriculo
2430 3440 2607 3504 utilia,
2639 3455 2748 3494 non
2781 3441 2962 3495 solum
2997 3443 3124 3509 quia
3150 3452 3406 3496 naturam
3458 3459 3552 3497 nou

1976 3540 2147 3585 stram
2173 3530 2241 3584 ad
2267 3531 2474 3584 bonum
2508 3541 2699 3602 agunt,
2731 3531 2826 3587 sed
2855 3533 3021 3587 etiam
3063 3535 3192 3602 quia
3231 3549 3333 3588 nos
3367 3534 3433 3588 ad
3461 3551 3553 3588 na-

1973 3621 2210 3674 turalem
2274 3622 2573 3676 veritatum
2641 3623 2697 3676 in
2741 3624 2942 3692 spiritu
3035 3626 3555 3694 contemplationem

1974 3718 2302 3773 conducunt
2337 3736 2350 3772 :
2383 3736 2620 3790 quarum
2669 3719 3240 3785 manifestationibus,
3290 3728 3552 3789 tanquam

1976 3807 2030 3861 in
2075 3810 2322 3876 speculis
2361 3818 2416 3864 et
2464 3809 2877 3878 :enigmatibus,
2929 3809 3024 3864 Dei
3062 3811 3421 3865 innotescunt
3457 3827 3555 3867 vo-

1973 3899 2222 3956 luntates
2261 3908 2321 3954 ut
2360 3901 2609 3956 rationes
2642 3917 2849 3967 rerum,
2904 3903 3213 3956 secundum
3251 3919 3389 3974 quas
3435 3920 3556 3959 om-

1972 3992 2064 4046 nia
2097 3991 2244 4045 facta
2276 4001 2406 4046 sunt
2441 4010 2454 4045 :
2493 4011 2511 4044 ι
2554 3993 2861 4047 lnvisibilia
2883 3995 3033 4047 enim
3073 3993 3164 4049 Dei
3200 4010 3230 4048 a
3272 3999 3555 4052 creatione

1972 4081 2188 4146 mundi,
2240 4083 2508 4152 operibus
2561 4085 2846 4140 intellecta
2895 4085 3346 4142 declarantur‘:
3389 4108 3408 4145 ›
3456 4106 3555 4160 per

1973 4176 2089 4229 haec
2124 4175 2319 4239 verba,
2351 4192 2501 4231 nunc
2534 4177 2683 4231 aliud
2724 4193 2793 4232 ex
2835 4193 2903 4233 eo
2945 4179 3094 4248 quod
3135 4179 3272 4235 foris
3301 4190 3550 4251 apparet,

1972 4283 2118 4323 nunc
2145 4269 2296 4323 aliud
2329 4285 2395 4323 ex
2430 4284 2495 4324 eo
2520 4271 2663 4339 quod
2697 4271 3065 4340 intelligentia
3107 4273 3343 4342 capitur,
3374 4276 3551 4330 deter-

1973 4361 2236 4414 minatur.
2273 4359 2413 4415 Ecce
2443 4376 2574 4432 ergo
2612 4363 2804 4425 verba,
2854 4363 3060 4432 quibus
3091 4374 3325 4419 conatur
3359 4381 3457 4421 nos
3486 4367 3554 4420 ad

1971 4465 2159 4519 pacem
2193 4459 2246 4504 et
2290 4467 2416 4506 cum
2460 4453 2878 4523 nobismetipsis
2908 4495 2923 4520 ,
2979 4461 3032 4508 et
3077 4469 3202 4508 cum
3232 4457 3468 4526 angelis.
3500 4471 3554 4514 et

1971 4556 2097 4596 cum
2151 4539 2258 4596 Deo
2308 4541 2604 4609 adducere,
2636 4544 2894 4598 Salomon
2934 4543 3226 4615 (Paciﬁcas
3270 4548 3417 4602 enim
3451 4547 3554 4606 Sa-

1973 4633 2156 4689 lomon
2183 4635 2631 4707 interpretatur),
2662 4636 2755 4706 qui
2782 4638 2998 4706 accepit
3025 4652 3054 4689 a
3083 4636 3192 4693 Deo
3211 4640 3550 4711 sapientiam

1971 4734 2025 4780 et
2053 4726 2424 4795 prudentiam,
2476 4725 2878 4798 fuitque-[ilius
2938 4731 3136 4795 David,
3164 4733 3261 4801 qui
3306 4737 3556 4804 regnavit

1972 4819 2028 4873 in
2055 4818 2362 4875 Jerusalem
2393 4837 2407 4874 :
2441 4836 2563 4891 qua:
2595 4823 2865 4892 explicata
2901 4823 3056 4880 luere
3077 4825 3148 4880 ab
3169 4841 3256 4891 eo,
3291 4835 3552 4897 tanquam

1972 4928 2068 4969 θοις
2103 4913 2360 4979 docente,

2045 5008 2216 5063 Vens.
2239 5008 2294 5062 2.
2328 5008 2429 5060 Ad.
2451 5009 2724 5063 sciendum
2753 5011 3078 5080 sapientiam
3109 5020 3160 5064 et
3184 5011 3552 5079 disciplinam,

1977 5101 2044 5153 ad
2089 5101 2434 5171 intelligenda
2464 5101 2620 5156 verba
2647 5101 2970 5171 prudentiae.
3005 5103 3085 5156 Ad
3111 5103 3552 5172 cognoscendam

1976 5193 2328 5260 sapientiam,
2384 5208 2506 5262 quae
2571 5200 2656 5248 est
2704 5194 3018 5246 divinarum
3078 5193 3555 5274 humanarumque

1976 5300 2160 5339 rerum
2219 5285 2596 5339 scicntiaz—
2649 5283 3027 5352 disciplinam,
3085 5298 3210 5351 qua:
3263 5294 3343 5340 est
3402 5286 3557 5341 utilis

1975 5381 2175 5434 anima:
2212 5380 2514 5446 institutio,
2551 5380 2703 5434 illam
2749 5395 2873 5434 cum
2903 5379 3079 5434 multo
3107 5395 3250 5450 saepe
3293 5380 3480 5438 labore
3523 5398 3556 5439 a
3592 5405 3600 5416 ·

1973 5472 2211 5526 maculis
2250 5471 2512 5526 vitiorum
2575 5471 2916 5540 puriﬁcans;
2965 5500 3034 5512 —
3078 5473 3148 5528 ad
3199 5472 3553 5546 intelligenda

1977 5563 2164 5628 verba,
2200 5579 2324 5633 qua:
2361 5564 2752 5618 convenientia
2789 5566 3047 5620 doceant.
3122 5626 3126 5632 _

2071 5658 2239 5717 Vsus.
2286 5661 2339 5714 5.
2402 5662 2485 5716 Ad
2527 5663 2920 5731 suscipiendum
2975 5667 3250 5723 verborum
3301 5669 3556 5731 rationes,
