3960 6230
465 230 610 298 i233

1794 230 2149 292 PROCOPII
2182 230 2426 293 GAZAZI

3626 223 3753 290 125‘s

462 356 512 400 et
561 344 910 415 aznigmatum
953 340 1246 396 solutiones
1276 381 1290 405 ,
1356 338 1425 391 ad
1486 339 1890 408 intelligendam
1955 358 2078 406 υειη

2180 346 2464 414 νιγμάτων,
2531 342 2757 411 νοῆσαί
2803 358 2869 396 τε
2920 342 3320 412 δικαιοσύνην
3366 322 3608 409 ἀληθῆ,
3662 340 3755 394 καὶ

467 455 583 492 ram
631 437 933 507 justitiam,
978 442 1029 488 et
1065 430 1444 503 corrigendum
1490 431 1781 500 judicium.
1819 431 1888 486 Ut
1913 447 2048 488 con-

469 531 709 603 cipiatur
742 538 796 586 et
845 529 1056 585 sciatur
1085 526 1289 597 quibus
1332 524 1514 579 modis
1544 524 1658 578 haec
1695 525 1863 579 verba
1893 540 1920 577 a
1957 539 2051 578 vo-

470 624 692 678 luntate
733 619 1038 676 secundum
1072 617 1452 687 operationem
1483 613 1825 670 descendant
1857 615 1924 669 ad
1968 615 2053 669 in-

472 716 860 787 telligentiam,
892 720 947 769 et
972 711 1220 767 vicissim
1249 710 1319 765 ab
1343 710 1703 779 intelligentia
1744 708 2050 764 secundum

472 806 760 862 scientiam
797 810 1028 873 surgant
1054 800 1122 855 ad
1149 801 1488 856 voluntatem
1515 816 1527 851 :
1583 807 1643 854 ut
1666 799 1816 854 falsae
1842 798 2057 855 Judaeu-

474 909 592 949 rum
638 892 895 963 justitize,
926 906 1051 961 quas
1092 890 1475 961 singularibus
1504 889 1842 944 describitur
1861 889 2054 960 signis,

473 1003 582 1042 non
616 986 1023 1056 acquiescant;
1064 983 1157 1039 sed
1201 990 1260 1038 ut
1292 982 1604 1047 addiscant,
1649 980 1737 1037 bis
1776 982 2058 1052 parabolis

472 1080 885 1134 manifestatam
924 1092 1111 1132 veram
1133 1076 1430 1147 justitiam,
1464 1089 1607 1145 quae,
1632 1073 1850 1142 judicio
1883 1086 2057 1139 recto,

476 1170 780 1239 unicuique
805 1169 975 1223 trium
1005 1169 1200 1221 anima:
1226 1168 1626 1238 potentiarum,
1648 1164 1798 1235 quod
1833 1163 1912 1219 illi
1932 1180 2064 1219 con-

471 1264 647 1328 venit,
675 1262 871 1317 reddat
938 1261 1108 1332 (quod
1149 1269 1235 1315 est
1268 1259 1464 1314 modus
1508 1259 1789 1313 tribuendi
1859 1273 2062 1313 secun-

473 1355 604 1410 dum
659 1354 1052 1425 dignitatem),
1108 1362 1169 1407 ut
1210 1353 1319 1407 tale
1366 1351 1636 1421 judicium
1686 1352 1753 1405 ad
1801 1353 2062 1406 virtutem

476 1448 775 1518 dirigatur,
810 1447 874 1500 ad
908 1446 1242 1515 cupiditates
1284 1460 1407 1514 quae
1459 1444 1543 1498 vel
1609 1459 1677 1499 ex
1716 1444 1932 1500 deiectu
1979 1445 2066 1500 vel

478 1556 545 1594 ex
586 1555 818 1595 excessu
866 1539 1089 1593 virtutis
1135 1538 1417 1604 oriuntur,
1458 1536 1513 1590 in
1546 1537 1707 1606 praxi
1757 1536 2067 1592 nondecli-

478 1631 689 1684 nando.

2150 436 2327 505 κρῖμα
2356 436 2766 490 κατευθύνειν.
2811 434 3202 501 ’Υποδέξασθαί
3250 452 3312 488 τε
3372 435 3480 489 καὶ
3514 434 3756 504 χωρῆσαι

2151 528 2251 592 τὰς
2276 528 2488 582 τούτων
2513 528 2622 581 ἀπὸ
2651 526 2773 591 νοὸς
2817 527 2941 582 κατ’
2984 528 3265 599 ἐνέργειαν
3300 525 3759 593 συγκαταδάσεις

2155 622 2236 685 είς
2283 620 2575 691 αἴσθησιν*
2635 620 2729 673 κα)⁴
2784 618 2942 682 αὖθις
2983 618 3081 682 τὰς
3127 619 3233 672 ἀπὸ
3273 616 3613 688 αἰσθήσεως
3648 616 3756 671 κατ’

2156 714 2471 785 ἐπιστήμην
2506 711 2801 781 ἀναγωγὰς
2851 712 2990 782 πρὸς
3024 709 3171 778 νοῦν,
3211 712 3303 765 καὶ
3343 712 3432 781 μὴ
3480 713 3553 780 τῇ
3586 711 3768 778 ψευδεῖ

2156 804 2472 877 δικαιοσύνῃ
2508 803 2817 867 Ἰουδαϊκῶς
2844 802 3151 872 ἀρκεῖσθαι,
3183 804 3216 873 ἢ
3256 803 3461 872 μόνοις
3498 800 3761 870 περιγρά-

2160 916 2321 970 φεται
2345 900 2458 961 τοῖς
2499 896 2811 967 συμϐόλοις,
2868 895 3005 950 ἀλλὰ
3053 895 3244 967 μαθεῖν
3272 895 3384 965 τὴν
3428 894 3531 946 διὰ
3565 894 3760 946 τούτων

2159 990 2497 1061 δηλουμένην
2547 989 2726 1061 ἀληθῆ
2770 988 3138 1057 δικαιοσύνην,
3174 986 3274 1058 τὴν
3309 986 3387 1038 δι’
3442 983 3625 1057 ὀρθῆς
3658 983 3765 1055 κρί-

2165 1098 2303 1144 σεως
2347 1080 2765 1153 ἀποκληροῧσαν
2808 1080 3016 1152 ἑκάστῃ
3051 1080 3162 1132 τῶν
3213 1078 3396 1149 τριῶν
3442 1078 3552 1146 τῆς
3597 1075 3766 1145 ψυχῆς

2163 1173 2465 1242 δυνάμεων,
2494 1173 2551 1226 τὸ
2584 1174 2896 1244 πρόσφορον
2919 1186 2934 1201 ·
2996 1171 3120 1242 ἥτις
3152 1171 3300 1224 ἐστὶν
3326 1168 3457 1234 ἕξις
3488 1169 3767 1236 ἀπονεμη·

2172 1268 2300 1339 τικὴ
2334 1267 2429 1320 τοῦ
2455 1262 2575 1321 ms"
2607 1266 2765 1331 ἀξίαν
2797 1285 2811 1299 ο
2844 1266 2940 1320 καὶ
2968 1266 3068 1337 τὴν
3092 1264 3358 1334 τοιαύτην
3385 1261 3587 1331 κρίσιν
3611 1262 3768 1314 ἀπευ-

2168 1360 2347 1414 θύνειν
2397 1361 2532 1431 πρὸς
2586 1359 2806 1431 ἀρετὴν,
2859 1359 2950 1414 διὰ
3007 1359 3264 1429 πράξεως
3327 1353 3767 1426 ἅπαρεγκλήτου

2168 1456 2306 1525 πρὸς
2338 1453 2406 1508 τὰ
2457 1454 2579 1507 κατ’
2628 1452 2865 1523 ἔλλειψιν
2912 1451 3014 1522 τῆς
3058 1449 3262 1520 ἀρετῆς
3301 1447 3409 1502 καὶ
3465 1443 3766 1531 ὑπερὸολὴν

2169 1546 2342 1617 πάθη.

553 1721 716 1778 Vens.
761 1722 814 1776 4.
847 1720 910 1775 Ut
946 1722 1065 1774 dem
1114 1720 1485 1793 innocentibus
1521 1720 1828 1783 astutiam;
1880 1719 2067 1772 adole-

2243 1725 2305 1781 δ’.
2339 1725 2471 1779 Ἵνα
2505 1722 2588 1778 δῶ
2631 1722 2881 1790 ἀκάκοις
2921 1720 3319 1792 πανουργίαν,
3362 1716 3548 1772 παιδὶ
3581 1715 3649 1769 δὲ
3666 1712 3769 1778 νέῳ

476 1818 645 1871 scenti
667 1814 1087 1884 intelligentiam
1112 1825 1159 1866 et
1187 1813 1582 1882 cogitationem.
1620 1810 1748 1866 Hmc
1778 1809 2067 1880 proverbia

480 1921 614 1961 vero
645 1920 928 1975 exponens
962 1902 1249 1969 Salomon,
1298 1918 1396 1972 per
1423 1917 1487 1957 ea
1517 1901 1762 1957 ostendit
1794 1901 1863 1955 iis
1885 1900 1977 1971 qui
2012 1914 2072 1955 se

478 1997 736 2052 omnibus
774 1996 923 2052 vitiis
966 1995 1533 2058 exuerunt,omnium
1562 1993 1830 2048 bonorum
1855 1991 2070 2045 metbo-

478 2089 660 2144 dicam
689 2089 1102 2159 operationem;
1138 2087 1251 2144 illis
1283 2095 1468 2143 autem
1500 2086 1592 2155 qui
1629 2083 1862 2139 infantia
1903 2083 2071 2139 intel-

483 2181 709 2236 lectuali
749 2179 1027 2242 laborant,
1052 2177 1449 2233 discretionem
1482 2177 1610 2232 boni
1644 2187 1698 2232 et
1742 2178 1908 2245 mali;
1948 2184 2071 2230 tan-

481 2274 605 2330 dem
645 2273 1009 2344 praemiorum
1049 2272 1296 2337 virtutis,
1329 2279 1384 2326 et
1412 2269 1642 2325 malitiae
1664 2285 1981 2340 poenarum,
2014 2269 2070 2324 in

483 2363 692 2428 futuro,
731 2363 1178 2418 meditationem.

554 2543 723 2601 Vnus.
773 2544 826 2600 5.
883 2542 1015 2597 Hcce
1058 2543 1285 2599 audiens
1331 2544 1565 2613 sapiens,
1623 2544 1918 2614 sapientior
1948 2544 2070 2598 erit.

483 2637 588 2703 Qui
633 2639 830 2692 borum
879 2649 1201 2691 sermonum
1250 2636 1691 2706 proverbialium
1737 2637 1964 2691 auditor
2006 2635 2073 2689 ad

489 2728 822 2799 sapientiam
860 2727 1196 2788 cucurrerit,
1229 2724 1297 2777 ad
1344 2725 1494 2779 illius
1537 2726 1821 2793 perveniet
1861 2723 2075 2793 perfec-

484 2819 760 2876 tissimum
819 2816 1088 2889 gradum;
1144 2816 1316 2871 multa
1363 2815 1420 2870 in
1480 2815 1686 2870 divinis
1729 2816 2076 2887 dogmatibus

486 2908 850 2980 intelligentia
893 2908 1164 2979 gaudens,
1195 2921 1297 2961 nec
1338 2921 1448 2960 non
1480 2907 1535 2959 in
1563 2906 1846 2972 humanis,
1880 2906 2073 2960 barum

2170 1817 2465 1883 αἴσθησίν
2509 1833 2570 1869 τε
2606 1816 2705 1870 καὶ
2749 1817 3010 1871 ἔννοιαν.
3054 1816 3244 1878 Ὅπως
3296 1814 3324 1866 ὁ
3365 1811 3610 1872 τούτους
3656 1807 3765 1868 τοὺς

2170 1909 2363 1978 λόγους
2420 1907 2749 1973 ὲκτεθεικὼς
2790 1907 3062 1983 ,Σολομὼν
3130 1908 3399 1978 παράσχῃ
3449 1903 3523 1957 δι’
3578 1897 3763 1960 αὐτῶν,

2171 2007 2283 2067 τοῖς
2338 2002 2438 2072 μὲν
2497 2001 2963 2072 ἀποϐαλλομένοις
3022 2001 3207 2053 πᾶσαν
3267 1997 3508 2059 κακίαν,
3561 1992 3762 2046 πάντων

2170 2095 2279 2148 τῶν
2314 2094 2497 2147 καλῶν
2540 2092 2839 2165 ὲμμέθοδον
2884 2091 3169 2163 ἐνέργειαν
3190 2106 3205 2122 ·
3242 2089 3324 2160 τῷ
3358 2089 3426 2143 δὲ
3474 2100 3764 2154 πνευματισ

2171 2187 2277 2257 κῆν
2306 2185 2526 2258 ἡλικίαν
2571 2185 2854 2256 ἀρτιγενεῖ
2899 2185 2995 2237 καὶ
3037 2182 3304 2246 νεάζοντι,
3336 2179 3630 2249 διάκρισιν
3678 2172 3763 2244 μὲν

2171 2279 2372 2350 ἀρετῆς
2408 2278 2503 2332 καὶ
2527 2277 2730 2341 κακίας
2751 2318 2766 2343 ,
2811 2275 3110 2346 ἐνθύμησιν
3139 2274 3196 2326 δὲ
3226 2272 3340 2327 τῶν
3388 2274 3442 2325 τ’
3476 2269 3569 2323 ἐπ’
3608 2265 3761 2337 ἀρετῇ

2173 2369 2315 2424 κατὰ
2342 2369 2402 2423 τὸ
2435 2369 2630 2437 μέλλον
2656 2367 2905 2422 ἐπάθλων
2950 2368 3048 2422 καὶ
3079 2364 3190 2420 τῶν
3232 2364 3331 2419 ἐπὶ
3364 2362 3580 2426 κακίας
3605 2375 3761 2429 τιμω·

2176 2478 2332 2531 ριων.

2245 2560 2305 2607 ε’.
2335 2552 2528 2608 Τῶνδε
2547 2555 2656 2625 γὰρ
2683 2555 2956 2621 ἀκούσας
2976 2553 3188 2623 σοφὸς,
3214 2553 3571 2623 σοφώτερος
3587 2549 3753 2605 ἔσται.

2175 2645 2396 2700 Τούτων
2441 2645 2549 2717 γὰρ
2602 2645 2713 2699 τῶν
2768 2646 3165 2717 Παροιμιακῶν
3207 2645 3389 2714 λόγων
3423 2643 3672 2703 ἀκούσας
3692 2653 3759 2700 τις

2176 2738 2257 2801 εἰς
2283 2736 2475 2807 σοφίαν
2502 2738 2852 2809 προκόπτων,
2880 2741 2960 2802 εἰς
2988 2738 3087 2807 τὴν
3114 2737 3325 2807 ταύτης
3360 2736 3566 2806 φθάσει
3587 2731 3760 2786 celato“

2176 2832 2345 2902 τέραν
2380 2831 2525 2895 ἒξιψ
2570 2829 2743 2883 πολλὰ
2791 2831 2892 2901 μὲν
2943 2828 3207 2901 περὶτῶν
3241 2828 3411 2883 θείων
3464 2824 3756 2883 παιδευθεὶς

2178 2922 2468 2992 δογμάτων
2492 2938 2509 2955 ο
2536 2923 2713 2978 πολλὰ
2736 2924 2795 2977 δὲ
2821 2924 2915 2977 καὶ
2937 2924 3063 2995 περὶ
3091 2922 3202 2976 τῶν
3231 2906 3607 2993 ἀνθρωπίνων
3633 2916 3756 2971 ἐκδι-

488 3018 595 3075 ope
625 3001 1017 3073 parabolarum
1054 2999 1245 3053 multis
1291 2998 1472 3053 modis
1503 3010 1557 3052 et
1589 2997 1722 3051 vitia
1753 2998 1983 3069 iugabit,
2023 3006 2077 3053 et

2183 3013 2511 3083 δασκόμενος
2543 3015 2677 3084 παρ’
2710 3013 2879 3067 αὐτοῦ
2930 3013 3343 3085 Παροιμιώδους
3376 3012 3568 3079 λόγου,
3598 3003 3753 3061 ποιαί·

489 3097 723 3152 virtutes
764 3093 1039 3167 acquiret.

566 3295 635 3351 Et
679 3296 1005 3366 intelligens,
1041 3292 1403 3364 gubernacula
1442 3291 1757 3362 possidebit.
1798 3291 1952 3356 inde,
1988 3292 2082 3362 qui

492 3399 701 3448 reetam
734 3391 1030 3445 veritatum
1067 3386 1359 3442 scientiam
1392 3386 1654 3455 acquirit,
1691 3394 1743 3440 et
1771 3386 1924 3440 novit
1947 3399 2086 3455 quo-

494 3485 662 3539 modo
726 3482 1137 3537 inconstantem
1194 3493 1376 3533 rerum
1444 3479 1815 3533 humanarum
1861 3494 2086 3533 cursum

494 3581 760 3645 oporteat
797 3569 1166 3642 pertransire,
1196 3584 1347 3634 nam,
1384 3584 1487 3624 nec
1519 3570 1685 3632 bona,
1713 3569 2090 3640 inquisitaque

495 3679 526 3718 a
551 3662 762 3717 multis:
799 3674 903 3714 nec
936 3659 1079 3712 mala
1122 3673 1226 3712 nec
1255 3657 1437 3712 tristia
1482 3658 1845 3713 stabilitatem
1898 3665 1956 3715 et
1988 3659 2090 3713 du—

494 3752 775 3806 rationem
833 3748 1060 3805 habent:
1097 3747 1190 3804 ille
1234 3754 1288 3802 et
1328 3747 1381 3801 in
1430 3749 1548 3818 ipsa
1595 3748 1722 3803 vitae
1757 3762 1912 3818 pace,
1961 3764 2086 3803 cum

498 3854 766 3912 prospere
815 3838 864 3894 ei
938 3836 1126 3892 omnia
1179 3835 1460 3903 accidant,
1511 3837 1847 3891 mutationes
1894 3852 2091 3907 exspe-

496 3936 656 3995 ctat;
710 3941 815 3982 nec
849 3926 905 3980 in
954 3925 1329 3996 praesentibus
1378 3923 1550 3979 rebus
1591 3933 1651 3978 ut
1684 3923 2091 3980 immortalibus

496 4021 745 4088 conﬁdit,
783 4035 886 4075 nec
927 4019 982 4073 in
1024 4018 1186 4073 malis
1227 4018 1522 4072 eventibus
1553 4016 1623 4072 de
1668 4018 1856 4087 seipso
1888 4019 2092 4090 despe-

499 4121 619 4180 rat;
652 4127 754 4167 nec
785 4111 837 4164 in
868 4110 1085 4181 magnis
1107 4109 1398 4164 doloribus
1425 4110 1613 4164 animo
1661 4110 1924 4179 dejieitur
1949 4128 1964 4164 :
1990 4112 2090 4166 sed

500 4205 793 4278 possidens
840 4202 1297 4271 intelligentiam,
1334 4216 1480 4266 quae,
1504 4208 1563 4255 ut
1600 4204 1898 4258 nauclerus
1934 4204 2093 4259 navi-

498 4300 637 4355 cula:
666 4297 853 4352 carnis
900 4296 1162 4365 imperet,
1194 4302 1250 4347 et
1277 4294 1576 4348 sententiis
1604 4294 1767 4362 quasi
1811 4292 2092 4362 guberna-

2185 3107 2293 3170 λως
2328 3107 2425 3176 μὲν
2453 3106 2791 3177 ὲξορίζοντος
2822 3106 2919 3177 τὴν
2945 3107 3166 3172 κακίαν,
3201 3105 3568 3177 πολυτρόπως
3592 3101 3645 3155 δὲ
3669 3097 3752 3153 πάσ-

2184 3197 2268 3250 λιν
2299 3198 2401 3268 τὴν
2435 3197 2637 3269 ἀρετὴν
2662 3198 3099 3267 ἀντεισάγοντος.

2176 3306 2183 3313 ·
2266 3288 2332 3341 '0
2363 3287 2433 3342 δὲ
2463 3276 2727 3359 νοήμων,
2765 3289 3138 3358 κυϐέρνησιν
3178 3288 3495 3360 κτήσεται.
3539 3287 3599 3339 '0
3625 3285 3666 3338 δ’
3686 3284 3753 3335 ir-

2184 3376 2374 3432 τεῦθεν
2403 3378 2502 3449 τὴν
2545 3378 2721 3449 ἀληθῆ
2761 3379 2869 3433 τῶν
2912 3380 3080 3433 ὄντων
3105 3380 3422 3451 ἐπιστήμην
3455 3376 3650 3440 λαὸὼν,
3678 3372 3750 3425 καὶ

2187 3470 2341 3535 εἰδὼς
2399 3471 2549 3534 ὅπως
2598 3471 2697 3543 τὴν
2748 3471 2980 3526 ἄστατον
3035 3472 3211 3543 φορὰν
3260 3472 3373 3525 τῶν
3424 3465 3750 3540 ἀνθρωπίνων

2187 3563 2535 3634 πραγμάτων
2558 3562 2922 3634 περαιοῦσθαι
2955 3566 3222 3635 προσήκει
3261 3563 3410 3635 (οὔτε
3440 3562 3551 3633 γὰρ
3587 3559 3651 3612 τὰ
3679 3557 3748 3609 δε-

2191 3653 2280 3720 ξιὰ
2305 3655 2396 3708 καὶ
2420 3654 2867 3726 περισπούδαστα
2883 3659 2993 3718 τοῖς
3018 3656 3252 3718 πολλοῖς,
3275 3654 3402 3709 οὕτε
3434 3655 3504 3708 τὰ
3525 3669 3588 3706 πε
3596 3665 3749 3723 pmo-

2192 3749 2323 3799 τικὰ
2354 3746 2448 3800 καὶ
2475 3748 2694 3818 κατηφῆ
2726 3747 2837 3802 τῶν
2885 3744 3230 3819 πραγμάτων
3258 3747 3319 3800 τὸ
3354 3728 3528 3810 ἑστῶς
3558 3745 3641 3798 καὶ
3669 3738 3747 3810 μό-

2193 3856 2349 3909 νιμον
2373 3838 2531 3910 ἔχει),
2561 3840 2654 3894 καὶ
2679 3841 2737 3892 ὲν
2761 3842 2899 3912 αὐτῇ
2930 3858 2990 3894 τε
3028 3844 3095 3911 τῇ
3125 3841 3336 3912 γαλήνῃ
3364 3840 3461 3894 τοῦ
3480 3840 3613 3910 βίου,
3636 3833 3746 3887 πᾶν·

2191 3949 2298 3986 των
2352 3931 2504 4003 αὐτῷ
2557 3931 2701 3985 κατὰ
2747 3932 2876 4002 ῥοῦν
2921 3933 3259 4005 προϊόντων,
3315 3933 3420 3997 τὰς
3473 3924 3739 4001 μεταόολάς

2192 4023 2471 4091 ἐκδέξεται
2514 4040 2529 4055 ·
2581 4024 2676 4077 καὶ
2716 4024 2815 4094 οὐχ
2856 4022 2932 4087 ὡς
2984 4022 3276 4086 ἀθανάτοις
3325 4018 3739 4078 ὲπαναπαύσεται

2190 4119 2305 4180 τοῖς
2333 4112 2600 4187 παροῦσι·
2653 4119 2748 4172 καὶ
2778 4119 2836 4171 ὲν
2865 4120 2940 4189 τῇ
2989 4117 3425 4189 σκυθρωποτέρᾳ
3448 4110 3736 4170 καταπόσει

2193 4208 2294 4262 οὒκ
2323 4209 2615 4262 ἁπελπίσει
2667 4210 2879 4276 ἑαυτὸν,
2926 4209 3020 4263 καὶ
3053 4213 3120 4281 τῇ
3163 4209 3332 4281 πολλῇ
3362 4209 3508 4278 λύπῃ
3538 4215 3740 4259 καταπο-

2196 4300 2262 4372 θῇ
2287 4318 2302 4332 ο
2344 4300 2485 4355 ἀλλὰ
2530 4302 2634 4383 ’τὸν¹
2664 4302 2793 4356 νοῦν
2838 4302 2976 4372 ἔχων
3020 4301 3213 4372 ὥσπερ
3241 4302 3366 4355 τινὰ
3416 4297 3731 4383 κυϐερνήτηγν

499 4393 639 4449 culis
673 4390 835 4445 docte
869 4395 1092 4452 utatur,
1141 4386 1387 4441 carnalis
1432 4384 1701 4441 desiderii
1752 4384 2078 4455 cupiditates

2192 4393 2358 4445 οἱονεὶ
2389 4391 2575 4446 πλοίου
2739 4392 2944 4463 σαρκὸς
2980 4389 3410 4462 κυριαρχοῦντα,
3464 4390 3552 4442 καὶ
3579 4376 3734 4452 ἐμπεί-

498 4492 763 4551 tanquam
797 4493 829 4532 a
862 4479 1045 4532 valida
1093 4484 1424 4547 tempestate
1457 4477 1754 4542 excitatas,
1793 4475 2092 4532 sustinebit

500 4584 794 4643 generose;
833 4567 1036 4636 quibus
1071 4568 1329 4636 superior
1365 4568 1493 4633 erit,
1529 4567 1681 4621 nullo
1710 4566 1876 4622 modo
1900 4579 2093 4621 earum

502 4661 763 4717 ﬂuctibus
805 4657 1140 4723 demersus;
1179 4667 1235 4714 et
1276 4672 1501 4729 semper
1541 4657 1650 4713 sibi
1676 4664 1946 4713 constans
1979 4664 2094 4712 sta-

502 4753 608 4820 bit,
634 4765 738 4807 nec
760 4751 814 4806 in
849 4749 1139 4821 prosperis
1175 4747 1424 4815 inﬂatus,
1467 4763 1569 4805 nec
1604 4748 1884 4806 demissus
1902 4749 1956 4804 in
1996 4749 2097 4805 ad—

502 4860 701 4902 νοτειε.

2196 4501 2302 4557 ρως
2348 4484 2476 4548 τοὺς
2520 4484 2838 4555 λογισμοὺς,
2890 4480 3004 4539 οἷον
3054 4485 3249 4549 οῖακας
3300 4479 3728 4557 περιστρέφοντα)

2191 4555 2263 4628 τά
2285 4591 2344 4627 τε
2369 4573 2447 4637 ὡς
2475 4573 2539 4627 ἔκ
2570 4590 2716 4636 τινος
2749 4573 2920 4644 ζάλης
2952 4571 3138 4643 βιαίας
3160 4572 3254 4626 τοῦ
3290 4566 3548 4642 σαρκικοῦ
3577 4555 3728 4632 φρονή’

2140 4741 2142 4743 γ
2198 4680 2374 4736 ματος
2431 4666 2831 4736 ὲπεγειρόμενα
2888 4665 2998 4720 τῶν
3047 4663 3242 4718 παθῶν
3294 4662 3589 4733 κυματήσει
3635 4662 3726 4719 τενσ

2195 4755 2363 4820 ναίως
2385 4772 2400 4787 ⁸
2427 4756 2524 4809 καὶ
2571 4754 2777 4826 ὑψηλὸς
2815 4754 3028 4820 τούτοις
3057 4756 3153 4810 καὶ
3190 4754 3545 4827 δυσπρόσιτος
3569 4745 3727 4798 ima"

2198 4848 2464 4919 μηδαμῶς
2503 4847 2603 4917 τῆς
2627 4847 2737 4901 ἀπ’)
2779 4847 2987 4902 τούτων
3019 4848 3202 4921 ἅλμης
3250 4841 3725 4919 ἀναπιμπλάμενος·

505 4938 603 4993 καὶ
657 4939 844 5008 ὅμοιος
902 4934 1001 5006 μὲν
1058 4933 1149 4991 ἀεὶ
1199 4933 1361 4998 αὐτὸς
1415 4933 1593 5003 ἑαυτῷ
1645 4932 1916 5003 διαμένει,
1975 4936 2101 5006 μήτ’
2140 4936 2504 5012 ἐπαιρόμενος
2557 4943 2616 4995 ὲν
2658 4942 2780 5004 ταῖς
2828 4939 3137 5013 εὐθυμίαις,
3222 4942 3362 5012 μήτι
3428 4930 3723 4994 καταπίπτων

506 5037 565 5089 ιν
591 5034 711 5098 ταῖς
738 5030 1073 5104 συμφοραῖς.

574 5127 743 5183 Vens.
784 5126 838 5181 6.
876 5122 1279 5179 Animadvertet
1328 5121 1661 5199 parabolam
1693 5164 1707 5187 ,
1734 5132 1787 5177 et
1819 5123 2102 5179 obscurum

504 5232 826 5284 sermonem,
851 5225 900 5271 et
931 5216 1090 5271 verba
1125 5216 1427 5284 sapientum
1459 5224 1511 5269 et
1559 5216 1850 5285 amigmata
1891 5233 2098 5271 eorum.

506 5312 822 5383 cognoscet
850 5310 1040 5364 varios
1079 5324 1367 5365 sermones
1405 5324 1419 5360 :
1462 5296 1780 5380 parabolas,
1820 5325 1945 5380 qua:
1999 5327 2105 5381 ope

510 5401 712 5459 similis
745 5402 1351 5474 cogniti,incognitum
1376 5402 1562 5458 simile
1595 5411 1946 5469 monstrant;
1979 5419 2104 5459 ver-

512 5499 580 5552 ba
611 5498 875 5562 obscura,
918 5513 1041 5569 qua!
1089 5498 1400 5554 sententias
1439 5504 1496 5551 et
1550 5496 1967 5567 intelligentiam
2014 5511 2106 5552 os-

513 5591 747 5645 tendunt
784 5592 994 5647 :vcrba
1026 5596 1340 5662 sapientum
1377 5589 1812 5665 profunditatem
1857 5589 2103 5645 scientiae

510 5684 792 5754 habentia,
834 5688 939 5743 etsi
983 5688 1138 5743 multi
1199 5687 1476 5743 mstimcnt
1526 5703 1585 5741 se
1631 5686 1850 5741 illorum
1893 5684 2099 5740 intelli-

2272 5133 2348 5193 ς’.
2383 5125 2613 5192 Νοήσει
2667 5142 2731 5180 τε
2758 5123 3136 5195 παραϐολὴν,
3194 5126 3297 5182 καὶ
3344 5108 3719 5183 σκοτεινὸνλό-

2202 5237 2335 5291 rer,
2373 5218 2595 5288 ῥήσεις
2621 5234 2689 5272 τε
2735 5218 2966 5288 σοφῶν,
3006 5218 3106 5272 καί
3145 5218 3483 5289 αἰνίγματα.
3511 5209 3719 5268 Tyriam!

2200 5313 2260 5366 δὲ
2292 5311 2487 5378 λόγους
2538 5311 2919 5373 παντοδαποὺς
2938 5352 2953 5372 ,
3014 5310 3386 5382 παρασολικόν
3430 5327 3487 5363 τε
3521 5296 3719 5373 δηλοῦντα

2201 5406 2293 5461 διὰ.
2345 5404 2441 5459 τοῦ
2514 5403 2927 5475 γινωσκομένου
2998 5405 3186 5474 ὁμοίου
3210 5443 3225 5467 ,
3289 5404 3352 5456 τὸ
3429 5393 3719 5470 ἀγνοούμενον

2205 5500 2390 5568 ὅμοιον
2416 5514 2430 5528 ο
2459 5497 2555 5550 καὶ
2584 5497 2797 5567 ἀσαφῆ,
2831 5497 2930 5566 τήν
2960 5512 3018 5548 τε
3051 5495 3211 5567 ρἧν
3247 5496 3343 5551 καὶ
3377 5496 3473 5566 τὴν
3502 5486 3712 5568 διάνοιαν-ο

2214 5562 2439 5664 ρεήματά
2466 5607 2525 5643 τε
2554 5562 2732 5658 σοφῶν
2763 5562 2928 5659 βάθος
2956 5562 3159 5659 ἔχοντα
3192 5562 3463 5658 γνώσεως,
3496 5580 3583 5636 κᾶν
3606 5562 3715 5664 νομίσ

2210 5660 2413 5743 ξωνται
2459 5684 2571 5746 τοῖς
2615 5681 2831 5747 πολλοῖς
2880 5681 3023 5753 ἔχειν
3071 5683 3364 5756 πρόχειρον
3406 5681 3496 5750 τὴν
3535 5660 3708 5727 κατείληι
