3960 6230
374 383 390 443 l
402 387 504 448 2:25

1401 373 1935 435 COMMENTARII
1978 369 2060 429 IN
2103 369 2554 430 PROVERBIA.

3470 371 3604 436 1226

363 500 492 567 ψιν·
546 467 639 553 καὶ
687 501 1016 566 αἰνίγματα,
1071 495 1191 555 μετῖ
1238 492 1584 562 ἐπικρύψεως
1638 489 1929 557 σημαῖνον-

2047 486 2275 554 gentiam
2330 485 2613 554 possidere
2646 501 2658 536 :
2693 494 2744 537 et
2788 486 3074 553 a-nigmata
3111 483 3404 553 allegorice
3448 490 3599 540 veri-

364 605 433 641 τα
458 589 557 660 τὴν
589 589 876 660 ἀλήθειαν·
926 581 1000 639 ὧν
1050 582 1432 654 παροιμιωδῶν
1483 581 1656 649 λόγων
1702 579 1929 652 ἀρκτέον

362 679 569 732 λοιπόν.

434 767 499 831 ζ’.
533 767 714 835 Ἀρχὴ
748 766 988 834 σοφίας,
1019 766 1202 832 φόϐος
1235 764 1474 830 Κυρίου.
1511 760 1678 829 Ἀρχὴ
1724 759 1823 828 τῆς
1865 759 1930 812 δι’

365 858 510 926 ἡμᾶς
539 857 618 920 είς
660 853 800 908 ἑπτά
826 853 1167 920 πνευματικά
1197 853 1510 923 χαρίσματα
1551 849 1934 919 διαιρουμένης

368 945 580 1012 σοφίας,
627 943 914 996 τελευταία
946 943 1044 1011 μέν
1092 942 1157 993 ἐκ
1203 939 1358 999 Θεοῦ,
1389 936 1662 1006 προσεχὴς
1694 937 1750 987 δὲ
1779 937 1931 1004 ἡμῖν,

364 1037 392 1087 ὁ
424 1033 513 1086 τοῦ
539 1032 744 1104 Κυρίου
779 1032 942 1098 φόϐος
993 1029 1168 1082 ἐστίν·
1205 1027 1260 1090 ὃς
1300 1026 1387 1079 διά
1422 1026 1518 1087 τάς
1564 1024 1672 1076 τῶν
1702 1023 1934 1076 αἰωνίων

365 1123 638 1176 κολάσεων
684 1119 935 1181 ἀπειλὰς,
976 1119 1193 1172 πάντων
1239 1133 1299 1168 τε
1332 1117 1566 1166 ποιεῖται
1616 1111 1724 1163 τῶν
1751 1112 1934 1164 κακῶν

365 1213 595 1284 ἀποχὴν,
630 1212 723 1280 καὶ
750 1211 852 1281 τῆς
881 1209 1341 1280 καταφρονήσεως
1373 1203 1668 1257 ἀπελαύνει
1698 1203 1795 1272 τὴν
1824 1201 1937 1253 πώ-

369 1320 555 1371 ρωσιν.
598 1301 716 1368 Ἀφ’
744 1296 806 1354 οὗ
837 1300 1163 1367 κινούμενοι,
1197 1294 1302 1364 ὁδῷ
1349 1312 1456 1348 τινι
1504 1297 1597 1345 καὶ
1622 1291 1770 1355 τάξει
1803 1306 1937 1358 προ-

365 1391 664 1454 ϐαίνοντες,
697 1390 786 1443 διά
832 1405 893 1441 τε
952 1387 1152 1456 ἰσχύος,
1190 1386 1311 1455 ἥτις
1343 1384 1431 1438 διά
1463 1384 1560 1452 τὴν
1599 1383 1788 1435 ἐλπίδα
1830 1381 1938 1431 τῶν

368 1481 727 1548 ἐπαγγελιῶν,
758 1479 1034 1548 πρόθυμός
1068 1481 1214 1530 ἐστιν
1255 1476 1399 1545 ὁρμὴ
1427 1476 1520 1527 καὶ
1555 1474 1768 1542 κίνησις
1806 1471 1939 1541 πρὸς

369 1573 650 1638 ἐνέργειαν
672 1568 781 1620 τῶν
809 1567 1059 1628 ἐντολῶν,
1095 1567 1190 1618 καὶ
1214 1566 1312 1633 τῆς
1344 1564 1630 1626 ἀσθενείας
1657 1563 1896 1629 ἐξέλασις
1921 1577 1935 1589 ·

369 1657 464 1710 καὶ
515 1658 726 1727 βουλῆς,
754 1658 876 1725 ἥτις
909 1655 1143 1723 ὑπάρχει
1172 1653 1281 1719 ἐξις
1306 1653 1402 1721 τῆς
1426 1653 1748 1723 διακρίσεως
1771 1667 1784 1680 ³
1819 1644 1938 1704 καθ’

369 1751 432 1816 ἣν
465 1749 560 1800 σὺν
589 1747 730 1814 λόγῳ
755 1746 852 1807 τάς
899 1745 1047 1805 θείας
1078 1745 1390 1812 πράττομεν
1416 1743 1654 1805 ἐντολὰς,
1697 1743 1789 1794 καὶ
1829 1743 1939 1794 τῶν

371 1838 694 1904 κρειττόνων
737 1835 1054 1904 διαιροῦμεν
1089 1835 1156 1887 τὰ
1185 1834 1403 1904 χείρονα
1429 1851 1441 1864 ·
1490 1835 1584 1885 καὶ
1609 1835 1938 1903 ἐπιστήμης,
1971 1819 2013 1871 Β

369 1931 491 1999 ἥτις
527 1931 644 1981 ἐστὶ
669 1930 767 1997 τῆς
807 1930 903 1997 μὲν
943 1926 1215 1991 ἀσεϐείας,
1246 1925 1464 1995 καὶτῆς
1505 1925 1590 1977 ἐπ’
1620 1925 1789 1993 αὐτῆς
1833 1925 1940 1977 τῶν

370 2023 546 2090 ἔργων
581 2020 934 2089 φαυλότητος,
983 2018 1256 2084 διωγμός·
1307 2016 1415 2068 τῶν
1463 2016 1518 2068 δὲ
1572 2016 1694 2068 κατ’
1740 2015 1940 2084 ἀρετὴν

369 2112 467 2180 τῆς
531 2111 777 2182 πράξεως
827 2111 1042 2176 τρέπων
1099 2109 1343 2168 ἄπτωτος
1394 2107 1619 2173 εἴδησις,
1671 2106 1790 2158 καθ’
1849 2103 1942 2167 οὓς

369 2203 720 2272 πράττοντες,
761 2203 858 2268 τῆς
891 2200 1056 2270 ὀρθῆς
1091 2198 1181 2250 τοῦ
1212 2197 1371 2264 λόγου
1429 2197 1660 2266 κρίσεως
1692 2197 1942 2265 οὐδαμῶς

367 2294 732 2362 διαπίπτομεν
757 2308 771 2324 ·
819 2293 913 2343 καὶ
945 2289 1221 2358 γνώσεως,
1267 2288 1388 2354 ἣτις
1419 2287 1536 2338 ἐστὶ
1578 2286 1687 2337 τῶν
1729 2289 1785 2337 ἐν
1821 2288 1941 2347 ταῖς

369 2383 607 2445 ἐντολαῖς
652 2381 824 2448 λόγων
869 2378 1174 2448 περίληψις,
1219 2376 1341 2430 καθ’
1383 2375 1475 2438 οὒς
1521 2378 1570 2428 οἱ
1613 2376 1798 2445 τρόποι
1831 2375 1941 2427 τῶν

367 2473 577 2542 ἀρετῶν
609 2472 1034 2539 συνεστήκασι.
1053 2468 1415 2536 ἀναϐαίνομεν
1450 2468 1583 2536 πρὸς
1629 2467 1728 2536 τῆς
1750 2467 1941 2536 σοφίας

367 2565 427 2615 τὸ
469 2563 643 2626 τέλος,
675 2563 773 2633 τὴν
811 2562 1045 2626 σύνεσιν,
1087 2561 1210 2630 ἥτις
1239 2560 1386 2612 ἐστὶν
1412 2558 1694 2628 ἁφαίρεσίς
1735 2574 1792 2610 τε
1842 2559 1944 2624 τῆς

368 2650 905 2720 ἀνεπιγνωμοσύνηςν
945 2651 1037 2702 καὶ
1069 2647 1470 2715 συγκατάθεσις
1503 2647 1638 2714 πρὸς
1669 2646 1940 2716 τοὺςτρὸ-

370 2760 505 2804 πους
536 2743 634 2795 καὶ
674 2743 801 2804 τοὺς
843 2743 1036 2809 λόγους
1077 2741 1188 2793 τῶν
1242 2740 1450 2812 ἀρετῶν
1474 2755 1488 2767 °
1542 2739 1574 2807 ἢ
1612 2737 1943 2808 κυριώτερον

368 2834 565 2896 εἰπεῖν,
599 2833 959 2902 μεταποίησις
994 2832 1116 2884 καθ’
1147 2833 1212 2904 ἢν
1243 2831 1380 2902 πρὸς
1413 2831 1537 2893 τοὺς
1579 2831 1810 2898 τρόπους
1850 2831 1944 2882 καὶ

368 2918 495 2980 τοὺς
536 2919 725 2982 λόγους
770 2919 879 2971 τῶν
937 2919 1186 2985 ἐντολῶν,
1237 2918 1534 2988 σύγκρασις
1580 2921 1788 2985 γίνεται
1835 2917 1942 2972 τῶν

369 3009 614 3076 φυσικῶν
659 3009 962 3078 δυνάμεων,
1012 3010 1294 3078 τηρουσῶν
1341 3009 1439 3070 τάς
1479 3008 1698 3072 ἐντολὰς
1743 3009 1805 3062 οὑ
1853 3008 1944 3063 διά

371 3099 468 3162 τὰς
530 3100 781 3164 ἀπειλὰς,
847 3101 878 3169 ἢ
928 3101 1016 3153 διά
1069 3104 1165 3164 τὰς
1229 3101 1592 3168 ἐπαγγελίας,
1653 3101 1788 3154 ἀλλά
1851 3100 1941 3154 διὰ

373 3189 430 3244 τὸ
460 3192 788 3247 οἰκειοῦσθαι
828 3193 1052 3256 ταύτας,
1087 3193 1161 3256 ὡς
1208 3194 1551 3262 παναγάθους
1582 3195 1724 3247 κατά
1755 3194 1937 3246 διάϐε-
1965 3174 2008 3230 C

373 3299 477 3336 σιν.

440 3375 692 3440 Σύνεσις
722 3376 790 3428 δὲ
831 3377 1023 3443 ἀγαθὴ
1065 3375 1214 3430 πᾶσι
1257 3377 1383 3442 τοῖς
1421 3379 1703 3432 ποιοῦσιν
1725 3379 1936 3445 αὐτὴν.

372 3465 538 3528 ’Ήτις
571 3467 784 3531 σύνεσις
819 3469 958 3535 καλὴ
985 3469 1197 3531 πάντως
1221 3470 1363 3522 ἐστὶν
1399 3470 1569 3522 ἅπασι
1599 3472 1708 3533 τοῖς
1737 3471 1940 3535 ταύτην

371 3556 780 3623 ἐργαζομένοις,
827 3561 884 3610 ἐν
925 3561 999 3627 τῷ
1051 3559 1310 3628 πράττειν
1358 3560 1734 3627 ἐπιστημόνως
1766 3563 1942 3613 πάντα

369 3645 436 3696 τά
462 3643 579 3697 θεῖα
616 3645 916 3716 θελήματα,
949 3647 1065 3716 μεθ’
1097 3648 1163 3717 ἣν
1189 3650 1479 3718 προσεχεῖς
1511 3647 1659 3717 αὐτῷ
1680 3649 1943 3717 γινόμεθα

369 3734 446 3800 τῷ
482 3734 599 3804 Θεῴ
621 3752 634 3766 ο
673 3738 770 3806 τῆς
805 3738 939 3805 πρὸς
962 3740 1124 3791 αὑτὸν
1154 3737 1400 3803 ἐνὼσεως
1433 3739 1600 3808 μόνην
1631 3740 1944 3808 μεσιτεύου-

371 3840 470 3875 σαν
498 3825 712 3894 ἔχοντες
754 3832 850 3895 τὴν
874 3828 1028 3895 ἡμῶν
1067 3829 1166 3896 μὲν
1205 3829 1419 3899 πόρρω,
1462 3830 1579 3900 Θεῷ
1606 3831 1664 3883 δὲ
1703 3831 1942 3900 προσεχῆ

371 3916 595 3981 σοφίαν,
643 3917 766 3986 ἥτις
817 3919 1050 3989 ὑπάρχει
1099 3919 1198 3988 τῆς
1253 3920 1353 3988 μὲν
1384 3921 1572 3982 ἀνοίας
1625 3921 1938 3990 ἀναίρεσις,

369 4006 476 4057 τῶν
519 4008 576 4060 δὲ
631 4011 688 4060 ἐν
735 4012 854 4071 ταῖς
897 4011 1140 4074 ἐντολαῖς
1195 4013 1721 4082 πνευματικωτέρων
1770 4013 1942 4080 λόγων

367 4097 622 4162 ἀνάλυσις
660 4102 796 4169 πρὸς
833 4105 932 4170 τὴν
960 4104 1138 4156 αἰτίαν
1183 4103 1276 4157 καὶ
1310 4105 1503 4166 ἓνωσις
1526 4120 1539 4132 ·
1568 4105 1943 4169 ἀναϐαίνοντες

371 4187 474 4257 γὰρ
514 4187 602 4240 διὰ
652 4190 761 4254 τῶν
811 4191 1122 4261 εἰρημένων
1174 4193 1377 4262 ἐτέρων
1428 4193 1813 4262 πνευματικῶν
1848 4211 1939 4264 χα-

370 4279 671 4348 ρισμάτων,
733 4283 1079 4352 συναγόμεθα
1138 4283 1274 4353 πρὸς
1302 4283 1398 4351 τὴν
1432 4283 1582 4337 θείαν
1620 4285 1720 4354 τῆς
1753 4285 1942 4354 σοφίας

372 4371 610 4437 μονάδαο
655 4375 754 4441 τὴν
789 4375 1166 4444 γεγενημένην
1205 4375 1270 4427 δι’
1320 4377 1467 4444 ἡμᾶς
1504 4375 1610 4428 τῶν
1660 4378 1942 4446 χαρισμά-

2033 583 2201 629 tatem
2246 574 2655 639 monstrantia;
2691 584 2747 628 et
2789 573 2890 626 hoc
2930 574 3318 642 parabolarum
3355 574 3598 632 initium.

2105 752 2274 809 Vsus.
2317 755 2368 810 7.
2416 754 2753 826 Principium
2795 753 3069 822 sapientia:
3095 791 3110 816 ,
3167 754 3326 806 timor
3368 753 3602 809 Domini.

2037 842 2376 914 Principium
2411 845 2582 910 illius,
2611 861 2731 916 qua:
2755 857 2786 898 a
2827 844 2986 900 nobis
3017 847 3073 898 in
3101 852 3311 912 septem
3345 846 3606 915 spiritua-

2038 935 2107 988 lia
2147 937 2478 992 charismata
2537 937 2844 1004 dividitur,
2889 936 3202 1007 sapientiae,
3245 933 3494 990 ultimum
3540 952 3607 990 ex

2037 1038 2192 1096 parte
2230 1027 2346 1094 Dei,
2392 1030 2632 1097 primum
2675 1043 2807 1083 vero
2833 1041 2933 1098 pro
2969 1027 3152 1090 nobis,
3191 1035 3275 1082 est
3309 1026 3473 1080 timor
3503 1026 3609 1082 Do-

2039 1118 2211 1183 mini;
2254 1118 2346 1187 qui
2394 1133 2520 1182 nos,
2560 1133 2657 1189 per
2695 1127 3026 1174 aeternorum
3072 1117 3470 1188 suppliciorum
3509 1121 3609 1172 mi-

2039 1219 2164 1268 nas,
2199 1209 2270 1260 ab
2298 1205 2560 1260 onmihus
2603 1216 2848 1260 avertere
2876 1204 3013 1260 facit
3046 1205 3219 1270 vitiis,
3253 1211 3310 1258 et
3361 1213 3609 1259 content-

2039 1305 2167 1365 ptus
2198 1297 2351 1367 fugat
2375 1297 2655 1352 duritiam.
2691 1297 2796 1362 Qui
2817 1311 2947 1352 vero
2978 1296 3080 1352 hoc
3103 1297 3301 1351 timore
3321 1308 3612 1352 moventur

2040 1385 2276 1453 quadam
2308 1385 2398 1439 via
2432 1392 2487 1439 et
2515 1386 2710 1441 ordine
2752 1385 3061 1450 ambulant,
3095 1400 3199 1455 ope
3240 1385 3608 1450 fortitudinis,

2042 1490 2162 1544 quae
2194 1485 2280 1530 est
2319 1491 2646 1546 generosum
2698 1479 3032 1535 desiderium
3075 1485 3128 1532 et
3156 1485 3338 1533 motus
3365 1479 3428 1531 ad
3468 1494 3609 1547 pra:-

2042 1573 2320 1636 cvptorum
2343 1566 2735 1634 impletionem,
2754 1575 2976 1636 propter
2995 1581 3142 1635 spem
3160 1566 3610 1634 promissionum,

2041 1665 2097 1711 et
2128 1657 2305 1711 morbi
2338 1655 2586 1726 fugatio:
2629 1672 2732 1726 ope
2774 1659 3022 1719 consilii,
3067 1659 3210 1725 quod
3265 1668 3350 1712 est
3392 1657 3611 1711 habitus

2043 1746 2397 1801 discretionis
2438 1764 2453 1800 :
2499 1762 2597 1815 per
2643 1762 2806 1818 quam
2855 1762 2980 1802 cum
3023 1747 3234 1816 judicio
3283 1747 3471 1801 divina
3511 1747 3614 1800 im-

2043 1838 2255 1906 plemus
2285 1847 2580 1906 praecepta.
2631 1845 2684 1892 et
2726 1838 2929 1892 bonum
2972 1852 3000 1890 a
3045 1838 3191 1893 malo
3223 1838 3609 1892 secernimus:

2041 1944 2146 1998 ope
2195 1931 2461 1994 scientiae,
2509 1943 2631 1997 quae
2686 1936 2772 1983 est
2818 1929 3138 1996 impietatis,
3184 1936 3238 1983 ct
3280 1942 3510 1998 operum
3543 1926 3611 1980 ab

2043 2017 2135 2072 illa
2179 2017 2450 2072 factorum
2478 2058 2494 2084 ,
2535 2017 2830 2087 expulsio;
2877 2023 2933 2070 et
2979 2031 3171 2072 eorum
3207 2031 3329 2086 quae
3373 2013 3608 2070 solidam

2044 2110 2262 2163 virtutis
2313 2114 2564 2178 spectant
2640 2106 3128 2169 exercitationem,
3177 2103 3422 2176 cognitio
3470 2122 3482 2156 :
3521 2119 3614 2172 per

2043 2212 2138 2250 eas
2183 2207 2430 2268 agentes,
2479 2214 2508 2251 a
2563 2206 2714 2251 recto
2742 2195 2958 2251 consilii
2993 2195 3235 2265 judicio,
3269 2196 3422 2250 nullo
3449 2195 3614 2249 modo

2043 2289 2330 2344 delicimus
2357 2310 2370 2345 :
2401 2305 2503 2360 ope
2536 2288 2936 2358 intelligentiae,
2965 2303 3087 2357 quae
3107 2298 3192 2344 est
3218 2295 3612 2359 praeceptorum

2043 2379 2518 2449 interpretationis
2568 2379 2784 2444 nctitia,
2821 2394 2917 2448 per
2952 2394 3115 2448 quam
3163 2379 3299 2431 varii
3333 2378 3476 2431 modi
3503 2379 3616 2429 vir-

2041 2476 2218 2522 tutum
2258 2469 2569 2534 lirmantur,
2602 2469 2950 2523 ambulamus
2978 2469 3043 2524 ad
3082 2469 3363 2538 sapientia:
3401 2467 3616 2537 perfer-

2044 2559 2272 2623 tionem,
2309 2559 2360 2613 id
2401 2569 2504 2624 est,
2544 2559 2894 2629 prudentiam
2924 2578 2937 2622 ;
2968 2574 3091 2630 quae
3117 2571 3200 2612 est
3232 2558 3616 2628 imprudentia:

2042 2649 2266 2711 ablatio,
2298 2662 2352 2705 et
2388 2652 2674 2706 modorum
2751 2653 3136 2722 rationumque
3181 2652 3440 2705 virtutum
3491 2665 3616 2705 sus-

2043 2738 2247 2808 ceptio.
2272 2737 2358 2799 Et,
2388 2748 2447 2792 ut
2481 2755 2580 2810 pro
2621 2754 2841 2809 semper
2872 2739 3075 2804 dicam,
3121 2739 3379 2799 mutatio,
3413 2753 3520 2808 qua
3549 2741 3616 2793 ad

2043 2831 2237 2886 modos
2295 2833 2646 2900 rationesque
2685 2833 2978 2894 virtutum,
3030 2830 3124 2884 ﬁat
3160 2830 3357 2884 mixtio
3393 2841 3617 2884 natura-

2045 2920 2176 2974 lium
2211 2923 2602 2991 potentiarttm,
2631 2937 2752 2992 qua:
2783 2924 3080 2977 observent
3111 2932 3384 2993 praecepta
3412 2937 3522 2977 non
3547 2938 3619 2977 ο.»

2044 3013 2222 3066 minas
2264 3021 2359 3066 aut
2410 3015 2829 3082 promissiones,
2881 3016 2978 3070 sed
3025 3015 3139 3068 haec
3187 3015 3318 3080 duo,
3355 3026 3615 3086 tanquam

2044 3106 2250 3176 optima
2296 3105 2604 3161 secundum
2642 3108 3024 3172 dileCtionem,
3060 3107 3466 3176 amplectendo.

2115 3385 2478 3456 Intelligentia
2529 3387 2666 3442 bona
2703 3390 2946 3442 omnibus
2985 3390 3312 3456 facientibus
3361 3406 3503 3444 eam.
3539 3389 3617 3443 Ex

2041 3477 2428 3530 observatione
2473 3477 2636 3532 docta
2679 3479 2990 3534 divinarum
3034 3479 3403 3538 voluntatum.
3449 3479 3618 3532 datur

2044 3570 2184 3622 bona
2234 3569 2625 3640 intelligentia,
2661 3572 2920 3626 omnibus
2966 3572 3115 3625 illam
3155 3571 3484 3640 sapientiam
3519 3586 3617 3625 co-

2043 3659 2306 3719 lentibus,
2351 3678 2461 3731 qua
2499 3664 2736 3732 proximi
2788 3664 2900 3718 Deo
2946 3665 3045 3736 ipsi
3083 3665 3397 3722 ellicimur:
3442 3674 3495 3721 et
3538 3667 3615 3720 illi

2043 3748 2461 3819 conjungimur,
2508 3755 2624 3807 sola
2667 3753 2918 3822 juvante,
2956 3771 3078 3825 utne
3107 3771 3136 3809 a
3179 3757 3340 3811 nobis
3381 3765 3613 3820 remota,

2044 3838 2158 3896 Deo
2214 3851 2398 3897 autem
2451 3847 2700 3913 proxima
2755 3856 2858 3910 est,
2891 3850 3158 3919 sapientia
3197 3869 3210 3904 :
3244 3865 3387 3920 quae,
3431 3851 3616 3904 stulti-

2044 3929 2132 3983 tia:
2175 3935 2430 3992 remotio,
2473 3941 2526 3986 et
2575 3935 2949 4002 spiritualium
2995 3937 3048 3990 in
3091 3947 3361 4007 praecepta
3407 3952 3614 3991 sermo-

2044 4032 2197 4082 num,
2228 4028 2313 4073 est
2344 4020 2611 4075 resolutio
2649 4030 2703 4076 et
2732 4025 3032 4093 synthesis.
3067 4027 3202 4080 Cum
3237 4027 3382 4080 enim
3420 4027 3614 4080 amhu-

2046 4111 2225 4165 lamus
2257 4114 2568 4168 secundum
2601 4115 2750 4171 dicta
2778 4116 2884 4172 alia
2921 4117 3258 4172 charismata
3279 4117 3613 4188 spiritualin,

2039 4200 2323 4272 jungimur
2356 4202 2567 4259 Divinae
2608 4207 2828 4262 monadi
2859 4207 3164 4278 sapientiae,
3190 4216 3244 4262 et
3283 4223 3379 4277 per
3413 4207 3615 4262 distin-

2045 4293 2282 4347 ctionem
2317 4309 2346 4347 a
2376 4296 2534 4350 nobis
2558 4295 2758 4355 factam
2805 4299 3226 4365 charismatum,
3257 4299 3616 4371 intelligimus

2045 4383 2288 4440 rationes
2339 4401 2528 4440 eorum
2574 4403 2744 4442 :nam
2786 4391 3058 4458 sapientia
3101 4405 3294 4446 monas
3333 4401 3438 4452 est,
3491 4407 3615 4445 cum

370 4478 476 4515 των
508 4462 792 4532 διαίρεσιν,
831 4465 968 4534 πρὸς
995 4464 1092 4534 τὴν
1122 4465 1324 4518 τούτων
1357 4466 1538 4519 αἰτίαν
1577 4466 1902 4534 συνάγοντες
1926 4484 1938 4494 ”

2047 4473 2219 4528 variis
2249 4473 2319 4528 ab
2360 4490 2423 4529 ea
2458 4478 2754 4533 virtutibus
2783 4487 2958 4534 totum
2990 4480 3324 4536 indivisibile
3350 4481 3614 4546 silit-iens;

370 4553 615 4624 ἐπειδὴή
653 4555 814 4622 σοφία
851 4556 1017 4625 μονάς
1051 4556 1189 4618 ἐστι,
1225 4554 1323 4615 τὰς
1369 4554 1431 4619 ἐξ
1465 4556 1632 4624 αὐτῆς
1664 4557 1942 4626 διαφόροις

368 4641 588 4710 ἀρεταῖς
622 4643 883 4713 ἀτμήτως
912 4642 1317 4714 ἐνθεωρουμένη
1342 4660 1354 4672 ·
1381 4644 1476 4697 καὶ
1513 4645 1798 4713 μονοειδῶς
1830 4646 1948 4705 ταῖς

2047 4573 2102 4616 et
2129 4563 2483 4620 unit‘ormiter
2519 4567 2572 4620 in
2609 4568 2857 4622 omnium
2895 4571 3161 4624 virtutum
3200 4572 3418 4627 actibus
3461 4587 3616 4626 com-

2047 4653 2405 4721 prehenditur
2455 4657 2569 4720 illa,
2623 4658 2969 4715 restituendo
3019 4661 3123 4731 ipsi
3168 4661 3404 4717 virtutes
3441 4662 3511 4716 ab
3555 4679 3616 4716 ea

370 4733 479 4786 τῶν
501 4733 640 4787 ὅλων
665 4735 878 4806 ἀρετῶν
904 4735 1207 4805 ἐνεργείαις
1241 4736 1623 4806 ἐπινοουμένη,
1658 4738 1778 4798 ταῖς
1810 4735 1942 4805 πρὸς

2047 4744 2314 4809 οτίυιιδω,
2347 4747 2590 4817 quando,
2625 4764 2728 4805 nos
2755 4751 2904 4806 varie
2928 4753 3230 4808 secundum
3256 4769 3620 4822 unamquam-

370 4823 541 4894 αὐτὴν
569 4824 678 4877 τῶν
711 4825 770 4891 ἐξ
798 4825 971 4893 αὐτῆς
996 4824 1205 4894 ἀρετῶν
1244 4826 1774 4889 ἀποκαταστάσεσιν,
1817 4826 1942 4877 ὅταν

2047 4848 2150 4901 que
2207 4835 2463 4890 virtutem
2521 4839 2961 4907 progredientes,
3014 4855 3107 4908 per
3159 4841 3409 4910 singulas
3454 4839 3503 4892 vi
3547 4840 3616 4891 ad

369 4915 532 4980 ἡμεῖς
587 4913 656 4964 δι’
709 4912 806 4976 οὓς
854 4912 998 4966 κατὰ
1049 4913 1145 4982 τὴν
1199 4915 1433 4984 ἑκάστης
1485 4913 1686 4982 ἀρετῆς
1727 4914 1940 4981 γένεσιν

2047 4939 2162 4976 eam
2208 4928 2572 4990 accessimus.
2617 4929 2720 4982 Per
2769 4930 2912 4985 hanc
2963 4933 3324 5002 sapientiam,
3373 4929 3608 4998 sapienti

372 5008 606 5058 ποιεῖται
638 5006 738 5076 τὴν
765 5006 1012 5074 πρόοδον,
1044 5005 1381 5068 ἀνατατικῶς
1415 5007 1482 5058 δι’
1519 5007 1759 5075 ἑκάστης
1797 5007 1936 5075 πρὸς

2047 5018 2409 5084 corporalium
2446 5029 2499 5074 et
2533 5020 2990 5077 intellectualium
3023 5038 3204 5078 rerum
3235 5021 3613 5078 meditatione,

372 5095 541 5164 αὐτὴν
570 5096 919 5165 ωναγόμεθα
942 5115 957 5128 ο
993 5096 1116 5151 καθ’
1150 5097 1215 5168 ἢν
1244 5097 1454 5162 σοφίαν,
1491 5099 1786 5166 ἀγνώστως
1813 5102 1938 5162 τοὺς

2047 5113 2098 5159 ut
2142 5108 2462 5167 hominibus
2493 5113 2777 5177 convenit,
2831 5114 3118 5167 initiamur
3179 5111 3404 5174 indocti,
3448 5111 3618 5163 multa

373 5186 430 5236 ἐν
457 5184 578 5254 Θεῷ
608 5186 748 5240 κατά
791 5185 853 5240 τὸ
891 5187 1112 5257 θεμιτὸν
1148 5187 1454 5258 ἀνθρώποις
1482 5189 1671 5252 ἁπλῶς
1695 5191 1938 5260 μυούμε-

2047 5197 2301 5267 variaque
2365 5216 2548 5255 rerum
2598 5202 2652 5255 in
2689 5201 2800 5258 Deo
2843 5203 3223 5273 intelligentia,
3255 5209 3309 5255 et
3341 5203 3421 5256 sic
3455 5200 3619 5269 piam,

371 5292 473 5338 νοι,
503 5277 612 5330 τῶν
645 5277 814 5333 ὄντων
842 5279 1030 5347 λόγους
1056 5279 1283 5343 πολλοὺς
1321 5282 1410 5333 καὶ
1459 5281 1732 5344 ποικίλους
1761 5283 1822 5335 ἐκ
1843 5283 1940 5350 τῆς

2047 5285 2186 5341 circa
2233 5304 2452 5345 omnem
2504 5294 2790 5346 veritatem
2831 5291 3196 5347 ostendemus
3251 5291 3621 5361 cognitionem

373 5365 481 5419 τῶν
511 5368 787 5438 αἰσθητῶν
817 5388 879 5423 τε
909 5372 1002 5424 καὶ
1029 5371 1236 5440 νοητῶν
1261 5372 1459 5425 οὐσιῶν
1489 5372 1659 5440 σοφῆς
1687 5373 1940 5441 θεωρίας,

2051 5389 2214 5444 quam
2263 5381 2521 5435 omnibus
2567 5381 2886 5436 hominibus
2937 5382 3098 5436 modo
3145 5381 3319 5448 vario,
3355 5398 3416 5435 ex
3457 5380 3621 5434 corde

375 5457 614 5520 εὐσεϐεῖς
687 5461 816 5532 περὶ
875 5463 974 5530 τῆς
1038 5462 1166 5531 ὅλης
1250 5461 1506 5530 ἀληθείας
1577 5461 1942 5530 ἁποδὼσωμεν

2055 5477 2317 5538 tanquam
2354 5475 2627 5528 crescenti
2665 5473 2833 5535 fonte,
2864 5474 3182 5528 oﬂ‘eremus.

375 5545 599 5614 λόγους·
630 5549 890 5615 ποικίλοις
934 5551 1134 5622 ταύτης
1167 5553 1239 5616 ὡς
1287 5553 1351 5606 εκ
1377 5570 1519 5615 τινος
1551 5552 1954 5625 βλαστανούσης
1997 5563 2178 5630 πηγῆς
2208 5561 2308 5634 τῆς
2339 5564 2586 5633 καρδίας,
2632 5567 2744 5627 τοῖς
2772 5565 2952 5628 ἄλλοις
3017 5565 3325 5636 ἀνθρώποις

411 5653 579 5690 οντες.

411 5655 526 5688 οντρ
569 5679 579 5690 .

373 5655 407 5705 ρ
441 5655 731 5784 Εὺὲνέϐεια
759 5731 825 5784 δὲ
868 5735 954 5796 εἰς
985 5734 1154 5795 Θεὸν.
1185 5733 1341 5802 ἀρχὴ
1387 5737 1743 5804 ιιισθιὶσεως.
1774 5737 1942 5792 Εὐσέ-

661 5827 925 5887 ΡΔΊἬΟΙ..
957 5828 1069 5888 Gn.
1101 5831 1250 5898 LXX
1267 5831 1449 5892 Xl'll.

3387 5561 3632 5636 προσφέ-

2126 5737 2309 5795 Pietas
2341 5742 2394 5794 in
2439 5741 2624 5809 Deum,
2655 5742 2972 5826 principium
3006 5742 3388 5811 intelligantur.
3451 5737 3628 5792 Pietas

3126 5836 3204 5896 39
