3960 6230
371 349 388 406 i
401 349 503 411 9‘2!)

1409 364 1934 469 COMMENTARll
1998 369 2073 427 lN
2116 368 2575 431 PROVERBIA.

3501 371 3635 433 1230

437 466 611 519 td-t‘l'.
686 471 775 520 ΥΙέ
809 490 947 538 μου.
982 476 1066 539 μὴ
1097 478 1394 546 πορευθῇς
1422 482 1491 534 ἐν
1517 482 1633 546 ὀδῷ
1661 487 1786 550 μετ’
1821 466 1902 538 αὖ

2106 484 2271 540 Vens.
2327 487 2508 541 15-19.
2548 485 2648 538 Fili
2702 486 2792 547 mi,
2826 501 2886 538 ne
2931 501 3018 539 eas
3050 489 3104 538 in
3134 486 3215 539 via
3243 500 3357 538 cum
3385 486 3460 539 eis
3490 502 3507 540 :
3556 504 3640 541 re-

364 557 480 609 τῶν
504 578 515 588 υ
547 559 832 612 ἕκκλινον
881 563 947 613 δὲ
996 566 1102 616 τὸν
1126 567 1281 620 πόδα
1304 586 1419 623 σου
1468 574 1535 626 ἐκ
1564 574 1681 627 τῶν
1708 577 1925 641 τρίϐων

359 647 585 699 αὐτῶν·
616 653 669 699 οἱ
703 649 812 717 γὰρ
852 652 1032 717 πόδες
1079 654 1277 709 αὐτῶν
1306 662 1388 726 εἰς
1430 664 1652 715 κακίαν
1683 665 1930 733 τρέχου-

302 798 307 803 η
361 753 444 801 σι,
475 738 573 791 καὶ
604 741 837 806 ταχινυί
863 744 980 795 εἱσι
1014 744 1116 796 τοῦ
1138 748 1338 814 ἐκχέαι
1366 746 1507 819 αἷμα
1527 769 1540 782 ·
1565 756 1636 805 οὺ
1662 754 1771 821 γὰρ
1807 755 1931 809 ἀδί-

359 846 474 894 κως
511 831 828 885 ἐκτείνεται
876 834 1087 889 δίκτυα
1125 842 1440 907 πτερωτοῖς
1466 860 1478 873 ·
1522 845 1690 899 αὐτοὶ
1733 845 1844 913 γὰρ
1878 850 1930 900 οἱ

357 922 549 987 φόνου
569 921 949 990 μετέχοντες,
977 928 1444 992 θησαυρίζουσιν
1464 933 1696 1001 ἑαυτοῖς
1733 936 1889 990 κακά
1913 953 1926 966 ⁸

356 1012 395 1075 ’1)
439 1009 509 1063 δέ
552 1014 937 1082 καταστροφὴ
987 1016 1222 1085 ἀνδρῶν
1278 1026 1670 1092 παρανόμων,
1730 1028 1926 1096 κακή·

355 1098 529 1157 αὗται
558 1105 619 1156 al
646 1103 775 1157 ὁδοί
794 1108 911 1158 εἱσι
946 1109 1182 1161 πάντων
1213 1117 1672 1170 συντελούντων
1690 1119 1763 1172 τὰ
1787 1121 1928 1173 ἄνο-

348 1208 434 1259 μα
460 1207 473 1219 ·
521 1191 594 1260 τῇ
641 1194 752 1261 γὰρ
786 1196 1027 1261 ἀσεϐείᾳ
1079 1197 1193 1265 τὴν
1239 1200 1471 1254 ἑαυτῶν
1507 1205 1721 1272 ψυχὴν
1752 1208 1926 1277 ἀφαι-

349 1299 617 1339 οουνται.

420 1373 621 1425 Τέκνον
666 1391 766 1443 μου
818 1377 1187 1457 πνευματικὸν
1214 1420 1230 1442 ,
1282 1381 1357 1450 μὴ
1412 1386 1764 1457 συνυπαχθῇς
1819 1391 1929 1453 τοῖς

346 1462 610 1524 τοιούτοις
640 1463 922 1533 ἀνδράσιν,
959 1468 1016 1518 ὲν
1052 1470 1116 1538 τῇ
1170 1467 1262 1540 οἵᾳ
1288 1487 1394 1523 τινι
1427 1472 1532 1542 ὁδῷ
1560 1477 1803 1551 φερούσῃ
1832 1480 1930 1531 ἐπ’

346 1553 644 1615 ἀπώλειαν,
676 1557 889 1626 πονηρᾷ
920 1557 1222 1631 συμϐουλίᾳ
1251 1562 1432 1615 αὐτῶν
1455 1580 1466 1591 ·
1504 1567 1739 1633 μετάθες
1760 1585 1854 1621 σου
1873 1570 1930 1623 δὲ

345 1643 445 1711 τὴν
505 1643 803 1714 ἐπιθυμίαν
853 1646 961 1699 ἀπὸ
1016 1649 1126 1703 τῶν
1180 1653 1652 1722 προοδοποιουσῶν
1702 1675 1783 1710 σοι
1831 1658 1930 1730 τὴν

346 1732 619 1801 ἁμαρτίαν
653 1736 909 1806 πονηρῶν
945 1738 1286 1808 ωμὸουλιῶν
1328 1743 1507 1796 αὐτῶν
1527 1762 1541 1776 °
1572 1747 1636 1798 τὸ
1667 1747 1778 1818 γὰρ
1807 1751 1928 1802 ἐπι-

2034 594 2175 630 move
2217 579 2397 644 pedem
2453 588 2600 630 tuum
2632 595 2662 630 a
2691 577 2891 631 semitis
2922 592 3124 630 eorum.
3164 574 3326 629 Pedes
3352 578 3492 629 enim
3524 577 3641 630 illir

2035 682 2149 719 rum
2175 666 2244 719 ad
2303 667 2502 720 malum
2524 675 2765 732 currunt,
2785 675 2834 719 et
2892 675 3013 719 sunt
3045 667 3239 720 veloces
3261 666 3329 719 ad
3363 667 3637 734 eﬂ‘undeu-

2033 754 2160 807 dum
2183 758 2489 824 sanguinem
2517 772 2533 810 :
2563 772 2667 810 non
2700 757 2838 810 enim
2869 756 3065 824 injuste
3079 757 3284 823 jacitur
3308 767 3415 810 rete
3441 772 3635 825 penna‘

2036 846 2156 901 tis:
2195 846 2320 912 ipsi,
2372 846 2607 901 aedibus
2639 847 3045 914 participautes,
3100 845 3462 900 thesaurizant
3531 843 3636 902 sibi

2034 934 2180 987 maia
2211 951 2229 988 :
2259 936 2382 1004 ﬁnis
2413 937 2713 1005 iniquorum
2772 935 2947 990 malus
2976 939 3100 990 :Iue
3153 944 3277 989 sunt
3330 936 3449 999 vite,
3515 952 3537 990 ί
3568 952 3632 990 η-

2033 1026 2179 1081 nium
2202 1026 2388 1096 iniqua
2406 1027 2674 1095 agentium
2702 1042 2720 1079 :
2756 1043 2879 1080 nam
2913 1026 3189 1095 iniquitate
3213 1026 3447 1078 animam
3475 1043 3630 1081 suam

2032 1118 2300 1172 occidunt.
2360 1116 2461 1171 Fili
2517 1119 2845 1186 spiritualis,
2908 1132 2980 1172 ne
3037 1116 3361 1190 acquiescas
3426 1119 3630 1173 talibus

2030 1209 2184 1269 viris,
2219 1208 2273 1261 in
2309 1209 2501 1278 iniquo
2527 1222 2713 1261 eorum
2733 1206 2992 1271 consilio,
3046 1215 3107 1260 ut
3136 1208 3190 1260 in
3214 1207 3299 1260 via
3329 1222 3454 1276 quae
3477 1209 3629 1264 ducit

2030 1297 2099 1350 ad
2133 1306 2406 1353 mortem:
2442 1312 2663 1353 remove
2712 1297 3045 1353 desiderium
3084 1304 3239 1351 tuum
3268 1313 3297 1351 a
3347 1300 3503 1354 malis
3532 1315 3624 1353 eo-

2031 1401 2154 1440 rum
2205 1388 2458 1443 consiliis
2505 1389 2648 1442 viam
2709 1387 2779 1442 ad
2818 1387 3049 1442 exitium
3104 1386 3457 1443 facientibus.
3487 1389 3622 1443 Nam

2032 1479 2229 1533 anima:
2278 1495 2469 1534 eorum
2526 1482 2818 1549 potentiae,
2844 1487 2903 1535 et
2941 1480 3397 1550 concupiscibilis
3446 1490 3501 1536 et
3536 1484 3620 1537 ira

2031 1567 2243 1623 scibilis
2263 1579 2522 1639 tanquam
2554 1569 2664 1624 duo
2692 1570 2881 1638 pedes,
2918 1568 3080 1624 facile
3104 1570 3171 1624 ad
3190 1570 3390 1624 malum
3411 1571 3619 1641 impetu

2032 1656 2283 1713 teruntur
2355 1679 2367 1714 :
2425 1659 2635 1715 idcirco
2686 1660 2791 1730 ipsi
2857 1661 3100 1730 prompti
3147 1661 3216 1716 ad
3277 1662 3617 1731 operandam

2029 1750 2233 1804 caedem
2290 1750 2518 1805 adsunt.
2595 1749 2873 1807 Exhortor
2927 1767 3081 1822 ergo,
3143 1760 3205 1807 ut
3276 1752 3614 1808 desiderium

345 1822 642 1893 θυμητικὸν
672 1825 872 1888 αὐτῶν,
903 1828 998 1880 καὶ
1036 1828 1099 1881 τὸ
1148 1828 1397 1899 θυμικὸν,
1424 1829 1516 1887 οἷά
1557 1851 1702 1900 τινες
1741 1837 1900 1902 πόδες

2028 1849 2180 1894 tuum
2211 1855 2242 1894 a
2272 1841 2430 1897 malis
2456 1856 2649 1898 eorum
2680 1843 2934 1899 consiliis
2963 1857 3248 1900 removeas
3277 1845 3465 1913 ;quia,
3500 1845 3610 1901 illis

343 1913 642 1985 ὀξύρροπον
670 1917 809 1986 πρὸς
833 1918 1033 1972 κακίαν
1066 1920 1347 1977 ποιοῦνται
1388 1925 1488 1994 τὴν
1516 1927 1761 1997 κίνησινο
1791 1929 1918 1984 ὅθεν

340 1998 486 2056 οὗτοι
509 2005 601 2056 καὶ
626 2008 814 2075 ταχεῖς
842 2009 922 2071 εἰς
948 2010 1009 2061 τὸ
1036 2011 1372 2079 ἐργάσασθαι
1397 2016 1557 2083 φόνον
1578 2017 1884 2090 ὑπάρχουσι
1900 2039 1913 2053 ο

344 2094 658 2161 μεταθεῖναι
688 2096 745 2149 δέ
782 2114 874 2150 σου
911 2099 1009 2167 τὴν
1038 2101 1335 2171 ἐπιθυμίαν
1362 2106 1470 2159 ἀπὸ
1508 2107 1618 2161 τῶν
1660 2112 1916 2183 πονηρῶν

340 2184 680 2253 συμϐουλιῶν
743 2190 1022 2259 παραινῶο
1058 2191 1248 2264 ὅτιπερ
1291 2196 1404 2258 τοῖς
1448 2194 1765 2267 δυναμένοις
1813 2203 1914 2272 μὲν

336 2274 426 2327 διὰ
450 2276 569 2339 νοὸς
592 2278 686 2330 καὶ
709 2278 889 2347 λόγου,
923 2280 997 2339 ὡς
1029 2280 1119 2335 διά
1136 2299 1299 2336 τινων
1320 2285 1630 2355 πτερύγων,
1660 2290 1729 2342 τὰ
1750 2291 1912 2360 γήϊνα

337 2367 480 2420 κατά
512 2368 713 2435 γνῶσιν
739 2373 831 2423 καὶ
863 2372 1064 2442 ἀρετὴν
1089 2374 1511 2445 ὑπερίπτασθαι,
1545 2381 1640 2433 καὶ
1677 2384 1816 2452 πρὸς
1843 2384 1913 2437 τά

335 2457 564 2526 οὐράνια
600 2460 896 2530 φέρεσθαι,
924 2464 1191 2533 ὲκωσίως
1219 2466 1278 2519 δὲ
1302 2466 1371 2519 δι’
1390 2469 1685 2540 ἐπιθυμίας
1713 2474 1910 2543 ἀλόγου

334 2550 431 2601 καὶ
461 2549 658 2619 θυμοῦ,
692 2550 767 2615 ὡς
802 2552 891 2607 διά
931 2571 1095 2608 τινων
1140 2556 1317 2610 ποδῶν
1348 2561 1739 2630 στρεφομένοις
1780 2569 1912 2638 περὶ

331 2640 433 2709 τὴν
460 2641 567 2695 τῶν
595 2642 799 2714 γηΐνων
830 2646 1036 2715 σχέσιν,
1070 2647 1298 2712 δικαίως
1330 2649 1705 2717 ύφαπλοῦνται
1731 2655 1909 2728 ψυχῆς

332 2733 559 2800 παγίδος
582 2736 662 2798 si:
690 2736 911 2808 ὄλεθρον
934 2754 951 2769 ο
974 2739 1130 2792 αὐτοὶ
1163 2740 1272 2809 γὰρ
1299 2741 1350 2794 οἱ
1377 2744 1490 2806 τοῖς
1520 2745 1742 2813 φονεῦσι
1766 2764 1906 2819 συμ-

331 2824 540 2889 ϐούλοις
556 2826 849 2898 χρώμενοι,
861 2831 929 2883 τὰ
944 2833 1062 2893 ταῖς
1077 2832 1284 2885 ἑαυτῶν
1299 2833 1496 2903 ψυχαῖς
1513 2836 1904 2910 λυμαινόμενα,

328 2915 545 2979 ἑαυτοῖς
588 2919 1048 2986 ἀποταμιεύονται
1074 2937 1087 2952 ·
1120 2922 1178 2975 τὸ
1206 2923 1263 2976 δὲ
1300 2922 1450 2987 τέλος
1493 2927 1602 2981 τῶν
1632 2933 1907 3000 παραθαις

327 3006 528 3061 νόντων
558 3009 660 3074 τὰς
686 3010 781 3064 τοῦ
813 3011 949 3065 Θεοῦ
981 3013 1224 3078 ἐντολὰς,
1244 3017 1323 3080 εἰς
1354 3017 1523 3070 κακὸν
1553 3018 1739 3085 αὐτοῖς
1770 3039 1905 3076 κατε

325 3101 483 3171 αντᾷ,
511 3102 997 3173 εἰσπραττομένοις
1026 3104 1183 3168 δίκας
1211 3098 1288 3159 ὧν
1319 3108 1707 3179 ἡμαρτήκασιν
1731 3130 1744 3142 ·
1804 3109 1904 3169 αὗ-

2024 1931 2120 2000 qui
2171 1940 2427 2000 possunt,
2458 1947 2585 1987 cum
2624 1932 2860 1987 scientia
2891 1943 2946 1988 et
2974 1947 3253 1996 sermone,
3292 1942 3350 1987 ut
3380 1934 3615 2003 quibus-

2017 2023 2143 2076 dam
2179 2024 2305 2090 alis,
2337 2031 2581 2090 terrena,
2637 2025 2894 2081 doctrina
2924 2034 2980 2080 et
3022 2026 3226 2081 virtute
3246 2040 3525 2096 superare,
3557 2037 3614 2081 et

2013 2113 2081 2168 ad
2113 2116 2359 2172 ccelestia
2389 2116 2544 2182 ferri,
2574 2116 2671 2172 sed
2701 2117 2799 2186 qui
2830 2116 3072 2171 libenter
3131 2115 3414 2172 desiderio
3439 2126 3493 2173 et
3521 2126 3612 2171 tu-

2015 2220 2168 2261 more
2198 2206 2522 2276 iniquitatis,
2561 2216 2619 2261 ut
2647 2206 2864 2262 duobus
2898 2208 3149 2277 pedibus,
3182 2206 3249 2261 ad
3268 2210 3606 2263 terrestrium

2007 2299 2353 2368 adeptionem
2422 2306 2755 2363 vertuntur,
2810 2300 2962 2365 iuste
3017 2301 3386 2355 extenduntur
3438 2301 3603 2369 spiri-

2014 2398 2103 2443 tus
2158 2390 2295 2445 retia
2352 2389 2407 2445 in
2462 2398 2720 2445 mortem.
2785 2390 2851 2445 Hi
2915 2400 3096 2445 autem
3151 2390 3246 2460 qui
3308 2389 3599 2446 homicidia

2012 2489 2244 2535 utuntur
2266 2482 2538 2548 consiliis,
2558 2482 2676 2537 suis
2703 2482 2996 2538 animabus
3021 2482 3260 2537 inlausta
3287 2493 3567 2536 reservant
3592 2500 3603 2533 :

2011 2572 2121 2626 illis
2152 2587 2280 2626 vero
2321 2573 2414 2642 qui
2449 2571 2545 2627 Dei
2582 2573 2837 2628 mandata
2871 2573 3216 2644 despiciunt,
3248 2573 3375 2629 finis
3429 2573 3605 2628 verti-

2011 2668 2100 2715 tur
2139 2662 2194 2716 in
2231 2664 2459 2729 malum,
2487 2663 2625 2732 ipsis
2668 2664 3016 2734 exigentibus
3063 2680 3255 2735 pinnas
3284 2678 3423 2733 quas
3465 2679 3597 2733 pec-

2009 2753 2191 2808 cando
2241 2763 2581 2811 meruerunt.
2623 2753 2718 2810 Ha:
2772 2764 2901 2812 sunt
2962 2756 3088 2810 vitae
3137 2755 3423 2826 praesentis
3474 2755 3603 2819 viae,

2011 2845 2294 2899 hominum
2331 2826 2537 2915 iniusta
2594 2847 2947 2916 operantium
2984 2864 2999 2902 :
3036 2846 3206 2901 Deum
3264 2862 3371 2900 non
3421 2845 3600 2899 hono-

2011 2934 2187 2990 rando
2210 2937 2490 3005 operibus,
2518 2936 2750 3006 scipsos,
2784 2936 2896 2990 vita
2924 2935 3222 3006 spirituali,
3249 2951 3371 3005 qua:
3400 2935 3511 2990 illis
3538 2943 3598 2989 ut

2009 3025 2227 3080 ratione
2285 3025 2553 3095 praeditis,
2607 3025 2891 3091 convenit,
2957 3024 3252 3079 irustraut.
3310 3022 3417 3079 Sed
3466 3023 3595 3079 audi
3662 3084 3670 3103 Ι

2009 3119 2180 3173 verba
2220 3118 2508 3176 doctrinae.

325 3212 418 3248 ⁴ιιαι
449 3198 548 3267 τῆς
578 3198 861 3269 παρούσης
894 3198 1041 3270 ζωῆς
1079 3202 1134 3253 αἱ
1168 3201 1417 3267 διέξοδοι,
1449 3204 1669 3259 πάντων
1699 3207 1809 3263 τῶν
1838 3212 1908 3265 τὰ
1945 3212 2237 3283 παράλογα
2267 3216 2757 3287 συνεργαζομένων
2777 3233 2790 3246 ·
2822 3215 2881 3269 ἐν
2911 3215 3021 3286 γὰρ
3049 3213 3128 3285 τῷ
3160 3214 3236 3286 μὴ
3299 3213 3469 3284 τιμᾷν
3526 3210 3596 3263 δι’

324 3288 504 3356 ἔργων
532 3290 756 3356 ἀγαθῶν
782 3291 873 3344 τὸν
918 3291 1074 3356 Θεὸν,
1105 3294 1505 3364 ἀποστεροῦσιν
1569 3300 1795 3365 ἑαυτοὺς
1840 3303 1940 3373 τῆς
2012 3305 2220 3370 οἰκείας
2246 3306 2457 3372 τούτοις
2485 3308 2561 3370 ὠς
2590 3307 2832 3375 λογικοῖς
2861 3310 3004 3364 κατά
3038 3305 3255 3375 πνεῦμα
3286 3305 3463 3373 ξωῆς’
3498 3302 3594 3359 κειὶ

330 3377 403 3431 τά
443 3378 543 3447 μὲν
577 3381 678 3450 τῆς
714 3382 984 3447 παιδείας,
1024 3383 1267 3439 τοιαῦτα.

392 3497 462 3544 κ’.
499 3493 686 3561 Σοφία
735 3494 805 3547 ἐν
851 3494 1085 3561 ἐξόδοις
1129 3499 1419 3565 ὑμνεῖται.
1457 3502 1517 3553 ’0
1542 3501 1599 3555 δὲ
1627 3505 1898 3575 περὶτῆς

2070 3504 2241 3559 Vens.
2275 3502 2367 3561 20.
2406 3501 2682 3571 Sapientia
2711 3504 2764 3558 in
2806 3503 2904 3557 viis
2956 3500 3238 3566 praedicat.
3295 3497 3589 3567 Sapientiae

321 3581 518 3649 σοφίας
551 3583 729 3651 λόγος,
759 3584 928 3648 πολύς
959 3587 1077 3638 ἐστι
1109 3587 1417 3658 πανταχοῦ·
1455 3589 1514 3642 ἐν
1545 3607 1605 3643 τε
1633 3593 1741 3663 γὰρ
1786 3597 1905 3659 ταῖς

319 3669 431 3722 ἀπὸ
457 3669 556 3738 τῆς
585 3671 727 3724 κατά
759 3672 882 3724 νοῦν
910 3674 1192 3744 ὲνδδτητος
1226 3675 1316 3728 διὰ
1359 3679 1621 3747 ῥημάτων
1672 3684 1767 3735 καὶ
1815 3683 1905 3753 ἐρ·

315 3776 435 3827 των
460 3759 767 3825 ἐξελεύσεσι
802 3763 1008 3835 ταύτης
1043 3767 1179 3836 πρὸς
1205 3767 1492 3835 ἔκφανσιν,
1535 3773 1902 3841 μεγαλύνεται

318 3850 475 3921 παρὰ
500 3854 635 3906 πᾶσι
661 3856 774 3916 τοῖς
798 3856 1059 3909 ἀκούουσι
1090 3858 1184 3911 καὶ
1219 3859 1417 3931 ὁρῶσιν
1454 3861 1612 3929 αὐτὰ,
1643 3864 1703 3916 τὸ
1731 3864 1901 3929 ὅντως

315 3941 741 3999 ὑποδεικνύοντα
780 3947 1005 4014 ἀγαθόν.

398 4055 494 4108 Ἐν
528 4056 597 4109 δὲ
634 4062 944 4127 πλατείαις
981 4066 1323 4132 παρῤησιάν
1358 4066 1504 4136 ἄγει.
1555 4068 1666 4122 Καὶ
1714 4071 1772 4122 ἐν
1814 4072 1891 4143 τῷ

310 4142 507 4199 πλάτει
535 4147 631 4216 τῆς
657 4150 715 4200 ὲν
743 4151 1014 4220 πνεύματι
1048 4155 1283 4223 φυσικῆς
1314 4155 1546 4225 θεωρίας
1581 4157 1681 4228 τὴν
1713 4161 1810 4229 τῆς
1831 4142 1887 4215 ἐν

306 4233 455 4300 ὅλοις
486 4237 745 4309 ἀληθείας
778 4244 1092 4314 παρρησίαν
1127 4245 1306 4316 φέρει,
1340 4247 1438 4317 τὴν
1485 4248 1690 4320 ταύτης
1742 4252 1893 4322 ἐνερ-

2008 3609 2209 3660 sermn,
2251 3593 2457 3648 multus
2508 3601 2591 3648 est
2623 3594 2772 3648 omni
2807 3593 2926 3648 loco
2976 3609 2987 3644 :
3026 3590 3251 3661 quando
3305 3590 3450 3643 enim
3516 3603 3583 3641 ex

2008 3701 2229 3740 recessu
2256 3686 2485 3754 Spiritus
2516 3700 2614 3755 per
2638 3686 2805 3740 verba
2859 3694 2914 3739 et
2942 3698 3113 3753 Opera
3147 3682 3214 3735 ad
3254 3679 3580 3734 manifesta-

2006 3779 2207 3831 tiunem
2251 3776 2558 3846 egreditur,
2592 3775 2873 3830 hominem
2904 3789 3098 3830 verum
3131 3774 3337 3828 bonum
3392 3781 3581 3826 osten-

2003 3867 2249 3931 dentem,
2300 3866 2617 3935 magniﬁcat
2645 3866 2790 3934 apud
2841 3879 3036 3920 omnes
3064 3863 3158 3934 qui
3190 3863 3308 3917 hac
3349 3860 3578 3916 audiunt

2001 3964 2059 4010 et
2104 3956 2311 4011 vident.

2070 4069 2136 4122 In
2164 4069 2354 4138 plateis
2377 4070 2470 4123 dat
2504 4086 2681 4125 uocem
2716 4088 2891 4125 suam.
2937 4069 3003 4124 Et
3037 4070 3090 4124 in
3117 4070 3293 4139 platea
3334 4066 3569 4123 medita-

1999 4162 2166 4215 tionis
2191 4162 2388 4217 anima:
2416 4163 2709 4228 naturalis,
2744 4165 2838 4217 dat
2870 4177 3062 4216 vocem
3096 4163 3151 4215 in
3181 4161 3439 4215 omnibus
3478 4176 3568 4213 w-

1995 4254 2198 4319 ritatis,
2253 4251 2418 4324 lmjus
2470 4254 2840 4322 cognitionem
2902 4268 3158 4324 Operans,
3214 4254 3455 4324 seipsum
3509 4255 3568 4313 in

305 4327 485 4395 γοῦσα
511 4330 711 4396 γνῶσιν
743 4331 831 4385 διὰ
860 4334 969 4387 τῶν
991 4339 1049 4388 ἐν
1077 4336 1224 4408 πάσῃ
1259 4341 1324 4408 τῇ
1351 4340 1542 4410 κτήσει
1571 4341 1889 4411 συμϐούλων

2017 4342 2137 4396 ιηιηὶ
2172 4344 2316 4398 bono
2348 4341 2760 4397 constituendo.

306 4417 501 4489 αὐτῆς.

379 4536 486 4583 καθ.
525 4529 645 4582 Ἐπ’
669 4531 867 4598 ἄκρων
907 4533 976 4587 δὲ
1012 4538 1252 4607 τειχέων
1279 4542 1669 4608 κηρύσσεται.
1710 4546 1797 4601 Ἐν
1826 4549 1882 4601 δὲ

300 4621 371 4691 τῇ
399 4621 541 4693 ἀρχῇ
575 4625 668 4677 καὶ
693 4623 771 4692 τῷ
798 4625 940 4679 τέλει
962 4627 1069 4680 τῶν
1092 4630 1249 4698 δίκην
1276 4633 1504 4702 τειχέων
1531 4636 1881 4704 φυλακτικῶν

297 4710 401 4802 τῆς
418 4712 593 4785 ψυχῆς
614 4717 823 4787 ἀρετῶν
845 4717 1265 4786 διαγινώσκεται
1282 4738 1296 4752 ·
1318 4727 1875 4802 πῳκαταόαλλομένη

297 4801 406 4873 μὲν
426 4804 530 4873 τῆς
554 4807 805 4877 πράξεως
838 4809 917 4879 τῷ
949 4809 1100 4881 φόϐῳ
1127 4811 1237 4864 τῶν
1270 4813 1504 4885 ἀρετῶν,
1520 4818 1875 4889 καταλαμϐα-

2062 4546 2127 4601 In
2161 4550 2331 4617 capite
2359 4550 2640 4602 turbarum
2672 4546 2943 4601 clamitat.
3001 4544 3059 4601 In
3091 4547 3364 4618 principio
3391 4556 3445 4602 et
3503 4544 3559 4602 in

1987 4637 2091 4692 line
2141 4638 2408 4694 virtutum
2443 4654 2566 4709 quae
2597 4638 2858 4704 animam,
2901 4646 2959 4691 ut
2988 4638 3154 4702 muri,
3219 4638 3556 4705 custodiunt,

1983 4728 2325 4797 agnoscitur,
2362 4739 2488 4786 ante
2528 4730 2827 4795 actionem,
2879 4730 3148 4785 virtutum
3214 4729 3400 4783 timori
3452 4729 3557 4783 ob-

1977 4819 2147 4887 jecta,
2182 4827 2307 4888 post
2342 4833 2474 4874 vero
2532 4818 2828 4881 actionem,
2861 4820 2915 4874 in
2970 4820 3136 4875 rebus
3157 4819 3359 4877 divinis
3391 4833 3557 4898 occu-

295 4894 501 4966 νομένη
547 4898 605 4952 δὲ
649 4901 787 4970 μετά
818 4900 915 4972 τὴν
957 4900 1155 4970 πρᾶξιν
1175 4944 1190 4969 ,
1222 4904 1443 4961 πάντων
1478 4908 1734 4964 ἐπέκεινα
1762 4912 1875 4965 τῶν

2017 4922 2124 4980 ata,
2155 4914 2353 4969 mentis
2379 4910 2523 4970 circa
2551 4911 2647 4970 eas
2676 4916 3017 4971 assiduitate.

297 4985 443 5055 μετὰ
476 4988 629 5052 Θεὸν,
666 4995 732 5063 τῇ
758 4994 888 5063 περ)⁸
919 4992 1126 5046 τούτων
1151 4993 1246 5046 τοῦ
1276 4996 1395 5059 νοὸς
1423 4999 1769 5072 προσεδρείᾳ,

382 5097 513 5152 Ἐπὶ
544 5099 612 5152 δὲ
645 5102 869 5168 πύλαις
895 5104 1218 5159 δυναστῶν
1237 5107 1607 5177 παρεδρεύει.
1647 5112 1759 5167 Καὶ
1783 5115 1876 5167 ἐπὶ

2044 5129 2112 5186 1η
2165 5102 2370 5202 [οτῆηιε
2424 5138 2717 5204 potentium
2758 5139 2919 5191 sedet.
2981 5136 3047 5190 Et
3078 5134 3131 5188 in
3163 5132 3389 5202 apertis,
3424 5137 3546 5185 tan-

285 5190 427 5252 τοῖς,
460 5190 624 5244 οἱονεί
659 5209 771 5246 τισι
801 5195 998 5259 πύλαις
1027 5198 1558 5268 ἀναπεταννυμένοις
1588 5202 1872 5274 στόμασιν,

2017 5238 2134 5277 nam
2190 5223 2520 5293 quibusdam
2584 5225 2777 5294 portis,
2811 5222 2976 5277 utvia
3042 5227 3222 5291 pateat
3278 5217 3541 5281 sermoni.

290 5281 375 5343 εἰς
406 5280 638 5345 διέξοδον
661 5285 757 5337 τοῦ
784 5287 926 5340 κατά
957 5288 1243 5359 προφορὰν
1267 5289 1428 5358 λόγου
1465 5290 1573 5344 τῶν
1602 5294 1870 5365 ἀνδρικῶς

2017 5315 2158 5370 ribus
2180 5331 2370 5370 eorum
2403 5319 2494 5386 qui
2532 5280 2766 5370 viriliter
2828 5315 3155 5385 cupiditates
3184 5314 3454 5371 vicerunt,
3486 5318 3541 5365 et

289 5371 362 5422 τὰ
392 5372 536 5443 πάθη
569 5378 1124 5447 καταγωνισαμὲνων,
1162 5381 1257 5435 καὶ
1285 5377 1601 5453 δυναμένων
1635 5388 1727 5438 καὶ
1755 5389 1870 5441 ἐτέ-

291 5480 423 5531 ρους
470 5465 530 5529 ἐξ
568 5466 749 5522 αὐτῶν
784 5468 1049 5540 ῥύεσθαι,
1094 5471 1492 5537 διδασκαλικῶς
1537 5478 1864 5550 παρακάθη-

286 5568 397 5606 ται.

354 5643 482 5695 Ἐπὶ
507 5642 563 5696 δὲ
585 5646 710 5708 ταῖς
738 5645 874 5716 πρὸς
902 5648 1230 5712 κατανόησιν
1259 5651 1367 5705 τῶν
1398 5655 1455 5707 ὲν
1481 5657 1594 5720 τοῖς
1622 5654 1743 5710 οὖσι
1770 5659 1860 5712 λό-

283 5748 400 5799 γων
421 5774 436 5801 ,
469 5735 800 5805 εἰσαγωγοῖς
834 5738 934 5807 τῆς
963 5739 1071 5792 τῶν
1100 5741 1314 5812 ὁρατῶν
1348 5748 1654 5815 φαντασίας
1681 5752 1882 5824 αἰσθή,

1966 5413 2197 5472 possunt
2229 5406 2368 5460 alios
2394 5422 2457 5459 ex
2497 5406 2604 5461 illis
2638 5406 2898 5471 liberare,
2945 5419 3096 5458 more
3147 5402 3539 5475 magistrorum

1963 5496 2136 5551 sedet.

2102 5666 2188 5722 Ad
2246 5669 2670 5736 intelligentiam
2753 5688 3072 5729 sermonum
3162 5676 3229 5730 de
3298 5678 3516 5731 cutibus

1989 5756 2044 5811 in
2119 5757 2596 5818 iutroduceutibus
2671 5763 2976 5820 visibilium
3033 5768 3532 5824 manifestationcm

3371 5968 3405 5975 ,ο
