3960 6230
384 318 524 388 1233

1396 335 1934 404 COMMENTARII
1969 344 2051 403 IN
2084 340 2541 413 PROVERBIA.

3496 368 3633 437 1234

443 432 795 503 Ζητιξσόυσί
819 457 890 507 με
919 442 1112 508 κακοί,
1133 441 1231 499 καὶ
1259 446 1371 515 οὐχ
1389 449 1785 518 εὑρήσουσιν.
1815 455 1920 523 Δεη

2130 457 2379 527 Quaerant
2406 477 2487 515 me
2511 461 2682 529 impii,
2714 470 2895 521 etnon
2932 468 3216 529 invenient.
3249 471 3626 536 Precabuutu.

371 523 626 592 θήσονται
653 528 762 599 γάρ
800 547 903 600 μου
932 536 1221 589 κακοποιοὶ
1240 577 1256 602 ,
1287 538 1415 592 ὅταν
1443 541 1510 594 τὰ
1537 542 1739 612 ἀνιαρὰ
1783 560 1952 597 κατα-

368 613 509 688 λάϐῃ
534 618 751 683 αὐτοὺς,
788 620 926 692 πρὸς
955 623 1280 698 ἀπαλλαγὴν
1305 629 1414 683 τῶν
1433 631 1716 698 τοιούτων,
1739 633 1835 688 καὶ
1854 635 1953 688 οὐκ

370 705 647 775 ἐπιτυχεῖς
681 725 792 777 μου
833 712 1178 781 γενήσονται.

438 798 540 859 κΘ’,
571 796 635 852 λ’.
674 801 1011 869 Ἑμίσησιιν
1047 804 1156 873 γὰρ
1196 796 1424 877 σοφίαν
1447 826 1459 840 ·
1491 812 1599 865 τὸν
1649 810 1719 865 δὲ
1764 814 1954 882 φόϐον

367 889 587 953 Κυρίου
617 892 690 943 οὐ
730 893 1082 962 προείχοντο
1104 912 1118 927 ο
1149 898 1292 951 οὐδὲ
1321 899 1544 967 ἤθελον
1563 902 1728 972 ἐμαῖς
1759 918 1950 972 προσ-

363 980 529 1046 ἐχειν
545 982 808 1050 βουλαῖς
830 1001 844 1014 ⁶
887 988 1299 1057 ἐμυκτήρισαν
1329 990 1397 1044 δὲ
1434 993 1616 1061 ἐμοὺς
1635 996 1945 1065 ἐλέγχους.

365 1068 600 1140 Ὅτιπερ
628 1073 728 1143 ἐμὲ
758 1076 856 1144 τὴν
881 1079 1072 1143 σοφίαν
1104 1081 1173 1133 τὰ
1202 1082 1396 1137 δέοντα
1425 1084 1826 1157 ὑποτιθεμένην
1851 1089 1948 1142 αὺ-

363 1159 472 1218 τοῖς
505 1159 968 1232 ἀπεστράφησαν
1007 1168 1102 1220 καὶ
1132 1170 1222 1221 τὸν
1258 1169 1401 1223 θεῖον
1428 1173 1591 1241 φόϐον
1612 1214 1627 1237 ,
1658 1175 1717 1228 ὃν
1751 1178 1778 1229 ὁ
1812 1194 1948 1247 κτη-

364 1247 600 1316 σάμενος
630 1251 732 1321 τῆς
776 1255 912 1323 πρός
953 1275 1021 1327 με
1059 1259 1334 1330 φερούσης
1377 1263 1497 1315 ὀδοῦ
1530 1266 1851 1337 ἀπέρχεται,
1884 1270 1946 1322 οὐ

358 1338 467 1390 τῶν
499 1341 672 1395 ἄλλων
704 1346 924 1400 πάντων
956 1353 1320 1425 προέκριναν·
1351 1355 1473 1409 οὐδὲ
1508 1358 1755 1413 ὑπείκειν
1778 1361 1946 1431 ἠϐού-

355 1429 513 1483 λοντο
561 1437 682 1498 ταῖς
731 1439 896 1505 ἐμαῖς
946 1447 1328 1513 παραινέσεσι,
1367 1448 1461 1500 καὶ
1512 1450 1640 1513 τοὺς
1692 1453 1786 1504 ἐπὶ
1833 1455 1945 1516 τοῖς

359 1522 757 1595 ἁμαρτήμασιν
796 1532 976 1587 αὐτῶν
1014 1537 1183 1604 ἐμοὺς
1223 1538 1480 1608 ἐλέγχους
1517 1542 1822 1610 διέπαιξαν.

323 1618 334 1701 5'
429 1613 526 1667 λα’.
575 1620 913 1688 Τοιγαροῦν,
948 1623 1186 1678 ἔδονται
1216 1626 1323 1695 τῆς
1353 1630 1584 1684 ἑαυτῶν
1621 1633 1763 1687 ὀδοῦ
1802 1635 1946 1701 τοὺς

319 1708 328 1798 ἔ
356 1708 655 1774 καρπούς-ο
680 1710 779 1763 καὶ
807 1710 919 1781 τῆς
943 1715 1175 1771 ἑαυτῶν
1204 1719 1521 1790 ἐπιθυμίας
1546 1724 1941 1793 πλησθήσον-

356 1811 469 1848 ται.
509 1801 709 1872 Διόπερ
737 1804 1004 1872 φάγονται
1034 1810 1133 1880 τῆς
1162 1810 1374 1864 ἑαυτῶν
1400 1813 1670 1883 ἐργασίας
1700 1819 1798 1880 τὰς
1819 1819 1943 1873 ὲπι-
1973 1802 2017 1857 Β

356 1889 596 1956 καρπίας
615 1905 630 1918 ’
668 1892 764 1944 καὶ
797 1894 899 1966 τῆς
929 1899 1108 1969 κακῆς
1138 1900 1374 1971 ὀρέξεως
1403 1902 1618 1958 ἑαυτῶν
1657 1906 1820 1978 κόρον
1845 1907 1943 1980 λή-

346 1972 568 2046 ψονται,
604 1981 735 2034 ὅταν
760 1984 830 2038 τὰ
856 1986 1063 2043 τούτων
1092 1991 1347 2063 ἐπίχειρα
1373 1996 1658 2070 καταλάϐῃ
1681 1972 1901 2065 αὖτούςί

422 2069 525 2141 ιβ’.
550 2072 697 2128 Ἀνθ’
725 2069 815 2130 ὧν
853 2081 964 2147 γὰρ
1009 2080 1267 2149 ἠδίκουν
1304 2086 1598 2155 νηπίους,
1640 2094 1938 2161 φονευθή-

349 2176 563 2217 σονται
587 2181 602 2195 ·
641 2168 739 2220 καί
767 2168 1106 2243 ἐξετασμὸν
1133 2176 1338 2233 ὀλέσει
1374 2182 1632 2249 ἀσεϐεῖς.
1671 2185 1843 2258 Ὑπὲρ
1874 2182 1937 2241 οὗ

349 2253 459 2325 γὰρ
500 2258 613 2319 τοῖς
660 2259 892 2324 τελείοις
937 2264 1036 2333 μὲν
1064 2265 1143 2337 τῷ
1174 2273 1518 2342 φρονήματι,
1546 2278 1613 2346 τῇ
1662 2277 1719 2330 δὲ
1768 2253 1938 2350 κακίᾳ

348 2345 709 2415 νηπιάζουσιν
755 2351 976 2416 ἀδίκους
1019 2358 1211 2427 χεῖρας
1253 2362 1547 2430 ἐπέϐαλον,
1591 2345 1779 2436 ἀωρον
1826 2367 1933 2421 δὼς-

352 2454 516 2491 σουσι
542 2438 772 2495 θάνατον
793 2461 806 2474 ·
849 2445 945 2498 καὶ
990 2447 1023 2516 ὴ
1076 2449 1217 2503 κατὰ
1247 2451 1310 2505 τὸ
1343 2454 1519 2523 παρὸν
1543 2458 1794 2523 ἐξέτασις
1825 2461 1934 2515 τῶν

348 2530 527 2599 ἔργων
554 2530 654 2600 τῆς
682 2533 922 2599 ἀδικίας,
949 2528 1077 2602 τοὺς
1108 2542 1183 2610 μὴ
1206 2541 1274 2596 δι’
1290 2545 1665 2618 ἀγαθοεργίας
1685 2552 1776 2604 τὸν
1800 2552 1934 2607 Θεὸν

346 2618 623 2688 τιμῶντας
673 2627 956 2692 ἀπολέσει,
989 2633 1303 2700 στερήσασα
1349 2637 1448 2708 τῆς
1493 2639 1640 2710 ζωῆς
1674 2644 1780 2714 πρὸ
1812 2663 1933 2698 και-

349 2711 443 2779 ροῦ
460 2728 477 2744 ο
500 2714 692 2784 ἄνδρες
718 2717 828 2785 γὰρ
855 2712 1106 2788 αἱμάτων
1130 2727 1226 2803 καὶ
1255 2726 1583 2801 δολιότητος,
1606 2734 1667 2786 οὐ
1798 2739 1935 2811 ἡμιέ

346 2801 600 2858 σεύσουσι
638 2807 733 2870 τὰς
772 2811 985 2881 ἡμέρας
1023 2801 1224 2875 αὐτῶν.

415 2894 517 2963 λγ’.
562 2895 613 2948 ⁸.)
653 2897 722 2951 δὲ
757 2901 904 2970 ἐμοῦ
931 2904 1187 2973 ἀκούων,
1212 2913 1669 2980 κατασκηνώσει
1708 2916 1802 2970 ἐπ’
1830 2919 1929 2974 ἐλ-

341 2986 472 3040 πίδι
488 3007 503 3019 -
529 2989 626 3043 καὶ
650 2991 948 3062 ἡσυχάσει
977 2999 1214 3068 ἀφόϐως
1238 3004 1356 3057 ἀπὸ
1380 3008 1607 3074 παντὸς
1638 3011 1846 3067 κακοῦ.
1865 3013 1927 3069 ’0

339 3076 387 3131 δ’
407 3080 530 3149 ἐμοὶ
561 3083 907 3154 πειθόμενος,
932 3090 1151 3154 καὶτὰς
1183 3092 1332 3158 θείας
1365 3096 1587 3162 ἐντολὰς
1616 3101 1921 3171 ἐργαζόμε-

343 3184 454 3232 νος,
495 3173 564 3225 τὰ
595 3175 860 3243 μέλλοντα
885 3181 1070 3248 ἀγαθά
1100 3186 1221 3251 ταῖς
1250 3186 1465 3242 ἐλπίσιν
1497 3190 1596 3261 ἤδη
1628 3194 1922 3263 καρπώσε-

340 3272 432 3309 ται
460 3261 518 3311 ἐν
546 3262 757 3328 τούτοις
786 3268 927 3321 κατὰ
962 3270 1282 3342 προαίρεσιν
1310 3276 1408 3346 τὴν
1437 3280 1723 3334 κατοικίαν
1747 3283 1923 3353 πηξά-

343 3365 539 3416 μενοςο
589 3356 683 3407 καὶ
726 3359 835 3410 ἀπὸ
878 3360 1060 3431 πάσης
1101 3366 1301 3429 κακίας
1334 3370 1766 3441 συσταλήσεται·
1801 3377 1924 3446 οὐχὶ

339 3438 600 3506 δουλικῶς
613 3444 691 3513 τῷ
715 3446 824 3499 τῶν
844 3450 1120 3505 κολάσεων
1143 3447 1312 3526 φόϐῳ,
1328 3458 1462 3513 ἀλλὰ
1485 3438 1671 3527 υἱικῶς
1691 3468 1759 3536 τῇ
1786 3438 1923 3537 apii;

338 3527 401 3584 τὸ
438 3536 686 3603 κρ-ἶττον
725 3546 964 3612 στοργῇο
1006 3544 1157 3597 ἐνθεν
1196 3564 1278 3600 τοι
1303 3562 1320 3579 ⁸

937 3678 1187 3736 ΚΕΦΑΛ.
1236 3684 1313 3740 B'.

410 3807 482 3856 α’.
536 3804 646 3870 Υἱὲ,
694 3809 805 3863 ἐὰν
845 3811 1176 3884 δεξάμενος
1219 3818 1412 3890 ῥῆσιν
1446 3822 1598 3893 ἐμῆς
1638 3827 1915 3900 ἐντολῆς,

337 3893 575 3962 κρύψῃς
596 3901 756 3967 παρὰ
777 3905 1032 3970 σεαυτῷ.
1070 3907 1130 3961 Ὀ
1160 3911 1571 3984 υίοοετούμενός
1595 3935 1687 3989 μοι
1707 3921 1793 3974 διὰ

336 3980 397 4035 ἐν
429 3986 703 4055 πνεύματι
730 3990 1100 4064 διδασκαλίας,
1132 4000 1227 4055 ἐὰν
1272 3980 1718 4077 παραδεξάμενος
1757 3980 1916 4082 λόγον

334 4073 672 4134 ἀπαιτοῦντά
700 4099 758 4135 σε
786 4084 847 4138 τὸ
874 4087 1007 4158 ἐμὸν
1034 4089 1311 4162 βουλητὸν,
1342 4073 1583 4172 φυλάξῃς
1615 4073 1804 4157 τουτον
1831 4073 1914 4161 ’ἐν

334 4164 413 4237 τῷ
448 4167 549 4238 τῆς
583 4170 760 4245 ψυχῆς
802 4193 895 4230 σου
938 4164 1361 4258 μνημονευτικῷν
1395 4164 1799 4264 ἀνεπίληστον.-

407 4257 474 4328 β’.
516 4260 944 4324 Ἐπακούσεται
992 4276 1213 4342 σοφίας
1240 4278 1307 4330 τὸ
1332 4257 1459 4346 οὖς
1504 4257 1643 4338 σου.
1669 4283 1912 4352 ’Υπείξει

334 4350 476 4405 κατὰ
518 4354 719 4425 πρᾶξιν
761 4358 839 4429 τῷ
871 4362 970 4432 τῆς
1013 4367 1196 4432 αἰτίας
1238 4373 1627 4446 ἀπαγγελτικῷ
1676 4350 1910 4449 ἔμφρονι

331 4440 500 4512 λόγῳ,
530 4446 591 4498 τὸ
623 4448 798 4520 τούτῳ
825 4455 906 4516 εἰς
936 4454 1285 4532 δικαιοσύνην
1319 4440 1739 4532 ἐπιπειοέςτσουί,
1763 4440 1910 4541 φημὶ
1938 4488 1988 4547 ι)

330 4530 390 4584 δὲ
422 4534 484 4586 τὸ
510 4536 930 4611 ἐπιθυμητικὸν,
961 4548 1059 4600 καὶ
1077 4551 1139 4602 to
1172 4530 1405 4622 θυμικόν
1426 4573 1439 4587 ο
1472 4557 1533 4611 τὸ
1564 4559 1663 4629 μὲν
1697 4530 1911 4634 σωφρό-

331 4640 438 4688 νως
474 4627 582 4681 ἀπὸ
615 4631 722 4684 τῶν
752 4636 874 4688 κατ’
906 4638 1161 4712 αἴσθησιν
1197 4645 1368 4715 ἡδέων
1401 4627 1871 4722 ἐγκρατευόμενον
1892 4672 1906 4686 ·

329 4715 389 4767 τὸ
422 4717 782 4792 δὲ’ἀνδρείως
820 4729 889 4780 τὰ
935 4732 1076 4785 κατά
1117 4734 1277 4805 σῶμα
1314 4715 1540 4811 Ολιόερά
1581 4715 1871 4814 ὑπομένον.

400 4810 511 4862 Καὶ
546 4818 912 4885 παραϐαλεὶς
939 4823 1192 4890 καρδίαν
1216 4842 1332 4882 σου
1366 4834 1452 4897 είς
1472 4810 1740 4888 σύνεσιν
1756 4853 1771 4867 ο
1798 4853 1910 4892 πα-

317 4898 607 4968 ραϐαλεῖς
638 4903 708 4958 δὲ
752 4911 949 4979 αὐτὴν
978 4917 1066 4980 είς
1089 4920 1452 4987 νουθέτησιν
1492 4925 1572 4991 τῷ
1610 4927 1721 4993 Υίῷ
1768 4945 1906 4987 σου.

328 4990 439 5043 Καὶ
469 4994 784 5067 ἀπαλλαγὲν
816 5003 916 5073 τῆς
961 5007 1243 5075 ὲμπαθοῦς
1286 5011 1435 5082 ζωῆς
1472 4990 1720 5090 τὸδίκην
1766 5039 1907 5094 καρ-

325 5081 463 5148 δίας,
487 5088 589 5177 τῆς
638 5091 697 5144 ἑν
742 5095 1013 5165 πνεύματι
1047 5100 1194 5171 ζωῆς
1216 5143 1231 5166 ,
1284 5081 1636 5174 μεταδοτικδν
1665 5081 1776 5177 τοῖς
1805 5081 1910 5168 λοι-

325 5175 453 5271 inci;
487 5176 586 5247 τῆς
630 5180 811 5253 ψυχῆς
848 5187 1040 5259 μέρεσι
1081 5198 1267 5265 νοερόν
1309 5216 1435 5264 σου,
1468 5201 1723 5271 ἐμϐαλεῖς
1758 5175 1906 5261 ’κατὰ

324 5263 562 5365 θεωρίαν
589 5273 669 5337 εἰς
688 5274 788 5346 τὴν
812 5279 911 5349 τῆς
936 5263 1197 5353 ἀληθείας
1214 5263 1512 5359 ἐπίγνωσιν
1532 5311 1545 5323 ·
1569 5263 1828 5365 ἐμϐαλεῖς
1848 5301 1904 5355 δὲ

268 5358 274 5363 ’
324 5350 486 5413 τοῦτο
514 5364 650 5434 πρὸς
679 5367 1029 5430 διδασκαλίαν
1061 5385 1442 5456 πνευματικὴν
1493 5387 1586 5441 τοῦ
1637 5390 1703 5443 δι’
1732 5393 1904 5465 αὐτῆς

324 5449 735 5524 υεοθετουμένου
775 5476 878 5520 σοι,

394 5542 465 5613 γ’.
500 5543 644 5600 Ἐὰν
666 5550 800 5645 ,γὰρ
851 5555 968 5621 τὴν
1013 5562 1238 5630 σοφίαν
1279 5566 1636 5641 ἐπικαλέσῃ,
1683 5577 1779 5629 καὶ
1828 5578 1902 5645 τῇ

321 5637 572 5691 συνέσει
614 5638 732 5708 δῷς
757 5649 969 5715 φωνήν
1007 5668 1122 5704 σοη
1141 5693 1154 5715 ,
1178 5656 1299 5722 τὴν
1318 5658 1388 5712 δὲ
1412 5637 1703 5730 αἷσθήσιν·
1725 5637 1897 5735 ζὴτήζ

309 5739 441 5794 «me
462 5731 701 5802 μεγάλῃ
729 5734 800 5805 τῇ
825 5739 1013 5810 φωνῇ.
1061 5743 1120 5797 Ei
1149 5746 1254 5818 γὰρ
1289 5751 1534 5823 αἰτήσεις
1560 5758 1709 5829 παρᾶ
1735 5731 1894 5827 Beati,

2062 560 2149 601 me
2182 549 2325 602 mala
2354 550 2642 616 facientes,
2673 569 2798 610 cum
2823 560 3000 614 tristia
3030 563 3293 620 irruerint
3319 584 3489 639 super
3510 585 3631 639 eos,

2060 647 2116 689 ut
2154 638 2222 692 ab
2256 637 2342 696 his
2376 640 2705 709 liberentur,
2743 658 2953 705 etame
2986 653 3125 707 nihil
3154 637 3505 714 obtinebunt.

2128 828 2294 909 Vens.
2317 833 2407 899 ἓξ),
2427 835 2512 890 50.
2535 836 2680 891 Nam
2712 856 2930 897 exosum
2943 844 3235 903 habuerunt
3261 851 3628 924 disciplinam,

2051 932 2100 976 et
2133 925 2375 979 timorem
2408 926 2627 983 Domini
2661 948 2765 986 non
2785 949 3151 1004 susceperunt,
3186 950 3241 997 et
3272 958 3378 998 non
3412 948 3629 1014 acquie-

2053 1029 2234 1069 verunt
2263 1033 2376 1072 meo
2408 1021 2650 1086 consilio,
2681 1034 2731 1077 et
2761 1026 3022 1083 universa:
3040 1033 3360 1100 correptioni
3391 1052 3518 1091 mete
3537 1037 3628 1092 de-

2052 1118 2357 1164 traxerunt.
2414 1109 2553 1176 Quia
2600 1131 2688 1168 me
2724 1118 3050 1186 sapientiam
3095 1125 3480 1181 convenientia
3528 1129 3629 1184 do-

2051 1205 2288 1260 centem,
2337 1199 2691 1269 abjecerunt;
2724 1215 2778 1259 et
2815 1205 2906 1260 Dei
2940 1209 3216 1274 timorem,
3253 1229 3415 1283 quem
3449 1217 3626 1282 possi-

2050 1288 2212 1355 dens,
2278 1290 2363 1345 via
2412 1293 2479 1347 ad
2521 1310 2608 1350 me
2660 1296 2897 1353 ducente
2941 1316 3050 1354 non
3095 1303 3326 1369 recedit,
3366 1307 3626 1364 omnibus

2051 1379 2177 1433 aliis
2215 1382 2384 1437 rebus
2419 1397 2529 1437 non
2582 1389 2979 1456 praetulerunt;
3011 1400 3068 1446 et
3107 1395 3245 1446 meis
3279 1397 3626 1452 exhortatio-

2050 1472 2213 1527 nibus
2243 1475 2602 1545 acquiescere
2620 1480 2941 1549 noluerunt,
2977 1494 3032 1540 et
3058 1500 3210 1541 meas
3244 1488 3298 1541 in
3325 1504 3480 1544 suam
3505 1506 3623 1544 ma-

2049 1560 2220 1615 litiam
2263 1566 2672 1636 increpationes
2704 1571 2986 1643 fugerunt.

2119 1652 2286 1709 Vens.
2314 1657 2403 1711 51.
2443 1658 2723 1716 Comedent
2745 1665 2915 1735 igitur
2934 1667 3139 1736 fructus
3169 1671 3287 1725 vita:
3313 1688 3452 1734 sum;
3479 1675 3621 1728 suis-

2047 1760 2146 1814 que
2182 1747 2424 1802 consiliis
2472 1752 2886 1809 saturabuntur.
2933 1757 3148 1813 Idcirco
3185 1761 3476 1816 comedent
3505 1762 3621 1816 fru-

2046 1843 2171 1890 ctus
2213 1836 2465 1894 laborum
2505 1857 2756 1911 suorum,
2792 1855 2845 1900 et
2883 1848 3045 1903 malis
3085 1841 3480 1907 saturabuntur
3522 1867 3619 1907 cu-

2044 1924 2397 1994 piditatibus,
2432 1945 2563 1986 cum
2597 1933 2793 1989 Irarum
2830 1941 3055 2018 praemia
3091 1941 3416 1997 advenerim
3449 1942 3581 2001 illis.

2112 2102 2281 2161 Vnns.
2314 2106 2404 2163 32.
2439 2108 2667 2180 Propter
2687 2115 2991 2184 injustitias
3022 2119 3194 2188 factas
3224 2124 3489 2190 parvulis,
3525 2140 3616 2178 oc-

2039 2194 2306 2264 cidantur,
2340 2210 2392 2254 et
2432 2200 2702 2260 discussio
2736 2220 2913 2279 perget
2958 2211 3173 2278 impios.
3215 2212 3323 2267 Pro
3366 2229 3434 2269 eo
3469 2215 3617 2284 quod

2039 2285 2095 2340 in
2120 2284 2338 2344 adultos
2368 2293 2755 2365 intelligentia,
2782 2301 3103 2373 malitiaque
3159 2306 3416 2372 parvulos
3441 2308 3617 2376 injus-

2036 2387 2123 2432 tas
2149 2381 2494 2451 conjecerint
2523 2402 2744 2449 manus.
2768 2391 3059 2447 immatura
3082 2396 3395 2464 plertenlur
3416 2407 3611 2454 morte:

2035 2480 2090 2525 et
2113 2470 2394 2530 discussio
2415 2475 2485 2529 de
2510 2480 2850 2547 supradictis
2881 2485 3145 2552 operibus
3169 2487 3396 2555 iniquis,
3420 2490 3614 2558 perdet

2033 2576 2130 2618 eos
2151 2563 2244 2633 qui
2276 2564 2444 2620 Deum
2487 2571 2752 2640 operibus
2795 2590 2904 2629 non
2932 2578 3138 2642 colunt,
3190 2582 3305 2635 vita
3358 2597 3453 2637 eos
3487 2591 3614 2638 ante

2033 2664 2249 2726 tempus
2296 2663 2541 2738 spoliatis
2577 2680 2591 2717 :
2634 2682 2758 2721 nam
2789 2669 2893 2723 viri
2930 2670 3279 2743 sanguiuum‘
3306 2683 3360 2729 et
3394 2677 3614 2733 astutiae

2030 2749 2202 2804 vitam
2230 2752 2384 2808 nullo
2416 2757 2580 2812 modo
2617 2773 2968 2836 aversantur.

2101 2926 2269 2988 Vens.
2306 2935 2396 2991 '55.
2433 2938 2538 3005 Qui
2567 2953 2743 2998 autem
2793 2964 2873 3019 me
2920 2949 3172 3014 audierit,
3213 2954 3501 3021 requiescet
3554 2960 3613 3008 in

2028 3031 2136 3083 spe,
2171 3024 2298 3099 etin
2333 3028 2503 3095 quiete
2545 3036 2802 3101 manebit,
2835 3039 3025 3094 timore
3060 3042 3332 3097 malorum
3371 3044 3607 3099 sublato.

1951 3135 1993 3191 ο
2028 3104 2131 3172 Qui
2158 3126 2243 3165 me
2283 3116 2458 3182 audit,
2490 3126 2543 3173 et
2594 3122 2685 3177 Dei
2731 3128 2989 3197 mandata
3019 3133 3288 3199 custodit,
3319 3132 3482 3191 bonis
3526 3137 3609 3191 lu-

2033 3198 2174 3257 turis
2201 3200 2315 3270 jam
2368 3220 2464 3278 Spe
2497 3209 2733 3280 fruetur,
2761 3230 2883 3272 cum
2917 3220 2979 3277 in
3013 3222 3104 3277 his
3145 3198 3382 3280 libenter
3421 3226 3609 3281 sedem

2030 3303 2186 3343 suam
2218 3295 2601 3369 collocaverit;
2636 3308 2781 3361 etab
2810 3312 2961 3365 omni
2989 3314 3194 3368 malitia
3231 3315 3472 3378 recedet,
3498 3332 3607 3371 non

2031 3386 2089 3430 ut
2116 3395 2332 3448 servus,
2369 3389 2567 3445 timore
2597 3397 3020 3467 suppliciorum,
3058 3402 3154 3458 sed
3187 3415 3244 3457 ut
3267 3403 3410 3460 illius
3456 3420 3609 3461 aum-

2029 3483 2089 3525 re
2121 3473 2368 3530 molioris
2395 3479 2545 3535 boni.
2578 3482 2708 3539 lude
2737 3486 2874 3544 haec.

2595 3714 2754 3770 CAP.
2786 3717 2850 3772 ll.

2093 3831 2261 3890 Vens.
2292 3838 2341 3893 1.
2364 3840 2507 3915 Fili,
2536 3847 2583 3898 si
2611 3852 2907 3920 suscipiens
2926 3869 3194 3911 sermones
3219 3857 3601 3924 mandatimci,

2026 3920 2324 3982 abscondas
2356 3935 2499 4001 apud
2553 3945 2620 3989 te.
2662 3940 2973 4012 AdOptatus
3029 3960 3059 3999 a
3098 3962 3183 4001 me
3222 3963 3324 4017 pro
3366 3948 3475 4003 lilio
3506 3920 3604 4020 per

2024 4017 2368 4085 spiritualem
2418 4025 2753 4099 doctrinam,
2818 4033 2866 4089 si
2898 4038 3209 4107 suscipiens
3264 4055 3600 4105 sermonem.

2022 4107 2115 4173 qui
2145 4123 2323 4164 meam
2357 4114 2698 4173 voluntatem
2736 4132 2790 4177 te
2816 4124 2998 4191 docet,
3033 4130 3314 4184 custodias
3344 4130 3519 4195 illum,
3543 4132 3599 4185 in

2020 4200 2287 4253 memoria
2311 4204 2498 4260 cordis
2532 4209 2609 4262 tui
2641 4214 3004 4273 reconditum.

2091 4288 2261 4347 Vens.
2287 4295 2340 4348 ‘2.
2373 4296 2567 4355 Audiet
2594 4304 2915 4370 sapientiam
2950 4312 3099 4365 auris
3152 4321 3264 4366 tua.
3292 4310 3516 4369 Obediel
3544 4315 3597 4369 in

2020 4381 2201 4448 praxi,
2240 4388 2494 4453 prudenti
2526 4395 2795 4450 rationem
2832 4401 3108 4455 nuntianti
3158 4404 3424 4471 sermoni,
3449 4408 3594 4476 quod

2017 4469 2071 4525 in
2095 4480 2148 4527 te
2185 4490 2281 4544 per
2325 4478 2477 4533 illum
2507 4483 2573 4537 ad
2600 4484 2875 4552 justitiam
2902 4491 3099 4556 fertur,
3138 4493 3192 4547 id
3217 4503 3322 4562 est,
3351 4469 3594 4566 potentia

2016 4566 2470 4633 concupiscibilis
2513 4575 2713 4631 anima:
2738 4589 2792 4632 et
2821 4578 3116 4639 irascibilis
3137 4626 3152 4653 ,
3174 4585 3283 4640 alia
3316 4589 3596 4658 sapienter

2015 4665 2045 4703 a
2070 4668 2336 4711 sensuum
2358 4660 2640 4731 voluptate
2667 4668 2978 4738 abstinens,
3017 4675 3126 4730 alia
3179 4670 3416 4735 viriliter
3451 4684 3592 4735 mala

2014 4746 2267 4812 corporis
2297 4751 2601 4809 sustinens.

2081 4835 2383 4897 lnclinabis
2418 4862 2512 4901 cor
2563 4860 2711 4904 tuum
2769 4855 2838 4906 ad
2879 4854 3261 4926 prudentiam,-
3309 4863 3590 4925 inclinabis
3683 4920 3693 4943 ρ

2011 4932 2163 4985 illam
2192 4934 2247 4989 in
2275 4939 2691 4998 admonitionem
2733 4948 2849 5016 [ilio
2891 4960 3003 5006 tuo.
3040 4952 3104 5005 Et
3131 4964 3446 5009 remotama
3471 4967 3588 5011 tur-

2011 5021 2134 5073 bata
2164 5025 2305 5089 vita,
2323 5043 2444 5096 qua:
2462 5034 2645 5089 cordis
2664 5034 2819 5104 juste
2840 5048 3090 5105 vocatur,
3116 5043 3422 5112 spiritualis
3450 5048 3598 5113 vita?

2008 5130 2138 5185 erga
2167 5120 2306 5175 alias
2341 5124 2539 5179 animm
2582 5130 2861 5196 potentias
2921 5132 3238 5200 liberalem,
3289 5136 3585 5194 inclinabis

2011 5209 2364 5267 meditatione
2414 5214 2846 5273 intellectualem
2902 5224 3202 5292 potentiam
3236 5226 3303 5279 ad
3334 5230 3584 5283 veritatis

1974 5354 1978 5359 ,
2009 5303 2470 5369 recognitionem:
2522 5307 2818 5365 incliuabis
2849 5322 3032 5366 autem
3080 5329 3199 5369 eam
3228 5317 3295 5371 ad
3323 5318 3581 5386 spiritua-

2005 5391 2112 5446 lem
2146 5392 2458 5451 doctrinam
2483 5399 2624 5467 ejus,
2665 5403 2758 5469 qui
2781 5417 2876 5470 per
2910 5403 3057 5459 lianc
3089 5404 3232 5463 ﬁlius
3268 5411 3582 5481 adoptionis

2005 5485 2110 5540 crit
2136 5488 2254 5542 tibi.

2074 5575 2235 5632 Vtzns.
2276 5580 2326 5633 5.
2366 5579 2427 5633 Si
2451 5582 2589 5635 enim
2610 5584 2936 5653 sapientia»:
2970 5588 3333 5656 invocaveris,
3378 5602 3430 5645 et
3493 5595 3580 5645 in-

2002 5666 2282 5721 tlinaccn’s
2345 5684 2437 5722 cor
2487 5679 2634 5723 tuum
2678 5674 2994 5739 prudentia’,
3058 5686 3106 5729 et
3177 5679 3578 5750 intelligentia»:

2002 5760 2273 5829 quarsicitis
2310 5776 2500 5831 magna
2560 5778 2699 5818 voce.
2738 5763 2796 5819 Si
2841 5768 2986 5822 enim
3037 5768 3220 5837 allen,
3263 5769 3577 5842 illamque
