  <div class='ocr_page' id='page_1' title='image "/cluster/home/n/w/nwhite01/storage/ocr_20150623/87 pt.1/mdp.39015032856539/655.png"; bbox 0 0 3960 6230; ppageno 0'>
   <div class='ocr_carea' id='block_1_1' title="bbox 397 378 532 444">
    <p class='ocr_par' dir='ltr' id='par_1_1' title="bbox 397 378 532 444">
     <span class='ocr_line' id='line_1_1' title="bbox 397 378 532 444; baseline 0.022 -3"><span class='ocrx_word' id='word_1_1' title='bbox 397 378 532 444; x_wconf 73' lang='lat'><strong>1235</strong></span> 
     </span>
    </p>
   </div>
   <div class='ocr_carea' id='block_1_2' title="bbox 1723 387 2353 452">
    <p class='ocr_par' dir='ltr' id='par_1_2' title="bbox 1723 387 2353 452">
     <span class='ocr_line' id='line_1_2' title="bbox 1723 387 2353 452; baseline 0.006 -4"><span class='ocrx_word' id='word_1_2' title='bbox 1723 387 2073 449; x_wconf 73' lang='lat' dir='ltr'><strong>PROCOPII</strong></span> <span class='ocrx_word' id='word_1_3' title='bbox 2109 391 2353 452; x_wconf 73' lang='lat' dir='ltr'><strong>GAZ.-E[</strong></span> 
     </span>
    </p>
   </div>
   <div class='ocr_carea' id='block_1_3' title="bbox 3508 394 3650 458">
    <p class='ocr_par' dir='ltr' id='par_1_3' title="bbox 3508 394 3650 458">
     <span class='ocr_line' id='line_1_3' title="bbox 3508 394 3650 458; baseline 0.014 -2"><span class='ocrx_word' id='word_1_4' title='bbox 3508 394 3528 456; x_wconf 81' lang='lat' dir='ltr'>l</span> <span class='ocrx_word' id='word_1_5' title='bbox 3540 396 3650 458; x_wconf 63' lang='lat'><strong>2&#39;16</strong></span> 
     </span>
    </p>
   </div>
   <div class='ocr_carea' id='block_1_4' title="bbox 338 492 1956 575">
    <p class='ocr_par' dir='ltr' id='par_1_4' title="bbox 338 492 1956 564">
     <span class='ocr_line' id='line_1_4' title="bbox 338 492 1956 564; baseline 0.006 -19"><span class='ocrx_word' id='word_1_6' title='bbox 338 559 342 564; x_wconf 9' lang='grc' dir='ltr'><strong>γ</strong></span> <span class='ocrx_word' id='word_1_7' title='bbox 393 493 678 547; x_wconf 70' lang='lat' dir='ltr'><strong>stultitiam</strong></span> <span class='ocrx_word' id='word_1_8' title='bbox 725 492 991 556; x_wconf 83' lang='lat' dir='ltr'><strong>destruit.</strong></span> <span class='ocrx_word' id='word_1_9' title='bbox 1038 493 1358 564; x_wconf 89' lang='lat' dir='ltr'><strong>spirituales</strong></span> <span class='ocrx_word' id='word_1_10' title='bbox 1409 513 1538 553; x_wconf 83' lang='lat' dir='ltr'><strong>vero</strong></span> <span class='ocrx_word' id='word_1_11' title='bbox 1603 499 1659 553; x_wconf 90' lang='lat' dir='ltr'><strong>in</strong></span> <span class='ocrx_word' id='word_1_12' title='bbox 1707 501 1956 554; x_wconf 80' lang='lat' dir='ltr'><strong>mandata</strong></span> 
     </span>
    </p>
   </div>
   <div class='ocr_carea' id='block_1_5' title="bbox 2065 492 3652 575">
    <p class='ocr_par' dir='ltr' id='par_1_5' title="bbox 2065 503 3652 575">
     <span class='ocr_line' id='line_1_5' title="bbox 2065 503 3652 575; baseline 0.006 -22"><span class='ocrx_word' id='word_1_13' title='bbox 2065 503 2164 573; x_wconf 78' lang='grc' dir='ltr'>τὴν</span> <span class='ocrx_word' id='word_1_14' title='bbox 2189 506 2378 568; x_wconf 77' lang='grc' dir='ltr'>ἀνοίας</span> <span class='ocrx_word' id='word_1_15' title='bbox 2413 505 2512 575; x_wconf 85' lang='grc' dir='ltr'>μὲν</span> <span class='ocrx_word' id='word_1_16' title='bbox 2547 504 2918 575; x_wconf 67' lang='grc' dir='ltr'><strong>ἀναιρετικὴν,</strong></span> <span class='ocrx_word' id='word_1_17' title='bbox 2945 505 3050 558; x_wconf 79' lang='grc' dir='ltr'><strong>τῶν</strong></span> <span class='ocrx_word' id='word_1_18' title='bbox 3076 505 3132 558; x_wconf 81' lang='grc' dir='ltr'><strong>δὲ</strong></span> <span class='ocrx_word' id='word_1_19' title='bbox 3163 507 3218 557; x_wconf 83' lang='grc' dir='ltr'>ἐν</span> <span class='ocrx_word' id='word_1_20' title='bbox 3253 507 3369 568; x_wconf 88' lang='grc' dir='ltr'>ταῖς</span> <span class='ocrx_word' id='word_1_21' title='bbox 3395 508 3652 572; x_wconf 75' lang='grc' dir='ltr'><strong>ἐντολαῖς</strong></span> 
     </span>
    </p>
   </div>
   <div class='ocr_carea' id='block_1_6' title="bbox 379 586 1951 656">
    <p class='ocr_par' dir='ltr' id='par_1_6' title="bbox 379 586 1951 656">
     <span class='ocr_line' id='line_1_6' title="bbox 379 586 1951 656; baseline 0.002 -13"><span class='ocrx_word' id='word_1_22' title='bbox 379 599 667 643; x_wconf 78' lang='lat' dir='ltr'><strong>sertnones</strong></span> <span class='ocrx_word' id='word_1_23' title='bbox 700 600 796 656; x_wconf 87' lang='lat' dir='ltr'><strong>per</strong></span> <span class='ocrx_word' id='word_1_24' title='bbox 829 586 1093 656; x_wconf 85' lang='lat' dir='ltr'><strong>analysim</strong></span> <span class='ocrx_word' id='word_1_25' title='bbox 1135 587 1377 652; x_wconf 83' lang='lat' dir='ltr'><strong>resolvit,</strong></span> <span class='ocrx_word' id='word_1_26' title='bbox 1415 599 1467 643; x_wconf 89' lang='lat' dir='ltr'><strong>et</strong></span> <span class='ocrx_word' id='word_1_27' title='bbox 1489 590 1613 644; x_wconf 84' lang='lat' dir='ltr'><strong>dein</strong></span> <span class='ocrx_word' id='word_1_28' title='bbox 1639 591 1706 646; x_wconf 91' lang='lat' dir='ltr'><strong>ad</strong></span> <span class='ocrx_word' id='word_1_29' title='bbox 1729 605 1951 646; x_wconf 80' lang='lat' dir='ltr'><strong>causam</strong></span> 
     </span>
    </p>
   </div>
   <div class='ocr_carea' id='block_1_7' title="bbox 383 678 1954 750">
    <p class='ocr_par' dir='ltr' id='par_1_7' title="bbox 383 678 1954 750">
     <span class='ocr_line' id='line_1_7' title="bbox 383 678 1954 750; baseline 0.002 -17"><span class='ocrx_word' id='word_1_30' title='bbox 383 679 622 744; x_wconf 82' lang='lat' dir='ltr'><strong>reducit,</strong></span> <span class='ocrx_word' id='word_1_31' title='bbox 655 679 940 746; x_wconf 65' lang='lat' dir='ltr'><strong>quaesieris</strong></span> <span class='ocrx_word' id='word_1_32' title='bbox 999 678 1353 747; x_wconf 76' lang='lat' dir='ltr'><strong>sapientiam,</strong></span> <span class='ocrx_word' id='word_1_33' title='bbox 1401 695 1499 749; x_wconf 90' lang='lat' dir='ltr'><strong>per</strong></span> <span class='ocrx_word' id='word_1_34' title='bbox 1563 696 1752 750; x_wconf 89' lang='lat' dir='ltr'><strong>quam,</strong></span> <span class='ocrx_word' id='word_1_35' title='bbox 1806 683 1954 736; x_wconf 88' lang='lat' dir='ltr'><strong>circa</strong></span> 
     </span>
    </p>
   </div>
   <div class='ocr_carea' id='block_1_8' title="bbox 384 769 1956 844">
    <p class='ocr_par' dir='ltr' id='par_1_8' title="bbox 384 769 1956 844">
     <span class='ocr_line' id='line_1_8' title="bbox 384 769 1956 844; baseline 0.007 -24"><span class='ocrx_word' id='word_1_36' title='bbox 384 785 543 826; x_wconf 81' lang='lat' dir='ltr'><strong>veros</strong></span> <span class='ocrx_word' id='word_1_37' title='bbox 573 769 630 825; x_wconf 93' lang='lat' dir='ltr'><strong>in</strong></span> <span class='ocrx_word' id='word_1_38' title='bbox 648 770 760 825; x_wconf 89' lang='lat' dir='ltr'><strong>Deo</strong></span> <span class='ocrx_word' id='word_1_39' title='bbox 802 785 1088 826; x_wconf 85' lang='lat' dir='ltr'><strong>sermones</strong></span> <span class='ocrx_word' id='word_1_40' title='bbox 1117 785 1302 826; x_wconf 87' lang='lat' dir='ltr'><strong>rerum</strong></span> <span class='ocrx_word' id='word_1_41' title='bbox 1335 773 1404 827; x_wconf 88' lang='lat' dir='ltr'><strong>de</strong></span> <span class='ocrx_word' id='word_1_42' title='bbox 1443 788 1508 828; x_wconf 90' lang='lat' dir='ltr'><strong>eo</strong></span> <span class='ocrx_word' id='word_1_43' title='bbox 1538 775 1686 844; x_wconf 89' lang='lat' dir='ltr'><strong>quod</strong></span> <span class='ocrx_word' id='word_1_44' title='bbox 1713 775 1839 831; x_wconf 92' lang='lat' dir='ltr'><strong>licet</strong></span> <span class='ocrx_word' id='word_1_45' title='bbox 1862 776 1956 831; x_wconf 90' lang='lat' dir='ltr'><strong>ho-</strong></span> 
     </span>
    </p>
   </div>
   <div class='ocr_carea' id='block_1_9' title="bbox 384 860 1956 936">
    <p class='ocr_par' dir='ltr' id='par_1_9' title="bbox 384 860 1956 936">
     <span class='ocr_line' id='line_1_9' title="bbox 384 860 1956 936; baseline 0.006 -22"><span class='ocrx_word' id='word_1_46' title='bbox 384 861 648 927; x_wconf 85' lang='lat' dir='ltr'><strong>minibus,</strong></span> <span class='ocrx_word' id='word_1_47' title='bbox 709 860 916 916; x_wconf 86' lang='lat' dir='ltr'><strong>indocti</strong></span> <span class='ocrx_word' id='word_1_48' title='bbox 964 862 1327 917; x_wconf 90' lang='lat' dir='ltr'><strong>instruimur:</strong></span> <span class='ocrx_word' id='word_1_49' title='bbox 1378 866 1424 921; x_wconf 91' lang='lat' dir='ltr'><strong>si</strong></span> <span class='ocrx_word' id='word_1_50' title='bbox 1485 867 1808 934; x_wconf 76' lang='lat' dir='ltr'><strong>prudentiae,</strong></span> <span class='ocrx_word' id='word_1_51' title='bbox 1835 881 1956 936; x_wconf 74' lang='lat' dir='ltr'><strong>quae</strong></span> 
     </span>
    </p>
   </div>
   <div class='ocr_carea' id='block_1_10' title="bbox 383 949 1955 1020">
    <p class='ocr_par' dir='ltr' id='par_1_10' title="bbox 383 949 1955 1020">
     <span class='ocr_line' id='line_1_10' title="bbox 383 949 1955 1020; baseline 0.004 -16"><span class='ocrx_word' id='word_1_52' title='bbox 383 959 470 1004; x_wconf 88' lang='lat' dir='ltr'><strong>est</strong></span> <span class='ocrx_word' id='word_1_53' title='bbox 529 949 780 1005; x_wconf 83' lang='lat' dir='ltr'><strong>naturale</strong></span> <span class='ocrx_word' id='word_1_54' title='bbox 835 951 1122 1020; x_wconf 84' lang='lat' dir='ltr'><strong>sapientiae</strong></span> <span class='ocrx_word' id='word_1_55' title='bbox 1178 953 1523 1017; x_wconf 83' lang='lat' dir='ltr'><strong>exercitium,</strong></span> <span class='ocrx_word' id='word_1_56' title='bbox 1569 955 1786 1010; x_wconf 90' lang='lat' dir='ltr'><strong>dederis</strong></span> <span class='ocrx_word' id='word_1_57' title='bbox 1821 955 1955 1010; x_wconf 66' lang='lat' dir='ltr'><strong>alre-</strong></span> 
     </span>
    </p>
   </div>
   <div class='ocr_carea' id='block_1_11' title="bbox 383 1043 1954 1116">
    <p class='ocr_par' dir='ltr' id='par_1_11' title="bbox 383 1043 1954 1116">
     <span class='ocr_line' id='line_1_11' title="bbox 383 1043 1954 1116; baseline 0.004 -20"><span class='ocrx_word' id='word_1_58' title='bbox 383 1052 531 1097; x_wconf 89' lang='lat' dir='ltr'><strong>ctum</strong></span> <span class='ocrx_word' id='word_1_59' title='bbox 557 1043 754 1098; x_wconf 67' lang='lat' dir='ltr'><strong>animae</strong></span> <span class='ocrx_word' id='word_1_60' title='bbox 796 1058 980 1114; x_wconf 87' lang='lat' dir='ltr'><strong>quem,</strong></span> <span class='ocrx_word' id='word_1_61' title='bbox 1006 1053 1065 1099; x_wconf 91' lang='lat' dir='ltr'><strong>nt</strong></span> <span class='ocrx_word' id='word_1_62' title='bbox 1087 1059 1306 1108; x_wconf 87' lang='lat' dir='ltr'><strong>vocem,</strong></span> <span class='ocrx_word' id='word_1_63' title='bbox 1338 1045 1492 1101; x_wconf 84' lang='lat' dir='ltr'><strong>audit</strong></span> <span class='ocrx_word' id='word_1_64' title='bbox 1515 1046 1698 1101; x_wconf 80' lang='lat' dir='ltr'><strong>Dens:</strong></span> <span class='ocrx_word' id='word_1_65' title='bbox 1726 1047 1954 1116; x_wconf 80' lang='lat' dir='ltr'><strong>spiritus</strong></span> 
     </span>
    </p>
   </div>
   <div class='ocr_carea' id='block_1_12' title="bbox 383 1135 1956 1207">
    <p class='ocr_par' dir='ltr' id='par_1_12' title="bbox 383 1135 1956 1207">
     <span class='ocr_line' id='line_1_12' title="bbox 383 1135 1956 1207; baseline 0.001 -17"><span class='ocrx_word' id='word_1_66' title='bbox 383 1135 509 1191; x_wconf 88' lang='lat' dir='ltr'><strong>l&#39;orti</strong></span> <span class='ocrx_word' id='word_1_67' title='bbox 558 1135 927 1206; x_wconf 83' lang='lat' dir='ltr'><strong>applicatione</strong></span> <span class='ocrx_word' id='word_1_68' title='bbox 969 1137 1256 1207; x_wconf 85' lang='lat' dir='ltr'><strong>acquirere</strong></span> <span class='ocrx_word' id='word_1_69' title='bbox 1318 1135 1611 1192; x_wconf 77' lang='lat' dir='ltr'><strong>festinabis</strong></span> <span class='ocrx_word' id='word_1_70' title='bbox 1663 1137 1956 1192; x_wconf 84' lang='lat' dir='ltr'><strong>discretio-</strong></span> 
     </span>
    </p>
   </div>
   <div class='ocr_carea' id='block_1_13' title="bbox 384 1227 1955 1298">
    <p class='ocr_par' dir='ltr' id='par_1_13' title="bbox 384 1227 1955 1298">
     <span class='ocr_line' id='line_1_13' title="bbox 384 1227 1955 1298; baseline 0.001 -16"><span class='ocrx_word' id='word_1_71' title='bbox 384 1243 530 1293; x_wconf 89' lang='lat' dir='ltr'><strong>nem,</strong></span> <span class='ocrx_word' id='word_1_72' title='bbox 566 1244 662 1298; x_wconf 89' lang='lat' dir='ltr'><strong>per</strong></span> <span class='ocrx_word' id='word_1_73' title='bbox 695 1243 884 1298; x_wconf 90' lang='lat' dir='ltr'><strong>quam,</strong></span> <span class='ocrx_word' id='word_1_74' title='bbox 919 1242 1042 1282; x_wconf 90' lang='lat' dir='ltr'><strong>cum</strong></span> <span class='ocrx_word' id='word_1_75' title='bbox 1067 1229 1304 1298; x_wconf 88' lang='lat' dir='ltr'><strong>judicio,</strong></span> <span class='ocrx_word' id='word_1_76' title='bbox 1347 1228 1438 1282; x_wconf 86' lang='lat' dir='ltr'><strong>Dei</strong></span> <span class='ocrx_word' id='word_1_77' title='bbox 1460 1227 1720 1282; x_wconf 86' lang='lat' dir='ltr'><strong>mandata</strong></span> <span class='ocrx_word' id='word_1_78' title='bbox 1761 1243 1955 1298; x_wconf 83' lang='lat' dir='ltr'><strong>cpera-</strong></span> 
     </span>
    </p>
   </div>
   <div class='ocr_carea' id='block_1_14' title="bbox 385 1317 1950 1382">
    <p class='ocr_par' dir='ltr' id='par_1_14' title="bbox 385 1317 1950 1382">
     <span class='ocr_line' id='line_1_14' title="bbox 385 1317 1950 1382; baseline 0 -12"><span class='ocrx_word' id='word_1_79' title='bbox 385 1333 529 1382; x_wconf 86' lang='lat' dir='ltr'><strong>mus,</strong></span> <span class='ocrx_word' id='word_1_80' title='bbox 556 1325 611 1372; x_wconf 90' lang='lat' dir='ltr'><strong>et</strong></span> <span class='ocrx_word' id='word_1_81' title='bbox 657 1317 860 1371; x_wconf 90' lang='lat' dir='ltr'><strong>malum</strong></span> <span class='ocrx_word' id='word_1_82' title='bbox 921 1333 953 1372; x_wconf 90' lang='lat' dir='ltr'><strong>a</strong></span> <span class='ocrx_word' id='word_1_83' title='bbox 1007 1318 1174 1381; x_wconf 88' lang='lat' dir='ltr'><strong>bono,</strong></span> <span class='ocrx_word' id='word_1_84' title='bbox 1208 1326 1269 1371; x_wconf 92' lang='lat' dir='ltr'><strong>ut</strong></span> <span class='ocrx_word' id='word_1_85' title='bbox 1325 1326 1536 1372; x_wconf 89' lang='lat' dir='ltr'><strong>rectum</strong></span> <span class='ocrx_word' id='word_1_86' title='bbox 1567 1331 1599 1371; x_wconf 88' lang='lat' dir='ltr'><strong>a</strong></span> <span class='ocrx_word' id='word_1_87' title='bbox 1623 1332 1728 1371; x_wconf 89' lang='lat' dir='ltr'><strong>non</strong></span> <span class='ocrx_word' id='word_1_88' title='bbox 1765 1326 1950 1372; x_wconf 88' lang='lat' dir='ltr'><strong>recto:</strong></span> 
     </span>
    </p>
   </div>
   <div class='ocr_carea' id='block_1_15' title="bbox 384 1406 1952 1478">
    <p class='ocr_par' dir='ltr' id='par_1_15' title="bbox 384 1406 1952 1478">
     <span class='ocr_line' id='line_1_15' title="bbox 384 1406 1952 1478; baseline 0.002 -18"><span class='ocrx_word' id='word_1_89' title='bbox 384 1407 530 1476; x_wconf 85' lang='lat' dir='ltr'><strong>quod</strong></span> <span class='ocrx_word' id='word_1_90' title='bbox 557 1409 715 1463; x_wconf 85' lang='lat' dir='ltr'><strong>decet</strong></span> <span class='ocrx_word' id='word_1_91' title='bbox 774 1422 1004 1464; x_wconf 89' lang='lat' dir='ltr'><strong>noscere</strong></span> <span class='ocrx_word' id='word_1_92' title='bbox 1058 1407 1218 1464; x_wconf 88' lang='lat' dir='ltr'><strong>abeo</strong></span> <span class='ocrx_word' id='word_1_93' title='bbox 1266 1407 1410 1477; x_wconf 91' lang='lat' dir='ltr'><strong>quod</strong></span> <span class='ocrx_word' id='word_1_94' title='bbox 1449 1421 1554 1462; x_wconf 91' lang='lat' dir='ltr'><strong>non</strong></span> <span class='ocrx_word' id='word_1_95' title='bbox 1589 1406 1776 1462; x_wconf 84' lang='lat' dir='ltr'><strong>decet:</strong></span> <span class='ocrx_word' id='word_1_96' title='bbox 1807 1410 1952 1478; x_wconf 90' lang='lat' dir='ltr'><strong>quod</strong></span> 
     </span>
    </p>
   </div>
   <div class='ocr_carea' id='block_1_16' title="bbox 386 1497 1954 1568">
    <p class='ocr_par' dir='ltr' id='par_1_16' title="bbox 386 1497 1954 1568">
     <span class='ocr_line' id='line_1_16' title="bbox 386 1497 1954 1568; baseline 0.001 -16"><span class='ocrx_word' id='word_1_97' title='bbox 386 1500 520 1554; x_wconf 88' lang='lat' dir='ltr'><strong>libet</strong></span> <span class='ocrx_word' id='word_1_98' title='bbox 569 1499 676 1553; x_wconf 90' lang='lat' dir='ltr'><strong>dici</strong></span> <span class='ocrx_word' id='word_1_99' title='bbox 735 1498 892 1554; x_wconf 88' lang='lat' dir='ltr'><strong>abeo</strong></span> <span class='ocrx_word' id='word_1_100' title='bbox 948 1497 1094 1568; x_wconf 89' lang='lat' dir='ltr'><strong>quod</strong></span> <span class='ocrx_word' id='word_1_101' title='bbox 1148 1514 1257 1553; x_wconf 89' lang='lat' dir='ltr'><strong>non</strong></span> <span class='ocrx_word' id='word_1_102' title='bbox 1313 1498 1448 1554; x_wconf 85' lang='lat' dir='ltr'><strong>libet</strong></span> <span class='ocrx_word' id='word_1_103' title='bbox 1483 1515 1498 1552; x_wconf 89' lang='lat'><strong>:</strong></span> <span class='ocrx_word' id='word_1_104' title='bbox 1530 1499 1674 1566; x_wconf 88' lang='lat' dir='ltr'><strong>quod</strong></span> <span class='ocrx_word' id='word_1_105' title='bbox 1704 1499 1954 1568; x_wconf 82' lang='lat' dir='ltr'><strong>amplecti</strong></span> 
     </span>
    </p>
   </div>
   <div class='ocr_carea' id='block_1_17' title="bbox 385 1589 1958 1660">
    <p class='ocr_par' dir='ltr' id='par_1_17' title="bbox 385 1589 1958 1660">
     <span class='ocr_line' id='line_1_17' title="bbox 385 1589 1958 1660; baseline 0.003 -18"><span class='ocrx_word' id='word_1_106' title='bbox 385 1597 626 1660; x_wconf 89' lang='lat' dir='ltr'><strong>oportet,</strong></span> <span class='ocrx_word' id='word_1_107' title='bbox 653 1589 722 1643; x_wconf 89' lang='lat' dir='ltr'><strong>ab</strong></span> <span class='ocrx_word' id='word_1_108' title='bbox 767 1603 834 1644; x_wconf 88' lang='lat' dir='ltr'><strong>eo</strong></span> <span class='ocrx_word' id='word_1_109' title='bbox 890 1589 1039 1658; x_wconf 87' lang='lat' dir='ltr'><strong>quod</strong></span> <span class='ocrx_word' id='word_1_110' title='bbox 1075 1603 1184 1643; x_wconf 90' lang='lat' dir='ltr'><strong>non</strong></span> <span class='ocrx_word' id='word_1_111' title='bbox 1232 1597 1482 1660; x_wconf 88' lang='lat' dir='ltr'><strong>oportet:</strong></span> <span class='ocrx_word' id='word_1_112' title='bbox 1513 1589 1870 1658; x_wconf 89' lang='lat' dir='ltr'><strong>corruptibile</strong></span> <span class='ocrx_word' id='word_1_113' title='bbox 1888 1589 1958 1646; x_wconf 86' lang='lat' dir='ltr'><strong>ab</strong></span> 
     </span>
    </p>
   </div>
   <div class='ocr_carea' id='block_1_18' title="bbox 387 1678 1184 1749">
    <p class='ocr_par' dir='ltr' id='par_1_18' title="bbox 387 1678 1184 1749">
     <span class='ocr_line' id='line_1_18' title="bbox 387 1678 1184 1749; baseline -0.001 -16"><span class='ocrx_word' id='word_1_114' title='bbox 387 1678 794 1749; x_wconf 84' lang='lat' dir='ltr'><strong>incorruptibili</strong></span> <span class='ocrx_word' id='word_1_115' title='bbox 823 1678 1184 1734; x_wconf 85' lang='lat' dir='ltr'><strong>secernimus.</strong></span> 
     </span>
    </p>
   </div>
   <div class='ocr_carea' id='block_1_19' title="bbox 2059 595 3649 667">
    <p class='ocr_par' dir='ltr' id='par_1_19' title="bbox 2059 595 3649 667">
     <span class='ocr_line' id='line_1_19' title="bbox 2059 595 3649 667; baseline 0.005 -22"><span class='ocrx_word' id='word_1_116' title='bbox 2059 596 2598 667; x_wconf 86' lang='grc' dir='ltr'>πνευματικωτέρων</span> <span class='ocrx_word' id='word_1_117' title='bbox 2626 597 2802 663; x_wconf 81' lang='grc' dir='ltr'>λόγων</span> <span class='ocrx_word' id='word_1_118' title='bbox 2832 595 3212 664; x_wconf 85' lang='grc' dir='ltr'>ἀναληπτικήν</span> <span class='ocrx_word' id='word_1_119' title='bbox 3241 614 3299 649; x_wconf 87' lang='grc' dir='ltr'><strong>τε</strong></span> <span class='ocrx_word' id='word_1_120' title='bbox 3329 598 3426 650; x_wconf 71' lang='grc' dir='ltr'>καὶ</span> <span class='ocrx_word' id='word_1_121' title='bbox 3451 601 3649 653; x_wconf 77' lang='grc' dir='ltr'>ἑνωτι-</span> 
     </span>
    </p>
   </div>
   <div class='ocr_carea' id='block_1_20' title="bbox 2055 686 3646 760">
    <p class='ocr_par' dir='ltr' id='par_1_20' title="bbox 2055 686 3646 760">
     <span class='ocr_line' id='line_1_20' title="bbox 2055 686 3646 760; baseline 0.004 -22"><span class='ocrx_word' id='word_1_122' title='bbox 2055 686 2158 756; x_wconf 83' lang='grc' dir='ltr'>κήν</span> <span class='ocrx_word' id='word_1_123' title='bbox 2185 687 2324 757; x_wconf 71' lang='grc' dir='ltr'>πρὸς</span> <span class='ocrx_word' id='word_1_124' title='bbox 2365 688 2462 756; x_wconf 82' lang='grc' dir='ltr'>τὴν</span> <span class='ocrx_word' id='word_1_125' title='bbox 2493 688 2670 741; x_wconf 70' lang='grc' dir='ltr'>αἰτξαν</span> <span class='ocrx_word' id='word_1_126' title='bbox 2705 687 2919 756; x_wconf 82' lang='grc' dir='ltr'>σοφίαν,</span> <span class='ocrx_word' id='word_1_127' title='bbox 2948 689 3072 740; x_wconf 83' lang='grc' dir='ltr'>καθ’</span> <span class='ocrx_word' id='word_1_128' title='bbox 3095 692 3160 760; x_wconf 79' lang='grc' dir='ltr'>ἢν</span> <span class='ocrx_word' id='word_1_129' title='bbox 3188 688 3482 756; x_wconf 79' lang='grc' dir='ltr'>ἀγνώστως</span> <span class='ocrx_word' id='word_1_130' title='bbox 3512 695 3646 754; x_wconf 75' lang='grc' dir='ltr'>τοὺς</span> 
     </span>
    </p>
   </div>
   <div class='ocr_carea' id='block_1_21' title="bbox 2055 777 3646 851">
    <p class='ocr_par' dir='ltr' id='par_1_21' title="bbox 2055 777 3646 851">
     <span class='ocr_line' id='line_1_21' title="bbox 2055 777 3646 851; baseline 0.003 -21"><span class='ocrx_word' id='word_1_131' title='bbox 2055 779 2112 832; x_wconf 80' lang='grc' dir='ltr'>ὲν</span> <span class='ocrx_word' id='word_1_132' title='bbox 2143 777 2262 849; x_wconf 83' lang='grc' dir='ltr'><strong>Θεῷ</strong></span> <span class='ocrx_word' id='word_1_133' title='bbox 2301 779 2507 841; x_wconf 83' lang='grc' dir='ltr'>ἁπλοῦς</span> <span class='ocrx_word' id='word_1_134' title='bbox 2536 780 2644 834; x_wconf 88' lang='grc' dir='ltr'><strong>τῶν</strong></span> <span class='ocrx_word' id='word_1_135' title='bbox 2673 779 2841 832; x_wconf 72' lang='grc' dir='ltr'>ὄντων</span> <span class='ocrx_word' id='word_1_136' title='bbox 2869 780 3062 848; x_wconf 78' lang='grc' dir='ltr'><strong>λόγους</strong></span> <span class='ocrx_word' id='word_1_137' title='bbox 3113 781 3256 834; x_wconf 77' lang='grc' dir='ltr'>κατᾶ</span> <span class='ocrx_word' id='word_1_138' title='bbox 3309 781 3370 834; x_wconf 75' lang='grc' dir='ltr'><strong>τὺ</strong></span> <span class='ocrx_word' id='word_1_139' title='bbox 3419 783 3646 851; x_wconf 70' lang='grc' dir='ltr'>θεμιτὸν</span> 
     </span>
    </p>
   </div>
   <div class='ocr_carea' id='block_1_22' title="bbox 2055 859 3646 942">
    <p class='ocr_par' dir='ltr' id='par_1_22' title="bbox 2055 859 3646 942">
     <span class='ocr_line' id='line_1_22' title="bbox 2055 859 3646 942; baseline 0.004 -22"><span class='ocrx_word' id='word_1_140' title='bbox 2055 859 2692 939; x_wconf 49' lang='grc' dir='ltr'>ἀνθρώποις-(μνώμεθα</span> <span class='ocrx_word' id='word_1_141' title='bbox 2711 887 2726 902; x_wconf 89' lang='grc'><strong>·</strong></span> <span class='ocrx_word' id='word_1_142' title='bbox 2756 871 2850 924; x_wconf 71' lang='grc' dir='ltr'><strong>καὶ</strong></span> <span class='ocrx_word' id='word_1_143' title='bbox 2879 873 2943 941; x_wconf 80' lang='grc' dir='ltr'>τῇ</span> <span class='ocrx_word' id='word_1_144' title='bbox 2973 869 3206 934; x_wconf 77' lang='grc' dir='ltr'><strong>συνέσει,</strong></span> <span class='ocrx_word' id='word_1_145' title='bbox 3226 872 3261 941; x_wconf 77' lang='grc' dir='ltr'>ἦ</span> <span class='ocrx_word' id='word_1_146' title='bbox 3295 874 3412 925; x_wconf 78' lang='grc' dir='ltr'>ἐστι</span> <span class='ocrx_word' id='word_1_147' title='bbox 3446 873 3646 942; x_wconf 66' lang='grc' dir='ltr'>σοφίας</span> 
     </span>
    </p>
   </div>
   <div class='ocr_carea' id='block_1_23' title="bbox 2055 953 3646 1033">
    <p class='ocr_par' dir='ltr' id='par_1_23' title="bbox 2055 953 3646 1033">
     <span class='ocr_line' id='line_1_23' title="bbox 2055 953 3646 1033; baseline 0.006 -26"><span class='ocrx_word' id='word_1_148' title='bbox 2055 953 2362 1018; x_wconf 78' lang='grc' dir='ltr'><strong>ἐνδιάθετος</strong></span> <span class='ocrx_word' id='word_1_149' title='bbox 2395 956 2592 1027; x_wconf 77' lang='grc' dir='ltr'>μελέτη</span> <span class='ocrx_word' id='word_1_150' title='bbox 2616 997 2630 1020; x_wconf 84' lang='grc'><strong>,</strong></span> <span class='ocrx_word' id='word_1_151' title='bbox 2669 957 2840 1026; x_wconf 81' lang='grc' dir='ltr'>αὐτὴν</span> <span class='ocrx_word' id='word_1_152' title='bbox 2871 961 3161 1030; x_wconf 78' lang='grc' dir='ltr'><strong>παράσχῃς</strong></span> <span class='ocrx_word' id='word_1_153' title='bbox 3189 961 3288 1030; x_wconf 83' lang='grc' dir='ltr'>τὴν</span> <span class='ocrx_word' id='word_1_154' title='bbox 3335 964 3433 1030; x_wconf 85' lang='grc' dir='ltr'>τῆς</span> <span class='ocrx_word' id='word_1_155' title='bbox 3460 962 3646 1033; x_wconf 74' lang='grc' dir='ltr'>ψυχῆς</span> 
     </span>
    </p>
   </div>
   <div class='ocr_carea' id='block_1_24' title="bbox 2058 1041 3646 1122">
    <p class='ocr_par' dir='ltr' id='par_1_24' title="bbox 2058 1041 3646 1122">
     <span class='ocr_line' id='line_1_24' title="bbox 2058 1041 3646 1122; baseline 0.006 -24"><span class='ocrx_word' id='word_1_156' title='bbox 2058 1063 2150 1100; x_wconf 89' lang='grc' dir='ltr'><strong>σου</strong></span> <span class='ocrx_word' id='word_1_157' title='bbox 2179 1047 2438 1110; x_wconf 85' lang='grc' dir='ltr'>διάθεσιν,</span> <span class='ocrx_word' id='word_1_158' title='bbox 2465 1041 2531 1118; x_wconf 83' lang='grc' dir='ltr'>ἧς</span> <span class='ocrx_word' id='word_1_159' title='bbox 2560 1043 2650 1102; x_wconf 74' lang='grc' dir='ltr'>οἷα</span> <span class='ocrx_word' id='word_1_160' title='bbox 2684 1049 2866 1119; x_wconf 77' lang='grc' dir='ltr'>φωνῆς</span> <span class='ocrx_word' id='word_1_161' title='bbox 2896 1049 3082 1104; x_wconf 86' lang='grc' dir='ltr'>ἀκούει</span> <span class='ocrx_word' id='word_1_162' title='bbox 3111 1051 3244 1114; x_wconf 86' lang='grc' dir='ltr'>Θεός</span> <span class='ocrx_word' id='word_1_163' title='bbox 3269 1067 3282 1084; x_wconf 90' lang='grc'><strong>·</strong></span> <span class='ocrx_word' id='word_1_164' title='bbox 3313 1053 3414 1122; x_wconf 76' lang='grc' dir='ltr'>τὴν</span> <span class='ocrx_word' id='word_1_165' title='bbox 3436 1051 3494 1106; x_wconf 75' lang='grc' dir='ltr'><strong>δὲ</strong></span> <span class='ocrx_word' id='word_1_166' title='bbox 3518 1053 3646 1108; x_wconf 78' lang='grc' dir='ltr'>διά--</span> 
     </span>
    </p>
   </div>
   <div class='ocr_carea' id='block_1_25' title="bbox 2055 1137 3648 1210">
    <p class='ocr_par' dir='ltr' id='par_1_25' title="bbox 2055 1137 3648 1210">
     <span class='ocr_line' id='line_1_25' title="bbox 2055 1137 3648 1210; baseline 0.004 -22"><span class='ocrx_word' id='word_1_167' title='bbox 2055 1151 2256 1206; x_wconf 88' lang='grc' dir='ltr'>κρισιν,</span> <span class='ocrx_word' id='word_1_168' title='bbox 2293 1137 2506 1208; x_wconf 83' lang='grc' dir='ltr'>καθ’ἥν</span> <span class='ocrx_word' id='word_1_169' title='bbox 2537 1138 2634 1191; x_wconf 88' lang='grc' dir='ltr'>σὺν</span> <span class='ocrx_word' id='word_1_170' title='bbox 2679 1137 2824 1208; x_wconf 78' lang='grc' dir='ltr'>λόγῳ</span> <span class='ocrx_word' id='word_1_171' title='bbox 2878 1137 2974 1202; x_wconf 81' lang='grc' dir='ltr'>τὰς</span> <span class='ocrx_word' id='word_1_172' title='bbox 3019 1138 3172 1201; x_wconf 80' lang='grc' dir='ltr'>θείας</span> <span class='ocrx_word' id='word_1_173' title='bbox 3216 1140 3528 1210; x_wconf 77' lang='grc' dir='ltr'><strong>πράττομεν</strong></span> <span class='ocrx_word' id='word_1_174' title='bbox 3557 1143 3648 1194; x_wconf 83' lang='grc' dir='ltr'><strong>ὲν-</strong></span> 
     </span>
    </p>
   </div>
   <div class='ocr_carea' id='block_1_26' title="bbox 2055 1227 3650 1303">
    <p class='ocr_par' dir='ltr' id='par_1_26' title="bbox 2055 1227 3650 1303">
     <span class='ocr_line' id='line_1_26' title="bbox 2055 1227 3650 1303; baseline 0.003 -23"><span class='ocrx_word' id='word_1_175' title='bbox 2055 1227 2236 1293; x_wconf 85' lang='grc' dir='ltr'>τολάς,</span> <span class='ocrx_word' id='word_1_176' title='bbox 2265 1229 2361 1281; x_wconf 72' lang='grc' dir='ltr'><strong>καὶ</strong></span> <span class='ocrx_word' id='word_1_177' title='bbox 2385 1227 2482 1281; x_wconf 82' lang='grc' dir='ltr'><strong>τοῦ</strong></span> <span class='ocrx_word' id='word_1_178' title='bbox 2527 1227 2734 1296; x_wconf 75' lang='grc' dir='ltr'>ἀγαθοῦ</span> <span class='ocrx_word' id='word_1_179' title='bbox 2769 1229 3103 1294; x_wconf 86' lang='grc' dir='ltr'>πενταδικῶς</span> <span class='ocrx_word' id='word_1_180' title='bbox 3133 1231 3191 1282; x_wconf 82' lang='grc' dir='ltr'>τὸ</span> <span class='ocrx_word' id='word_1_181' title='bbox 3234 1231 3402 1283; x_wconf 79' lang='grc' dir='ltr'>κακὸν</span> <span class='ocrx_word' id='word_1_182' title='bbox 3431 1231 3650 1303; x_wconf 75' lang='grc' dir='ltr'>διακρὶ⁴</span> 
     </span>
    </p>
   </div>
   <div class='ocr_carea' id='block_1_27' title="bbox 2055 1317 3648 1388">
    <p class='ocr_par' dir='ltr' id='par_1_27' title="bbox 2055 1317 3648 1388">
     <span class='ocr_line' id='line_1_27' title="bbox 2055 1317 3648 1388; baseline 0.003 -20"><span class='ocrx_word' id='word_1_183' title='bbox 2055 1333 2237 1386; x_wconf 90' lang='grc' dir='ltr'>νομεν,</span> <span class='ocrx_word' id='word_1_184' title='bbox 2268 1317 2344 1380; x_wconf 85' lang='grc' dir='ltr'>ὡς</span> <span class='ocrx_word' id='word_1_185' title='bbox 2373 1317 2480 1370; x_wconf 74' lang='grc' dir='ltr'>ἀπὸ</span> <span class='ocrx_word' id='word_1_186' title='bbox 2512 1319 2587 1388; x_wconf 86' lang='grc' dir='ltr'>μὴ</span> <span class='ocrx_word' id='word_1_187' title='bbox 2617 1317 2898 1388; x_wconf 76' lang='grc' dir='ltr'>ἠργμένού</span> <span class='ocrx_word' id='word_1_188' title='bbox 2928 1319 3202 1388; x_wconf 78' lang='grc' dir='ltr'><strong>ἠργμένον</strong></span> <span class='ocrx_word' id='word_1_189' title='bbox 3223 1334 3237 1349; x_wconf 78' lang='grc' dir='ltr'><strong>ο</strong></span> <span class='ocrx_word' id='word_1_190' title='bbox 3276 1319 3370 1372; x_wconf 77' lang='grc' dir='ltr'>καὶ</span> <span class='ocrx_word' id='word_1_191' title='bbox 3399 1319 3648 1386; x_wconf 75' lang='grc' dir='ltr'>ὀφείλον-</span> 
     </span>
    </p>
   </div>
   <div class='ocr_carea' id='block_1_28' title="bbox 2055 1407 3646 1478">
    <p class='ocr_par' dir='ltr' id='par_1_28' title="bbox 2055 1407 3646 1478">
     <span class='ocr_line' id='line_1_28' title="bbox 2055 1407 3646 1478; baseline 0.001 -18"><span class='ocrx_word' id='word_1_192' title='bbox 2055 1425 2148 1470; x_wconf 85' lang='grc' dir='ltr'>τος</span> <span class='ocrx_word' id='word_1_193' title='bbox 2189 1407 2448 1470; x_wconf 78' lang='grc' dir='ltr'>νοεῖσθαι,</span> <span class='ocrx_word' id='word_1_194' title='bbox 2485 1407 2560 1478; x_wconf 79' lang='grc' dir='ltr'>μὴ</span> <span class='ocrx_word' id='word_1_195' title='bbox 2609 1407 2824 1476; x_wconf 77' lang='grc' dir='ltr'>ὀφεῖλον</span> <span class='ocrx_word' id='word_1_196' title='bbox 2871 1409 3109 1463; x_wconf 72' lang='grc' dir='ltr'>νοεῖσθαι</span> <span class='ocrx_word' id='word_1_197' title='bbox 3132 1425 3146 1438; x_wconf 72' lang='grc' dir='ltr'><strong>ο</strong></span> <span class='ocrx_word' id='word_1_198' title='bbox 3183 1409 3277 1462; x_wconf 81' lang='grc' dir='ltr'>καὶ</span> <span class='ocrx_word' id='word_1_199' title='bbox 3328 1408 3646 1478; x_wconf 76' lang='grc' dir='ltr'>ὀφείλοντος</span> 
     </span>
    </p>
   </div>
   <div class='ocr_carea' id='block_1_29' title="bbox 2056 1497 3643 1570">
    <p class='ocr_par' dir='ltr' id='par_1_29' title="bbox 2056 1497 3643 1570">
     <span class='ocr_line' id='line_1_29' title="bbox 2056 1497 3643 1570; baseline 0.001 -20"><span class='ocrx_word' id='word_1_200' title='bbox 2056 1497 2366 1566; x_wconf 76' lang='grc' dir='ltr'>λαλεῖσθαι,</span> <span class='ocrx_word' id='word_1_201' title='bbox 2401 1500 2475 1570; x_wconf 77' lang='grc' dir='ltr'>μὴ</span> <span class='ocrx_word' id='word_1_202' title='bbox 2514 1499 2727 1568; x_wconf 83' lang='grc' dir='ltr'>ὀφεῖλον</span> <span class='ocrx_word' id='word_1_203' title='bbox 2753 1500 3064 1554; x_wconf 85' lang='grc' dir='ltr'>λαλεῖσθαι·</span> <span class='ocrx_word' id='word_1_204' title='bbox 3099 1502 3194 1555; x_wconf 58' lang='grc' dir='ltr'><strong>καὶ¹</strong></span> <span class='ocrx_word' id='word_1_205' title='bbox 3216 1501 3523 1570; x_wconf 77' lang='grc' dir='ltr'>ὀφείλοντος</span> <span class='ocrx_word' id='word_1_206' title='bbox 3554 1501 3643 1570; x_wconf 80' lang='grc' dir='ltr'><strong>γί-</strong></span> 
     </span>
    </p>
   </div>
   <div class='ocr_carea' id='block_1_30' title="bbox 2057 1591 3639 1664">
    <p class='ocr_par' dir='ltr' id='par_1_30' title="bbox 2057 1591 3639 1664">
     <span class='ocr_line' id='line_1_30' title="bbox 2057 1591 3639 1664; baseline -0.001 -20"><span class='ocrx_word' id='word_1_207' title='bbox 2057 1591 2266 1654; x_wconf 88' lang='grc' dir='ltr'>νεσθαι,</span> <span class='ocrx_word' id='word_1_208' title='bbox 2291 1593 2366 1664; x_wconf 84' lang='grc' dir='ltr'>μὴ</span> <span class='ocrx_word' id='word_1_209' title='bbox 2391 1593 2604 1661; x_wconf 53' lang='grc' dir='ltr'>ὀξεῖ).ον</span> <span class='ocrx_word' id='word_1_210' title='bbox 2631 1592 2878 1661; x_wconf 84' lang='grc' dir='ltr'>γίνεσθαι</span> <span class='ocrx_word' id='word_1_211' title='bbox 2898 1609 2913 1624; x_wconf 69' lang='grc' dir='ltr'>θ</span> <span class='ocrx_word' id='word_1_212' title='bbox 2947 1594 3044 1646; x_wconf 77' lang='grc' dir='ltr'>καὶ</span> <span class='ocrx_word' id='word_1_213' title='bbox 3068 1592 3349 1662; x_wconf 76' lang='grc' dir='ltr'>ἀφθάρτου</span> <span class='ocrx_word' id='word_1_214' title='bbox 3375 1591 3639 1662; x_wconf 74' lang='grc' dir='ltr'>φθαρτὸν,</span> 
     </span>
    </p>
   </div>
   <div class='ocr_carea' id='block_1_31' title="bbox 2058 1669 3641 1756">
    <p class='ocr_par' dir='ltr' id='par_1_31' title="bbox 2058 1669 3641 1756">
     <span class='ocr_line' id='line_1_31' title="bbox 2058 1669 3641 1756; baseline 0 -18"><span class='ocrx_word' id='word_1_215' title='bbox 2058 1669 2784 1756; x_wconf 67' lang='grc' dir='ltr'>ἐπικτήσασθαι’σπεύσεις</span> <span class='ocrx_word' id='word_1_216' title='bbox 2833 1685 3013 1756; x_wconf 71' lang='grc' dir='ltr'>ψυχῆς</span> <span class='ocrx_word' id='word_1_217' title='bbox 3059 1685 3218 1748; x_wconf 80' lang='grc' dir='ltr'>αὖθις</span> <span class='ocrx_word' id='word_1_218' title='bbox 3267 1685 3641 1756; x_wconf 78' lang='grc' dir='ltr'>ὲπιτεταμένῃ</span> 
     </span>
    </p>
   </div>
   <div class='ocr_carea' id='block_1_32' title="bbox 2058 1775 2315 1834">
    <p class='ocr_par' dir='ltr' id='par_1_32' title="bbox 2058 1775 2315 1834">
     <span class='ocr_line' id='line_1_32' title="bbox 2058 1775 2315 1834; baseline 0.016 -4"><span class='ocrx_word' id='word_1_219' title='bbox 2058 1775 2315 1834; x_wconf 78' lang='grc' dir='ltr'>διαθέσει.</span> 
     </span>
    </p>
   </div>
   <div class='ocr_carea' id='block_1_33' title="bbox 453 1858 1956 1946">
    <p class='ocr_par' dir='ltr' id='par_1_33' title="bbox 453 1873 1955 1946">
     <span class='ocr_line' id='line_1_33' title="bbox 453 1873 1955 1946; baseline -0.003 -16"><span class='ocrx_word' id='word_1_220' title='bbox 453 1873 620 1930; x_wconf 71' lang='lat' dir='ltr'><strong>Vens.</strong></span> <span class='ocrx_word' id='word_1_221' title='bbox 645 1875 700 1931; x_wconf 76' lang='grc'>4.</span> <span class='ocrx_word' id='word_1_222' title='bbox 735 1874 796 1930; x_wconf 87' lang='lat' dir='ltr'><strong>Si</strong></span> <span class='ocrx_word' id='word_1_223' title='bbox 827 1874 1099 1945; x_wconf 65' lang='lat' dir='ltr'><strong>quaesieris</strong></span> <span class='ocrx_word' id='word_1_224' title='bbox 1114 1889 1232 1929; x_wconf 85' lang='lat' dir='ltr'><strong>eam</strong></span> <span class='ocrx_word' id='word_1_225' title='bbox 1255 1875 1410 1946; x_wconf 85' lang='lat' dir='ltr'><strong>quasi</strong></span> <span class='ocrx_word' id='word_1_226' title='bbox 1428 1875 1794 1944; x_wconf 82' lang='lat' dir='ltr'><strong>pecuniam,et</strong></span> <span class='ocrx_word' id='word_1_227' title='bbox 1819 1875 1955 1928; x_wconf 84' lang='lat' dir='ltr'><strong>sicut</strong></span> 
     </span>
    </p>
   </div>
   <div class='ocr_carea' id='block_1_34' title="bbox 2065 1858 3640 1946">
    <p class='ocr_par' dir='ltr' id='par_1_34' title="bbox 2129 1866 3640 1938">
     <span class='ocr_line' id='line_1_34' title="bbox 2129 1866 3640 1938; baseline -0.001 -17"><span class='ocrx_word' id='word_1_228' title='bbox 2129 1866 2192 1922; x_wconf 79' lang='grc' dir='ltr'><strong>δ’.</strong></span> <span class='ocrx_word' id='word_1_229' title='bbox 2234 1867 2342 1922; x_wconf 81' lang='grc' dir='ltr'><strong>Καὶ</strong></span> <span class='ocrx_word' id='word_1_230' title='bbox 2382 1867 2492 1922; x_wconf 79' lang='grc' dir='ltr'><strong>ἐὰν</strong></span> <span class='ocrx_word' id='word_1_231' title='bbox 2533 1866 2793 1936; x_wconf 78' lang='grc' dir='ltr'>ζητήσῃς</span> <span class='ocrx_word' id='word_1_232' title='bbox 2831 1866 3028 1936; x_wconf 79' lang='grc' dir='ltr'>αὐτὴν</span> <span class='ocrx_word' id='word_1_233' title='bbox 3069 1868 3153 1934; x_wconf 85' lang='grc' dir='ltr'>ὠς</span> <span class='ocrx_word' id='word_1_234' title='bbox 3191 1867 3493 1938; x_wconf 78' lang='grc' dir='ltr'>ἀργύριον,</span> <span class='ocrx_word' id='word_1_235' title='bbox 3537 1868 3640 1920; x_wconf 73' lang='grc' dir='ltr'>καὶ</span> 
     </span>
    </p>
   </div>
   <div class='ocr_carea' id='block_1_35' title="bbox 385 1967 1956 2038">
    <p class='ocr_par' dir='ltr' id='par_1_35' title="bbox 385 1967 1956 2038">
     <span class='ocr_line' id='line_1_35' title="bbox 385 1967 1956 2038; baseline 0.001 -18"><span class='ocrx_word' id='word_1_236' title='bbox 385 1967 662 2022; x_wconf 84' lang='lat' dir='ltr'><strong>thesauros</strong></span> <span class='ocrx_word' id='word_1_237' title='bbox 707 1967 957 2038; x_wconf 70' lang='lat' dir='ltr'><strong>eﬂ&#39;oderis</strong></span> <span class='ocrx_word' id='word_1_238' title='bbox 1007 1985 1148 2023; x_wconf 88' lang='lat' dir='ltr'><strong>eam.</strong></span> <span class='ocrx_word' id='word_1_239' title='bbox 1199 1967 1256 2022; x_wconf 90' lang='lat' dir='ltr'><strong>Si</strong></span> <span class='ocrx_word' id='word_1_240' title='bbox 1301 1983 1432 2023; x_wconf 89' lang='lat' dir='ltr'><strong>vero</strong></span> <span class='ocrx_word' id='word_1_241' title='bbox 1478 1968 1536 2022; x_wconf 90' lang='lat' dir='ltr'><strong>in</strong></span> <span class='ocrx_word' id='word_1_242' title='bbox 1588 1967 1956 2037; x_wconf 80' lang='lat' dir='ltr'><strong>praxi,hujus</strong></span> 
     </span>
    </p>
   </div>
   <div class='ocr_carea' id='block_1_36' title="bbox 383 2056 1954 2129">
    <p class='ocr_par' dir='ltr' id='par_1_36' title="bbox 383 2056 1954 2129">
     <span class='ocr_line' id='line_1_36' title="bbox 383 2056 1954 2129; baseline -0.001 -17"><span class='ocrx_word' id='word_1_243' title='bbox 383 2056 740 2113; x_wconf 82' lang='lat' dir='ltr'><strong>discretionis</strong></span> <span class='ocrx_word' id='word_1_244' title='bbox 773 2060 1071 2129; x_wconf 87' lang='lat' dir='ltr'><strong>puritatem</strong></span> <span class='ocrx_word' id='word_1_245' title='bbox 1097 2069 1151 2112; x_wconf 90' lang='lat' dir='ltr'><strong>et</strong></span> <span class='ocrx_word' id='word_1_246' title='bbox 1194 2059 1528 2122; x_wconf 84' lang='lat' dir='ltr'><strong>castitatem,</strong></span> <span class='ocrx_word' id='word_1_247' title='bbox 1569 2067 1628 2111; x_wconf 92' lang='lat' dir='ltr'><strong>nt</strong></span> <span class='ocrx_word' id='word_1_248' title='bbox 1669 2067 1954 2127; x_wconf 81' lang='lat' dir='ltr'><strong>argentum</strong></span> 
     </span>
    </p>
   </div>
   <div class='ocr_carea' id='block_1_37' title="bbox 383 2147 1955 2220">
    <p class='ocr_par' dir='ltr' id='par_1_37' title="bbox 383 2147 1955 2220">
     <span class='ocr_line' id='line_1_37' title="bbox 383 2147 1955 2220; baseline -0.001 -16"><span class='ocrx_word' id='word_1_249' title='bbox 383 2150 692 2220; x_wconf 61' lang='lat' dir='ltr'><strong>quaesieris,</strong></span> <span class='ocrx_word' id='word_1_250' title='bbox 719 2160 773 2205; x_wconf 92' lang='lat' dir='ltr'><strong>et</strong></span> <span class='ocrx_word' id='word_1_251' title='bbox 809 2149 1162 2205; x_wconf 86' lang='lat' dir='ltr'><strong>meditatione</strong></span> <span class='ocrx_word' id='word_1_252' title='bbox 1181 2149 1496 2218; x_wconf 89' lang='lat' dir='ltr'><strong>inquisieris</strong></span> <span class='ocrx_word' id='word_1_253' title='bbox 1527 2147 1955 2218; x_wconf 81' lang='lat' dir='ltr'><strong>profunditatem</strong></span> 
     </span>
    </p>
   </div>
   <div class='ocr_carea' id='block_1_38' title="bbox 386 2239 1956 2312">
    <p class='ocr_par' dir='ltr' id='par_1_38' title="bbox 386 2239 1956 2312">
     <span class='ocr_line' id='line_1_38' title="bbox 386 2239 1956 2312; baseline -0.001 -16"><span class='ocrx_word' id='word_1_254' title='bbox 386 2243 535 2298; x_wconf 89' lang='lat' dir='ltr'><strong>illius</strong></span> <span class='ocrx_word' id='word_1_255' title='bbox 581 2242 923 2307; x_wconf 85' lang='lat' dir='ltr'><strong>divitiarum,</strong></span> <span class='ocrx_word' id='word_1_256' title='bbox 979 2251 1042 2297; x_wconf 91' lang='lat' dir='ltr'><strong>ut</strong></span> <span class='ocrx_word' id='word_1_257' title='bbox 1088 2241 1354 2312; x_wconf 88' lang='lat' dir='ltr'><strong>quosdam</strong></span> <span class='ocrx_word' id='word_1_258' title='bbox 1410 2240 1700 2296; x_wconf 87' lang='lat' dir='ltr'><strong>thesauros</strong></span> <span class='ocrx_word' id='word_1_259' title='bbox 1722 2239 1956 2294; x_wconf 81' lang='lat' dir='ltr'><strong>abscon-</strong></span> 
     </span>
    </p>
   </div>
   <div class='ocr_carea' id='block_1_39' title="bbox 383 2333 551 2390">
    <p class='ocr_par' dir='ltr' id='par_1_39' title="bbox 383 2333 551 2390">
     <span class='ocr_line' id='line_1_39' title="bbox 383 2333 551 2390; baseline 0 -2"><span class='ocrx_word' id='word_1_260' title='bbox 383 2333 551 2390; x_wconf 85' lang='lat' dir='ltr'><strong>ditus.</strong></span> 
     </span>
    </p>
   </div>
   <div class='ocr_carea' id='block_1_40' title="bbox 455 2419 1956 2494">
    <p class='ocr_par' dir='ltr' id='par_1_40' title="bbox 455 2419 1956 2494">
     <span class='ocr_line' id='line_1_40' title="bbox 455 2419 1956 2494; baseline -0.004 -16"><span class='ocrx_word' id='word_1_261' title='bbox 455 2423 624 2480; x_wconf 70' lang='lat' dir='ltr'><strong>Vens.</strong></span> <span class='ocrx_word' id='word_1_262' title='bbox 685 2424 736 2479; x_wconf 84' lang='lat'><strong>5.</strong></span> <span class='ocrx_word' id='word_1_263' title='bbox 791 2423 940 2480; x_wconf 85' lang='lat' dir='ltr'><strong>Tunc</strong></span> <span class='ocrx_word' id='word_1_264' title='bbox 995 2423 1258 2494; x_wconf 74' lang='lat' dir='ltr'><strong>intelliges</strong></span> <span class='ocrx_word' id='word_1_265' title='bbox 1317 2423 1560 2477; x_wconf 81' lang='lat' dir='ltr'><strong>timorem</strong></span> <span class='ocrx_word' id='word_1_266' title='bbox 1613 2419 1850 2484; x_wconf 87' lang='lat' dir='ltr'><strong>Domini,</strong></span> <span class='ocrx_word' id='word_1_267' title='bbox 1905 2428 1956 2474; x_wconf 86' lang='lat' dir='ltr'><strong>et</strong></span> 
     </span>
    </p>
   </div>
   <div class='ocr_carea' id='block_1_41' title="bbox 380 2513 1958 2583">
    <p class='ocr_par' dir='ltr' id='par_1_41' title="bbox 380 2513 1958 2583">
     <span class='ocr_line' id='line_1_41' title="bbox 380 2513 1958 2583; baseline -0.003 -15"><span class='ocrx_word' id='word_1_268' title='bbox 380 2513 664 2568; x_wconf 74' lang='lat' dir='ltr'><strong>scientiam</strong></span> <span class='ocrx_word' id='word_1_269' title='bbox 699 2514 795 2569; x_wconf 85' lang='lat' dir='ltr'><strong>Dei</strong></span> <span class='ocrx_word' id='word_1_270' title='bbox 825 2516 1085 2570; x_wconf 82' lang='lat' dir='ltr'><strong>invenies.</strong></span> <span class='ocrx_word' id='word_1_271' title='bbox 1121 2513 1275 2570; x_wconf 90' lang='lat' dir='ltr'><strong>Tunc</strong></span> <span class='ocrx_word' id='word_1_272' title='bbox 1322 2513 1596 2583; x_wconf 76' lang='lat' dir='ltr'><strong>intelliges</strong></span> <span class='ocrx_word' id='word_1_273' title='bbox 1632 2525 1662 2565; x_wconf 88' lang='lat' dir='ltr'><strong>a</strong></span> <span class='ocrx_word' id='word_1_274' title='bbox 1704 2518 1958 2581; x_wconf 89' lang='lat' dir='ltr'><strong>peccato-</strong></span> 
     </span>
    </p>
   </div>
   <div class='ocr_carea' id='block_1_42' title="bbox 385 2601 1956 2676">
    <p class='ocr_par' dir='ltr' id='par_1_42' title="bbox 385 2601 1956 2676">
     <span class='ocr_line' id='line_1_42' title="bbox 385 2601 1956 2676; baseline -0.002 -17"><span class='ocrx_word' id='word_1_275' title='bbox 385 2621 504 2660; x_wconf 87' lang='lat' dir='ltr'><strong>rum</strong></span> <span class='ocrx_word' id='word_1_276' title='bbox 531 2606 696 2661; x_wconf 89' lang='lat' dir='ltr'><strong>sorde</strong></span> <span class='ocrx_word' id='word_1_277' title='bbox 723 2607 1104 2676; x_wconf 89' lang='lat' dir='ltr'><strong>purilicantem</strong></span> <span class='ocrx_word' id='word_1_278' title='bbox 1143 2605 1239 2659; x_wconf 82' lang='lat' dir='ltr'><strong>Dei</strong></span> <span class='ocrx_word' id='word_1_279' title='bbox 1273 2605 1550 2664; x_wconf 88' lang='lat' dir='ltr'><strong>timorem,</strong></span> <span class='ocrx_word' id='word_1_280' title='bbox 1583 2611 1638 2657; x_wconf 92' lang='lat' dir='ltr'><strong>et</strong></span> <span class='ocrx_word' id='word_1_281' title='bbox 1658 2601 1956 2657; x_wconf 89' lang='lat' dir='ltr'><strong>abscondi-</strong></span> 
     </span>
    </p>
   </div>
   <div class='ocr_carea' id='block_1_43' title="bbox 384 2693 1952 2764">
    <p class='ocr_par' dir='ltr' id='par_1_43' title="bbox 384 2693 1952 2764">
     <span class='ocr_line' id='line_1_43' title="bbox 384 2693 1952 2764; baseline -0.002 -14"><span class='ocrx_word' id='word_1_282' title='bbox 384 2705 470 2752; x_wconf 87' lang='lat' dir='ltr'><strong>tas</strong></span> <span class='ocrx_word' id='word_1_283' title='bbox 492 2699 692 2752; x_wconf 77' lang='lat' dir='ltr'><strong>divinae</strong></span> <span class='ocrx_word' id='word_1_284' title='bbox 745 2699 994 2754; x_wconf 73' lang='lat' dir='ltr'><strong>scientiae</strong></span> <span class='ocrx_word' id='word_1_285' title='bbox 1047 2697 1273 2753; x_wconf 80' lang='lat' dir='ltr'><strong>divitias</strong></span> <span class='ocrx_word' id='word_1_286' title='bbox 1313 2695 1602 2750; x_wconf 76' lang='lat' dir='ltr'><strong>invenies:</strong></span> <span class='ocrx_word' id='word_1_287' title='bbox 1634 2710 1698 2747; x_wconf 78' lang='lat' dir='ltr'><strong>ex</strong></span> <span class='ocrx_word' id='word_1_288' title='bbox 1731 2693 1952 2764; x_wconf 87' lang='lat' dir='ltr'><strong>quibus,</strong></span> 
     </span>
    </p>
   </div>
   <div class='ocr_carea' id='block_1_44' title="bbox 383 2787 1548 2858">
    <p class='ocr_par' dir='ltr' id='par_1_44' title="bbox 383 2787 1548 2858">
     <span class='ocr_line' id='line_1_44' title="bbox 383 2787 1548 2858; baseline -0.004 -14"><span class='ocrx_word' id='word_1_289' title='bbox 383 2789 438 2844; x_wconf 84' lang='lat' dir='ltr'><strong>in</strong></span> <span class='ocrx_word' id='word_1_290' title='bbox 469 2790 650 2844; x_wconf 88' lang='lat' dir='ltr'><strong>anima</strong></span> <span class='ocrx_word' id='word_1_291' title='bbox 685 2790 871 2844; x_wconf 84' lang='lat' dir='ltr'><strong>omnia</strong></span> <span class='ocrx_word' id='word_1_292' title='bbox 893 2790 1034 2844; x_wconf 88' lang='lat' dir='ltr'><strong>bona</strong></span> <span class='ocrx_word' id='word_1_293' title='bbox 1073 2787 1548 2858; x_wconf 84' lang='lat' dir='ltr'><strong>superabundant.</strong></span> 
     </span>
    </p>
   </div>
   <div class='ocr_carea' id='block_1_45' title="bbox 456 2873 2015 2952">
    <p class='ocr_par' dir='ltr' id='par_1_45' title="bbox 456 2873 2015 2952">
     <span class='ocr_line' id='line_1_45' title="bbox 456 2873 2015 2952; baseline -0.005 -18"><span class='ocrx_word' id='word_1_294' title='bbox 456 2877 626 2934; x_wconf 73' lang='lat' dir='ltr'><strong>Vens.</strong></span> <span class='ocrx_word' id='word_1_295' title='bbox 687 2877 742 2932; x_wconf 88' lang='lat'><strong>6.</strong></span> <span class='ocrx_word' id='word_1_296' title='bbox 795 2877 938 2944; x_wconf 82' lang='lat' dir='ltr'><strong>Quia</strong></span> <span class='ocrx_word' id='word_1_297' title='bbox 995 2877 1255 2932; x_wconf 80' lang='lat' dir='ltr'><strong>Dominus</strong></span> <span class='ocrx_word' id='word_1_298' title='bbox 1305 2876 1400 2930; x_wconf 87' lang='lat' dir='ltr'><strong>dat</strong></span> <span class='ocrx_word' id='word_1_299' title='bbox 1431 2875 1770 2944; x_wconf 85' lang='lat' dir='ltr'><strong>sapientiam.</strong></span> <span class='ocrx_word' id='word_1_300' title='bbox 1817 2873 1957 2938; x_wconf 80' lang='lat' dir='ltr'><strong>Quia</strong></span> <span class='ocrx_word' id='word_1_301' title='bbox 2013 2949 2015 2952; x_wconf 4' lang='grc' dir='ltr'><strong>γ</strong></span> 
     </span>
    </p>
   </div>
   <div class='ocr_carea' id='block_1_46' title="bbox 385 2964 1958 3042">
    <p class='ocr_par' dir='ltr' id='par_1_46' title="bbox 385 2964 1958 3042">
     <span class='ocr_line' id='line_1_46' title="bbox 385 2964 1958 3042; baseline -0.001 -20"><span class='ocrx_word' id='word_1_302' title='bbox 385 2967 556 3036; x_wconf 88' lang='lat' dir='ltr'><strong>Deus,</strong></span> <span class='ocrx_word' id='word_1_303' title='bbox 591 2971 837 3024; x_wconf 91' lang='lat' dir='ltr'><strong>omnium</strong></span> <span class='ocrx_word' id='word_1_304' title='bbox 883 2968 1170 3037; x_wconf 89' lang='lat' dir='ltr'><strong>Dominus,</strong></span> <span class='ocrx_word' id='word_1_305' title='bbox 1223 2968 1393 3024; x_wconf 86' lang='lat' dir='ltr'><strong>donat</strong></span> <span class='ocrx_word' id='word_1_306' title='bbox 1471 2967 1822 3042; x_wconf 82' lang='lat' dir='ltr'><strong>sapientiam,</strong></span> <span class='ocrx_word' id='word_1_307' title='bbox 1871 2964 1958 3021; x_wconf 86' lang='lat' dir='ltr'><strong>his</strong></span> 
     </span>
    </p>
   </div>
   <div class='ocr_carea' id='block_1_47' title="bbox 387 3057 1958 3128">
    <p class='ocr_par' dir='ltr' id='par_1_47' title="bbox 387 3057 1958 3128">
     <span class='ocr_line' id='line_1_47' title="bbox 387 3057 1958 3128; baseline -0.001 -16"><span class='ocrx_word' id='word_1_308' title='bbox 387 3060 482 3128; x_wconf 89' lang='lat' dir='ltr'><strong>qui</strong></span> <span class='ocrx_word' id='word_1_309' title='bbox 511 3060 724 3114; x_wconf 90' lang='lat' dir='ltr'><strong>ardenti</strong></span> <span class='ocrx_word' id='word_1_310' title='bbox 783 3059 1062 3114; x_wconf 87' lang='lat' dir='ltr'><strong>desiderio</strong></span> <span class='ocrx_word' id='word_1_311' title='bbox 1113 3059 1166 3112; x_wconf 89' lang='lat' dir='ltr'><strong>in</strong></span> <span class='ocrx_word' id='word_1_312' title='bbox 1229 3059 1376 3112; x_wconf 90' lang='lat' dir='ltr'><strong>illam</strong></span> <span class='ocrx_word' id='word_1_313' title='bbox 1417 3057 1691 3122; x_wconf 79' lang='lat' dir='ltr'><strong>feruntur,</strong></span> <span class='ocrx_word' id='word_1_314' title='bbox 1725 3071 1847 3126; x_wconf 63' lang='lat' dir='ltr'><strong>quae</strong></span> <span class='ocrx_word' id='word_1_315' title='bbox 1872 3063 1958 3111; x_wconf 84' lang='lat' dir='ltr'><strong>est</strong></span> 
     </span>
    </p>
   </div>
   <div class='ocr_carea' id='block_1_48' title="bbox 383 3147 1867 3220">
    <p class='ocr_par' dir='ltr' id='par_1_48' title="bbox 383 3147 1867 3220">
     <span class='ocr_line' id='line_1_48' title="bbox 383 3147 1867 3220; baseline -0.002 -15"><span class='ocrx_word' id='word_1_316' title='bbox 383 3149 718 3205; x_wconf 88' lang='lat' dir='ltr'><strong>sanctissimi</strong></span> <span class='ocrx_word' id='word_1_317' title='bbox 739 3149 980 3220; x_wconf 88' lang='lat' dir='ltr'><strong>Spiritus</strong></span> <span class='ocrx_word' id='word_1_318' title='bbox 1003 3149 1332 3206; x_wconf 84' lang='lat' dir='ltr'><strong>charismata</strong></span> <span class='ocrx_word' id='word_1_319' title='bbox 1353 3151 1538 3204; x_wconf 88' lang='lat' dir='ltr'><strong>omnia</strong></span> <span class='ocrx_word' id='word_1_320' title='bbox 1561 3147 1867 3218; x_wconf 82' lang='lat' dir='ltr'><strong>perﬁciens.</strong></span> 
     </span>
    </p>
   </div>
   <div class='ocr_carea' id='block_1_49' title="bbox 455 3239 1948 3312">
    <p class='ocr_par' dir='ltr' id='par_1_49' title="bbox 455 3239 1948 3312">
     <span class='ocr_line' id='line_1_49' title="bbox 455 3239 1948 3312; baseline -0.001 -18"><span class='ocrx_word' id='word_1_321' title='bbox 455 3239 528 3294; x_wconf 86' lang='lat' dir='ltr'><strong>Et</strong></span> <span class='ocrx_word' id='word_1_322' title='bbox 559 3255 626 3296; x_wconf 73' lang='lat' dir='ltr'><strong>ea:</strong></span> <span class='ocrx_word' id='word_1_323' title='bbox 659 3259 750 3296; x_wconf 85' lang='lat' dir='ltr'><strong>ore</strong></span> <span class='ocrx_word' id='word_1_324' title='bbox 776 3243 890 3312; x_wconf 85' lang='lat' dir='ltr'><strong>ejus</strong></span> <span class='ocrx_word' id='word_1_325' title='bbox 924 3242 1146 3296; x_wconf 85' lang='lat' dir='ltr'><strong>scientia</strong></span> <span class='ocrx_word' id='word_1_326' title='bbox 1194 3252 1244 3295; x_wconf 88' lang='lat' dir='ltr'><strong>et</strong></span> <span class='ocrx_word' id='word_1_327' title='bbox 1276 3242 1578 3311; x_wconf 79' lang='lat' dir='ltr'><strong>prudentia.</strong></span> <span class='ocrx_word' id='word_1_328' title='bbox 1625 3239 1698 3296; x_wconf 89' lang='lat' dir='ltr'><strong>lis</strong></span> <span class='ocrx_word' id='word_1_329' title='bbox 1745 3248 1948 3304; x_wconf 88' lang='lat' dir='ltr'><strong>autem,</strong></span> 
     </span>
    </p>
   </div>
   <div class='ocr_carea' id='block_1_50' title="bbox 383 3332 1950 3406">
    <p class='ocr_par' dir='ltr' id='par_1_50' title="bbox 383 3332 1950 3406">
     <span class='ocr_line' id='line_1_50' title="bbox 383 3332 1950 3406; baseline -0.003 -16"><span class='ocrx_word' id='word_1_330' title='bbox 383 3335 480 3406; x_wconf 87' lang='lat' dir='ltr'><strong>qui</strong></span> <span class='ocrx_word' id='word_1_331' title='bbox 502 3333 622 3405; x_wconf 85' lang='lat' dir='ltr'><strong>ejus</strong></span> <span class='ocrx_word' id='word_1_332' title='bbox 649 3336 1087 3402; x_wconf 85' lang='lat' dir='ltr'><strong>similitudinem,</strong></span> <span class='ocrx_word' id='word_1_333' title='bbox 1130 3342 1391 3406; x_wconf 87' lang='lat' dir='ltr'><strong>tanquam</strong></span> <span class='ocrx_word' id='word_1_334' title='bbox 1421 3336 1491 3390; x_wconf 87' lang='lat' dir='ltr'><strong>ab</strong></span> <span class='ocrx_word' id='word_1_335' title='bbox 1537 3333 1632 3388; x_wconf 90' lang='lat' dir='ltr'><strong>illo</strong></span> <span class='ocrx_word' id='word_1_336' title='bbox 1657 3332 1950 3404; x_wconf 86' lang='lat' dir='ltr'><strong>adaptatis,</strong></span> 
     </span>
    </p>
   </div>
   <div class='ocr_carea' id='block_1_51' title="bbox 384 3414 1953 3498">
    <p class='ocr_par' dir='ltr' id='par_1_51' title="bbox 384 3414 1953 3498">
     <span class='ocr_line' id='line_1_51' title="bbox 384 3414 1953 3498; baseline -0.002 -18"><span class='ocrx_word' id='word_1_337' title='bbox 384 3425 590 3488; x_wconf 77' lang='lat' dir='ltr'><strong>ferunt.</strong></span> <span class='ocrx_word' id='word_1_338' title='bbox 621 3414 753 3498; x_wconf 79' lang='lat' dir='ltr'><strong>quia</strong></span> <span class='ocrx_word' id='word_1_339' title='bbox 799 3425 947 3481; x_wconf 87' lang='lat' dir='ltr'><strong>illam</strong></span> <span class='ocrx_word' id='word_1_340' title='bbox 1002 3426 1345 3494; x_wconf 89' lang='lat' dir='ltr'><strong>custodiunt,</strong></span> <span class='ocrx_word' id='word_1_341' title='bbox 1369 3426 1534 3482; x_wconf 89' lang='lat' dir='ltr'><strong>datur</strong></span> <span class='ocrx_word' id='word_1_342' title='bbox 1568 3426 1820 3488; x_wconf 87' lang='lat' dir='ltr'><strong>scientia,</strong></span> <span class='ocrx_word' id='word_1_343' title='bbox 1847 3439 1953 3490; x_wconf 76' lang='lat' dir='ltr'><strong>qua</strong></span> 
     </span>
    </p>
   </div>
   <div class='ocr_carea' id='block_1_52' title="bbox 383 3516 1957 3589">
    <p class='ocr_par' dir='ltr' id='par_1_52' title="bbox 383 3516 1957 3589">
     <span class='ocr_line' id='line_1_52' title="bbox 383 3516 1957 3589; baseline -0.003 -15"><span class='ocrx_word' id='word_1_344' title='bbox 383 3518 695 3589; x_wconf 84' lang='lat' dir='ltr'><strong>spiritualis</strong></span> <span class='ocrx_word' id='word_1_345' title='bbox 723 3517 898 3574; x_wconf 87' lang='lat' dir='ltr'><strong>nostri</strong></span> <span class='ocrx_word' id='word_1_346' title='bbox 934 3517 1142 3574; x_wconf 91' lang='lat' dir='ltr'><strong>inimici</strong></span> <span class='ocrx_word' id='word_1_347' title='bbox 1166 3530 1358 3572; x_wconf 86' lang='lat' dir='ltr'><strong>contra</strong></span> <span class='ocrx_word' id='word_1_348' title='bbox 1386 3532 1488 3572; x_wconf 90' lang='lat' dir='ltr'><strong>nos</strong></span> <span class='ocrx_word' id='word_1_349' title='bbox 1539 3516 1772 3571; x_wconf 73' lang='lat' dir='ltr'><strong>consilia</strong></span> <span class='ocrx_word' id='word_1_350' title='bbox 1801 3517 1957 3570; x_wconf 90' lang='lat' dir='ltr'><strong>novi-</strong></span> 
     </span>
    </p>
   </div>
   <div class='ocr_carea' id='block_1_53' title="bbox 383 3606 1954 3681">
    <p class='ocr_par' dir='ltr' id='par_1_53' title="bbox 383 3606 1954 3681">
     <span class='ocr_line' id='line_1_53' title="bbox 383 3606 1954 3681; baseline -0.002 -18"><span class='ocrx_word' id='word_1_351' title='bbox 383 3625 530 3675; x_wconf 87' lang='lat' dir='ltr'><strong>mus,</strong></span> <span class='ocrx_word' id='word_1_352' title='bbox 554 3624 662 3681; x_wconf 86' lang='lat' dir='ltr'><strong>qua</strong></span> <span class='ocrx_word' id='word_1_353' title='bbox 709 3611 1095 3664; x_wconf 87' lang='lat' dir='ltr'><strong>mandatorum</strong></span> <span class='ocrx_word' id='word_1_354' title='bbox 1143 3623 1450 3674; x_wconf 90' lang='lat' dir='ltr'><strong>sermones,</strong></span> <span class='ocrx_word' id='word_1_355' title='bbox 1512 3623 1606 3678; x_wconf 87' lang='lat' dir='ltr'><strong>per</strong></span> <span class='ocrx_word' id='word_1_356' title='bbox 1635 3622 1776 3678; x_wconf 91' lang='lat' dir='ltr'><strong>quos</strong></span> <span class='ocrx_word' id='word_1_357' title='bbox 1807 3606 1954 3661; x_wconf 88' lang='lat' dir='ltr'><strong>modi</strong></span> 
     </span>
    </p>
   </div>
   <div class='ocr_carea' id='block_1_54' title="bbox 385 3699 1959 3773">
    <p class='ocr_par' dir='ltr' id='par_1_54' title="bbox 385 3699 1959 3773">
     <span class='ocr_line' id='line_1_54' title="bbox 385 3699 1959 3773; baseline -0.001 -19"><span class='ocrx_word' id='word_1_358' title='bbox 385 3702 652 3756; x_wconf 88' lang='lat' dir='ltr'><strong>virtutum</strong></span> <span class='ocrx_word' id='word_1_359' title='bbox 677 3703 1117 3771; x_wconf 91' lang='lat' dir='ltr'><strong>constituuntur,</strong></span> <span class='ocrx_word' id='word_1_360' title='bbox 1167 3700 1546 3773; x_wconf 84' lang='lat' dir='ltr'><strong>intelligimus.</strong></span> <span class='ocrx_word' id='word_1_361' title='bbox 1575 3699 1652 3754; x_wconf 85' lang='lat' dir='ltr'><strong>Ex</strong></span> <span class='ocrx_word' id='word_1_362' title='bbox 1693 3699 1959 3754; x_wconf 86' lang='lat' dir='ltr'><strong>observa-</strong></span> 
     </span>
    </p>
   </div>
   <div class='ocr_carea' id='block_1_55' title="bbox 384 3791 1959 3862">
    <p class='ocr_par' dir='ltr' id='par_1_55' title="bbox 384 3791 1959 3862">
     <span class='ocr_line' id='line_1_55' title="bbox 384 3791 1959 3862; baseline -0.003 -16"><span class='ocrx_word' id='word_1_363' title='bbox 384 3794 532 3848; x_wconf 89' lang='lat' dir='ltr'><strong>tione</strong></span> <span class='ocrx_word' id='word_1_364' title='bbox 563 3808 698 3848; x_wconf 88' lang='lat' dir='ltr'><strong>vero</strong></span> <span class='ocrx_word' id='word_1_365' title='bbox 739 3793 1124 3848; x_wconf 87' lang='lat' dir='ltr'><strong>mandatorum</strong></span> <span class='ocrx_word' id='word_1_366' title='bbox 1175 3791 1295 3862; x_wconf 83' lang='lat' dir='ltr'><strong>cjus</strong></span> <span class='ocrx_word' id='word_1_367' title='bbox 1337 3791 1695 3862; x_wconf 89' lang='lat' dir='ltr'><strong>optimorum,</strong></span> <span class='ocrx_word' id='word_1_368' title='bbox 1733 3798 1959 3859; x_wconf 90' lang='lat' dir='ltr'><strong>propter</strong></span> 
     </span>
    </p>
   </div>
   <div class='ocr_carea' id='block_1_56' title="bbox 385 3881 1958 3954">
    <p class='ocr_par' dir='ltr' id='par_1_56' title="bbox 385 3881 1958 3954">
     <span class='ocr_line' id='line_1_56' title="bbox 385 3881 1958 3954; baseline -0.002 -15"><span class='ocrx_word' id='word_1_369' title='bbox 385 3885 809 3940; x_wconf 85' lang='lat' dir='ltr'><strong>similitudinem</strong></span> <span class='ocrx_word' id='word_1_370' title='bbox 840 3885 986 3954; x_wconf 83' lang='lat' dir='ltr'><strong>ejus,</strong></span> <span class='ocrx_word' id='word_1_371' title='bbox 1030 3885 1250 3940; x_wconf 84' lang='lat' dir='ltr'><strong>advenit</strong></span> <span class='ocrx_word' id='word_1_372' title='bbox 1279 3884 1620 3953; x_wconf 72' lang='lat' dir='ltr'><strong>prudentia,</strong></span> <span class='ocrx_word' id='word_1_373' title='bbox 1663 3897 1770 3952; x_wconf 86' lang='lat' dir='ltr'><strong>qua</strong></span> <span class='ocrx_word' id='word_1_374' title='bbox 1803 3881 1958 3952; x_wconf 84' lang='lat' dir='ltr'><strong>igno-</strong></span> 
     </span>
    </p>
   </div>
   <div class='ocr_carea' id='block_1_57' title="bbox 382 3969 1994 4047">
    <p class='ocr_par' dir='ltr' id='par_1_57' title="bbox 382 3969 1994 4047">
     <span class='ocr_line' id='line_1_57' title="bbox 382 3969 1994 4047; baseline -0.001 -19"><span class='ocrx_word' id='word_1_375' title='bbox 382 3977 561 4028; x_wconf 81' lang='lat' dir='ltr'><strong>rantia</strong></span> <span class='ocrx_word' id='word_1_376' title='bbox 585 3977 816 4041; x_wconf 88' lang='lat' dir='ltr'><strong>tollitur,</strong></span> <span class='ocrx_word' id='word_1_377' title='bbox 841 3976 1069 4047; x_wconf 86' lang='lat' dir='ltr'><strong>ejusque</strong></span> <span class='ocrx_word' id='word_1_378' title='bbox 1091 3977 1231 4038; x_wconf 85' lang='lat' dir='ltr'><strong>loco,</strong></span> <span class='ocrx_word' id='word_1_379' title='bbox 1252 3991 1567 4031; x_wconf 87' lang='lat' dir='ltr'><strong>sermonum</strong></span> <span class='ocrx_word' id='word_1_380' title='bbox 1588 3983 1643 4030; x_wconf 87' lang='lat' dir='ltr'><strong>et</strong></span> <span class='ocrx_word' id='word_1_381' title='bbox 1671 3976 1957 4030; x_wconf 86' lang='lat' dir='ltr'><strong>modorum</strong></span> <span class='ocrx_word' id='word_1_382' title='bbox 1987 3969 1994 3977; x_wconf 86' lang='grc'><strong>’</strong></span> 
     </span>
    </p>
   </div>
   <div class='ocr_carea' id='block_1_58' title="bbox 388 4067 1435 4139">
    <p class='ocr_par' dir='ltr' id='par_1_58' title="bbox 388 4067 1435 4139">
     <span class='ocr_line' id='line_1_58' title="bbox 388 4067 1435 4139; baseline 0.001 -19"><span class='ocrx_word' id='word_1_383' title='bbox 388 4070 646 4124; x_wconf 84' lang='lat' dir='ltr'><strong>virtutem</strong></span> <span class='ocrx_word' id='word_1_384' title='bbox 683 4067 1006 4125; x_wconf 89' lang='lat' dir='ltr'><strong>conceditur</strong></span> <span class='ocrx_word' id='word_1_385' title='bbox 1048 4067 1435 4139; x_wconf 74' lang='lat' dir='ltr'><strong>intelligentia.</strong></span> 
     </span>
    </p>
   </div>
   <div class='ocr_carea' id='block_1_59' title="bbox 456 4247 1960 4319">
    <p class='ocr_par' dir='ltr' id='par_1_59' title="bbox 456 4247 1960 4319">
     <span class='ocr_line' id='line_1_59' title="bbox 456 4247 1960 4319; baseline -0.001 -13"><span class='ocrx_word' id='word_1_386' title='bbox 456 4249 624 4306; x_wconf 71' lang='lat' dir='ltr'><strong>Vens.</strong></span> <span class='ocrx_word' id='word_1_387' title='bbox 663 4251 714 4308; x_wconf 90' lang='lat'><strong>7.</strong></span> <span class='ocrx_word' id='word_1_388' title='bbox 769 4248 1046 4306; x_wconf 82' lang='lat' dir='ltr'><strong>Custodiet</strong></span> <span class='ocrx_word' id='word_1_389' title='bbox 1093 4250 1251 4312; x_wconf 79' lang='lat' dir='ltr'><strong>rectis</strong></span> <span class='ocrx_word' id='word_1_390' title='bbox 1297 4250 1548 4305; x_wconf 81' lang='lat' dir='ltr'><strong>salutent.</strong></span> <span class='ocrx_word' id='word_1_391' title='bbox 1603 4247 1673 4304; x_wconf 88' lang='lat' dir='ltr'><strong>Et</strong></span> <span class='ocrx_word' id='word_1_392' title='bbox 1724 4247 1822 4316; x_wconf 87' lang='lat' dir='ltr'><strong>ita,</strong></span> <span class='ocrx_word' id='word_1_393' title='bbox 1855 4263 1960 4319; x_wconf 86' lang='lat' dir='ltr'><strong>ope</strong></span> 
     </span>
    </p>
   </div>
   <div class='ocr_carea' id='block_1_60' title="bbox 389 4339 1958 4412">
    <p class='ocr_par' dir='ltr' id='par_1_60' title="bbox 389 4339 1958 4412">
     <span class='ocr_line' id='line_1_60' title="bbox 389 4339 1958 4412; baseline 0 -18"><span class='ocrx_word' id='word_1_394' title='bbox 389 4340 982 4412; x_wconf 84' lang='lat' dir='ltr'><strong>sanctissimispiritus</strong></span> <span class='ocrx_word' id='word_1_395' title='bbox 1004 4341 1426 4406; x_wconf 85' lang='lat' dir='ltr'><strong>charismatum,</strong></span> <span class='ocrx_word' id='word_1_396' title='bbox 1471 4339 1778 4410; x_wconf 68' lang='lat' dir='ltr'><strong>sapientiae,</strong></span> <span class='ocrx_word' id='word_1_397' title='bbox 1824 4355 1958 4410; x_wconf 90' lang='lat' dir='ltr'><strong>pru-</strong></span> 
     </span>
    </p>
   </div>
   <div class='ocr_carea' id='block_1_61' title="bbox 388 4430 1956 4502">
    <p class='ocr_par' dir='ltr' id='par_1_61' title="bbox 388 4430 1956 4502">
     <span class='ocr_line' id='line_1_61' title="bbox 388 4430 1956 4502; baseline -0.001 -17"><span class='ocrx_word' id='word_1_398' title='bbox 388 4431 605 4496; x_wconf 70' lang='lat' dir='ltr'><strong>dentiae,</strong></span> <span class='ocrx_word' id='word_1_399' title='bbox 636 4443 689 4486; x_wconf 89' lang='lat' dir='ltr'><strong>et</strong></span> <span class='ocrx_word' id='word_1_400' title='bbox 719 4431 984 4496; x_wconf 74' lang='lat' dir='ltr'><strong>scientite,</strong></span> <span class='ocrx_word' id='word_1_401' title='bbox 1017 4431 1087 4487; x_wconf 89' lang='lat' dir='ltr'><strong>iis</strong></span> <span class='ocrx_word' id='word_1_402' title='bbox 1115 4433 1208 4502; x_wconf 90' lang='lat' dir='ltr'><strong>qui</strong></span> <span class='ocrx_word' id='word_1_403' title='bbox 1268 4447 1368 4488; x_wconf 91' lang='lat' dir='ltr'><strong>nec</strong></span> <span class='ocrx_word' id='word_1_404' title='bbox 1401 4430 1467 4484; x_wconf 89' lang='lat' dir='ltr'><strong>ad</strong></span> <span class='ocrx_word' id='word_1_405' title='bbox 1515 4432 1822 4494; x_wconf 78' lang='lat' dir='ltr'><strong>dexteram,</strong></span> <span class='ocrx_word' id='word_1_406' title='bbox 1855 4445 1956 4484; x_wconf 89' lang='lat' dir='ltr'><strong>nec</strong></span> 
     </span>
    </p>
   </div>
   <div class='ocr_carea' id='block_1_62' title="bbox 2054 1957 3634 2030">
    <p class='ocr_par' dir='ltr' id='par_1_62' title="bbox 2054 1957 3634 2030">
     <span class='ocr_line' id='line_1_62' title="bbox 2054 1957 3634 2030; baseline -0.012 -3"><span class='ocrx_word' id='word_1_407' title='bbox 2054 1960 2136 2026; x_wconf 79' lang='grc' dir='ltr'><strong>ὡς</strong></span> <span class='ocrx_word' id='word_1_408' title='bbox 2169 1960 2478 2028; x_wconf 80' lang='grc' dir='ltr'><strong>θησαυρὸν</strong></span> <span class='ocrx_word' id='word_1_409' title='bbox 2502 1959 2915 2030; x_wconf 77' lang='grc' dir='ltr'>ἐξερευνήσῃς</span> <span class='ocrx_word' id='word_1_410' title='bbox 2937 1960 3152 2028; x_wconf 77' lang='grc' dir='ltr'>αὐτήν.</span> <span class='ocrx_word' id='word_1_411' title='bbox 3193 1961 3304 2012; x_wconf 79' lang='grc' dir='ltr'><strong>Καὶ</strong></span> <span class='ocrx_word' id='word_1_412' title='bbox 3337 1959 3428 2012; x_wconf 80' lang='grc' dir='ltr'><strong>ὲάν</strong></span> <span class='ocrx_word' id='word_1_413' title='bbox 3469 1957 3634 2026; x_wconf 77' lang='grc' dir='ltr'>ποθή-</span> 
     </span>
    </p>
   </div>
   <div class='ocr_carea' id='block_1_63' title="bbox 2057 2047 3633 2123">
    <p class='ocr_par' dir='ltr' id='par_1_63' title="bbox 2057 2047 3633 2123">
     <span class='ocr_line' id='line_1_63' title="bbox 2057 2047 3633 2123; baseline -0.003 -20"><span class='ocrx_word' id='word_1_414' title='bbox 2057 2066 2158 2120; x_wconf 79' lang='grc' dir='ltr'>σῃς</span> <span class='ocrx_word' id='word_1_415' title='bbox 2183 2049 2243 2102; x_wconf 85' lang='grc' dir='ltr'>τδ</span> <span class='ocrx_word' id='word_1_416' title='bbox 2269 2049 2408 2104; x_wconf 81' lang='grc' dir='ltr'>κατὰ</span> <span class='ocrx_word' id='word_1_417' title='bbox 2441 2051 2642 2123; x_wconf 81' lang='grc' dir='ltr'>πρᾶξιν</span> <span class='ocrx_word' id='word_1_418' title='bbox 2670 2051 2769 2120; x_wconf 85' lang='grc' dir='ltr'>τῆς</span> <span class='ocrx_word' id='word_1_419' title='bbox 2803 2049 3060 2121; x_wconf 80' lang='grc' dir='ltr'>τοιαύτης</span> <span class='ocrx_word' id='word_1_420' title='bbox 3087 2049 3416 2120; x_wconf 81' lang='grc' dir='ltr'>διακρίσεως</span> <span class='ocrx_word' id='word_1_421' title='bbox 3437 2047 3633 2118; x_wconf 76' lang='grc' dir='ltr'>ἀμίαν-</span> 
     </span>
    </p>
   </div>
   <div class='ocr_carea' id='block_1_64' title="bbox 2053 2138 3634 2214">
    <p class='ocr_par' dir='ltr' id='par_1_64' title="bbox 2053 2138 3634 2214">
     <span class='ocr_line' id='line_1_64' title="bbox 2053 2138 3634 2214; baseline -0.003 -20"><span class='ocrx_word' id='word_1_422' title='bbox 2053 2157 2146 2194; x_wconf 83' lang='grc' dir='ltr'><strong>τον</strong></span> <span class='ocrx_word' id='word_1_423' title='bbox 2181 2141 2277 2192; x_wconf 78' lang='grc' dir='ltr'><strong>καὶ</strong></span> <span class='ocrx_word' id='word_1_424' title='bbox 2304 2140 2543 2212; x_wconf 82' lang='grc' dir='ltr'>καθαρὸν</span> <span class='ocrx_word' id='word_1_425' title='bbox 2573 2141 2649 2206; x_wconf 84' lang='grc' dir='ltr'>ὡς</span> <span class='ocrx_word' id='word_1_426' title='bbox 2673 2142 2958 2214; x_wconf 84' lang='grc' dir='ltr'>ἀργύριον,</span> <span class='ocrx_word' id='word_1_427' title='bbox 2993 2141 3084 2194; x_wconf 79' lang='grc' dir='ltr'>καὶ</span> <span class='ocrx_word' id='word_1_428' title='bbox 3112 2139 3373 2211; x_wconf 77' lang='grc' dir='ltr'>ἐξετάσῃς</span> <span class='ocrx_word' id='word_1_429' title='bbox 3401 2141 3460 2192; x_wconf 84' lang='grc' dir='ltr'>τὸ</span> <span class='ocrx_word' id='word_1_430' title='bbox 3491 2138 3634 2191; x_wconf 69' lang='grc' dir='ltr'>κατὰ</span> 
     </span>
    </p>
   </div>
   <div class='ocr_carea' id='block_1_65' title="bbox 2055 2226 3634 2306">
    <p class='ocr_par' dir='ltr' id='par_1_65' title="bbox 2055 2226 3634 2306">
     <span class='ocr_line' id='line_1_65' title="bbox 2055 2226 3634 2306; baseline -0.001 -18"><span class='ocrx_word' id='word_1_431' title='bbox 2055 2233 2290 2306; x_wconf 85' lang='grc' dir='ltr'>θεωρίαν</span> <span class='ocrx_word' id='word_1_432' title='bbox 2321 2234 2483 2306; x_wconf 81' lang='grc' dir='ltr'>βάθος</span> <span class='ocrx_word' id='word_1_433' title='bbox 2517 2235 2612 2289; x_wconf 82' lang='grc' dir='ltr'>τοῦ</span> <span class='ocrx_word' id='word_1_434' title='bbox 2645 2235 3021 2306; x_wconf 81' lang='grc' dir='ltr'>πνευματικοῦ</span> <span class='ocrx_word' id='word_1_435' title='bbox 3053 2233 3286 2287; x_wconf 80' lang='grc' dir='ltr'>πλούτου</span> <span class='ocrx_word' id='word_1_436' title='bbox 3319 2233 3513 2304; x_wconf 77' lang='grc' dir='ltr'>αὐτῆς,</span> <span class='ocrx_word' id='word_1_437' title='bbox 3543 2226 3634 2286; x_wconf 71' lang='grc' dir='ltr'>οἷά</span> 
     </span>
    </p>
   </div>
   <div class='ocr_carea' id='block_1_66' title="bbox 2053 2325 3014 2398">
    <p class='ocr_par' dir='ltr' id='par_1_66' title="bbox 2053 2325 3014 2398">
     <span class='ocr_line' id='line_1_66' title="bbox 2053 2325 3014 2398; baseline 0.004 -21"><span class='ocrx_word' id='word_1_438' title='bbox 2053 2342 2208 2389; x_wconf 88' lang='grc' dir='ltr'>τινας</span> <span class='ocrx_word' id='word_1_439' title='bbox 2237 2325 2546 2397; x_wconf 82' lang='grc' dir='ltr'>θησαυροὺς</span> <span class='ocrx_word' id='word_1_440' title='bbox 2575 2327 3014 2398; x_wconf 76' lang='grc' dir='ltr'>κεκρυμμένους.</span> 
     </span>
    </p>
   </div>
   <div class='ocr_carea' id='block_1_67' title="bbox 2125 2417 3631 2487">
    <p class='ocr_par' dir='ltr' id='par_1_67' title="bbox 2125 2417 3631 2487">
     <span class='ocr_line' id='line_1_67' title="bbox 2125 2417 3631 2487; baseline 0 -19"><span class='ocrx_word' id='word_1_441' title='bbox 2125 2423 2186 2469; x_wconf 81' lang='grc' dir='ltr'>ε’.</span> <span class='ocrx_word' id='word_1_442' title='bbox 2237 2417 2374 2470; x_wconf 85' lang='grc' dir='ltr'>Τότε</span> <span class='ocrx_word' id='word_1_443' title='bbox 2403 2417 2700 2484; x_wconf 76' lang='grc' dir='ltr'>συνήσεις</span> <span class='ocrx_word' id='word_1_444' title='bbox 2742 2420 2934 2487; x_wconf 78' lang='grc' dir='ltr'>φόϐον</span> <span class='ocrx_word' id='word_1_445' title='bbox 2968 2419 3212 2486; x_wconf 81' lang='grc' dir='ltr'>Κυρίου,</span> <span class='ocrx_word' id='word_1_446' title='bbox 3244 2417 3341 2470; x_wconf 73' lang='grc' dir='ltr'>καὶ</span> <span class='ocrx_word' id='word_1_447' title='bbox 3381 2417 3631 2484; x_wconf 76' lang='grc' dir='ltr'>ἐπίγνω-</span> 
     </span>
    </p>
   </div>
   <div class='ocr_carea' id='block_1_68' title="bbox 2055 2507 3629 2581">
    <p class='ocr_par' dir='ltr' id='par_1_68' title="bbox 2055 2507 3629 2581">
     <span class='ocr_line' id='line_1_68' title="bbox 2055 2507 3629 2581; baseline -0.001 -19"><span class='ocrx_word' id='word_1_448' title='bbox 2055 2521 2160 2562; x_wconf 80' lang='grc' dir='ltr'>σιν</span> <span class='ocrx_word' id='word_1_449' title='bbox 2183 2507 2329 2562; x_wconf 82' lang='grc' dir='ltr'>Θεοῦ</span> <span class='ocrx_word' id='word_1_450' title='bbox 2353 2507 2656 2576; x_wconf 76' lang='grc' dir='ltr'>εὑρήσεις.</span> <span class='ocrx_word' id='word_1_451' title='bbox 2696 2510 2832 2562; x_wconf 87' lang='grc' dir='ltr'>Τότε</span> <span class='ocrx_word' id='word_1_452' title='bbox 2863 2509 3084 2581; x_wconf 82' lang='grc' dir='ltr'>μαθήσῃ</span> <span class='ocrx_word' id='word_1_453' title='bbox 3116 2509 3208 2562; x_wconf 85' lang='grc' dir='ltr'>τὸν</span> <span class='ocrx_word' id='word_1_454' title='bbox 3233 2509 3629 2578; x_wconf 83' lang='grc' dir='ltr'>ἐκκαθαίροντα</span> 
     </span>
    </p>
   </div>
   <div class='ocr_carea' id='block_1_69' title="bbox 2057 2599 3631 2672">
    <p class='ocr_par' dir='ltr' id='par_1_69' title="bbox 2057 2599 3631 2672">
     <span class='ocr_line' id='line_1_69' title="bbox 2057 2599 3631 2672; baseline 0 -21"><span class='ocrx_word' id='word_1_455' title='bbox 2057 2599 2259 2662; x_wconf 80' lang='grc' dir='ltr'>παντὸς</span> <span class='ocrx_word' id='word_1_456' title='bbox 2291 2599 2464 2670; x_wconf 82' lang='grc' dir='ltr'>ρύπου</span> <span class='ocrx_word' id='word_1_457' title='bbox 2497 2602 2782 2672; x_wconf 86' lang='grc' dir='ltr'>ἁμαρτιῶν</span> <span class='ocrx_word' id='word_1_458' title='bbox 2813 2600 2956 2655; x_wconf 83' lang='grc' dir='ltr'>θεῖον</span> <span class='ocrx_word' id='word_1_459' title='bbox 2979 2602 3163 2669; x_wconf 79' lang='grc' dir='ltr'>φόϐον,</span> <span class='ocrx_word' id='word_1_460' title='bbox 3192 2600 3286 2654; x_wconf 75' lang='grc' dir='ltr'><strong>καὶ</strong></span> <span class='ocrx_word' id='word_1_461' title='bbox 3319 2599 3631 2669; x_wconf 79' lang='grc' dir='ltr'>καταλάϐῃς</span> 
     </span>
    </p>
   </div>
   <div class='ocr_carea' id='block_1_70' title="bbox 2055 2671 3631 2761">
    <p class='ocr_par' dir='ltr' id='par_1_70' title="bbox 2055 2671 3631 2761">
     <span class='ocr_line' id='line_1_70' title="bbox 2055 2671 3631 2761; baseline -0.002 -19"><span class='ocrx_word' id='word_1_462' title='bbox 2055 2689 2146 2742; x_wconf 72' lang='grc' dir='ltr'>τὸν</span> <span class='ocrx_word' id='word_1_463' title='bbox 2183 2671 2568 2760; x_wconf 82' lang='grc' dir='ltr'>κεκρυμμένον</span> <span class='ocrx_word' id='word_1_464' title='bbox 2593 2671 2692 2761; x_wconf 79' lang='grc' dir='ltr'><strong>τῆς</strong></span> <span class='ocrx_word' id='word_1_465' title='bbox 2718 2671 2869 2753; x_wconf 79' lang='grc' dir='ltr'>θείας</span> <span class='ocrx_word' id='word_1_466' title='bbox 2899 2689 3246 2758; x_wconf 79' lang='grc' dir='ltr'>ἐπιγνώσεως</span> <span class='ocrx_word' id='word_1_467' title='bbox 3285 2687 3539 2741; x_wconf 73' lang='grc' dir='ltr'>πλοῦτον·</span> <span class='ocrx_word' id='word_1_468' title='bbox 3573 2687 3631 2752; x_wconf 75' lang='grc' dir='ltr'>ἐξ</span> 
     </span>
    </p>
   </div>
   <div class='ocr_carea' id='block_1_71' title="bbox 2055 2775 3592 2854">
    <p class='ocr_par' dir='ltr' id='par_1_71' title="bbox 2055 2775 3592 2854">
     <span class='ocr_line' id='line_1_71' title="bbox 2055 2775 3592 2854; baseline -0.001 -19"><span class='ocrx_word' id='word_1_469' title='bbox 2055 2775 2116 2835; x_wconf 71' lang='grc' dir='ltr'>οὗ</span> <span class='ocrx_word' id='word_1_470' title='bbox 2153 2782 2270 2835; x_wconf 86' lang='grc' dir='ltr'>ὲστι</span> <span class='ocrx_word' id='word_1_471' title='bbox 2308 2785 2373 2854; x_wconf 84' lang='grc' dir='ltr'>τῇ</span> <span class='ocrx_word' id='word_1_472' title='bbox 2411 2781 2556 2854; x_wconf 77' lang='grc' dir='ltr'>ψυχῇ</span> <span class='ocrx_word' id='word_1_473' title='bbox 2592 2784 2625 2852; x_wconf 81' lang='grc' dir='ltr'>ἠ</span> <span class='ocrx_word' id='word_1_474' title='bbox 2669 2782 2777 2836; x_wconf 88' lang='grc' dir='ltr'><strong>τῶν</strong></span> <span class='ocrx_word' id='word_1_475' title='bbox 2815 2783 3038 2850; x_wconf 80' lang='grc' dir='ltr'>ἀγαθῶν</span> <span class='ocrx_word' id='word_1_476' title='bbox 3075 2780 3303 2851; x_wconf 72' lang='grc' dir='ltr'>ἄφθονος</span> <span class='ocrx_word' id='word_1_477' title='bbox 3338 2779 3592 2850; x_wconf 83' lang='grc' dir='ltr'>χορηγία.</span> 
     </span>
    </p>
   </div>
   <div class='ocr_carea' id='block_1_72' title="bbox 2127 2871 3632 2944">
    <p class='ocr_par' dir='ltr' id='par_1_72' title="bbox 2127 2871 3632 2944">
     <span class='ocr_line' id='line_1_72' title="bbox 2127 2871 3632 2944; baseline -0.001 -19"><span class='ocrx_word' id='word_1_478' title='bbox 2127 2871 2202 2936; x_wconf 85' lang='grc' dir='ltr'>ς’.</span> <span class='ocrx_word' id='word_1_479' title='bbox 2231 2873 2349 2925; x_wconf 86' lang='grc' dir='ltr'>Ὅτι</span> <span class='ocrx_word' id='word_1_480' title='bbox 2377 2875 2592 2940; x_wconf 74' lang='grc' dir='ltr'>Κύριος</span> <span class='ocrx_word' id='word_1_481' title='bbox 2621 2871 2830 2927; x_wconf 81' lang='grc' dir='ltr'>δίδωσι</span> <span class='ocrx_word' id='word_1_482' title='bbox 2855 2874 3098 2942; x_wconf 70' lang='grc' dir='ltr'>σοφίαν.</span> <span class='ocrx_word' id='word_1_483' title='bbox 3138 2874 3284 2926; x_wconf 87' lang='grc' dir='ltr'>Διότι</span> <span class='ocrx_word' id='word_1_484' title='bbox 3307 2873 3336 2924; x_wconf 82' lang='grc' dir='ltr'><strong>ό</strong></span> <span class='ocrx_word' id='word_1_485' title='bbox 3357 2871 3632 2944; x_wconf 62' lang='grc' dir='ltr'>Δεσπότης</span> 
     </span>
    </p>
   </div>
   <div class='ocr_carea' id='block_1_73' title="bbox 2056 2962 3631 3035">
    <p class='ocr_par' dir='ltr' id='par_1_73' title="bbox 2056 2962 3631 3035">
     <span class='ocr_line' id='line_1_73' title="bbox 2056 2962 3631 3035; baseline -0.001 -19"><span class='ocrx_word' id='word_1_486' title='bbox 2056 2962 2164 3016; x_wconf 86' lang='grc' dir='ltr'><strong>τῶν</strong></span> <span class='ocrx_word' id='word_1_487' title='bbox 2191 2962 2330 3016; x_wconf 81' lang='grc' dir='ltr'>ὅλων</span> <span class='ocrx_word' id='word_1_488' title='bbox 2357 2963 2510 3029; x_wconf 77' lang='grc' dir='ltr'>Θεὸς,</span> <span class='ocrx_word' id='word_1_489' title='bbox 2539 2965 2794 3035; x_wconf 80' lang='grc' dir='ltr'>δωρεῖται</span> <span class='ocrx_word' id='word_1_490' title='bbox 2826 2965 2886 3018; x_wconf 77' lang='grc' dir='ltr'>τὸ</span> <span class='ocrx_word' id='word_1_491' title='bbox 2911 2963 3239 3018; x_wconf 82' lang='grc' dir='ltr'>τελειοποιὺν</span> <span class='ocrx_word' id='word_1_492' title='bbox 3273 2963 3514 3034; x_wconf 85' lang='grc' dir='ltr'>χάρισμα</span> <span class='ocrx_word' id='word_1_493' title='bbox 3537 2962 3631 3015; x_wconf 82' lang='grc' dir='ltr'><strong>τοῦ</strong></span> 
     </span>
    </p>
   </div>
   <div class='ocr_carea' id='block_1_74' title="bbox 2058 3055 3634 3136">
    <p class='ocr_par' dir='ltr' id='par_1_74' title="bbox 2058 3055 3634 3136">
     <span class='ocr_line' id='line_1_74' title="bbox 2058 3055 3634 3136; baseline -0.001 -28"><span class='ocrx_word' id='word_1_494' title='bbox 2058 3055 2330 3136; x_wconf 79' lang='grc' dir='ltr'>παναγίου</span> <span class='ocrx_word' id='word_1_495' title='bbox 2367 3057 2704 3126; x_wconf 87' lang='grc' dir='ltr'>Πνεύματος,</span> <span class='ocrx_word' id='word_1_496' title='bbox 2734 3056 2833 3128; x_wconf 77' lang='grc' dir='ltr'>τὴν</span> <span class='ocrx_word' id='word_1_497' title='bbox 2864 3057 3078 3128; x_wconf 74' lang='grc' dir='ltr'>σοφίαν,</span> <span class='ocrx_word' id='word_1_498' title='bbox 3108 3058 3219 3120; x_wconf 83' lang='grc' dir='ltr'>τοῖς</span> <span class='ocrx_word' id='word_1_499' title='bbox 3261 3055 3414 3127; x_wconf 83' lang='grc' dir='ltr'>πόθῳ</span> <span class='ocrx_word' id='word_1_500' title='bbox 3451 3057 3634 3109; x_wconf 77' lang='grc' dir='ltr'>ἐπιτε-</span> 
     </span>
    </p>
   </div>
   <div class='ocr_carea' id='block_1_75' title="bbox 2058 3147 2808 3220">
    <p class='ocr_par' dir='ltr' id='par_1_75' title="bbox 2058 3147 2808 3220">
     <span class='ocr_line' id='line_1_75' title="bbox 2058 3147 2808 3220; baseline 0 -20"><span class='ocrx_word' id='word_1_501' title='bbox 2058 3148 2280 3220; x_wconf 83' lang='grc' dir='ltr'>ταμὲνῳ</span> <span class='ocrx_word' id='word_1_502' title='bbox 2317 3147 2574 3218; x_wconf 81' lang='grc' dir='ltr'>ζητοῦσιν</span> <span class='ocrx_word' id='word_1_503' title='bbox 2611 3150 2808 3219; x_wconf 80' lang='grc' dir='ltr'>αὐτήν.</span> 
     </span>
    </p>
   </div>
   <div class='ocr_carea' id='block_1_76' title="bbox 2130 3239 3633 3312">
    <p class='ocr_par' dir='ltr' id='par_1_76' title="bbox 2130 3239 3633 3312">
     <span class='ocr_line' id='line_1_76' title="bbox 2130 3239 3633 3312; baseline 0.004 -20"><span class='ocrx_word' id='word_1_504' title='bbox 2130 3239 2238 3292; x_wconf 79' lang='grc' dir='ltr'><strong>Καὶ</strong></span> <span class='ocrx_word' id='word_1_505' title='bbox 2268 3241 2386 3294; x_wconf 79' lang='grc' dir='ltr'>ἀπὸ</span> <span class='ocrx_word' id='word_1_506' title='bbox 2415 3242 2743 3308; x_wconf 80' lang='grc' dir='ltr'>προσώπου</span> <span class='ocrx_word' id='word_1_507' title='bbox 2764 3239 2951 3295; x_wconf 84' lang='grc' dir='ltr'>αὐτοῦ</span> <span class='ocrx_word' id='word_1_508' title='bbox 2975 3239 3196 3312; x_wconf 71' lang='grc' dir='ltr'>γνῶσις</span> <span class='ocrx_word' id='word_1_509' title='bbox 3223 3241 3322 3294; x_wconf 80' lang='grc' dir='ltr'>καὶ</span> <span class='ocrx_word' id='word_1_510' title='bbox 3353 3241 3633 3307; x_wconf 79' lang='grc' dir='ltr'>σύνεσις.</span> 
     </span>
    </p>
   </div>
   <div class='ocr_carea' id='block_1_77' title="bbox 2054 3329 3640 3404">
    <p class='ocr_par' dir='ltr' id='par_1_77' title="bbox 2054 3329 3640 3404">
     <span class='ocr_line' id='line_1_77' title="bbox 2054 3329 3640 3404; baseline -0.001 -18"><span class='ocrx_word' id='word_1_511' title='bbox 2054 3334 2164 3386; x_wconf 77' lang='grc' dir='ltr'><strong>Καὶ</strong></span> <span class='ocrx_word' id='word_1_512' title='bbox 2191 3333 2305 3395; x_wconf 84' lang='grc' dir='ltr'>τοῖς</span> <span class='ocrx_word' id='word_1_513' title='bbox 2333 3329 2584 3385; x_wconf 77' lang='grc' dir='ltr'>ἐντεῦθεν</span> <span class='ocrx_word' id='word_1_514' title='bbox 2616 3331 2714 3402; x_wconf 83' lang='grc' dir='ltr'>τὴν</span> <span class='ocrx_word' id='word_1_515' title='bbox 2743 3331 2935 3386; x_wconf 88' lang='grc' dir='ltr'>τούτου</span> <span class='ocrx_word' id='word_1_516' title='bbox 2967 3332 3172 3390; x_wconf 71' lang='grc' dir='ltr'>εἰκόνα.</span> <span class='ocrx_word' id='word_1_517' title='bbox 3201 3331 3274 3396; x_wconf 84' lang='grc' dir='ltr'><strong>ὡς</strong></span> <span class='ocrx_word' id='word_1_518' title='bbox 3308 3332 3640 3404; x_wconf 75' lang='grc' dir='ltr'>υἱοθετηθείο</span> 
     </span>
    </p>
   </div>
   <div class='ocr_carea' id='block_1_78' title="bbox 2057 3426 3640 3500">
    <p class='ocr_par' dir='ltr' id='par_1_78' title="bbox 2057 3426 3640 3500">
     <span class='ocr_line' id='line_1_78' title="bbox 2057 3426 3640 3500; baseline -0.001 -20"><span class='ocrx_word' id='word_1_519' title='bbox 2057 3443 2143 3480; x_wconf 89' lang='grc' dir='ltr'><strong>σιν</strong></span> <span class='ocrx_word' id='word_1_520' title='bbox 2177 3426 2347 3498; x_wconf 80' lang='grc' dir='ltr'>αύτῷ,</span> <span class='ocrx_word' id='word_1_521' title='bbox 2376 3429 2700 3499; x_wconf 83' lang='grc' dir='ltr'>φορέσασιν,</span> <span class='ocrx_word' id='word_1_522' title='bbox 2737 3429 2974 3500; x_wconf 83' lang='grc' dir='ltr'>ὑπάρχει</span> <span class='ocrx_word' id='word_1_523' title='bbox 3005 3431 3070 3482; x_wconf 78' lang='grc' dir='ltr'>ἐκ</span> <span class='ocrx_word' id='word_1_524' title='bbox 3099 3429 3198 3500; x_wconf 88' lang='grc' dir='ltr'>μὲν</span> <span class='ocrx_word' id='word_1_525' title='bbox 3227 3428 3321 3482; x_wconf 75' lang='grc' dir='ltr'><strong>τοῦ</strong></span> <span class='ocrx_word' id='word_1_526' title='bbox 3357 3429 3543 3498; x_wconf 83' lang='grc' dir='ltr'>τηρεῖν</span> <span class='ocrx_word' id='word_1_527' title='bbox 3571 3427 3640 3479; x_wconf 80' lang='grc' dir='ltr'>τὸ</span> 
     </span>
    </p>
   </div>
   <div class='ocr_carea' id='block_1_79' title="bbox 2056 3519 3636 3592">
    <p class='ocr_par' dir='ltr' id='par_1_79' title="bbox 2056 3519 3636 3592">
     <span class='ocr_line' id='line_1_79' title="bbox 2056 3519 3636 3592; baseline -0.001 -20"><span class='ocrx_word' id='word_1_528' title='bbox 2056 3520 2178 3574; x_wconf 84' lang='grc' dir='ltr'>κατ’</span> <span class='ocrx_word' id='word_1_529' title='bbox 2201 3521 2406 3586; x_wconf 83' lang='grc' dir='ltr'>εἰκόνα,</span> <span class='ocrx_word' id='word_1_530' title='bbox 2428 3521 2630 3589; x_wconf 88' lang='grc' dir='ltr'>γνῶσις</span> <span class='ocrx_word' id='word_1_531' title='bbox 2649 3539 2664 3554; x_wconf 88' lang='grc'><strong>·</strong></span> <span class='ocrx_word' id='word_1_532' title='bbox 2699 3522 2800 3592; x_wconf 85' lang='grc' dir='ltr'>τῆς</span> <span class='ocrx_word' id='word_1_533' title='bbox 2831 3521 2930 3592; x_wconf 86' lang='grc' dir='ltr'>μὲν</span> <span class='ocrx_word' id='word_1_534' title='bbox 2955 3523 3178 3592; x_wconf 85' lang='grc' dir='ltr'>ἀγνοίας</span> <span class='ocrx_word' id='word_1_535' title='bbox 3197 3521 3306 3574; x_wconf 82' lang='grc' dir='ltr'><strong>τῶν</strong></span> <span class='ocrx_word' id='word_1_536' title='bbox 3327 3519 3448 3576; x_wconf 81' lang='grc' dir='ltr'>καθ’</span> <span class='ocrx_word' id='word_1_537' title='bbox 3471 3519 3636 3590; x_wconf 70' lang='grc' dir='ltr'>ἡμῶν</span> 
     </span>
    </p>
   </div>
   <div class='ocr_carea' id='block_1_80' title="bbox 2055 3611 3642 3684">
    <p class='ocr_par' dir='ltr' id='par_1_80' title="bbox 2055 3611 3642 3684">
     <span class='ocr_line' id='line_1_80' title="bbox 2055 3611 3642 3684; baseline 0.001 -21"><span class='ocrx_word' id='word_1_538' title='bbox 2055 3611 2346 3682; x_wconf 81' lang='grc' dir='ltr'>νοημάτων</span> <span class='ocrx_word' id='word_1_539' title='bbox 2370 3612 2464 3667; x_wconf 83' lang='grc' dir='ltr'>τοῦ</span> <span class='ocrx_word' id='word_1_540' title='bbox 2493 3611 2686 3683; x_wconf 75' lang='grc' dir='ltr'>νοητοῦ</span> <span class='ocrx_word' id='word_1_541' title='bbox 2715 3613 2874 3683; x_wconf 79' lang='grc' dir='ltr'>ἡμῶν</span> <span class='ocrx_word' id='word_1_542' title='bbox 2903 3613 3096 3684; x_wconf 77' lang='grc' dir='ltr'>ἐχθροῦ</span> <span class='ocrx_word' id='word_1_543' title='bbox 3127 3613 3446 3682; x_wconf 77' lang='grc' dir='ltr'>ἀναιρετικὴ</span> <span class='ocrx_word' id='word_1_544' title='bbox 3467 3629 3482 3642; x_wconf 86' lang='grc'>·</span> <span class='ocrx_word' id='word_1_545' title='bbox 3523 3611 3642 3664; x_wconf 87' lang='grc' dir='ltr'><strong>τῶν</strong></span> 
     </span>
    </p>
   </div>
   <div class='ocr_carea' id='block_1_81' title="bbox 2055 3700 3642 3773">
    <p class='ocr_par' dir='ltr' id='par_1_81' title="bbox 2055 3700 3642 3773">
     <span class='ocr_line' id='line_1_81' title="bbox 2055 3700 3642 3773; baseline 0 -19"><span class='ocrx_word' id='word_1_546' title='bbox 2055 3700 2098 3754; x_wconf 84' lang='grc' dir='ltr'><strong>δ’</strong></span> <span class='ocrx_word' id='word_1_547' title='bbox 2123 3701 2181 3753; x_wconf 77' lang='grc' dir='ltr'>ὲν</span> <span class='ocrx_word' id='word_1_548' title='bbox 2222 3704 2342 3766; x_wconf 84' lang='grc' dir='ltr'>ταῖς</span> <span class='ocrx_word' id='word_1_549' title='bbox 2388 3701 2633 3766; x_wconf 73' lang='grc' dir='ltr'>ἐντολαῖς</span> <span class='ocrx_word' id='word_1_550' title='bbox 2676 3703 2874 3772; x_wconf 86' lang='grc' dir='ltr'>λόγων,</span> <span class='ocrx_word' id='word_1_551' title='bbox 2905 3703 3030 3756; x_wconf 87' lang='grc' dir='ltr'>καθ’</span> <span class='ocrx_word' id='word_1_552' title='bbox 3054 3702 3148 3766; x_wconf 78' lang='grc' dir='ltr'>οὓς</span> <span class='ocrx_word' id='word_1_553' title='bbox 3193 3705 3240 3757; x_wconf 76' lang='grc' dir='ltr'>οἱ</span> <span class='ocrx_word' id='word_1_554' title='bbox 3287 3703 3478 3773; x_wconf 81' lang='grc' dir='ltr'>τρόποι</span> <span class='ocrx_word' id='word_1_555' title='bbox 3522 3703 3642 3755; x_wconf 86' lang='grc' dir='ltr'><strong>τῶν</strong></span> 
     </span>
    </p>
   </div>
   <div class='ocr_carea' id='block_1_82' title="bbox 2057 3792 3640 3866">
    <p class='ocr_par' dir='ltr' id='par_1_82' title="bbox 2057 3792 3640 3866">
     <span class='ocr_line' id='line_1_82' title="bbox 2057 3792 3640 3866; baseline -0.002 -18"><span class='ocrx_word' id='word_1_556' title='bbox 2057 3795 2268 3865; x_wconf 85' lang='grc' dir='ltr'>ἀρετῶν</span> <span class='ocrx_word' id='word_1_557' title='bbox 2309 3795 2692 3866; x_wconf 84' lang='grc' dir='ltr'>συνεστήκασι,</span> <span class='ocrx_word' id='word_1_558' title='bbox 2725 3794 3100 3864; x_wconf 76' lang='grc' dir='ltr'>περιληπτικὴ</span> <span class='ocrx_word' id='word_1_559' title='bbox 3121 3811 3136 3824; x_wconf 82' lang='lat'><strong><em>°</em></strong></span> <span class='ocrx_word' id='word_1_560' title='bbox 3167 3797 3231 3848; x_wconf 83' lang='grc' dir='ltr'>ὲκ</span> <span class='ocrx_word' id='word_1_561' title='bbox 3260 3794 3318 3848; x_wconf 67' lang='grc' dir='ltr'><strong>δὲ</strong></span> <span class='ocrx_word' id='word_1_562' title='bbox 3346 3793 3440 3846; x_wconf 82' lang='grc' dir='ltr'>τοῦ</span> <span class='ocrx_word' id='word_1_563' title='bbox 3465 3792 3640 3864; x_wconf 80' lang='grc' dir='ltr'>ὲργά-</span> 
     </span>
    </p>
   </div>
   <div class='ocr_carea' id='block_1_83' title="bbox 2059 3883 3640 3956">
    <p class='ocr_par' dir='ltr' id='par_1_83' title="bbox 2059 3883 3640 3956">
     <span class='ocr_line' id='line_1_83' title="bbox 2059 3883 3640 3956; baseline 0 -20"><span class='ocrx_word' id='word_1_564' title='bbox 2059 3883 2248 3948; x_wconf 78' lang='grc' dir='ltr'>ζεσθαι</span> <span class='ocrx_word' id='word_1_565' title='bbox 2277 3885 2401 3938; x_wconf 86' lang='grc' dir='ltr'>καθ’</span> <span class='ocrx_word' id='word_1_566' title='bbox 2422 3884 2680 3956; x_wconf 78' lang='grc' dir='ltr'>ὁμοίωσιν</span> <span class='ocrx_word' id='word_1_567' title='bbox 2712 3884 2876 3938; x_wconf 78' lang='grc' dir='ltr'>αὑτοῦ</span> <span class='ocrx_word' id='word_1_568' title='bbox 2905 3885 2974 3937; x_wconf 84' lang='grc' dir='ltr'>τὰ</span> <span class='ocrx_word' id='word_1_569' title='bbox 3004 3884 3296 3954; x_wconf 88' lang='grc' dir='ltr'>πανάγαθα</span> <span class='ocrx_word' id='word_1_570' title='bbox 3321 3883 3512 3937; x_wconf 88' lang='grc' dir='ltr'>τούτου</span> <span class='ocrx_word' id='word_1_571' title='bbox 3543 3883 3640 3936; x_wconf 81' lang='grc' dir='ltr'>θε-</span> 
     </span>
    </p>
   </div>
   <div class='ocr_carea' id='block_1_84' title="bbox 2057 3971 3641 4045">
    <p class='ocr_par' dir='ltr' id='par_1_84' title="bbox 2057 3971 3641 4045">
     <span class='ocr_line' id='line_1_84' title="bbox 2057 3971 3641 4045; baseline -0.001 -19"><span class='ocrx_word' id='word_1_572' title='bbox 2057 3971 2295 4045; x_wconf 84' lang='grc' dir='ltr'>λήματα,</span> <span class='ocrx_word' id='word_1_573' title='bbox 2326 3973 2540 4038; x_wconf 81' lang='grc' dir='ltr'>σύνεσις</span> <span class='ocrx_word' id='word_1_574' title='bbox 2559 3991 2572 4004; x_wconf 75' lang='grc' dir='ltr'><strong>ο</strong></span> <span class='ocrx_word' id='word_1_575' title='bbox 2608 3975 2708 4043; x_wconf 80' lang='grc' dir='ltr'>τῆς</span> <span class='ocrx_word' id='word_1_576' title='bbox 2745 3974 2843 4044; x_wconf 84' lang='grc' dir='ltr'>μὲν</span> <span class='ocrx_word' id='word_1_577' title='bbox 2873 3971 3390 4044; x_wconf 85' lang='grc' dir='ltr'>άνεπιγνωμοσύνης</span> <span class='ocrx_word' id='word_1_578' title='bbox 3416 3973 3641 4042; x_wconf 81' lang='grc' dir='ltr'>ἀναιρε-</span> 
     </span>
    </p>
   </div>
   <div class='ocr_carea' id='block_1_85' title="bbox 2059 4063 3643 4136">
    <p class='ocr_par' dir='ltr' id='par_1_85' title="bbox 2059 4063 3643 4136">
     <span class='ocr_line' id='line_1_85' title="bbox 2059 4063 3643 4136; baseline -0.001 -18"><span class='ocrx_word' id='word_1_579' title='bbox 2059 4064 2207 4136; x_wconf 78' lang='grc' dir='ltr'>τικὴ,</span> <span class='ocrx_word' id='word_1_580' title='bbox 2233 4064 2372 4134; x_wconf 80' lang='grc' dir='ltr'>πρὸς</span> <span class='ocrx_word' id='word_1_581' title='bbox 2394 4065 2450 4118; x_wconf 81' lang='grc' dir='ltr'><strong>δὲ</strong></span> <span class='ocrx_word' id='word_1_582' title='bbox 2475 4066 2602 4130; x_wconf 84' lang='grc' dir='ltr'>τοὺς</span> <span class='ocrx_word' id='word_1_583' title='bbox 2632 4065 2822 4134; x_wconf 84' lang='grc' dir='ltr'>λόγους</span> <span class='ocrx_word' id='word_1_584' title='bbox 2851 4065 3096 4130; x_wconf 74' lang='grc' dir='ltr'>καὶτοὺς</span> <span class='ocrx_word' id='word_1_585' title='bbox 3119 4063 3354 4136; x_wconf 85' lang='grc' dir='ltr'>τρόπους</span> <span class='ocrx_word' id='word_1_586' title='bbox 3376 4064 3480 4117; x_wconf 86' lang='grc' dir='ltr'><strong>τῶν</strong></span> <span class='ocrx_word' id='word_1_587' title='bbox 3504 4065 3643 4136; x_wconf 84' lang='grc' dir='ltr'>ἀρε-</span> 
     </span>
    </p>
   </div>
   <div class='ocr_carea' id='block_1_86' title="bbox 2056 4155 2697 4234">
    <p class='ocr_par' dir='ltr' id='par_1_86' title="bbox 2056 4155 2697 4234">
     <span class='ocr_line' id='line_1_86' title="bbox 2056 4155 2697 4234; baseline 0.003 -24"><span class='ocrx_word' id='word_1_588' title='bbox 2056 4155 2168 4210; x_wconf 90' lang='grc' dir='ltr'><strong>τῶν</strong></span> <span class='ocrx_word' id='word_1_589' title='bbox 2195 4159 2616 4228; x_wconf 86' lang='grc' dir='ltr'>μεταποιητική.</span> <span class='ocrx_word' id='word_1_590' title='bbox 2689 4227 2697 4234; x_wconf 84' lang='lat'>_</span> 
     </span>
    </p>
   </div>
   <div class='ocr_carea' id='block_1_87' title="bbox 2131 4245 3635 4318">
    <p class='ocr_par' dir='ltr' id='par_1_87' title="bbox 2131 4245 3635 4318">
     <span class='ocr_line' id='line_1_87' title="bbox 2131 4245 3635 4318; baseline -0.002 -16"><span class='ocrx_word' id='word_1_591' title='bbox 2131 4247 2199 4312; x_wconf 80' lang='grc' dir='ltr'><strong>ζ’.</strong></span> <span class='ocrx_word' id='word_1_592' title='bbox 2237 4249 2348 4305; x_wconf 77' lang='grc' dir='ltr'><strong>Καὶ</strong></span> <span class='ocrx_word' id='word_1_593' title='bbox 2393 4248 2736 4318; x_wconf 80' lang='grc' dir='ltr'>θησαυρίζει</span> <span class='ocrx_word' id='word_1_594' title='bbox 2771 4247 2898 4316; x_wconf 78' lang='grc' dir='ltr'>τοῖς</span> <span class='ocrx_word' id='word_1_595' title='bbox 2928 4246 3286 4316; x_wconf 80' lang='grc' dir='ltr'>κατορθοῦσι</span> <span class='ocrx_word' id='word_1_596' title='bbox 3316 4245 3635 4312; x_wconf 79' lang='grc' dir='ltr'>σωτηρίας.</span> 
     </span>
    </p>
   </div>
   <div class='ocr_carea' id='block_1_88' title="bbox 2060 4333 3638 4410">
    <p class='ocr_par' dir='ltr' id='par_1_88' title="bbox 2060 4333 3638 4410">
     <span class='ocr_line' id='line_1_88' title="bbox 2060 4333 3638 4410; baseline -0.004 -18"><span class='ocrx_word' id='word_1_597' title='bbox 2060 4339 2170 4392; x_wconf 80' lang='grc' dir='ltr'><strong>Καὶ</strong></span> <span class='ocrx_word' id='word_1_598' title='bbox 2195 4339 2624 4410; x_wconf 89' lang='grc' dir='ltr'>τοιουτοτρόπως</span> <span class='ocrx_word' id='word_1_599' title='bbox 2647 4335 3074 4407; x_wconf 83' lang='grc' dir='ltr'>ἀποταμιεύεται</span> <span class='ocrx_word' id='word_1_600' title='bbox 3102 4336 3131 4388; x_wconf 83' lang='grc' dir='ltr'>ὁ</span> <span class='ocrx_word' id='word_1_601' title='bbox 3161 4335 3383 4406; x_wconf 78' lang='grc' dir='ltr'>Κύριος,</span> <span class='ocrx_word' id='word_1_602' title='bbox 3411 4334 3500 4386; x_wconf 82' lang='grc' dir='ltr'><strong>διά</strong></span> <span class='ocrx_word' id='word_1_603' title='bbox 3524 4333 3638 4386; x_wconf 88' lang='grc' dir='ltr'><strong>τῶν</strong></span> 
     </span>
    </p>
   </div>
   <div class='ocr_carea' id='block_1_89' title="bbox 2061 4427 3634 4501">
    <p class='ocr_par' dir='ltr' id='par_1_89' title="bbox 2061 4427 3634 4501">
     <span class='ocr_line' id='line_1_89' title="bbox 2061 4427 3634 4501; baseline -0.003 -19"><span class='ocrx_word' id='word_1_604' title='bbox 2061 4427 2157 4482; x_wconf 83' lang='grc' dir='ltr'>τοῦ</span> <span class='ocrx_word' id='word_1_605' title='bbox 2193 4430 2458 4498; x_wconf 80' lang='grc' dir='ltr'>παναγίου</span> <span class='ocrx_word' id='word_1_606' title='bbox 2491 4429 2806 4501; x_wconf 89' lang='grc' dir='ltr'>Πνεύματος</span> <span class='ocrx_word' id='word_1_607' title='bbox 2844 4429 3202 4500; x_wconf 85' lang='grc' dir='ltr'>χαρισμάτων</span> <span class='ocrx_word' id='word_1_608' title='bbox 3226 4469 3241 4492; x_wconf 95' lang='grc'><strong>,</strong></span> <span class='ocrx_word' id='word_1_609' title='bbox 3270 4429 3373 4496; x_wconf 82' lang='grc' dir='ltr'>τῆς</span> <span class='ocrx_word' id='word_1_610' title='bbox 3420 4427 3634 4496; x_wconf 71' lang='grc' dir='ltr'>σοφίας,</span> 
     </span>
    </p>
   </div>
   <div class='ocr_carea' id='block_1_90' title="bbox 387 4517 1956 4592">
    <p class='ocr_par' dir='ltr' id='par_1_90' title="bbox 387 4518 1948 4592">
     <span class='ocr_line' id='line_1_90' title="bbox 387 4518 1948 4592; baseline -0.004 -16"><span class='ocrx_word' id='word_1_611' title='bbox 387 4521 454 4576; x_wconf 78' lang='lat' dir='ltr'><strong>:Id</strong></span> <span class='ocrx_word' id='word_1_612' title='bbox 494 4521 803 4582; x_wconf 87' lang='lat' dir='ltr'><strong>sinistram,</strong></span> <span class='ocrx_word' id='word_1_613' title='bbox 833 4531 957 4592; x_wconf 91' lang='lat' dir='ltr'><strong>post</strong></span> <span class='ocrx_word' id='word_1_614' title='bbox 983 4521 1312 4592; x_wconf 83' lang='lat' dir='ltr'><strong>cupiditates</strong></span> <span class='ocrx_word' id='word_1_615' title='bbox 1358 4537 1480 4591; x_wconf 69' lang='lat' dir='ltr'><strong>quae</strong></span> <span class='ocrx_word' id='word_1_616' title='bbox 1509 4535 1574 4574; x_wconf 80' lang='lat' dir='ltr'><strong>ex</strong></span> <span class='ocrx_word' id='word_1_617' title='bbox 1609 4518 1824 4574; x_wconf 82' lang='lat' dir='ltr'><strong>defectu</strong></span> <span class='ocrx_word' id='word_1_618' title='bbox 1869 4519 1948 4573; x_wconf 85' lang='lat' dir='ltr'><strong>vel</strong></span> 
     </span>
    </p>
   </div>
   <div class='ocr_carea' id='block_1_91' title="bbox 2065 4517 3636 4592">
    <p class='ocr_par' dir='ltr' id='par_1_91' title="bbox 2065 4517 3636 4590">
     <span class='ocr_line' id='line_1_91' title="bbox 2065 4517 3636 4590; baseline -0.001 -21"><span class='ocrx_word' id='word_1_619' title='bbox 2065 4519 2157 4590; x_wconf 84' lang='grc' dir='ltr'>τῆς</span> <span class='ocrx_word' id='word_1_620' title='bbox 2185 4519 2472 4582; x_wconf 77' lang='grc' dir='ltr'>συνέσεως,</span> <span class='ocrx_word' id='word_1_621' title='bbox 2499 4519 2593 4573; x_wconf 77' lang='grc' dir='ltr'>καὶ</span> <span class='ocrx_word' id='word_1_622' title='bbox 2620 4519 2719 4588; x_wconf 80' lang='grc' dir='ltr'>τῆς</span> <span class='ocrx_word' id='word_1_623' title='bbox 2742 4519 3016 4587; x_wconf 83' lang='grc' dir='ltr'>γνώσεως,</span> <span class='ocrx_word' id='word_1_624' title='bbox 3037 4520 3150 4580; x_wconf 88' lang='grc' dir='ltr'>τοῖς</span> <span class='ocrx_word' id='word_1_625' title='bbox 3173 4517 3298 4588; x_wconf 82' lang='grc' dir='ltr'>μήτ’</span> <span class='ocrx_word' id='word_1_626' title='bbox 3321 4519 3401 4581; x_wconf 75' lang='grc' dir='ltr'>εἰς</span> <span class='ocrx_word' id='word_1_627' title='bbox 3423 4519 3492 4570; x_wconf 72' lang='grc' dir='ltr'>τὰ</span> <span class='ocrx_word' id='word_1_628' title='bbox 3515 4517 3636 4586; x_wconf 78' lang='grc' dir='ltr'>ἀρι-</span> 
     </span>
    </p>
   </div>
   <div class='ocr_carea' id='block_1_92' title="bbox 383 4612 1954 4674">
    <p class='ocr_par' dir='ltr' id='par_1_92' title="bbox 383 4612 1954 4674">
     <span class='ocr_line' id='line_1_92' title="bbox 383 4612 1954 4674; baseline -0.001 -8"><span class='ocrx_word' id='word_1_629' title='bbox 383 4626 450 4666; x_wconf 76' lang='lat' dir='ltr'><strong>cx</strong></span> <span class='ocrx_word' id='word_1_630' title='bbox 483 4625 716 4666; x_wconf 83' lang='lat' dir='ltr'><strong>excessu</strong></span> <span class='ocrx_word' id='word_1_631' title='bbox 747 4613 964 4670; x_wconf 88' lang='lat' dir='ltr'><strong>virtutis</strong></span> <span class='ocrx_word' id='word_1_632' title='bbox 1017 4616 1296 4674; x_wconf 87' lang='lat' dir='ltr'><strong>oriuntur,</strong></span> <span class='ocrx_word' id='word_1_633' title='bbox 1327 4613 1688 4674; x_wconf 87' lang='lat' dir='ltr'><strong>declinavere,</strong></span> <span class='ocrx_word' id='word_1_634' title='bbox 1713 4612 1954 4667; x_wconf 84' lang='lat' dir='ltr'><strong>servabit</strong></span> 
     </span>
    </p>
   </div>
   <div class='ocr_carea' id='block_1_93' title="bbox 387 4701 1951 4768">
    <p class='ocr_par' dir='ltr' id='par_1_93' title="bbox 387 4701 1951 4768">
     <span class='ocr_line' id='line_1_93' title="bbox 387 4701 1951 4768; baseline 0.002 -13"><span class='ocrx_word' id='word_1_635' title='bbox 387 4701 656 4758; x_wconf 80' lang='lat' dir='ltr'><strong>Dutninus</strong></span> <span class='ocrx_word' id='word_1_636' title='bbox 695 4711 953 4758; x_wconf 82' lang='lat' dir='ltr'><strong>a-ternam</strong></span> <span class='ocrx_word' id='word_1_637' title='bbox 1013 4705 1347 4768; x_wconf 85' lang='lat' dir='ltr'><strong>custodiam,</strong></span> <span class='ocrx_word' id='word_1_638' title='bbox 1403 4721 1593 4760; x_wconf 86' lang='lat' dir='ltr'><strong>eorum</strong></span> <span class='ocrx_word' id='word_1_639' title='bbox 1628 4714 1682 4760; x_wconf 90' lang='lat' dir='ltr'><strong>et</strong></span> <span class='ocrx_word' id='word_1_640' title='bbox 1712 4705 1951 4759; x_wconf 85' lang='lat' dir='ltr'><strong>animam</strong></span> 
     </span>
    </p>
   </div>
   <div class='ocr_carea' id='block_1_94' title="bbox 385 4794 1954 4868">
    <p class='ocr_par' dir='ltr' id='par_1_94' title="bbox 385 4794 1954 4868">
     <span class='ocr_line' id='line_1_94' title="bbox 385 4794 1954 4868; baseline -0.001 -17"><span class='ocrx_word' id='word_1_641' title='bbox 385 4805 443 4851; x_wconf 87' lang='lat' dir='ltr'><strong>ct</strong></span> <span class='ocrx_word' id='word_1_642' title='bbox 474 4794 726 4866; x_wconf 86' lang='lat' dir='ltr'><strong>spiritum</strong></span> <span class='ocrx_word' id='word_1_643' title='bbox 761 4804 815 4850; x_wconf 90' lang='lat' dir='ltr'><strong>et</strong></span> <span class='ocrx_word' id='word_1_644' title='bbox 843 4811 1068 4851; x_wconf 88' lang='lat' dir='ltr'><strong>carnem</strong></span> <span class='ocrx_word' id='word_1_645' title='bbox 1109 4797 1178 4851; x_wconf 86' lang='lat' dir='ltr'><strong>ab</strong></span> <span class='ocrx_word' id='word_1_646' title='bbox 1229 4797 1528 4865; x_wconf 81' lang='lat' dir='ltr'><strong>impietate,</strong></span> <span class='ocrx_word' id='word_1_647' title='bbox 1561 4807 1616 4851; x_wconf 88' lang='lat' dir='ltr'><strong>et</strong></span> <span class='ocrx_word' id='word_1_648' title='bbox 1645 4796 1954 4868; x_wconf 77' lang='lat' dir='ltr'><strong>ignorantia</strong></span> 
     </span>
    </p>
   </div>
   <div class='ocr_carea' id='block_1_95' title="bbox 384 4884 977 4946">
    <p class='ocr_par' dir='ltr' id='par_1_95' title="bbox 384 4884 977 4946">
     <span class='ocr_line' id='line_1_95' title="bbox 384 4884 977 4946; baseline 0.005 -8"><span class='ocrx_word' id='word_1_649' title='bbox 384 4893 441 4940; x_wconf 84' lang='lat' dir='ltr'><strong>et</strong></span> <span class='ocrx_word' id='word_1_650' title='bbox 473 4884 680 4939; x_wconf 87' lang='lat' dir='ltr'><strong>malitia</strong></span> <span class='ocrx_word' id='word_1_651' title='bbox 717 4885 977 4946; x_wconf 79' lang='lat' dir='ltr'><strong>liberans.</strong></span> 
     </span>
    </p>
   </div>
   <div class='ocr_carea' id='block_1_96' title="bbox 460 4975 1953 5049">
    <p class='ocr_par' dir='ltr' id='par_1_96' title="bbox 460 4975 1953 5049">
     <span class='ocr_line' id='line_1_96' title="bbox 460 4975 1953 5049; baseline -0.001 -19"><span class='ocrx_word' id='word_1_652' title='bbox 460 4976 626 5033; x_wconf 70' lang='lat' dir='ltr'><strong>Vsus.</strong></span> <span class='ocrx_word' id='word_1_653' title='bbox 689 4977 743 5033; x_wconf 89' lang='lat'><strong>8.</strong></span> <span class='ocrx_word' id='word_1_654' title='bbox 783 4975 1030 5047; x_wconf 75' lang='lat' dir='ltr'><strong>Protegat</strong></span> <span class='ocrx_word' id='word_1_655' title='bbox 1077 4979 1218 5032; x_wconf 78' lang='lat' dir='ltr'><strong>viam</strong></span> <span class='ocrx_word' id='word_1_656' title='bbox 1267 4994 1448 5032; x_wconf 84' lang='lat' dir='ltr'><strong>eorum</strong></span> <span class='ocrx_word' id='word_1_657' title='bbox 1502 4979 1592 5049; x_wconf 83' lang='lat' dir='ltr'><strong>qui</strong></span> <span class='ocrx_word' id='word_1_658' title='bbox 1649 4976 1953 5032; x_wconf 84' lang='lat' dir='ltr'><strong>custodiunt</strong></span> 
     </span>
    </p>
   </div>
   <div class='ocr_carea' id='block_1_97' title="bbox 378 5069 1954 5138">
    <p class='ocr_par' dir='ltr' id='par_1_97' title="bbox 378 5069 1954 5138">
     <span class='ocr_line' id='line_1_97' title="bbox 378 5069 1954 5138; baseline -0.004 -10"><span class='ocrx_word' id='word_1_659' title='bbox 378 5075 599 5128; x_wconf 74' lang='lat' dir='ltr'><strong>sentitas</strong></span> <span class='ocrx_word' id='word_1_660' title='bbox 630 5069 1029 5138; x_wconf 76' lang='lat' dir='ltr'><strong>mandatorum,</strong></span> <span class='ocrx_word' id='word_1_661' title='bbox 1070 5081 1118 5125; x_wconf 88' lang='lat' dir='ltr'><strong>et</strong></span> <span class='ocrx_word' id='word_1_662' title='bbox 1165 5071 1305 5124; x_wconf 80' lang='lat' dir='ltr'><strong>viam</strong></span> <span class='ocrx_word' id='word_1_663' title='bbox 1337 5072 1638 5125; x_wconf 87' lang='lat' dir='ltr'><strong>timentium</strong></span> <span class='ocrx_word' id='word_1_664' title='bbox 1673 5070 1954 5124; x_wconf 82' lang='lat' dir='ltr'><strong>illumscr-</strong></span> 
     </span>
    </p>
   </div>
   <div class='ocr_carea' id='block_1_98' title="bbox 379 5161 1956 5230">
    <p class='ocr_par' dir='ltr' id='par_1_98' title="bbox 379 5161 1956 5230">
     <span class='ocr_line' id='line_1_98' title="bbox 379 5161 1956 5230; baseline -0.004 -10"><span class='ocrx_word' id='word_1_665' title='bbox 379 5165 538 5220; x_wconf 75' lang='lat' dir='ltr'><strong>vabit.</strong></span> <span class='ocrx_word' id='word_1_666' title='bbox 573 5161 639 5216; x_wconf 84' lang='lat' dir='ltr'><strong>Et</strong></span> <span class='ocrx_word' id='word_1_667' title='bbox 669 5163 1024 5218; x_wconf 77' lang='lat' dir='ltr'><strong>auxiliabitur</strong></span> <span class='ocrx_word' id='word_1_668' title='bbox 1061 5179 1248 5218; x_wconf 88' lang='lat' dir='ltr'><strong>eorum</strong></span> <span class='ocrx_word' id='word_1_669' title='bbox 1285 5164 1382 5217; x_wconf 68' lang='lat' dir='ltr'><strong>vim</strong></span> <span class='ocrx_word' id='word_1_670' title='bbox 1415 5171 1594 5226; x_wconf 69' lang='lat' dir='ltr'><strong>rcctte,</strong></span> <span class='ocrx_word' id='word_1_671' title='bbox 1621 5163 1746 5230; x_wconf 88' lang='lat' dir='ltr'><strong>quia</strong></span> <span class='ocrx_word' id='word_1_672' title='bbox 1788 5163 1956 5214; x_wconf 82' lang='lat' dir='ltr'><strong>lirnti-</strong></span> 
     </span>
    </p>
   </div>
   <div class='ocr_carea' id='block_1_99' title="bbox 377 5253 1954 5321">
    <p class='ocr_par' dir='ltr' id='par_1_99' title="bbox 377 5253 1954 5321">
     <span class='ocr_line' id='line_1_99' title="bbox 377 5253 1954 5321; baseline -0.002 -13"><span class='ocrx_word' id='word_1_673' title='bbox 377 5265 465 5310; x_wconf 83' lang='lat' dir='ltr'><strong>ter</strong></span> <span class='ocrx_word' id='word_1_674' title='bbox 527 5257 870 5309; x_wconf 79' lang='lat' dir='ltr'><strong>voluntatum</strong></span> <span class='ocrx_word' id='word_1_675' title='bbox 931 5269 1156 5309; x_wconf 81' lang='lat' dir='ltr'><strong>suarum</strong></span> <span class='ocrx_word' id='word_1_676' title='bbox 1217 5269 1382 5320; x_wconf 69' lang='lat' dir='ltr'><strong>epeia</strong></span> <span class='ocrx_word' id='word_1_677' title='bbox 1434 5260 1752 5321; x_wconf 77' lang='lat' dir='ltr'><strong>gesserunt,</strong></span> <span class='ocrx_word' id='word_1_678' title='bbox 1785 5263 1836 5304; x_wconf 87' lang='lat' dir='ltr'><strong>ct</strong></span> <span class='ocrx_word' id='word_1_679' title='bbox 1870 5253 1954 5305; x_wconf 90' lang='lat' dir='ltr'><strong>his</strong></span> 
     </span>
    </p>
   </div>
   <div class='ocr_carea' id='block_1_100' title="bbox 377 5339 1953 5412">
    <p class='ocr_par' dir='ltr' id='par_1_100' title="bbox 377 5339 1953 5412">
     <span class='ocr_line' id='line_1_100' title="bbox 377 5339 1953 5412; baseline -0.002 -17"><span class='ocrx_word' id='word_1_680' title='bbox 377 5343 471 5412; x_wconf 82' lang='lat' dir='ltr'><strong>qui</strong></span> <span class='ocrx_word' id='word_1_681' title='bbox 516 5342 666 5395; x_wconf 87' lang='lat' dir='ltr'><strong>illum</strong></span> <span class='ocrx_word' id='word_1_682' title='bbox 698 5342 914 5404; x_wconf 89' lang='lat' dir='ltr'><strong>timent,</strong></span> <span class='ocrx_word' id='word_1_683' title='bbox 973 5342 1137 5404; x_wconf 85' lang='lat' dir='ltr'><strong>viam,</strong></span> <span class='ocrx_word' id='word_1_684' title='bbox 1206 5342 1270 5394; x_wconf 82' lang='lat' dir='ltr'><strong>ad</strong></span> <span class='ocrx_word' id='word_1_685' title='bbox 1309 5357 1367 5394; x_wconf 88' lang='lat' dir='ltr'><strong>se</strong></span> <span class='ocrx_word' id='word_1_686' title='bbox 1401 5339 1712 5402; x_wconf 86' lang='lat' dir='ltr'><strong>ducentem,</strong></span> <span class='ocrx_word' id='word_1_687' title='bbox 1755 5339 1823 5393; x_wconf 83' lang='lat' dir='ltr'><strong>ab</strong></span> <span class='ocrx_word' id='word_1_688' title='bbox 1856 5339 1953 5392; x_wconf 87' lang='lat' dir='ltr'><strong>ini-</strong></span> 
     </span>
    </p>
   </div>
   <div class='ocr_carea' id='block_1_101' title="bbox 381 5416 1280 5502">
    <p class='ocr_par' dir='ltr' id='par_1_101' title="bbox 381 5416 1280 5502">
     <span class='ocr_line' id='line_1_101' title="bbox 381 5416 1280 5502; baseline 0.001 -18"><span class='ocrx_word' id='word_1_689' title='bbox 381 5433 527 5486; x_wconf 86' lang='lat' dir='ltr'><strong>mico</strong></span> <span class='ocrx_word' id='word_1_690' title='bbox 547 5416 828 5502; x_wconf 67' lang='lat' dir='ltr'><strong>Spirituali</strong></span> <span class='ocrx_word' id='word_1_691' title='bbox 864 5443 1035 5486; x_wconf 87' lang='lat' dir='ltr'><strong>tutam</strong></span> <span class='ocrx_word' id='word_1_692' title='bbox 1067 5432 1280 5486; x_wconf 85' lang='lat' dir='ltr'><strong>reddet.</strong></span> 
     </span>
    </p>
   </div>
   <div class='ocr_carea' id='block_1_102' title="bbox 446 5606 1946 5680">
    <p class='ocr_par' dir='ltr' id='par_1_102' title="bbox 446 5606 1946 5680">
     <span class='ocr_line' id='line_1_102' title="bbox 446 5606 1946 5680; baseline 0 -18"><span class='ocrx_word' id='word_1_693' title='bbox 446 5606 620 5664; x_wconf 76' lang='lat' dir='ltr'><strong>Vlns.</strong></span> <span class='ocrx_word' id='word_1_694' title='bbox 659 5610 712 5664; x_wconf 87' lang='lat'><strong>9.</strong></span> <span class='ocrx_word' id='word_1_695' title='bbox 753 5609 898 5664; x_wconf 80' lang='lat' dir='ltr'><strong>Tunc</strong></span> <span class='ocrx_word' id='word_1_696' title='bbox 934 5611 1198 5680; x_wconf 78' lang='lat' dir='ltr'><strong>intelliges</strong></span> <span class='ocrx_word' id='word_1_697' title='bbox 1229 5610 1524 5680; x_wconf 79' lang='lat' dir='ltr'><strong>justitiam.</strong></span> <span class='ocrx_word' id='word_1_698' title='bbox 1563 5619 1612 5663; x_wconf 86' lang='lat' dir='ltr'><strong>et</strong></span> <span class='ocrx_word' id='word_1_699' title='bbox 1658 5609 1946 5676; x_wconf 73' lang='lat' dir='ltr'><strong>judicium,</strong></span> 
     </span>
    </p>
   </div>
   <div class='ocr_carea' id='block_1_103' title="bbox 377 5701 1956 5768">
    <p class='ocr_par' dir='ltr' id='par_1_103' title="bbox 377 5701 1956 5768">
     <span class='ocr_line' id='line_1_103' title="bbox 377 5701 1956 5768; baseline 0.001 -16"><span class='ocrx_word' id='word_1_700' title='bbox 377 5709 425 5752; x_wconf 77' lang='lat' dir='ltr'><strong>et</strong></span> <span class='ocrx_word' id='word_1_701' title='bbox 455 5710 624 5754; x_wconf 67' lang='lat' dir='ltr'><strong>rectas</strong></span> <span class='ocrx_word' id='word_1_702' title='bbox 655 5701 818 5768; x_wconf 81' lang='lat' dir='ltr'><strong>facies</strong></span> <span class='ocrx_word' id='word_1_703' title='bbox 873 5703 1088 5755; x_wconf 84' lang='lat' dir='ltr'><strong>semitas</strong></span> <span class='ocrx_word' id='word_1_704' title='bbox 1153 5702 1338 5756; x_wconf 78' lang='lat' dir='ltr'><strong>bonas.</strong></span> <span class='ocrx_word' id='word_1_705' title='bbox 1373 5702 1623 5766; x_wconf 80' lang='lat' dir='ltr'><strong>Quando,</strong></span> <span class='ocrx_word' id='word_1_706' title='bbox 1672 5717 1816 5756; x_wconf 79' lang='lat' dir='ltr'><strong>meas</strong></span> <span class='ocrx_word' id='word_1_707' title='bbox 1847 5719 1956 5755; x_wconf 74' lang='lat' dir='ltr'><strong>cx-</strong></span> 
     </span>
    </p>
   </div>
   <div class='ocr_carea' id='block_1_104' title="bbox 383 5788 1953 5862">
    <p class='ocr_par' dir='ltr' id='par_1_104' title="bbox 383 5788 1953 5862">
     <span class='ocr_line' id='line_1_104' title="bbox 383 5788 1953 5862; baseline 0.004 -21"><span class='ocrx_word' id='word_1_708' title='bbox 383 5788 720 5844; x_wconf 78' lang='lat' dir='ltr'><strong>l-ortotiones</strong></span> <span class='ocrx_word' id='word_1_709' title='bbox 745 5789 1034 5854; x_wconf 87' lang='lat' dir='ltr'><strong>audiendo,</strong></span> <span class='ocrx_word' id='word_1_710' title='bbox 1073 5793 1136 5842; x_wconf 84' lang='lat' dir='ltr'><strong>ad</strong></span> <span class='ocrx_word' id='word_1_711' title='bbox 1203 5793 1395 5846; x_wconf 88' lang='lat' dir='ltr'><strong>horum</strong></span> <span class='ocrx_word' id='word_1_712' title='bbox 1453 5792 1720 5846; x_wconf 77' lang='lat' dir='ltr'><strong>honorum</strong></span> <span class='ocrx_word' id='word_1_713' title='bbox 1762 5807 1953 5862; x_wconf 65' lang='lat' dir='ltr'><strong>pervc-</strong></span> 
     </span>
    </p>
   </div>
   <div class='ocr_carea' id='block_1_105' title="bbox 2063 4605 3634 4680">
    <p class='ocr_par' dir='ltr' id='par_1_105' title="bbox 2063 4605 3634 4680">
     <span class='ocr_line' id='line_1_105' title="bbox 2063 4605 3634 4680; baseline -0.003 -19"><span class='ocrx_word' id='word_1_714' title='bbox 2063 4609 2230 4679; x_wconf 77' lang='grc' dir='ltr'>στερὰ</span> <span class='ocrx_word' id='word_1_715' title='bbox 2267 4608 2390 4680; x_wconf 81' lang='grc' dir='ltr'>μήτ’</span> <span class='ocrx_word' id='word_1_716' title='bbox 2414 4611 2494 4672; x_wconf 85' lang='grc' dir='ltr'><strong>εἰς</strong></span> <span class='ocrx_word' id='word_1_717' title='bbox 2542 4608 2731 4675; x_wconf 79' lang='grc' dir='ltr'>δεξιὰ,</span> <span class='ocrx_word' id='word_1_718' title='bbox 2757 4610 2826 4662; x_wconf 90' lang='grc' dir='ltr'><strong>τά</strong></span> <span class='ocrx_word' id='word_1_719' title='bbox 2875 4608 2994 4662; x_wconf 82' lang='grc' dir='ltr'>κατ’</span> <span class='ocrx_word' id='word_1_720' title='bbox 3017 4607 3248 4678; x_wconf 71' lang='grc' dir='ltr'>ἔλλειψιν</span> <span class='ocrx_word' id='word_1_721' title='bbox 3287 4605 3488 4676; x_wconf 77' lang='grc' dir='ltr'>δηλαδὴ</span> <span class='ocrx_word' id='word_1_722' title='bbox 3533 4606 3634 4675; x_wconf 75' lang='grc' dir='ltr'>τῆς</span> 
     </span>
    </p>
   </div>
   <div class='ocr_carea' id='block_1_106' title="bbox 2059 4699 3635 4772">
    <p class='ocr_par' dir='ltr' id='par_1_106' title="bbox 2059 4699 3635 4772">
     <span class='ocr_line' id='line_1_106' title="bbox 2059 4699 3635 4772; baseline -0.003 -18"><span class='ocrx_word' id='word_1_723' title='bbox 2059 4699 2292 4770; x_wconf 77' lang='grc' dir='ltr'>ἀρετῆς,</span> <span class='ocrx_word' id='word_1_724' title='bbox 2324 4701 2420 4752; x_wconf 77' lang='grc' dir='ltr'>καὶ</span> <span class='ocrx_word' id='word_1_725' title='bbox 2454 4700 2524 4752; x_wconf 75' lang='grc' dir='ltr'><strong>τὰ</strong></span> <span class='ocrx_word' id='word_1_726' title='bbox 2575 4700 2698 4754; x_wconf 84' lang='grc' dir='ltr'>καθ’</span> <span class='ocrx_word' id='word_1_727' title='bbox 2723 4699 3028 4772; x_wconf 72' lang='grc' dir='ltr'>ὑπερϐολὴν</span> <span class='ocrx_word' id='word_1_728' title='bbox 3077 4699 3223 4771; x_wconf 85' lang='grc' dir='ltr'>πάθη</span> <span class='ocrx_word' id='word_1_729' title='bbox 3271 4699 3635 4758; x_wconf 73' lang='grc' dir='ltr'>ἐκκλίνουσιν,</span> 
     </span>
    </p>
   </div>
   <div class='ocr_carea' id='block_1_107' title="bbox 2055 4789 3636 4862">
    <p class='ocr_par' dir='ltr' id='par_1_107' title="bbox 2055 4789 3636 4862">
     <span class='ocr_line' id='line_1_107' title="bbox 2055 4789 3636 4862; baseline -0.002 -18"><span class='ocrx_word' id='word_1_730' title='bbox 2055 4789 2319 4861; x_wconf 81' lang='grc' dir='ltr'>ἀνελλιπῆ</span> <span class='ocrx_word' id='word_1_731' title='bbox 2360 4790 2638 4862; x_wconf 63' lang='grc' dir='ltr'>φυλακὴν,</span> <span class='ocrx_word' id='word_1_732' title='bbox 2680 4792 2922 4862; x_wconf 78' lang='grc' dir='ltr'>δηλονότι</span> <span class='ocrx_word' id='word_1_733' title='bbox 2956 4791 3097 4844; x_wconf 78' lang='grc' dir='ltr'>κατὰ</span> <span class='ocrx_word' id='word_1_734' title='bbox 3137 4791 3264 4844; x_wconf 68' lang='grc' dir='ltr'>νοῦν</span> <span class='ocrx_word' id='word_1_735' title='bbox 3314 4792 3410 4844; x_wconf 78' lang='grc' dir='ltr'>καὶ</span> <span class='ocrx_word' id='word_1_736' title='bbox 3455 4789 3636 4862; x_wconf 59' lang='grc' dir='ltr'>ψυχὴν</span> 
     </span>
    </p>
   </div>
   <div class='ocr_carea' id='block_1_108' title="bbox 2058 4881 3489 4954">
    <p class='ocr_par' dir='ltr' id='par_1_108' title="bbox 2058 4881 3489 4954">
     <span class='ocr_line' id='line_1_108' title="bbox 2058 4881 3489 4954; baseline 0.001 -20"><span class='ocrx_word' id='word_1_737' title='bbox 2058 4882 2152 4935; x_wconf 73' lang='grc' dir='ltr'><strong>καὶ</strong></span> <span class='ocrx_word' id='word_1_738' title='bbox 2191 4881 2371 4954; x_wconf 84' lang='grc' dir='ltr'>σάρκα</span> <span class='ocrx_word' id='word_1_739' title='bbox 2409 4883 2518 4936; x_wconf 86' lang='grc' dir='ltr'><strong>ἀπό</strong></span> <span class='ocrx_word' id='word_1_740' title='bbox 2555 4900 2616 4936; x_wconf 84' lang='grc' dir='ltr'><strong>τε</strong></span> <span class='ocrx_word' id='word_1_741' title='bbox 2653 4883 2843 4946; x_wconf 82' lang='grc' dir='ltr'>ἁθεΐας</span> <span class='ocrx_word' id='word_1_742' title='bbox 2879 4883 3102 4952; x_wconf 78' lang='grc' dir='ltr'>ἀγνοίας</span> <span class='ocrx_word' id='word_1_743' title='bbox 3140 4884 3234 4936; x_wconf 52' lang='grc' dir='ltr'><strong>καὶ⁸</strong></span> <span class='ocrx_word' id='word_1_744' title='bbox 3271 4881 3489 4946; x_wconf 78' lang='grc' dir='ltr'>κακίας.</span> 
     </span>
    </p>
   </div>
   <div class='ocr_carea' id='block_1_109' title="bbox 2127 4971 3638 5046">
    <p class='ocr_par' dir='ltr' id='par_1_109' title="bbox 2127 4971 3638 5046">
     <span class='ocr_line' id='line_1_109' title="bbox 2127 4971 3638 5046; baseline 0.001 -20"><span class='ocrx_word' id='word_1_745' title='bbox 2127 4979 2196 5046; x_wconf 84' lang='grc' dir='ltr'>η’.</span> <span class='ocrx_word' id='word_1_746' title='bbox 2242 4971 2633 5042; x_wconf 76' lang='grc' dir='ltr'>Ὑπερασπιεῐ</span> <span class='ocrx_word' id='word_1_747' title='bbox 2658 4974 2726 5027; x_wconf 81' lang='grc' dir='ltr'><em>δὲ</em></span> <span class='ocrx_word' id='word_1_748' title='bbox 2776 4973 2892 5042; x_wconf 75' lang='grc' dir='ltr'><strong>τὴν</strong></span> <span class='ocrx_word' id='word_1_749' title='bbox 2948 4976 3194 5043; x_wconf 68' lang='grc' dir='ltr'>πορείαν</span> <span class='ocrx_word' id='word_1_750' title='bbox 3235 4973 3467 5038; x_wconf 76' lang='grc' dir='ltr'>αὐτῶν,</span> <span class='ocrx_word' id='word_1_751' title='bbox 3530 4975 3638 5029; x_wconf 85' lang='grc' dir='ltr'>τοῦ</span> 
     </span>
    </p>
   </div>
   <div class='ocr_carea' id='block_1_110' title="bbox 2058 5061 3637 5132">
    <p class='ocr_par' dir='ltr' id='par_1_110' title="bbox 2058 5061 3637 5132">
     <span class='ocr_line' id='line_1_110' title="bbox 2058 5061 3637 5132; baseline 0.002 -17"><span class='ocrx_word' id='word_1_752' title='bbox 2058 5061 2323 5130; x_wconf 62' lang='grc' dir='ltr'>φυλάξαι</span> <span class='ocrx_word' id='word_1_753' title='bbox 2357 5062 2535 5129; x_wconf 83' lang='grc' dir='ltr'>ὀδοὺς</span> <span class='ocrx_word' id='word_1_754' title='bbox 2565 5062 2992 5132; x_wconf 79' lang='grc' dir='ltr'>δικαιωμάτων,</span> <span class='ocrx_word' id='word_1_755' title='bbox 3029 5063 3127 5116; x_wconf 80' lang='grc' dir='ltr'>καὶ</span> <span class='ocrx_word' id='word_1_756' title='bbox 3165 5063 3309 5118; x_wconf 74' lang='grc' dir='ltr'><em>ὁδὸν</em></span> <span class='ocrx_word' id='word_1_757' title='bbox 3341 5065 3637 5118; x_wconf 73' lang='grc' dir='ltr'>εὐλαϐου-</span> 
     </span>
    </p>
   </div>
   <div class='ocr_carea' id='block_1_111' title="bbox 2053 5151 3636 5225">
    <p class='ocr_par' dir='ltr' id='par_1_111' title="bbox 2053 5151 3636 5225">
     <span class='ocr_line' id='line_1_111' title="bbox 2053 5151 3636 5225; baseline 0.001 -19"><span class='ocrx_word' id='word_1_758' title='bbox 2053 5151 2252 5222; x_wconf 77' lang='grc' dir='ltr'>μένων</span> <span class='ocrx_word' id='word_1_759' title='bbox 2287 5152 2474 5206; x_wconf 75' lang='grc' dir='ltr'>αὐτὸν</span> <span class='ocrx_word' id='word_1_760' title='bbox 2523 5153 2895 5222; x_wconf 64' lang='grc' dir='ltr'>διαφυλάξει.</span> <span class='ocrx_word' id='word_1_761' title='bbox 2939 5153 3048 5206; x_wconf 74' lang='grc' dir='ltr'><strong>Καὶ</strong></span> <span class='ocrx_word' id='word_1_762' title='bbox 3102 5153 3465 5225; x_wconf 83' lang='grc' dir='ltr'>βοηθήσειτῴ</span> <span class='ocrx_word' id='word_1_763' title='bbox 3515 5154 3636 5208; x_wconf 76' lang='grc' dir='ltr'>κατ’</span> 
     </span>
    </p>
   </div>
   <div class='ocr_carea' id='block_1_112' title="bbox 2058 5239 3637 5316">
    <p class='ocr_par' dir='ltr' id='par_1_112' title="bbox 2058 5239 3637 5316">
     <span class='ocr_line' id='line_1_112' title="bbox 2058 5239 3637 5316; baseline 0.001 -18"><span class='ocrx_word' id='word_1_764' title='bbox 2058 5245 2258 5315; x_wconf 77' lang='grc' dir='ltr'>ἀρετὴν</span> <span class='ocrx_word' id='word_1_765' title='bbox 2289 5246 2473 5316; x_wconf 82' lang='grc' dir='ltr'>δρόμῳ</span> <span class='ocrx_word' id='word_1_766' title='bbox 2501 5246 2700 5308; x_wconf 70' lang='grc' dir='ltr'>αὐτῶν,</span> <span class='ocrx_word' id='word_1_767' title='bbox 2767 5245 2905 5298; x_wconf 78' lang='grc' dir='ltr'>ὥστε</span> <span class='ocrx_word' id='word_1_768' title='bbox 2936 5245 3173 5315; x_wconf 80' lang='grc' dir='ltr'>τηρῆσαι</span> <span class='ocrx_word' id='word_1_769' title='bbox 3217 5239 3637 5316; x_wconf 79' lang='grc' dir='ltr'>άπαρεγκλίτως</span> 
     </span>
    </p>
   </div>
   <div class='ocr_carea' id='block_1_113' title="bbox 2055 5323 3635 5410">
    <p class='ocr_par' dir='ltr' id='par_1_113' title="bbox 2055 5323 3635 5410">
     <span class='ocr_line' id='line_1_113' title="bbox 2055 5323 3635 5410; baseline 0.001 -22"><span class='ocrx_word' id='word_1_770' title='bbox 2055 5337 2155 5398; x_wconf 78' lang='grc' dir='ltr'>τὰς</span> <span class='ocrx_word' id='word_1_771' title='bbox 2186 5337 2444 5406; x_wconf 77' lang='grc' dir='ltr'>ἐργασίας</span> <span class='ocrx_word' id='word_1_772' title='bbox 2460 5335 2569 5388; x_wconf 88' lang='grc' dir='ltr'><strong>τῶν</strong></span> <span class='ocrx_word' id='word_1_773' title='bbox 2602 5338 2771 5404; x_wconf 81' lang='grc' dir='ltr'>ἁγίων</span> <span class='ocrx_word' id='word_1_774' title='bbox 2789 5323 2952 5391; x_wconf 71' lang='grc' dir='ltr'>αὑτοῦ</span> <span class='ocrx_word' id='word_1_775' title='bbox 2981 5338 3237 5391; x_wconf 86' lang='grc' dir='ltr'>ἐντολῶν·</span> <span class='ocrx_word' id='word_1_776' title='bbox 3264 5341 3357 5392; x_wconf 71' lang='grc' dir='ltr'>καὶ</span> <span class='ocrx_word' id='word_1_777' title='bbox 3376 5339 3472 5410; x_wconf 78' lang='grc' dir='ltr'>τὴν</span> <span class='ocrx_word' id='word_1_778' title='bbox 3497 5339 3635 5410; x_wconf 81' lang='grc' dir='ltr'>πρὸς</span> 
     </span>
    </p>
   </div>
   <div class='ocr_carea' id='block_1_114' title="bbox 2058 5426 3632 5496">
    <p class='ocr_par' dir='ltr' id='par_1_114' title="bbox 2058 5426 3632 5496">
     <span class='ocr_line' id='line_1_114' title="bbox 2058 5426 3632 5496; baseline 0.002 -17"><span class='ocrx_word' id='word_1_779' title='bbox 2058 5427 2220 5480; x_wconf 76' lang='grc' dir='ltr'>αὑτὸν</span> <span class='ocrx_word' id='word_1_780' title='bbox 2269 5427 2538 5496; x_wconf 69' lang='grc' dir='ltr'>φέρουσαν</span> <span class='ocrx_word' id='word_1_781' title='bbox 2577 5426 2694 5479; x_wconf 67' lang='grc' dir='ltr'>ὁδ“.ν</span> <span class='ocrx_word' id='word_1_782' title='bbox 2740 5427 2848 5478; x_wconf 87' lang='grc' dir='ltr'><strong>τῶν</strong></span> <span class='ocrx_word' id='word_1_783' title='bbox 2883 5428 3234 5496; x_wconf 74' lang='grc' dir='ltr'>φοϐουμένων</span> <span class='ocrx_word' id='word_1_784' title='bbox 3279 5429 3461 5491; x_wconf 71' lang='grc' dir='ltr'>αὐτὸν,</span> <span class='ocrx_word' id='word_1_785' title='bbox 3515 5428 3632 5482; x_wconf 79' lang='grc' dir='ltr'>δια·</span> 
     </span>
    </p>
   </div>
   <div class='ocr_carea' id='block_1_115' title="bbox 2058 5518 3343 5591">
    <p class='ocr_par' dir='ltr' id='par_1_115' title="bbox 2058 5518 3343 5591">
     <span class='ocr_line' id='line_1_115' title="bbox 2058 5518 3343 5591; baseline 0.001 -19"><span class='ocrx_word' id='word_1_786' title='bbox 2058 5521 2287 5588; x_wconf 71' lang='grc' dir='ltr'>τηρήσει</span> <span class='ocrx_word' id='word_1_787' title='bbox 2343 5518 2792 5572; x_wconf 77' lang='grc' dir='ltr'>ἀνεπιϐούλευτον</span> <span class='ocrx_word' id='word_1_788' title='bbox 2830 5536 2906 5587; x_wconf 66' lang='grc' dir='ltr'><strong>τε)</strong></span> <span class='ocrx_word' id='word_1_789' title='bbox 2941 5519 3115 5590; x_wconf 79' lang='grc' dir='ltr'>νοητῷ</span> <span class='ocrx_word' id='word_1_790' title='bbox 3146 5519 3343 5591; x_wconf 76' lang='grc' dir='ltr'>ἐχθρῷ.</span> 
     </span>
    </p>
   </div>
   <div class='ocr_carea' id='block_1_116' title="bbox 2130 5607 3629 5682">
    <p class='ocr_par' dir='ltr' id='par_1_116' title="bbox 2130 5607 3629 5682">
     <span class='ocr_line' id='line_1_116' title="bbox 2130 5607 3629 5682; baseline 0.002 -20"><span class='ocrx_word' id='word_1_791' title='bbox 2130 5607 2194 5664; x_wconf 90' lang='grc' dir='ltr'><strong>θ’.</strong></span> <span class='ocrx_word' id='word_1_792' title='bbox 2235 5610 2372 5664; x_wconf 79' lang='grc' dir='ltr'>Τότε</span> <span class='ocrx_word' id='word_1_793' title='bbox 2393 5611 2688 5676; x_wconf 75' lang='grc' dir='ltr'>συνήσεις</span> <span class='ocrx_word' id='word_1_794' title='bbox 2733 5612 3132 5680; x_wconf 61' lang='grc' dir='ltr'>δικαιοστῖιιηιν</span> <span class='ocrx_word' id='word_1_795' title='bbox 3165 5613 3259 5665; x_wconf 79' lang='grc' dir='ltr'>καὶ</span> <span class='ocrx_word' id='word_1_796' title='bbox 3292 5613 3486 5682; x_wconf 61' lang='grc' dir='ltr'>κρῖγια,</span> <span class='ocrx_word' id='word_1_797' title='bbox 3533 5613 3629 5665; x_wconf 61' lang='grc' dir='ltr'>ικαὶ</span> 
     </span>
    </p>
   </div>
   <div class='ocr_carea' id='block_1_117' title="bbox 2058 5698 3633 5769">
    <p class='ocr_par' dir='ltr' id='par_1_117' title="bbox 2058 5698 3633 5769">
     <span class='ocr_line' id='line_1_117' title="bbox 2058 5698 3633 5769; baseline 0.002 -19"><span class='ocrx_word' id='word_1_798' title='bbox 2058 5700 2452 5767; x_wconf 61' lang='grc' dir='ltr'>κατορθώσεις</span> <span class='ocrx_word' id='word_1_799' title='bbox 2475 5698 2704 5766; x_wconf 77' lang='grc' dir='ltr'>πάντας</span> <span class='ocrx_word' id='word_1_800' title='bbox 2719 5700 3229 5769; x_wconf 74' lang='grc' dir='ltr'>ἆξονιτςάγαθούς.</span> <span class='ocrx_word' id='word_1_801' title='bbox 3253 5703 3420 5754; x_wconf 81' lang='grc' dir='ltr'>Ὅταν</span> <span class='ocrx_word' id='word_1_802' title='bbox 3435 5705 3488 5756; x_wconf 73' lang='grc' dir='ltr'><em>δὲ</em></span> <span class='ocrx_word' id='word_1_803' title='bbox 3506 5703 3633 5754; x_wconf 86' lang='grc' dir='ltr'>τού-</span> 
     </span>
    </p>
   </div>
   <div class='ocr_carea' id='block_1_118' title="bbox 2058 5791 3632 5866">
    <p class='ocr_par' dir='ltr' id='par_1_118' title="bbox 2058 5791 3632 5866">
     <span class='ocr_line' id='line_1_118' title="bbox 2058 5791 3632 5866; baseline 0.001 -20"><span class='ocrx_word' id='word_1_804' title='bbox 2058 5811 2165 5846; x_wconf 86' lang='grc' dir='ltr'><strong>των</strong></span> <span class='ocrx_word' id='word_1_805' title='bbox 2191 5793 2450 5862; x_wconf 73' lang='grc' dir='ltr'>ἑπιτυχὴς</span> <span class='ocrx_word' id='word_1_806' title='bbox 2473 5791 2606 5865; x_wconf 79' lang='grc' dir='ltr'>γένῃ</span> <span class='ocrx_word' id='word_1_807' title='bbox 2633 5794 2738 5845; x_wconf 85' lang='grc' dir='ltr'><strong>τῶν</strong></span> <span class='ocrx_word' id='word_1_808' title='bbox 2770 5794 3010 5862; x_wconf 78' lang='grc' dir='ltr'>ἀγαθῶν,</span> <span class='ocrx_word' id='word_1_809' title='bbox 3043 5797 3069 5847; x_wconf 68' lang='grc' dir='ltr'><strong>ό</strong></span> <span class='ocrx_word' id='word_1_810' title='bbox 3095 5795 3327 5858; x_wconf 73' lang='grc' dir='ltr'>ἀκούσας</span> <span class='ocrx_word' id='word_1_811' title='bbox 3369 5795 3466 5865; x_wconf 79' lang='grc' dir='ltr'>τῆς</span> <span class='ocrx_word' id='word_1_812' title='bbox 3493 5795 3632 5866; x_wconf 77' lang='grc' dir='ltr'>εμῆς</span> 
     </span>
    </p>
   </div>
  </div>
