3960 6230
415 373 551 435 122³1

1428 373 1968 433 COMMEN’I‘ARII
2014 372 2091 432 IN
2130 371 2587 434 PROVERBIA.

3508 377 3642 442 1938

412 492 809 564 παραινέσεως,
840 492 957 545 τότε
989 493 1263 564 ὲπιγνώσῃ
1294 494 1391 565 τὴν
1424 490 1832 562 ἀπονεμητικὴν
1855 491 1981 541 ἑκά-

2126 491 2237 545 eris
2270 492 2701 560 possessionem,
2722 499 2852 546 tunc
2887 492 3159 562 intelliges
3204 493 3373 561 illam,
3409 511 3529 565 quae
3557 507 3681 551 cut-

411 600 520 654 :rsop
561 581 655 635 τοῦ
684 585 805 635 κατ’
851 584 1008 648 ἀξίαν
1031 584 1401 654 δικαιοσύνην,
1441 585 1535 636 καὶ
1571 583 1670 653 τὴν
1691 581 1786 635 τοῦ
1814 579 1984 633 καλοῦ

2130 595 2198 634 ue
2265 581 2568 635 secundum
2628 582 2878 637 meritum
2919 584 3132 649 tribuit,
3182 586 3473 655 justitiam,
3520 595 3575 641 et
3614 600 3646 639 a

411 672 811 743 ε’·παρέγκ).ιτον
842 674 1044 745 κρίσιν,
1076 674 1387 744 πληρώσεις
1416 676 1512 738 τὰς
1564 676 1643 737 είς
1679 674 1825 728 ἅπαν
1854 674 1990 741 ἀγα-

416 763 502 814 .’.ὸν
534 762 772 831 ἀγούσας
810 763 1029 825 ἐντολὰς
1053 763 1149 817 τοῦ
1180 766 1338 818 Θεοῦ.

486 945 535 992 ι’.
589 937 731 993 Ἐὰν
758 939 870 1007 γὰρ
910 940 1057 1008 ἔλθῃ
1086 940 1125 1006 ἡ
1164 942 1350 1009 σοφία
1395 943 1480 1005 εις
1526 940 1651 1005 σὴν
1697 936 1987 991 διάνοιαν.

2091 670 2235 724 bono
2261 685 2368 725 non
2390 670 2649 726 deﬁciens
2679 671 2976 741 judicium,
3018 682 3072 728 et
3099 672 3191 730 Del
3215 676 3501 740 mandata,
3547 689 3667 745 qua

2093 759 2160 813 ad
2188 773 2351 815 omne
2376 761 2580 816 bonum
2613 761 2841 829 ducunt,
2865 762 3141 833 implebis.

2182 935 2463 991 VansJO.
2518 936 2583 992 Si
2604 939 2889 993 intraverit
2933 939 3196 1008 sapientia
3255 955 3345 993 cor
3400 950 3568 996 tuum.
3608 939 3669 996 Si

426 1029 550 1082 Ἐὰν
577 1030 687 1100 γὰρ
718 1029 1100 1100 παραγένηται
1133 1031 1277 1083 κατὰ
1307 1031 1542 1098 θεωρίαν
1566 1032 1600 1098 ἡ
1629 1028 1834 1098 ἀληθὴς
1862 1026 1993 1097 περὶ

2124 1027 2244 1080 nim
2281 1027 2665 1093 meditatione,
2701 1028 2991 1083 intraverit
3035 1028 3089 1082 in
3139 1029 3499 1100 intelligentia
3551 1038 3667 1097 tua,

410 1121 549 1174 Θεοῦ
591 1120 773 1174 ἔννοια
797 1121 878 1184 εἰς
907 1120 969 1173 τὸ
993 1120 1332 1191 διανοητικόν
1366 1137 1486 1173 σου.

491 1212 559 1265 ἸΙ
602 1211 673 1264 δὲ
700 1212 986 1279 αἴσθησις
1023 1211 1097 1280 τῇ
1124 1213 1211 1281 στῇ
1247 1211 1410 1282 ψυχῇ
1440 1213 1599 1279 καλὴ
1644 1207 1799 1265 εἷναι
1845 1209 1997 1280 δόξῃ

495 1302 559 1354 ῚΙ
598 1301 656 1355 δὲ
686 1304 982 1373 πενταδικὴ
1005 1304 1099 1356 τοῦ
1129 1302 1300 1357 κακοῦ
1354 1302 1647 1373 διάκρισις,
1695 1300 1864 1371 ἀρετή
1913 1316 1996 1352 σοι

416 1396 554 1449 κατὰ
581 1394 758 1464 ψυχὴν
786 1396 1108 1465 φανήσεται,
1148 1395 1224 1465 μὴ
1253 1394 1321 1449 δι’
1354 1396 1762 1465 ἀπερίσκεπτον
1791 1406 1997 1460 φαντα-

418 1487 536 1539 σίαν
563 1486 775 1553 ἀλόγως
799 1486 1154 1554 ἐπιθυμοῦντι
1183 1502 1349 1550 τινος.

488 1572 580 1627 ια’.
623 1574 826 1641 Βουλῆ
869 1575 1028 1643 καλὴ
1063 1575 1321 1645 φυλάξει
1369 1590 1462 1629 σε.
1508 1574 1658 1644 Αὕτη
1692 1574 1792 1644 μὲν
1826 1573 1859 1639 ἡ
1889 1572 1999 1625 τῶν

416 1664 757 1733 πραγμάτων
791 1664 988 1736 ἀρίστη
1024 1665 1366 1735 περισκεψις,
1402 1665 1510 1719 ἀπὸ
1542 1664 1728 1735 πάσης
1762 1660 1999 1731 παραλό-

414 1771 511 1824 γου
542 1754 896 1823 περιφυλάξει
924 1772 983 1807 σε
1016 1756 1288 1825 πράξεως.

2096 1131 2227 1171 vera
2263 1115 2359 1172 Dei
2393 1119 2645 1172 scientia.

2168 1208 2408 1264 Scientia
2460 1211 2611 1265 cordi
2657 1221 2747 1267 tuo
2769 1213 2994 1281 pulchra
3039 1228 3151 1268 esse
3167 1214 3448 1270 videbitur'.
3484 1213 3671 1268 Multi-

2099 1294 2221 1371 plex
2250 1302 2379 1355 mali
2405 1302 2686 1370 discretio,
2720 1304 2896 1360 virtus
2956 1305 3183 1375 spiritus
3243 1304 3521 1360 videbitur
3549 1305 3668 1368 tibi,

2099 1392 2192 1461 qtti
2226 1406 2323 1460 per
2354 1392 2760 1460 imprudentem
2796 1394 3295 1450 considerationem
3332 1433 3346 1458 ,
3377 1392 3672 1447 irrationa-

2099 1482 2284 1536 biliter
2319 1483 2454 1536 nulli
2485 1483 2719 1538 invides.

2169 1570 2339 1628 Vsus.
2368 1573 2456 1627 Η.
2502 1571 2800 1628 Consilium
2827 1573 3019 1629 bonum
3051 1574 3308 1629 custodiet
3339 1582 3406 1627 te.
3435 1572 3555 1642 ipsa
3588 1586 3672 1626 re-

2101 1679 2222 1718 rum
2249 1664 2456 1734 optima
2486 1665 2705 1732 notitia,
2747 1664 2817 1719 ab
2847 1665 2998 1720 omni
3037 1673 3160 1720 actu
3208 1678 3465 1736 perverso
3485 1671 3672 1719 custo-

2102 1755 2209 1809 diet
2234 1763 2308 1808 te.

488 1820 733 1898 "Errata
758 1844 826 1898 δὲ
856 1846 997 1899 ὁσία
1023 1820 1276 1913 similae:
1306 1861 1400 1900 σε.
1439 1846 1506 1899 Ἠ
1531 1846 1587 1898 δὲ
1614 1844 1796 1916 πάσης
1824 1845 1989 1916 ἄλλης

2170 1844 2371 1899 Sancta
2427 1845 2650 1899 scientia
2703 1845 2929 1900 servabit
2976 1855 3044 1899 to.
3101 1844 3241 1901 Vera
3293 1847 3388 1901 Dei
3415 1847 3670 1911 scientia,

414 1934 622 2011 ἑννοίας
653 1936 1017 2006 ὑπερκειμένη
1053 1936 1256 2007 ἀληθὴς
1301 1937 1432 2006 περὶ
1472 1936 1606 1990 Θεοῦ
1647 1936 1847 2001 ἔννοια,
1880 1937 1991 1990 δια-

413 2027 643 2097 τηρήσει
670 2044 729 2080 σε
753 2028 860 2081 ἀπὸ
880 2029 1063 2099 πάσης
1084 2030 1294 2093 ἐννοίας
1321 2029 1609 2100 ἀπατηλῆς
1630 2030 1725 2084 καὶ
1750 2029 1989 2084 διασπώ-

327 2123 338 2135 ⁹
415 2135 515 2188 σης
547 2118 656 2170 ἀπὸ
682 2118 841 2173 Θεοῦ.

487 2210 576 2280 ιβ’.
614 2211 737 2265 Ἵνα
758 2212 1025 2280 ρύσηταί
1044 2228 1119 2266 σε
1146 2213 1266 2267 ἀπὸ
1294 2212 1441 2266 ὁδοῦ
1465 2212 1676 2281 κακῆς.
1702 2213 1887 2277 Ὅπως
1904 2212 1992 2278 ὲξ-

412 2300 614 2356 ελεϊταί
651 2321 710 2355 σε
739 2306 771 2374 ἠ
802 2304 900 2375 μὶν
930 2306 1126 2375 ἀρίστη
1154 2304 1264 2358 τῶν
1298 2306 1639 2376 πραγμάτων
1672 2305 1995 2377 περίσκεψις

414 2395 521 2447 ἀπὸ
557 2396 659 2465 τῆς
687 2396 967 2466 ὲμπαθοῦς
1000 2396 1207 2468 βιοτῆς.

484 2488 591 2542 Kal
628 2488 750 2542 ἀπὸ
777 2488 997 2556 ἀνδρὸς
1027 2491 1365 2557 λαλοῦντος
1405 2489 1603 2561 μηδὲν
1630 2490 1869 2544 πιστόν.
1932 2490 1997 2542 Ἥ

414 2579 471 2631 δὲ
497 2578 703 2649 ἀληθὴς
753 2581 881 2649 περὶ
917 2578 1052 2633 Θεοῦ
1086 2579 1285 2644 ἔννοια,
1341 2582 1451 2635 ἀπὸ
1476 2580 1570 2633 τοῦ
1616 2579 1996 2642 διαδάλλοντος

415 2668 520 2737 τὴν⁴
549 2667 825 2737 ἀλήθειαν,
873 2670 969 2721 καὶ
994 2669 1231 2740 διασπᾷν
1261 2669 1670 2740 ἐπιχειροῦντος
1697 2668 1795 2739 τὴν
1817 2669 1996 2738 ψυχήν

419 2774 514 2812 σου
546 2759 653 2812 ἀπὸ
678 2758 773 2811 τοῦ
820 2760 1056 2828 νυμφίου
1092 2760 1263 2828 αὐτῆς
1308 2759 1442 2813 Θεοῦ
1472 2760 1669 2827 Λόγου,
1704 2758 1796 2812 καὶ
1818 2757 1997 2827 ἑαυτῷ

417 2849 785 2921 προσκολλᾷν,
834 2849 1079 2921 φθορέως
1110 2849 1219 2902 τῶν
1255 2850 1543 2919 ἡμετέρων
1585 2848 1772 2919 ψυχῶν
1804 2849 1997 2919 δαίμο·

418 2960 533 3007 νος.

491 3041 584 3102 ιγ’.
616 3036 685 3089 Ὢ
733 3038 788 3089 οἱ
836 3035 1369 3104 ἐγκαταλείποντες
1402 3034 1581 3102 ὀδοὺς
1618 3036 1867 3099 εὐθείας,
1891 3033 1998 3087 τοῦ

419 3127 779 3195 πορευθῆναι
808 3127 878 3179 ἐν
903 3125 1064 3193 ὁδοῖς
1097 3125 1394 3192 σκότους]
1421 3127 1643 3193 Λοιπὸν,
1660 3125 1794 3199 φεῦί
1822 3125 1872 3177 οξ
1901 3140 1998 3177 κα-

421 3216 846 3286 ταλιμπάνοντες
870 3216 970 3279 τὰς
1001 3216 1139 3285 πρὸς
1170 3216 1370 3269 κακίαν
1401 3217 1500 3285 μὲν
1541 3214 2000 3286 ἁπαρεγκλίτους,

424 3308 558 3379 πρὸς
586 3308 719 3362 Θεὸν
746 3308 801 3362 δὲ
831 3310 954 3362 κατ’
980 3310 1183 3379 ἀρετὴν
1203 3307 1475 3379 φερούσας
1505 3308 1675 3371 ὁδοὺς,
1700 3307 1840 3361 ὥστε
1861 3305 2003 3360 ὁδεῦ-

424 3418 512 3454 σαι
549 3403 608 3454 ὲν
630 3402 752 3464 ταῖς
775 3400 1035 3467 ἀγούσαις
1066 3400 1146 3461 εἰς
1192 3401 1475 3469 κρημνοὺς
1507 3399 1723 3462 κακίας,
1773 3398 1868 3452 καὶ
1908 3399 2004 3467 βά-

426 3487 600 3557 ραθρα
628 3486 725 3539 τοῦ
760 3489 984 3549 σκότους
1012 3489 1114 3556 τῆς
1140 3487 1362 3554 ἀγνοίας
1383 3488 1546 3550 ὁδοῖς.

495 3578 573 3631 ιδ’.
598 3580 660 3631 Ὢ
681 3580 735 3632 οἱ
766 3578 1220 3646 εὐφραινόμενοι
1245 3577 1346 3630 ἐπὶ
1367 3577 1596 3644 κακοῖς,
1628 3578 1727 3631 καὶ
1760 3579 2001 3647 χαίρον-

423 3685 521 3734 τες
544 3658 641 3723 ἐπὶ
661 3667 995 3737 διαστροφῇ
1016 3666 1199 3736 κακῇ]
1215 3668 1343 3721 Φεῦί
1365 3670 1416 3722 οι
1439 3668 1875 3737 ὲπαγαλλόμενοι
1890 3670 2003 3731 τοῖς

424 3761 625 3829 ἐτέρων
683 3762 896 3823 κακοῖς,
930 3759 1023 3814 καὶ
1066 3759 1555 3831 ὲπευφραινόμενοι
1587 3761 1652 3829 τῇ
1707 3757 1911 3811 τούτων
1937 3759 2003 3810 ὲκ

422 3849 520 3904 τοῦ
558 3848 765 3917 ἀγαθοῦ
792 3849 872 3913 είς
903 3849 965 3902 τὸ
993 3848 1236 3903 ἐναντίον
1271 3850 1600 3919 περιτροπῇ.

497 3947 579 4002 ιε’,
616 3939 713 4004 ις’.
746 3934 860 3995 Ὧν
887 3942 946 3994 al
974 3941 1160 4009 τρίϐοι
1192 3940 1462 4001 σκολιαὶ,
1497 3939 1591 3992 καὶ
1612 3938 1918 4007 καμπύλαι
1943 3939 2003 3990 ai

428 4031 651 4098 :poxtal
681 4029 897 4097 αὐτῶν,
928 4032 1034 4084 τοῦ
1052 4029 1288 4101 μακράν
1330 4046 1406 4084 σε
1437 4029 1687 4099 ποιῆσαι
1712 4028 1830 4083 ἀπὸ
1857 4027 2002 4083 ὀδοῦ

424 4122 678 4185 εὐθείας,
708 4120 805 4173 καὶ
830 4121 1151 4189 ἀλλότριον
1184 4120 1294 4188 τῆς
1346 4120 1584 4186 δικαίας
1614 4118 1872 4190 γνώμης.
1902 4113 2002 4173 Ὧν

426 4213 496 4265 τά
518 4228 577 4264 τε
610 4212 1016 4283 ἐπιτηδεύματα
1053 4214 1148 4265 καὶ
1188 4213 1246 4266 αἱ
1304 4214 1462 4283 δίκην
1505 4211 1757 4284 τροχιῶν,
1813 4210 1876 4264 τὸ
1903 4212 2001 4281 μὲν

425 4303 732 4374 ἀνάῤῥοπον
763 4302 856 4356 τοῦ
886 4302 1094 4371 ἀγαθοῦ
1126 4303 1448 4373 φεύγουσαι,
1488 4304 1549 4357 τὸ
1583 4303 1644 4355 δὲ
1683 4302 2002 4372 κατωφερὲς

425 4392 527 4461 τῆς
571 4392 775 4455 κακίας
799 4392 1091 4447 διώκουσαι
1118 4394 1409 4460 διαθέσεις,
1460 4394 1891 4465 διεστραμμέναι
1925 4394 1997 4445 εί-

432 4483 550 4535 σίνο
581 4483 658 4547 ὡς
695 4485 1149 4557 ὲπιτεχνωμένων
1192 4487 1443 4558 πόρῤωσε
1467 4487 1690 4557 ποιῆσαι
1737 4487 1835 4556 τῆς
1877 4485 1999 4539 κατ’

428 4575 628 4645 ἀρετὴν
653 4575 788 4645 πρὸς
817 4570 950 4630 Θεὸν
1012 4577 1291 4648 φερούσης
1320 4578 1537 4641 εὐθείας
1572 4577 1711 4643 ὁδὸν,
1740 4578 1832 4630 καὶ
1853 4576 2006 4641 ξένον

427 4670 776 4720 παντάπασιν
812 4669 1239 4739 ἀπεργάσασθαι
1292 4670 1393 4739 τῆς
1434 4671 1576 4724 κατὰ
1609 4670 1765 4738 λόγον
1793 4668 2006 4739 διακρι-

427 4758 625 4827 νούσης
662 4759 772 4811 ἀπὺ
806 4758 901 4813 τοῦ
924 4760 1232 4830 κρείττονος
1257 4762 1319 4814 τὸ
1346 4764 1551 4832 χεῖρον,
1582 4761 1674 4814 καὶ
1700 4761 2008 4829 καταψηφι-

426 4849 661 4923 ζομένης
697 4853 887 4906 τούτου
918 4853 1114 4925 σχολὴν
1129 4854 1376 4932 ,παντελῆ
1425 4854 1817 4926 προαιρέσεως
1856 4852 2006 4906 ἔνθεν

426 4959 526 4997 του

499 5032 585 5099 ιζ’.
627 5036 743 5101 Υἱὲ,
762 5037 847 5107 μή
873 5053 947 5092 σε
974 5038 1284 5108 καταλάϐῃ
1308 5038 1512 5107 ,βουλὴ
1560 5039 1737 5106 κακὴ,
1765 5040 1804 5105 ἡ
1855 5039 2006 5092 ἁπο-

426 5130 728 5184 λείπουσα
776 5130 1181 5184 διδασκαλίαν
1215 5134 1532 5198 νεότητος,
1588 5131 1682 5185 καὶ
1715 5128 2008 5195 διαθήκην

429 5221 597 5273 θείαν
636 5220 1103 5290 ἐπιλελησμένη.
1138 5220 1342 5275 Τέκνον
1394 5223 1781 5291 πνευματικὸν,
1834 5221 2005 5289 φεῦγε

427 5313 526 5383 τὴν
608 5313 851 5384 πονηρὰν
907 5314 1002 5367 τοῦ
1064 5315 1256 5384 νοητοῦ
1309 5314 1485 5382 ὄφεως
1541 5314 1882 5383 συμδουλὴν,
1940 5314 2005 5365 δι’

429 5406 753 5475 ιγκρατείας
785 5405 893 5459 τῶν
943 5408 1137 5476 ἡδέων,
1207 5409 1297 5460 καὶ
1331 5408 1607 5476 ὑπομονῆς
1660 5407 1766 5460 τῶν
1824 5406 2004 5463 (3)465-

430 5498 564 5570 ρῶν,
600 5500 702 5569 ,μὴ
747 5515 806 5551 σε
838 5502 1164 5569 καταφθασῃ
1219 5499 1478 5571 ῥᾳθύμως
1542 5500 1671 5568 περὶ
1694 5499 1755 5551 τὸ
1804 5497 2005 5564 ἀγαθὸν

430 5589 802 5661 διακείμενον·
848 5593 969 5659 ἥτις
1004 5593 1283 5664 συμϐουλὴ
1342 5592 1525 5645 ἔπεισε
1558 5592 1648 5645 τὸν
1678 5591 2003 5661 πρωτόπλα-

434 5695 558 5733 στον
592 5682 907 5735 καταλιπεῖν
941 5684 1042 5751 τὴν
1068 5682 1144 5744 ὡς
1178 5681 1257 5736 ἔτι
1292 5682 1530 5747 νεάζοντι
1558 5682 1654 5751 τὴν
1698 5699 2002 5750 πνευματι-

436 5771 535 5825 κὴν
565 5773 812 5843 ἡλικίαν,
846 5773 1092 5828 δοθεῖσαν
1124 5775 1271 5843 αὐτῷ
1303 5775 1453 5829 θείαν
1499 5774 1736 5841 ἐντολὴν,
1766 5775 1859 5829 καὶ
1885 5777 2005 5828 ἐπι-

2099 1952 2318 1993 omnem
2371 1938 2533 1991 aliam
2570 1940 2855 1992 scientiam
2889 1938 3321 2004 transcendens,
3355 1939 3593 1994 servabit
3619 1946 3673 1993 te

2102 2037 2171 2091 ab
2197 2037 2345 2091 omni
2379 2036 2612 2092 scientia
2642 2035 2825 2091 fallaci
2849 2051 2972 2106 qua;
3000 2050 3031 2091 a
3061 2035 3173 2092 Deo
3206 2036 3422 2092 avertit.

2178 2216 2343 2274 Vens.
2376 2218 2465 2272 i2.
2529 2215 2597 2271 Ut
2637 2217 2849 2271 cruoris
2892 2234 2924 2270 a
2969 2215 3054 2271 via
3083 2216 3250 2271 mala.
3276 2213 3350 2271 Ut
3380 2230 3411 2270 a
3439 2215 3529 2269 via
3559 2220 3667 2269 tur-

2102 2308 2227 2363 bata
2270 2316 2430 2363 eruat
2465 2315 2536 2373 te,
2566 2307 2771 2379 Optima
2798 2321 2981 2362 rerum
3025 2306 3242 2361 notitia.

2179 2485 2248 2540 Et
2277 2486 2343 2539 ab
2405 2486 2613 2539 homine
2660 2487 2752 2555 qui
2791 2501 3036 2556 perversa
3094 2484 3345 2556 loquitur.
3384 2480 3523 2537 Vera
3580 2480 3672 2535 Dei

2108 2576 2360 2635 scientia.
2381 2590 2411 2627 a
2427 2574 2646 2628 diabolo
2669 2575 2971 2628 animarum
2996 2583 3312 2629 nostrarum
3330 2577 3672 2640 corruptore,

2104 2665 2207 2734 qui
2255 2666 2469 2719 veritati
2507 2664 2734 2727 invidet,
2762 2673 2816 2718 et
2860 2664 3098 2718 animam
3153 2671 3298 2717 tuam
3331 2677 3361 2716 a
3418 2674 3677 2716 sermone

2106 2759 2202 2813 Dei
2234 2760 2353 2824 ejus
2384 2759 2570 2828 sponsi
2593 2759 2827 2814 avellere
2859 2767 3091 2813 conatur
3119 2757 3297 2815 etsibi
3320 2756 3423 2827 ipsi
3453 2755 3681 2826 alligare

2107 2849 2185 2921 (te
2216 2850 2511 2921 liberabit).

2179 3023 2467 3079 “313.15.
2503 3024 2609 3090 Qui
2673 3024 2975 3095 relinquunt
3028 3024 3368 3087 itcrrectum,
3423 3029 3472 3075 et
3496 3016 3682 3074 ambu—

2111 3117 2225 3171 lant
2252 3131 2345 3185 per
2375 3120 2486 3171 vias
2519 3118 2845 3171 tenebrosas.
2887 3116 3116 3183 Deinde,
3155 3116 3282 3181 lieu,
3301 3114 3397 3185 qui
3426 3114 3546 3168 vias
3569 3126 3682 3166 non

2112 3212 2178 3266 ad
2209 3212 2495 3275 trialitiam,
2535 3212 2654 3265 'sed
2690 3211 2756 3265 ad
2797 3211 2966 3265 Deum
2992 3225 3084 3280 per
3128 3210 3389 3263 virtutem
3423 3207 3683 3269 ferentes,

2112 3302 2451 3370 relinquunt,
2491 3309 2551 3356 ut
2581 3300 2709 3366 viis,
2740 3314 2863 3371 quas
2894 3300 2949 3354 in
2984 3299 3342 3369 praecipitium
3376 3295 3599 3350 malitias
3628 3300 3684 3347 et

2112 3395 2371 3465 abyssum
2425 3395 2775 3449 tenebrarum
2808 3391 3129 3464 ignorantia
3218 3389 3445 3461 pellant,
3495 3385 3687 3441 ambu-

2114 3489 2245 3542 leut.

2186 3578 2349 3632 Vens.
2410 3575 2497 3632 14.
2560 3575 2668 3642 Qui
2706 3576 2962 3631 laetantur
3015 3589 3138 3629 cum
3176 3573 3317 3627 male
3343 3572 3581 3642 fecerint.
3633 3577 3683 3623 et

2109 3669 2380 3724 exsultant
2407 3671 2462 3723 in
2503 3669 2655 3723 rebus
2679 3669 2946 3737 pessimis.
2996 3668 3122 3735 Qui,
3152 3666 3311 3721 eheul
3344 3665 3599 3719 lastantur
3626 3661 3684 3717 in

2111 3762 2273 3816 malis
2294 3761 2527 3815 aliorum
2562 3800 2579 3826 ,
2634 3772 2691 3815 et
2719 3761 3002 3815 exsultant
3061 3760 3119 3815 in
3158 3772 3350 3814 eorum
3381 3772 3411 3811 a
3439 3756 3588 3811 bono
3615 3753 3683 3809 ad

2115 3850 2316 3902 malum
2351 3850 2738 3904 conversione.

2182 3937 2377 3994 VansJ
2389 3940 2441 4003 5,
2460 3939 2546 3994 16.
2569 3940 2807 4006 Quorum
2822 3938 2918 3993 via:
2932 3954 3187 4007 perversa;-
3208 3945 3354 4001 sunt,
3367 3944 3413 3989 et
3434 3943 3686 3988 tortuosa:
3724 3990 3733 3998 ,

2110 4035 2311 4086 semita:
2339 4046 2546 4097 corum,
2582 4038 2643 4084 ut
2699 4042 2749 4084 te
2780 4040 3021 4085 avertant
3048 4047 3081 4084 a
3113 4030 3195 4085 ria
3214 4038 3378 4092 recta,
3403 4036 3452 4081 ct
3483 4037 3531 4080 te
3562 4026 3682 4079 alie-

2109 4140 2237 4178 num
2300 4124 2506 4194 faciant
2570 4141 2604 4178 α
2661 4134 2809 4179 recta
2859 4124 3074 4179 notitia.
3133 4122 3379 4189 Quorum
3428 4135 3608 4175 mores
3629 4128 3687 4172 et

2108 4214 2355 4283 aﬂ'ectus,
2385 4224 2644 4286 tanquam
2668 4214 2900 4282 semitas,
2933 4230 3206 4269 summum
3240 4214 3442 4269 bonum
3470 4212 3685 4281 fugimu-

2111 4320 2215 4373 tes,
2254 4316 2678 4379 quaerentesque
2754 4307 3093 4378 profundum
3155 4306 3399 4369 malitias,
3442 4302 3685 4376 perversi

2116 4396 2249 4451 facti
2274 4404 2438 4452 sunt:
2474 4398 2569 4466 qui
2629 4407 2682 4452 te
2734 4406 2986 4452 avertere
3030 4408 3304 4451 cernantur
3336 4396 3473 4449 avia
3513 4403 3684 4460 recta,

2037 4518 2080 4572 ο
2109 4505 2232 4560 quae
2254 4505 2351 4559 per
2402 4490 2664 4543 virtutem
2722 4490 2789 4544 ad
2826 4489 2994 4544 Deum
3043 4488 3219 4554 ducit,
3267 4496 3322 4543 et
3360 4496 3414 4541 te
3439 4488 3684 4542 alienum

2111 4581 2341 4636 reddere
2363 4580 2432 4634 ab
2468 4582 2562 4633 illo
2596 4578 2807 4649 judicio
2836 4581 2980 4648 quod
3032 4577 3333 4634 secundum
3365 4578 3631 4632 rationem
3655 4591 3687 4631 a

2111 4675 2257 4729 bono
2280 4674 2483 4727 malum
2518 4672 2802 4737 discernit,
2858 4680 2915 4726 et
2970 4672 3137 4742 hujus
3189 4670 3433 4727 studium
3460 4668 3685 4724 omnino

2111 4768 2355 4820 damnat.
2391 4763 2551 4820 Unde
2571 4765 2841 4834 sequitur.

2178 5032 2341 5086 νεεδ.
2378 5031 2467 5084 l7.
2510 5030 2642 5097 Fili,
2678 5047 2741 5085 ne
2782 5040 2832 5084 te
2886 5032 3260 5084 circumveniat
3284 5028 3484 5081 malum
3507 5027 3684 5078 consi-

2111 5130 2262 5190 lium,
2301 5123 2440 5194 quod
2493 5124 2795 5178 doctrinam
2860 5122 3231 5176 adolescentia:
3302 5118 3575 5185 relinquit,
3636 5124 3687 5168 et

2109 5230 2321 5287 partum
2347 5220 2587 5275 divinum
2642 5217 2994 5271 obliviscitur.
3058 5214 3157 5267 Fili
3196 5210 3523 5281 spiritualis,
3561 5209 3686 5278 fuge

2112 5311 2419 5379 spiritualis
2457 5307 2731 5377 serpentis
2789 5307 2991 5359 malum
3050 5304 3366 5365 consilium,
3404 5302 3683 5355 vincendo

2109 5402 2474 5472 cupiditates,
2538 5399 3032 5466 tribulationesque
3097 5393 3426 5451 sustinendo
3479 5412 3492 5448 :
3535 5411 3600 5447 ne
3634 5403 3685 5445 te,

2110 5498 2349 5551 molliter
2406 5510 2568 5565 geras
2616 5494 2760 5547 circa
2785 5492 2988 5545 bonum
3039 5489 3184 5558 quod
3222 5498 3330 5541 ate
3361 5489 3680 5556 requirunt:

2111 5588 2255 5656 quod
2297 5587 2593 5642 consilium
2659 5583 2879 5652 irrepsit
2924 5583 2977 5637 in
3030 5580 3447 5652 protoplastum,
3484 5587 3539 5632 ut
3600 5595 3686 5632 re-

2110 5683 2380 5751 linqueret
2417 5678 2655 5732 divinam
2678 5678 3034 5741 voluntatem,
3064 5688 3184 5745 quae
3220 5673 3269 5728 ei
3302 5682 3359 5726 ut
3396 5673 3539 5726 circa
3571 5688 3684 5740 spt-

2110 5775 2331 5831 ritualia
2359 5773 2588 5840 parvulo
2602 5771 2725 5827 data
2758 5769 2937 5826 luerat
2971 5777 3025 5824 et
3059 5778 3115 5824 ut
3140 5768 3452 5837 loqueretur
3479 5768 3670 5822 incan-
