3960 6230
426 357 448 423 i
458 357 563 422 239

1716 355 2071 430 PBOCOPII
2107 359 2349 421 GAZJEI

3531 358 3653 428 1250

420 472 658 526 siderate
686 470 756 527 de
777 483 843 525 ea
874 467 1156 523 voluntate
1185 466 1542 537 disponente,
1602 482 1664 522 ea
1687 484 1811 538 quae
1841 471 1998 525 nobis

2115 473 2360 528 λαθέσθαι
2384 475 2611 546 ταύτης,
2645 477 3021 548 διατιθεμένης
3043 479 3111 532 τὰ
3143 478 3264 533 καθ’
3292 481 3438 551 ἡμᾶς
3467 481 3585 551 περὶ
3600 481 3655 534 ab

422 562 568 615 circa
603 559 827 625 bonum,
881 560 947 613 ad
983 558 1400 614 similitudinem
1456 558 1547 614 Dei
1579 599 1595 622 ,
1650 560 1994 617 incumbunt.

495 645 662 703 Vens.
699 648 785 703 l8.
836 647 1123 702 Incliuavit
1174 647 1243 703 ad
1274 657 1498 703 mortem
1525 649 1738 704 danaum
1768 652 1906 720 ejus,
1948 662 1996 705 et

422 735 640 788 semitas
677 737 789 803 ejus
819 736 887 788 ad
931 735 1165 804 infernos
1214 737 1526 807 gigantium.
1556 737 1671 794 Hoc
1689 740 1834 793 enim
1865 754 1998 795 con-

424 824 629 888 silium,
658 825 949 895 aprincipe
978 826 1106 881 mali
1131 828 1459 897 proveniens
1482 828 1723 894 inimico,
1756 839 1809 884 et
1825 832 1995 885 Adam

423 916 512 984 qui
562 916 693 971 illud
734 925 1038 988 receperat,
1064 934 1369 991 omnesque
1421 922 1490 976 ab
1515 936 1580 977 eo
1604 924 1871 993 originem
1899 923 1999 978 du-

422 1014 633 1070 centes,
663 1007 825 1061 morti
847 1008 1119 1065 obnoxios
1138 1009 1397 1074 reddens,
1437 1010 1623 1065 sedem
1654 1026 1809 1067 suam
1863 1026 1998 1066 coii-

423 1095 676 1151 stituerat
708 1098 761 1151 in
789 1098 1129 1155 mortalitate
1151 1115 1366 1166 eorum,
1417 1110 1676 1170 tanquam
1704 1103 1900 1157 mortis
1928 1105 1998 1156 ti-

422 1198 576 1239 more
605 1192 661 1237 et
699 1186 1002 1255 cupiditate
1028 1188 1245 1244 vivendi
1306 1189 1666 1260 impulsorqu
1714 1192 1782 1244 ad
1815 1207 2000 1260 perpe-

420 1281 518 1328 tuo
551 1276 863 1333 haerendum
898 1279 1113 1336 deliciis
1139 1291 1192 1336 et
1226 1283 1630 1352 voluptatibus,
1656 1283 1814 1353 quasi
1833 1283 1999 1353 parti—

419 1369 626 1436 cipatio
658 1371 824 1427 rebus
865 1374 1248 1441 sensibilibus,
1301 1376 1356 1430 in
1405 1393 1512 1446 qua
1554 1378 1811 1433 consistit
1840 1376 1998 1432 volu-

420 1468 565 1528 ptas,
612 1464 957 1531 corporalem
979 1474 1034 1519 et
1063 1466 1335 1522 visibilem
1361 1483 1549 1523 eorum
1580 1477 1829 1523 naturam
1865 1484 1998 1523 con-

422 1554 712 1610 stitueret:
744 1555 797 1609 in
834 1558 1031 1611 umbra
1052 1573 1184 1613 vero
1218 1562 1436 1625 mortis,
1463 1574 1588 1615 cum
1616 1562 1682 1616 iis
1708 1562 1876 1628 quies
1907 1562 1997 1614 illa

419 1642 686 1714 originem
718 1645 949 1715 ducunt,
983 1665 1167 1704 rerum
1222 1661 1574 1707 externarum
1633 1653 1999 1724 pulchritudi-

2100 564 2323 632 ἀγαθὸν,
2354 566 2475 619 καθ’
2498 568 2755 637 ὁμοίωσιν
2784 569 2941 624 Θεοῦ.
3586 637 3590 642 ,

2170 663 2258 726 ιη’.
2284 658 2485 712 Ἔθετο
2531 659 2641 728 γὰρ
2678 661 2837 726 παρὰ
2862 660 2942 724 τῷ
2978 661 3212 728 θανάτῳ
3255 663 3360 717 τὸν
3386 659 3658 718 οἶκοιοαύ-

2099 744 2237 813 τῆς,
2272 748 2370 801 καὶ
2392 751 2551 820 παρὰ
2579 751 2659 816 τῷ
2686 751 2799 819 ᾅδῃ
2831 750 2949 805 τῶν
2976 753 3261 822 γηγενῶν,
3288 754 3431 820 τοὺς
3452 752 3662 819 ἄξονας

2098 837 2308 906 αὐτῆς.
2353 839 2418 893 Ἦ
2461 841 2569 910 γὰρ
2605 842 2881 911 συμϐουλὴ
2915 842 3076 912 αῦτη,
3132 845 3195 895 ἐκ
3222 842 3315 895 τοῦ
3365 844 3660 913 ἀρχεκάκου

2099 928 2294 998 ἐχθροῦ
2325 933 2750 1001 προχωρήσασα.
2787 934 2879 985 καὶ
2899 934 2990 984 τὸν
3014 933 3451 1003 παραδεξάμενον
3478 932 3683 1003 ταύτης,

2098 1018 2292 1089 Ἀδὰμ,
2312 1022 2407 1073 καὶ
2437 1022 2646 1085 πάντας
2670 1021 2796 1085 τοὺς
2820 1020 2880 1087 ἐξ
2908 1023 3073 1075 αὐτοῦ
3102 1024 3533 1094 ἀπεργασαμένη
3560 1024 3665 1092 θνηο

2099 1112 2247 1176 τοὺς,
2298 1113 2596 1182 ἐποιήσατο
2648 1116 2704 1166 ἐν
2755 1113 2854 1183 μὲν
2897 1117 2965 1183 τῇ
3008 1114 3214 1167 τούτων
3267 1114 3553 1184 θνητότητι
3579 1115 3667 1182 τὴν

2100 1201 2385 1255 κατοικίαν
2444 1204 2665 1272 ἑαυτῆς,
2701 1203 2775 1266 ὼς
2803 1204 3255 1273 τυραννουμένων
3274 1202 3428 1273 φόϐῳ
3454 1204 3668 1257 θανάτου

2099 1293 2193 1344 καὶ
2221 1292 2375 1363 παρά
2404 1292 2628 1363 γνώμην
2661 1294 2752 1347 διά
2780 1296 2842 1346 τὺ
2884 1294 3006 1365 ζῇν,
3030 1293 3354 1362 ἀντέχεσθαι
3399 1293 3510 1347 τῶν
3557 1293 3669 1345 καθ’

2099 1379 2290 1450 ἡδονὴν
2333 1380 2518 1433 παθῶν
2546 1380 2633 1433 διὰ
2672 1380 2894 1444 παντὸς,
2945 1375 3033 1432 οἷα
3063 1378 3403 1449 συνιστώσης
3445 1378 3545 1448 τῆς
3571 1380 3671 1431 τῶν

2100 1471 2373 1541 αἰσθητῶν
2415 1472 2790 1541 μεταλήψεως,
2850 1470 2972 1524 καθ’
3001 1470 3068 1542 ἦν
3114 1471 3175 1523 τὸ
3234 1467 3531 1539 nemon,
3582 1467 3673 1538 τὴν

2101 1562 2435 1633 φαινομένην
2469 1566 2790 1634 σωματικὴν
2835 1564 2997 1632 φύσιν
3028 1566 3212 1637 ἡμῶνο
3246 1567 3305 1619 ἐν
3334 1565 3394 1619 δέ
3438 1568 3506 1635 τῇ
3546 1563 3673 1618 κατά

2098 1653 2196 1722 τὴν
2232 1654 2439 1723 φθορὰν
2467 1656 2721 1727 ἀφανείᾳ,
2753 1658 2868 1725 μετ’
2908 1658 3089 1710 αὐτῶν
3123 1658 3234 1710 τῶν
3260 1659 3326 1710 ἐκ
3359 1660 3459 1728 τῆς
3523 1658 3677 1725 ἐσχη-

418 1749 520 1790 nes
544 1748 821 1804 posuerat,
875 1755 973 1809 per
1036 1757 1194 1811 quas,
1254 1743 1540 1808 fallaciter,
1579 1746 1645 1799 ad
1683 1745 1882 1799 divinae
1906 1760 1998 1797 vo-

2115 1743 2273 1796 mm
2304 1745 2402 1814 τὴν
2457 1746 2694 1813 γένεσιν,
2733 1748 2802 1800 τὰ
2830 1747 2937 1800 τῶν
2975 1748 3191 1818 ὁρατῶν
3240 1748 3449 1813 κάλληο
3483 1741 3564 1811 οἷς
3595 1749 3675 1802 διά

420 1823 648 1881 luntatis
674 1831 1169 1899 transgressionem
1198 1818 1604 1889 eoseonducit:
1636 1835 1996 1905 posuiteuim,

2115 1834 2164 1886 τὸ
2194 1835 2493 1907 ἀπατηλὸν,
2538 1838 2661 1906 ἄγει
2692 1839 2914 1902 τούτους
2957 1817 3091 1909 πρὸς
3131 1844 3233 1909 τὴν
3268 1839 3374 1907 τῆς
3407 1839 3556 1902 θείας
3601 1840 3677 1891 ἐν·

420 1915 606 1983 utjam
635 1918 842 1973 dictqu
897 1930 1002 1985 est,
1034 1921 1088 1975 in
1146 1923 1337 1977 umbra
1372 1940 1498 1979 cum
1530 1926 1863 1996 gigantibus,
1903 1943 1998 1982 ex-

418 2019 605 2065 ternas
666 2011 1152 2080 pulchritudines:
1203 2031 1345 2085 quas
1415 2032 1512 2087 per
1560 2018 1686 2075 illos
1731 2020 1995 2090 corrupit,

419 2098 618 2154 divinae
646 2102 947 2159 voluntatis
980 2105 1050 2159 ab
1082 2105 1239 2161 initio
1264 2107 1584 2165 violatione.
1660 2149 1666 2153 -

488 2278 658 2335 Vens.
692 2282 778 2338 19.
814 2283 1007 2341 Omnes
1029 2287 1120 2355 qui
1158 2288 1435 2342 ambulant
1467 2291 1524 2343 in
1560 2306 1644 2353 ea,
1684 2308 1788 2345 non
1828 2307 1998 2345 rever-

422 2380 617 2437 tentur,
652 2391 743 2428 nec
783 2378 1164 2445 apprehenderat
1204 2381 1420 2434 semitas
1456 2391 1648 2435 rectas.
1679 2380 1884 2437 Omnes
1908 2398 1998 2438 er-

420 2477 509 2530 go,
544 2465 637 2532 qui
670 2478 765 2534 per
791 2482 955 2536 opera
987 2483 1085 2523 sua
1137 2470 1241 2526 hoc
1272 2472 1473 2526 malum
1522 2482 1833 2542 sequuntur
1865 2489 1998 2527 con-

420 2554 629 2619 silium,
662 2573 770 2611 non
794 2568 1139 2615 revertentur
1167 2570 1289 2631 post
1342 2570 1573 2619 mortem
1601 2563 1668 2617 ad
1713 2565 1998 2619 mandato-

420 2661 541 2699 rum
575 2646 667 2702 Dei
695 2650 1000 2703 custodinm
1023 2670 1038 2715 ;
1065 2668 1163 2707 nec
1207 2655 1401 2707 borum
1454 2653 1692 2719 labores,
1722 2653 1789 2707 ad
1823 2654 1996 2708 Deum

419 2735 653 2795 ﬁrmiter
679 2741 944 2798 ducentes
974 2755 1392 2815 recognoscent.

494 2915 608 2973 Nec
664 2922 1116 2990 apprehendentur
1149 2926 1213 2978 ab
1234 2928 1388 2979 armis
1435 2928 1577 2982 vitw.
1617 2924 1771 2993 Nam,
1809 2927 1900 2995 qui
1928 2926 1995 2982 de

419 3012 707 3079 temporali
731 3014 867 3076 vita,
902 3030 1023 3084 qum
1052 3016 1208 3069 nobis
1258 3015 1323 3069 ad
1353 3017 1731 3070 mandatorum
1766 3015 1856 3072 Dei
1895 3015 1997 3069 im-

2099 1920 2263 1990 τολῆς
2285 1924 2597 1993 παράὃασιν
2617 1941 2630 1954 ο
2687 1927 2986 1994 ἐποιήσατο
3005 1926 3087 1987 δὲ,
3125 1925 3201 1988 ὡς
3228 1926 3473 1997 εἴρηται,
3523 1927 3579 1977 ἐν
3614 1925 3672 1994 τῇ

2098 2012 2335 2084 ἀφανείᾳ
2371 2015 2508 2083 μετὰ
2552 2014 2662 2068 τῶν
2693 2018 2946 2086 γηγενῶν
2973 2020 3041 2071 τὰ
3087 2016 3199 2069 τῶν
3229 2018 3443 2088 ὁρατῶν
3474 2016 3640 2084 κάλλη
3660 2032 3674 2049 ο

2102 2103 2511 2176 συμφοείρουσα
2554 2106 2764 2169 τούτοις
2793 2108 2957 2169 αὐτὰ,
3010 2108 3101 2161 διὰ
3152 2109 3251 2180 τὴν
3279 2109 3342 2176 ἐξ
3374 2109 3551 2179 ἀρχῆς
3586 2109 3676 2179 τῆς

2101 2193 2253 2257 θείας
2282 2194 2501 2264 ἐντολῆς
2531 2196 2864 2265 παράϐασιν.

2173 2284 2255 2337 ιθ’.
2290 2285 2519 2350 Πάντες
2555 2289 2609 2338 οι
2656 2288 3043 2355 πορευόμενοι
3089 2288 3162 2342 ἐν
3186 2287 3365 2357 αὐτῇ,
3399 2290 3513 2342 οὐκ
3540 2288 3676 2343 dra.

2099 2375 2476 2444 στρέψουσιν
2504 2377 2631 2430 οὐδ’
2661 2379 2734 2431 οὺ
2780 2378 2863 2447 μὴ
2895 2379 3272 2432 καταλάϐωσι
3316 2379 3557 2446 τρίϐους
3585 2380 3678 2432 εὑ·

2099 2468 2281 2532 θείας.
2325 2468 2598 2530 ’Ἅπαντες
2620 2464 2715 2521 οῦν
2734 2469 2785 2520 οἱ
2815 2470 2937 2521 κατ’
2966 2470 3252 2540 ἐνέργειαν
3283 2469 3678 2541 διεξερχόμενοι

2098 2558 2199 2627 τὴν
2228 2558 2486 2628 τοιαύτην
2528 2559 2771 2629 πονηρὰν
2800 2559 3131 2628 συμϐουλὴν,
3158 2562 3260 2613 οὐκ
3291 2560 3678 2632 ἐπιστρέφουσι

2101 2650 2240 2719 μετὰ
2268 2651 2361 2705 τὸν
2381 2651 2611 2706 θάνατον
2637 2654 2714 2716 είς
2738 2652 2986 2722 ὑπακοὴν
3012 2651 3121 2705 τῶν
3146 2652 3239 2705 τοῦ
3251 2652 3391 2705 Θεοῦ
3420 2651 3646 2705 ἐντολῶν
3664 2666 3677 2681 ·

2097 2740 2208 2794 οὔτ’
2233 2744 2629 2811 ἐπιγνώσονται
2659 2752 2757 2808 τας
2788 2744 3209 2814 ἁπαρεγκλίτως
3233 2746 3315 2807 τίς
3350 2743 3492 2798 Θεὸν
3522 2742 3678 2810 ἀγού-

2016 2825 2023 2831 ’
2102 2849 2201 2895 σας
2234 2835 2494 2903 ἐργασίας
2526 2835 2727 2889 αὐτῶν.

2174 2926 2256 2977 Οὐ
2309 2928 2418 2993 γὰρ
2452 2924 2964 2995 καταλαμϐάνεται
3018 2926 3138 2980 ὑπὸ
3164 2925 3461 2979 ἐνιαυτῶν
3518 2924 3675 2993 ζωῆς.

2170 3017 2391 3087 Ἐπειδὴ
2428 3017 2794 3086 μεταστάντες
2821 3019 2920 3087 τῆς
2945 3018 3084 3087 πρὸς
3109 3017 3376 3089 ἐργασίαν
3401 3015 3511 3069 τῶν
3537 3017 3677 3068 ἐντο-

421 3102 711 3169 pletionem
770 3108 891 3162 data
936 3118 1045 3171 est,
1097 3109 1320 3173 abeunt,
1378 3108 1616 3178 amplius
1673 3124 1847 3163 annos
1872 3109 1996 3164 vim

2115 3106 2208 3161 uiw
2232 3106 2322 3159 τοῦ
2351 3106 2486 3159 Θεοῦ
2513 3106 2762 3174 δοθείσης
2789 3108 2919 3177 ἡμῖν
2945 3106 3284 3177 προσκαίρου
3308 3105 3483 3177 ζωῆς,
3504 3105 3677 3159 οὐκέτι

420 3194 671 3252 obtinere
688 3210 992 3267 nequeunt,
1022 3212 1124 3253 uta
1162 3200 1245 3252 via
1283 3200 1502 3254 malitia:
1528 3200 1649 3254 illos
1673 3200 1739 3254 ad
1768 3200 1993 3255 exitium

422 3284 649 3348 ferente,
688 3287 989 3352 desistant;
1036 3288 1165 3357 quia
1216 3288 1327 3357 jam
1378 3288 1445 3342 ad
1526 3297 1755 3344 mortem
1805 3304 1997 3359 pervc-

420 3386 642 3433 nerunt.

488 3466 655 3524 Vens.
689 3468 781 3523 ΞΟ.
816 3468 876 3523 Si
906 3471 1044 3522 enim
1087 3469 1472 3524 ambulaverint
1520 3471 1616 3525 viis
1647 3472 1817 3534 bonis,
1851 3472 1995 3526 inve-

421 3544 714 3615 nient-uias
740 3559 931 3628 planas
956 3559 1207 3628 justitiaz.
1245 3559 1299 3614 Si
1325 3562 1496 3626 enim,
1519 3561 1574 3615 iu
1609 3563 1708 3615 hac
1741 3562 1995 3628 praesenti

420 3651 529 3703 vita
556 3665 652 3719 per
676 3651 876 3704 divinae
903 3650 1207 3705 voluntatis
1236 3666 1401 3720 opera
1432 3652 1855 3716 ambulaverint,
1878 3663 2000 3721 post

421 3741 794 3810 operationem
825 3743 1014 3798 faciles
1043 3743 1326 3800 invenient
1369 3745 1603 3814 iustitia:
1624 3746 1764 3810 vias,
1787 3748 1999 3816 seipsos

422 3848 451 3883 a
512 3848 737 3890 caenosa
782 3835 1229 3892 deordinatarum
1301 3839 1660 3909 cupiditatum
1715 3840 1806 3896 via
1844 3856 2000 3896 aver-

347 3982 365 3997 .
420 3931 616 3980 lctttes.

501 4014 668 4074 Vsus.
700 4017 789 4073 21.
819 4016 965 4074 Beati
1006 4031 1160 4074 erant
1212 4020 1540 4076 habitatores
1589 4030 1765 4086 terrae,
1793 4031 1841 4076 et
1871 4023 2000 4077 sim-

418 4107 580 4175 plices
613 4110 990 4175 permanebunt
1017 4110 1070 4163 in
1123 4127 1206 4165 ea.
1235 4109 1340 4177 Qui
1373 4111 1429 4166 in
1480 4112 1697 4168 actibus
1728 4113 1854 4168 boni
1886 4112 2003 4167 fue-

423 4206 575 4261 runt,
603 4209 658 4254 et
701 4200 759 4255 iu
789 4200 1083 4271 desideriis
1105 4216 1213 4257 non
1241 4202 1311 4257 ad
1341 4203 1583 4258 carnalia
1608 4214 2000 4275 proruperunt,

424 4288 479 4342 in
512 4298 656 4344 statu
694 4290 849 4346 lirmo
897 4290 1168 4351 virtutum
1229 4294 1573 4358 habitabant,
1624 4296 1717 4365 qui
1742 4310 1875 4349 vero
1904 4311 2000 4364 pa-

426 4381 625 4436 tienter
650 4381 787 4436 mala
829 4384 1141 4440 sustinuere
1170 4393 1226 4441 et
1255 4383 1487 4442 alllictos
1518 4402 1625 4440 non
1656 4387 1998 4457 repulerunt,

424 4485 534 4526 non
561 4472 743 4529 abillo
773 4484 921 4531 statu
942 4477 1365 4546 exsulabantur,
1407 4478 1514 4535 etsi
1538 4479 1694 4535 inviti
1720 4479 1834 4535 haec
1859 4478 2001 4534 ferre
2035 4505 2080 4560 ι)

425 4566 604 4618 coacti
637 4565 770 4620 sint.

515 4736 657 4804 Quia
683 4741 811 4793 recti
838 4740 1153 4797 habitabant
1174 4753 1395 4809 terram,
1420 4755 1469 4800 et
1498 4749 1670 4802 sancti
1703 4749 2005 4818 relinquen-

431 4841 517 4886 tur
544 4835 601 4887 in
628 4851 713 4889 ea.
772 4835 911 4901 Quia
965 4838 1019 4892 bi
1043 4840 1135 4907 qui
1191 4855 1381 4893 verum
1415 4841 1618 4896 bonum
1653 4843 2000 4907 invenerunt,

429 4927 806 4996 supradictum
847 4930 1112 4984 virtutum
1168 4939 1399 4997 statum,
1451 4910 1674 5004 pr\0pter
1707 4950 1876 5005 opera
1908 4935 2004 4990 ba-

421 5018 713 5076 bitabunt:
748 5023 817 5077 ab
840 5022 934 5076 illo
961 5022 1122 5079 alieni
1157 5038 1267 5079 non
1293 5034 1478 5091 erunt,
1502 5028 1594 5095 qui
1629 5036 1881 5081 naturam
1906 5043 2005 5097 pro

418 5112 540 5169 Deo
603 5125 1077 5185 contempserunt,
1109 5132 1233 5172 cum
1300 5119 1355 5172 iu
1388 5133 1453 5173 ea
1489 5118 1561 5173 ob
1583 5118 1705 5188 ejus
1739 5119 2003 5189 fragilita-

427 5214 538 5259 tem
591 5208 936 5277 c0rporalem
995 5209 1305 5264 invenirent
1374 5210 1701 5265 occasiones
1751 5220 2004 5280 peccato-

426 5311 490 5349 1⁵11
499 5313 547 5349 lli
557 5335 571 5349 .

499 5383 662 5442 Vsus.
681 5388 769 5440 Ἡ.
800 5388 911 5445 Via:
934 5392 1216 5459 impiorum
1262 5408 1291 5446 e
1323 5401 1465 5446 terra
1492 5392 1796 5460 per-dentur.
1826 5392 2003 5463 Opera

426 5491 608 5535 autem
669 5496 881 5548 eorum,
941 5485 1036 5554 qui
1077 5501 1178 5541 nec
1224 5494 1371 5541 metu
1404 5501 1715 5557 pmitarum,
1744 5503 1845 5543 nec
1876 5504 2003 5558 pro—

420 5571 723 5629 missorum
758 5590 963 5644 amore,
998 5579 1165 5635 Deum
1225 5581 1590 5643 honorarunt,
1642 5595 1672 5635 a
1730 5582 1998 5637 virtutum

428 5664 557 5716 sede
606 5678 971 5736 evanescent;
1010 5672 1140 5741 quia
1186 5687 1290 5729 nec
1328 5673 1399 5727 ob
1434 5684 1635 5729 mlerna
1661 5675 1944 5744 supplicia,
1971 5691 1998 5731 a

429 5752 642 5811 deliciis
694 5758 1099 5830 abstinuerunt,
1152 5779 1250 5821 nec
1281 5765 1351 5820 ob
1413 5765 1737 5836 promissam
1787 5781 1995 5825 merce-

2107 3199 2212 3251 ὑπὸ
2249 3199 2356 3252 τῶν
2395 3198 2601 3268 ταύτης
2623 3197 2765 3252 ἐθῶν
2813 3198 3131 3267 φθάνονται,
3162 3197 3303 3251 ὥστε
3357 3198 3553 3266 στῆναι
3588 3196 3679 3261 τῆς

2105 3289 2243 3361 πρὸς
2267 3289 2545 3342 ἀπώλειαν
2586 3290 2860 3361 φερούσης
2901 3290 3100 3352 αὐτοὺς
3155 3288 3275 3342 ὁδοῦ
3326 3290 3432 3358 τῆς
3471 3290 3677 3349 κακίας,

2104 3380 2193 3433 διὰ
2214 3380 2275 3433 τὸ
2301 3380 2401 3450 ἤδη
2434 3381 2513 3442 είς
2552 3381 2722 3448 αὐτὴν
2759 3380 3094 3449 καταντῆσαι
3120 3379 3218 3450 τὴν
3251 3379 3550 3432 ἀπώλειαν.

2178 3472 2248 3525 κ’.
2288 3474 2331 3524 E
2338 3474 2355 3525 ι
2389 3472 2499 3541 γὰρ
2536 3472 2894 3538 ἐπορεύοντο
2955 3473 3189 3540 τρίϐους
3230 3471 3482 3541 ἀγαθὰς,
3526 3468 3680 3535 εὗρο-

2106 3577 2228 3616 σαν
2258 3561 2333 3615 ἂν
2360 3563 2596 3629 τρίϐους
2626 3561 3019 3626 δικαιοσύνης
3055 3561 3242 3625 λείας.
3301 3561 3365 3611 El.
3414 3559 3524 3626 γὰρ
3555 3554 3681 3617 5:55-

2109 3656 2339 3725 ήρχοντο
2369 3652 2507 3705 κατὰ
2532 3652 2628 3723 τὴν
2658 3651 2941 3722 παροῦσαν
2970 3651 3117 3721 ζωὴν
3156 3651 3252 3712 τὰς
3273 3649 3384 3702 τῶν
3415 3649 3575 3703 θείων
3604 3650 3682 3697 ὲν-

2107 3746 2277 3800 τολῶν
2299 3744 2564 3817 ἐργασίας
2585 3785 2599 3807 ,
2644 3738 2804 3815 εὖρον
2836 3743 2903 3797 ἂν
2954 3743 3096 3798 κατά
3130 3746 3327 3813 πεῖραν
3386 3740 3555 3798 αὑτὰς
3593 3738 3681 3805 τῆς

2108 3837 2455 3908 δικαιοσύνης
2509 3837 2661 3900 ὁδοὺς
2715 3837 3015 3906 εὐμαρεῖςο
3046 3829 3139 3889 οἷα
3189 3835 3289 3905 τῆς
3334 3833 3448 3885 τῶν
3505 3829 3681 3883 παθῶν

2112 3929 2485 4003 συρφετώδους
2512 3928 2654 3991 ἰλύος
2677 3927 3132 3998 ἀπηλλαγμένας.

2181 4028 2287 4076 κα¹.
2320 4019 2579 4089 Χρηστοὶ
2605 4018 2853 4074 ἔσονται
2871 4017 3179 4087 οἰκήτορες
3202 4014 3343 4084 γῆς·
3375 4015 3587 4068 ἄκακοι
3619 4008 3681 4063 δὲ

2109 4112 2663 4181 ὑπολειφθήσυνται
2686 4110 2757 4164 ἐν
2779 4106 2956 4176 αὐτῇ.
2991 4108 3056 4160 Οἱ
3100 4105 3293 4176 ἀγαθοὶ
3319 4105 3501 4159 τοίνυν
3552 4101 3681 4156 κατὰ

2111 4204 2453 4276 προαίρεσιν,
2495 4202 2591 4256 καὶ
2618 4200 2694 4273 μὴ
2719 4200 2854 4272 πρὸς
2876 4199 2945 4252 τά
2979 4198 3133 4269 παρά
3153 4196 3319 4264 φύσιν
3355 4195 3479 4249 κατ’
3508 4192 3675 4247 ἐπιθυο
3698 4218 3701 4221 λ

2113 4299 2245 4367 μίαν
2273 4296 2423 4349 κινού
2434 4310 2604 4363 μενοι.
2638 4292 3059 4362 κατοικήσουσιν
3105 4291 3187 4351 εἰς
3220 4287 3317 4359 τὴν
3340 4287 3549 4355 παγίαν
3577 4285 3678 4350 ἕξιν

2109 4388 2218 4443 τῶν
2249 4387 2462 4458 ἀρετῶν
2484 4402 2500 4419 ·
2526 4386 2577 4438 οἱ
2606 4384 2663 4438 δέ
2688 4384 2830 4437 κατὰ
2849 4381 3021 4453 θυμὸν
3045 4378 3115 4434 τὰ
3137 4378 3362 4449 θλιὸερά
3398 4378 3679 4446 ὑπομένον-

2110 4496 2220 4542 τες.
2243 4480 2339 4532 καὶ
2371 4478 2496 4541 τοὺς
2513 4475 2824 4537 λυποῦντας
2864 4473 2939 4543 μὴ
2967 4470 3318 4542 ἀμυνόμενοι,
3359 4469 3424 4522 οὐ
3456 4482 3674 4537 μετανα-

2109 4567 2397 4623 στεύσουσι
2419 4565 2625 4638 ταύτης
2644 4582 2659 4596 ·
2678 4564 2783 4618 κᾶν
2812 4563 2997 4626 πόνοις
3017 4560 3292 4624 ἀκουσίοις
3313 4559 3474 4613 τοῦτο
3499 4557 3681 4611 παθεῖν

2107 4663 2490 4727 ἐκϐιάζωνται.
2779 4712 2788 4720 ,

2179 4756 2312 4810 Ὅτι
2365 4753 2561 4819 ὠθεῖς
2613 4748 3162 4819 κατασκηνώσουσι
3214 4744 3333 4815 γῆν
3356 4762 3372 4777 ο
3412 4745 3509 4800 καὶ
3532 4742 3675 4798 ὅσιοι

2105 4845 2655 4916 ὑπολειφθήσονται
2686 4844 2757 4896 ἐν
2787 4840 2964 4909 αὐτῇ.
2996 4839 3140 4892 Διότι
3178 4838 3229 4890 οἱ
3267 4835 3330 4888 τὸ
3364 4833 3577 4901 ἀληθῶς
3595 4831 3674 4884 ai-

2112 4939 2369 5013 ρούμενοι
2407 4935 2635 5003 ἀγαθὸν,
2669 4934 2770 5005 τὴν
2827 4930 3125 5003 εἰρημένην
3168 4927 3277 4981 τῶν
3313 4927 3523 4999 ἀρετῶν
3564 4923 3672 4988 *ἑξιν

2108 5035 2394 5106 οἰκήσουσι
2421 5030 2542 5086 κατ’
2603 5030 2920 5101 ἐνέργειαν*
2963 5023 3169 5095 ταύτης
3190 5023 3252 5076 δὲ
3294 5020 3671 5107 ἀμετακίνητοι

2107 5126 2345 5189 ἔσονται,
2378 5124 2428 5178 οι
2457 5122 2552 5177 καὶ
2595 5121 2763 5191 αὐτῆς
2809 5118 2899 5173 διὰ
2953 5115 3087 5170 Θεὸν
3137 5109 3670 5182 καταπεφρονηκότες

2108 5219 2207 5289 τῆς
2229 5216 2464 5287 φύσεως.
2495 5215 2585 5269 διὰ
2611 5214 2674 5266 τὸ
2697 5207 2836 5265 εἶ’ναι
2860 5210 2993 5280 παρ’
3027 5208 3165 5280 αὐτῇ
3186 5206 3329 5260 κατά
3370 5206 3470 5276 τὴν
3500 5217 3668 5272 σωμα-

2109 5308 2267 5379 τικὴν
2296 5308 2600 5373 ἀσθένειαν,
2638 5304 2737 5367 τὰς
2759 5302 2870 5357 τῶν
2898 5301 3086 5356 κακῶν
3115 5299 3389 5370 ἀφορμάς.

2177 5399 2283 5467 κβν.
2336 5397 2493 5452 ὀδυι
2516 5395 2774 5459 ἀσεϐῶν,
2803 5395 2873 5448 ἐκ
2909 5391 3023 5463 γῆς
3051 5392 3357 5447 ὁλοῦνται.
3395 5388 3587 5446 Λοιπὸν
3613 5384 3664 5437 al

2109 5490 2362 5562 ἐργασίαι
2404 5489 2514 5544 τῶν
2542 5489 2677 5559 μήτε
2707 5486 2858 5557 φόὸῳ
2890 5484 3001 5538 τῶν
3040 5483 3302 5547 ἀπειλῶν,
3354 5483 3489 5553 μήτε
3535 5478 3667 5544 πόθῳ

2104 5581 2217 5637 τῶν
2245 5580 2586 5651 ἐπαγγελιῶν
2617 5578 2902 5651 ⁸τιμώντων
2920 5576 3075 5637 Θεὸν,
3105 5575 3556 5645 ἀφανισθήσονται
3574 5570 3661 5638 τῆς

2109 5675 2231 5727 κατ’
2256 5672 2457 5744 ἀρετὴν
2485 5672 2651 5737 ἕξεως
2672 5687 2685 5701 ·
2715 5671 2775 5722 ἐν
2799 5668 2877 5739 τῷ
2915 5668 3051 5737 μήτε
3073 5666 3160 5719 διὰ
3184 5667 3282 5730 τὰς
3310 5665 3550 5724 αἰωνίους
3580 5676 3661 5711 κο-

2110 5766 2314 5830 λάσεις,
2344 5764 2450 5819 τῶν
2482 5764 2654 5835 ἡδέων
2685 5763 2880 5827 αὐτοὺς
2914 5759 3362 5830 ὲγκρατεύεσθαι,
3403 5756 3534 5828 μήτε
3579 5749 3657 5807 διὰ
