  <div class='ocr_page' id='page_1' title='image "/cluster/home/n/w/nwhite01/storage/ocr_20150623/87 pt.1/mdp.39015032856539/658.png"; bbox 0 0 3960 6230; ppageno 0'>
   <div class='ocr_carea' id='block_1_1' title="bbox 286 368 422 432">
    <p class='ocr_par' dir='ltr' id='par_1_1' title="bbox 286 368 422 432">
     <span class='ocr_line' id='line_1_1' title="bbox 286 368 422 432; baseline 0.007 -1"><span class='ocrx_word' id='word_1_1' title='bbox 286 368 422 432; x_wconf 67' lang='grc'><strong>1241</strong></span> 
     </span>
    </p>
   </div>
   <div class='ocr_carea' id='block_1_2' title="bbox 1341 366 2492 432">
    <p class='ocr_par' dir='ltr' id='par_1_2' title="bbox 1341 366 2492 432">
     <span class='ocr_line' id='line_1_2' title="bbox 1341 366 2492 432; baseline -0.001 -4"><span class='ocrx_word' id='word_1_2' title='bbox 1341 366 1879 428; x_wconf 81' lang='lat' dir='ltr'><strong>COMMENTARII</strong></span> <span class='ocrx_word' id='word_1_3' title='bbox 1912 367 1997 427; x_wconf 87' lang='lat' dir='ltr'><strong>IN</strong></span> <span class='ocrx_word' id='word_1_4' title='bbox 2037 369 2492 432; x_wconf 80' lang='lat' dir='ltr'><strong>PROVERBIA.</strong></span> 
     </span>
    </p>
   </div>
   <div class='ocr_carea' id='block_1_3' title="bbox 3396 368 3531 433">
    <p class='ocr_par' dir='ltr' id='par_1_3' title="bbox 3396 368 3531 433">
     <span class='ocr_line' id='line_1_3' title="bbox 3396 368 3531 433; baseline 0.015 -2"><span class='ocrx_word' id='word_1_5' title='bbox 3396 368 3531 433; x_wconf 68' lang='grc' dir='ltr'>12ίὲ</span> 
     </span>
    </p>
   </div>
   <div class='ocr_carea' id='block_1_4' title="bbox 278 480 1863 553">
    <p class='ocr_par' dir='ltr' id='par_1_4' title="bbox 278 480 1857 553">
     <span class='ocr_line' id='line_1_4' title="bbox 278 480 1857 553; baseline -0.005 -15"><span class='ocrx_word' id='word_1_6' title='bbox 278 484 379 553; x_wconf 82' lang='grc' dir='ltr'><strong>τὴν</strong></span> <span class='ocrx_word' id='word_1_7' title='bbox 416 481 714 551; x_wconf 79' lang='grc' dir='ltr'><strong>μέλλουσαν</strong></span> <span class='ocrx_word' id='word_1_8' title='bbox 764 480 1219 551; x_wconf 70' lang='grc' dir='ltr'><strong>μισθαποδοσίαν,</strong></span> <span class='ocrx_word' id='word_1_9' title='bbox 1252 480 1319 533; x_wconf 82' lang='grc' dir='ltr'><strong>τὰ</strong></span> <span class='ocrx_word' id='word_1_10' title='bbox 1364 480 1599 552; x_wconf 70' lang='grc' dir='ltr'><strong>ὀδυνηρέι</strong></span> <span class='ocrx_word' id='word_1_11' title='bbox 1649 480 1857 549; x_wconf 79' lang='grc' dir='ltr'><strong>ὑπομέ-</strong></span> 
     </span>
    </p>
   </div>
   <div class='ocr_carea' id='block_1_5' title="bbox 1982 480 3533 553">
    <p class='ocr_par' dir='ltr' id='par_1_5' title="bbox 1982 481 3533 548">
     <span class='ocr_line' id='line_1_5' title="bbox 1982 481 3533 548; baseline 0.002 -14"><span class='ocrx_word' id='word_1_12' title='bbox 1982 481 2081 538; x_wconf 90' lang='lat' dir='ltr'><strong>lem</strong></span> <span class='ocrx_word' id='word_1_13' title='bbox 2118 484 2335 540; x_wconf 99' lang='lat' dir='ltr'><strong>labores</strong></span> <span class='ocrx_word' id='word_1_14' title='bbox 2367 483 2773 548; x_wconf 84' lang='lat' dir='ltr'><strong>sustinuerunt,</strong></span> <span class='ocrx_word' id='word_1_15' title='bbox 2802 482 2896 537; x_wconf 69' lang='lat' dir='ltr'><strong>sccl</strong></span> <span class='ocrx_word' id='word_1_16' title='bbox 2927 482 2996 537; x_wconf 88' lang='lat' dir='ltr'><strong>ab</strong></span> <span class='ocrx_word' id='word_1_17' title='bbox 3024 496 3210 537; x_wconf 91' lang='lat' dir='ltr'><strong>amore</strong></span> <span class='ocrx_word' id='word_1_18' title='bbox 3242 489 3297 536; x_wconf 91' lang='lat' dir='ltr'><strong>ct</strong></span> <span class='ocrx_word' id='word_1_19' title='bbox 3328 484 3533 537; x_wconf 78' lang='lat' dir='ltr'><strong>auxilio</strong></span> 
     </span>
    </p>
   </div>
   <div class='ocr_carea' id='block_1_6' title="bbox 281 569 1859 641">
    <p class='ocr_par' dir='ltr' id='par_1_6' title="bbox 281 569 1859 641">
     <span class='ocr_line' id='line_1_6' title="bbox 281 569 1859 641; baseline -0.003 -15"><span class='ocrx_word' id='word_1_20' title='bbox 281 591 392 626; x_wconf 84' lang='grc' dir='ltr'><strong>νειν</strong></span> <span class='ocrx_word' id='word_1_21' title='bbox 415 591 430 605; x_wconf 89' lang='grc'><strong>·</strong></span> <span class='ocrx_word' id='word_1_22' title='bbox 485 572 622 625; x_wconf 75' lang='grc' dir='ltr'><strong>ἀλλὰ</strong></span> <span class='ocrx_word' id='word_1_23' title='bbox 654 572 1012 641; x_wconf 78' lang='grc' dir='ltr'><strong>μεταπίπτειν</strong></span> <span class='ocrx_word' id='word_1_24' title='bbox 1040 570 1149 625; x_wconf 81' lang='grc' dir='ltr'><strong>ἀπὺ</strong></span> <span class='ocrx_word' id='word_1_25' title='bbox 1173 570 1266 625; x_wconf 81' lang='grc' dir='ltr'><strong>τοῦ</strong></span> <span class='ocrx_word' id='word_1_26' title='bbox 1295 571 1366 624; x_wconf 77' lang='grc' dir='ltr'><strong>δι’</strong></span> <span class='ocrx_word' id='word_1_27' title='bbox 1379 572 1601 641; x_wconf 83' lang='grc' dir='ltr'><strong>ἀγάπην</strong></span> <span class='ocrx_word' id='word_1_28' title='bbox 1621 571 1713 624; x_wconf 80' lang='grc' dir='ltr'><strong>τὸν</strong></span> <span class='ocrx_word' id='word_1_29' title='bbox 1732 569 1859 640; x_wconf 71' lang='grc' dir='ltr'><strong>πλη.</strong></span> 
     </span>
    </p>
   </div>
   <div class='ocr_carea' id='block_1_7' title="bbox 283 660 1862 735">
    <p class='ocr_par' dir='ltr' id='par_1_7' title="bbox 283 660 1862 735">
     <span class='ocr_line' id='line_1_7' title="bbox 283 660 1862 735; baseline -0.001 -18"><span class='ocrx_word' id='word_1_30' title='bbox 283 667 397 717; x_wconf 88' lang='grc' dir='ltr'><strong>σίον</strong></span> <span class='ocrx_word' id='word_1_31' title='bbox 426 665 770 735; x_wconf 74' lang='grc' dir='ltr'><strong>εὐεργετεῖν,</strong></span> <span class='ocrx_word' id='word_1_32' title='bbox 823 662 958 733; x_wconf 78' lang='grc' dir='ltr'><strong>πρὸς</strong></span> <span class='ocrx_word' id='word_1_33' title='bbox 999 663 1058 717; x_wconf 88' lang='grc' dir='ltr'><strong>τὺ</strong></span> <span class='ocrx_word' id='word_1_34' title='bbox 1089 663 1368 735; x_wconf 72' lang='grc' dir='ltr'><strong>διὰ-μῖσος</strong></span> <span class='ocrx_word' id='word_1_35' title='bbox 1415 663 1605 717; x_wconf 79' lang='grc' dir='ltr'><strong>τοῦτον</strong></span> <span class='ocrx_word' id='word_1_36' title='bbox 1648 660 1862 717; x_wconf 85' lang='grc' dir='ltr'><strong>ἀντιλυ-</strong></span> 
     </span>
    </p>
   </div>
   <div class='ocr_carea' id='block_1_8' title="bbox 283 754 425 807">
    <p class='ocr_par' dir='ltr' id='par_1_8' title="bbox 283 754 425 807">
     <span class='ocr_line' id='line_1_8' title="bbox 283 754 425 807; baseline 0.014 -2"><span class='ocrx_word' id='word_1_37' title='bbox 283 754 425 807; x_wconf 91' lang='grc' dir='ltr'><strong>πεῖν.</strong></span> 
     </span>
    </p>
   </div>
   <div class='ocr_carea' id='block_1_9' title="bbox 347 842 1859 911">
    <p class='ocr_par' dir='ltr' id='par_1_9' title="bbox 347 842 1859 911">
     <span class='ocr_line' id='line_1_9' title="bbox 347 842 1859 911; baseline -0.001 -16"><span class='ocrx_word' id='word_1_38' title='bbox 347 845 413 896; x_wconf 82' lang='grc' dir='ltr'><strong>οι</strong></span> <span class='ocrx_word' id='word_1_39' title='bbox 436 842 508 895; x_wconf 75' lang='grc' dir='ltr'><strong>δὲ</strong></span> <span class='ocrx_word' id='word_1_40' title='bbox 551 842 883 911; x_wconf 71' lang='grc' dir='ltr'><strong>παράνομοι</strong></span> <span class='ocrx_word' id='word_1_41' title='bbox 914 842 1368 909; x_wconf 77' lang='grc' dir='ltr'><strong>ἐξωσθήσονται</strong></span> <span class='ocrx_word' id='word_1_42' title='bbox 1400 843 1501 898; x_wconf 75' lang='grc' dir='ltr'><strong>ἀπ’</strong></span> <span class='ocrx_word' id='word_1_43' title='bbox 1552 842 1762 910; x_wconf 81' lang='grc' dir='ltr'><strong>αὐτῆς.</strong></span> <span class='ocrx_word' id='word_1_44' title='bbox 1794 842 1859 895; x_wconf 86' lang='lat' dir='ltr'><strong>Ui.</strong></span> 
     </span>
    </p>
   </div>
   <div class='ocr_carea' id='block_1_10' title="bbox 283 928 1861 1005">
    <p class='ocr_par' dir='ltr' id='par_1_10' title="bbox 283 928 1861 1005">
     <span class='ocr_line' id='line_1_10' title="bbox 283 928 1861 1005; baseline -0.001 -18"><span class='ocrx_word' id='word_1_45' title='bbox 283 932 534 987; x_wconf 79' lang='grc' dir='ltr'><strong>ἐντεῦθεν</strong></span> <span class='ocrx_word' id='word_1_46' title='bbox 572 934 641 986; x_wconf 81' lang='grc' dir='ltr'><strong>τὰ</strong></span> <span class='ocrx_word' id='word_1_47' title='bbox 689 934 808 986; x_wconf 88' lang='grc' dir='ltr'><strong>θεῖα</strong></span> <span class='ocrx_word' id='word_1_48' title='bbox 831 928 1232 1005; x_wconf 67' lang='grc' dir='ltr'><strong>προστάγματα</strong></span> <span class='ocrx_word' id='word_1_49' title='bbox 1251 935 1675 1005; x_wconf 73' lang='grc' dir='ltr'><strong>παραϐαίνοντες</strong></span> <span class='ocrx_word' id='word_1_50' title='bbox 1697 975 1710 994; x_wconf 89' lang='grc'><strong>,</strong></span> <span class='ocrx_word' id='word_1_51' title='bbox 1758 933 1861 1002; x_wconf 81' lang='grc' dir='ltr'><strong>τῆς</strong></span> 
     </span>
    </p>
   </div>
   <div class='ocr_carea' id='block_1_11' title="bbox 283 1005 1860 1097">
    <p class='ocr_par' dir='ltr' id='par_1_11' title="bbox 283 1005 1860 1097">
     <span class='ocr_line' id='line_1_11' title="bbox 283 1005 1860 1097; baseline -0.002 -18"><span class='ocrx_word' id='word_1_52' title='bbox 283 1005 393 1079; x_wconf 55' lang='grc' dir='ltr'><strong>των</strong></span> <span class='ocrx_word' id='word_1_53' title='bbox 439 1025 663 1097; x_wconf 80' lang='grc' dir='ltr'><strong>πραέων</strong></span> <span class='ocrx_word' id='word_1_54' title='bbox 689 1026 1123 1097; x_wconf 83' lang='grc' dir='ltr'><strong>ἅπελαθήσονται</strong></span> <span class='ocrx_word' id='word_1_55' title='bbox 1152 1026 1256 1096; x_wconf 83' lang='grc' dir='ltr'><strong>γῆς</strong></span> <span class='ocrx_word' id='word_1_56' title='bbox 1282 1043 1295 1057; x_wconf 78' lang='grc'><strong><em>⁸</em></strong></span> <span class='ocrx_word' id='word_1_57' title='bbox 1327 1027 1361 1096; x_wconf 82' lang='grc' dir='ltr'><strong>ἧ</strong></span> <span class='ocrx_word' id='word_1_58' title='bbox 1400 1028 1547 1079; x_wconf 82' lang='grc' dir='ltr'><strong>ἐστιν</strong></span> <span class='ocrx_word' id='word_1_59' title='bbox 1567 1023 1860 1095; x_wconf 88' lang='grc' dir='ltr'><strong>ἐπιθυμίας</strong></span> 
     </span>
    </p>
   </div>
   <div class='ocr_carea' id='block_1_12' title="bbox 285 1116 1862 1190">
    <p class='ocr_par' dir='ltr' id='par_1_12' title="bbox 285 1116 1862 1190">
     <span class='ocr_line' id='line_1_12' title="bbox 285 1116 1862 1190; baseline 0 -19"><span class='ocrx_word' id='word_1_60' title='bbox 285 1118 382 1171; x_wconf 76' lang='grc' dir='ltr'><strong>καὶ</strong></span> <span class='ocrx_word' id='word_1_61' title='bbox 413 1118 584 1188; x_wconf 84' lang='grc' dir='ltr'><strong>θυμοῦ</strong></span> <span class='ocrx_word' id='word_1_62' title='bbox 628 1118 900 1190; x_wconf 75' lang='grc' dir='ltr'><strong>παντελὴς</strong></span> <span class='ocrx_word' id='word_1_63' title='bbox 955 1119 1092 1190; x_wconf 75' lang='grc' dir='ltr'><strong>πρὸς</strong></span> <span class='ocrx_word' id='word_1_64' title='bbox 1125 1119 1196 1173; x_wconf 74' lang='grc' dir='ltr'><strong>τὰ</strong></span> <span class='ocrx_word' id='word_1_65' title='bbox 1250 1118 1405 1188; x_wconf 85' lang='grc' dir='ltr'><strong>παρὰ</strong></span> <span class='ocrx_word' id='word_1_66' title='bbox 1452 1116 1616 1186; x_wconf 79' lang='grc' dir='ltr'><strong>φύσιν</strong></span> <span class='ocrx_word' id='word_1_67' title='bbox 1669 1118 1862 1188; x_wconf 83' lang='grc' dir='ltr'><strong>ἀκινη-</strong></span> 
     </span>
    </p>
   </div>
   <div class='ocr_carea' id='block_1_13' title="bbox 287 1213 1065 1268">
    <p class='ocr_par' dir='ltr' id='par_1_13' title="bbox 287 1213 1065 1268">
     <span class='ocr_line' id='line_1_13' title="bbox 287 1213 1065 1268; baseline 0.003 -3"><span class='ocrx_word' id='word_1_68' title='bbox 287 1213 399 1268; x_wconf 90' lang='grc' dir='ltr'><strong>σία.</strong></span> <span class='ocrx_word' id='word_1_69' title='bbox 1062 1234 1065 1235; x_wconf 48' lang='grc' dir='ltr'><strong>ν</strong></span> 
     </span>
    </p>
   </div>
   <div class='ocr_carea' id='block_1_14' title="bbox 899 1304 1261 1359">
    <p class='ocr_par' dir='ltr' id='par_1_14' title="bbox 899 1304 1261 1359">
     <span class='ocr_line' id='line_1_14' title="bbox 899 1304 1261 1359; baseline 0.003 -2"><span class='ocrx_word' id='word_1_70' title='bbox 899 1305 1153 1358; x_wconf 81' lang='grc' dir='ltr'>ΚΕΦΑΛ.</span> <span class='ocrx_word' id='word_1_71' title='bbox 1184 1304 1261 1359; x_wconf 82' lang='grc' dir='ltr'><strong>Γ⁹.</strong></span> 
     </span>
    </p>
   </div>
   <div class='ocr_carea' id='block_1_15' title="bbox 355 1393 1861 1464">
    <p class='ocr_par' dir='ltr' id='par_1_15' title="bbox 355 1393 1861 1464">
     <span class='ocr_line' id='line_1_15' title="bbox 355 1393 1861 1464; baseline -0.002 -16"><span class='ocrx_word' id='word_1_72' title='bbox 355 1402 423 1449; x_wconf 89' lang='grc' dir='ltr'><strong>α’.</strong></span> <span class='ocrx_word' id='word_1_73' title='bbox 465 1395 580 1458; x_wconf 74' lang='grc' dir='ltr'><strong>Υἱὲ,</strong></span> <span class='ocrx_word' id='word_1_74' title='bbox 613 1394 772 1464; x_wconf 75' lang='grc' dir='ltr'><strong>ἐμῶν</strong></span> <span class='ocrx_word' id='word_1_75' title='bbox 798 1397 1064 1464; x_wconf 75' lang='grc' dir='ltr'><strong>νομίμων</strong></span> <span class='ocrx_word' id='word_1_76' title='bbox 1091 1394 1178 1464; x_wconf 81' lang='grc' dir='ltr'><strong>μὴ</strong></span> <span class='ocrx_word' id='word_1_77' title='bbox 1221 1394 1660 1449; x_wconf 54' lang='lat' dir='ltr'><strong>ematur-admit.</strong></span> <span class='ocrx_word' id='word_1_78' title='bbox 1695 1395 1768 1448; x_wconf 75' lang='grc' dir='ltr'><strong>Σὺ</strong></span> <span class='ocrx_word' id='word_1_79' title='bbox 1804 1393 1861 1446; x_wconf 83' lang='grc' dir='ltr'><strong>δέ</strong></span> 
     </span>
    </p>
   </div>
   <div class='ocr_carea' id='block_1_16' title="bbox 284 1485 1865 1556">
    <p class='ocr_par' dir='ltr' id='par_1_16' title="bbox 284 1485 1865 1556">
     <span class='ocr_line' id='line_1_16' title="bbox 284 1485 1865 1556; baseline -0.001 -17"><span class='ocrx_word' id='word_1_80' title='bbox 284 1486 477 1539; x_wconf 84' lang='grc' dir='ltr'><strong>τέκνον</strong></span> <span class='ocrx_word' id='word_1_81' title='bbox 507 1487 894 1553; x_wconf 76' lang='grc' dir='ltr'><strong>πνευματικὸν,</strong></span> <span class='ocrx_word' id='word_1_82' title='bbox 949 1486 1058 1539; x_wconf 86' lang='grc' dir='ltr'><strong>τῶν</strong></span> <span class='ocrx_word' id='word_1_83' title='bbox 1088 1486 1503 1556; x_wconf 83' lang='grc' dir='ltr'><strong>προτρεπόντων</strong></span> <span class='ocrx_word' id='word_1_84' title='bbox 1531 1504 1590 1539; x_wconf 90' lang='grc' dir='ltr'><strong>σε</strong></span> <span class='ocrx_word' id='word_1_85' title='bbox 1621 1487 1705 1554; x_wconf 79' lang='grc' dir='ltr'><strong>ἐφ’</strong></span> <span class='ocrx_word' id='word_1_86' title='bbox 1726 1486 1761 1539; x_wconf 78' lang='grc' dir='ltr'>ἃ</span> <span class='ocrx_word' id='word_1_87' title='bbox 1783 1485 1865 1538; x_wconf 91' lang='grc' dir='ltr'><strong>δεῖ</strong></span> 
     </span>
    </p>
   </div>
   <div class='ocr_carea' id='block_1_17' title="bbox 286 1571 1862 1648">
    <p class='ocr_par' dir='ltr' id='par_1_17' title="bbox 286 1571 1862 1648">
     <span class='ocr_line' id='line_1_17' title="bbox 286 1571 1862 1648; baseline 0.001 -19"><span class='ocrx_word' id='word_1_88' title='bbox 286 1580 483 1643; x_wconf 87' lang='grc' dir='ltr'><strong>ποιεῖν,</strong></span> <span class='ocrx_word' id='word_1_89' title='bbox 506 1578 601 1630; x_wconf 75' lang='grc' dir='ltr'><strong>καὶ</strong></span> <span class='ocrx_word' id='word_1_90' title='bbox 631 1578 1048 1647; x_wconf 73' lang='grc' dir='ltr'><strong>ἀποτρεπόντων</strong></span> <span class='ocrx_word' id='word_1_91' title='bbox 1076 1577 1168 1646; x_wconf 77' lang='grc' dir='ltr'><strong>ἀφ’</strong></span> <span class='ocrx_word' id='word_1_92' title='bbox 1192 1571 1267 1630; x_wconf 81' lang='grc' dir='ltr'><strong>ὧν</strong></span> <span class='ocrx_word' id='word_1_93' title='bbox 1292 1578 1373 1630; x_wconf 83' lang='grc' dir='ltr'><strong>δεῖ</strong></span> <span class='ocrx_word' id='word_1_94' title='bbox 1393 1578 1468 1648; x_wconf 82' lang='grc' dir='ltr'><strong>μὴ</strong></span> <span class='ocrx_word' id='word_1_95' title='bbox 1497 1579 1690 1642; x_wconf 82' lang='grc' dir='ltr'><strong>ποιεῖν,</strong></span> <span class='ocrx_word' id='word_1_96' title='bbox 1712 1577 1862 1648; x_wconf 80' lang='grc' dir='ltr'><strong>ἐμῶν</strong></span> 
     </span>
    </p>
   </div>
   <div class='ocr_carea' id='block_1_18' title="bbox 287 1668 1539 1740">
    <p class='ocr_par' dir='ltr' id='par_1_18' title="bbox 287 1668 1539 1740">
     <span class='ocr_line' id='line_1_18' title="bbox 287 1668 1539 1740; baseline -0.002 -17"><span class='ocrx_word' id='word_1_97' title='bbox 287 1671 784 1740; x_wconf 81' lang='grc' dir='ltr'><strong>παραγγελμάτων,</strong></span> <span class='ocrx_word' id='word_1_98' title='bbox 808 1668 930 1724; x_wconf 83' lang='grc' dir='ltr'><strong>καθ’</strong></span> <span class='ocrx_word' id='word_1_99' title='bbox 966 1670 1080 1735; x_wconf 77' lang='grc' dir='ltr'><strong>ἐξιν</strong></span> <span class='ocrx_word' id='word_1_100' title='bbox 1108 1669 1434 1740; x_wconf 84' lang='grc' dir='ltr'><strong>μνημόνευε.</strong></span> <span class='ocrx_word' id='word_1_101' title='bbox 1536 1688 1539 1693; x_wconf 90' lang='grc'>·</span> 
     </span>
    </p>
   </div>
   <div class='ocr_carea' id='block_1_19' title="bbox 1961 571 3531 643">
    <p class='ocr_par' dir='ltr' id='par_1_19' title="bbox 1961 571 3531 643">
     <span class='ocr_line' id='line_1_19' title="bbox 1961 571 3531 643; baseline -0.003 -18"><span class='ocrx_word' id='word_1_102' title='bbox 1961 573 2197 643; x_wconf 79' lang='lat' dir='ltr'><strong>proximi</strong></span> <span class='ocrx_word' id='word_1_103' title='bbox 2260 572 2597 639; x_wconf 80' lang='lat' dir='ltr'><strong>defecerunt,</strong></span> <span class='ocrx_word' id='word_1_104' title='bbox 2648 581 2707 628; x_wconf 93' lang='lat' dir='ltr'><strong>ut</strong></span> <span class='ocrx_word' id='word_1_105' title='bbox 2759 589 2882 629; x_wconf 89' lang='lat' dir='ltr'><strong>eum</strong></span> <span class='ocrx_word' id='word_1_106' title='bbox 2927 582 3145 643; x_wconf 77' lang='lat' dir='ltr'><strong>propter</strong></span> <span class='ocrx_word' id='word_1_107' title='bbox 3169 571 3355 629; x_wconf 84' lang='lat' dir='ltr'><strong>odium</strong></span> <span class='ocrx_word' id='word_1_108' title='bbox 3391 572 3531 627; x_wconf 77' lang='lat' dir='ltr'><strong>allii-</strong></span> 
     </span>
    </p>
   </div>
   <div class='ocr_carea' id='block_1_20' title="bbox 1938 659 2171 733">
    <p class='ocr_par' dir='ltr' id='par_1_20' title="bbox 1938 659 2171 733">
     <span class='ocr_line' id='line_1_20' title="bbox 1938 659 2171 733; baseline 0 -15"><span class='ocrx_word' id='word_1_109' title='bbox 1938 659 2171 733; x_wconf 52' lang='lat' dir='ltr'><strong>&#39;gerettt.</strong></span> 
     </span>
    </p>
   </div>
   <div class='ocr_carea' id='block_1_21' title="bbox 2033 836 3574 913">
    <p class='ocr_par' dir='ltr' id='par_1_21' title="bbox 2033 836 3574 913">
     <span class='ocr_line' id='line_1_21' title="bbox 2033 836 3574 913; baseline -0.001 -17"><span class='ocrx_word' id='word_1_110' title='bbox 2033 842 2141 909; x_wconf 83' lang='lat' dir='ltr'><strong>Qui</strong></span> <span class='ocrx_word' id='word_1_111' title='bbox 2174 842 2347 913; x_wconf 82' lang='lat' dir='ltr'><strong>inique</strong></span> <span class='ocrx_word' id='word_1_112' title='bbox 2375 851 2540 912; x_wconf 79' lang='lat' dir='ltr'><strong>agunt</strong></span> <span class='ocrx_word' id='word_1_113' title='bbox 2594 843 2903 912; x_wconf 74' lang='lat' dir='ltr'><strong>auferantur</strong></span> <span class='ocrx_word' id='word_1_114' title='bbox 2950 842 3015 894; x_wconf 93' lang='lat' dir='ltr'><strong>ab</strong></span> <span class='ocrx_word' id='word_1_115' title='bbox 3056 857 3139 895; x_wconf 83' lang='lat' dir='ltr'><strong>ea.</strong></span> <span class='ocrx_word' id='word_1_116' title='bbox 3172 840 3397 897; x_wconf 79' lang='lat' dir='ltr'><strong>Deinde.</strong></span> <span class='ocrx_word' id='word_1_117' title='bbox 3437 842 3528 907; x_wconf 83' lang='lat' dir='ltr'><strong>qui</strong></span> <span class='ocrx_word' id='word_1_118' title='bbox 3565 836 3574 844; x_wconf 81' lang='grc'><strong>’</strong></span> 
     </span>
    </p>
   </div>
   <div class='ocr_carea' id='block_1_22' title="bbox 1963 932 3532 1003">
    <p class='ocr_par' dir='ltr' id='par_1_22' title="bbox 1963 932 3532 1003">
     <span class='ocr_line' id='line_1_22' title="bbox 1963 932 3532 1003; baseline -0.001 -17"><span class='ocrx_word' id='word_1_119' title='bbox 1963 934 2215 989; x_wconf 85' lang='lat' dir='ltr'><strong>mandata</strong></span> <span class='ocrx_word' id='word_1_120' title='bbox 2246 935 2335 988; x_wconf 76' lang='lat' dir='ltr'><strong>Dei</strong></span> <span class='ocrx_word' id='word_1_121' title='bbox 2401 934 2731 1003; x_wconf 85' lang='lat' dir='ltr'><strong>despiciunt,</strong></span> <span class='ocrx_word' id='word_1_122' title='bbox 2770 949 2799 987; x_wconf 84' lang='lat' dir='ltr'><strong>a</strong></span> <span class='ocrx_word' id='word_1_123' title='bbox 2848 943 2999 989; x_wconf 85' lang='lat' dir='ltr'><strong>terra</strong></span> <span class='ocrx_word' id='word_1_124' title='bbox 3044 934 3307 987; x_wconf 89' lang='lat' dir='ltr'><strong>bonorum</strong></span> <span class='ocrx_word' id='word_1_125' title='bbox 3341 932 3532 985; x_wconf 76' lang='lat' dir='ltr'><strong>exclu-</strong></span> 
     </span>
    </p>
   </div>
   <div class='ocr_carea' id='block_1_23' title="bbox 1960 1024 3534 1094">
    <p class='ocr_par' dir='ltr' id='par_1_23' title="bbox 1960 1024 3534 1094">
     <span class='ocr_line' id='line_1_23' title="bbox 1960 1024 3534 1094; baseline -0.001 -15"><span class='ocrx_word' id='word_1_126' title='bbox 1960 1024 2182 1090; x_wconf 86' lang='lat' dir='ltr'><strong>dentur,</strong></span> <span class='ocrx_word' id='word_1_127' title='bbox 2239 1040 2360 1093; x_wconf 70' lang='lat' dir='ltr'><strong>quae</strong></span> <span class='ocrx_word' id='word_1_128' title='bbox 2392 1034 2476 1079; x_wconf 91' lang='lat' dir='ltr'><strong>est</strong></span> <span class='ocrx_word' id='word_1_129' title='bbox 2512 1025 2972 1094; x_wconf 64' lang='lat' dir='ltr'><strong>concupiscentia:</strong></span> <span class='ocrx_word' id='word_1_130' title='bbox 3018 1033 3073 1078; x_wconf 89' lang='lat' dir='ltr'><strong>et</strong></span> <span class='ocrx_word' id='word_1_131' title='bbox 3102 1025 3195 1079; x_wconf 74' lang='lat' dir='ltr'><strong>ira:</strong></span> <span class='ocrx_word' id='word_1_132' title='bbox 3222 1024 3290 1078; x_wconf 90' lang='lat' dir='ltr'><strong>ab</strong></span> <span class='ocrx_word' id='word_1_133' title='bbox 3328 1025 3534 1094; x_wconf 70' lang='lat' dir='ltr'><strong>iisquae</strong></span> 
     </span>
    </p>
   </div>
   <div class='ocr_carea' id='block_1_24' title="bbox 1962 1112 2902 1181">
    <p class='ocr_par' dir='ltr' id='par_1_24' title="bbox 1962 1112 2902 1181">
     <span class='ocr_line' id='line_1_24' title="bbox 1962 1112 2902 1181; baseline 0 -13"><span class='ocrx_word' id='word_1_134' title='bbox 1962 1121 2090 1168; x_wconf 87' lang='lat' dir='ltr'><strong>sunt</strong></span> <span class='ocrx_word' id='word_1_135' title='bbox 2125 1120 2355 1178; x_wconf 66' lang='lat' dir='ltr'><strong>naturaa,</strong></span> <span class='ocrx_word' id='word_1_136' title='bbox 2387 1112 2623 1181; x_wconf 77' lang='lat' dir='ltr'><strong>perfecta</strong></span> <span class='ocrx_word' id='word_1_137' title='bbox 2665 1113 2902 1169; x_wconf 77' lang='lat' dir='ltr'><strong>aversio.</strong></span> 
     </span>
    </p>
   </div>
   <div class='ocr_carea' id='block_1_25' title="bbox 2611 1290 2888 1350">
    <p class='ocr_par' dir='ltr' id='par_1_25' title="bbox 2611 1290 2888 1350">
     <span class='ocr_line' id='line_1_25' title="bbox 2611 1290 2888 1350; baseline -0.011 0"><span class='ocrx_word' id='word_1_138' title='bbox 2611 1292 2766 1350; x_wconf 86' lang='lat' dir='ltr'><strong>CAP.</strong></span> <span class='ocrx_word' id='word_1_139' title='bbox 2798 1290 2888 1347; x_wconf 84' lang='lat' dir='ltr'><strong>Ill.</strong></span> 
     </span>
    </p>
   </div>
   <div class='ocr_carea' id='block_1_26' title="bbox 2038 1380 3533 1449">
    <p class='ocr_par' dir='ltr' id='par_1_26' title="bbox 2038 1380 3533 1449">
     <span class='ocr_line' id='line_1_26' title="bbox 2038 1380 3533 1449; baseline -0.001 -13"><span class='ocrx_word' id='word_1_140' title='bbox 2038 1383 2198 1440; x_wconf 75' lang='lat' dir='ltr'><strong>Vens.</strong></span> <span class='ocrx_word' id='word_1_141' title='bbox 2247 1384 2297 1439; x_wconf 75' lang='grc'><strong>1.</strong></span> <span class='ocrx_word' id='word_1_142' title='bbox 2340 1382 2451 1438; x_wconf 80' lang='lat' dir='ltr'><strong>Fili</strong></span> <span class='ocrx_word' id='word_1_143' title='bbox 2480 1385 2573 1449; x_wconf 86' lang='lat' dir='ltr'><strong>mi,</strong></span> <span class='ocrx_word' id='word_1_144' title='bbox 2622 1400 2686 1437; x_wconf 85' lang='lat' dir='ltr'><strong>ne</strong></span> <span class='ocrx_word' id='word_1_145' title='bbox 2718 1381 3050 1437; x_wconf 71' lang='lat' dir='ltr'><strong>obliviscaris</strong></span> <span class='ocrx_word' id='word_1_146' title='bbox 3084 1380 3210 1449; x_wconf 76' lang='lat' dir='ltr'><strong>legis</strong></span> <span class='ocrx_word' id='word_1_147' title='bbox 3271 1396 3418 1434; x_wconf 77' lang='lat' dir='ltr'><strong>mete.</strong></span> <span class='ocrx_word' id='word_1_148' title='bbox 3451 1380 3533 1435; x_wconf 89' lang='lat' dir='ltr'><strong>Tu</strong></span> 
     </span>
    </p>
   </div>
   <div class='ocr_carea' id='block_1_27' title="bbox 1960 1472 3537 1545">
    <p class='ocr_par' dir='ltr' id='par_1_27' title="bbox 1960 1472 3537 1545">
     <span class='ocr_line' id='line_1_27' title="bbox 1960 1472 3537 1545; baseline -0.003 -16"><span class='ocrx_word' id='word_1_149' title='bbox 1960 1491 2113 1542; x_wconf 87' lang='lat' dir='ltr'><strong>vero,</strong></span> <span class='ocrx_word' id='word_1_150' title='bbox 2146 1477 2219 1529; x_wconf 91' lang='lat' dir='ltr'><strong>lili</strong></span> <span class='ocrx_word' id='word_1_151' title='bbox 2250 1476 2578 1545; x_wconf 82' lang='lat' dir='ltr'><strong>spiritttalis,</strong></span> <span class='ocrx_word' id='word_1_152' title='bbox 2608 1484 2882 1529; x_wconf 82' lang='lat' dir='ltr'><strong>memento</strong></span> <span class='ocrx_word' id='word_1_153' title='bbox 2908 1473 3207 1528; x_wconf 85' lang='lat' dir='ltr'><strong>secundum</strong></span> <span class='ocrx_word' id='word_1_154' title='bbox 3241 1472 3388 1541; x_wconf 88' lang='lat' dir='ltr'><strong>quod</strong></span> <span class='ocrx_word' id='word_1_155' title='bbox 3424 1482 3537 1525; x_wconf 87' lang='lat' dir='ltr'><strong>sta-</strong></span> 
     </span>
    </p>
   </div>
   <div class='ocr_carea' id='block_1_28' title="bbox 1961 1561 3535 1633">
    <p class='ocr_par' dir='ltr' id='par_1_28' title="bbox 1961 1561 3535 1633">
     <span class='ocr_line' id='line_1_28' title="bbox 1961 1561 3535 1633; baseline -0.003 -14"><span class='ocrx_word' id='word_1_156' title='bbox 1961 1575 2136 1619; x_wconf 88' lang='lat' dir='ltr'><strong>tutum</strong></span> <span class='ocrx_word' id='word_1_157' title='bbox 2162 1575 2267 1629; x_wconf 85' lang='lat' dir='ltr'><strong>est,</strong></span> <span class='ocrx_word' id='word_1_158' title='bbox 2299 1582 2543 1621; x_wconf 89' lang='lat' dir='ltr'><strong>mearum</strong></span> <span class='ocrx_word' id='word_1_159' title='bbox 2570 1566 3040 1628; x_wconf 76' lang='lat' dir='ltr'><strong>cximrtationum,</strong></span> <span class='ocrx_word' id='word_1_160' title='bbox 3073 1579 3194 1633; x_wconf 80' lang='lat' dir='ltr'><strong>qua:</strong></span> <span class='ocrx_word' id='word_1_161' title='bbox 3242 1572 3293 1618; x_wconf 90' lang='lat' dir='ltr'><strong>te</strong></span> <span class='ocrx_word' id='word_1_162' title='bbox 3349 1561 3417 1617; x_wconf 86' lang='lat' dir='ltr'><strong>ad</strong></span> <span class='ocrx_word' id='word_1_163' title='bbox 3470 1578 3535 1616; x_wconf 87' lang='lat' dir='ltr'><strong>ea</strong></span> 
     </span>
    </p>
   </div>
   <div class='ocr_carea' id='block_1_29' title="bbox 1962 1655 3535 1727">
    <p class='ocr_par' dir='ltr' id='par_1_29' title="bbox 1962 1655 3535 1727">
     <span class='ocr_line' id='line_1_29' title="bbox 1962 1655 3535 1727; baseline -0.003 -18"><span class='ocrx_word' id='word_1_164' title='bbox 1962 1672 2083 1726; x_wconf 76' lang='lat' dir='ltr'><strong>qua:</strong></span> <span class='ocrx_word' id='word_1_165' title='bbox 2142 1658 2355 1727; x_wconf 78' lang='lat' dir='ltr'><strong>agentia</strong></span> <span class='ocrx_word' id='word_1_166' title='bbox 2416 1664 2563 1720; x_wconf 87' lang='lat' dir='ltr'><strong>sunt,</strong></span> <span class='ocrx_word' id='word_1_167' title='bbox 2595 1655 2905 1726; x_wconf 86' lang='lat' dir='ltr'><strong>impellunt,</strong></span> <span class='ocrx_word' id='word_1_168' title='bbox 2945 1665 3000 1709; x_wconf 85' lang='lat' dir='ltr'><strong>et</strong></span> <span class='ocrx_word' id='word_1_169' title='bbox 3046 1656 3114 1708; x_wconf 89' lang='lat' dir='ltr'><strong>ab</strong></span> <span class='ocrx_word' id='word_1_170' title='bbox 3160 1655 3247 1709; x_wconf 89' lang='lat' dir='ltr'><strong>bis</strong></span> <span class='ocrx_word' id='word_1_171' title='bbox 3271 1668 3392 1724; x_wconf 68' lang='lat' dir='ltr'><strong>qua:</strong></span> <span class='ocrx_word' id='word_1_172' title='bbox 3426 1666 3535 1706; x_wconf 90' lang='lat' dir='ltr'><strong>non</strong></span> 
     </span>
    </p>
   </div>
   <div class='ocr_carea' id='block_1_30' title="bbox 1963 1747 2576 1813">
    <p class='ocr_par' dir='ltr' id='par_1_30' title="bbox 1963 1747 2576 1813">
     <span class='ocr_line' id='line_1_30' title="bbox 1963 1747 2576 1813; baseline -0.002 -12"><span class='ocrx_word' id='word_1_173' title='bbox 1963 1748 2241 1813; x_wconf 81' lang='lat' dir='ltr'><strong>facienda,</strong></span> <span class='ocrx_word' id='word_1_174' title='bbox 2268 1747 2576 1801; x_wconf 76' lang='lat' dir='ltr'><strong>retrahunt.</strong></span> 
     </span>
    </p>
   </div>
   <div class='ocr_carea' id='block_1_31' title="bbox 361 1813 1863 1911">
    <p class='ocr_par' dir='ltr' id='par_1_31' title="bbox 361 1838 1858 1911">
     <span class='ocr_line' id='line_1_31' title="bbox 361 1838 1858 1911; baseline -0.001 -17"><span class='ocrx_word' id='word_1_175' title='bbox 361 1840 442 1894; x_wconf 85' lang='grc' dir='ltr'><strong><em>Τὰ</em></strong></span> <span class='ocrx_word' id='word_1_176' title='bbox 472 1841 539 1894; x_wconf 78' lang='grc' dir='ltr'><strong>δὲ</strong></span> <span class='ocrx_word' id='word_1_177' title='bbox 556 1841 795 1911; x_wconf 74' lang='grc' dir='ltr'><strong>ῥήματά</strong></span> <span class='ocrx_word' id='word_1_178' title='bbox 814 1859 935 1911; x_wconf 84' lang='grc' dir='ltr'><strong>μου</strong></span> <span class='ocrx_word' id='word_1_179' title='bbox 977 1843 1222 1910; x_wconf 53' lang='lat' dir='ltr'><strong>eripe/rw</strong></span> <span class='ocrx_word' id='word_1_180' title='bbox 1269 1842 1354 1910; x_wconf 79' lang='grc' dir='ltr'><strong>σὴ</strong></span> <span class='ocrx_word' id='word_1_181' title='bbox 1408 1839 1642 1907; x_wconf 81' lang='grc' dir='ltr'><strong>καρδία.</strong></span> <span class='ocrx_word' id='word_1_182' title='bbox 1676 1840 1757 1893; x_wconf 83' lang='grc' dir='ltr'><strong>Τά</strong></span> <span class='ocrx_word' id='word_1_183' title='bbox 1802 1838 1858 1892; x_wconf 85' lang='grc' dir='ltr'><strong>δέ</strong></span> 
     </span>
    </p>
   </div>
   <div class='ocr_carea' id='block_1_32' title="bbox 1982 1813 3535 1911">
    <p class='ocr_par' dir='ltr' id='par_1_32' title="bbox 2032 1837 3535 1911">
     <span class='ocr_line' id='line_1_32' title="bbox 2032 1837 3535 1911; baseline -0.004 -14"><span class='ocrx_word' id='word_1_184' title='bbox 2032 1842 2103 1897; x_wconf 84' lang='grc' dir='ltr'><strong>Ει</strong></span> <span class='ocrx_word' id='word_1_185' title='bbox 2142 1851 2402 1911; x_wconf 71' lang='lat' dir='ltr'><strong>prwcepta</strong></span> <span class='ocrx_word' id='word_1_186' title='bbox 2453 1857 2569 1894; x_wconf 87' lang='lat' dir='ltr'><strong>mea</strong></span> <span class='ocrx_word' id='word_1_187' title='bbox 2616 1855 2707 1894; x_wconf 88' lang='lat' dir='ltr'><strong>cor</strong></span> <span class='ocrx_word' id='word_1_188' title='bbox 2762 1849 2909 1892; x_wconf 84' lang='lat' dir='ltr'><strong>tuum</strong></span> <span class='ocrx_word' id='word_1_189' title='bbox 2930 1838 3217 1892; x_wconf 78' lang='lat' dir='ltr'><strong>custodiat.</strong></span> <span class='ocrx_word' id='word_1_190' title='bbox 3258 1837 3535 1908; x_wconf 56' lang='lat' dir='ltr'><strong>Praecpta</strong></span> 
     </span>
    </p>
   </div>
   <div class='ocr_carea' id='block_1_33' title="bbox 288 1931 1859 2004">
    <p class='ocr_par' dir='ltr' id='par_1_33' title="bbox 288 1931 1859 2004">
     <span class='ocr_line' id='line_1_33' title="bbox 288 1931 1859 2004; baseline -0.001 -19"><span class='ocrx_word' id='word_1_191' title='bbox 288 1932 476 2003; x_wconf 76' lang='grc' dir='ltr'><strong>μισθὸν</strong></span> <span class='ocrx_word' id='word_1_192' title='bbox 521 1933 618 2002; x_wconf 78' lang='grc' dir='ltr'><strong>μὲν</strong></span> <span class='ocrx_word' id='word_1_193' title='bbox 659 1932 753 1985; x_wconf 77' lang='grc' dir='ltr'><strong>ἐπὶ</strong></span> <span class='ocrx_word' id='word_1_194' title='bbox 780 1936 894 1994; x_wconf 87' lang='grc' dir='ltr'><strong>τοῖς</strong></span> <span class='ocrx_word' id='word_1_195' title='bbox 922 1932 1344 2004; x_wconf 80' lang='grc' dir='ltr'><strong>κατορθώμασιν</strong></span> <span class='ocrx_word' id='word_1_196' title='bbox 1391 1931 1859 2001; x_wconf 68' lang='grc' dir='ltr'><strong>ἐπαγγελλόμενα,</strong></span> 
     </span>
    </p>
   </div>
   <div class='ocr_carea' id='block_1_34' title="bbox 282 2020 1859 2094">
    <p class='ocr_par' dir='ltr' id='par_1_34' title="bbox 282 2020 1859 2094">
     <span class='ocr_line' id='line_1_34' title="bbox 282 2020 1859 2094; baseline -0.002 -18"><span class='ocrx_word' id='word_1_197' title='bbox 282 2024 548 2094; x_wconf 89' lang='grc' dir='ltr'><strong>τιμωρίαν</strong></span> <span class='ocrx_word' id='word_1_198' title='bbox 591 2024 647 2077; x_wconf 86' lang='grc' dir='ltr'><strong>δὲ</strong></span> <span class='ocrx_word' id='word_1_199' title='bbox 684 2023 779 2076; x_wconf 74' lang='grc' dir='ltr'><strong>ἐπὶ</strong></span> <span class='ocrx_word' id='word_1_200' title='bbox 811 2026 925 2086; x_wconf 81' lang='grc' dir='ltr'><strong>τοῖς</strong></span> <span class='ocrx_word' id='word_1_201' title='bbox 958 2024 1352 2093; x_wconf 80' lang='grc' dir='ltr'><strong>ἁμαρτήμασιν</strong></span> <span class='ocrx_word' id='word_1_202' title='bbox 1406 2020 1737 2074; x_wconf 77' lang='grc' dir='ltr'><strong>ἀπειλοῦντά</strong></span> <span class='ocrx_word' id='word_1_203' title='bbox 1774 2037 1859 2073; x_wconf 88' lang='grc' dir='ltr'><strong>σοι</strong></span> 
     </span>
    </p>
   </div>
   <div class='ocr_carea' id='block_1_35' title="bbox 283 2114 1798 2188">
    <p class='ocr_par' dir='ltr' id='par_1_35' title="bbox 283 2114 1798 2188">
     <span class='ocr_line' id='line_1_35' title="bbox 283 2114 1798 2188; baseline 0 -19"><span class='ocrx_word' id='word_1_204' title='bbox 283 2117 394 2186; x_wconf 74' lang='grc' dir='ltr'><strong>ἐμὰ</strong></span> <span class='ocrx_word' id='word_1_205' title='bbox 431 2116 608 2184; x_wconf 80' lang='grc' dir='ltr'><strong>λόγια,</strong></span> <span class='ocrx_word' id='word_1_206' title='bbox 638 2117 671 2187; x_wconf 83' lang='grc' dir='ltr'>ή</span> <span class='ocrx_word' id='word_1_207' title='bbox 712 2116 779 2188; x_wconf 81' lang='grc' dir='ltr'><strong>σὴ</strong></span> <span class='ocrx_word' id='word_1_208' title='bbox 808 2118 931 2170; x_wconf 87' lang='grc' dir='ltr'><strong>κατ’</strong></span> <span class='ocrx_word' id='word_1_209' title='bbox 970 2116 1253 2185; x_wconf 79' lang='grc' dir='ltr'><strong>ἐνέργειαν</strong></span> <span class='ocrx_word' id='word_1_210' title='bbox 1277 2114 1595 2183; x_wconf 80' lang='grc' dir='ltr'><strong>φυλαττέτω</strong></span> <span class='ocrx_word' id='word_1_211' title='bbox 1631 2114 1798 2185; x_wconf 78' lang='grc' dir='ltr'><strong>ψυχή.</strong></span> 
     </span>
    </p>
   </div>
   <div class='ocr_carea' id='block_1_36' title="bbox 354 2203 1862 2277">
    <p class='ocr_par' dir='ltr' id='par_1_36' title="bbox 354 2203 1862 2277">
     <span class='ocr_line' id='line_1_36' title="bbox 354 2203 1862 2277; baseline -0.003 -17"><span class='ocrx_word' id='word_1_212' title='bbox 354 2205 421 2277; x_wconf 81' lang='grc' dir='ltr'><strong>β’.</strong></span> <span class='ocrx_word' id='word_1_213' title='bbox 456 2206 662 2273; x_wconf 82' lang='grc' dir='ltr'><strong>Μῆκος</strong></span> <span class='ocrx_word' id='word_1_214' title='bbox 692 2207 802 2275; x_wconf 80' lang='grc' dir='ltr'><strong>γὰρ</strong></span> <span class='ocrx_word' id='word_1_215' title='bbox 831 2207 995 2271; x_wconf 78' lang='grc' dir='ltr'><strong>βίου,</strong></span> <span class='ocrx_word' id='word_1_216' title='bbox 1025 2205 1125 2258; x_wconf 81' lang='grc' dir='ltr'><strong>καὶ</strong></span> <span class='ocrx_word' id='word_1_217' title='bbox 1150 2205 1255 2271; x_wconf 78' lang='grc' dir='ltr'><strong>ἐτη</strong></span> <span class='ocrx_word' id='word_1_218' title='bbox 1285 2203 1456 2270; x_wconf 81' lang='grc' dir='ltr'><strong>ζωῆς,</strong></span> <span class='ocrx_word' id='word_1_219' title='bbox 1486 2203 1585 2257; x_wconf 77' lang='grc' dir='ltr'><strong>καί</strong></span> <span class='ocrx_word' id='word_1_220' title='bbox 1615 2205 1862 2272; x_wconf 67' lang='grc' dir='ltr'><strong>εἰρήνην</strong></span> 
     </span>
    </p>
   </div>
   <div class='ocr_carea' id='block_1_37' title="bbox 282 2295 1858 2367">
    <p class='ocr_par' dir='ltr' id='par_1_37' title="bbox 282 2295 1858 2367">
     <span class='ocr_line' id='line_1_37' title="bbox 282 2295 1858 2367; baseline -0.001 -17"><span class='ocrx_word' id='word_1_221' title='bbox 282 2297 707 2365; x_wconf 73' lang='grc' dir='ltr'><strong>προσθήσουσι</strong></span> <span class='ocrx_word' id='word_1_222' title='bbox 728 2314 847 2351; x_wconf 89' lang='grc' dir='ltr'><strong>σοι.</strong></span> <span class='ocrx_word' id='word_1_223' title='bbox 877 2298 1094 2351; x_wconf 83' lang='grc' dir='ltr'><strong>Τούτων</strong></span> <span class='ocrx_word' id='word_1_224' title='bbox 1129 2297 1236 2367; x_wconf 83' lang='grc' dir='ltr'><strong>γὰρ</strong></span> <span class='ocrx_word' id='word_1_225' title='bbox 1274 2299 1307 2366; x_wconf 82' lang='grc' dir='ltr'>ἡ</span> <span class='ocrx_word' id='word_1_226' title='bbox 1340 2296 1463 2349; x_wconf 90' lang='grc' dir='ltr'><strong>καθ’</strong></span> <span class='ocrx_word' id='word_1_227' title='bbox 1490 2295 1604 2362; x_wconf 80' lang='grc' dir='ltr'><strong>ἓξιν</strong></span> <span class='ocrx_word' id='word_1_228' title='bbox 1645 2298 1858 2367; x_wconf 80' lang='grc' dir='ltr'><strong>μνήμη,</strong></span> 
     </span>
    </p>
   </div>
   <div class='ocr_carea' id='block_1_38' title="bbox 279 2389 1861 2460">
    <p class='ocr_par' dir='ltr' id='par_1_38' title="bbox 279 2389 1861 2460">
     <span class='ocr_line' id='line_1_38' title="bbox 279 2389 1861 2460; baseline -0.001 -18"><span class='ocrx_word' id='word_1_229' title='bbox 279 2392 379 2442; x_wconf 72' lang='grc' dir='ltr'><strong>καὶ</strong></span> <span class='ocrx_word' id='word_1_230' title='bbox 412 2392 446 2460; x_wconf 81' lang='grc' dir='ltr'><strong>ἡ</strong></span> <span class='ocrx_word' id='word_1_231' title='bbox 493 2389 615 2442; x_wconf 85' lang='grc' dir='ltr'><strong>κατ’</strong></span> <span class='ocrx_word' id='word_1_232' title='bbox 647 2389 926 2460; x_wconf 75' lang='grc' dir='ltr'><strong>ἐνέργειαν</strong></span> <span class='ocrx_word' id='word_1_233' title='bbox 984 2389 1221 2460; x_wconf 81' lang='grc' dir='ltr'><strong>φυλακὴ,</strong></span> <span class='ocrx_word' id='word_1_234' title='bbox 1277 2389 1574 2459; x_wconf 77' lang='grc' dir='ltr'><strong>αὐξήσουσι</strong></span> <span class='ocrx_word' id='word_1_235' title='bbox 1627 2389 1726 2458; x_wconf 85' lang='grc' dir='ltr'><strong>μέν</strong></span> <span class='ocrx_word' id='word_1_236' title='bbox 1764 2406 1861 2441; x_wconf 88' lang='grc' dir='ltr'><strong>σου</strong></span> 
     </span>
    </p>
   </div>
   <div class='ocr_carea' id='block_1_39' title="bbox 278 2479 1861 2550">
    <p class='ocr_par' dir='ltr' id='par_1_39' title="bbox 278 2479 1861 2550">
     <span class='ocr_line' id='line_1_39' title="bbox 278 2479 1861 2550; baseline 0 -18"><span class='ocrx_word' id='word_1_237' title='bbox 278 2479 381 2550; x_wconf 77' lang='grc' dir='ltr'><strong>τὴν</strong></span> <span class='ocrx_word' id='word_1_238' title='bbox 422 2480 639 2549; x_wconf 85' lang='grc' dir='ltr'><strong>βιοτήν·</strong></span> <span class='ocrx_word' id='word_1_239' title='bbox 675 2479 767 2533; x_wconf 69' lang='grc' dir='ltr'><strong>διὰ</strong></span> <span class='ocrx_word' id='word_1_240' title='bbox 803 2480 902 2549; x_wconf 80' lang='grc' dir='ltr'><strong>τῆς</strong></span> <span class='ocrx_word' id='word_1_241' title='bbox 953 2479 1094 2533; x_wconf 87' lang='grc' dir='ltr'><strong>κατά</strong></span> <span class='ocrx_word' id='word_1_242' title='bbox 1131 2480 1194 2531; x_wconf 79' lang='grc' dir='ltr'><strong>τὸ</strong></span> <span class='ocrx_word' id='word_1_243' title='bbox 1226 2480 1403 2550; x_wconf 82' lang='grc' dir='ltr'><strong>παρὸν</strong></span> <span class='ocrx_word' id='word_1_244' title='bbox 1446 2480 1705 2548; x_wconf 87' lang='grc' dir='ltr'><strong>ἐργασίας</strong></span> <span class='ocrx_word' id='word_1_245' title='bbox 1751 2480 1861 2533; x_wconf 85' lang='grc' dir='ltr'><strong>τῶν</strong></span> 
     </span>
    </p>
   </div>
   <div class='ocr_carea' id='block_1_40' title="bbox 278 2568 1858 2638">
    <p class='ocr_par' dir='ltr' id='par_1_40' title="bbox 278 2568 1858 2638">
     <span class='ocr_line' id='line_1_40' title="bbox 278 2568 1858 2638; baseline 0.002 -18"><span class='ocrx_word' id='word_1_246' title='bbox 278 2571 383 2637; x_wconf 80' lang='grc' dir='ltr'><strong>τὴν</strong></span> <span class='ocrx_word' id='word_1_247' title='bbox 412 2569 587 2638; x_wconf 80' lang='grc' dir='ltr'><strong>ψυχὴν</strong></span> <span class='ocrx_word' id='word_1_248' title='bbox 620 2570 819 2632; x_wconf 81' lang='grc' dir='ltr'><strong>κακίας</strong></span> <span class='ocrx_word' id='word_1_249' title='bbox 876 2569 1334 2623; x_wconf 85' lang='grc' dir='ltr'><strong>άπαλλαττουσῶν</strong></span> <span class='ocrx_word' id='word_1_250' title='bbox 1392 2568 1550 2623; x_wconf 84' lang='grc' dir='ltr'><strong>θείων</strong></span> <span class='ocrx_word' id='word_1_251' title='bbox 1608 2569 1858 2633; x_wconf 83' lang='grc' dir='ltr'><strong>ἐντολῶν,</strong></span> 
     </span>
    </p>
   </div>
   <div class='ocr_carea' id='block_1_41' title="bbox 283 2659 1862 2731">
    <p class='ocr_par' dir='ltr' id='par_1_41' title="bbox 283 2659 1862 2731">
     <span class='ocr_line' id='line_1_41' title="bbox 283 2659 1862 2731; baseline 0.001 -19"><span class='ocrx_word' id='word_1_252' title='bbox 283 2660 423 2731; x_wconf 77' lang='grc' dir='ltr'><strong>πρὸς</strong></span> <span class='ocrx_word' id='word_1_253' title='bbox 451 2659 550 2730; x_wconf 83' lang='grc' dir='ltr'><strong>τὴν</strong></span> <span class='ocrx_word' id='word_1_254' title='bbox 571 2659 983 2722; x_wconf 74' lang='grc' dir='ltr'><strong>διαιωνίζουσαν</strong></span> <span class='ocrx_word' id='word_1_255' title='bbox 1012 2659 1349 2730; x_wconf 77' lang='grc' dir='ltr'><strong>εὐφροσύνην</strong></span> <span class='ocrx_word' id='word_1_256' title='bbox 1385 2676 1444 2713; x_wconf 92' lang='grc' dir='ltr'><strong>σε</strong></span> <span class='ocrx_word' id='word_1_257' title='bbox 1466 2660 1862 2730; x_wconf 80' lang='grc' dir='ltr'><strong>περαπέμπου-</strong></span> 
     </span>
    </p>
   </div>
   <div class='ocr_carea' id='block_1_42' title="bbox 282 2750 1862 2822">
    <p class='ocr_par' dir='ltr' id='par_1_42' title="bbox 282 2750 1862 2822">
     <span class='ocr_line' id='line_1_42' title="bbox 282 2750 1862 2822; baseline 0 -18"><span class='ocrx_word' id='word_1_258' title='bbox 282 2767 410 2807; x_wconf 85' lang='grc' dir='ltr'><strong>σαι·</strong></span> <span class='ocrx_word' id='word_1_259' title='bbox 436 2752 505 2805; x_wconf 82' lang='grc' dir='ltr'><strong>τὰ</strong></span> <span class='ocrx_word' id='word_1_260' title='bbox 540 2752 597 2804; x_wconf 80' lang='grc' dir='ltr'><strong>δὲ</strong></span> <span class='ocrx_word' id='word_1_261' title='bbox 632 2750 806 2821; x_wconf 81' lang='grc' dir='ltr'><strong>μέτρα</strong></span> <span class='ocrx_word' id='word_1_262' title='bbox 854 2767 939 2804; x_wconf 87' lang='grc' dir='ltr'><strong>σοι</strong></span> <span class='ocrx_word' id='word_1_263' title='bbox 989 2753 1088 2821; x_wconf 82' lang='grc' dir='ltr'><strong>τῆς</strong></span> <span class='ocrx_word' id='word_1_264' title='bbox 1123 2750 1264 2804; x_wconf 78' lang='grc' dir='ltr'><strong>κατὰ</strong></span> <span class='ocrx_word' id='word_1_265' title='bbox 1295 2750 1501 2822; x_wconf 81' lang='grc' dir='ltr'><strong>ταύτην</strong></span> <span class='ocrx_word' id='word_1_266' title='bbox 1532 2752 1631 2820; x_wconf 80' lang='grc' dir='ltr'><strong>τὴν</strong></span> <span class='ocrx_word' id='word_1_267' title='bbox 1662 2751 1862 2820; x_wconf 81' lang='grc' dir='ltr'><strong>πρᾶξιν</strong></span> 
     </span>
    </p>
   </div>
   <div class='ocr_carea' id='block_1_43' title="bbox 282 2842 1862 2914">
    <p class='ocr_par' dir='ltr' id='par_1_43' title="bbox 282 2842 1862 2914">
     <span class='ocr_line' id='line_1_43' title="bbox 282 2842 1862 2914; baseline 0.001 -18"><span class='ocrx_word' id='word_1_268' title='bbox 282 2842 394 2896; x_wconf 79' lang='grc' dir='ltr'><strong>τῶν</strong></span> <span class='ocrx_word' id='word_1_269' title='bbox 417 2842 646 2896; x_wconf 83' lang='grc' dir='ltr'><strong>ἐντολῶν</strong></span> <span class='ocrx_word' id='word_1_270' title='bbox 683 2843 1055 2914; x_wconf 83' lang='grc' dir='ltr'><strong>πνευματικῆς</strong></span> <span class='ocrx_word' id='word_1_271' title='bbox 1072 2843 1218 2909; x_wconf 79' lang='grc' dir='ltr'><strong>ζωῆς</strong></span> <span class='ocrx_word' id='word_1_272' title='bbox 1249 2843 1629 2907; x_wconf 81' lang='grc' dir='ltr'><strong>ἀποκτενοῦσι,</strong></span> <span class='ocrx_word' id='word_1_273' title='bbox 1660 2843 1749 2896; x_wconf 86' lang='grc' dir='ltr'><strong>διὰ</strong></span> <span class='ocrx_word' id='word_1_274' title='bbox 1762 2845 1862 2913; x_wconf 81' lang='grc' dir='ltr'><strong>τῆς</strong></span> 
     </span>
    </p>
   </div>
   <div class='ocr_carea' id='block_1_44' title="bbox 283 2933 1861 3004">
    <p class='ocr_par' dir='ltr' id='par_1_44' title="bbox 283 2933 1861 3004">
     <span class='ocr_line' id='line_1_44' title="bbox 283 2933 1861 3004; baseline -0.001 -16"><span class='ocrx_word' id='word_1_275' title='bbox 283 2933 699 3004; x_wconf 83' lang='grc' dir='ltr'><strong>καθαρευούσης</strong></span> <span class='ocrx_word' id='word_1_276' title='bbox 725 2934 906 3003; x_wconf 84' lang='grc' dir='ltr'><strong>πάσης</strong></span> <span class='ocrx_word' id='word_1_277' title='bbox 937 2935 1199 3004; x_wconf 77' lang='grc' dir='ltr'><strong>αἰσθητῆς</strong></span> <span class='ocrx_word' id='word_1_278' title='bbox 1232 2933 1531 3001; x_wconf 85' lang='grc' dir='ltr'><strong>φαντασίας</strong></span> <span class='ocrx_word' id='word_1_279' title='bbox 1563 2933 1728 2989; x_wconf 83' lang='grc' dir='ltr'><strong>ἀΰλου</strong></span> <span class='ocrx_word' id='word_1_280' title='bbox 1755 2934 1861 2987; x_wconf 76' lang='grc' dir='ltr'><strong>τῶν</strong></span> 
     </span>
    </p>
   </div>
   <div class='ocr_carea' id='block_1_45' title="bbox 280 3021 1860 3100">
    <p class='ocr_par' dir='ltr' id='par_1_45' title="bbox 280 3021 1860 3100">
     <span class='ocr_line' id='line_1_45' title="bbox 280 3021 1860 3100; baseline -0.003 -18"><span class='ocrx_word' id='word_1_281' title='bbox 280 3026 491 3098; x_wconf 83' lang='grc' dir='ltr'><strong>νοητῶν</strong></span> <span class='ocrx_word' id='word_1_282' title='bbox 540 3025 797 3094; x_wconf 89' lang='grc' dir='ltr'><strong>γνώσεως</strong></span> <span class='ocrx_word' id='word_1_283' title='bbox 854 3025 924 3079; x_wconf 80' lang='grc' dir='ltr'><strong>δι’</strong></span> <span class='ocrx_word' id='word_1_284' title='bbox 956 3021 1024 3100; x_wconf 81' lang='grc' dir='ltr'><strong>ἦς</strong></span> <span class='ocrx_word' id='word_1_285' title='bbox 1074 3023 1440 3095; x_wconf 78' lang='grc' dir='ltr'><strong>ἐπαυξήσουσί</strong></span> <span class='ocrx_word' id='word_1_286' title='bbox 1500 3042 1581 3078; x_wconf 85' lang='grc' dir='ltr'><strong>σοι</strong></span> <span class='ocrx_word' id='word_1_287' title='bbox 1634 3027 1727 3079; x_wconf 68' lang='grc' dir='ltr'><strong>καὶ</strong></span> <span class='ocrx_word' id='word_1_288' title='bbox 1761 3024 1860 3096; x_wconf 78' lang='grc' dir='ltr'><strong>τὴν</strong></span> 
     </span>
    </p>
   </div>
   <div class='ocr_carea' id='block_1_46' title="bbox 282 3116 1933 3206">
    <p class='ocr_par' dir='ltr' id='par_1_46' title="bbox 282 3116 1933 3206">
     <span class='ocr_line' id='line_1_46' title="bbox 282 3116 1933 3206; baseline 0.001 -36"><span class='ocrx_word' id='word_1_289' title='bbox 282 3120 470 3190; x_wconf 82' lang='grc' dir='ltr'><strong>πάσης</strong></span> <span class='ocrx_word' id='word_1_290' title='bbox 511 3118 707 3181; x_wconf 77' lang='grc' dir='ltr'><strong>κακίας</strong></span> <span class='ocrx_word' id='word_1_291' title='bbox 741 3116 1166 3187; x_wconf 80' lang='grc' dir='ltr'><strong>ἀπηλλαγμένην</strong></span> <span class='ocrx_word' id='word_1_292' title='bbox 1218 3117 1497 3185; x_wconf 84' lang='grc' dir='ltr'><strong>είρηναίαν</strong></span> <span class='ocrx_word' id='word_1_293' title='bbox 1547 3118 1645 3189; x_wconf 79' lang='grc' dir='ltr'><strong>τῆς</strong></span> <span class='ocrx_word' id='word_1_294' title='bbox 1682 3116 1861 3188; x_wconf 80' lang='grc' dir='ltr'><strong>ψυχῆς</strong></span> <span class='ocrx_word' id='word_1_295' title='bbox 1887 3147 1933 3206; x_wconf 77' lang='lat' dir='ltr'>c</span> 
     </span>
    </p>
   </div>
   <div class='ocr_carea' id='block_1_47' title="bbox 283 3207 1862 3279">
    <p class='ocr_par' dir='ltr' id='par_1_47' title="bbox 283 3207 1862 3279">
     <span class='ocr_line' id='line_1_47' title="bbox 283 3207 1862 3279; baseline -0.004 -14"><span class='ocrx_word' id='word_1_296' title='bbox 283 3212 644 3275; x_wconf 69' lang='grc' dir='ltr'><strong>κατάστασιν,</strong></span> <span class='ocrx_word' id='word_1_297' title='bbox 681 3211 747 3279; x_wconf 81' lang='grc' dir='ltr'><strong>τῇ</strong></span> <span class='ocrx_word' id='word_1_298' title='bbox 783 3208 879 3262; x_wconf 67' lang='grc' dir='ltr'><strong>καλ⁸</strong></span> <span class='ocrx_word' id='word_1_299' title='bbox 917 3207 1019 3278; x_wconf 81' lang='grc' dir='ltr'><strong>τῆς</strong></span> <span class='ocrx_word' id='word_1_300' title='bbox 1071 3207 1291 3275; x_wconf 86' lang='grc' dir='ltr'><strong>ἀγνοίας</strong></span> <span class='ocrx_word' id='word_1_301' title='bbox 1325 3207 1640 3278; x_wconf 78' lang='grc' dir='ltr'><strong>ἀπαλλαγῇ·</strong></span> <span class='ocrx_word' id='word_1_302' title='bbox 1675 3207 1862 3261; x_wconf 86' lang='grc' dir='ltr'><strong>λοιπὸν</strong></span> 
     </span>
    </p>
   </div>
   <div class='ocr_carea' id='block_1_48' title="bbox 284 3296 1866 3369">
    <p class='ocr_par' dir='ltr' id='par_1_48' title="bbox 284 3296 1866 3369">
     <span class='ocr_line' id='line_1_48' title="bbox 284 3296 1866 3369; baseline -0.003 -16"><span class='ocrx_word' id='word_1_303' title='bbox 284 3301 384 3353; x_wconf 77' lang='grc' dir='ltr'><strong>καὶ</strong></span> <span class='ocrx_word' id='word_1_304' title='bbox 420 3300 600 3354; x_wconf 75' lang='grc' dir='ltr'><strong>αὐτῶν</strong></span> <span class='ocrx_word' id='word_1_305' title='bbox 640 3315 740 3369; x_wconf 90' lang='grc' dir='ltr'><strong>μου</strong></span> <span class='ocrx_word' id='word_1_306' title='bbox 795 3296 938 3351; x_wconf 72' lang='grc' dir='ltr'><strong>κατὰ</strong></span> <span class='ocrx_word' id='word_1_307' title='bbox 994 3296 1162 3366; x_wconf 79' lang='grc' dir='ltr'><strong>μέρος</strong></span> <span class='ocrx_word' id='word_1_308' title='bbox 1213 3296 1323 3349; x_wconf 86' lang='grc' dir='ltr'><strong>τῶν</strong></span> <span class='ocrx_word' id='word_1_309' title='bbox 1388 3296 1866 3368; x_wconf 81' lang='grc' dir='ltr'><strong>παραγγελμάτων</strong></span> 
     </span>
    </p>
   </div>
   <div class='ocr_carea' id='block_1_49' title="bbox 282 3394 472 3448">
    <p class='ocr_par' dir='ltr' id='par_1_49' title="bbox 282 3394 472 3448">
     <span class='ocr_line' id='line_1_49' title="bbox 282 3394 472 3448; baseline 0.005 -1"><span class='ocrx_word' id='word_1_310' title='bbox 282 3394 472 3448; x_wconf 76' lang='grc' dir='ltr'><strong>ἄκουε.</strong></span> 
     </span>
    </p>
   </div>
   <div class='ocr_carea' id='block_1_50' title="bbox 360 3477 1867 3552">
    <p class='ocr_par' dir='ltr' id='par_1_50' title="bbox 360 3477 1867 3552">
     <span class='ocr_line' id='line_1_50' title="bbox 360 3477 1867 3552; baseline -0.005 -14"><span class='ocrx_word' id='word_1_311' title='bbox 360 3483 429 3552; x_wconf 86' lang='grc' dir='ltr'><strong>γ’.</strong></span> <span class='ocrx_word' id='word_1_312' title='bbox 472 3482 908 3551; x_wconf 80' lang='grc' dir='ltr'><strong>Ἐ.ίεημοσύναι</strong></span> <span class='ocrx_word' id='word_1_313' title='bbox 938 3479 1037 3532; x_wconf 78' lang='grc' dir='ltr'><strong>καί</strong></span> <span class='ocrx_word' id='word_1_314' title='bbox 1055 3482 1289 3544; x_wconf 81' lang='grc' dir='ltr'><strong>πίστεις</strong></span> <span class='ocrx_word' id='word_1_315' title='bbox 1311 3477 1399 3546; x_wconf 72' lang='grc' dir='ltr'><strong>μὴ</strong></span> <span class='ocrx_word' id='word_1_316' title='bbox 1421 3479 1867 3533; x_wconf 62' lang='grc' dir='ltr'><strong>ἐκλειπέτωσιιὶν</strong></span> 
     </span>
    </p>
   </div>
   <div class='ocr_carea' id='block_1_51' title="bbox 286 3571 1865 3647">
    <p class='ocr_par' dir='ltr' id='par_1_51' title="bbox 286 3571 1865 3647">
     <span class='ocr_line' id='line_1_51' title="bbox 286 3571 1865 3647; baseline -0.009 -13"><span class='ocrx_word' id='word_1_317' title='bbox 286 3595 383 3634; x_wconf 87' lang='grc' dir='ltr'><strong>σε.</strong></span> <span class='ocrx_word' id='word_1_318' title='bbox 424 3576 767 3647; x_wconf 78' lang='grc' dir='ltr'><strong>Συμπάθειαι</strong></span> <span class='ocrx_word' id='word_1_319' title='bbox 804 3573 904 3644; x_wconf 68' lang='grc' dir='ltr'><strong>μὲν</strong></span> <span class='ocrx_word' id='word_1_320' title='bbox 952 3572 1086 3642; x_wconf 69' lang='grc' dir='ltr'><strong>πρὸς</strong></span> <span class='ocrx_word' id='word_1_321' title='bbox 1130 3571 1258 3631; x_wconf 80' lang='grc' dir='ltr'><strong>τοὺς</strong></span> <span class='ocrx_word' id='word_1_322' title='bbox 1304 3571 1560 3637; x_wconf 70' lang='grc' dir='ltr'><strong>ὁμοφυεῖς</strong></span> <span class='ocrx_word' id='word_1_323' title='bbox 1606 3572 1699 3621; x_wconf 69' lang='grc' dir='ltr'><strong>ἐπὶ</strong></span> <span class='ocrx_word' id='word_1_324' title='bbox 1740 3572 1865 3631; x_wconf 77' lang='grc' dir='ltr'><strong>ταῖς</strong></span> 
     </span>
    </p>
   </div>
   <div class='ocr_carea' id='block_1_52' title="bbox 289 3658 1867 3729">
    <p class='ocr_par' dir='ltr' id='par_1_52' title="bbox 289 3658 1867 3729">
     <span class='ocr_line' id='line_1_52' title="bbox 289 3658 1867 3729; baseline -0.008 -6"><span class='ocrx_word' id='word_1_325' title='bbox 289 3671 411 3724; x_wconf 83' lang='grc' dir='ltr'><strong>κατ’</strong></span> <span class='ocrx_word' id='word_1_326' title='bbox 442 3668 620 3720; x_wconf 82' lang='grc' dir='ltr'><strong>αὐτῶν</strong></span> <span class='ocrx_word' id='word_1_327' title='bbox 650 3663 925 3726; x_wconf 84' lang='grc' dir='ltr'><strong>άκουσίοις</strong></span> <span class='ocrx_word' id='word_1_328' title='bbox 954 3663 1241 3729; x_wconf 77' lang='grc' dir='ltr'><strong>ἐπιφοραῖς</strong></span> <span class='ocrx_word' id='word_1_329' title='bbox 1273 3658 1382 3710; x_wconf 83' lang='grc' dir='ltr'><strong>τῶν</strong></span> <span class='ocrx_word' id='word_1_330' title='bbox 1410 3659 1755 3727; x_wconf 80' lang='grc' dir='ltr'><strong>πειρασμῶν,</strong></span> <span class='ocrx_word' id='word_1_331' title='bbox 1779 3659 1867 3710; x_wconf 80' lang='grc' dir='ltr'><strong>εὑ-</strong></span> 
     </span>
    </p>
   </div>
   <div class='ocr_carea' id='block_1_53' title="bbox 287 3748 1866 3828">
    <p class='ocr_par' dir='ltr' id='par_1_53' title="bbox 287 3748 1866 3828">
     <span class='ocr_line' id='line_1_53' title="bbox 287 3748 1866 3828; baseline -0.01 -13"><span class='ocrx_word' id='word_1_332' title='bbox 287 3763 527 3815; x_wconf 78' lang='grc' dir='ltr'><strong>πείθειαι</strong></span> <span class='ocrx_word' id='word_1_333' title='bbox 551 3760 607 3813; x_wconf 83' lang='grc' dir='ltr'><strong>δέ</strong></span> <span class='ocrx_word' id='word_1_334' title='bbox 646 3758 781 3828; x_wconf 71' lang='grc' dir='ltr'><strong>πρὸς</strong></span> <span class='ocrx_word' id='word_1_335' title='bbox 807 3756 939 3810; x_wconf 76' lang='grc' dir='ltr'><strong>Θεὸν</strong></span> <span class='ocrx_word' id='word_1_336' title='bbox 988 3756 1082 3806; x_wconf 75' lang='grc' dir='ltr'><strong>ἐπὶ</strong></span> <span class='ocrx_word' id='word_1_337' title='bbox 1108 3754 1229 3816; x_wconf 88' lang='grc' dir='ltr'><strong>ταῖς</strong></span> <span class='ocrx_word' id='word_1_338' title='bbox 1283 3750 1449 3804; x_wconf 72' lang='grc' dir='ltr'><strong>αὐτοῦ</strong></span> <span class='ocrx_word' id='word_1_339' title='bbox 1488 3748 1751 3814; x_wconf 80' lang='grc' dir='ltr'><strong>ἐντολαῖς,</strong></span> <span class='ocrx_word' id='word_1_340' title='bbox 1791 3750 1866 3819; x_wconf 71' lang='grc' dir='ltr'><strong>μὴ</strong></span> 
     </span>
    </p>
   </div>
   <div class='ocr_carea' id='block_1_54' title="bbox 284 3850 929 3926">
    <p class='ocr_par' dir='ltr' id='par_1_54' title="bbox 284 3850 929 3926">
     <span class='ocr_line' id='line_1_54' title="bbox 284 3850 929 3926; baseline -0.014 -14"><span class='ocrx_word' id='word_1_341' title='bbox 284 3850 815 3926; x_wconf 76' lang='grc' dir='ltr'><strong>ἀπολιμπανέτωσάν</strong></span> <span class='ocrx_word' id='word_1_342' title='bbox 851 3867 929 3903; x_wconf 89' lang='grc' dir='ltr'><strong>σε.</strong></span> 
     </span>
    </p>
   </div>
   <div class='ocr_carea' id='block_1_55' title="bbox 360 3932 1867 4017">
    <p class='ocr_par' dir='ltr' id='par_1_55' title="bbox 360 3932 1867 4017">
     <span class='ocr_line' id='line_1_55' title="bbox 360 3932 1867 4017; baseline -0.012 -14"><span class='ocrx_word' id='word_1_343' title='bbox 360 3949 631 4017; x_wconf 70' lang='grc' dir='ltr'><strong>Ἀφαψιαι</strong></span> <span class='ocrx_word' id='word_1_344' title='bbox 661 3944 729 3997; x_wconf 84' lang='grc' dir='ltr'><strong>δὲ</strong></span> <span class='ocrx_word' id='word_1_345' title='bbox 759 3941 946 4006; x_wconf 83' lang='grc' dir='ltr'><strong>αὐτὰς</strong></span> <span class='ocrx_word' id='word_1_346' title='bbox 971 3938 1101 4006; x_wconf 77' lang='grc' dir='ltr'><strong>περὶ</strong></span> <span class='ocrx_word' id='word_1_347' title='bbox 1124 3935 1215 4001; x_wconf 83' lang='grc' dir='ltr'><strong>σῷ</strong></span> <span class='ocrx_word' id='word_1_348' title='bbox 1242 3933 1540 4003; x_wconf 79' lang='grc' dir='ltr'><strong>τραχήλῳ.</strong></span> <span class='ocrx_word' id='word_1_349' title='bbox 1567 3932 1867 4002; x_wconf 76' lang='grc' dir='ltr'><strong>Ἐκκρὲμα-</strong></span> 
     </span>
    </p>
   </div>
   <div class='ocr_carea' id='block_1_56' title="bbox 286 4021 1863 4099">
    <p class='ocr_par' dir='ltr' id='par_1_56' title="bbox 286 4021 1863 4099">
     <span class='ocr_line' id='line_1_56' title="bbox 286 4021 1863 4099; baseline -0.013 -6"><span class='ocrx_word' id='word_1_350' title='bbox 286 4057 381 4092; x_wconf 88' lang='grc' dir='ltr'><strong>σον</strong></span> <span class='ocrx_word' id='word_1_351' title='bbox 408 4038 464 4090; x_wconf 82' lang='grc' dir='ltr'><strong>δὲ</strong></span> <span class='ocrx_word' id='word_1_352' title='bbox 483 4036 684 4097; x_wconf 86' lang='grc' dir='ltr'><strong>ταύτας</strong></span> <span class='ocrx_word' id='word_1_353' title='bbox 709 4031 846 4086; x_wconf 82' lang='grc' dir='ltr'><strong>κατὰ</strong></span> <span class='ocrx_word' id='word_1_354' title='bbox 862 4029 1207 4099; x_wconf 79' lang='grc' dir='ltr'><strong>προαίρεσιν,</strong></span> <span class='ocrx_word' id='word_1_355' title='bbox 1229 4027 1287 4077; x_wconf 86' lang='grc' dir='ltr'><strong>ἐν</strong></span> <span class='ocrx_word' id='word_1_356' title='bbox 1311 4022 1389 4094; x_wconf 79' lang='grc' dir='ltr'><strong>τῷ</strong></span> <span class='ocrx_word' id='word_1_357' title='bbox 1417 4023 1575 4092; x_wconf 81' lang='grc' dir='ltr'><strong>δίκην</strong></span> <span class='ocrx_word' id='word_1_358' title='bbox 1595 4021 1863 4091; x_wconf 78' lang='grc' dir='ltr'><strong>τραχήλου</strong></span> 
     </span>
    </p>
   </div>
   <div class='ocr_carea' id='block_1_57' title="bbox 284 4113 1865 4186">
    <p class='ocr_par' dir='ltr' id='par_1_57' title="bbox 284 4113 1865 4186">
     <span class='ocr_line' id='line_1_57' title="bbox 284 4113 1865 4186; baseline -0.012 -2"><span class='ocrx_word' id='word_1_359' title='bbox 284 4130 647 4184; x_wconf 83' lang='grc' dir='ltr'><strong>ὑποπίπτοντι</strong></span> <span class='ocrx_word' id='word_1_360' title='bbox 681 4123 927 4185; x_wconf 85' lang='grc' dir='ltr'><strong>ταύταις,</strong></span> <span class='ocrx_word' id='word_1_361' title='bbox 971 4118 1046 4183; x_wconf 86' lang='grc' dir='ltr'><strong>ὤς</strong></span> <span class='ocrx_word' id='word_1_362' title='bbox 1079 4134 1181 4170; x_wconf 89' lang='grc' dir='ltr'><strong>τινι</strong></span> <span class='ocrx_word' id='word_1_363' title='bbox 1227 4114 1356 4186; x_wconf 85' lang='grc' dir='ltr'><strong>θείῳ</strong></span> <span class='ocrx_word' id='word_1_364' title='bbox 1401 4113 1550 4184; x_wconf 77' lang='grc' dir='ltr'><strong>ζυγῷ</strong></span> <span class='ocrx_word' id='word_1_365' title='bbox 1583 4113 1865 4185; x_wconf 76' lang='grc' dir='ltr'><strong>πρακτικῷ</strong></span> 
     </span>
    </p>
   </div>
   <div class='ocr_carea' id='block_1_58' title="bbox 283 4219 736 4292">
    <p class='ocr_par' dir='ltr' id='par_1_58' title="bbox 283 4219 736 4292">
     <span class='ocr_line' id='line_1_58' title="bbox 283 4219 736 4292; baseline -0.015 -16"><span class='ocrx_word' id='word_1_366' title='bbox 283 4224 381 4292; x_wconf 78' lang='grc' dir='ltr'><strong>τῆς</strong></span> <span class='ocrx_word' id='word_1_367' title='bbox 413 4219 592 4289; x_wconf 74' lang='grc' dir='ltr'><strong>ψυχῆς</strong></span> <span class='ocrx_word' id='word_1_368' title='bbox 622 4234 736 4270; x_wconf 84' lang='grc' dir='ltr'><strong>σου.</strong></span> 
     </span>
    </p>
   </div>
   <div class='ocr_carea' id='block_1_59' title="bbox 358 4293 1863 4379">
    <p class='ocr_par' dir='ltr' id='par_1_59' title="bbox 358 4293 1863 4379">
     <span class='ocr_line' id='line_1_59' title="bbox 358 4293 1863 4379; baseline -0.009 -17"><span class='ocrx_word' id='word_1_369' title='bbox 358 4309 572 4379; x_wconf 60' lang='grc' dir='ltr'><strong>Γράψον</strong></span> <span class='ocrx_word' id='word_1_370' title='bbox 622 4308 683 4359; x_wconf 83' lang='grc' dir='ltr'><strong>δὲ</strong></span> <span class='ocrx_word' id='word_1_371' title='bbox 724 4305 895 4367; x_wconf 81' lang='grc' dir='ltr'><strong>αὑτὰς</strong></span> <span class='ocrx_word' id='word_1_372' title='bbox 935 4301 1030 4355; x_wconf 74' lang='grc' dir='ltr'><strong>ἐπὶ</strong></span> <span class='ocrx_word' id='word_1_373' title='bbox 1073 4297 1280 4360; x_wconf 82' lang='grc' dir='ltr'><strong>πλακὸς</strong></span> <span class='ocrx_word' id='word_1_374' title='bbox 1317 4294 1544 4367; x_wconf 85' lang='grc' dir='ltr'><strong>καρδίας</strong></span> <span class='ocrx_word' id='word_1_375' title='bbox 1583 4310 1677 4347; x_wconf 85' lang='grc' dir='ltr'><strong>σου</strong></span> <span class='ocrx_word' id='word_1_376' title='bbox 1698 4333 1714 4358; x_wconf 94' lang='grc'><strong>,</strong></span> <span class='ocrx_word' id='word_1_377' title='bbox 1768 4293 1863 4348; x_wconf 81' lang='grc' dir='ltr'><strong>καὶ</strong></span> 
     </span>
    </p>
   </div>
   <div class='ocr_carea' id='block_1_60' title="bbox 287 4396 746 4469">
    <p class='ocr_par' dir='ltr' id='par_1_60' title="bbox 287 4396 746 4469">
     <span class='ocr_line' id='line_1_60' title="bbox 287 4396 746 4469; baseline -0.015 -17"><span class='ocrx_word' id='word_1_378' title='bbox 287 4399 542 4469; x_wconf 79' lang='grc' dir='ltr'><strong>εὑρήσεις</strong></span> <span class='ocrx_word' id='word_1_379' title='bbox 570 4396 746 4465; x_wconf 83' lang='grc' dir='ltr'><strong>χάριν.</strong></span> 
     </span>
    </p>
   </div>
   <div class='ocr_carea' id='block_1_61' title="bbox 1962 1930 3536 2004">
    <p class='ocr_par' dir='ltr' id='par_1_61' title="bbox 1962 1930 3536 2004">
     <span class='ocr_line' id='line_1_61' title="bbox 1962 1930 3536 2004; baseline -0.002 -16"><span class='ocrx_word' id='word_1_380' title='bbox 1962 1949 2105 2001; x_wconf 82' lang='lat' dir='ltr'><strong>mea,</strong></span> <span class='ocrx_word' id='word_1_381' title='bbox 2133 1948 2252 2004; x_wconf 75' lang='lat' dir='ltr'><strong>qua:</strong></span> <span class='ocrx_word' id='word_1_382' title='bbox 2277 1933 2439 1988; x_wconf 82' lang='lat' dir='ltr'><strong>bonis</strong></span> <span class='ocrx_word' id='word_1_383' title='bbox 2478 1932 2694 1988; x_wconf 76' lang='lat' dir='ltr'><strong>actibus</strong></span> <span class='ocrx_word' id='word_1_384' title='bbox 2726 1931 3031 1985; x_wconf 88' lang='lat' dir='ltr'><strong>mercedem</strong></span> <span class='ocrx_word' id='word_1_385' title='bbox 3056 1930 3400 2000; x_wconf 84' lang='lat' dir='ltr'><strong>promittunt,</strong></span> <span class='ocrx_word' id='word_1_386' title='bbox 3437 1946 3536 2001; x_wconf 85' lang='lat' dir='ltr'><strong>pro</strong></span> 
     </span>
    </p>
   </div>
   <div class='ocr_carea' id='block_1_62' title="bbox 1963 2022 3533 2095">
    <p class='ocr_par' dir='ltr' id='par_1_62' title="bbox 1963 2022 3533 2095">
     <span class='ocr_line' id='line_1_62' title="bbox 1963 2022 3533 2095; baseline -0.002 -14"><span class='ocrx_word' id='word_1_387' title='bbox 1963 2027 2123 2081; x_wconf 87' lang='lat' dir='ltr'><strong>malis</strong></span> <span class='ocrx_word' id='word_1_388' title='bbox 2152 2041 2281 2080; x_wconf 88' lang='lat' dir='ltr'><strong>vero</strong></span> <span class='ocrx_word' id='word_1_389' title='bbox 2313 2024 2579 2095; x_wconf 74' lang='lat' dir='ltr'><strong>Supplicia</strong></span> <span class='ocrx_word' id='word_1_390' title='bbox 2612 2023 2707 2079; x_wconf 89' lang='lat' dir='ltr'><strong>tibi</strong></span> <span class='ocrx_word' id='word_1_391' title='bbox 2766 2023 3065 2088; x_wconf 84' lang='lat' dir='ltr'><strong>minantur,</strong></span> <span class='ocrx_word' id='word_1_392' title='bbox 3092 2022 3323 2076; x_wconf 77' lang='lat' dir='ltr'><strong>viriliter</strong></span> <span class='ocrx_word' id='word_1_393' title='bbox 3348 2031 3533 2078; x_wconf 83' lang='lat' dir='ltr'><strong>custo-</strong></span> 
     </span>
    </p>
   </div>
   <div class='ocr_carea' id='block_1_63' title="bbox 1963 2118 2416 2173">
    <p class='ocr_par' dir='ltr' id='par_1_63' title="bbox 1963 2118 2416 2173">
     <span class='ocr_line' id='line_1_63' title="bbox 1963 2118 2416 2173; baseline -0.002 -1"><span class='ocrx_word' id='word_1_394' title='bbox 1963 2118 2077 2172; x_wconf 87' lang='lat' dir='ltr'><strong>diat</strong></span> <span class='ocrx_word' id='word_1_395' title='bbox 2106 2133 2202 2172; x_wconf 81' lang='lat' dir='ltr'><strong>cor</strong></span> <span class='ocrx_word' id='word_1_396' title='bbox 2240 2125 2416 2173; x_wconf 91' lang='lat' dir='ltr'><strong>tuum.</strong></span> 
     </span>
    </p>
   </div>
   <div class='ocr_carea' id='block_1_64' title="bbox 2032 2204 3540 2275">
    <p class='ocr_par' dir='ltr' id='par_1_64' title="bbox 2032 2204 3540 2275">
     <span class='ocr_line' id='line_1_64' title="bbox 2032 2204 3540 2275; baseline 0 -15"><span class='ocrx_word' id='word_1_397' title='bbox 2032 2206 2201 2262; x_wconf 73' lang='lat' dir='ltr'><strong>Vens.</strong></span> <span class='ocrx_word' id='word_1_398' title='bbox 2223 2207 2279 2262; x_wconf 74' lang='grc'><strong>2.</strong></span> <span class='ocrx_word' id='word_1_399' title='bbox 2312 2204 2715 2275; x_wconf 79' lang='lat' dir='ltr'><strong>Longitudinem</strong></span> <span class='ocrx_word' id='word_1_400' title='bbox 2754 2205 2891 2259; x_wconf 85' lang='lat' dir='ltr'><strong>enim</strong></span> <span class='ocrx_word' id='word_1_401' title='bbox 2920 2204 3123 2259; x_wconf 86' lang='lat' dir='ltr'><strong>dierum</strong></span> <span class='ocrx_word' id='word_1_402' title='bbox 3166 2213 3214 2259; x_wconf 88' lang='lat' dir='ltr'><strong>et</strong></span> <span class='ocrx_word' id='word_1_403' title='bbox 3237 2221 3403 2260; x_wconf 76' lang='lat' dir='ltr'><strong>annos</strong></span> <span class='ocrx_word' id='word_1_404' title='bbox 3461 2206 3540 2260; x_wconf 73' lang='lat' dir='ltr'><strong>vi—</strong></span> 
     </span>
    </p>
   </div>
   <div class='ocr_carea' id='block_1_65' title="bbox 1965 2294 3538 2366">
    <p class='ocr_par' dir='ltr' id='par_1_65' title="bbox 1965 2294 3538 2366">
     <span class='ocr_line' id='line_1_65' title="bbox 1965 2294 3538 2366; baseline -0.002 -15"><span class='ocrx_word' id='word_1_405' title='bbox 1965 2305 2052 2361; x_wconf 72' lang='grc' dir='ltr'><strong>ια’,</strong></span> <span class='ocrx_word' id='word_1_406' title='bbox 2074 2310 2122 2351; x_wconf 84' lang='lat' dir='ltr'><strong>et</strong></span> <span class='ocrx_word' id='word_1_407' title='bbox 2159 2312 2337 2365; x_wconf 77' lang='lat' dir='ltr'><strong>pacem</strong></span> <span class='ocrx_word' id='word_1_408' title='bbox 2363 2298 2582 2366; x_wconf 71' lang='lat' dir='ltr'><strong>afferent</strong></span> <span class='ocrx_word' id='word_1_409' title='bbox 2616 2296 2730 2350; x_wconf 88' lang='lat' dir='ltr'><strong>tibi.</strong></span> <span class='ocrx_word' id='word_1_410' title='bbox 2761 2296 2968 2351; x_wconf 82' lang='lat' dir='ltr'><strong>Horum</strong></span> <span class='ocrx_word' id='word_1_411' title='bbox 3016 2294 3277 2350; x_wconf 87' lang='lat' dir='ltr'><strong>continua</strong></span> <span class='ocrx_word' id='word_1_412' title='bbox 3323 2311 3538 2350; x_wconf 88' lang='lat' dir='ltr'><strong>memo-</strong></span> 
     </span>
    </p>
   </div>
   <div class='ocr_carea' id='block_1_66' title="bbox 1964 2386 3535 2458">
    <p class='ocr_par' dir='ltr' id='par_1_66' title="bbox 1964 2386 3535 2458">
     <span class='ocr_line' id='line_1_66' title="bbox 1964 2386 3535 2458; baseline -0.001 -16"><span class='ocrx_word' id='word_1_413' title='bbox 1964 2388 2067 2451; x_wconf 85' lang='lat' dir='ltr'><strong>ria,</strong></span> <span class='ocrx_word' id='word_1_414' title='bbox 2092 2397 2147 2441; x_wconf 88' lang='lat' dir='ltr'><strong>et</strong></span> <span class='ocrx_word' id='word_1_415' title='bbox 2202 2388 2378 2443; x_wconf 82' lang='lat' dir='ltr'><strong>virilis</strong></span> <span class='ocrx_word' id='word_1_416' title='bbox 2418 2387 2752 2454; x_wconf 83' lang='lat' dir='ltr'><strong>observatio,</strong></span> <span class='ocrx_word' id='word_1_417' title='bbox 2807 2397 2955 2441; x_wconf 89' lang='lat' dir='ltr'><strong>tuam</strong></span> <span class='ocrx_word' id='word_1_418' title='bbox 3017 2387 3295 2458; x_wconf 74' lang='lat' dir='ltr'><strong>augebunt</strong></span> <span class='ocrx_word' id='word_1_419' title='bbox 3329 2386 3535 2441; x_wconf 85' lang='lat' dir='ltr'><strong>vitam:</strong></span> 
     </span>
    </p>
   </div>
   <div class='ocr_carea' id='block_1_67' title="bbox 1964 2476 3539 2546">
    <p class='ocr_par' dir='ltr' id='par_1_67' title="bbox 1964 2476 3539 2546">
     <span class='ocr_line' id='line_1_67' title="bbox 1964 2476 3539 2546; baseline -0.003 -14"><span class='ocrx_word' id='word_1_420' title='bbox 1964 2486 2018 2532; x_wconf 90' lang='lat' dir='ltr'><strong>te</strong></span> <span class='ocrx_word' id='word_1_421' title='bbox 2050 2479 2116 2533; x_wconf 89' lang='lat' dir='ltr'><strong>ad</strong></span> <span class='ocrx_word' id='word_1_422' title='bbox 2146 2485 2409 2532; x_wconf 64' lang='lat' dir='ltr'><strong>aatcrnum</strong></span> <span class='ocrx_word' id='word_1_423' title='bbox 2466 2476 2722 2546; x_wconf 78' lang='lat' dir='ltr'><strong>gaudium</strong></span> <span class='ocrx_word' id='word_1_424' title='bbox 2764 2477 3143 2532; x_wconf 87' lang='lat' dir='ltr'><strong>conducentes</strong></span> <span class='ocrx_word' id='word_1_425' title='bbox 3170 2517 3185 2539; x_wconf 84' lang='lat'><strong>,</strong></span> <span class='ocrx_word' id='word_1_426' title='bbox 3220 2490 3315 2545; x_wconf 85' lang='lat' dir='ltr'><strong>per</strong></span> <span class='ocrx_word' id='word_1_427' title='bbox 3338 2489 3539 2543; x_wconf 79' lang='lat' dir='ltr'><strong>opera-</strong></span> 
     </span>
    </p>
   </div>
   <div class='ocr_carea' id='block_1_68' title="bbox 1966 2566 3537 2640">
    <p class='ocr_par' dir='ltr' id='par_1_68' title="bbox 1966 2566 3537 2640">
     <span class='ocr_line' id='line_1_68' title="bbox 1966 2566 3537 2640; baseline -0.003 -16"><span class='ocrx_word' id='word_1_428' title='bbox 1966 2570 2167 2624; x_wconf 85' lang='lat' dir='ltr'><strong>tionem</strong></span> <span class='ocrx_word' id='word_1_429' title='bbox 2202 2571 2255 2623; x_wconf 90' lang='lat' dir='ltr'><strong>in</strong></span> <span class='ocrx_word' id='word_1_430' title='bbox 2284 2571 2541 2640; x_wconf 69' lang='lat' dir='ltr'><strong>praesenti</strong></span> <span class='ocrx_word' id='word_1_431' title='bbox 2578 2571 2709 2636; x_wconf 88' lang='lat' dir='ltr'><strong>vita,</strong></span> <span class='ocrx_word' id='word_1_432' title='bbox 2747 2569 3125 2623; x_wconf 77' lang='lat' dir='ltr'><strong>mandatorum</strong></span> <span class='ocrx_word' id='word_1_433' title='bbox 3157 2566 3269 2631; x_wconf 89' lang='lat' dir='ltr'><strong>Dei,</strong></span> <span class='ocrx_word' id='word_1_434' title='bbox 3300 2568 3537 2621; x_wconf 86' lang='lat' dir='ltr'><strong>animam</strong></span> 
     </span>
    </p>
   </div>
   <div class='ocr_carea' id='block_1_69' title="bbox 1963 2658 3541 2728">
    <p class='ocr_par' dir='ltr' id='par_1_69' title="bbox 1963 2658 3541 2728">
     <span class='ocr_line' id='line_1_69' title="bbox 1963 2658 3541 2728; baseline -0.002 -12"><span class='ocrx_word' id='word_1_435' title='bbox 1963 2676 1995 2716; x_wconf 86' lang='lat' dir='ltr'><strong>a</strong></span> <span class='ocrx_word' id='word_1_436' title='bbox 2034 2662 2242 2715; x_wconf 88' lang='lat' dir='ltr'><strong>malitia</strong></span> <span class='ocrx_word' id='word_1_437' title='bbox 2264 2662 3032 2716; x_wconf 86' lang='lat' dir='ltr'><strong>retrahentium;mensuram</strong></span> <span class='ocrx_word' id='word_1_438' title='bbox 3074 2673 3201 2713; x_wconf 84' lang='lat' dir='ltr'><strong>vero</strong></span> <span class='ocrx_word' id='word_1_439' title='bbox 3236 2658 3541 2728; x_wconf 82' lang='lat' dir='ltr'><strong>spiritttalis</strong></span> 
     </span>
    </p>
   </div>
   <div class='ocr_carea' id='block_1_70' title="bbox 1964 2751 3540 2822">
    <p class='ocr_par' dir='ltr' id='par_1_70' title="bbox 1964 2751 3540 2822">
     <span class='ocr_line' id='line_1_70' title="bbox 1964 2751 3540 2822; baseline -0.001 -14"><span class='ocrx_word' id='word_1_440' title='bbox 1964 2755 2112 2822; x_wconf 59' lang='lat' dir='ltr'><strong>vitas,</strong></span> <span class='ocrx_word' id='word_1_441' title='bbox 2147 2754 2531 2810; x_wconf 80' lang='lat' dir='ltr'><strong>mandatorum</strong></span> <span class='ocrx_word' id='word_1_442' title='bbox 2549 2754 2961 2819; x_wconf 84' lang='lat' dir='ltr'><strong>observatione,</strong></span> <span class='ocrx_word' id='word_1_443' title='bbox 3003 2751 3415 2821; x_wconf 82' lang='lat' dir='ltr'><strong>ampliﬁcabunt</strong></span> <span class='ocrx_word' id='word_1_444' title='bbox 3444 2751 3540 2807; x_wconf 89' lang='lat' dir='ltr'><strong>tibi</strong></span> 
     </span>
    </p>
   </div>
   <div class='ocr_carea' id='block_1_71' title="bbox 1964 2843 3542 2919">
    <p class='ocr_par' dir='ltr' id='par_1_71' title="bbox 1964 2843 3542 2919">
     <span class='ocr_line' id='line_1_71' title="bbox 1964 2843 3542 2919; baseline -0.004 -16"><span class='ocrx_word' id='word_1_445' title='bbox 1964 2847 2376 2919; x_wconf 86' lang='lat' dir='ltr'><strong>perspiritalem</strong></span> <span class='ocrx_word' id='word_1_446' title='bbox 2436 2847 2802 2918; x_wconf 75' lang='lat' dir='ltr'><strong>cognitionem</strong></span> <span class='ocrx_word' id='word_1_447' title='bbox 2854 2860 3035 2900; x_wconf 89' lang='lat' dir='ltr'><strong>rerum</strong></span> <span class='ocrx_word' id='word_1_448' title='bbox 3088 2843 3542 2899; x_wconf 88' lang='lat' dir='ltr'><strong>intellectualium</strong></span> 
     </span>
    </p>
   </div>
   <div class='ocr_carea' id='block_1_72' title="bbox 1967 2936 3542 3006">
    <p class='ocr_par' dir='ltr' id='par_1_72' title="bbox 1967 2936 3542 3006">
     <span class='ocr_line' id='line_1_72' title="bbox 1967 2936 3542 3006; baseline -0.003 -14"><span class='ocrx_word' id='word_1_449' title='bbox 1967 2940 2037 2994; x_wconf 87' lang='lat' dir='ltr'><strong>ab</strong></span> <span class='ocrx_word' id='word_1_450' title='bbox 2066 2941 2212 2993; x_wconf 91' lang='lat' dir='ltr'><strong>omni</strong></span> <span class='ocrx_word' id='word_1_451' title='bbox 2267 2954 2530 2995; x_wconf 82' lang='lat' dir='ltr'><strong>sensuum</strong></span> <span class='ocrx_word' id='word_1_452' title='bbox 2597 2937 2810 2992; x_wconf 84' lang='lat' dir='ltr'><strong>fallacia</strong></span> <span class='ocrx_word' id='word_1_453' title='bbox 2842 2936 3250 3006; x_wconf 85' lang='lat' dir='ltr'><strong>puriﬁcantem,</strong></span> <span class='ocrx_word' id='word_1_454' title='bbox 3297 2950 3419 3004; x_wconf 69' lang='lat' dir='ltr'><strong>qua:</strong></span> <span class='ocrx_word' id='word_1_455' title='bbox 3442 2936 3542 2988; x_wconf 89' lang='lat' dir='ltr'><strong>tibi</strong></span> 
     </span>
    </p>
   </div>
   <div class='ocr_carea' id='block_1_73' title="bbox 1968 3029 3543 3101">
    <p class='ocr_par' dir='ltr' id='par_1_73' title="bbox 1968 3029 3543 3101">
     <span class='ocr_line' id='line_1_73' title="bbox 1968 3029 3543 3101; baseline -0.004 -16"><span class='ocrx_word' id='word_1_456' title='bbox 1968 3031 2250 3101; x_wconf 75' lang='lat' dir='ltr'><strong>paciﬁcum</strong></span> <span class='ocrx_word' id='word_1_457' title='bbox 2311 3032 2508 3086; x_wconf 60' lang='lat' dir='ltr'><strong>anima;</strong></span> <span class='ocrx_word' id='word_1_458' title='bbox 2562 3034 2767 3084; x_wconf 85' lang='lat' dir='ltr'><strong>statum</strong></span> <span class='ocrx_word' id='word_1_459' title='bbox 2829 3039 3044 3098; x_wconf 82' lang='lat' dir='ltr'><strong>augeat,</strong></span> <span class='ocrx_word' id='word_1_460' title='bbox 3100 3029 3174 3080; x_wconf 80' lang='lat' dir='ltr'><strong>ita</strong></span> <span class='ocrx_word' id='word_1_461' title='bbox 3227 3033 3307 3092; x_wconf 86' lang='lat' dir='ltr'><strong>ut,</strong></span> <span class='ocrx_word' id='word_1_462' title='bbox 3331 3033 3543 3081; x_wconf 89' lang='lat' dir='ltr'><strong>remota</strong></span> 
     </span>
    </p>
   </div>
   <div class='ocr_carea' id='block_1_74' title="bbox 1967 3115 3543 3193">
    <p class='ocr_par' dir='ltr' id='par_1_74' title="bbox 1967 3115 3543 3193">
     <span class='ocr_line' id='line_1_74' title="bbox 1967 3115 3543 3193; baseline -0.003 -19"><span class='ocrx_word' id='word_1_463' title='bbox 1967 3122 2295 3193; x_wconf 82' lang='lat' dir='ltr'><strong>ignorantia,</strong></span> <span class='ocrx_word' id='word_1_464' title='bbox 2320 3123 2386 3176; x_wconf 90' lang='lat' dir='ltr'><strong>ab</strong></span> <span class='ocrx_word' id='word_1_465' title='bbox 2413 3122 2563 3177; x_wconf 91' lang='lat' dir='ltr'><strong>omni</strong></span> <span class='ocrx_word' id='word_1_466' title='bbox 2592 3120 2799 3175; x_wconf 89' lang='lat' dir='ltr'><strong>malitia</strong></span> <span class='ocrx_word' id='word_1_467' title='bbox 2836 3119 3132 3173; x_wconf 86' lang='lat' dir='ltr'><strong>abstineat.</strong></span> <span class='ocrx_word' id='word_1_468' title='bbox 3177 3115 3334 3173; x_wconf 80' lang='lat' dir='ltr'><strong>Nunc</strong></span> <span class='ocrx_word' id='word_1_469' title='bbox 3360 3125 3543 3173; x_wconf 87' lang='lat' dir='ltr'><strong>autem</strong></span> 
     </span>
    </p>
   </div>
   <div class='ocr_carea' id='block_1_75' title="bbox 1967 3199 3247 3283">
    <p class='ocr_par' dir='ltr' id='par_1_75' title="bbox 1967 3199 3247 3283">
     <span class='ocr_line' id='line_1_75' title="bbox 1967 3199 3247 3283; baseline -0.003 -17"><span class='ocrx_word' id='word_1_470' title='bbox 1967 3212 2091 3267; x_wconf 87' lang='lat' dir='ltr'><strong>audi</strong></span> <span class='ocrx_word' id='word_1_471' title='bbox 2116 3221 2326 3283; x_wconf 90' lang='lat' dir='ltr'><strong>partem</strong></span> <span class='ocrx_word' id='word_1_472' title='bbox 2353 3210 2802 3267; x_wconf 76' lang='lat' dir='ltr'><strong>cxbortationum</strong></span> <span class='ocrx_word' id='word_1_473' title='bbox 2852 3221 3121 3263; x_wconf 85' lang='lat' dir='ltr'><strong>mearum.</strong></span> <span class='ocrx_word' id='word_1_474' title='bbox 3242 3199 3247 3205; x_wconf 71' lang='grc'><em>’</em></span> 
     </span>
    </p>
   </div>
   <div class='ocr_carea' id='block_1_76' title="bbox 2001 3472 3542 3535">
    <p class='ocr_par' dir='ltr' id='par_1_76' title="bbox 2001 3472 3542 3535">
     <span class='ocr_line' id='line_1_76' title="bbox 2001 3472 3542 3535; baseline -0.006 -2"><span class='ocrx_word' id='word_1_475' title='bbox 2001 3520 2009 3529; x_wconf 94' lang='grc'><strong>.</strong></span> <span class='ocrx_word' id='word_1_476' title='bbox 2037 3479 2204 3535; x_wconf 79' lang='lat' dir='ltr'><strong>Vens.</strong></span> <span class='ocrx_word' id='word_1_477' title='bbox 2240 3478 2295 3533; x_wconf 80' lang='grc'><strong>5.</strong></span> <span class='ocrx_word' id='word_1_478' title='bbox 2332 3476 2706 3532; x_wconf 79' lang='lat' dir='ltr'><strong>Misericordia</strong></span> <span class='ocrx_word' id='word_1_479' title='bbox 2751 3484 2802 3530; x_wconf 89' lang='lat' dir='ltr'><strong>et</strong></span> <span class='ocrx_word' id='word_1_480' title='bbox 2836 3475 3028 3529; x_wconf 81' lang='lat' dir='ltr'><strong>ueritas</strong></span> <span class='ocrx_word' id='word_1_481' title='bbox 3078 3489 3181 3527; x_wconf 82' lang='lat' dir='ltr'><strong>non</strong></span> <span class='ocrx_word' id='word_1_482' title='bbox 3215 3482 3261 3527; x_wconf 86' lang='lat' dir='ltr'><strong>te</strong></span> <span class='ocrx_word' id='word_1_483' title='bbox 3282 3472 3542 3527; x_wconf 79' lang='lat' dir='ltr'><strong>deserant.</strong></span> 
     </span>
    </p>
   </div>
   <div class='ocr_carea' id='block_1_77' title="bbox 1968 3564 3546 3641">
    <p class='ocr_par' dir='ltr' id='par_1_77' title="bbox 1968 3564 3546 3641">
     <span class='ocr_line' id='line_1_77' title="bbox 1968 3564 3546 3641; baseline -0.005 -15"><span class='ocrx_word' id='word_1_484' title='bbox 1968 3572 2245 3628; x_wconf 80' lang='lat' dir='ltr'><strong>Miseratio</strong></span> <span class='ocrx_word' id='word_1_485' title='bbox 2270 3570 2528 3641; x_wconf 78' lang='lat' dir='ltr'><strong>proximi,</strong></span> <span class='ocrx_word' id='word_1_486' title='bbox 2585 3571 2639 3623; x_wconf 91' lang='lat' dir='ltr'><strong>in</strong></span> <span class='ocrx_word' id='word_1_487' title='bbox 2667 3568 2780 3623; x_wconf 89' lang='lat' dir='ltr'><strong>illis</strong></span> <span class='ocrx_word' id='word_1_488' title='bbox 2829 3564 3273 3621; x_wconf 86' lang='lat' dir='ltr'><strong>tribulationibus</strong></span> <span class='ocrx_word' id='word_1_489' title='bbox 3295 3604 3310 3629; x_wconf 90' lang='lat'><strong>,</strong></span> <span class='ocrx_word' id='word_1_490' title='bbox 3342 3580 3464 3633; x_wconf 71' lang='lat' dir='ltr'><strong>quae</strong></span> <span class='ocrx_word' id='word_1_491' title='bbox 3493 3566 3546 3618; x_wconf 91' lang='lat' dir='ltr'><strong>ei</strong></span> 
     </span>
    </p>
   </div>
   <div class='ocr_carea' id='block_1_78' title="bbox 1967 3646 3549 3726">
    <p class='ocr_par' dir='ltr' id='par_1_78' title="bbox 1967 3646 3549 3726">
     <span class='ocr_line' id='line_1_78' title="bbox 1967 3646 3549 3726; baseline -0.003 -11"><span class='ocrx_word' id='word_1_492' title='bbox 1967 3661 2137 3715; x_wconf 85' lang='lat' dir='ltr'><strong>invito</strong></span> <span class='ocrx_word' id='word_1_493' title='bbox 2178 3662 2455 3725; x_wconf 84' lang='lat' dir='ltr'><strong>accidunt,</strong></span> <span class='ocrx_word' id='word_1_494' title='bbox 2507 3668 2562 3714; x_wconf 89' lang='lat' dir='ltr'><strong>et</strong></span> <span class='ocrx_word' id='word_1_495' title='bbox 2600 3646 2945 3715; x_wconf 76' lang='lat' dir='ltr'><strong>docilitatem</strong></span> <span class='ocrx_word' id='word_1_496' title='bbox 2990 3656 3056 3710; x_wconf 90' lang='lat' dir='ltr'><strong>ad</strong></span> <span class='ocrx_word' id='word_1_497' title='bbox 3101 3655 3289 3718; x_wconf 89' lang='lat' dir='ltr'><strong>Deum,</strong></span> <span class='ocrx_word' id='word_1_498' title='bbox 3342 3663 3399 3709; x_wconf 89' lang='lat' dir='ltr'><strong>ut</strong></span> <span class='ocrx_word' id='word_1_499' title='bbox 3427 3656 3549 3726; x_wconf 77' lang='lat' dir='ltr'><strong>ejus</strong></span> 
     </span>
    </p>
   </div>
   <div class='ocr_carea' id='block_1_79' title="bbox 1968 3746 3048 3813">
    <p class='ocr_par' dir='ltr' id='par_1_79' title="bbox 1968 3746 3048 3813">
     <span class='ocr_line' id='line_1_79' title="bbox 1968 3746 3048 3813; baseline -0.005 -11"><span class='ocrx_word' id='word_1_500' title='bbox 1968 3750 2223 3804; x_wconf 89' lang='lat' dir='ltr'><strong>mandata</strong></span> <span class='ocrx_word' id='word_1_501' title='bbox 2246 3749 2526 3813; x_wconf 82' lang='lat' dir='ltr'><strong>observes,</strong></span> <span class='ocrx_word' id='word_1_502' title='bbox 2550 3764 2659 3801; x_wconf 90' lang='lat' dir='ltr'><strong>non</strong></span> <span class='ocrx_word' id='word_1_503' title='bbox 2693 3756 2746 3800; x_wconf 88' lang='lat' dir='ltr'><strong>te</strong></span> <span class='ocrx_word' id='word_1_504' title='bbox 2768 3746 3048 3803; x_wconf 84' lang='lat' dir='ltr'><strong>deserant.</strong></span> 
     </span>
    </p>
   </div>
   <div class='ocr_carea' id='block_1_80' title="bbox 2040 3941 3549 4020">
    <p class='ocr_par' dir='ltr' id='par_1_80' title="bbox 2040 3941 3549 4020">
     <span class='ocr_line' id='line_1_80' title="bbox 2040 3941 3549 4020; baseline -0.004 -16"><span class='ocrx_word' id='word_1_505' title='bbox 2040 3948 2331 4004; x_wconf 85' lang='lat' dir='ltr'><strong>Circumda</strong></span> <span class='ocrx_word' id='word_1_506' title='bbox 2356 3965 2446 4004; x_wconf 81' lang='lat' dir='ltr'><strong>eas</strong></span> <span class='ocrx_word' id='word_1_507' title='bbox 2474 3947 2675 4020; x_wconf 81' lang='lat' dir='ltr'><strong>gutturi</strong></span> <span class='ocrx_word' id='word_1_508' title='bbox 2703 3954 2810 3999; x_wconf 85' lang='lat' dir='ltr'><strong>tuo.</strong></span> <span class='ocrx_word' id='word_1_509' title='bbox 2838 3941 3125 4013; x_wconf 86' lang='lat' dir='ltr'><strong>Suspende</strong></span> <span class='ocrx_word' id='word_1_510' title='bbox 3151 3942 3295 4008; x_wconf 89' lang='lat' dir='ltr'><strong>illas,</strong></span> <span class='ocrx_word' id='word_1_511' title='bbox 3325 3959 3425 4013; x_wconf 84' lang='lat' dir='ltr'><strong>pro</strong></span> <span class='ocrx_word' id='word_1_512' title='bbox 3459 3959 3549 3998; x_wconf 85' lang='lat' dir='ltr'><strong>ra-</strong></span> 
     </span>
    </p>
   </div>
   <div class='ocr_carea' id='block_1_81' title="bbox 1968 4035 3547 4111">
    <p class='ocr_par' dir='ltr' id='par_1_81' title="bbox 1968 4035 3547 4111">
     <span class='ocr_line' id='line_1_81' title="bbox 1968 4035 3547 4111; baseline -0.003 -17"><span class='ocrx_word' id='word_1_513' title='bbox 1968 4043 2120 4097; x_wconf 88' lang='lat' dir='ltr'><strong>tione</strong></span> <span class='ocrx_word' id='word_1_514' title='bbox 2153 4041 2296 4104; x_wconf 66' lang='lat' dir='ltr'><strong>vitaa,</strong></span> <span class='ocrx_word' id='word_1_515' title='bbox 2353 4041 2407 4095; x_wconf 84' lang='lat' dir='ltr'><strong>in</strong></span> <span class='ocrx_word' id='word_1_516' title='bbox 2480 4039 2720 4111; x_wconf 87' lang='lat' dir='ltr'><strong>polentia</strong></span> <span class='ocrx_word' id='word_1_517' title='bbox 2751 4035 2992 4111; x_wconf 84' lang='lat' dir='ltr'><strong>practica</strong></span> <span class='ocrx_word' id='word_1_518' title='bbox 3022 4038 3217 4093; x_wconf 71' lang='lat' dir='ltr'><strong>anima:</strong></span> <span class='ocrx_word' id='word_1_519' title='bbox 3246 4045 3370 4102; x_wconf 77' lang='lat' dir='ltr'><strong>llltP,</strong></span> <span class='ocrx_word' id='word_1_520' title='bbox 3403 4051 3547 4106; x_wconf 55' lang='lat' dir='ltr'><strong>qua’,</strong></span> 
     </span>
    </p>
   </div>
   <div class='ocr_carea' id='block_1_82' title="bbox 1968 4128 3545 4204">
    <p class='ocr_par' dir='ltr' id='par_1_82' title="bbox 1968 4128 3545 4204">
     <span class='ocr_line' id='line_1_82' title="bbox 1968 4128 3545 4204; baseline -0.003 -19"><span class='ocrx_word' id='word_1_521' title='bbox 1968 4141 2027 4185; x_wconf 90' lang='grc' dir='ltr'><strong>ιιι</strong></span> <span class='ocrx_word' id='word_1_522' title='bbox 2055 4131 2259 4186; x_wconf 89' lang='lat' dir='ltr'><strong>collum</strong></span> <span class='ocrx_word' id='word_1_523' title='bbox 2290 4130 2400 4186; x_wconf 90' lang='lat' dir='ltr'><strong>illis</strong></span> <span class='ocrx_word' id='word_1_524' title='bbox 2430 4130 2719 4198; x_wconf 56' lang='lat' dir='ltr'><strong>subdatur,</strong></span> <span class='ocrx_word' id='word_1_525' title='bbox 2753 4131 2911 4202; x_wconf 85' lang='lat' dir='ltr'><strong>quasi</strong></span> <span class='ocrx_word' id='word_1_526' title='bbox 2960 4132 3123 4187; x_wconf 82' lang='lat' dir='ltr'><strong>alicui</strong></span> <span class='ocrx_word' id='word_1_527' title='bbox 3151 4131 3285 4204; x_wconf 79' lang='lat' dir='ltr'><strong>jugo</strong></span> <span class='ocrx_word' id='word_1_528' title='bbox 3339 4128 3545 4182; x_wconf 88' lang='lat' dir='ltr'><strong>divino.</strong></span> 
     </span>
    </p>
   </div>
   <div class='ocr_carea' id='block_1_83' title="bbox 2035 4286 3595 4373">
    <p class='ocr_par' dir='ltr' id='par_1_83' title="bbox 2035 4286 3595 4373">
     <span class='ocr_line' id='line_1_83' title="bbox 2035 4286 3595 4373; baseline -0.003 -13"><span class='ocrx_word' id='word_1_529' title='bbox 2035 4304 2217 4360; x_wconf 82' lang='lat' dir='ltr'><strong>Scribe</strong></span> <span class='ocrx_word' id='word_1_530' title='bbox 2272 4304 2399 4360; x_wconf 73' lang='lat' dir='ltr'><strong>illa:</strong></span> <span class='ocrx_word' id='word_1_531' title='bbox 2432 4306 2484 4359; x_wconf 85' lang='lat' dir='ltr'><strong>in</strong></span> <span class='ocrx_word' id='word_1_532' title='bbox 2508 4305 2705 4361; x_wconf 77' lang='lat' dir='ltr'><strong>tabulis</strong></span> <span class='ocrx_word' id='word_1_533' title='bbox 2748 4304 2925 4361; x_wconf 81' lang='lat' dir='ltr'><strong>cordis</strong></span> <span class='ocrx_word' id='word_1_534' title='bbox 2960 4309 3062 4371; x_wconf 85' lang='lat' dir='ltr'><strong>tui,</strong></span> <span class='ocrx_word' id='word_1_535' title='bbox 3094 4313 3143 4359; x_wconf 85' lang='lat' dir='ltr'><strong>et</strong></span> <span class='ocrx_word' id='word_1_536' title='bbox 3164 4304 3389 4359; x_wconf 73' lang='lat' dir='ltr'><strong>invenies</strong></span> <span class='ocrx_word' id='word_1_537' title='bbox 3420 4319 3548 4373; x_wconf 84' lang='lat' dir='ltr'><strong>gra-</strong></span> <span class='ocrx_word' id='word_1_538' title='bbox 3592 4286 3595 4289; x_wconf 16' lang='grc' dir='ltr'><strong><em>γ</em></strong></span> 
     </span>
    </p>
   </div>
   <div class='ocr_carea' id='block_1_84' title="bbox 1966 4395 3555 4466">
    <p class='ocr_par' dir='ltr' id='par_1_84' title="bbox 1966 4395 3555 4466">
     <span class='ocr_line' id='line_1_84' title="bbox 1966 4395 3555 4466; baseline -0.002 -17"><span class='ocrx_word' id='word_1_539' title='bbox 1966 4398 2116 4450; x_wconf 87' lang='lat' dir='ltr'><strong>tiam.</strong></span> <span class='ocrx_word' id='word_1_540' title='bbox 2141 4395 2395 4466; x_wconf 88' lang='lat' dir='ltr'><strong>lnsculpe</strong></span> <span class='ocrx_word' id='word_1_541' title='bbox 2436 4396 2557 4451; x_wconf 90' lang='lat' dir='ltr'><strong>illas</strong></span> <span class='ocrx_word' id='word_1_542' title='bbox 2596 4413 2692 4465; x_wconf 86' lang='lat' dir='ltr'><strong>per</strong></span> <span class='ocrx_word' id='word_1_543' title='bbox 2728 4396 3009 4462; x_wconf 79' lang='lat' dir='ltr'><strong>aﬂ&#39;ectunt,</strong></span> <span class='ocrx_word' id='word_1_544' title='bbox 3064 4397 3117 4450; x_wconf 70' lang='lat' dir='ltr'><strong>in</strong></span> <span class='ocrx_word' id='word_1_545' title='bbox 3152 4396 3392 4466; x_wconf 85' lang='lat' dir='ltr'><strong>potentia</strong></span> <span class='ocrx_word' id='word_1_546' title='bbox 3425 4409 3555 4448; x_wconf 81' lang='lat' dir='ltr'><strong>con-</strong></span> 
     </span>
    </p>
   </div>
   <div class='ocr_carea' id='block_1_85' title="bbox 359 4475 1863 4559">
    <p class='ocr_par' dir='ltr' id='par_1_85' title="bbox 359 4475 1863 4555">
     <span class='ocr_line' id='line_1_85' title="bbox 359 4475 1863 4555; baseline -0.008 -14"><span class='ocrx_word' id='word_1_547' title='bbox 359 4486 693 4555; x_wconf 61' lang='lat' dir='ltr'><strong>’nyditaq/w</strong></span> <span class='ocrx_word' id='word_1_548' title='bbox 713 4485 772 4538; x_wconf 71' lang='grc' dir='ltr'><strong>δὲ</strong></span> <span class='ocrx_word' id='word_1_549' title='bbox 797 4482 1000 4546; x_wconf 80' lang='grc' dir='ltr'><strong>ταύτας</strong></span> <span class='ocrx_word' id='word_1_550' title='bbox 1027 4480 1164 4536; x_wconf 76' lang='grc' dir='ltr'><strong>κατὰ</strong></span> <span class='ocrx_word' id='word_1_551' title='bbox 1194 4477 1438 4533; x_wconf 87' lang='grc' dir='ltr'><strong>διάθεσιν</strong></span> <span class='ocrx_word' id='word_1_552' title='bbox 1464 4475 1544 4547; x_wconf 84' lang='grc' dir='ltr'><strong>τῷ</strong></span> <span class='ocrx_word' id='word_1_553' title='bbox 1583 4475 1863 4546; x_wconf 81' lang='grc' dir='ltr'><strong>παθητικῷ</strong></span> 
     </span>
    </p>
   </div>
   <div class='ocr_carea' id='block_1_86' title="bbox 1982 4475 3555 4559">
    <p class='ocr_par' dir='ltr' id='par_1_86' title="bbox 1982 4487 3555 4559">
     <span class='ocr_line' id='line_1_86' title="bbox 1982 4487 3555 4559; baseline -0.003 -15"><span class='ocrx_word' id='word_1_554' title='bbox 1982 4488 2296 4559; x_wconf 85' lang='lat' dir='ltr'><strong>cupiscibile</strong></span> <span class='ocrx_word' id='word_1_555' title='bbox 2321 4489 2519 4543; x_wconf 62' lang='lat' dir='ltr'><strong>animae</strong></span> <span class='ocrx_word' id='word_1_556' title='bbox 2544 4498 2671 4553; x_wconf 68' lang='lat' dir='ltr'><strong>tute,</strong></span> <span class='ocrx_word' id='word_1_557' title='bbox 2696 4498 2751 4544; x_wconf 79' lang='lat' dir='ltr'><strong>ct</strong></span> <span class='ocrx_word' id='word_1_558' title='bbox 2785 4489 3123 4544; x_wconf 86' lang='lat' dir='ltr'><strong>sanctissimi</strong></span> <span class='ocrx_word' id='word_1_559' title='bbox 3154 4487 3395 4558; x_wconf 81' lang='lat' dir='ltr'><strong>Spiritus</strong></span> <span class='ocrx_word' id='word_1_560' title='bbox 3427 4501 3555 4559; x_wconf 78' lang='lat' dir='ltr'><strong>gra-</strong></span> 
     </span>
    </p>
   </div>
   <div class='ocr_carea' id='block_1_87' title="bbox 286 4569 1872 4650">
    <p class='ocr_par' dir='ltr' id='par_1_87' title="bbox 286 4569 1872 4650">
     <span class='ocr_line' id='line_1_87' title="bbox 286 4569 1872 4650; baseline -0.007 -17"><span class='ocrx_word' id='word_1_561' title='bbox 286 4581 387 4650; x_wconf 84' lang='grc' dir='ltr'><strong>τῆς</strong></span> <span class='ocrx_word' id='word_1_562' title='bbox 402 4578 578 4648; x_wconf 78' lang='grc' dir='ltr'><strong>ψυχῆς</strong></span> <span class='ocrx_word' id='word_1_563' title='bbox 610 4594 724 4641; x_wconf 89' lang='grc' dir='ltr'><strong>σου,</strong></span> <span class='ocrx_word' id='word_1_564' title='bbox 758 4578 851 4630; x_wconf 75' lang='grc' dir='ltr'><strong>καὶ</strong></span> <span class='ocrx_word' id='word_1_565' title='bbox 874 4574 1140 4645; x_wconf 70' lang='grc' dir='ltr'><strong>ἐπιτύχῃς</strong></span> <span class='ocrx_word' id='word_1_566' title='bbox 1167 4575 1265 4643; x_wconf 82' lang='grc' dir='ltr'><strong>τῆς</strong></span> <span class='ocrx_word' id='word_1_567' title='bbox 1292 4570 1389 4624; x_wconf 85' lang='grc' dir='ltr'><strong>τοῦ</strong></span> <span class='ocrx_word' id='word_1_568' title='bbox 1411 4570 1678 4639; x_wconf 88' lang='grc' dir='ltr'><strong>παναγίου</strong></span> <span class='ocrx_word' id='word_1_569' title='bbox 1701 4569 1872 4622; x_wconf 69' lang='lat' dir='ltr'><strong>Ilvati-</strong></span> 
     </span>
    </p>
   </div>
   <div class='ocr_carea' id='block_1_88' title="bbox 290 4670 741 4742">
    <p class='ocr_par' dir='ltr' id='par_1_88' title="bbox 290 4670 741 4742">
     <span class='ocr_line' id='line_1_88' title="bbox 290 4670 741 4742; baseline -0.004 -19"><span class='ocrx_word' id='word_1_570' title='bbox 290 4687 458 4742; x_wconf 82' lang='grc' dir='ltr'><strong>ματος</strong></span> <span class='ocrx_word' id='word_1_571' title='bbox 497 4670 741 4739; x_wconf 80' lang='grc' dir='ltr'><strong>χάριτος.</strong></span> 
     </span>
    </p>
   </div>
   <div class='ocr_carea' id='block_1_89' title="bbox 356 4756 1868 4831">
    <p class='ocr_par' dir='ltr' id='par_1_89' title="bbox 356 4756 1868 4831">
     <span class='ocr_line' id='line_1_89' title="bbox 356 4756 1868 4831; baseline -0.006 -13"><span class='ocrx_word' id='word_1_572' title='bbox 356 4762 420 4819; x_wconf 81' lang='grc' dir='ltr'><strong>δ’.</strong></span> <span class='ocrx_word' id='word_1_573' title='bbox 447 4760 714 4831; x_wconf 80' lang='grc' dir='ltr'><strong>Προνοοῦ</strong></span> <span class='ocrx_word' id='word_1_574' title='bbox 740 4761 898 4814; x_wconf 70' lang='grc' dir='ltr'><strong>καλὰ</strong></span> <span class='ocrx_word' id='word_1_575' title='bbox 921 4758 1179 4813; x_wconf 76' lang='grc' dir='ltr'><strong>ἐνώπιον</strong></span> <span class='ocrx_word' id='word_1_576' title='bbox 1204 4757 1353 4812; x_wconf 83' lang='grc' dir='ltr'><strong>Θεοῦ</strong></span> <span class='ocrx_word' id='word_1_577' title='bbox 1385 4756 1484 4811; x_wconf 82' lang='grc' dir='ltr'><strong>καί</strong></span> <span class='ocrx_word' id='word_1_578' title='bbox 1524 4756 1868 4825; x_wconf 78' lang='grc' dir='ltr'><strong>ἀνθρώπων.</strong></span> 
     </span>
    </p>
   </div>
   <div class='ocr_carea' id='block_1_90' title="bbox 289 4846 1871 4927">
    <p class='ocr_par' dir='ltr' id='par_1_90' title="bbox 289 4846 1871 4927">
     <span class='ocr_line' id='line_1_90' title="bbox 289 4846 1871 4927; baseline -0.004 -21"><span class='ocrx_word' id='word_1_579' title='bbox 289 4855 403 4927; x_wconf 71' lang='grc' dir='ltr'><strong>Πρὸ</strong></span> <span class='ocrx_word' id='word_1_580' title='bbox 434 4854 614 4922; x_wconf 83' lang='grc' dir='ltr'><strong>πάσης</strong></span> <span class='ocrx_word' id='word_1_581' title='bbox 645 4850 811 4921; x_wconf 75' lang='grc' dir='ltr'><strong>ἄλλης</strong></span> <span class='ocrx_word' id='word_1_582' title='bbox 869 4849 1102 4913; x_wconf 84' lang='grc' dir='ltr'><strong>ἐννοίας,</strong></span> <span class='ocrx_word' id='word_1_583' title='bbox 1153 4847 1369 4901; x_wconf 81' lang='grc' dir='ltr'><strong>διανοοῦ</strong></span> <span class='ocrx_word' id='word_1_584' title='bbox 1412 4847 1726 4919; x_wconf 72' lang='grc' dir='ltr'><strong>ἔμπροσθεν</strong></span> <span class='ocrx_word' id='word_1_585' title='bbox 1773 4846 1871 4916; x_wconf 74' lang='grc' dir='ltr'><strong>μὲν</strong></span> 
     </span>
    </p>
   </div>
   <div class='ocr_carea' id='block_1_91' title="bbox 286 4934 1872 5015">
    <p class='ocr_par' dir='ltr' id='par_1_91' title="bbox 286 4934 1872 5015">
     <span class='ocr_line' id='line_1_91' title="bbox 286 4934 1872 5015; baseline -0.004 -17"><span class='ocrx_word' id='word_1_586' title='bbox 286 4943 422 4999; x_wconf 82' lang='grc' dir='ltr'><strong>Θεοῦ</strong></span> <span class='ocrx_word' id='word_1_587' title='bbox 440 4944 502 4997; x_wconf 79' lang='grc' dir='ltr'><strong>τὸ</strong></span> <span class='ocrx_word' id='word_1_588' title='bbox 531 4942 666 5015; x_wconf 76' lang='grc' dir='ltr'><strong>πρὸς</strong></span> <span class='ocrx_word' id='word_1_589' title='bbox 703 4942 865 4995; x_wconf 79' lang='grc' dir='ltr'><strong>αὐτὸν</strong></span> <span class='ocrx_word' id='word_1_590' title='bbox 881 4940 1125 5004; x_wconf 75' lang='grc' dir='ltr'><strong>εὐσεϐὲς,</strong></span> <span class='ocrx_word' id='word_1_591' title='bbox 1151 4938 1457 5009; x_wconf 74' lang='grc' dir='ltr'><strong>ἔμπροσθεν</strong></span> <span class='ocrx_word' id='word_1_592' title='bbox 1483 4938 1540 4991; x_wconf 76' lang='grc' dir='ltr'><strong>δὲ</strong></span> <span class='ocrx_word' id='word_1_593' title='bbox 1571 4934 1872 5009; x_wconf 83' lang='grc' dir='ltr'><strong>ἀνθρώπων</strong></span> 
     </span>
    </p>
   </div>
   <div class='ocr_carea' id='block_1_92' title="bbox 289 5031 1515 5105">
    <p class='ocr_par' dir='ltr' id='par_1_92' title="bbox 289 5031 1515 5105">
     <span class='ocr_line' id='line_1_92' title="bbox 289 5031 1515 5105; baseline -0.007 -15"><span class='ocrx_word' id='word_1_594' title='bbox 289 5036 348 5090; x_wconf 84' lang='grc' dir='ltr'><strong>τὸ</strong></span> <span class='ocrx_word' id='word_1_595' title='bbox 374 5035 509 5105; x_wconf 80' lang='grc' dir='ltr'><strong>πρὸς</strong></span> <span class='ocrx_word' id='word_1_596' title='bbox 537 5034 735 5105; x_wconf 77' lang='grc' dir='ltr'><strong>αὐτοὺς</strong></span> <span class='ocrx_word' id='word_1_597' title='bbox 763 5031 1132 5102; x_wconf 75' lang='grc' dir='ltr'><strong>εὐεργετικόν.</strong></span> <span class='ocrx_word' id='word_1_598' title='bbox 1509 5035 1515 5041; x_wconf 82' lang='grc'><em>’</em></span> 
     </span>
    </p>
   </div>
   <div class='ocr_carea' id='block_1_93' title="bbox 362 5102 1869 5193">
    <p class='ocr_par' dir='ltr' id='par_1_93' title="bbox 362 5102 1869 5193">
     <span class='ocr_line' id='line_1_93' title="bbox 362 5102 1869 5193; baseline -0.003 -11"><span class='ocrx_word' id='word_1_599' title='bbox 362 5102 432 5182; x_wconf 64' lang='grc' dir='ltr'><strong>ε’.⁷</strong></span> <span class='ocrx_word' id='word_1_600' title='bbox 464 5102 621 5182; x_wconf 56' lang='grc' dir='ltr'><strong>ἰσῦι</strong></span> <span class='ocrx_word' id='word_1_601' title='bbox 654 5124 953 5189; x_wconf 78' lang='grc' dir='ltr'><strong>πεποιθὼς</strong></span> <span class='ocrx_word' id='word_1_602' title='bbox 982 5125 1054 5178; x_wconf 80' lang='grc' dir='ltr'><strong>ἐν</strong></span> <span class='ocrx_word' id='word_1_603' title='bbox 1095 5124 1209 5192; x_wconf 72' lang='grc' dir='ltr'><strong>ὅλῃ</strong></span> <span class='ocrx_word' id='word_1_604' title='bbox 1237 5123 1452 5192; x_wconf 79' lang='grc' dir='ltr'><strong>καρδίᾳ</strong></span> <span class='ocrx_word' id='word_1_605' title='bbox 1476 5124 1574 5177; x_wconf 72' lang='grc' dir='ltr'><strong>ἐπὶ</strong></span> <span class='ocrx_word' id='word_1_606' title='bbox 1618 5124 1869 5193; x_wconf 82' lang='grc' dir='ltr'><strong>Κύριον·</strong></span> 
     </span>
    </p>
   </div>
   <div class='ocr_carea' id='block_1_94' title="bbox 286 5213 1875 5282">
    <p class='ocr_par' dir='ltr' id='par_1_94' title="bbox 286 5213 1875 5282">
     <span class='ocr_line' id='line_1_94' title="bbox 286 5213 1875 5282; baseline -0.001 -15"><span class='ocrx_word' id='word_1_607' title='bbox 286 5214 388 5267; x_wconf 78' lang='grc' dir='ltr'><strong>ἐπί</strong></span> <span class='ocrx_word' id='word_1_608' title='bbox 415 5214 482 5267; x_wconf 77' lang='grc' dir='ltr'><strong>δὲ</strong></span> <span class='ocrx_word' id='word_1_609' title='bbox 505 5214 691 5282; x_wconf 70' lang='grc' dir='ltr'><em>σοφίᾳ</em></span> <span class='ocrx_word' id='word_1_610' title='bbox 721 5213 808 5282; x_wconf 80' lang='grc' dir='ltr'><strong>μὴ</strong></span> <span class='ocrx_word' id='word_1_611' title='bbox 833 5215 1105 5282; x_wconf 78' lang='grc' dir='ltr'><strong>ἐπαίρου.</strong></span> <span class='ocrx_word' id='word_1_612' title='bbox 1124 5213 1349 5278; x_wconf 76' lang='grc' dir='ltr'><strong>Ἓλπτζε</strong></span> <span class='ocrx_word' id='word_1_613' title='bbox 1379 5214 1471 5267; x_wconf 76' lang='grc' dir='ltr'><strong>ἐπὶ</strong></span> <span class='ocrx_word' id='word_1_614' title='bbox 1499 5214 1592 5267; x_wconf 86' lang='grc' dir='ltr'><strong>τὸν</strong></span> <span class='ocrx_word' id='word_1_615' title='bbox 1619 5213 1713 5267; x_wconf 85' lang='grc' dir='ltr'><strong>τοῦ</strong></span> <span class='ocrx_word' id='word_1_616' title='bbox 1738 5228 1875 5267; x_wconf 84' lang='grc' dir='ltr'><strong>παν-</strong></span> 
     </span>
    </p>
   </div>
   <div class='ocr_carea' id='block_1_95' title="bbox 289 5303 1873 5376">
    <p class='ocr_par' dir='ltr' id='par_1_95' title="bbox 289 5303 1873 5376">
     <span class='ocr_line' id='line_1_95' title="bbox 289 5303 1873 5376; baseline -0.002 -17"><span class='ocrx_word' id='word_1_617' title='bbox 289 5306 382 5369; x_wconf 76' lang='grc' dir='ltr'><strong>τὸς</strong></span> <span class='ocrx_word' id='word_1_618' title='bbox 412 5305 690 5376; x_wconf 84' lang='grc' dir='ltr'><strong>Δεσπότην</strong></span> <span class='ocrx_word' id='word_1_619' title='bbox 739 5304 893 5367; x_wconf 80' lang='grc' dir='ltr'><strong>Θεὸν,</strong></span> <span class='ocrx_word' id='word_1_620' title='bbox 925 5305 984 5370; x_wconf 82' lang='grc' dir='ltr'><strong>ἐξ</strong></span> <span class='ocrx_word' id='word_1_621' title='bbox 1022 5304 1151 5371; x_wconf 85' lang='grc' dir='ltr'><strong>ὅλης</strong></span> <span class='ocrx_word' id='word_1_622' title='bbox 1180 5304 1391 5375; x_wconf 83' lang='grc' dir='ltr'><strong>ψυχῆς·</strong></span> <span class='ocrx_word' id='word_1_623' title='bbox 1433 5304 1528 5358; x_wconf 79' lang='grc' dir='ltr'><strong>ἐπὶ</strong></span> <span class='ocrx_word' id='word_1_624' title='bbox 1556 5303 1614 5357; x_wconf 83' lang='grc' dir='ltr'><strong>δέ</strong></span> <span class='ocrx_word' id='word_1_625' title='bbox 1639 5306 1706 5375; x_wconf 79' lang='grc' dir='ltr'><strong>τῇ</strong></span> <span class='ocrx_word' id='word_1_626' title='bbox 1743 5303 1873 5373; x_wconf 87' lang='grc' dir='ltr'><strong>παρ’</strong></span> 
     </span>
    </p>
   </div>
   <div class='ocr_carea' id='block_1_96' title="bbox 290 5394 1871 5467">
    <p class='ocr_par' dir='ltr' id='par_1_96' title="bbox 290 5394 1871 5467">
     <span class='ocr_line' id='line_1_96' title="bbox 290 5394 1871 5467; baseline -0.002 -17"><span class='ocrx_word' id='word_1_627' title='bbox 290 5397 457 5451; x_wconf 78' lang='grc' dir='ltr'><strong>αὑτοῦ</strong></span> <span class='ocrx_word' id='word_1_628' title='bbox 478 5396 695 5466; x_wconf 83' lang='grc' dir='ltr'><strong>δοθείσῃ</strong></span> <span class='ocrx_word' id='word_1_629' title='bbox 724 5413 807 5450; x_wconf 82' lang='grc' dir='ltr'><strong>σοι</strong></span> <span class='ocrx_word' id='word_1_630' title='bbox 827 5394 970 5449; x_wconf 71' lang='grc' dir='ltr'><strong>κατὰ</strong></span> <span class='ocrx_word' id='word_1_631' title='bbox 1002 5396 1161 5465; x_wconf 82' lang='grc' dir='ltr'><strong>χάριν</strong></span> <span class='ocrx_word' id='word_1_632' title='bbox 1186 5397 1351 5467; x_wconf 76' lang='grc' dir='ltr'><strong>σοφίᾳ</strong></span> <span class='ocrx_word' id='word_1_633' title='bbox 1381 5395 1456 5465; x_wconf 80' lang='grc' dir='ltr'><strong>μὴ</strong></span> <span class='ocrx_word' id='word_1_634' title='bbox 1489 5394 1633 5465; x_wconf 80' lang='grc' dir='ltr'><strong>μέγα</strong></span> <span class='ocrx_word' id='word_1_635' title='bbox 1663 5394 1871 5465; x_wconf 81' lang='grc' dir='ltr'><strong>φρόνει.</strong></span> 
     </span>
    </p>
   </div>
   <div class='ocr_carea' id='block_1_97' title="bbox 362 5484 1883 5560">
    <p class='ocr_par' dir='ltr' id='par_1_97' title="bbox 362 5484 1883 5560">
     <span class='ocr_line' id='line_1_97' title="bbox 362 5484 1883 5560; baseline 0.02 -30"><span class='ocrx_word' id='word_1_636' title='bbox 362 5492 439 5553; x_wconf 79' lang='grc' dir='ltr'><strong>ςι,</strong></span> <span class='ocrx_word' id='word_1_637' title='bbox 480 5488 582 5540; x_wconf 77' lang='grc' dir='ltr'><strong>Ἑν</strong></span> <span class='ocrx_word' id='word_1_638' title='bbox 608 5487 833 5552; x_wconf 79' lang='grc' dir='ltr'><strong>πάσαις</strong></span> <span class='ocrx_word' id='word_1_639' title='bbox 881 5484 1007 5551; x_wconf 82' lang='grc' dir='ltr'><strong>ταῖς</strong></span> <span class='ocrx_word' id='word_1_640' title='bbox 1048 5486 1207 5551; x_wconf 80' lang='grc' dir='ltr'><strong>ὁδοῖς</strong></span> <span class='ocrx_word' id='word_1_641' title='bbox 1240 5501 1357 5539; x_wconf 86' lang='grc' dir='ltr'><strong>σου</strong></span> <span class='ocrx_word' id='word_1_642' title='bbox 1385 5485 1621 5555; x_wconf 69' lang='grc' dir='ltr'><strong>γνώριῖε</strong></span> <span class='ocrx_word' id='word_1_643' title='bbox 1658 5485 1883 5560; x_wconf 66' lang='grc' dir='ltr'><strong>αὐτὴν,</strong></span> 
     </span>
    </p>
   </div>
   <div class='ocr_carea' id='block_1_98' title="bbox 290 5575 1876 5652">
    <p class='ocr_par' dir='ltr' id='par_1_98' title="bbox 290 5575 1876 5652">
     <span class='ocr_line' id='line_1_98' title="bbox 290 5575 1876 5652; baseline 0.004 -21"><span class='ocrx_word' id='word_1_644' title='bbox 290 5576 394 5631; x_wconf 72' lang='lat' dir='ltr'><strong>ira</strong></span> <span class='ocrx_word' id='word_1_645' title='bbox 414 5575 703 5646; x_wconf 79' lang='grc' dir='ltr'><strong>ὀρθοτομῇ</strong></span> <span class='ocrx_word' id='word_1_646' title='bbox 732 5576 838 5642; x_wconf 84' lang='grc' dir='ltr'><strong>τὰς</strong></span> <span class='ocrx_word' id='word_1_647' title='bbox 865 5577 1043 5642; x_wconf 79' lang='grc' dir='ltr'><strong>ὁδούς</strong></span> <span class='ocrx_word' id='word_1_648' title='bbox 1069 5593 1206 5640; x_wconf 85' lang='grc' dir='ltr'><strong>σου,</strong></span> <span class='ocrx_word' id='word_1_649' title='bbox 1232 5580 1266 5631; x_wconf 87' lang='lat' dir='ltr'><strong>d</strong></span> <span class='ocrx_word' id='word_1_650' title='bbox 1292 5578 1359 5630; x_wconf 78' lang='grc' dir='ltr'><strong>δὲ</strong></span> <span class='ocrx_word' id='word_1_651' title='bbox 1383 5580 1536 5645; x_wconf 81' lang='grc' dir='ltr'><strong>πούς</strong></span> <span class='ocrx_word' id='word_1_652' title='bbox 1560 5595 1677 5634; x_wconf 90' lang='grc' dir='ltr'><strong>σου</strong></span> <span class='ocrx_word' id='word_1_653' title='bbox 1703 5583 1774 5636; x_wconf 88' lang='grc' dir='ltr'><strong>οὐ</strong></span> <span class='ocrx_word' id='word_1_654' title='bbox 1789 5586 1876 5652; x_wconf 75' lang='grc' dir='ltr'><strong>μὴ</strong></span> 
     </span>
    </p>
   </div>
   <div class='ocr_carea' id='block_1_99' title="bbox 294 5668 1870 5744">
    <p class='ocr_par' dir='ltr' id='par_1_99' title="bbox 294 5668 1870 5744">
     <span class='ocr_line' id='line_1_99' title="bbox 294 5668 1870 5744; baseline 0.006 -24"><span class='ocrx_word' id='word_1_655' title='bbox 294 5669 669 5737; x_wconf 74' lang='grc' dir='ltr'><strong>προσκόπτῃ.</strong></span> <span class='ocrx_word' id='word_1_656' title='bbox 704 5668 847 5722; x_wconf 82' lang='grc' dir='ltr'><strong>Ἀλλ’</strong></span> <span class='ocrx_word' id='word_1_657' title='bbox 875 5671 933 5723; x_wconf 83' lang='grc' dir='ltr'><strong>ἐν</strong></span> <span class='ocrx_word' id='word_1_658' title='bbox 964 5670 1098 5723; x_wconf 79' lang='grc' dir='ltr'><strong>πᾶσι</strong></span> <span class='ocrx_word' id='word_1_659' title='bbox 1131 5672 1243 5734; x_wconf 87' lang='grc' dir='ltr'><strong>τοῖς</strong></span> <span class='ocrx_word' id='word_1_660' title='bbox 1273 5670 1456 5743; x_wconf 72' lang='grc' dir='ltr'><strong>ἔργοις</strong></span> <span class='ocrx_word' id='word_1_661' title='bbox 1484 5689 1577 5727; x_wconf 85' lang='grc' dir='ltr'><strong>σου</strong></span> <span class='ocrx_word' id='word_1_662' title='bbox 1617 5676 1870 5744; x_wconf 78' lang='grc' dir='ltr'><strong>ἐπιγίνωο</strong></span> 
     </span>
    </p>
   </div>
   <div class='ocr_carea' id='block_1_100' title="bbox 297 5761 1873 5837">
    <p class='ocr_par' dir='ltr' id='par_1_100' title="bbox 297 5761 1873 5837">
     <span class='ocr_line' id='line_1_100' title="bbox 297 5761 1873 5837; baseline 0.006 -25"><span class='ocrx_word' id='word_1_663' title='bbox 297 5776 393 5816; x_wconf 81' lang='grc' dir='ltr'><strong>σκε</strong></span> <span class='ocrx_word' id='word_1_664' title='bbox 445 5761 612 5832; x_wconf 75' lang='grc' dir='ltr'><strong>αὐτὴν</strong></span> <span class='ocrx_word' id='word_1_665' title='bbox 642 5761 853 5834; x_wconf 74' lang='grc' dir='ltr'><strong>ὁδηγὸν,</strong></span> <span class='ocrx_word' id='word_1_666' title='bbox 891 5763 1038 5827; x_wconf 80' lang='grc' dir='ltr'><strong>ὅπως</strong></span> <span class='ocrx_word' id='word_1_667' title='bbox 1072 5762 1322 5835; x_wconf 75' lang='grc' dir='ltr'><strong>διευθύνῃ</strong></span> <span class='ocrx_word' id='word_1_668' title='bbox 1354 5764 1493 5820; x_wconf 78' lang='grc' dir='ltr'><strong>αὐτὰ</strong></span> <span class='ocrx_word' id='word_1_669' title='bbox 1528 5763 1619 5821; x_wconf 84' lang='grc' dir='ltr'><strong>τοῦ</strong></span> <span class='ocrx_word' id='word_1_670' title='bbox 1667 5766 1873 5837; x_wconf 82' lang='grc' dir='ltr'><strong>ἀγαθοῦ</strong></span> 
     </span>
    </p>
   </div>
   <div class='ocr_carea' id='block_1_101' title="bbox 1975 4581 2395 4637">
    <p class='ocr_par' dir='ltr' id='par_1_101' title="bbox 1975 4581 2395 4637">
     <span class='ocr_line' id='line_1_101' title="bbox 1975 4581 2395 4637; baseline 0 -2"><span class='ocrx_word' id='word_1_671' title='bbox 1975 4583 2105 4636; x_wconf 91' lang='lat' dir='ltr'><strong>tiam</strong></span> <span class='ocrx_word' id='word_1_672' title='bbox 2128 4581 2395 4637; x_wconf 86' lang='lat' dir='ltr'><strong>invenies.</strong></span> 
     </span>
    </p>
   </div>
   <div class='ocr_carea' id='block_1_102' title="bbox 2043 4755 3556 4815">
    <p class='ocr_par' dir='ltr' id='par_1_102' title="bbox 2043 4755 3556 4815">
     <span class='ocr_line' id='line_1_102' title="bbox 2043 4755 3556 4815; baseline -0.001 -1"><span class='ocrx_word' id='word_1_673' title='bbox 2043 4760 2209 4815; x_wconf 76' lang='lat' dir='ltr'><strong>Vens.</strong></span> <span class='ocrx_word' id='word_1_674' title='bbox 2236 4760 2289 4815; x_wconf 78' lang='grc'><strong>4.</strong></span> <span class='ocrx_word' id='word_1_675' title='bbox 2316 4756 2539 4814; x_wconf 81' lang='lat' dir='ltr'><strong>Provide</strong></span> <span class='ocrx_word' id='word_1_676' title='bbox 2568 4757 2704 4813; x_wconf 81' lang='lat' dir='ltr'><strong>bona</strong></span> <span class='ocrx_word' id='word_1_677' title='bbox 2748 4772 2929 4811; x_wconf 86' lang='lat' dir='ltr'><strong>coram</strong></span> <span class='ocrx_word' id='word_1_678' title='bbox 2993 4755 3095 4812; x_wconf 86' lang='lat' dir='ltr'><strong>Deo</strong></span> <span class='ocrx_word' id='word_1_679' title='bbox 3127 4766 3176 4811; x_wconf 85' lang='lat' dir='ltr'><strong>et</strong></span> <span class='ocrx_word' id='word_1_680' title='bbox 3230 4756 3556 4813; x_wconf 73' lang='lat' dir='ltr'><strong>hominibus.</strong></span> 
     </span>
    </p>
   </div>
   <div class='ocr_carea' id='block_1_103' title="bbox 1971 4850 3553 4921">
    <p class='ocr_par' dir='ltr' id='par_1_103' title="bbox 1971 4850 3553 4921">
     <span class='ocr_line' id='line_1_103' title="bbox 1971 4850 3553 4921; baseline -0.004 -11"><span class='ocrx_word' id='word_1_681' title='bbox 1971 4856 2114 4910; x_wconf 82' lang='lat' dir='ltr'><strong>Ante</strong></span> <span class='ocrx_word' id='word_1_682' title='bbox 2153 4869 2369 4907; x_wconf 89' lang='lat' dir='ltr'><strong>omnem</strong></span> <span class='ocrx_word' id='word_1_683' title='bbox 2428 4852 2593 4905; x_wconf 86' lang='lat' dir='ltr'><strong>aliam</strong></span> <span class='ocrx_word' id='word_1_684' title='bbox 2662 4850 3076 4921; x_wconf 80' lang='lat' dir='ltr'><strong>cogitationem,</strong></span> <span class='ocrx_word' id='word_1_685' title='bbox 3105 4851 3332 4920; x_wconf 87' lang='lat' dir='ltr'><strong>provide</strong></span> <span class='ocrx_word' id='word_1_686' title='bbox 3356 4865 3553 4916; x_wconf 48' lang='lat' dir='ltr'><strong>,coram</strong></span> 
     </span>
    </p>
   </div>
   <div class='ocr_carea' id='block_1_104' title="bbox 1974 4942 3554 5017">
    <p class='ocr_par' dir='ltr' id='par_1_104' title="bbox 1974 4942 3554 5017">
     <span class='ocr_line' id='line_1_104' title="bbox 1974 4942 3554 5017; baseline -0.001 -16"><span class='ocrx_word' id='word_1_687' title='bbox 1974 4947 2106 5011; x_wconf 88' lang='lat' dir='ltr'><strong>Deo,</strong></span> <span class='ocrx_word' id='word_1_688' title='bbox 2145 4947 2401 5017; x_wconf 85' lang='lat' dir='ltr'><strong>pietatem</strong></span> <span class='ocrx_word' id='word_1_689' title='bbox 2467 4944 2533 4999; x_wconf 92' lang='lat' dir='ltr'><strong>ad</strong></span> <span class='ocrx_word' id='word_1_690' title='bbox 2568 4942 2748 5008; x_wconf 87' lang='lat' dir='ltr'><strong>illum,</strong></span> <span class='ocrx_word' id='word_1_691' title='bbox 2779 4951 2834 4999; x_wconf 90' lang='lat' dir='ltr'><strong>et</strong></span> <span class='ocrx_word' id='word_1_692' title='bbox 2867 4958 3050 4998; x_wconf 89' lang='lat' dir='ltr'><strong>coram</strong></span> <span class='ocrx_word' id='word_1_693' title='bbox 3092 4943 3428 5008; x_wconf 85' lang='lat' dir='ltr'><strong>hominibus,</strong></span> <span class='ocrx_word' id='word_1_694' title='bbox 3453 4943 3554 4999; x_wconf 79' lang='lat' dir='ltr'><strong>be-</strong></span> 
     </span>
    </p>
   </div>
   <div class='ocr_carea' id='block_1_105' title="bbox 1976 5042 2614 5107">
    <p class='ocr_par' dir='ltr' id='par_1_105' title="bbox 1976 5042 2614 5107">
     <span class='ocr_line' id='line_1_105' title="bbox 1976 5042 2614 5107; baseline -0.002 -12"><span class='ocrx_word' id='word_1_695' title='bbox 1976 5042 2317 5096; x_wconf 71' lang='lat' dir='ltr'><strong>neﬁcentiam</strong></span> <span class='ocrx_word' id='word_1_696' title='bbox 2351 5054 2475 5107; x_wconf 78' lang='lat' dir='ltr'><strong>erga</strong></span> <span class='ocrx_word' id='word_1_697' title='bbox 2500 5054 2614 5094; x_wconf 82' lang='lat' dir='ltr'><strong>eos.</strong></span> 
     </span>
    </p>
   </div>
   <div class='ocr_carea' id='block_1_106' title="bbox 2045 5121 3555 5195">
    <p class='ocr_par' dir='ltr' id='par_1_106' title="bbox 2045 5121 3555 5195">
     <span class='ocr_line' id='line_1_106' title="bbox 2045 5121 3555 5195; baseline -0.004 -13"><span class='ocrx_word' id='word_1_698' title='bbox 2045 5128 2209 5184; x_wconf 70' lang='lat' dir='ltr'><strong>Vens.</strong></span> <span class='ocrx_word' id='word_1_699' title='bbox 2235 5130 2286 5183; x_wconf 83' lang='lat'><strong>5.</strong></span> <span class='ocrx_word' id='word_1_700' title='bbox 2318 5128 2462 5182; x_wconf 83' lang='lat' dir='ltr'><strong>Habe</strong></span> <span class='ocrx_word' id='word_1_701' title='bbox 2508 5128 2760 5195; x_wconf 80' lang='lat' dir='ltr'><strong>ﬁduciam</strong></span> <span class='ocrx_word' id='word_1_702' title='bbox 2806 5128 2861 5181; x_wconf 85' lang='lat' dir='ltr'><strong>in</strong></span> <span class='ocrx_word' id='word_1_703' title='bbox 2909 5125 3135 5180; x_wconf 82' lang='lat' dir='ltr'><strong>Domino</strong></span> <span class='ocrx_word' id='word_1_704' title='bbox 3168 5139 3232 5178; x_wconf 79' lang='lat' dir='ltr'><strong>ea:</strong></span> <span class='ocrx_word' id='word_1_705' title='bbox 3263 5132 3373 5179; x_wconf 87' lang='lat' dir='ltr'><strong>toto</strong></span> <span class='ocrx_word' id='word_1_706' title='bbox 3395 5121 3555 5177; x_wconf 79' lang='lat' dir='ltr'><strong>corde</strong></span> 
     </span>
    </p>
   </div>
   <div class='ocr_carea' id='block_1_107' title="bbox 1976 5212 3557 5287">
    <p class='ocr_par' dir='ltr' id='par_1_107' title="bbox 1976 5212 3557 5287">
     <span class='ocr_line' id='line_1_107' title="bbox 1976 5212 3557 5287; baseline -0.005 -13"><span class='ocrx_word' id='word_1_707' title='bbox 1976 5229 2089 5285; x_wconf 81' lang='lat' dir='ltr'><strong>tuo,</strong></span> <span class='ocrx_word' id='word_1_708' title='bbox 2112 5229 2160 5273; x_wconf 88' lang='lat' dir='ltr'><strong>et</strong></span> <span class='ocrx_word' id='word_1_709' title='bbox 2188 5235 2252 5272; x_wconf 82' lang='lat' dir='ltr'><strong>ne</strong></span> <span class='ocrx_word' id='word_1_710' title='bbox 2293 5218 2541 5271; x_wconf 79' lang='lat' dir='ltr'><strong>innitaris</strong></span> <span class='ocrx_word' id='word_1_711' title='bbox 2585 5217 2881 5287; x_wconf 78' lang='lat' dir='ltr'><strong>prudentia:</strong></span> <span class='ocrx_word' id='word_1_712' title='bbox 2927 5224 3052 5268; x_wconf 76' lang='lat' dir='ltr'><strong>tute.</strong></span> <span class='ocrx_word' id='word_1_713' title='bbox 3128 5212 3295 5282; x_wconf 87' lang='lat' dir='ltr'><strong>Spera</strong></span> <span class='ocrx_word' id='word_1_714' title='bbox 3346 5226 3411 5266; x_wconf 79' lang='lat' dir='ltr'><strong>ex</strong></span> <span class='ocrx_word' id='word_1_715' title='bbox 3439 5221 3557 5266; x_wconf 81' lang='lat' dir='ltr'><strong>luto</strong></span> 
     </span>
    </p>
   </div>
   <div class='ocr_carea' id='block_1_108' title="bbox 1974 5300 3553 5371">
    <p class='ocr_par' dir='ltr' id='par_1_108' title="bbox 1974 5300 3553 5371">
     <span class='ocr_line' id='line_1_108' title="bbox 1974 5300 3553 5371; baseline -0.008 -5"><span class='ocrx_word' id='word_1_716' title='bbox 1974 5310 2143 5366; x_wconf 88' lang='lat' dir='ltr'><strong>corde</strong></span> <span class='ocrx_word' id='word_1_717' title='bbox 2169 5319 2284 5371; x_wconf 87' lang='lat' dir='ltr'><strong>tuo,</strong></span> <span class='ocrx_word' id='word_1_718' title='bbox 2308 5310 2363 5364; x_wconf 90' lang='lat' dir='ltr'><strong>in</strong></span> <span class='ocrx_word' id='word_1_719' title='bbox 2402 5308 2512 5363; x_wconf 79' lang='lat' dir='ltr'><strong>Deo</strong></span> <span class='ocrx_word' id='word_1_720' title='bbox 2536 5308 2779 5362; x_wconf 89' lang='lat' dir='ltr'><strong>omnium</strong></span> <span class='ocrx_word' id='word_1_721' title='bbox 2823 5304 3082 5367; x_wconf 87' lang='lat' dir='ltr'><strong>Domino,</strong></span> <span class='ocrx_word' id='word_1_722' title='bbox 3130 5302 3281 5357; x_wconf 86' lang='lat' dir='ltr'><strong>etde</strong></span> <span class='ocrx_word' id='word_1_723' title='bbox 3315 5300 3553 5370; x_wconf 88' lang='lat' dir='ltr'><strong>pruden-</strong></span> 
     </span>
    </p>
   </div>
   <div class='ocr_carea' id='block_1_109' title="bbox 1975 5392 3550 5470">
    <p class='ocr_par' dir='ltr' id='par_1_109' title="bbox 1975 5392 3550 5470">
     <span class='ocr_line' id='line_1_109' title="bbox 1975 5392 3550 5470; baseline -0.004 -15"><span class='ocrx_word' id='word_1_724' title='bbox 1975 5401 2050 5455; x_wconf 89' lang='lat' dir='ltr'><strong>tia</strong></span> <span class='ocrx_word' id='word_1_725' title='bbox 2076 5416 2197 5470; x_wconf 71' lang='lat' dir='ltr'><strong>quaa</strong></span> <span class='ocrx_word' id='word_1_726' title='bbox 2224 5400 2293 5453; x_wconf 88' lang='lat' dir='ltr'><strong>ab</strong></span> <span class='ocrx_word' id='word_1_727' title='bbox 2322 5415 2388 5453; x_wconf 86' lang='lat' dir='ltr'><strong>eo</strong></span> <span class='ocrx_word' id='word_1_728' title='bbox 2408 5399 2579 5468; x_wconf 78' lang='lat' dir='ltr'><strong>gratis</strong></span> <span class='ocrx_word' id='word_1_729' title='bbox 2601 5396 2697 5451; x_wconf 88' lang='lat' dir='ltr'><strong>tibi</strong></span> <span class='ocrx_word' id='word_1_730' title='bbox 2724 5396 2849 5450; x_wconf 89' lang='lat' dir='ltr'><strong>data</strong></span> <span class='ocrx_word' id='word_1_731' title='bbox 2875 5401 2982 5460; x_wconf 87' lang='lat' dir='ltr'><strong>est,</strong></span> <span class='ocrx_word' id='word_1_732' title='bbox 3008 5408 3073 5449; x_wconf 89' lang='lat' dir='ltr'><strong>ne</strong></span> <span class='ocrx_word' id='word_1_733' title='bbox 3106 5409 3299 5465; x_wconf 82' lang='lat' dir='ltr'><strong>magna</strong></span> <span class='ocrx_word' id='word_1_734' title='bbox 3322 5392 3550 5449; x_wconf 88' lang='lat' dir='ltr'><strong>sentias.</strong></span> 
     </span>
    </p>
   </div>
   <div class='ocr_carea' id='block_1_110' title="bbox 2050 5484 3555 5553">
    <p class='ocr_par' dir='ltr' id='par_1_110' title="bbox 2050 5484 3555 5553">
     <span class='ocr_line' id='line_1_110' title="bbox 2050 5484 3555 5553; baseline -0.002 -12"><span class='ocrx_word' id='word_1_735' title='bbox 2050 5490 2211 5547; x_wconf 73' lang='lat' dir='ltr'><strong>Vens.</strong></span> <span class='ocrx_word' id='word_1_736' title='bbox 2246 5491 2299 5546; x_wconf 86' lang='lat'><strong>6.</strong></span> <span class='ocrx_word' id='word_1_737' title='bbox 2335 5491 2395 5545; x_wconf 83' lang='lat' dir='ltr'><strong>In</strong></span> <span class='ocrx_word' id='word_1_738' title='bbox 2421 5489 2661 5543; x_wconf 80' lang='lat' dir='ltr'><strong>omnibus</strong></span> <span class='ocrx_word' id='word_1_739' title='bbox 2678 5488 2773 5541; x_wconf 81' lang='lat' dir='ltr'><strong>riis</strong></span> <span class='ocrx_word' id='word_1_740' title='bbox 2802 5487 2908 5540; x_wconf 74' lang='lat' dir='ltr'><strong>tuis</strong></span> <span class='ocrx_word' id='word_1_741' title='bbox 2937 5485 3111 5553; x_wconf 86' lang='lat' dir='ltr'><strong>cogita</strong></span> <span class='ocrx_word' id='word_1_742' title='bbox 3135 5485 3309 5549; x_wconf 82' lang='lat' dir='ltr'><strong>illam,</strong></span> <span class='ocrx_word' id='word_1_743' title='bbox 3336 5495 3393 5539; x_wconf 78' lang='lat' dir='ltr'><strong>ut</strong></span> <span class='ocrx_word' id='word_1_744' title='bbox 3418 5484 3555 5539; x_wconf 87' lang='lat' dir='ltr'><strong>diri-</strong></span> 
     </span>
    </p>
   </div>
   <div class='ocr_carea' id='block_1_111' title="bbox 1976 5572 3558 5655">
    <p class='ocr_par' dir='ltr' id='par_1_111' title="bbox 1976 5572 3558 5655">
     <span class='ocr_line' id='line_1_111' title="bbox 1976 5572 3558 5655; baseline -0.006 -17"><span class='ocrx_word' id='word_1_745' title='bbox 1976 5594 2065 5655; x_wconf 88' lang='lat' dir='ltr'><strong>gat</strong></span> <span class='ocrx_word' id='word_1_746' title='bbox 2098 5583 2211 5637; x_wconf 75' lang='lat' dir='ltr'><strong>vias</strong></span> <span class='ocrx_word' id='word_1_747' title='bbox 2246 5591 2386 5644; x_wconf 79' lang='lat' dir='ltr'><strong>tuas,</strong></span> <span class='ocrx_word' id='word_1_748' title='bbox 2420 5589 2468 5632; x_wconf 87' lang='lat' dir='ltr'><strong>ct</strong></span> <span class='ocrx_word' id='word_1_749' title='bbox 2511 5594 2599 5645; x_wconf 79' lang='lat' dir='ltr'><strong>pes</strong></span> <span class='ocrx_word' id='word_1_750' title='bbox 2631 5590 2751 5630; x_wconf 80' lang='lat' dir='ltr'><strong>tuus</strong></span> <span class='ocrx_word' id='word_1_751' title='bbox 2803 5592 2905 5629; x_wconf 85' lang='lat' dir='ltr'><strong>non</strong></span> <span class='ocrx_word' id='word_1_752' title='bbox 2933 5574 3186 5644; x_wconf 75' lang='lat' dir='ltr'><strong>oﬂ&#39;endat.</strong></span> <span class='ocrx_word' id='word_1_753' title='bbox 3212 5572 3267 5628; x_wconf 88' lang='lat' dir='ltr'><strong>lu</strong></span> <span class='ocrx_word' id='word_1_754' title='bbox 3302 5573 3558 5629; x_wconf 82' lang='lat' dir='ltr'><strong>omnibus</strong></span> 
     </span>
    </p>
   </div>
   <div class='ocr_carea' id='block_1_112' title="bbox 1980 5666 3556 5745">
    <p class='ocr_par' dir='ltr' id='par_1_112' title="bbox 1980 5666 3556 5745">
     <span class='ocr_line' id='line_1_112' title="bbox 1980 5666 3556 5745; baseline -0.004 -17"><span class='ocrx_word' id='word_1_755' title='bbox 1980 5675 2237 5745; x_wconf 84' lang='lat' dir='ltr'><strong>operibus</strong></span> <span class='ocrx_word' id='word_1_756' title='bbox 2273 5671 2381 5725; x_wconf 89' lang='lat' dir='ltr'><strong>tuis</strong></span> <span class='ocrx_word' id='word_1_757' title='bbox 2407 5683 2676 5739; x_wconf 84' lang='lat' dir='ltr'><strong>cognosce</strong></span> <span class='ocrx_word' id='word_1_758' title='bbox 2700 5667 2844 5721; x_wconf 87' lang='lat' dir='ltr'><strong>illam</strong></span> <span class='ocrx_word' id='word_1_759' title='bbox 2882 5676 2941 5721; x_wconf 90' lang='grc' dir='ltr'><strong>ιιι</strong></span> <span class='ocrx_word' id='word_1_760' title='bbox 2979 5666 3195 5731; x_wconf 82' lang='lat' dir='ltr'><strong>ducem,</strong></span> <span class='ocrx_word' id='word_1_761' title='bbox 3235 5677 3291 5721; x_wconf 91' lang='lat' dir='ltr'><strong>ut</strong></span> <span class='ocrx_word' id='word_1_762' title='bbox 3330 5666 3556 5722; x_wconf 79' lang='lat' dir='ltr'><strong>ﬁrmiter</strong></span> 
     </span>
    </p>
   </div>
   <div class='ocr_carea' id='block_1_113' title="bbox 1983 5757 3543 5831">
    <p class='ocr_par' dir='ltr' id='par_1_113' title="bbox 1983 5757 3543 5831">
     <span class='ocr_line' id='line_1_113' title="bbox 1983 5757 3543 5831; baseline -0.006 -9"><span class='ocrx_word' id='word_1_763' title='bbox 1983 5780 2047 5822; x_wconf 87' lang='lat' dir='ltr'><strong>ea</strong></span> <span class='ocrx_word' id='word_1_764' title='bbox 2081 5764 2302 5822; x_wconf 85' lang='lat' dir='ltr'><strong>iubouo</strong></span> <span class='ocrx_word' id='word_1_765' title='bbox 2363 5761 2598 5831; x_wconf 73' lang='lat' dir='ltr'><strong>dirigas;</strong></span> <span class='ocrx_word' id='word_1_766' title='bbox 2657 5769 2709 5816; x_wconf 91' lang='lat' dir='ltr'><strong>et</strong></span> <span class='ocrx_word' id='word_1_767' title='bbox 2761 5758 3121 5831; x_wconf 80' lang='lat' dir='ltr'><strong>intelligentia</strong></span> <span class='ocrx_word' id='word_1_768' title='bbox 3174 5766 3288 5827; x_wconf 89' lang='lat' dir='ltr'><strong>tua,</strong></span> <span class='ocrx_word' id='word_1_769' title='bbox 3331 5757 3543 5831; x_wconf 79' lang='lat' dir='ltr'><strong>quanti</strong></span> 
     </span>
    </p>
   </div>
  </div>
