3960 6230
469 278 604 344 1243

1791 289 2142 351 PROCOPII
2184 294 2425 353 GAZJEI

3647 289 3779 354 124i

457 395 692 464 quodam
717 392 872 462 pede,
923 393 975 447 in
1035 393 1214 447 anima
1247 392 1435 457 uteris,
1469 401 1520 447 et
1552 410 1645 463 per
1685 397 2034 454 intervallum

2165 403 2524 470 ιπαρέγκλιτα
2547 421 2560 434 ο
2596 403 2690 456 καὶ
2723 405 2782 456 τὸ
2833 393 3170 472 διαῦοζτικόν
3198 423 3330 466 σου,
3398 397 3580 472 ᾧτινι
3646 407 3783 458 κατᾶ

462 487 728 556 operaris,
757 500 823 540 ne
849 485 916 538 ad
951 487 1273 554 ignorantia:
1300 486 1508 554 lapides
1525 488 1792 542 olis-udas.

533 659 698 717 Vsus.
739 664 791 716 7.
829 659 907 714 Ne
929 661 1003 714 sis
1024 661 1233 730 sapiens
1266 663 1406 733 apud
1450 666 1799 734 temetipsum.
1837 665 1913 722 Ne
1964 668 2042 722 sis

463 754 660 809 doetus
695 756 750 808 in
799 754 963 810 rebus
1013 755 1156 822 apud
1219 758 1608 826 temetipsum:
1642 774 1710 812 ne
1739 760 2039 814 secundum

464 847 642 902 solum
676 855 824 899 tuum
861 860 1084 899 sensum
1145 845 1212 900 de
1241 845 1349 901 illis
1377 846 1613 916 judices,
1657 848 1860 901 bonum
1922 848 2042 900 exi-

466 939 702 992 stimans
725 939 872 1008 quod
930 938 1008 992 illi
1069 939 1269 1008 placet,
1299 939 1500 993 malum
1552 955 1685 993 vero
1749 944 1896 1010 quod
1965 940 2044 994 illi

467 1028 740 1098 displicet,
769 1037 824 1084 et
845 1028 972 1084 inde
997 1029 1284 1084 frustraris
1306 1031 1373 1084 ab
1399 1045 1466 1085 eo
1497 1029 1644 1100 quod
1680 1047 1786 1084 non
1814 1041 1898 1086 est
1923 1045 2047 1086 vere

472 1121 700 1185 bonum,
723 1128 778 1173 et
800 1118 856 1173 in
884 1118 938 1174 id
953 1121 1097 1189 quod
1123 1135 1252 1174 vere
1275 1119 1479 1174 malum
1493 1128 1602 1186 est,
1635 1121 1870 1176 incidas.

545 1301 696 1357 Time
721 1301 906 1364 Deum,
961 1311 1011 1357 et
1056 1301 1236 1358 recede
1292 1319 1325 1356 a
1359 1302 1524 1357 malo.
1561 1293 1926 1360 liabe'autem
1953 1303 2048 1358 Dei

471 1394 749 1458 timorem,
773 1402 828 1449 et
851 1395 920 1448 ab
945 1395 1094 1449 omni
1119 1401 1342 1463 peccato
1375 1395 1588 1448 recede.

543 1571 704 1626 Vens.
737 1570 791 1626 8.
833 1569 980 1628 Tunc
1010 1571 1109 1625 erit
1143 1571 1350 1625 sanitas
1402 1572 1614 1637 corpori
1648 1580 1758 1636 tuo,
1801 1577 1851 1624 et
1882 1569 2050 1622 stabi-

2143 495 2320 564 ψυχὴν
2357 495 2432 558 ὡς
2469 495 2585 547 τοδὶ
2620 495 2846 564 διήκεις,
2888 499 2980 550 καὶ
3003 495 3490 568 διαστηματικῶς
3509 496 3786 566 ἐνεργεῑς,

2141 585 2310 647 λίθοις
2334 586 2557 652 ἀγνοίαις
2571 586 2633 638 οὑ
2667 585 2741 656 μὴ
2774 587 3144 659 προσκρούσῃ.

2215 677 2280 742 ζ’.
2305 677 2400 744 Μὴ
2429 677 2554 731 ἴσθι
2588 678 2876 746 φρόνιμος
2907 677 3066 746 παρὰ
3102 677 3378 742 σεαυτῷ.
3405 677 3516 748 Μὴ
3554 677 3653 730 ἔσο
3677 675 3784 730 τῶν

2145 771 2488 840 πραγμάτων
2519 770 2844 839 ἐπιστήμων
2876 771 2968 838 ἀφ’
2997 769 3192 823 ἑαυτοῦ
3214 785 3229 799 ·
3268 768 3444 824 κατὰ
3485 769 3674 840 μόνην
3697 769 3786 820 αἷς

2148 860 2340 930 σθησιν
2368 861 2668 928 ἀλογίστως
2689 860 2891 930 κρίνων
2911 861 3075 924 αὐτὰ,
3106 862 3201 913 καὶ
3223 860 3424 913 δοκῶν
3447 859 3634 912 καλὸν
3665 860 3783 929 μὲν,

2145 952 2256 1003 πᾶν
2286 949 2346 1002 τὸ
2373 950 2492 1004 κατ’
2523 949 2692 1022 αὐτὴν
2719 949 2817 1021 ἡδύ
2845 966 2862 982 °
2896 949 3064 1003 κακὸν
3081 950 3158 1012 δὲ,
3177 953 3284 1003 πᾶν
3326 953 3404 1003 τὸ
3425 951 3585 1003 ’κατ’
3617 951 3784 1020 αὐτὴν

2146 1041 2307 1112 ἀηδές
2325 1058 2339 1071 ·
2358 1040 2652 1096 κάντεῦθεν
2682 1041 3072 1111 ἀποτυγχάνων
3104 1042 3203 1112 μὲν
3223 1041 3328 1096 τοῦ
3361 1041 3564 1104 ὅντως
3580 1040 3752 1094 καλοῦ
3769 1055 3784 1074 ι

2147 1135 2497 1206 περιπίπτων
2525 1133 2582 1186 δὲ
2608 1135 2688 1196 είς
2709 1132 2771 1185 τὸ
2799 1133 3014 1204 ἀληθῶς
3036 1135 3230 1188 κακόν.

2221 1311 2410 1366 Φοὸοῦ
2435 1310 2506 1364 δὲ
2524 1311 2634 1364 τὸν
2660 1311 2899 1378 Κύριον,
2919 1310 3018 1365 καί
3047 1310 3348 1364 Extant-or
3376 1309 3520 1364 ἀπὸ
3553 1311 3778 1374 παντὸς

2149 1404 2358 1460 κακοῦ.
2396 1403 2556 1457 Ἀλλά
2588 1403 2754 1472 φόόον
2781 1403 2872 1474 ἔχε
2911 1403 3068 1469 Θεοῦ,
3112 1403 3208 1457 καὶ
3253 1403 3466 1474 πάσης
3497 1404 3784 1472 ἁμαρτίας

2151 1492 2394 1565 ἀπόστηθ
2405 1512 2440 1548 ι.

2222 1591 2292 1656 η’.
2339 1587 2477 1638 Τότε
2515 1586 2676 1650 ῑασις
2709 1585 2882 1639 ἔσται
2915 1583 2997 1650 τῷ
3027 1583 3258 1654 σώματί
3301 1598 3473 1650 σου,
3513 1585 3622 1638 καί
3657 1585 3782 1637 em-

469 1664 598 1718 litas
631 1665 836 1718 ossibus
865 1665 994 1719 tuis.
1045 1663 1202 1719 Tunc
1247 1665 1354 1720 erit
1398 1667 1552 1719 carni
1601 1675 1705 1720 tua:
1756 1665 1986 1728 sanitas,
2019 1678 2048 1716 a

2165 1675 2354 1731 ιιένεια
2386 1677 2510 1742 τοῖς
2535 1660 2778 1739 ’ὀστέοις
2810 1691 2948 1729 σου.
2997 1675 3311 1747 Τηνικαῦτα
3346 1675 3478 1746 γὰρ
3543 1675 3778 1745 ὑπάρξει

470 1755 700 1810 ferventi
733 1755 1012 1809 actionum
1047 1765 1266 1811 tuarum
1302 1757 1510 1812 malitia
1537 1772 1555 1820 ,'
1583 1765 1638 1810 et
1673 1757 1904 1810 salvatio
1936 1755 2044 1808 ani-

2165 1767 2417 1838 ὶεραπεία
2457 1767 2554 1837 μὲν
2592 1769 2660 1838 τῇ
2688 1766 2852 1838 σαρκί
2882 1783 2998 1830 σου,
3027 1741 3137 1821 ἀπὸ
3163 1767 3264 1835 τῆς
3301 1741 3456 1820 erat;
3482 1741 3780 1837 ἐνέργειαν

469 1861 570 1901 ma:
591 1854 697 1900 tuae
724 1845 1004 1916 potentiis,
1031 1862 1154 1916 qua:
1208 1855 1468 1918 tanquam
1499 1861 1646 1909 ossa.
1679 1861 1778 1916 pro
1811 1861 1875 1902 ea
1917 1853 2047 1900 sunt

469 1938 808 2004 fulcimenta,
836 1953 905 1993 ne
928 1937 1274 2008 frangantur.

539 2135 706 2190 Vsus.
737 2135 792 2190 9.
852 2133 1072 2188 Honora
1110 2131 1276 2187 Deum
1304 2132 1367 2187 de
1419 2133 1524 2187 tuis
1542 2131 1705 2202 justis
1743 2130 2038 2186 laboribus.

463 2229 614 2283 Oder
645 2226 780 2292 Deo,
812 2236 872 2280 ut
893 2241 1085 2281 servus
1125 2223 1371 2287 domino,
1403 2239 1470 2276 ex
1521 2225 1602 2278 eis
1633 2237 1754 2294 qua:
1785 2237 1880 2292 per
1900 2223 2045 2275 labo-

468 2321 802 2374 remanimte
846 2326 903 2372 et
966 2315 1216 2385 corporis
1270 2313 1648 2384 requisivisti;
1703 2328 2041 2382 excerpere,

463 2424 588 2478 quae
614 2409 734 2463 sine
764 2405 998 2476 proximi
1035 2405 1370 2460 detrimento
1425 2403 1669 2458 lucratus
1704 2417 1796 2468 es;
1829 2417 1894 2455 ex
1925 2403 2043 2456 ani-

465 2516 576 2558 ma,
609 2501 943 2560 castitatem,
975 2503 1346 2567 paupertatem
1377 2532 1393 2556 ,
1441 2502 1496 2548 et
1543 2493 1762 2556 similia,
1797 2507 1938 2561 quae,
1989 2500 2044 2546 ct

465 2590 686 2660 quidem
725 2589 820 2643 illo
849 2603 959 2643 non
998 2594 1304 2657 repetente,
1330 2583 1564 2640 ﬁdeliter
1589 2585 1851 2654 servasti,
1879 2590 1938 2637 ut
1966 2583 2044 2638 illi

466 2698 565 2752 pro
591 2681 737 2736 dono
772 2679 971 2736 oderas
1003 2679 1140 2746 hate,
1169 2692 1269 2748 pro
1303 2677 1509 2748 quibus
1549 2675 1672 2746 ejus
1700 2675 2045 2732 custodivisti

465 2773 747 2828 mandata.

541 2947 608 3001 Et
630 2947 898 3017 primitias
952 2945 1024 2998 da
1069 2947 1116 3000 ei
1153 2944 1216 3000 de
1249 2945 1354 3002 tuis
1400 2944 1662 3014 fructibus
1713 2944 1956 3010 iustitire.
1985 2944 2047 2998 Et

2147 1856 2441 1926 φοροποιοῦ
2481 1855 2678 1919 κακίας
2697 1876 2709 1890 ·
2747 1858 3096 1929 περιποίησις
3125 1857 3184 1912 δὲ
3207 1861 3332 1921 ταῖς
3365 1859 3550 1928 δίκην
3570 1859 3776 1911 ὀστέων

2145 1951 2468 2011 τονωτικαῖς
2496 1949 2594 2017 τῆς
2643 1947 2822 2019 ψυχῆς
2857 1965 2953 2002 σου
2991 1949 3308 2021 δυνάμεσιν,
3353 1949 3522 2003 ὥστε
3563 1950 3646 2019 μὴ
3685 1948 3775 2002 τοῦ

2144 2037 2358 2100 δέοντος
2390 2038 2866 2110 παραθραύεσθαι.

2217 2127 2283 2182 θ’.
2320 2129 2463 2198 Τίμα
2513 2131 2620 2181 τὸν
2663 2129 2880 2197 Κύριον
2919 2129 3040 2184 ἀπὸ
3067 2127 3196 2182 σῶν
3223 2129 3501 2184 δικαίων
3541 2129 3770 2184 πόνων.

2146 2221 2428 2290 Πρόσφερε
2449 2219 2506 2272 δὲ
2533 2217 2610 2290 τῷ
2646 2219 2786 2289 Θεῷ,
2827 2220 2903 2284 ὡς
2927 2220 3163 2292 δεσπότῃ
3182 2221 3404 2284 δοῦλος.
3436 2221 3544 2290 ἀφ’
3577 2214 3660 2278 ὧν
3681 2223 3770 2275 αύ-

2142 2309 2235 2371 τὸς
2257 2309 2383 2378 περὶ
2411 2306 2510 2378 τὴν
2544 2307 2866 2377 σωματικὴν
2896 2311 2990 2361 καὶ
3032 2308 3128 2378 τὴν
3161 2309 3574 2378 πνευματικὴν
3607 2310 3771 2377 ἔργα·

2145 2401 2267 2454 σίαν
2298 2398 2615 2469 πεπόνηκας
2639 2413 2652 2426 ο
2691 2399 2757 2450 ἐκ
2788 2397 2886 2469 μὲν
2933 2400 3032 2469 τῆς
3067 2403 3429 2470 σωματικῆς,
3482 2399 3560 2452 τά
3593 2401 3674 2470 μὴ
3706 2400 3767 2452 ἐκ

2147 2490 2352 2562 βλάϐης
2381 2489 2489 2542 τῶν
2521 2489 2689 2552 πέλας
2712 2489 3077 2560 ἐπικτηθέντα
3104 2508 3187 2544 σοι
3207 2507 3218 2521 '
3250 2490 3318 2545 ἐκ
3343 2491 3411 2544 δὲ
3445 2491 3559 2558 τῆς
3601 2506 3763 2543 πνευ-

2148 2580 2422 2651 ματικῆς,
2463 2579 2796 2650 παρθενίαν,
2835 2581 3259 2650 άκτημοσύνην,
3306 2581 3415 2634 καὶ
3466 2581 3546 2634 τά
3567 2581 3765 2652 ὅμοια⁹

2145 2669 2291 2742 ἅπερ
2317 2671 2412 2724 καὶ
2445 2671 2520 2741 μὴ
2558 2670 2884 2742 ἀπαιτηθεὶς
2934 2671 3065 2742 παρ’
3096 2671 3290 2736 αὑτοῦ,
3332 2671 3586 2736 δικαίως
3635 2671 3761 2738 ἐφύ-

2144 2761 2518 2828 λαξαςνῶστε
2568 2760 2716 2834 δῶρα
2759 2764 3130 2833 προσαγαγεῖν
3178 2763 3334 2834 αύτῷ
3358 2762 3596 2830 ταῦτα,
3650 2763 3760 2818 ἀνθ’

2146 2847 2220 2908 ὧν
2245 2854 2518 2925 ἐτήρησας
2543 2851 2772 2907 ἐντολῶν
2799 2853 2984 2908 αὐτοῦ.

2217 2945 2329 3000 Καὶ
2358 2944 2634 3015 ἀπάρχου
2677 2944 2838 3008 αὐτῷ
2855 2944 2976 2998 ἀπὸ
3002 2945 3132 3000 σῶν
3157 2949 3414 3017 καρπῶν
3440 2947 3758 3011 amatque-

469 3046 532 3091 ut
571 3039 864 3108 primitias,
897 3035 1032 3092 oﬂ‘er
1093 3037 1168 3092 illi
1224 3036 1292 3092 de
1337 3037 1610 3092 fructibus
1660 3041 1771 3090 non
1817 3039 2043 3105 rapinze,

2165 3055 2284 3105 νἠςο
2315 3037 2425 3091 Καὶ
2450 3035 2526 3100 ὥς
2550 3051 2703 3098 τινας
2733 3034 2989 3104 ἀπαρχὰς
3019 3035 3265 3104 πρόσαγε
3282 3039 3495 3110 τούτῳ,
3521 3039 3633 3091 τῶν
3665 3035 3752 3106 μὲν

471 3131 566 3184 sed
601 3137 870 3183 terrarum
901 3139 1140 3195 tuarum,
1166 3137 1224 3183 ut
1247 3128 1434 3198 justus
1482 3127 1640 3193 Abel,
1677 3129 1920 3184 omnium
1953 3129 2049 3182 Ιιο-

2165 3131 2234 3200 μὴ
2261 3127 2369 3181 ἀπὸ
2391 3126 2650 3198 ἁρπαγῆς
2671 3123 2788 3179 ἀλλ’
2821 3125 2929 3178 ἀπὸ
2953 3125 3054 3196 τῆς
3089 3126 3187 3196 σῆς
3215 3127 3471 3199 ἀρούρης
3504 3124 3750 3197 καρπῶν,

473 3222 836 3278 norabiliores
871 3231 926 3276 et
961 3221 1240 3288 meliores,
1273 3236 1501 3290 operum
1532 3233 1749 3276 tuorum
1784 3224 2052 3276 bonorum

474 3313 826 3379 intentiones,
857 3312 1040 3368 omnia
1082 3319 1474 3383 propter'eum
1510 3313 1808 3382 operando.

545 3488 710 3546 Vnus.
744 3491 830 3546 10.
868 3489 934 3545 Ut
978 3492 1302 3561 impleantur
1330 3493 1522 3547 horrea
1569 3503 1663 3547 tua
1679 3492 1934 3563 frumenti
1971 3507 2055 3547 sa-

473 3582 711 3647 turitate,
743 3591 794 3636 et
841 3583 959 3636 vino
1011 3584 1308 3638 toreularia
1345 3593 1436 3638 tua
1485 3585 1796 3642 redundent.
1835 3584 1928 3651 Ut,
1950 3582 2060 3640 Deo

473 3675 572 3728 tibi
607 3674 1038 3730 benedictionem
1075 3676 1263 3740 dante,
1293 3676 1492 3731 horrea
1547 3685 1606 3732 et
1655 3676 1954 3735 toreularia
1979 3691 2062 3731 re-

475 3767 730 3837 pleantur
772 3769 860 3824 his
921 3783 1046 3839 quae
1073 3769 1142 3824 ad
1188 3785 1416 3841 -corpus
1460 3770 1777 3826 necessaria
1804 3777 1972 3826 sunt:
2005 3778 2063 3823 nt

478 3858 715 3927 potentia
769 3859 966 3916 anima:
1019 3871 1124 3916 tuae
1157 3865 1397 3932 practice
1456 3862 1731 3934 repleatur
1767 3863 2064 3918 virtutibus

477 3959 537 4004 ut
589 3951 917 4022 quibusdam
950 3951 1248 4018 fructibus,
1282 3954 1568 4024 productis
1607 3955 1766 4026 quasi
1797 3970 1863 4010 ex
1898 3953 2065 4011 semi-

475 4057 546 4097 ne
604 4041 985 4097 mandatorum
1043 4041 1379 4112 divinorum,
1442 4053 1497 4100 et
1545 4045 1908 4115 intelligentia
1965 4052 2066 4098 tua

475 4134 722 4190 scientiae
769 4135 1145 4200 sermonibus,
1204 4135 1280 4190 ita
1331 4144 1392 4190 ut
1429 4135 1634 4192 divinis
1718 4135 2067 4207 dogmatibus

475 4227 794 4294 ﬂuentibus,
823 4237 1088 4298 tanquam
1133 4243 1198 4284 ex
1258 4229 1520 4294 racemis,
1579 4230 1700 4301 ipse
1753 4229 2066 4294 abundans,

477 4335 630 4375 more
661 4319 1052 4388 magistrorum
1085 4319 1429 4388 docentium,
1485 4321 1653 4378 saties
1675 4323 1910 4381 aliorum
1943 4321 2068 4376 ani-

478 4427 620 4480 mas,
654 4413 780 4469 vino
805 4413 1040 4484 spiritali
1075 4414 1200 4475 illos
1241 4415 1539 4471 recreanti.

552 4594 714 4648 Vens.
757 4597 838 4650 ll.
876 4597 1224 4665 Disciplinam
1265 4599 1498 4664 Domini,
1562 4597 1644 4666 ﬁli
1699 4600 1794 4660 mi,
1830 4615 1892 4654 ne
1924 4597 2059 4667 abji-

482 4687 612 4750 cias,
655 4703 745 4740 nec
781 4687 998 4756 deﬁcias
1045 4705 1166 4741 cum
1196 4689 1260 4742 ab
1292 4706 1351 4743 eo
1374 4689 1682 4757 corriperis.
1749 4687 1850 4742 Fili
1903 4687 2067 4758 spiri-

480 4777 668 4842 tualis,
694 4777 929 4831 viriliter
983 4781 1195 4833 sustine
1230 4777 1613 4832 tribulationes
1643 4793 1766 4846 quae
1816 4777 1917 4831 tibi
1976 4775 2065 4828 in-

479 4866 616 4931 vito,
649 4865 862 4936 judicio
901 4865 994 4921 Dei
1048 4867 1346 4922 accidunt:
1406 4875 1462 4922 et
1495 4882 1565 4923 ne
1598 4865 1824 4922 delicias
1855 4881 1978 4920 cum
2015 4873 2068 4919 te

481 4956 728 5026 arguerit
755 4957 824 5011 de
855 4957 1120 5026 peccatis,
1159 4955 1282 5028 q‘ua:
1301 4957 1398 5013 tibi
1432 4957 1752 5012 manifestat
1785 4971 1882 5026 per
1933 4955 2069 5010 allli-

481 5051 724 5127 ctionum
761 5049 1126 5105 invasionern.
1428 5037 1430 5040 ’

1888 5109 1920 5131 Ι

557 5227 723 5284 \‘ans.
759 5231 840 5286 i=2.
874 5231 1035 5298 Quem
1057 5234 1195 5287 enim
1218 5233 1392 5303 diligit
1427 5232 1562 5288 Deus
1611 5233 1850 5301 corripit.
1886 5233 2070 5298 Illum,

489 5319 580 5386 qui
615 5320 670 5372 in
696 5337 754 5373 se
781 5320 873 5374 Dei
917 5338 1160 5377 amorem
1193 5325 1499 5394 cognoscit,
1541 5323 1770 5390 corripit
1811 5321 2071 5377 Dominus

491 5421 582 5474 per
613 5407 1018 5474 tribulationes,
1057 5423 1117 5466 ιιι
1152 5425 1299 5468 recte
1349 5413 1609 5474 ambulet,
1635 5412 1764 5467 dum
1795 5412 1946 5465 illum
1973 5413 2095 5482 qui-

491 5497 652 5551 talem
689 5515 796 5554 non
832 5505 998 5556 sentit
1044 5519 1306 5570 amorem,
1341 5519 1450 5559 non
1505 5505 1786 5574 corripiat.
1824 5502 2074 5574 Castiga-

497 5589 575 5638 tio
602 5589 748 5644 enim
798 5608 904 5647 non
961 5604 1233 5660 enrrecto,
1300 5595 1394 5652 sed
1456 5596 1859 5668 blaSphemanti
1918 5594 2072 5652 alicrt

499 5679 904 5748 tribulationes.

2157 3219 2296 3275 κατὰ
2318 3219 2408 3272 τὸν
2443 3217 2711 3288 μακάριον
2740 3215 2939 3281 Ἅϐελ,
2987 3218 3112 3282 τοὺς
3137 3217 3246 3272 τῶν
3271 3219 3462 3274 ἄλλων
3500 3214 3747 3290 τιμιωτέ-

2161 3327 2287 3382 ρους
2308 3311 2400 3366 καὶ
2427 3309 2740 3382 κρείττονας
2767 3324 2780 3338 ’
2807 3309 2916 3362 τῶν
2937 3308 2993 3362 δὲ
3027 3309 3148 3362 κατ’
3175 3311 3381 3380 ἀρετὴν
3411 3311 3602 3382 ἔργων
3641 3323 3748 3368 σου,

2157 3403 2258 3464 τὰς
2288 3401 2495 3465 αἰτίαςο
2526 3401 2694 3454 ποιῶν
2721 3399 2938 3454 ἅπαντα
2966 3401 3142 3454 ταῦτα
3161 3399 3252 3455 διὰ
3273 3401 3432 3455 Θεόν.

2235 3500 2285 3548 ι’.
2326 3493 2462 3548 Ἵνα
2493 3491 2874 3562 πιμπλῶνται
2894 3493 2966 3546 τὰ
2988 3491 3222 3562 ταμιεῖα
3241 3507 3360 3546 σου
3378 3487 3746 3561 πλησμονῆς

2160 3589 2357 3651 σίτου,
2391 3586 2540 3653 οϊνῳ
2565 3584 2634 3638 δὲ
2667 3586 2727 3638 al
2761 3585 2942 3652 ληνοί
2968 3600 3086 3640 σου
3123 3585 3605 3655 ὑπερϐλύζωσιν.
3638 3583 3741 3636 ἰνα

2165 3678 2261 3734 σοῦ
2303 3678 2404 3747 τῆς
2437 3677 2588 3746 παρὰ
2628 3676 2766 3730 Θεοῦ
2805 3677 3175 3746 τυγχάνοντος
3220 3677 3504 3746 εὐλογίας,
3561 3679 3618 3730 αὶ
3653 3673 3743 3744 μὲν

2162 3771 2440 3842 άποθῆκαι
2469 3769 2568 3823 καὶ
2617 3769 2676 3822 αἱ
2731 3768 2885 3840 ληνοὶ
2919 3758 3152 3840 πλήρεις
3190 3769 3490 3840 ὑπάρχωσι
3530 3768 3638 3822 τῶν
3669 3763 3740 3834 τῷ

2167 3861 2380 3932 σώματι
2419 3859 2731 3932 χρειωδῶν·
2762 3862 2796 3928 ἡ
2822 3859 2878 3914 δὲ
2913 3860 3196 3930 πρακτική
3228 3876 3322 3912 σου
3378 3859 3501 3925 ἕξις
3543 3857 3739 3922 πεπλη-

2169 3954 2390 4026 ρωμένη
2449 3952 2536 4022 εἴη
2567 3951 2676 4004 τῶν
2725 3951 2800 4015 ὡς
2850 3950 2916 4006 ἐκ
2968 3968 3116 4014 τινος
3171 3952 3377 4023 σπόρου
3425 3951 3539 4005 τῶν
3591 3947 3738 4000 θείων

2167 4043 2419 4107 ἐντολῶν,
2475 4042 2909 4114 γεωργουμένων
2955 4041 3097 4097 κατὰ
3130 4044 3329 4115 πρᾶξιν
3381 4042 3619 4114 ἀρετῶν,
3655 4031 3736 4091 οἷά

2168 4153 2330 4192 τινων
2381 4134 2648 4206 καρπῶν·
2691 4135 2786 4188 καὶ
2821 4137 2855 4205 ἡ
2901 4135 3215 4208 θεωρητικὴ
3241 4135 3600 4207 πληρουμένη
3638 4129 3733 4184 τῶν

2170 4226 2313 4282 κατὰ
2359 4225 2564 4295 γνῶσιν
2617 4223 2792 4292 λόγων
2813 4242 2826 4256 ο
2887 4227 3296 4296 προχεομένων,
3340 4227 3420 4291 ὡς
3462 4225 3528 4280 ἐκ
3583 4235 3730 4276 τινων

2175 4317 2438 4390 βοτρύων,
2461 4318 2570 4373 τῶν
2599 4318 2761 4372 θείων
2794 4317 3106 4386 δογμάτων,
3146 4319 3468 4388 ύπερεκχέῃ
3488 4315 3728 4369 διδασκα-

2097 4399 2145 4458 D
2169 4411 2336 4476 λικῶς
2368 4409 2665 4480 ποτίζουσα
2699 4410 2800 4473 τὰς
2829 4409 2942 4464 τῶν
2969 4410 3149 4466 ἄλλων
3177 4409 3378 4481 ψυχάς,
3415 4410 3511 4463 τὸν
3543 4401 3725 4460 ταύτας

2165 4505 2527 4575 εὐφραίνοντα
2549 4503 2739 4574 νοητὸν
2767 4498 2932 4558 οἶνον.

2238 4595 2324 4651 ια’.
2391 4595 2508 4660 Υἱὲ,
2541 4593 2628 4664 μὴ
2668 4594 2938 4664 ὀλιγώρει
2989 4593 3259 4660 παιδείας
3299 4595 3519 4664 Kvplov
3537 4633 3552 4656 ,
3589 4585 3720 4654 μηδὲ

2163 4688 2392 4743 ἐκλύου
2417 4687 2519 4740 ὑπ’
2557 4684 2746 4740 αὑτοῦ
2786 4685 3204 4755 ἐλεγχόμενος.
3253 4686 3457 4740 Τέκνον
3495 4695 3718 4749 πνευμα-

2164 4779 2338 4842 τικὸν,
2368 4776 2634 4847 γενναίως
2669 4777 2803 4847 φέρε
2834 4777 2903 4831 τὰ
2937 4778 3119 4848 κρίσει
3160 4775 3300 4830 Θεοῦ
3353 4775 3616 4836 ἀκουσίως
3647 4783 3713 4822 σοι

2167 4871 2515 4940 ἐπερχόμενα
2583 4867 2846 4939 θλιϐερά·
2907 4867 3002 4921 καὶ
3066 4867 3144 4938 μὴ
3184 4867 3532 4932 κατάπιπτε,
3585 4857 3714 4928 παρὰ

2166 4961 2360 5016 τούτου
2390 4957 2946 5030 ὑπομιμνησκόμενός
2983 4975 3082 5010 σου
3112 4956 3184 5011 τά
3220 4956 3604 5028 ἁμαρτήματα,
3629 4948 3708 5015 δη-

2168 5051 2514 5116 λοποιοῦντός
2570 5068 2653 5104 σοι
2686 5049 2862 5106 ταῦτα
2908 5051 2996 5104 διά
3047 5049 3146 5120 τῆς
3180 5047 3288 5103 τῶν
3328 5047 3591 5122 δυσχερῶν
3629 5043 3710 5092 ὲπ·

2171 5145 2420 5212 αγωγῆς.
2844 5231 2853 5232 7
3524 5228 3548 5232 Α
3653 5220 3662 5232 ἢ

2243 5233 2330 5303 ιβ’.
2372 5235 2480 5286 Ὃν
2517 5233 2627 5302 γὰρ
2664 5231 2866 5300 ἀγαπᾷ
2904 5236 3139 5302 Κύριος,
3175 5235 3460 5290 παιδεύει.
3496 5228 3588 5282 Τὸν
3613 5228 3702 5290 γάρ

2172 5325 2605 5392 ἐπιγινώσκοντα
2637 5323 2734 5393 τὴν
2765 5323 2958 5376 τούτου
2989 5325 3128 5394 πρὸς
3155 5325 3320 5380 αὐτὸν
3344 5325 3574 5394 ἀγάπην,
3596 5327 3697 5364 παν

2171 5416 2320 5469 δεύει
2347 5415 2375 5466 ὁ
2408 5412 2616 5484 Κύριος
2655 5411 2746 5464 διὰ
2776 5410 2886 5464 τῶν
2925 5411 3204 5482 ὀδυνηρῶν
3245 5412 3378 5480 πρὸς
3419 5405 3695 5476 διόρθωσιν

2174 5505 2364 5576 ἐπειδὴ
2399 5505 2474 5573 τῷ
2506 5505 2580 5575 μὴ
2623 5503 2826 5574 ταύτην
2877 5502 3328 5571 ἐπιγινώσκοντι.
3381 5502 3440 5556 οῦ
3491 5485 3695 5549 παιδεὶα’

2175 5600 2416 5670 τιμωρία
2464 5598 2542 5661 δὲ,
2583 5595 2660 5667 μὴ
2707 5595 3095 5668 διορθουμένῳ,
3145 5595 3280 5650 ἀλλὰ
3311 5579 3693 5665 βλασφημοῦντι.

2181 5688 2415 5760 ὑπάρχει
2449 5686 2517 5740 τὰ
2548 5685 2790 5756 λυπηρά.
