3960 6230
321 371 454 436 ῙΞΞξῧ

1371 375 1517 434 CUM
1530 375 1908 434 MENTAIUI
1953 375 2031 434 ΙΝ
2073 377 2520 438 PROVERBIA.

3460 380 3569 443 246

382 490 682 560 Matrem-oi
730 491 795 543 δὲ
866 488 1063 542 πάντα
1108 487 1273 551 υἱὸν,
1330 488 1400 539 ὃν
1470 487 1884 555 παραδέχεται.

2064 489 2331 560 Flageltat
2384 508 2588 547 omnem
2629 493 2798 560 ﬁlium
2856 508 3006 561 quem
3062 492 3268 561 recipit,
3304 491 3565 562 Flagellat

315 586 535 655 Ιὶληγάς
564 585 609 636 δ’
638 583 891 651 ἐπιφέρει
917 580 1079 631 παντὶ
1106 579 1225 631 κατ’
1254 580 1451 649 ἀρετὴν
1489 581 1585 648 μὲν
1617 581 1708 632 καὶ
1738 579 1879 647 γνῶ-

314 693 398 727 σιν
430 671 830 738 υίοθετουμένῳ
880 666 1049 737 αὐτῷ,
1082 665 1517 735 μεγαλαυχοῦντι
1567 664 1624 715 δέ
1676 664 1758 728 ἐφ’
1798 658 1879 724 οἷς

314 766 569 836 κατορθοῖ
591 779 604 792 ·
639 764 787 824 ὅπως
813 760 976 831 πείσῃ
1004 757 1165 810 αὑτὸν
1200 758 1613 826 μετριοφρονεῖν
1640 755 1731 806 ἐπὶ
1759 753 1880 805 τού-

312 878 444 923 τοις,
483 858 579 910 καὶ
601 855 897 916 ὁλοτελῶς,
934 851 1071 905 ἀλλά
1096 853 1169 921 μὴ
1205 852 1269 902 ὲκ
1301 851 1504 920 μέρους
1534 848 1681 916 αὐτῷ
1714 863 1883 916 προσ-

314 949 606 1019 ἐρχεσθαιε
653 945 711 998 ὂν
748 945 895 1013 παρά
929 943 1093 1013 μέρος
1145 940 1364 1011 δέχεταί
1402 957 1461 991 τε
1494 940 1587 991 καὶ
1627 937 1883 1006 ἀποπέμ-

313 1055 509 1095 πεται’
537 1038 599 1091 τὸ
635 1037 754 1107 μὲν,
795 1036 884 1088 διὰ
914 1035 1002 1087 τὸν
1038 1033 1291 1103 ἐνάρετον
1316 1030 1463 1099 βίον·
1495 1029 1554 1081 τὸ
1589 1029 1665 1089 δὲ,
1702 1028 1791 1079 διὰ
1824 1028 1884 1078 τὸ

318 1134 393 1203 μὴ
422 1132 644 1201 φρονεῖν
664 1126 916 1180 ταπεινά.
1792 1173 1811 1199 ι

389 1230 478 1290 ιγ’.
513 1220 817 1285 Μακάριος
843 1218 1172 1284 ἄνθρωπος,
1215 1214 1282 1278 ὃς
1325 1208 1464 1279 εὗρε
1493 1212 1750 1279 σοφίαν·
1786 1213 1883 1266 καὶ

318 1315 559 1381 θνητὸς,
592 1312 660 1378 ὃς
701 1307 824 1364 εἶδε
857 1312 1181 1377 φρόνησιν.
1228 1304 1427 1357 Λοιπὸν
1477 1306 1830 1373 ἀείμνηστος,
1860 1305 1888 1355 ὁ

318 1410 461 1461 κατά
498 1405 598 1475 μὲν
646 1403 706 1456 τὸ
741 1401 1034 1468 νοούμενον
1071 1393 1341 1465 ἀνθρώπῳ
1371 1392 1535 1464 ὁρῶν,
1576 1392 1700 1445 καθ’
1732 1390 1760 1443 ὃ
1792 1392 1888 1443 καὶ

316 1491 951 1565 κέκληταιάνθρωποςι
1000 1483 1299 1540 κάντεῦθεν
1344 1482 1678 1553 ψηλαφήσας
1721 1484 1787 1551 τῇ
1830 1483 1887 1533 ἐν

316 1586 591 1656 πνεύματι
640 1584 846 1651 φυσικῇ
899 1578 1103 1649 θεωρίᾳ
1132 1575 1241 1629 τῶν
1284 1576 1477 1641 ὄντων,
1532 1575 1625 1627 τὸν
1680 1572 1888 1625 τούτων

318 1680 492 1730 αἴτιον
538 1676 673 1728 Θεὸν
701 1693 712 1704 ·
761 1673 853 1725 καὶ
891 1670 1086 1724 τούτου
1146 1665 1418 1737 ἐπιτυχὼν
1446 1665 1765 1734 γνωστικῶς
1824 1668 1889 1718 ἐκ

313 1769 422 1821 τῶν
454 1767 797 1837 ποιημάτων,
827 1763 902 1825 ὡς
931 1760 1185 1815 ἐντεῦθεν
1205 1759 1303 1828 τῆς
1335 1759 1555 1834 περὶ,τά
1581 1758 1889 1829 πρόσκαιρα

1980 599 2219 651 omnem,
2248 587 2336 653 qui
2372 602 2466 655 per
2490 587 2742 640 virtutem
2780 594 2835 637 ct
2869 602 2909 639 si
2933 585 3151 638 ieutiam
3193 598 3288 651 pro
3328 583 3441 636 lilio
3498 585 3567 639 ab

1981 691 2048 728 co
2079 679 2367 744 adoptatus
2388 686 2492 743 est,
2525 685 2579 733 et
2605 678 2696 747 qui
2730 678 2797 732 de
2834 679 2902 731 iis
2954 677 3009 730 in
3064 678 3263 744 quibus
3286 677 3563 746 dirigitur,

1982 767 2284 832 gloriatur;
2313 778 2365 821 ct
2397 770 2470 823 ita
2498 770 2705 822 inducit
2737 770 2916 834 illum,
2952 777 3009 820 ιιι
3040 768 3111 820 sit
3134 769 3201 819 de
3235 768 3320 823 his
3379 769 3565 821 mode-

1984 868 2125 919 suts,
2169 866 2222 910 et
2255 858 2496 926 scipsum
2544 859 2621 912 illi
2653 861 2890 914 totaliter
2936 874 3043 911 non
3083 874 3146 912 ex
3185 870 3333 926 parte
3364 858 3563 912 donet:

1986 947 2262 1003 Deoenim
2327 949 2630 1017 proximatzt
2687 960 2741 1005 et
2793 952 3039 1005 vicissim
3088 950 3155 1002 ah
3179 967 3244 1003 eo
3270 951 3563 1014 alienatur,

1987 1055 2176 1133 unum,
2218 1055 2310 1107 per
2369 1042 2536 1094 vitam
2587 1053 2815 1106 rectam,
2869 1044 3103 1095 alterum
3137 1041 3564 1109 persnperhiam

1984 1129 2285 1183 eﬂicicndo.

2060 1219 2224 1274 Vens.
2258 1220 2340 1273 l5.
2368 1219 2564 1274 Beatus
2595 1221 2750 1275 homo
2786 1223 2874 1291 qui
2902 1223 3099 1276 invenit
3152 1220 3486 1289 sapientiam,
3515 1233 3565 1276 et

1987 1309 2232 1363 mortalis
2262 1311 2894 1379 quividitprudentiom.
2952 1310 3186 1373 Deinde,
3249 1314 3393 1363 otuui
3455 1329 3567 1364 tne-

1989 1404 2159 1455 moria
2186 1402 2384 1472 dignus
2411 1412 2515 1467 est,
2552 1405 2645 1474 qui
2676 1404 2742 1458 de
2776 1405 2999 1458 homine
3024 1404 3236 1473 judicat
3263 1406 3567 1458 secundum

1989 1493 2247 1556 animam,
2276 1509 2382 1563 qua
2406 1504 2459 1549 et
2489 1504 2718 1548 vocatur
2742 1495 2937 1550 homo:
2964 1496 3056 1564 qui
3083 1495 3355 1564 spiritu-ali
3386 1512 3566 1549 rerum

1990 1585 2319 1639 naturalium
2339 1587 2822 1655 contemplatione,
2843 1588 3058 1641 illarum
3082 1598 3360 1642 auctorem
3395 1589 3563 1643 Deum

1989 1674 2215 1744 quaerit:
2258 1677 2349 1745 qui
2408 1691 2475 1731 ex
2508 1678 2617 1732 illis
2647 1693 2740 1745 per
2795 1679 3078 1732 scientiam
3107 1681 3171 1732 ad
3205 1682 3354 1732 illmn
3377 1696 3569 1748 perve-

1993 1767 2169 1832 niens,
2203 1766 2381 1820 fallaci
2424 1768 2490 1822 de
2556 1769 2957 1837 temporalibus
2982 1768 3194 1837 judicio
3226 1779 3283 1823 ut
3309 1771 3452 1824 uuhe
3481 1788 3571 1823 re-

315 1861 549 1929 ἀπάτης,
577 1853 665 1911 οἷά
695 1874 839 1918 τινος
886 1854 1085 1923 ἀχλύος
1126 1851 1561 1918 σκεδαννυμένης
1608 1850 1884 1918 αὐτόπτης

2008 1870 2154 1921 nota,
2188 1875 2282 1927 per
2312 1874 2466 1912 suam
2496 1862 2795 1929 praeticam
2835 1862 3256 1930 experientiam,
3312 1861 3569 1929 cognovit

313 1951 460 2005 κατὰ
507 1952 702 2018 πεῖραν
747 1944 1058 2017 πρακτικὴν
1099 1943 1394 2012 γενόμενος
1437 1941 1539 2009 τῆς
1581 1941 1879 1994 ἀντιπάλου

310 2046 376 2115 τῇ
406 2059 464 2095 τε
488 2042 645 2111 ἀνοίᾳ
672 2040 766 2092 καὶ
797 2042 862 2108 τῇ
888 2035 1150 2107 ύπερνοίᾳ
1178 2033 1364 2098 ἕξεως,
1388 2034 1423 2104 ἧ
1452 2035 1569 2085 ἐστι
1596 2035 1877 2103 φρόνησις

311 2133 613 2187 ἀντίκειται
638 2132 747 2201 γὰρ
786 2127 947 2196 αὕτη,
981 2130 1047 2196 τῇ
1090 2126 1192 2195 μὲν
1234 2128 1392 2196 ἀνοίᾳ
1424 2125 1482 2176 ἐν
1517 2123 1596 2193 τῷ
1629 2126 1880 2192 ἐμποιεῖν

311 2226 445 2293 ἡμῖν
481 2222 590 2275 τῶν
612 2219 965 2290 προσκαίρων
996 2216 1362 2281 κατάγνωσιν,
1390 2215 1483 2268 καὶ
1510 2217 1619 2268 τῶν
1649 2215 1882 2267 αἰωνίων

308 2313 524 2384 ὄρεξιν
566 2312 715 2382 τῇδὲ
760 2309 1026 2379 ύπερνοίᾳ
1062 2310 1119 2359 ὲν
1150 2307 1226 2376 τῷ
1260 2308 1515 2376 ἐμποιεῖν
1548 2303 1702 2370 αὖθις
1749 2309 1881 2376 ἡμῖν

309 2406 409 2474 τῆς
434 2404 643 2463 οἰκείας
665 2402 949 2463 ἀσθενείας
984 2399 1305 2465 ἐπίγνωσιν.

383 2497 468 2549 ιδ’.
500 2494 799 2563 Κρεῖσσον
823 2491 932 2562 γὰρ
964 2491 1158 2556 αὐτὴν
1179 2490 1633 2559 ἐμπορεύεσθαι,
1661 2490 1697 2557 ἢ
1735 2507 1879 2557 χρυ-

310 2588 449 2640 σίου
474 2585 569 2638 καὶ
593 2582 878 2652 ἀργυρίου
900 2579 1262 2646 θησαυρούς.
1282 2577 1501 2647 Ἐπειδὴ
1530 2577 1745 2629 κάλλιον
1766 2580 1881 2628 ἐστι

310 2676 408 2745 τὴν
445 2673 624 2729 αἰτίαν
668 2672 768 2741 τῆς
801 2672 1116 2741 φρονήσεως
1153 2668 1369 2735 σοφίας,
1401 2666 1561 2720 ὤνιον
1611 2667 1882 2720 ποιεῖσθαι

312 2766 461 2838 ἡμᾶς
508 2764 596 2817 διὰ
639 2763 860 2816 πάντων
891 2761 998 2814 τῶν
1030 2761 1152 2813 καθ’
1206 2762 1386 2829 ἡμᾶς·
1442 2762 1503 2812 ἐν
1556 2759 1656 2828 μὲν
1692 2777 1884 2829 πειρα,

315 2855 474 2923 σμοῖς
498 2851 836 2914 ἀνενδότους,
864 2848 1004 2902 κατὰ
1032 2848 1089 2900 δὲ
1123 2846 1236 2915 βίον
1263 2846 1570 2917 λαμπροὺς,
1599 2843 1884 2918 χαρίζεται

314 2948 446 3016 ἡμῖν
480 2945 539 2999 τό
571 2962 630 2997 τε
665 2944 759 2996 τοῦ
788 2941 990 3012 χρυσοῦ
1031 2942 1088 2994 ἐν
1136 2940 1349 3009 καμίνῳ
1385 2939 1677 3010 ἀμείωτον,
1706 2939 1885 2992 καὶτὸ

311 3037 407 3090 τοῦ
427 3036 689 3106 ἀργυρίου
715 3034 974 3106 καθαρὸν,
996 3033 1028 3103 ἢ
1051 3031 1214 3086 αὐτοῦ
1238 3034 1465 3104 χρυσίου
1498 3032 1592 3085 καὶ
1618 3033 1882 3104 ἀργυρίου

315 3126 547 3179 κτᾶσθαι
576 3125 804 3187 πολλοὺς
836 3124 1008 3191 θησαυ
1020 3122 1166 3193 ρούς.

388 3216 470 3270 ιε’.
509 3214 822 3285 Τιμιωτέρα
846 3212 914 3266 δέ
942 3215 1071 3266 ἐστι
1100 3215 1286 3267 λίθων
1305 3211 1681 3269 πολυτελῶν.
1712 3213 1882 3268 Πολυ-

314 3310 601 3380 τιμωτέρα
627 3308 672 3361 δ’
700 3306 840 3377 αὕτη
881 3306 1001 3360 ἐστί⁸
1043 3305 1208 3358 λίθων
1242 3306 1658 3375 πολυτιμήτων·
1693 3307 1773 3360 δτι
1805 3310 1886 3371 είς

318 3400 417 3470 μὲν
468 3401 568 3469 τὴν
609 3397 815 3450 τούτων
870 3395 1225 3465 ἐμπὸρευσιν,
1287 3394 1383 3448 ἅτε
1432 3399 1663 3465 ῥευστῆς
1718 3380 1886 3450 ὄντων

317 3494 468 3564 ὕλης,
508 3491 715 3562 ἄψυχος
766 3488 930 3542 πάλιν
967 3487 1088 3556 ὕλη,
1122 3487 1320 3556 χρυσὸς
1367 3485 1548 3555 ἁδρὸς,
1578 3489 1611 3554 ἢ
1647 3489 1886 3557 ἄργυρος

316 3587 751 3642 καταὸἁλλεταισ
785 3585 864 3644 εἰς
900 3581 956 3634 δέ
990 3596 1053 3648 γε
1081 3579 1182 3649 τὴν
1216 3579 1314 3647 τῆς
1354 3580 1568 3647 σοφίας,
1598 3581 1758 3649 ἡμεῖς
1789 3581 1887 3633 αύ-

312 3682 395 3733 τοὶ
421 3680 481 3733 τὸ
510 3676 842 3749 τιμιώτατον
873 3671 1008 3727 Θεοῦ
1039 3671 1226 3742 κτῆμα
1255 3671 1348 3723 καὶ
1379 3669 1743 3740 οἰκειότερον.

390 3857 511 3909 Οὐκ
561 3850 984 3908 ἀντιτάσσεται
1030 3847 1185 3916 αὐτῇ
1235 3846 1418 3902 οὐδὲν
1448 3849 1737 3914 πονηρόν.
1777 3846 1889 3899 Οὐκ

315 3946 637 4002 ἀνθίσταται
694 3944 831 4013 αὐτῇ
885 3940 1113 4010 οὐδεμία
1146 3940 1351 3991 κακία·
1405 3937 1732 4007 ἐνλάμψασα
1781 3940 1890 4006 γὰρ

319 4041 448 4110 ἡμῖν
478 4039 618 4091 κατά
644 4052 703 4088 τε
732 4035 931 4103 γνῶσιν
951 4033 1045 4084 καὶ
1077 4031 1300 4101 ἀρετὴν,
1328 4031 1515 4082 πᾶσαν
1541 4029 1766 4095 ἀγνοίας
1796 4032 1890 4082 καὶ

318 4112 518 4190 κακίας
551 4124 771 4196 μακρὰν
798 4122 955 4192 ἡμῶν
985 4119 1282 4173 ἀπελαύνει
1316 4119 1703 4188 σκοτόμαιναν.

389 4215 746 4288 Εὑγνωστός
780 4214 916 4267 ἐστι
961 4210 1112 4266 πᾶσι
1162 4210 1290 4276 τοῖς
1331 4208 1667 4281 ὀρτίζουσιν
1711 4210 1884 4281 αὐτῇ.

320 4308 607 4379 Εύληπτος
638 4301 732 4359 οὖν
783 4306 901 4357 ἐστι
935 4305 1048 4365 τοῖς
1077 4302 1247 4375 ταύτῃ
1291 4303 1433 4355 κατὰ
1466 4302 1699 4373 μίμησιν
1746 4302 1885 4373 πλη-

321 4397 633 4458 σιάζουσιν·
670 4388 758 4447 οἶα
808 4392 889 4463 τῷ
932 4395 1054 4445 κατ’
1086 4392 1270 4445 εἰκόνα
1318 4392 1483 4462 λόγῳ,
1514 4394 1609 4445 καὶ
1653 4391 1732 4461 τῷ
1763 4392 1887 4445 καθ’

319 4488 580 4558 ὁμοίωσιν
607 4485 789 4556 τρόπῳ
818 4483 1172 4554 θεωρουμένη
1203 4482 1278 4546 ὡς
1310 4483 1638 4554 ἀρχέτυπον.

392 4578 523 4635 Πᾶν
543 4577 611 4631 δὲ
640 4581 855 4647 τίμιον,
905 4578 1017 4630 οὐκ
1058 4575 1232 4639 ἄξιον
1276 4573 1466 4642 αὐτῆς
1500 4575 1692 4628 ἐστιν.
1723 4574 1889 4627 Οὐδὲν

317 4670 375 4723 δὲ
435 4667 545 4720 τῶν
596 4665 727 4736 παρ’
770 4667 904 4736 ἡμῖν
958 4664 1327 4734 τιμιωτάτων,
1375 4665 1586 4734 ταύτης
1655 4665 1891 4734 ὑπάρχει

320 4760 601 4826 ἀντάξιον
649 4759 735 4813 ὅτι
760 4745 901 4829 ὑπὲρ
936 4759 1115 4811 πάντα
1140 4757 1259 4810 ἐστὶ
1290 4759 1411 4810 κατ’
1447 4758 1660 4820 οὐσίαν,
1699 4757 1802 4810 κᾶν
1833 4760 1892 4809 ἐν

320 4852 487 4906 πᾶσιν
535 4853 651 4905 ἐστι
709 4851 831 4904 κατ’
879 4850 1199 4919 ἐνέργειαν·
1246 4850 1437 4919 διόπερ
1494 4849 1700 4919 ταύτης
1754 4850 1894 4902 κατὰ

323 4943 482 5015 χάριν
537 4943 1049 5014 μεταλαμϐάνομεν,
1082 4942 1251 5013 μηδὲν
1303 4941 1454 5009 ἄξιον
1483 4942 1652 5012 αὐτῆς
1682 4944 1896 4996 ἀντεισ‹

322 5039 601 5109 φέροντες.

395 5137 494 5194 ις’.
535 5128 741 5197 Μιῆκος
771 5127 881 5198 γὰρ
908 5129 1075 5191 βίου,
1117 5128 1213 5181 καὶ
1255 5128 1358 5195 ἔτη
1395 5126 1542 5196 ζωῆς
1577 5130 1646 5182 ἐν
1685 5128 1759 5196 τῇ
1799 5128 1894 5180 δε-

323 5218 423 5287 ξιᾷ
450 5217 660 5286 αὐτῆς.
691 5219 848 5288 Παρὰ
880 5218 936 5270 δὲ
964 5220 1029 5288 τῇ
1054 5218 1129 5280 ὡς
1158 5218 1329 5288 δεξιᾷ,
1359 5220 1667 5290 τελεωτέρα
1696 5220 1898 5287 ταύτης

323 5311 597 5382 ἐνεργείᾳ,
644 5310 765 5378 ἥτις
804 5312 952 5362 ἐστὶν
988 5311 1022 5378 ἡ
1050 5310 1158 5363 τῶν
1196 5309 1354 5363 θείων
1386 5313 1689 5382 ἐπιστήμη,
1723 5313 1899 5382 ὑπάρ-

325 5424 408 5476 χει
437 5404 499 5458 τό
521 5421 581 5458 τε
628 5402 858 5474 μέγεθος
891 5406 988 5471 τῆς
1020 5404 1162 5456 κατά
1191 5404 1282 5455 τὸν
1315 5404 1481 5473 νόμον
1536 5405 1627 5455 τὸν
1656 5421 1902 5472 πνευμα-

323 5498 477 5552 τικὸν
510 5496 772 5565 ἐναρέτου
820 5496 1118 5560 πολιτείας,
1152 5497 1370 5557 πάντως
1409 5498 1441 5565 ἡ
1486 5496 1586 5563 τὴν
1615 5501 1757 5549 κατὰ
1811 5497 1901 5548 τὸν

245 5585 248 5588 ’
326 5589 558 5658 φυσικὸν
589 5589 684 5641 καὶ
737 5588 829 5639 τὸν
859 5589 1106 5657 γραπτὸν
1133 5587 1295 5658 νόμον
1330 5587 1676 5649 δικαιοσύνην
1719 5589 1902 5655 ὑπερ-

326 5685 591 5738 δαίνουσα
632 5683 869 5752 ὁσιότης,
926 5683 1016 5735 καὶ
1074 5683 1245 5753 μέτρα
1283 5684 1382 5751 τῆς
1424 5685 1674 5751 καθαρᾶς
1721 5686 1899 5751 πάσης

327 5775 591 5846 αἰσθητῆς
617 5776 914 5845 φαντασίας
955 5774 1119 5829 mm
1154 5777 1210 5828 ἐν
1244 5774 1514 5845 πνεύματι
1549 5774 1823 5844 γνώσεως.

1984 1960 2211 2018 statum,
2237 1952 2559 2021 ignorantiae
2580 1959 2634 2005 ct
2659 1926 2932 2020 superbiae
2956 1933 3288 2021 oppositum,
3317 1926 3458 2020 quod
3485 1926 3581 2006 est.

1984 2045 2308 2115 prudentia:
2358 2047 2475 2101 haec
2503 2046 2649 2101 enim
2679 2047 2929 2102 stultitia:
2980 2047 3303 2114 opponitur;
3353 2047 3478 2114 quia
3513 2047 3566 2099 iu

1984 2138 2142 2192 nobis
2171 2139 2550 2207 temporalium
2570 2148 2966 2206 contemptum,
2997 2148 3049 2192 et
3076 2148 3400 2209 aeternorum
3425 2136 3566 2190 desi-

1983 2230 2196 2283 derium
2238 2230 2473 2293 excitat;
2538 2230 2834 2299 superbiae,
2892 2231 3018 2299 quia
3054 2230 3121 2284 de
3159 2230 3375 2298 propria
3410 2227 3578 2296 fragi-

1986 2323 2137 2378 litate
2171 2337 2273 2377 nos
2302 2322 2542 2379 instruit.

2056 2503 2225 2561 Vens.
2253 2507 2337 2561 Η.
2364 2504 2556 2559 Melior
2579 2513 2655 2558 est
2697 2502 2984 2572 (requisitio
3041 2501 3176 2569 ejus,
3230 2497 3350 2551 auri
3388 2505 3438 2550 et
3475 2512 3569 2550 ar-

1983 2597 2127 2666 genti
2158 2597 2445 2650 thesauris.
2481 2596 2618 2649 Cum
2653 2595 2849 2647 melius
2901 2591 2972 2645 sit
3016 2589 3338 2659 sapientiam
3363 2597 3415 2639 et
3443 2600 3570 2654 pru-

1986 2688 2228 2744 dentiain
2277 2703 2377 2743 nos
2405 2688 2688 2756 emptione
2716 2684 3026 2752 acquirere.
3069 2696 3165 2748 per
3187 2692 3396 2748 eaquae
3434 2692 3570 2746 pene

1987 2795 2088 2834 nos
2118 2787 2264 2841 sunt,
2311 2777 2568 2847 patientia
2622 2780 2676 2829 in
2739 2772 3154 2831 teutationihus,
3207 2778 3260 2823 et
3333 2767 3573 2836 puritate

1988 2872 2108 2925 vitae
2164 2870 2419 2941 (delectat
2465 2869 2609 2922 enim
2651 2881 2750 2920 nos
2773 2866 2827 2919 in
2852 2865 3071 2918 camino
3108 2876 3298 2915 aurum
3327 2875 3435 2913 non
3463 2859 3568 2912 mi~

1987 2965 2101 3024 nui,
2138 2970 2186 3013 et
2225 2959 2431 3027 fulgere
2460 2952 2793 3027 argentum),
2830 2968 2995 3023 quam
3024 2951 3224 3006 multos
3251 2948 3368 3004 auri
3398 2955 3451 3003 et
3479 2962 3570 3001 ar-

1926 3112 1937 3121 ,
1988 3054 2138 3124 genti
2180 3054 2473 3108 thesauros
2516 3062 2861 3119 comparare.

2065 3228 2342 3284 VsusJS.
2373 3225 2673 3281 Pretiosior
2713 3234 2791 3279 est
2847 3220 3241 3293 pretiosissimis
3285 3215 3570 3286 lapidibus.

1994 3321 2084 3374 Illa
2118 3320 2407 3390 pretiosior
2429 3325 2511 3372 est
2540 3309 3239 3385 lapidibuspretiosissimis
3262 3308 3344 3371 ;in
3378 3306 3571 3357 horum

1995 3412 2138 3466 enim
2175 3406 2565 3478 negotiatione,
2605 3413 2865 3470 tanquam
2915 3400 3135 3455 caducze
3169 3395 3429 3455 materiae,
3461 3394 3572 3443 sol-

1997 3504 2143 3556 vitur
2194 3501 2423 3554 multum
2471 3512 2661 3549 aurum
2721 3494 2803 3548 vel
2878 3500 3188 3561 argentum,
3252 3502 3371 3556 quae
3444 3492 3575 3538 sunt

1996 3594 2278 3665 aequaliter
2299 3592 2425 3645 vilis
2446 3589 2699 3649 materia,
2729 3588 2785 3640 in
2826 3582 3199 3649 negotiatione
3240 3570 3419 3631 autem
3447 3591 3573 3645 pru-

1996 3663 2220 3744 dentiae,
2246 3697 2348 3737 nos
2374 3680 2477 3749 ipsi
2503 3678 2961 3749 pretiosissimam
3022 3680 3078 3726 et
3119 3669 3441 3722 familiarem
3476 3663 3572 3719 Dei

1997 3774 2342 3842 acquirimus
2366 3771 2801 3842 possessionem.

2071 3866 2193 3919 Non
2234 3866 2436 3919 resistit
2484 3865 2533 3917 ei
2576 3862 2745 3914 ullum
2801 3857 3026 3913 malum.
3085 3855 3205 3908 Non
3261 3852 3462 3907 resistit
3494 3848 3574 3903 illi

1998 3961 2105 4014 ulla
2140 3958 2375 4013 malitia:
2407 3971 2528 4008 nam
2561 3952 2774 4022 fulgens
2796 3951 2850 4003 in
2888 3949 3042 4004 nobis
3077 3963 3170 4016 per
3203 3945 3486 4000 scientiam
3518 3951 3577 3996 et

1998 4055 2517 4113 virtutem,0mucm
2587 4044 2911 4114 ignorantiae
2965 4051 3021 4097 et
3083 4038 3326 4103 malitiae,
3351 4035 3507 4105 longe
3541 4048 3573 4087 a

1998 4143 2156 4198 nobis
2187 4145 2433 4194 removet
2463 4134 2877 4191 obscuritatem.

2069 4230 2360 4300 Manifesta
2397 4236 2474 4284 est
2518 4225 2760 4280 omnibus
2799 4224 2887 4294 qui
2920 4220 3136 4275 irritant
3180 4217 3353 4271 illam.
3391 4211 3577 4267 Facile

1996 4322 2451 4396 apprehenditur,
2485 4319 2553 4372 ah
2607 4317 2674 4370 iis
2709 4316 2803 4384 qui
2854 4328 2973 4367 eam
3024 4309 3226 4364 imitari
3263 4312 3572 4369 conantur;

1997 4430 2056 4475 ut
2103 4415 2432 4483 archetypus
2483 4408 2774 4471 aestimata,
2823 4405 2878 4459 in
2931 4402 3164 4458 diversis
3202 4398 3477 4467 imaginis,
3521 4401 3578 4453 et

1923 4515 1967 4573 ι)
1997 4505 2375 4559 similitudinis
2410 4500 2605 4554 tuodis.

2068 4598 2236 4653 Omne
2264 4597 2487 4664 pretium
2518 4609 2621 4647 non
2648 4599 2725 4644 est
2757 4588 2854 4642 illa
2884 4587 3124 4656 dignum.
3155 4581 3296 4636 Nihil
3327 4594 3518 4636 eorum
3545 4593 3578 4633 a

1994 4691 2154 4745 nobis
2197 4690 2257 4742 ιῑι
2311 4683 2859 4756 pretiOsissimorum.
2895 4673 3358 4736 existitmitorum,
3395 4681 3575 4743 poteSt

1994 4783 2071 4837 illi
2102 4777 2442 4849 comparari;
2473 4776 2601 4845 quia
2631 4781 2715 4825 est
2740 4772 2982 4825 essentia
3008 4768 3268 4823 on'iuihus
3297 4763 3576 4833 superior,

1994 4873 2097 4928 etsi
2145 4872 2220 4927 sit
2271 4872 2326 4924 in
2376 4869 2634 4924 omnibus
2679 4865 2900 4917 virtute.
2954 4859 3165 4914 Idcirco
3206 4873 3300 4927 per
3342 4855 3578 4926 gratiam

1998 4964 2075 5017 illi
2104 4960 2527 5029 participamus,
2556 4956 2690 5009 nihil
2719 4968 2780 5007 ea
2810 4953 3031 5021 dignum
3063 4951 3465 5005 existimantes.

2070 5136 2239 5191 Vens.
2289 5135 2375 5188 16.
2430 5131 2725 5200 Longitudo
2781 5130 3021 5189 dierum,
3077 5134 3124 5178 et
3176 5121 3302 5174 mini
3353 5120 3475 5171 vita:
3521 5117 3574 5170 in

1999 5230 2218 5282 dextera
2265 5226 2400 5294 ejus.
2459 5223 2730 5276 Perl'ectio
2777 5220 2899 5285 ejus
2952 5218 3003 5267 in
3050 5213 3271 5270 virtute,
3314 5217 3573 5276 tauquam

2001 5322 2055 5372 in
2093 5318 2339 5378 dextera,
2371 5330 2479 5382 qua
2527 5323 2609 5365 cst
2648 5309 2959 5361 divinorum
3005 5301 3256 5365 scientia,
3289 5307 3372 5352 cst
3407 5297 3577 5351 subli-

2002 5410 2159 5463 mitas
2198 5410 2319 5461 vitae
2352 5407 2506 5460 bona:
2540 5399 2841 5457 secundum
2899 5397 3071 5459 legem
3122 5392 3482 5459 spiritualem,
3518 5395 3579 5442 ut

2002 5501 2303 5561 sanctitas,
2377 5497 2648 5564 justitiam
2719 5490 2851 5559 legis
2930 5486 3195 5538 naturalis
3249 5492 3301 5537 et
3359 5482 3577 5550 scriptae

2003 5590 2397 5645 trausremlens
2450 5596 2503 5640 ct
2560 5579 3037 5643 nicusttta_auuis
3087 5591 3235 5644 pune
3280 5572 3575 5629 visibilium

2004 5678 2502 5751 contemplationis,
2535 5672 2890 5729 intellectttaii
2921 5670 3256 5740 cognitione.
