  <div class='ocr_page' id='page_1' title='image "/cluster/home/n/w/nwhite01/storage/ocr_20150623/87 pt.1/mdp.39015032856539/661.png"; bbox 0 0 3960 6230; ppageno 0'>
   <div class='ocr_carea' id='block_1_1' title="bbox 477 303 617 374">
    <p class='ocr_par' dir='ltr' id='par_1_1' title="bbox 477 303 617 374">
     <span class='ocr_line' id='line_1_1' title="bbox 477 303 617 374; baseline -0.029 0"><span class='ocrx_word' id='word_1_1' title='bbox 477 303 617 374; x_wconf 73' lang='grc'><strong>1247</strong></span> 
     </span>
    </p>
   </div>
   <div class='ocr_carea' id='block_1_2' title="bbox 477 520 2055 592">
    <p class='ocr_par' dir='ltr' id='par_1_2' title="bbox 477 520 2055 592">
     <span class='ocr_line' id='line_1_2' title="bbox 477 520 2055 592; baseline 0.001 -18"><span class='ocrx_word' id='word_1_2' title='bbox 477 521 602 589; x_wconf 85' lang='lat' dir='ltr'><strong>ejus</strong></span> <span class='ocrx_word' id='word_1_3' title='bbox 637 520 691 574; x_wconf 94' lang='lat' dir='ltr'><strong>in</strong></span> <span class='ocrx_word' id='word_1_4' title='bbox 722 521 928 576; x_wconf 82' lang='lat' dir='ltr'><strong>virtute</strong></span> <span class='ocrx_word' id='word_1_5' title='bbox 964 529 1227 590; x_wconf 83' lang='lat' dir='ltr'><strong>tanquam</strong></span> <span class='ocrx_word' id='word_1_6' title='bbox 1260 522 1316 575; x_wconf 90' lang='lat' dir='ltr'><strong>in</strong></span> <span class='ocrx_word' id='word_1_7' title='bbox 1345 522 1599 588; x_wconf 88' lang='lat' dir='ltr'><strong>sinistra,</strong></span> <span class='ocrx_word' id='word_1_8' title='bbox 1629 538 1753 592; x_wconf 71' lang='lat' dir='ltr'><strong>qua:</strong></span> <span class='ocrx_word' id='word_1_9' title='bbox 1785 524 2055 576; x_wconf 86' lang='lat' dir='ltr'><strong>humano-</strong></span> 
     </span>
    </p>
   </div>
   <div class='ocr_carea' id='block_1_3' title="bbox 482 611 2052 684">
    <p class='ocr_par' dir='ltr' id='par_1_3' title="bbox 482 611 2052 684">
     <span class='ocr_line' id='line_1_3' title="bbox 482 611 2052 684; baseline 0.003 -19"><span class='ocrx_word' id='word_1_10' title='bbox 482 629 607 666; x_wconf 99' lang='lat' dir='ltr'><strong>rum</strong></span> <span class='ocrx_word' id='word_1_11' title='bbox 649 611 878 668; x_wconf 89' lang='lat' dir='ltr'><strong>scientia</strong></span> <span class='ocrx_word' id='word_1_12' title='bbox 922 611 1266 684; x_wconf 75' lang='lat' dir='ltr'><strong>intelligitur,</strong></span> <span class='ocrx_word' id='word_1_13' title='bbox 1300 624 1386 669; x_wconf 92' lang='lat' dir='ltr'><strong>est</strong></span> <span class='ocrx_word' id='word_1_14' title='bbox 1420 613 1753 669; x_wconf 82' lang='lat' dir='ltr'><strong>abundantia</strong></span> <span class='ocrx_word' id='word_1_15' title='bbox 1789 614 2052 669; x_wconf 91' lang='lat' dir='ltr'><strong>virtutum</strong></span> 
     </span>
    </p>
   </div>
   <div class='ocr_carea' id='block_1_4' title="bbox 481 705 2053 776">
    <p class='ocr_par' dir='ltr' id='par_1_4' title="bbox 481 705 2053 776">
     <span class='ocr_line' id='line_1_4' title="bbox 481 705 2053 776; baseline 0.001 -17"><span class='ocrx_word' id='word_1_16' title='bbox 481 705 781 759; x_wconf 81' lang='lat' dir='ltr'><strong>secundum</strong></span> <span class='ocrx_word' id='word_1_17' title='bbox 839 705 1011 774; x_wconf 75' lang='lat' dir='ltr'><strong>legem</strong></span> <span class='ocrx_word' id='word_1_18' title='bbox 1070 706 1375 761; x_wconf 75' lang='lat' dir='ltr'><strong>naturalem</strong></span> <span class='ocrx_word' id='word_1_19' title='bbox 1431 714 1486 761; x_wconf 92' lang='lat' dir='ltr'><strong>et</strong></span> <span class='ocrx_word' id='word_1_20' title='bbox 1536 707 1820 776; x_wconf 80' lang='lat' dir='ltr'><strong>scriptam,</strong></span> <span class='ocrx_word' id='word_1_21' title='bbox 1856 716 1912 761; x_wconf 86' lang='lat' dir='ltr'><strong>ct</strong></span> <span class='ocrx_word' id='word_1_22' title='bbox 1970 707 2053 775; x_wconf 83' lang='lat' dir='ltr'><strong>pia</strong></span> 
     </span>
    </p>
   </div>
   <div class='ocr_carea' id='block_1_5' title="bbox 481 793 2056 865">
    <p class='ocr_par' dir='ltr' id='par_1_5' title="bbox 481 793 2056 865">
     <span class='ocr_line' id='line_1_5' title="bbox 481 793 2056 865; baseline 0.002 -18"><span class='ocrx_word' id='word_1_23' title='bbox 481 793 792 847; x_wconf 89' lang='lat' dir='ltr'><strong>divinorum</strong></span> <span class='ocrx_word' id='word_1_24' title='bbox 817 793 1176 863; x_wconf 89' lang='lat' dir='ltr'><strong>judiciorum,</strong></span> <span class='ocrx_word' id='word_1_25' title='bbox 1197 798 1440 851; x_wconf 80' lang='lat' dir='ltr'><strong>naturali</strong></span> <span class='ocrx_word' id='word_1_26' title='bbox 1486 798 1839 852; x_wconf 71' lang='lat' dir='ltr'><strong>meditatione</strong></span> <span class='ocrx_word' id='word_1_27' title='bbox 1868 798 2056 865; x_wconf 73' lang='lat' dir='ltr'><strong>acqui-</strong></span> 
     </span>
    </p>
   </div>
   <div class='ocr_carea' id='block_1_6' title="bbox 480 883 2055 954">
    <p class='ocr_par' dir='ltr' id='par_1_6' title="bbox 480 883 2055 954">
     <span class='ocr_line' id='line_1_6' title="bbox 480 883 2055 954; baseline 0.004 -17"><span class='ocrx_word' id='word_1_28' title='bbox 480 885 587 937; x_wconf 88' lang='lat' dir='ltr'><strong>sita</strong></span> <span class='ocrx_word' id='word_1_29' title='bbox 639 883 913 954; x_wconf 78' lang='lat' dir='ltr'><strong>Cugttilio,</strong></span> <span class='ocrx_word' id='word_1_30' title='bbox 970 887 1186 941; x_wconf 85' lang='lat' dir='ltr'><strong>scilicet</strong></span> <span class='ocrx_word' id='word_1_31' title='bbox 1235 902 1361 942; x_wconf 88' lang='lat' dir='ltr'><strong>vera</strong></span> <span class='ocrx_word' id='word_1_32' title='bbox 1414 890 1469 942; x_wconf 91' lang='lat' dir='ltr'><strong>iu</strong></span> <span class='ocrx_word' id='word_1_33' title='bbox 1526 890 1692 944; x_wconf 83' lang='lat' dir='ltr'><strong>rebus</strong></span> <span class='ocrx_word' id='word_1_34' title='bbox 1750 889 2055 951; x_wconf 80' lang='lat' dir='ltr'><strong>visibilibus</strong></span> 
     </span>
    </p>
   </div>
   <div class='ocr_carea' id='block_1_7' title="bbox 480 972 676 1040">
    <p class='ocr_par' dir='ltr' id='par_1_7' title="bbox 480 972 676 1040">
     <span class='ocr_line' id='line_1_7' title="bbox 480 972 676 1040; baseline 0.005 -15"><span class='ocrx_word' id='word_1_35' title='bbox 480 972 676 1040; x_wconf 81' lang='lat' dir='ltr'><strong>gloria.</strong></span> 
     </span>
    </p>
   </div>
   <div class='ocr_carea' id='block_1_8' title="bbox 552 1062 2053 1138">
    <p class='ocr_par' dir='ltr' id='par_1_8' title="bbox 552 1062 2053 1138">
     <span class='ocr_line' id='line_1_8' title="bbox 552 1062 2053 1138; baseline 0.004 -23"><span class='ocrx_word' id='word_1_36' title='bbox 552 1062 636 1115; x_wconf 72' lang='lat' dir='ltr'><strong>Ex</strong></span> <span class='ocrx_word' id='word_1_37' title='bbox 667 1081 757 1118; x_wconf 85' lang='lat' dir='ltr'><strong>ore</strong></span> <span class='ocrx_word' id='word_1_38' title='bbox 792 1065 908 1133; x_wconf 87' lang='lat' dir='ltr'><strong>ejus</strong></span> <span class='ocrx_word' id='word_1_39' title='bbox 932 1067 1169 1134; x_wconf 82' lang='lat' dir='ltr'><strong>procedit</strong></span> <span class='ocrx_word' id='word_1_40' title='bbox 1194 1068 1443 1138; x_wconf 79' lang='lat' dir='ltr'><strong>justiti/1;</strong></span> <span class='ocrx_word' id='word_1_41' title='bbox 1478 1068 1639 1138; x_wconf 83' lang='lat' dir='ltr'><strong>legem</strong></span> <span class='ocrx_word' id='word_1_42' title='bbox 1668 1079 1716 1123; x_wconf 90' lang='lat' dir='ltr'><strong>et</strong></span> <span class='ocrx_word' id='word_1_43' title='bbox 1750 1070 2053 1123; x_wconf 83' lang='lat' dir='ltr'><strong>misericor-</strong></span> 
     </span>
    </p>
   </div>
   <div class='ocr_carea' id='block_1_9' title="bbox 478 1153 2058 1228">
    <p class='ocr_par' dir='ltr' id='par_1_9' title="bbox 478 1153 2058 1228">
     <span class='ocr_line' id='line_1_9' title="bbox 478 1153 2058 1228; baseline 0.006 -24"><span class='ocrx_word' id='word_1_44' title='bbox 478 1153 627 1207; x_wconf 83' lang='lat' dir='ltr'><strong>diam</strong></span> <span class='ocrx_word' id='word_1_45' title='bbox 656 1158 710 1208; x_wconf 84' lang='lat' dir='ltr'><strong>in</strong></span> <span class='ocrx_word' id='word_1_46' title='bbox 744 1155 928 1224; x_wconf 79' lang='lat' dir='ltr'><strong>lingua</strong></span> <span class='ocrx_word' id='word_1_47' title='bbox 956 1167 1158 1226; x_wconf 77' lang='lat' dir='ltr'><strong>portat.</strong></span> <span class='ocrx_word' id='word_1_48' title='bbox 1184 1159 1251 1212; x_wconf 77' lang='lat' dir='ltr'><strong>Et</strong></span> <span class='ocrx_word' id='word_1_49' title='bbox 1279 1176 1345 1214; x_wconf 81' lang='lat' dir='ltr'><strong>ex</strong></span> <span class='ocrx_word' id='word_1_50' title='bbox 1376 1161 1665 1215; x_wconf 81' lang='lat' dir='ltr'><strong>verissima</strong></span> <span class='ocrx_word' id='word_1_51' title='bbox 1696 1160 1816 1228; x_wconf 70' lang='lat' dir='ltr'><strong>ejus</strong></span> <span class='ocrx_word' id='word_1_52' title='bbox 1851 1160 2058 1213; x_wconf 86' lang='lat' dir='ltr'><strong>doctri-</strong></span> 
     </span>
    </p>
   </div>
   <div class='ocr_carea' id='block_1_10' title="bbox 482 1249 2054 1320">
    <p class='ocr_par' dir='ltr' id='par_1_10' title="bbox 482 1249 2054 1320">
     <span class='ocr_line' id='line_1_10' title="bbox 482 1249 2054 1320; baseline 0.004 -23"><span class='ocrx_word' id='word_1_53' title='bbox 482 1261 573 1301; x_wconf 83' lang='lat' dir='ltr'><strong>na.</strong></span> <span class='ocrx_word' id='word_1_54' title='bbox 607 1254 867 1315; x_wconf 81' lang='lat' dir='ltr'><strong>tauquam</strong></span> <span class='ocrx_word' id='word_1_55' title='bbox 900 1263 964 1301; x_wconf 79' lang='lat' dir='ltr'><strong>ex</strong></span> <span class='ocrx_word' id='word_1_56' title='bbox 1006 1249 1192 1318; x_wconf 87' lang='lat' dir='ltr'><strong>aliquo</strong></span> <span class='ocrx_word' id='word_1_57' title='bbox 1217 1264 1334 1317; x_wconf 85' lang='lat' dir='ltr'><strong>ore,</strong></span> <span class='ocrx_word' id='word_1_58' title='bbox 1372 1251 1620 1318; x_wconf 84' lang='lat' dir='ltr'><strong>procedit</strong></span> <span class='ocrx_word' id='word_1_59' title='bbox 1657 1252 1844 1320; x_wconf 77' lang='lat' dir='ltr'><strong>regula</strong></span> <span class='ocrx_word' id='word_1_60' title='bbox 1883 1252 2054 1304; x_wconf 86' lang='lat' dir='ltr'><strong>virtu-</strong></span> 
     </span>
    </p>
   </div>
   <div class='ocr_carea' id='block_1_11' title="bbox 483 1339 2058 1409">
    <p class='ocr_par' dir='ltr' id='par_1_11' title="bbox 483 1339 2058 1409">
     <span class='ocr_line' id='line_1_11' title="bbox 483 1339 2058 1409; baseline 0.003 -21"><span class='ocrx_word' id='word_1_61' title='bbox 483 1343 635 1400; x_wconf 87' lang='lat' dir='ltr'><strong>tum;</strong></span> <span class='ocrx_word' id='word_1_62' title='bbox 677 1351 800 1404; x_wconf 65' lang='lat' dir='ltr'><strong>quae</strong></span> <span class='ocrx_word' id='word_1_63' title='bbox 843 1348 954 1392; x_wconf 90' lang='lat' dir='ltr'><strong>tres</strong></span> <span class='ocrx_word' id='word_1_64' title='bbox 983 1339 1180 1392; x_wconf 72' lang='lat' dir='ltr'><strong>anima:</strong></span> <span class='ocrx_word' id='word_1_65' title='bbox 1220 1339 1493 1407; x_wconf 85' lang='lat' dir='ltr'><strong>potentias</strong></span> <span class='ocrx_word' id='word_1_66' title='bbox 1530 1347 1743 1409; x_wconf 72' lang='lat' dir='ltr'><strong>servat,</strong></span> <span class='ocrx_word' id='word_1_67' title='bbox 1774 1348 1833 1393; x_wconf 93' lang='lat' dir='ltr'><strong>ut</strong></span> <span class='ocrx_word' id='word_1_68' title='bbox 1862 1339 1930 1393; x_wconf 85' lang='lat' dir='ltr'><strong>ad</strong></span> <span class='ocrx_word' id='word_1_69' title='bbox 1958 1356 2058 1393; x_wconf 89' lang='lat' dir='ltr'><strong>cu-</strong></span> 
     </span>
    </p>
   </div>
   <div class='ocr_carea' id='block_1_12' title="bbox 483 1426 2059 1496">
    <p class='ocr_par' dir='ltr' id='par_1_12' title="bbox 483 1426 2059 1496">
     <span class='ocr_line' id='line_1_12' title="bbox 483 1426 2059 1496; baseline 0.006 -19"><span class='ocrx_word' id='word_1_70' title='bbox 483 1426 743 1494; x_wconf 82' lang='lat' dir='ltr'><strong>piditates</strong></span> <span class='ocrx_word' id='word_1_71' title='bbox 788 1444 908 1496; x_wconf 66' lang='lat' dir='ltr'><strong>quae</strong></span> <span class='ocrx_word' id='word_1_72' title='bbox 950 1444 1019 1484; x_wconf 81' lang='lat' dir='ltr'><strong>ex</strong></span> <span class='ocrx_word' id='word_1_73' title='bbox 1068 1427 1286 1485; x_wconf 86' lang='lat' dir='ltr'><strong>defectu</strong></span> <span class='ocrx_word' id='word_1_74' title='bbox 1325 1432 1409 1486; x_wconf 88' lang='lat' dir='ltr'><strong>vel</strong></span> <span class='ocrx_word' id='word_1_75' title='bbox 1446 1446 1513 1486; x_wconf 81' lang='lat' dir='ltr'><strong>ex</strong></span> <span class='ocrx_word' id='word_1_76' title='bbox 1559 1446 1788 1486; x_wconf 77' lang='lat' dir='ltr'><strong>excessu</strong></span> <span class='ocrx_word' id='word_1_77' title='bbox 1834 1433 2059 1487; x_wconf 91' lang='lat' dir='ltr'><strong>virtutis</strong></span> 
     </span>
    </p>
   </div>
   <div class='ocr_carea' id='block_1_13' title="bbox 482 1516 2061 1594">
    <p class='ocr_par' dir='ltr' id='par_1_13' title="bbox 482 1516 2061 1594">
     <span class='ocr_line' id='line_1_13' title="bbox 482 1516 2061 1594; baseline 0.006 -26"><span class='ocrx_word' id='word_1_78' title='bbox 482 1516 757 1582; x_wconf 84' lang='lat' dir='ltr'><strong>oriuntur,</strong></span> <span class='ocrx_word' id='word_1_79' title='bbox 811 1533 919 1574; x_wconf 90' lang='lat' dir='ltr'><strong>non</strong></span> <span class='ocrx_word' id='word_1_80' title='bbox 974 1520 1310 1576; x_wconf 88' lang='lat' dir='ltr'><strong>inclinentur</strong></span> <span class='ocrx_word' id='word_1_81' title='bbox 1358 1544 1369 1577; x_wconf 90' lang='lat'><strong>:</strong></span> <span class='ocrx_word' id='word_1_82' title='bbox 1411 1538 1628 1578; x_wconf 86' lang='lat' dir='ltr'><strong>onmem</strong></span> <span class='ocrx_word' id='word_1_83' title='bbox 1688 1524 1818 1578; x_wconf 90' lang='lat' dir='ltr'><strong>mali</strong></span> <span class='ocrx_word' id='word_1_84' title='bbox 1875 1525 2061 1594; x_wconf 87' lang='lat' dir='ltr'><strong>operis</strong></span> 
     </span>
    </p>
   </div>
   <div class='ocr_carea' id='block_1_14' title="bbox 484 1609 2061 1685">
    <p class='ocr_par' dir='ltr' id='par_1_14' title="bbox 484 1609 2061 1685">
     <span class='ocr_line' id='line_1_14' title="bbox 484 1609 2061 1685; baseline 0.008 -24"><span class='ocrx_word' id='word_1_85' title='bbox 484 1609 891 1675; x_wconf 87' lang='lat' dir='ltr'><strong>remotiouem,</strong></span> <span class='ocrx_word' id='word_1_86' title='bbox 940 1620 995 1666; x_wconf 90' lang='lat' dir='ltr'><strong>et</strong></span> <span class='ocrx_word' id='word_1_87' title='bbox 1054 1613 1313 1681; x_wconf 84' lang='lat' dir='ltr'><strong>pietatem</strong></span> <span class='ocrx_word' id='word_1_88' title='bbox 1370 1630 1500 1685; x_wconf 83' lang='lat' dir='ltr'><strong>erga</strong></span> <span class='ocrx_word' id='word_1_89' title='bbox 1560 1630 1752 1673; x_wconf 87' lang='lat' dir='ltr'><strong>omnes</strong></span> <span class='ocrx_word' id='word_1_90' title='bbox 1808 1616 2061 1673; x_wconf 84' lang='lat' dir='ltr'><strong>homines</strong></span> 
     </span>
    </p>
   </div>
   <div class='ocr_carea' id='block_1_15' title="bbox 483 1699 2060 1776">
    <p class='ocr_par' dir='ltr' id='par_1_15' title="bbox 483 1699 2060 1776">
     <span class='ocr_line' id='line_1_15' title="bbox 483 1699 2060 1776; baseline 0.004 -23"><span class='ocrx_word' id='word_1_91' title='bbox 483 1699 646 1753; x_wconf 78' lang='lat' dir='ltr'><strong>atl‘ert</strong></span> <span class='ocrx_word' id='word_1_92' title='bbox 683 1701 965 1770; x_wconf 81' lang='lat' dir='ltr'><strong>sapientiae</strong></span> <span class='ocrx_word' id='word_1_93' title='bbox 1003 1717 1188 1758; x_wconf 87' lang='lat' dir='ltr'><strong>sermo</strong></span> <span class='ocrx_word' id='word_1_94' title='bbox 1224 1704 1590 1772; x_wconf 86' lang='lat' dir='ltr'><strong>doctrinalis;</strong></span> <span class='ocrx_word' id='word_1_95' title='bbox 1626 1706 1788 1775; x_wconf 89' lang='lat' dir='ltr'><strong>quasi</strong></span> <span class='ocrx_word' id='word_1_96' title='bbox 1825 1709 2060 1776; x_wconf 88' lang='lat' dir='ltr'><strong>quadam</strong></span> 
     </span>
    </p>
   </div>
   <div class='ocr_carea' id='block_1_16' title="bbox 484 1789 1843 1859">
    <p class='ocr_par' dir='ltr' id='par_1_16' title="bbox 484 1789 1843 1859">
     <span class='ocr_line' id='line_1_16' title="bbox 484 1789 1843 1859; baseline 0.009 -17"><span class='ocrx_word' id='word_1_97' title='bbox 484 1789 694 1859; x_wconf 74' lang='lat' dir='ltr'><strong>lingua,</strong></span> <span class='ocrx_word' id='word_1_98' title='bbox 729 1792 873 1846; x_wconf 83' lang='lat' dir='ltr'><strong>vitas</strong></span> <span class='ocrx_word' id='word_1_99' title='bbox 907 1792 1188 1848; x_wconf 86' lang='lat' dir='ltr'><strong>hominum</strong></span> <span class='ocrx_word' id='word_1_100' title='bbox 1221 1793 1288 1849; x_wconf 89' lang='lat' dir='ltr'><strong>ad</strong></span> <span class='ocrx_word' id='word_1_101' title='bbox 1322 1792 1578 1852; x_wconf 73' lang='lat' dir='ltr'><strong>virtutem</strong></span> <span class='ocrx_word' id='word_1_102' title='bbox 1602 1798 1843 1854; x_wconf 84' lang='lat' dir='ltr'><strong>ordinat.</strong></span> 
     </span>
    </p>
   </div>
   <div class='ocr_carea' id='block_1_17' title="bbox 559 1964 2066 2044">
    <p class='ocr_par' dir='ltr' id='par_1_17' title="bbox 559 1964 2066 2044">
     <span class='ocr_line' id='line_1_17' title="bbox 559 1964 2066 2044; baseline 0.009 -26"><span class='ocrx_word' id='word_1_103' title='bbox 559 1964 726 2021; x_wconf 72' lang='lat' dir='ltr'><strong>Vsus.</strong></span> <span class='ocrx_word' id='word_1_104' title='bbox 761 1968 849 2023; x_wconf 82' lang='grc'><strong>17.</strong></span> <span class='ocrx_word' id='word_1_105' title='bbox 893 1966 1006 2023; x_wconf 76' lang='lat' dir='ltr'><strong>Via:</strong></span> <span class='ocrx_word' id='word_1_106' title='bbox 1045 1970 1184 2039; x_wconf 87' lang='lat' dir='ltr'><strong>ejus,</strong></span> <span class='ocrx_word' id='word_1_107' title='bbox 1221 1971 1319 2026; x_wconf 75' lang='lat' dir='ltr'><strong>via:</strong></span> <span class='ocrx_word' id='word_1_108' title='bbox 1346 1972 1599 2040; x_wconf 68' lang='lat' dir='ltr'><strong>pulchrae.</strong></span> <span class='ocrx_word' id='word_1_109' title='bbox 1635 1972 1866 2044; x_wconf 66' lang='lat' dir='ltr'><strong>Optima:</strong></span> <span class='ocrx_word' id='word_1_110' title='bbox 1890 1976 2066 2031; x_wconf 85' lang='lat' dir='ltr'><strong>virtu-</strong></span> 
     </span>
    </p>
   </div>
   <div class='ocr_carea' id='block_1_18' title="bbox 487 2055 2063 2137">
    <p class='ocr_par' dir='ltr' id='par_1_18' title="bbox 487 2055 2063 2137">
     <span class='ocr_line' id='line_1_18' title="bbox 487 2055 2063 2137; baseline 0.008 -29"><span class='ocrx_word' id='word_1_111' title='bbox 487 2055 560 2109; x_wconf 80' lang='lat' dir='ltr'><strong>tis</strong></span> <span class='ocrx_word' id='word_1_112' title='bbox 594 2059 948 2128; x_wconf 64' lang='lat' dir='ltr'><strong>scientiaeque</strong></span> <span class='ocrx_word' id='word_1_113' title='bbox 986 2060 1156 2129; x_wconf 79' lang='lat' dir='ltr'><strong>leges,</strong></span> <span class='ocrx_word' id='word_1_114' title='bbox 1186 2073 1239 2116; x_wconf 90' lang='lat' dir='ltr'><strong>et</strong></span> <span class='ocrx_word' id='word_1_115' title='bbox 1267 2062 1543 2133; x_wconf 76' lang='lat' dir='ltr'><strong>dogmata,</strong></span> <span class='ocrx_word' id='word_1_116' title='bbox 1575 2064 1630 2118; x_wconf 87' lang='lat' dir='ltr'><strong>in</strong></span> <span class='ocrx_word' id='word_1_117' title='bbox 1658 2065 1859 2136; x_wconf 83' lang='lat' dir='ltr'><strong>quibus</strong></span> <span class='ocrx_word' id='word_1_118' title='bbox 1906 2068 2063 2137; x_wconf 85' lang='lat' dir='ltr'><strong>quasi</strong></span> 
     </span>
    </p>
   </div>
   <div class='ocr_carea' id='block_1_19' title="bbox 488 2146 2065 2226">
    <p class='ocr_par' dir='ltr' id='par_1_19' title="bbox 488 2146 2065 2226">
     <span class='ocr_line' id='line_1_19' title="bbox 488 2146 2065 2226; baseline 0.009 -28"><span class='ocrx_word' id='word_1_119' title='bbox 488 2146 543 2198; x_wconf 89' lang='lat' dir='ltr'><strong>iu</strong></span> <span class='ocrx_word' id='word_1_120' title='bbox 587 2148 689 2202; x_wconf 85' lang='lat' dir='ltr'><strong>viis</strong></span> <span class='ocrx_word' id='word_1_121' title='bbox 720 2149 1083 2205; x_wconf 83' lang='lat' dir='ltr'><strong>deambulans</strong></span> <span class='ocrx_word' id='word_1_122' title='bbox 1119 2154 1413 2222; x_wconf 69' lang='lat' dir='ltr'><strong>sapientia,</strong></span> <span class='ocrx_word' id='word_1_123' title='bbox 1449 2154 1503 2208; x_wconf 89' lang='lat' dir='ltr'><strong>in</strong></span> <span class='ocrx_word' id='word_1_124' title='bbox 1539 2171 1872 2226; x_wconf 86' lang='lat' dir='ltr'><strong>unoquoque</strong></span> <span class='ocrx_word' id='word_1_125' title='bbox 1915 2158 2065 2212; x_wconf 84' lang='lat' dir='ltr'><strong>salu-</strong></span> 
     </span>
    </p>
   </div>
   <div class='ocr_carea' id='block_1_20' title="bbox 489 2235 2065 2316">
    <p class='ocr_par' dir='ltr' id='par_1_20' title="bbox 489 2235 2065 2316">
     <span class='ocr_line' id='line_1_20' title="bbox 489 2235 2065 2316; baseline 0.009 -28"><span class='ocrx_word' id='word_1_126' title='bbox 489 2235 562 2291; x_wconf 89' lang='lat' dir='ltr'><strong>tis</strong></span> <span class='ocrx_word' id='word_1_127' title='bbox 604 2252 829 2292; x_wconf 79' lang='lat' dir='ltr'><strong>cursum</strong></span> <span class='ocrx_word' id='word_1_128' title='bbox 880 2249 1159 2309; x_wconf 85' lang='lat' dir='ltr'><strong>operatur,</strong></span> <span class='ocrx_word' id='word_1_129' title='bbox 1212 2245 1370 2299; x_wconf 77' lang='lat' dir='ltr'><strong>facile</strong></span> <span class='ocrx_word' id='word_1_130' title='bbox 1409 2246 1478 2300; x_wconf 87' lang='lat' dir='ltr'><strong>ab</strong></span> <span class='ocrx_word' id='word_1_131' title='bbox 1515 2245 1584 2300; x_wconf 90' lang='lat' dir='ltr'><strong>iis</strong></span> <span class='ocrx_word' id='word_1_132' title='bbox 1620 2247 1934 2315; x_wconf 88' lang='lat' dir='ltr'><strong>implentur,</strong></span> <span class='ocrx_word' id='word_1_133' title='bbox 1971 2248 2065 2316; x_wconf 90' lang='lat' dir='ltr'><strong>qui</strong></span> 
     </span>
    </p>
   </div>
   <div class='ocr_carea' id='block_1_21' title="bbox 487 2330 1902 2404">
    <p class='ocr_par' dir='ltr' id='par_1_21' title="bbox 487 2330 1902 2404">
     <span class='ocr_line' id='line_1_21' title="bbox 487 2330 1902 2404; baseline 0.009 -21"><span class='ocrx_word' id='word_1_134' title='bbox 487 2331 570 2385; x_wconf 89' lang='lat' dir='ltr'><strong>eis</strong></span> <span class='ocrx_word' id='word_1_135' title='bbox 601 2330 937 2386; x_wconf 86' lang='lat' dir='ltr'><strong>conl&#39;ormem</strong></span> <span class='ocrx_word' id='word_1_136' title='bbox 969 2344 1138 2404; x_wconf 83' lang='lat' dir='ltr'><strong>agunt</strong></span> <span class='ocrx_word' id='word_1_137' title='bbox 1172 2336 1361 2393; x_wconf 88' lang='lat' dir='ltr'><strong>vitam.</strong></span> <span class='ocrx_word' id='word_1_138' title='bbox 1890 2388 1902 2399; x_wconf 91' lang='lat'><strong>.</strong></span> 
     </span>
    </p>
   </div>
   <div class='ocr_carea' id='block_1_22' title="bbox 566 2424 2066 2495">
    <p class='ocr_par' dir='ltr' id='par_1_22' title="bbox 566 2424 2066 2495">
     <span class='ocr_line' id='line_1_22' title="bbox 566 2424 2066 2495; baseline 0.008 -22"><span class='ocrx_word' id='word_1_139' title='bbox 566 2424 759 2475; x_wconf 85' lang='lat' dir='ltr'><strong>Omnes</strong></span> <span class='ocrx_word' id='word_1_140' title='bbox 789 2425 989 2478; x_wconf 75' lang='lat' dir='ltr'><strong>semita:</strong></span> <span class='ocrx_word' id='word_1_141' title='bbox 1019 2425 1134 2494; x_wconf 79' lang='lat' dir='ltr'><strong>ejus</strong></span> <span class='ocrx_word' id='word_1_142' title='bbox 1166 2428 1422 2495; x_wconf 67' lang='lat' dir='ltr'><strong>paci/iraa.</strong></span> <span class='ocrx_word' id='word_1_143' title='bbox 1458 2428 1519 2481; x_wconf 83' lang='lat' dir='ltr'><strong>Et</strong></span> <span class='ocrx_word' id='word_1_144' title='bbox 1546 2429 1750 2492; x_wconf 68' lang='lat' dir='ltr'><strong>gradus</strong></span> <span class='ocrx_word' id='word_1_145' title='bbox 1779 2430 2066 2494; x_wconf 89' lang='lat' dir='ltr'><strong>virtutum,</strong></span> 
     </span>
    </p>
   </div>
   <div class='ocr_carea' id='block_1_23' title="bbox 489 2514 2066 2593">
    <p class='ocr_par' dir='ltr' id='par_1_23' title="bbox 489 2514 2066 2593">
     <span class='ocr_line' id='line_1_23' title="bbox 489 2514 2066 2593; baseline 0.009 -29"><span class='ocrx_word' id='word_1_146' title='bbox 489 2514 693 2582; x_wconf 84' lang='lat' dir='ltr'><strong>quibus</strong></span> <span class='ocrx_word' id='word_1_147' title='bbox 741 2516 948 2584; x_wconf 88' lang='lat' dir='ltr'><strong>optime</strong></span> <span class='ocrx_word' id='word_1_148' title='bbox 1000 2519 1068 2572; x_wconf 89' lang='lat' dir='ltr'><strong>ad</strong></span> <span class='ocrx_word' id='word_1_149' title='bbox 1131 2522 1364 2573; x_wconf 86' lang='lat' dir='ltr'><strong>salutem</strong></span> <span class='ocrx_word' id='word_1_150' title='bbox 1422 2521 1572 2575; x_wconf 84' lang='lat' dir='ltr'><strong>ducit</strong></span> <span class='ocrx_word' id='word_1_151' title='bbox 1627 2523 1754 2577; x_wconf 88' lang='lat' dir='ltr'><strong>illos</strong></span> <span class='ocrx_word' id='word_1_152' title='bbox 1800 2524 1894 2593; x_wconf 90' lang='lat' dir='ltr'><strong>qui</strong></span> <span class='ocrx_word' id='word_1_153' title='bbox 1947 2539 2066 2578; x_wconf 88' lang='lat' dir='ltr'><strong>eam</strong></span> 
     </span>
    </p>
   </div>
   <div class='ocr_carea' id='block_1_24' title="bbox 492 2609 2071 2679">
    <p class='ocr_par' dir='ltr' id='par_1_24' title="bbox 492 2609 2071 2679">
     <span class='ocr_line' id='line_1_24' title="bbox 492 2609 2071 2679; baseline 0.008 -21"><span class='ocrx_word' id='word_1_154' title='bbox 492 2615 824 2671; x_wconf 81' lang='lat' dir='ltr'><strong>sequuntur,</strong></span> <span class='ocrx_word' id='word_1_155' title='bbox 875 2621 1000 2659; x_wconf 88' lang='lat' dir='ltr'><strong>eum</strong></span> <span class='ocrx_word' id='word_1_156' title='bbox 1063 2609 1214 2662; x_wconf 87' lang='lat' dir='ltr'><strong>onmi</strong></span> <span class='ocrx_word' id='word_1_157' title='bbox 1275 2611 1637 2679; x_wconf 85' lang='lat' dir='ltr'><strong>cupiditatum</strong></span> <span class='ocrx_word' id='word_1_158' title='bbox 1700 2615 2071 2670; x_wconf 84' lang='lat' dir='ltr'><strong>destruetione</strong></span> 
     </span>
    </p>
   </div>
   <div class='ocr_carea' id='block_1_25' title="bbox 494 2695 2071 2773">
    <p class='ocr_par' dir='ltr' id='par_1_25' title="bbox 494 2695 2071 2773">
     <span class='ocr_line' id='line_1_25' title="bbox 494 2695 2071 2773; baseline 0.011 -29"><span class='ocrx_word' id='word_1_159' title='bbox 494 2695 878 2762; x_wconf 84' lang='lat' dir='ltr'><strong>producuntur</strong></span> <span class='ocrx_word' id='word_1_160' title='bbox 928 2696 984 2751; x_wconf 88' lang='lat' dir='ltr'><strong>in</strong></span> <span class='ocrx_word' id='word_1_161' title='bbox 1040 2699 1128 2763; x_wconf 89' lang='lat' dir='ltr'><strong>iis,</strong></span> <span class='ocrx_word' id='word_1_162' title='bbox 1166 2701 1256 2768; x_wconf 90' lang='lat' dir='ltr'><strong>qui</strong></span> <span class='ocrx_word' id='word_1_163' title='bbox 1312 2718 1410 2756; x_wconf 91' lang='lat' dir='ltr'><strong>uec</strong></span> <span class='ocrx_word' id='word_1_164' title='bbox 1457 2703 1528 2756; x_wconf 92' lang='lat' dir='ltr'><strong>ob</strong></span> <span class='ocrx_word' id='word_1_165' title='bbox 1577 2705 1827 2773; x_wconf 81' lang='lat' dir='ltr'><strong>gloriam.</strong></span> <span class='ocrx_word' id='word_1_166' title='bbox 1863 2720 1962 2760; x_wconf 89' lang='lat' dir='ltr'><strong>nec</strong></span> <span class='ocrx_word' id='word_1_167' title='bbox 2001 2705 2071 2763; x_wconf 90' lang='lat' dir='ltr'><strong>ob</strong></span> 
     </span>
    </p>
   </div>
   <div class='ocr_carea' id='block_1_26' title="bbox 496 2780 2069 2865">
    <p class='ocr_par' dir='ltr' id='par_1_26' title="bbox 496 2780 2069 2865">
     <span class='ocr_line' id='line_1_26' title="bbox 496 2780 2069 2865; baseline 0.01 -32"><span class='ocrx_word' id='word_1_168' title='bbox 496 2780 624 2836; x_wconf 89' lang='lat' dir='ltr'><strong>aliis</strong></span> <span class='ocrx_word' id='word_1_169' title='bbox 675 2782 923 2851; x_wconf 81' lang='lat' dir='ltr'><strong>placendi</strong></span> <span class='ocrx_word' id='word_1_170' title='bbox 971 2785 1304 2841; x_wconf 86' lang='lat' dir='ltr'><strong>desiderium</strong></span> <span class='ocrx_word' id='word_1_171' title='bbox 1352 2801 1405 2843; x_wconf 91' lang='lat' dir='ltr'><strong>et</strong></span> <span class='ocrx_word' id='word_1_172' title='bbox 1450 2793 1785 2865; x_wconf 82' lang='lat' dir='ltr'><strong>superbiam,</strong></span> <span class='ocrx_word' id='word_1_173' title='bbox 1815 2794 2069 2848; x_wconf 85' lang='lat' dir='ltr'><strong>virtutem</strong></span> 
     </span>
    </p>
   </div>
   <div class='ocr_carea' id='block_1_27' title="bbox 493 2873 2070 2954">
    <p class='ocr_par' dir='ltr' id='par_1_27' title="bbox 493 2873 2070 2954">
     <span class='ocr_line' id='line_1_27' title="bbox 493 2873 2070 2954; baseline 0.008 -29"><span class='ocrx_word' id='word_1_174' title='bbox 493 2873 582 2926; x_wconf 87' lang='lat' dir='ltr'><strong>vel</strong></span> <span class='ocrx_word' id='word_1_175' title='bbox 641 2874 959 2929; x_wconf 85' lang='lat' dir='ltr'><strong>divinorum</strong></span> <span class='ocrx_word' id='word_1_176' title='bbox 1022 2877 1405 2933; x_wconf 80' lang='lat' dir='ltr'><strong>mandatorum</strong></span> <span class='ocrx_word' id='word_1_177' title='bbox 1469 2883 1880 2937; x_wconf 82' lang='lat' dir='ltr'><strong>meditationem</strong></span> <span class='ocrx_word' id='word_1_178' title='bbox 1947 2901 2070 2954; x_wconf 84' lang='lat' dir='ltr'><strong>pcr-</strong></span> 
     </span>
    </p>
   </div>
   <div class='ocr_carea' id='block_1_28' title="bbox 494 2977 825 3033">
    <p class='ocr_par' dir='ltr' id='par_1_28' title="bbox 494 2977 825 3033">
     <span class='ocr_line' id='line_1_28' title="bbox 494 2977 825 3033; baseline 0 -12"><span class='ocrx_word' id='word_1_179' title='bbox 494 2977 825 3033; x_wconf 79' lang='lat' dir='ltr'><strong>sequuntur.</strong></span> 
     </span>
    </p>
   </div>
   <div class='ocr_carea' id='block_1_29' title="bbox 1769 306 2406 371">
    <p class='ocr_par' dir='ltr' id='par_1_29' title="bbox 1769 306 2406 371">
     <span class='ocr_line' id='line_1_29' title="bbox 1769 306 2406 371; baseline -0.006 0"><span class='ocrx_word' id='word_1_180' title='bbox 1769 306 2126 371; x_wconf 81' lang='lat' dir='ltr'><strong>PROCOPII</strong></span> <span class='ocrx_word' id='word_1_181' title='bbox 2161 308 2406 369; x_wconf 74' lang='lat' dir='ltr'><strong>GAZ/EI</strong></span> 
     </span>
    </p>
   </div>
   <div class='ocr_carea' id='block_1_30' title="bbox 546 425 2127 499">
    <p class='ocr_par' dir='ltr' id='par_1_30' title="bbox 546 425 2127 499">
     <span class='ocr_line' id='line_1_30' title="bbox 546 425 2127 499; baseline 0.002 -18"><span class='ocrx_word' id='word_1_182' title='bbox 546 426 619 482; x_wconf 83' lang='lat' dir='ltr'><strong>Et</strong></span> <span class='ocrx_word' id='word_1_183' title='bbox 658 429 715 481; x_wconf 83' lang='lat' dir='ltr'><strong>in</strong></span> <span class='ocrx_word' id='word_1_184' title='bbox 751 427 975 482; x_wconf 84' lang='lat' dir='ltr'><strong>sinistra</strong></span> <span class='ocrx_word' id='word_1_185' title='bbox 1008 428 1125 498; x_wconf 79' lang='lat' dir='ltr'><strong>ejus</strong></span> <span class='ocrx_word' id='word_1_186' title='bbox 1165 425 1366 482; x_wconf 77' lang='lat' dir='ltr'><strong>divitia:</strong></span> <span class='ocrx_word' id='word_1_187' title='bbox 1391 436 1439 483; x_wconf 81' lang='lat' dir='ltr'><strong>et</strong></span> <span class='ocrx_word' id='word_1_188' title='bbox 1465 428 1657 499; x_wconf 79' lang='lat' dir='ltr'><strong>gloria.</strong></span> <span class='ocrx_word' id='word_1_189' title='bbox 1704 429 2050 499; x_wconf 73' lang='lat' dir='ltr'><strong>lmperfemio</strong></span> <span class='ocrx_word' id='word_1_190' title='bbox 2080 432 2127 489; x_wconf 79' lang='grc' dir='ltr'>Α</span> 
     </span>
    </p>
   </div>
   <div class='ocr_carea' id='block_1_31' title="bbox 3624 300 3762 363">
    <p class='ocr_par' dir='ltr' id='par_1_31' title="bbox 3624 300 3762 363">
     <span class='ocr_line' id='line_1_31' title="bbox 3624 300 3762 363; baseline 0.007 -1"><span class='ocrx_word' id='word_1_191' title='bbox 3624 300 3762 363; x_wconf 64' lang='lat' dir='ltr'><strong>ists</strong></span> 
     </span>
    </p>
   </div>
   <div class='ocr_carea' id='block_1_32' title="bbox 2240 421 3758 495">
    <p class='ocr_par' dir='ltr' id='par_1_32' title="bbox 2240 421 3758 495">
     <span class='ocr_line' id='line_1_32' title="bbox 2240 421 3758 495; baseline -0.003 -13"><span class='ocrx_word' id='word_1_192' title='bbox 2240 428 2342 482; x_wconf 86' lang='grc' dir='ltr'><strong>Ἐν</strong></span> <span class='ocrx_word' id='word_1_193' title='bbox 2378 426 2444 480; x_wconf 83' lang='grc' dir='ltr'>δὲ</span> <span class='ocrx_word' id='word_1_194' title='bbox 2473 425 2545 495; x_wconf 80' lang='grc' dir='ltr'>τῇ</span> <span class='ocrx_word' id='word_1_195' title='bbox 2581 424 2865 495; x_wconf 79' lang='grc' dir='ltr'><strong>ἀριστερᾷ</strong></span> <span class='ocrx_word' id='word_1_196' title='bbox 2901 424 3092 494; x_wconf 82' lang='grc' dir='ltr'>αὐτῆς</span> <span class='ocrx_word' id='word_1_197' title='bbox 3125 424 3403 490; x_wconf 75' lang='grc' dir='ltr'>πλοῦτος</span> <span class='ocrx_word' id='word_1_198' title='bbox 3444 421 3551 477; x_wconf 65' lang='grc' dir='ltr'>καὶ</span> <span class='ocrx_word' id='word_1_199' title='bbox 3585 421 3758 486; x_wconf 80' lang='grc' dir='ltr'>δόξα.</span> 
     </span>
    </p>
   </div>
   <div class='ocr_carea' id='block_1_33' title="bbox 2155 513 3763 593">
    <p class='ocr_par' dir='ltr' id='par_1_33' title="bbox 2155 513 3763 593">
     <span class='ocr_line' id='line_1_33' title="bbox 2155 513 3763 593; baseline -0.005 -18"><span class='ocrx_word' id='word_1_200' title='bbox 2155 522 2315 593; x_wconf 88' lang='grc' dir='ltr'>Παρὰ</span> <span class='ocrx_word' id='word_1_201' title='bbox 2352 522 2409 575; x_wconf 87' lang='grc' dir='ltr'>δὲ</span> <span class='ocrx_word' id='word_1_202' title='bbox 2439 524 2506 593; x_wconf 81' lang='grc' dir='ltr'>τῇ</span> <span class='ocrx_word' id='word_1_203' title='bbox 2549 521 2622 586; x_wconf 76' lang='grc' dir='ltr'>ὡς</span> <span class='ocrx_word' id='word_1_204' title='bbox 2655 522 2944 592; x_wconf 75' lang='grc' dir='ltr'><strong>ἀριστερᾷ,</strong></span> <span class='ocrx_word' id='word_1_205' title='bbox 2977 520 3304 592; x_wconf 83' lang='grc' dir='ltr'>ἀτελεστέρα</span> <span class='ocrx_word' id='word_1_206' title='bbox 3333 518 3570 587; x_wconf 81' lang='grc' dir='ltr'><strong>ταύτης</strong></span> <span class='ocrx_word' id='word_1_207' title='bbox 3606 513 3763 584; x_wconf 76' lang='grc' dir='ltr'>ἐνέρ-</span> 
     </span>
    </p>
   </div>
   <div class='ocr_carea' id='block_1_34' title="bbox 2154 609 3760 682">
    <p class='ocr_par' dir='ltr' id='par_1_34' title="bbox 2154 609 3760 682">
     <span class='ocr_line' id='line_1_34' title="bbox 2154 609 3760 682; baseline -0.005 -16"><span class='ocrx_word' id='word_1_208' title='bbox 2154 629 2317 681; x_wconf 84' lang='grc' dir='ltr'>γεια,</span> <span class='ocrx_word' id='word_1_209' title='bbox 2368 613 2493 682; x_wconf 78' lang='grc' dir='ltr'>ἥτις</span> <span class='ocrx_word' id='word_1_210' title='bbox 2555 611 2707 664; x_wconf 76' lang='grc' dir='ltr'>ἐστὶν</span> <span class='ocrx_word' id='word_1_211' title='bbox 2761 613 2795 682; x_wconf 81' lang='grc' dir='ltr'>ἡ</span> <span class='ocrx_word' id='word_1_212' title='bbox 2851 611 2962 665; x_wconf 84' lang='grc' dir='ltr'><strong>τῶν</strong></span> <span class='ocrx_word' id='word_1_213' title='bbox 3012 610 3381 681; x_wconf 83' lang='grc' dir='ltr'><strong>ἀνθρωπίνων</strong></span> <span class='ocrx_word' id='word_1_214' title='bbox 3442 609 3760 676; x_wconf 71' lang='grc' dir='ltr'>ἐπιστήμη,</span> 
     </span>
    </p>
   </div>
   <div class='ocr_carea' id='block_1_35' title="bbox 2156 698 3766 776">
    <p class='ocr_par' dir='ltr' id='par_1_35' title="bbox 2156 698 3766 776">
     <span class='ocr_line' id='line_1_35' title="bbox 2156 698 3766 776; baseline -0.003 -19"><span class='ocrx_word' id='word_1_215' title='bbox 2156 706 2392 776; x_wconf 77' lang='grc' dir='ltr'><strong>ὑπάρχει</strong></span> <span class='ocrx_word' id='word_1_216' title='bbox 2421 707 2450 758; x_wconf 85' lang='grc' dir='ltr'>ὃ</span> <span class='ocrx_word' id='word_1_217' title='bbox 2477 722 2537 757; x_wconf 89' lang='grc' dir='ltr'><strong>τε</strong></span> <span class='ocrx_word' id='word_1_218' title='bbox 2569 703 2713 757; x_wconf 82' lang='grc' dir='ltr'>κατὰ</span> <span class='ocrx_word' id='word_1_219' title='bbox 2745 703 2835 756; x_wconf 74' lang='grc' dir='ltr'><strong>τὸν</strong></span> <span class='ocrx_word' id='word_1_220' title='bbox 2862 704 3093 772; x_wconf 72' lang='grc' dir='ltr'>φυσικὸν</span> <span class='ocrx_word' id='word_1_221' title='bbox 3121 703 3213 756; x_wconf 71' lang='grc' dir='ltr'>καὶ</span> <span class='ocrx_word' id='word_1_222' title='bbox 3244 701 3337 755; x_wconf 73' lang='grc' dir='ltr'><strong>τὸν</strong></span> <span class='ocrx_word' id='word_1_223' title='bbox 3376 698 3651 769; x_wconf 74' lang='grc' dir='ltr'>γραπτὸν</span> <span class='ocrx_word' id='word_1_224' title='bbox 3682 698 3766 752; x_wconf 87' lang='grc' dir='ltr'>νό-</span> 
     </span>
    </p>
   </div>
   <div class='ocr_carea' id='block_1_36' title="bbox 2159 791 3765 866">
    <p class='ocr_par' dir='ltr' id='par_1_36' title="bbox 2159 791 3765 866">
     <span class='ocr_line' id='line_1_36' title="bbox 2159 791 3765 866; baseline -0.004 -18"><span class='ocrx_word' id='word_1_225' title='bbox 2159 814 2258 866; x_wconf 88' lang='grc' dir='ltr'><strong>μον</strong></span> <span class='ocrx_word' id='word_1_226' title='bbox 2294 795 2521 858; x_wconf 76' lang='grc' dir='ltr'>πλοῦτος</span> <span class='ocrx_word' id='word_1_227' title='bbox 2544 795 2656 848; x_wconf 82' lang='grc' dir='ltr'><strong>τῶν</strong></span> <span class='ocrx_word' id='word_1_228' title='bbox 2689 794 2925 864; x_wconf 81' lang='grc' dir='ltr'>ἀρετῶν,</span> <span class='ocrx_word' id='word_1_229' title='bbox 2973 795 3067 847; x_wconf 77' lang='grc' dir='ltr'>καὶ</span> <span class='ocrx_word' id='word_1_230' title='bbox 3100 796 3132 863; x_wconf 84' lang='grc' dir='ltr'><strong>ἡ</strong></span> <span class='ocrx_word' id='word_1_231' title='bbox 3164 792 3306 847; x_wconf 83' lang='grc' dir='ltr'>κατὰ</span> <span class='ocrx_word' id='word_1_232' title='bbox 3357 793 3474 862; x_wconf 85' lang='grc' dir='ltr'><strong>τὴν</strong></span> <span class='ocrx_word' id='word_1_233' title='bbox 3521 791 3765 859; x_wconf 76' lang='grc' dir='ltr'>φυσικὴν</span> 
     </span>
    </p>
   </div>
   <div class='ocr_carea' id='block_1_37' title="bbox 2157 880 3765 955">
    <p class='ocr_par' dir='ltr' id='par_1_37' title="bbox 2157 880 3765 955">
     <span class='ocr_line' id='line_1_37' title="bbox 2157 880 3765 955; baseline -0.005 -15"><span class='ocrx_word' id='word_1_234' title='bbox 2157 885 2391 955; x_wconf 78' lang='grc' dir='ltr'>θεωρίαν</span> <span class='ocrx_word' id='word_1_235' title='bbox 2422 886 2654 954; x_wconf 79' lang='grc' dir='ltr'>εὐσεϐὴς</span> <span class='ocrx_word' id='word_1_236' title='bbox 2683 886 2792 938; x_wconf 81' lang='grc' dir='ltr'><strong>τῶν</strong></span> <span class='ocrx_word' id='word_1_237' title='bbox 2832 885 2992 938; x_wconf 86' lang='grc' dir='ltr'>θ.,ίων</span> <span class='ocrx_word' id='word_1_238' title='bbox 3039 885 3326 954; x_wconf 84' lang='grc' dir='ltr'>κριμάτων</span> <span class='ocrx_word' id='word_1_239' title='bbox 3378 880 3698 951; x_wconf 78' lang='grc' dir='ltr'><strong>ἀνάληψις,</strong></span> <span class='ocrx_word' id='word_1_240' title='bbox 3733 882 3765 951; x_wconf 78' lang='grc' dir='ltr'><strong>ἡ</strong></span> 
     </span>
    </p>
   </div>
   <div class='ocr_carea' id='block_1_38' title="bbox 2157 976 3480 1049">
    <p class='ocr_par' dir='ltr' id='par_1_38' title="bbox 2157 976 3480 1049">
     <span class='ocr_line' id='line_1_38' title="bbox 2157 976 3480 1049; baseline -0.002 -17"><span class='ocrx_word' id='word_1_241' title='bbox 2157 979 2366 1048; x_wconf 73' lang='grc' dir='ltr'>ἀληθὴς</span> <span class='ocrx_word' id='word_1_242' title='bbox 2392 978 2596 1049; x_wconf 78' lang='grc' dir='ltr'>δηλαδὴ</span> <span class='ocrx_word' id='word_1_243' title='bbox 2627 979 2755 1048; x_wconf 71' lang='grc' dir='ltr'>περὶ</span> <span class='ocrx_word' id='word_1_244' title='bbox 2787 978 2996 1048; x_wconf 76' lang='grc' dir='ltr'>ὁρατῶν</span> <span class='ocrx_word' id='word_1_245' title='bbox 3023 976 3168 1040; x_wconf 80' lang='grc' dir='ltr'>δόξα.</span> <span class='ocrx_word' id='word_1_246' title='bbox 3472 981 3480 985; x_wconf 84' lang='grc'><em>’</em></span> 
     </span>
    </p>
   </div>
   <div class='ocr_carea' id='block_1_39' title="bbox 2240 1064 3769 1137">
    <p class='ocr_par' dir='ltr' id='par_1_39' title="bbox 2240 1064 3769 1137">
     <span class='ocr_line' id='line_1_39' title="bbox 2240 1064 3769 1137; baseline -0.002 -17"><span class='ocrx_word' id='word_1_247' title='bbox 2240 1070 2337 1121; x_wconf 82' lang='grc' dir='ltr'>Ἐκ</span> <span class='ocrx_word' id='word_1_248' title='bbox 2363 1069 2469 1122; x_wconf 86' lang='grc' dir='ltr'>τοῦ</span> <span class='ocrx_word' id='word_1_249' title='bbox 2518 1071 2819 1137; x_wconf 78' lang='grc' dir='ltr'>στόματος</span> <span class='ocrx_word' id='word_1_250' title='bbox 2854 1067 3044 1132; x_wconf 74' lang='grc' dir='ltr'>αὐτῆς</span> <span class='ocrx_word' id='word_1_251' title='bbox 3082 1068 3495 1134; x_wconf 78' lang='grc' dir='ltr'><strong>ἐκπορεύεται</strong></span> <span class='ocrx_word' id='word_1_252' title='bbox 3538 1064 3769 1118; x_wconf 82' lang='grc' dir='ltr'>δικαιο-</span> 
     </span>
    </p>
   </div>
   <div class='ocr_carea' id='block_1_40' title="bbox 2157 1155 3767 1228">
    <p class='ocr_par' dir='ltr' id='par_1_40' title="bbox 2157 1155 3767 1228">
     <span class='ocr_line' id='line_1_40' title="bbox 2157 1155 3767 1228; baseline -0.002 -15"><span class='ocrx_word' id='word_1_253' title='bbox 2157 1161 2318 1225; x_wconf 76' lang='grc' dir='ltr'><strong>σύνη</strong></span> <span class='ocrx_word' id='word_1_254' title='bbox 2339 1175 2353 1189; x_wconf 87' lang='grc'><strong>·</strong></span> <span class='ocrx_word' id='word_1_255' title='bbox 2384 1161 2575 1228; x_wconf 81' lang='grc' dir='ltr'>νόμον</span> <span class='ocrx_word' id='word_1_256' title='bbox 2604 1160 2673 1212; x_wconf 75' lang='grc' dir='ltr'>δὲ</span> <span class='ocrx_word' id='word_1_257' title='bbox 2722 1160 2819 1212; x_wconf 78' lang='grc' dir='ltr'><strong>καί</strong></span> <span class='ocrx_word' id='word_1_258' title='bbox 2870 1159 3048 1212; x_wconf 74' lang='grc' dir='ltr'>ἔλεον</span> <span class='ocrx_word' id='word_1_259' title='bbox 3080 1158 3179 1210; x_wconf 74' lang='grc' dir='ltr'><strong>ἐπὶ</strong></span> <span class='ocrx_word' id='word_1_260' title='bbox 3219 1158 3535 1226; x_wconf 74' lang='grc' dir='ltr'>γλώσσης</span> <span class='ocrx_word' id='word_1_261' title='bbox 3575 1155 3767 1226; x_wconf 62' lang='grc' dir='ltr'>φορεῖ.</span> 
     </span>
    </p>
   </div>
   <div class='ocr_carea' id='block_1_41' title="bbox 2160 1248 3774 1322">
    <p class='ocr_par' dir='ltr' id='par_1_41' title="bbox 2160 1248 3774 1322">
     <span class='ocr_line' id='line_1_41' title="bbox 2160 1248 3774 1322; baseline -0.004 -18"><span class='ocrx_word' id='word_1_262' title='bbox 2160 1253 2270 1304; x_wconf 76' lang='grc' dir='ltr'>Καὶ</span> <span class='ocrx_word' id='word_1_263' title='bbox 2303 1253 2365 1304; x_wconf 82' lang='grc' dir='ltr'><strong>ὲκ</strong></span> <span class='ocrx_word' id='word_1_264' title='bbox 2405 1253 2503 1322; x_wconf 82' lang='grc' dir='ltr'>τῆς</span> <span class='ocrx_word' id='word_1_265' title='bbox 2540 1251 2916 1321; x_wconf 78' lang='grc' dir='ltr'>ἀληθεστάτης</span> <span class='ocrx_word' id='word_1_266' title='bbox 2946 1250 3306 1311; x_wconf 68' lang='grc' dir='ltr'><strong>διδασκαλίας</strong></span> <span class='ocrx_word' id='word_1_267' title='bbox 3335 1250 3559 1317; x_wconf 78' lang='grc' dir='ltr'>αὐτῆς,</span> <span class='ocrx_word' id='word_1_268' title='bbox 3592 1248 3674 1311; x_wconf 86' lang='grc' dir='ltr'>ὼς</span> <span class='ocrx_word' id='word_1_269' title='bbox 3709 1248 3774 1299; x_wconf 62' lang='grc' dir='ltr'><strong>ὲρι</strong></span> 
     </span>
    </p>
   </div>
   <div class='ocr_carea' id='block_1_42' title="bbox 2162 1337 3772 1410">
    <p class='ocr_par' dir='ltr' id='par_1_42' title="bbox 2162 1337 3772 1410">
     <span class='ocr_line' id='line_1_42' title="bbox 2162 1337 3772 1410; baseline -0.002 -17"><span class='ocrx_word' id='word_1_270' title='bbox 2162 1341 2452 1407; x_wconf 84' lang='grc' dir='ltr'>στόματος,</span> <span class='ocrx_word' id='word_1_271' title='bbox 2478 1341 2695 1410; x_wconf 77' lang='grc' dir='ltr'><strong>πρόεισι</strong></span> <span class='ocrx_word' id='word_1_272' title='bbox 2717 1338 2899 1392; x_wconf 84' lang='grc' dir='ltr'>κανὼν</span> <span class='ocrx_word' id='word_1_273' title='bbox 2929 1340 3129 1409; x_wconf 81' lang='grc' dir='ltr'>ἀρετῆς</span> <span class='ocrx_word' id='word_1_274' title='bbox 3149 1356 3163 1369; x_wconf 76' lang='grc' dir='ltr'><strong>ο</strong></span> <span class='ocrx_word' id='word_1_275' title='bbox 3188 1356 3253 1409; x_wconf 86' lang='grc' dir='ltr'><strong>τη</strong></span> <span class='ocrx_word' id='word_1_276' title='bbox 3265 1339 3382 1407; x_wconf 82' lang='grc' dir='ltr'><strong>ρῶν</strong></span> <span class='ocrx_word' id='word_1_277' title='bbox 3411 1337 3772 1408; x_wconf 80' lang='grc' dir='ltr'>ἀπαρέγκλι-</span> 
     </span>
    </p>
   </div>
   <div class='ocr_carea' id='block_1_43' title="bbox 2160 1426 3752 1498">
    <p class='ocr_par' dir='ltr' id='par_1_43' title="bbox 2160 1426 3752 1498">
     <span class='ocr_line' id='line_1_43' title="bbox 2160 1426 3752 1498; baseline -0.001 -18"><span class='ocrx_word' id='word_1_278' title='bbox 2160 1444 2274 1492; x_wconf 89' lang='grc' dir='ltr'>τον,</span> <span class='ocrx_word' id='word_1_279' title='bbox 2306 1429 2444 1498; x_wconf 88' lang='grc' dir='ltr'>πρός</span> <span class='ocrx_word' id='word_1_280' title='bbox 2476 1446 2536 1482; x_wconf 84' lang='grc' dir='ltr'><strong>τε</strong></span> <span class='ocrx_word' id='word_1_281' title='bbox 2589 1430 2658 1482; x_wconf 82' lang='grc' dir='ltr'>τὰ</span> <span class='ocrx_word' id='word_1_282' title='bbox 2695 1429 2818 1481; x_wconf 84' lang='grc' dir='ltr'>κατ’</span> <span class='ocrx_word' id='word_1_283' title='bbox 2854 1427 3095 1496; x_wconf 68' lang='grc' dir='ltr'>ἔλλειψιν</span> <span class='ocrx_word' id='word_1_284' title='bbox 3133 1429 3341 1497; x_wconf 76' lang='grc' dir='ltr'>ταύτης</span> <span class='ocrx_word' id='word_1_285' title='bbox 3377 1428 3488 1481; x_wconf 81' lang='grc' dir='ltr'>καὶ</span> <span class='ocrx_word' id='word_1_286' title='bbox 3530 1426 3607 1481; x_wconf 79' lang='grc' dir='ltr'>τὰ</span> <span class='ocrx_word' id='word_1_287' title='bbox 3649 1426 3752 1480; x_wconf 86' lang='grc' dir='ltr'><strong>καθ</strong></span> 
     </span>
    </p>
   </div>
   <div class='ocr_carea' id='block_1_44' title="bbox 2162 1518 3764 1590">
    <p class='ocr_par' dir='ltr' id='par_1_44' title="bbox 2162 1518 3764 1590">
     <span class='ocr_line' id='line_1_44' title="bbox 2162 1518 3764 1590; baseline 0.002 -20"><span class='ocrx_word' id='word_1_288' title='bbox 2162 1518 2476 1590; x_wconf 79' lang='grc' dir='ltr'>ὑπερόολὴν</span> <span class='ocrx_word' id='word_1_289' title='bbox 2504 1519 2674 1589; x_wconf 78' lang='grc' dir='ltr'>πάθη,</span> <span class='ocrx_word' id='word_1_290' title='bbox 2712 1520 2774 1574; x_wconf 72' lang='grc' dir='ltr'>τὸ</span> <span class='ocrx_word' id='word_1_291' title='bbox 2808 1520 3069 1590; x_wconf 83' lang='grc' dir='ltr'>τριμερὲς</span> <span class='ocrx_word' id='word_1_292' title='bbox 3104 1520 3202 1587; x_wconf 84' lang='grc' dir='ltr'><strong>τῆς</strong></span> <span class='ocrx_word' id='word_1_293' title='bbox 3236 1518 3432 1589; x_wconf 79' lang='grc' dir='ltr'>ψυχῆς</span> <span class='ocrx_word' id='word_1_294' title='bbox 3453 1535 3469 1550; x_wconf 79' lang='grc' dir='ltr'><strong>ο</strong></span> <span class='ocrx_word' id='word_1_295' title='bbox 3523 1518 3764 1589; x_wconf 80' lang='grc' dir='ltr'>ἀποτρο-</span> 
     </span>
    </p>
   </div>
   <div class='ocr_carea' id='block_1_45' title="bbox 2163 1608 3768 1682">
    <p class='ocr_par' dir='ltr' id='par_1_45' title="bbox 2163 1608 3768 1682">
     <span class='ocr_line' id='line_1_45' title="bbox 2163 1608 3768 1682; baseline -0.001 -21"><span class='ocrx_word' id='word_1_296' title='bbox 2163 1608 2274 1678; x_wconf 76' lang='grc' dir='ltr'><strong>πὴν</strong></span> <span class='ocrx_word' id='word_1_297' title='bbox 2305 1608 2362 1662; x_wconf 84' lang='grc' dir='ltr'>δὲ</span> <span class='ocrx_word' id='word_1_298' title='bbox 2399 1610 2602 1673; x_wconf 82' lang='grc' dir='ltr'>παντὸς</span> <span class='ocrx_word' id='word_1_299' title='bbox 2626 1611 2867 1681; x_wconf 80' lang='grc' dir='ltr'>πονηροῦ</span> <span class='ocrx_word' id='word_1_300' title='bbox 2894 1612 3240 1682; x_wconf 83' lang='grc' dir='ltr'>πράγματος,</span> <span class='ocrx_word' id='word_1_301' title='bbox 3264 1610 3365 1664; x_wconf 74' lang='grc' dir='ltr'><strong>καὶ</strong></span> <span class='ocrx_word' id='word_1_302' title='bbox 3401 1609 3768 1681; x_wconf 82' lang='grc' dir='ltr'><strong>συμπάθειαν</strong></span> 
     </span>
    </p>
   </div>
   <div class='ocr_carea' id='block_1_46' title="bbox 2165 1699 3759 1772">
    <p class='ocr_par' dir='ltr' id='par_1_46' title="bbox 2165 1699 3759 1772">
     <span class='ocr_line' id='line_1_46' title="bbox 2165 1699 3759 1772; baseline 0.001 -20"><span class='ocrx_word' id='word_1_303' title='bbox 2165 1699 2303 1770; x_wconf 83' lang='grc' dir='ltr'>πρὸς</span> <span class='ocrx_word' id='word_1_304' title='bbox 2333 1701 2540 1765; x_wconf 78' lang='grc' dir='ltr'>πάντας</span> <span class='ocrx_word' id='word_1_305' title='bbox 2573 1702 2918 1772; x_wconf 81' lang='grc' dir='ltr'>ἀνθρώπους,</span> <span class='ocrx_word' id='word_1_306' title='bbox 2968 1700 3370 1772; x_wconf 76' lang='grc' dir='ltr'>περιϐέϐληται</span> <span class='ocrx_word' id='word_1_307' title='bbox 3407 1700 3597 1766; x_wconf 80' lang='grc' dir='ltr'>αὐτὸς</span> <span class='ocrx_word' id='word_1_308' title='bbox 3630 1703 3661 1756; x_wconf 82' lang='grc' dir='ltr'><em>ὁ</em></span> <span class='ocrx_word' id='word_1_309' title='bbox 3691 1702 3759 1756; x_wconf 88' lang='grc' dir='ltr'><strong>δι-</strong></span> 
     </span>
    </p>
   </div>
   <div class='ocr_carea' id='block_1_47' title="bbox 2091 1773 3763 1861">
    <p class='ocr_par' dir='ltr' id='par_1_47' title="bbox 2091 1773 3763 1861">
     <span class='ocr_line' id='line_1_47' title="bbox 2091 1773 3763 1861; baseline -0.003 -17"><span class='ocrx_word' id='word_1_310' title='bbox 2091 1773 2139 1831; x_wconf 79' lang='grc' dir='ltr'><strong>Β</strong></span> <span class='ocrx_word' id='word_1_311' title='bbox 2163 1790 2493 1852; x_wconf 78' lang='grc' dir='ltr'>δασκαλικδς</span> <span class='ocrx_word' id='word_1_312' title='bbox 2528 1788 2689 1858; x_wconf 81' lang='grc' dir='ltr'><strong>λόγος</strong></span> <span class='ocrx_word' id='word_1_313' title='bbox 2729 1791 2933 1859; x_wconf 72' lang='grc' dir='ltr'>αὑτῆςο</span> <span class='ocrx_word' id='word_1_314' title='bbox 2970 1784 3127 1858; x_wconf 78' lang='grc' dir='ltr'>ᾧτινι</span> <span class='ocrx_word' id='word_1_315' title='bbox 3162 1783 3251 1843; x_wconf 80' lang='grc' dir='ltr'>οἶα</span> <span class='ocrx_word' id='word_1_316' title='bbox 3280 1788 3547 1861; x_wconf 74' lang='grc' dir='ltr'>γλώττῃ,</span> <span class='ocrx_word' id='word_1_317' title='bbox 3577 1786 3763 1860; x_wconf 67' lang='grc' dir='ltr'>ῥυθμίο</span> 
     </span>
    </p>
   </div>
   <div class='ocr_carea' id='block_1_48' title="bbox 2164 1878 3304 1951">
    <p class='ocr_par' dir='ltr' id='par_1_48' title="bbox 2164 1878 3304 1951">
     <span class='ocr_line' id='line_1_48' title="bbox 2164 1878 3304 1951; baseline 0 -19"><span class='ocrx_word' id='word_1_318' title='bbox 2164 1880 2250 1943; x_wconf 83' lang='grc' dir='ltr'><strong>ζει</strong></span> <span class='ocrx_word' id='word_1_319' title='bbox 2282 1879 2421 1951; x_wconf 83' lang='grc' dir='ltr'>πρὸς</span> <span class='ocrx_word' id='word_1_320' title='bbox 2444 1881 2649 1951; x_wconf 77' lang='grc' dir='ltr'>ἀρετὴν</span> <span class='ocrx_word' id='word_1_321' title='bbox 2683 1879 2778 1933; x_wconf 81' lang='grc' dir='ltr'><strong>τὸν</strong></span> <span class='ocrx_word' id='word_1_322' title='bbox 2801 1878 3142 1950; x_wconf 81' lang='grc' dir='ltr'>ἀνθρώπινον</span> <span class='ocrx_word' id='word_1_323' title='bbox 3166 1879 3304 1949; x_wconf 87' lang='grc' dir='ltr'>βίον.</span> 
     </span>
    </p>
   </div>
   <div class='ocr_carea' id='block_1_49' title="bbox 2238 1968 3739 2040">
    <p class='ocr_par' dir='ltr' id='par_1_49' title="bbox 2238 1968 3739 2040">
     <span class='ocr_line' id='line_1_49' title="bbox 2238 1968 3739 2040; baseline -0.001 -16"><span class='ocrx_word' id='word_1_324' title='bbox 2238 1969 2326 2035; x_wconf 77' lang='grc' dir='ltr'><strong>ιζ’.</strong></span> <span class='ocrx_word' id='word_1_325' title='bbox 2356 1972 2425 2024; x_wconf 81' lang='lat' dir='ltr'><strong>Al</strong></span> <span class='ocrx_word' id='word_1_326' title='bbox 2449 1969 2573 2023; x_wconf 75' lang='grc' dir='ltr'>ὁδοὶ</span> <span class='ocrx_word' id='word_1_327' title='bbox 2601 1969 2811 2040; x_wconf 82' lang='grc' dir='ltr'>αὐτῆς,</span> <span class='ocrx_word' id='word_1_328' title='bbox 2839 1970 2965 2025; x_wconf 80' lang='grc' dir='ltr'>ὁδοί</span> <span class='ocrx_word' id='word_1_329' title='bbox 2990 1972 3187 2025; x_wconf 75' lang='grc' dir='ltr'>καλαί.</span> <span class='ocrx_word' id='word_1_330' title='bbox 3215 1971 3279 2025; x_wconf 84' lang='grc' dir='ltr'><strong>υἱ</strong></span> <span class='ocrx_word' id='word_1_331' title='bbox 3301 1970 3362 2023; x_wconf 77' lang='grc' dir='ltr'>δὲ</span> <span class='ocrx_word' id='word_1_332' title='bbox 3395 1969 3533 2024; x_wconf 82' lang='grc' dir='ltr'>κατ’</span> <span class='ocrx_word' id='word_1_333' title='bbox 3568 1968 3739 2038; x_wconf 77' lang='grc' dir='ltr'>ἀρετή</span> 
     </span>
    </p>
   </div>
   <div class='ocr_carea' id='block_1_50' title="bbox 2165 2054 3765 2134">
    <p class='ocr_par' dir='ltr' id='par_1_50' title="bbox 2165 2054 3765 2134">
     <span class='ocr_line' id='line_1_50' title="bbox 2165 2054 3765 2134; baseline -0.003 -18"><span class='ocrx_word' id='word_1_334' title='bbox 2165 2078 2226 2116; x_wconf 86' lang='grc' dir='ltr'><strong>τε</strong></span> <span class='ocrx_word' id='word_1_335' title='bbox 2256 2063 2351 2117; x_wconf 76' lang='grc' dir='ltr'><strong>καὶ</strong></span> <span class='ocrx_word' id='word_1_336' title='bbox 2380 2061 2585 2132; x_wconf 81' lang='grc' dir='ltr'>γνῶσιν</span> <span class='ocrx_word' id='word_1_337' title='bbox 2616 2062 2866 2134; x_wconf 83' lang='grc' dir='ltr'>διάφοροι</span> <span class='ocrx_word' id='word_1_338' title='bbox 2900 2063 3116 2125; x_wconf 63' lang='lat' dir='ltr'><strong>Ossaei,</strong></span> <span class='ocrx_word' id='word_1_339' title='bbox 3138 2063 3233 2117; x_wconf 75' lang='grc' dir='ltr'>καὶ</span> <span class='ocrx_word' id='word_1_340' title='bbox 3262 2063 3335 2116; x_wconf 84' lang='grc' dir='ltr'>τὰ</span> <span class='ocrx_word' id='word_1_341' title='bbox 3366 2061 3665 2134; x_wconf 80' lang='grc' dir='ltr'><strong>δόγματα,</strong></span> <span class='ocrx_word' id='word_1_342' title='bbox 3693 2054 3765 2123; x_wconf 74' lang='grc' dir='ltr'><strong>οἵ,</strong></span> 
     </span>
    </p>
   </div>
   <div class='ocr_carea' id='block_1_51' title="bbox 2166 2152 3767 2225">
    <p class='ocr_par' dir='ltr' id='par_1_51' title="bbox 2166 2152 3767 2225">
     <span class='ocr_line' id='line_1_51' title="bbox 2166 2152 3767 2225; baseline -0.002 -17"><span class='ocrx_word' id='word_1_343' title='bbox 2166 2152 2306 2225; x_wconf 76' lang='grc' dir='ltr'>αὕτη</span> <span class='ocrx_word' id='word_1_344' title='bbox 2335 2153 2413 2218; x_wconf 83' lang='grc' dir='ltr'>ὣς</span> <span class='ocrx_word' id='word_1_345' title='bbox 2440 2170 2581 2208; x_wconf 87' lang='grc' dir='ltr'>τισιν</span> <span class='ocrx_word' id='word_1_346' title='bbox 2614 2153 2754 2218; x_wconf 77' lang='grc' dir='ltr'>ὁδοῖς</span> <span class='ocrx_word' id='word_1_347' title='bbox 2800 2153 3285 2225; x_wconf 76' lang='grc' dir='ltr'>ἐμπεριπατοῦσα,</span> <span class='ocrx_word' id='word_1_348' title='bbox 3312 2155 3414 2208; x_wconf 81' lang='grc' dir='ltr'><strong>τὸν</strong></span> <span class='ocrx_word' id='word_1_349' title='bbox 3453 2155 3523 2208; x_wconf 79' lang='grc' dir='ltr'>ὲν</span> <span class='ocrx_word' id='word_1_350' title='bbox 3552 2155 3767 2221; x_wconf 77' lang='grc' dir='ltr'>ἑκάστῳ</span> 
     </span>
    </p>
   </div>
   <div class='ocr_carea' id='block_1_52' title="bbox 2167 2244 3768 2319">
    <p class='ocr_par' dir='ltr' id='par_1_52' title="bbox 2167 2244 3768 2319">
     <span class='ocr_line' id='line_1_52' title="bbox 2167 2244 3768 2319; baseline -0.002 -18"><span class='ocrx_word' id='word_1_351' title='bbox 2167 2249 2404 2301; x_wconf 88' lang='grc' dir='ltr'>ποιεῖται</span> <span class='ocrx_word' id='word_1_352' title='bbox 2450 2244 2551 2316; x_wconf 82' lang='grc' dir='ltr'>τῆς</span> <span class='ocrx_word' id='word_1_353' title='bbox 2599 2246 2875 2317; x_wconf 80' lang='grc' dir='ltr'><strong>σωτηρίας</strong></span> <span class='ocrx_word' id='word_1_354' title='bbox 2914 2245 3157 2316; x_wconf 81' lang='grc' dir='ltr'>δρόμον,</span> <span class='ocrx_word' id='word_1_355' title='bbox 3208 2247 3444 2319; x_wconf 78' lang='grc' dir='ltr'>εὐμαρῆ</span> <span class='ocrx_word' id='word_1_356' title='bbox 3493 2247 3612 2300; x_wconf 78' lang='grc' dir='ltr'>εισι</span> <span class='ocrx_word' id='word_1_357' title='bbox 3658 2246 3768 2308; x_wconf 75' lang='grc' dir='ltr'>τοῖς</span> 
     </span>
    </p>
   </div>
   <div class='ocr_carea' id='block_1_53' title="bbox 2168 2334 3563 2408">
    <p class='ocr_par' dir='ltr' id='par_1_53' title="bbox 2168 2334 3563 2408">
     <span class='ocr_line' id='line_1_53' title="bbox 2168 2334 3563 2408; baseline 0 -19"><span class='ocrx_word' id='word_1_358' title='bbox 2168 2337 2312 2391; x_wconf 86' lang='grc' dir='ltr'>κατὰ</span> <span class='ocrx_word' id='word_1_359' title='bbox 2333 2334 2509 2388; x_wconf 81' lang='grc' dir='ltr'>ταῦτα</span> <span class='ocrx_word' id='word_1_360' title='bbox 2540 2334 2641 2406; x_wconf 81' lang='grc' dir='ltr'>τὴν</span> <span class='ocrx_word' id='word_1_361' title='bbox 2670 2335 2875 2389; x_wconf 77' lang='grc' dir='ltr'>οἰκείαν</span> <span class='ocrx_word' id='word_1_362' title='bbox 2898 2334 3336 2408; x_wconf 63' lang='grc' dir='ltr'>δέεξερχομένοις</span> <span class='ocrx_word' id='word_1_363' title='bbox 3370 2335 3563 2406; x_wconf 82' lang='grc' dir='ltr'>ζωήν.</span> 
     </span>
    </p>
   </div>
   <div class='ocr_carea' id='block_1_54' title="bbox 2239 2425 3766 2497">
    <p class='ocr_par' dir='ltr' id='par_1_54' title="bbox 2239 2425 3766 2497">
     <span class='ocr_line' id='line_1_54' title="bbox 2239 2425 3766 2497; baseline -0.002 -15"><span class='ocrx_word' id='word_1_364' title='bbox 2239 2429 2351 2482; x_wconf 80' lang='lat' dir='ltr'><strong>Kal</strong></span> <span class='ocrx_word' id='word_1_365' title='bbox 2401 2426 2590 2483; x_wconf 82' lang='grc' dir='ltr'>πᾶσαι</span> <span class='ocrx_word' id='word_1_366' title='bbox 2627 2431 2687 2482; x_wconf 83' lang='lat' dir='ltr'><strong>al</strong></span> <span class='ocrx_word' id='word_1_367' title='bbox 2725 2429 2912 2494; x_wconf 80' lang='grc' dir='ltr'>τρίϐοι</span> <span class='ocrx_word' id='word_1_368' title='bbox 2948 2426 3139 2494; x_wconf 81' lang='grc' dir='ltr'>αὐτῆς</span> <span class='ocrx_word' id='word_1_369' title='bbox 3172 2426 3305 2497; x_wconf 80' lang='grc' dir='ltr'>μετ’</span> <span class='ocrx_word' id='word_1_370' title='bbox 3341 2430 3632 2497; x_wconf 72' lang='grc' dir='ltr'><strong>εἰρήνης.</strong></span> <span class='ocrx_word' id='word_1_371' title='bbox 3661 2425 3766 2479; x_wconf 81' lang='grc' dir='ltr'><strong>Καὶ</strong></span> 
     </span>
    </p>
   </div>
   <div class='ocr_carea' id='block_1_55' title="bbox 2170 2513 3765 2593">
    <p class='ocr_par' dir='ltr' id='par_1_55' title="bbox 2170 2513 3765 2593">
     <span class='ocr_line' id='line_1_55' title="bbox 2170 2513 3765 2593; baseline -0.003 -18"><span class='ocrx_word' id='word_1_372' title='bbox 2170 2523 2220 2575; x_wconf 80' lang='grc' dir='ltr'>οἱ</span> <span class='ocrx_word' id='word_1_373' title='bbox 2243 2521 2434 2589; x_wconf 81' lang='grc' dir='ltr'>τρόποι</span> <span class='ocrx_word' id='word_1_374' title='bbox 2462 2520 2570 2574; x_wconf 84' lang='grc' dir='ltr'>τῶν</span> <span class='ocrx_word' id='word_1_375' title='bbox 2593 2520 2829 2590; x_wconf 84' lang='grc' dir='ltr'>ἀρετῶν,</span> <span class='ocrx_word' id='word_1_376' title='bbox 2852 2513 2935 2583; x_wconf 72' lang='grc' dir='ltr'>οἷς</span> <span class='ocrx_word' id='word_1_377' title='bbox 2959 2520 3232 2591; x_wconf 71' lang='grc' dir='ltr'>διαφόρως</span> <span class='ocrx_word' id='word_1_378' title='bbox 3254 2520 3385 2589; x_wconf 74' lang='grc' dir='ltr'>ἄγει</span> <span class='ocrx_word' id='word_1_379' title='bbox 3418 2520 3570 2593; x_wconf 80' lang='grc' dir='ltr'>πρὸς</span> <span class='ocrx_word' id='word_1_380' title='bbox 3595 2535 3765 2587; x_wconf 73' lang='grc' dir='ltr'>σωτη-</span> 
     </span>
    </p>
   </div>
   <div class='ocr_carea' id='block_1_56' title="bbox 2173 2609 3762 2686">
    <p class='ocr_par' dir='ltr' id='par_1_56' title="bbox 2173 2609 3762 2686">
     <span class='ocr_line' id='line_1_56' title="bbox 2173 2609 3762 2686; baseline -0.003 -20"><span class='ocrx_word' id='word_1_381' title='bbox 2173 2613 2298 2686; x_wconf 91' lang='grc' dir='ltr'>ρίαν</span> <span class='ocrx_word' id='word_1_382' title='bbox 2319 2614 2447 2676; x_wconf 80' lang='grc' dir='ltr'>τοὺς</span> <span class='ocrx_word' id='word_1_383' title='bbox 2478 2612 2782 2682; x_wconf 76' lang='grc' dir='ltr'>ἑπομένους</span> <span class='ocrx_word' id='word_1_384' title='bbox 2810 2612 2972 2680; x_wconf 80' lang='grc' dir='ltr'>αὑτῇ,</span> <span class='ocrx_word' id='word_1_385' title='bbox 3002 2609 3357 2681; x_wconf 82' lang='grc' dir='ltr'>ὲνεργοῦνται</span> <span class='ocrx_word' id='word_1_386' title='bbox 3397 2611 3551 2684; x_wconf 79' lang='grc' dir='ltr'>μετὰ</span> <span class='ocrx_word' id='word_1_387' title='bbox 3587 2611 3762 2679; x_wconf 74' lang='grc' dir='ltr'>πάσης</span> 
     </span>
    </p>
   </div>
   <div class='ocr_carea' id='block_1_57' title="bbox 2171 2700 3759 2779">
    <p class='ocr_par' dir='ltr' id='par_1_57' title="bbox 2171 2700 3759 2779">
     <span class='ocr_line' id='line_1_57' title="bbox 2171 2700 3759 2779; baseline -0.003 -19"><span class='ocrx_word' id='word_1_388' title='bbox 2171 2705 2498 2775; x_wconf 84' lang='grc' dir='ltr'>ἀπαλλαγῆς</span> <span class='ocrx_word' id='word_1_389' title='bbox 2535 2704 2724 2759; x_wconf 86' lang='grc' dir='ltr'>παθῶν</span> <span class='ocrx_word' id='word_1_390' title='bbox 2785 2704 2939 2772; x_wconf 74' lang='grc' dir='ltr'>παρὰ</span> <span class='ocrx_word' id='word_1_391' title='bbox 2998 2703 3236 2757; x_wconf 85' lang='grc' dir='ltr'>τούτων·</span> <span class='ocrx_word' id='word_1_392' title='bbox 3289 2703 3368 2769; x_wconf 86' lang='grc' dir='ltr'><strong>ὡς</strong></span> <span class='ocrx_word' id='word_1_393' title='bbox 3411 2704 3565 2779; x_wconf 76' lang='grc' dir='ltr'>μήτε</span> <span class='ocrx_word' id='word_1_394' title='bbox 3611 2700 3759 2770; x_wconf 79' lang='grc' dir='ltr'>δόξης</span> 
     </span>
    </p>
   </div>
   <div class='ocr_carea' id='block_1_58' title="bbox 2172 2794 3759 2871">
    <p class='ocr_par' dir='ltr' id='par_1_58' title="bbox 2172 2794 3759 2871">
     <span class='ocr_line' id='line_1_58' title="bbox 2172 2794 3759 2871; baseline -0.005 -17"><span class='ocrx_word' id='word_1_395' title='bbox 2172 2799 2381 2865; x_wconf 74' lang='grc' dir='ltr'>ἕνεκεν,</span> <span class='ocrx_word' id='word_1_396' title='bbox 2427 2801 2565 2871; x_wconf 83' lang='grc' dir='ltr'>μήτε</span> <span class='ocrx_word' id='word_1_397' title='bbox 2628 2801 2791 2870; x_wconf 85' lang='grc' dir='ltr'>χάριν</span> <span class='ocrx_word' id='word_1_398' title='bbox 2835 2797 3363 2869; x_wconf 83' lang='grc' dir='ltr'>ἁνθρωπαρεσκείας</span> <span class='ocrx_word' id='word_1_399' title='bbox 3420 2799 3526 2853; x_wconf 74' lang='grc' dir='ltr'><strong>καὶ</strong></span> <span class='ocrx_word' id='word_1_400' title='bbox 3563 2794 3759 2850; x_wconf 79' lang='grc' dir='ltr'>ὲπιδεί·</span> 
     </span>
    </p>
   </div>
   <div class='ocr_carea' id='block_1_59' title="bbox 2175 2887 3757 2964">
    <p class='ocr_par' dir='ltr' id='par_1_59' title="bbox 2175 2887 3757 2964">
     <span class='ocr_line' id='line_1_59' title="bbox 2175 2887 3757 2964; baseline -0.006 -18"><span class='ocrx_word' id='word_1_401' title='bbox 2175 2891 2330 2958; x_wconf 80' lang='grc' dir='ltr'>ξεως,</span> <span class='ocrx_word' id='word_1_402' title='bbox 2365 2893 2465 2962; x_wconf 86' lang='grc' dir='ltr'>τὴν</span> <span class='ocrx_word' id='word_1_403' title='bbox 2501 2893 2702 2964; x_wconf 76' lang='grc' dir='ltr'>ἀρετὴν</span> <span class='ocrx_word' id='word_1_404' title='bbox 2730 2892 2764 2964; x_wconf 78' lang='grc' dir='ltr'>ἢ</span> <span class='ocrx_word' id='word_1_405' title='bbox 2799 2891 2898 2962; x_wconf 81' lang='grc' dir='ltr'>τὴν</span> <span class='ocrx_word' id='word_1_406' title='bbox 2951 2890 3190 2962; x_wconf 77' lang='grc' dir='ltr'>μελέτην</span> <span class='ocrx_word' id='word_1_407' title='bbox 3235 2892 3348 2946; x_wconf 85' lang='grc' dir='ltr'><strong>τῶν</strong></span> <span class='ocrx_word' id='word_1_408' title='bbox 3380 2891 3554 2945; x_wconf 81' lang='grc' dir='ltr'>θείων</span> <span class='ocrx_word' id='word_1_409' title='bbox 3592 2887 3757 2956; x_wconf 79' lang='grc' dir='ltr'>λόγων</span> 
     </span>
    </p>
   </div>
   <div class='ocr_carea' id='block_1_60' title="bbox 2178 2982 2620 3053">
    <p class='ocr_par' dir='ltr' id='par_1_60' title="bbox 2178 2982 2620 3053">
     <span class='ocr_line' id='line_1_60' title="bbox 2178 2982 2620 3053; baseline 0.007 -20"><span class='ocrx_word' id='word_1_410' title='bbox 2178 2982 2620 3053; x_wconf 81' lang='grc' dir='ltr'>μετερχομένων.</span> 
     </span>
    </p>
   </div>
   <div class='ocr_carea' id='block_1_61' title="bbox 572 3036 2073 3165">
    <p class='ocr_par' dir='ltr' id='par_1_61' title="bbox 572 3036 2073 3137">
     <span class='ocr_line' id='line_1_61' title="bbox 572 3036 2073 3137; baseline 0.009 -24"><span class='ocrx_word' id='word_1_411' title='bbox 572 3059 739 3115; x_wconf 76' lang='lat' dir='ltr'><strong>Vsus.</strong></span> <span class='ocrx_word' id='word_1_412' title='bbox 791 3061 876 3116; x_wconf 85' lang='grc'><strong>18.</strong></span> <span class='ocrx_word' id='word_1_413' title='bbox 930 3036 1160 3133; x_wconf 33' lang='lat' dir='ltr'><strong>ilignum</strong></span> <span class='ocrx_word' id='word_1_414' title='bbox 1209 3066 1332 3119; x_wconf 76' lang='lat' dir='ltr'><strong>vita:</strong></span> <span class='ocrx_word' id='word_1_415' title='bbox 1367 3066 1609 3122; x_wconf 86' lang='lat' dir='ltr'><strong>omnibus</strong></span> <span class='ocrx_word' id='word_1_416' title='bbox 1655 3070 1746 3137; x_wconf 87' lang='lat' dir='ltr'><strong>qui</strong></span> <span class='ocrx_word' id='word_1_417' title='bbox 1789 3071 2073 3137; x_wconf 87' lang='lat' dir='ltr'><strong>apprehen-</strong></span> 
     </span>
    </p>
   </div>
   <div class='ocr_carea' id='block_1_62' title="bbox 2182 3036 3755 3165">
    <p class='ocr_par' dir='ltr' id='par_1_62' title="bbox 2182 3036 3755 3143">
     <span class='ocr_line' id='line_1_62' title="bbox 2182 3036 3755 3143; baseline 0.005 -19"><span class='ocrx_word' id='word_1_418' title='bbox 2182 3036 2192 3053; x_wconf 43' lang='grc'><strong><em>⁵</em></strong></span> <span class='ocrx_word' id='word_1_419' title='bbox 2251 3036 2590 3143; x_wconf 47' lang='grc' dir='ltr'><strong>ιηίηέὺλον</strong></span> <span class='ocrx_word' id='word_1_420' title='bbox 2627 3072 2779 3140; x_wconf 79' lang='grc' dir='ltr'>ζωῆς</span> <span class='ocrx_word' id='word_1_421' title='bbox 2820 3072 2955 3127; x_wconf 81' lang='grc' dir='ltr'>ἐστι</span> <span class='ocrx_word' id='word_1_422' title='bbox 2991 3071 3143 3129; x_wconf 78' lang='grc' dir='ltr'>πᾶσι</span> <span class='ocrx_word' id='word_1_423' title='bbox 3175 3072 3300 3139; x_wconf 79' lang='grc' dir='ltr'>τοῖς</span> <span class='ocrx_word' id='word_1_424' title='bbox 3335 3069 3755 3142; x_wconf 75' lang='grc' dir='ltr'>ἀντεχομένοις</span> 
     </span>
    </p>
   </div>
   <div class='ocr_carea' id='block_1_63' title="bbox 495 3156 2074 3229">
    <p class='ocr_par' dir='ltr' id='par_1_63' title="bbox 495 3156 2074 3229">
     <span class='ocr_line' id='line_1_63' title="bbox 495 3156 2074 3229; baseline 0.008 -22"><span class='ocrx_word' id='word_1_425' title='bbox 495 3156 674 3211; x_wconf 85' lang='lat' dir='ltr'><strong>derint</strong></span> <span class='ocrx_word' id='word_1_426' title='bbox 710 3175 850 3222; x_wconf 89' lang='lat' dir='ltr'><strong>eam,</strong></span> <span class='ocrx_word' id='word_1_427' title='bbox 882 3170 935 3213; x_wconf 89' lang='lat' dir='ltr'><strong>et</strong></span> <span class='ocrx_word' id='word_1_428' title='bbox 982 3160 1046 3213; x_wconf 83' lang='lat' dir='ltr'><strong>iis</strong></span> <span class='ocrx_word' id='word_1_429' title='bbox 1079 3161 1170 3229; x_wconf 87' lang='lat' dir='ltr'><strong>qui</strong></span> <span class='ocrx_word' id='word_1_430' title='bbox 1214 3177 1370 3229; x_wconf 87' lang='lat' dir='ltr'><strong>super</strong></span> <span class='ocrx_word' id='word_1_431' title='bbox 1419 3177 1557 3226; x_wconf 90' lang='lat' dir='ltr'><strong>eam,</strong></span> <span class='ocrx_word' id='word_1_432' title='bbox 1607 3170 1666 3215; x_wconf 90' lang='lat' dir='ltr'><strong>ut</strong></span> <span class='ocrx_word' id='word_1_433' title='bbox 1715 3164 1771 3216; x_wconf 85' lang='lat' dir='ltr'><strong>in</strong></span> <span class='ocrx_word' id='word_1_434' title='bbox 1815 3163 1985 3218; x_wconf 86' lang='lat' dir='ltr'><strong>Deum</strong></span> <span class='ocrx_word' id='word_1_435' title='bbox 2018 3182 2074 3220; x_wconf 80' lang='lat' dir='ltr'><strong>se</strong></span> 
     </span>
    </p>
   </div>
   <div class='ocr_carea' id='block_1_64' title="bbox 496 3248 2074 3325">
    <p class='ocr_par' dir='ltr' id='par_1_64' title="bbox 496 3248 2074 3325">
     <span class='ocr_line' id='line_1_64' title="bbox 496 3248 2074 3325; baseline 0.007 -23"><span class='ocrx_word' id='word_1_436' title='bbox 496 3251 862 3320; x_wconf 78' lang='lat' dir='ltr'><strong>ﬁrmaverint,</strong></span> <span class='ocrx_word' id='word_1_437' title='bbox 918 3248 1207 3309; x_wconf 78' lang='lat' dir='ltr'><strong>beatitudo.</strong></span> <span class='ocrx_word' id='word_1_438' title='bbox 1260 3250 1491 3324; x_wconf 82' lang='lat' dir='ltr'><strong>Lignum</strong></span> <span class='ocrx_word' id='word_1_439' title='bbox 1522 3295 1537 3317; x_wconf 89' lang='lat'><strong>,</strong></span> <span class='ocrx_word' id='word_1_440' title='bbox 1593 3257 1900 3325; x_wconf 87' lang='lat' dir='ltr'><strong>spiritualis</strong></span> <span class='ocrx_word' id='word_1_441' title='bbox 1951 3260 2074 3313; x_wconf 67' lang='lat' dir='ltr'><strong>vita:</strong></span> 
     </span>
    </p>
   </div>
   <div class='ocr_carea' id='block_1_65' title="bbox 501 3329 2072 3416">
    <p class='ocr_par' dir='ltr' id='par_1_65' title="bbox 501 3329 2072 3416">
     <span class='ocr_line' id='line_1_65' title="bbox 501 3329 2072 3416; baseline 0.004 -20"><span class='ocrx_word' id='word_1_442' title='bbox 501 3342 741 3396; x_wconf 73' lang='lat' dir='ltr'><strong>fructum</strong></span> <span class='ocrx_word' id='word_1_443' title='bbox 797 3342 1005 3403; x_wconf 82' lang='lat' dir='ltr'><strong>ferens.</strong></span> <span class='ocrx_word' id='word_1_444' title='bbox 1036 3353 1125 3399; x_wconf 92' lang='lat' dir='ltr'><strong>est</strong></span> <span class='ocrx_word' id='word_1_445' title='bbox 1177 3345 1230 3397; x_wconf 92' lang='lat' dir='ltr'><strong>in</strong></span> <span class='ocrx_word' id='word_1_446' title='bbox 1279 3346 1535 3401; x_wconf 80' lang='lat' dir='ltr'><strong>omnibus</strong></span> <span class='ocrx_word' id='word_1_447' title='bbox 1565 3329 1782 3416; x_wconf 43' lang='lat' dir='ltr'><strong>qui&#39;per</strong></span> <span class='ocrx_word' id='word_1_448' title='bbox 1819 3348 2072 3404; x_wconf 70' lang='lat' dir='ltr'><strong>allectum</strong></span> 
     </span>
    </p>
   </div>
   <div class='ocr_carea' id='block_1_66' title="bbox 503 3434 2074 3512">
    <p class='ocr_par' dir='ltr' id='par_1_66' title="bbox 503 3434 2074 3512">
     <span class='ocr_line' id='line_1_66' title="bbox 503 3434 2074 3512; baseline 0.001 -22"><span class='ocrx_word' id='word_1_449' title='bbox 503 3434 744 3490; x_wconf 86' lang='lat' dir='ltr'><strong>ad&#39;eam</strong></span> <span class='ocrx_word' id='word_1_450' title='bbox 794 3435 1065 3503; x_wconf 88' lang='lat' dir='ltr'><strong>aspiraut,</strong></span> <span class='ocrx_word' id='word_1_451' title='bbox 1097 3442 1151 3489; x_wconf 87' lang='lat' dir='ltr'><strong>et</strong></span> <span class='ocrx_word' id='word_1_452' title='bbox 1199 3435 1323 3489; x_wconf 87' lang='lat' dir='ltr'><strong>illos</strong></span> <span class='ocrx_word' id='word_1_453' title='bbox 1374 3436 1468 3512; x_wconf 84' lang='lat' dir='ltr'><strong>qui</strong></span> <span class='ocrx_word' id='word_1_454' title='bbox 1520 3436 1574 3490; x_wconf 93' lang='lat' dir='ltr'><strong>in</strong></span> <span class='ocrx_word' id='word_1_455' title='bbox 1623 3452 1709 3502; x_wconf 87' lang='lat' dir='ltr'><strong>ea,</strong></span> <span class='ocrx_word' id='word_1_456' title='bbox 1743 3452 1840 3508; x_wconf 85' lang='lat' dir='ltr'><strong>per</strong></span> <span class='ocrx_word' id='word_1_457' title='bbox 1891 3437 2074 3505; x_wconf 86' lang='lat' dir='ltr'><strong>tidem,</strong></span> 
     </span>
    </p>
   </div>
   <div class='ocr_carea' id='block_1_67' title="bbox 501 3525 2075 3598">
    <p class='ocr_par' dir='ltr' id='par_1_67' title="bbox 501 3525 2075 3598">
     <span class='ocr_line' id='line_1_67' title="bbox 501 3525 2075 3598; baseline 0.003 -17"><span class='ocrx_word' id='word_1_458' title='bbox 501 3532 769 3596; x_wconf 82' lang='lat' dir='ltr'><strong>tanquam</strong></span> <span class='ocrx_word' id='word_1_459' title='bbox 823 3527 877 3579; x_wconf 92' lang='lat' dir='ltr'><strong>in</strong></span> <span class='ocrx_word' id='word_1_460' title='bbox 931 3525 1293 3594; x_wconf 88' lang='lat' dir='ltr'><strong>omnipotenti</strong></span> <span class='ocrx_word' id='word_1_461' title='bbox 1349 3525 1445 3581; x_wconf 89' lang='lat' dir='ltr'><strong>Dei</strong></span> <span class='ocrx_word' id='word_1_462' title='bbox 1495 3541 1749 3585; x_wconf 88' lang='lat' dir='ltr'><strong>sermone</strong></span> <span class='ocrx_word' id='word_1_463' title='bbox 1801 3529 2075 3598; x_wconf 90' lang='lat' dir='ltr'><strong>nituntur,</strong></span> 
     </span>
    </p>
   </div>
   <div class='ocr_carea' id='block_1_68' title="bbox 500 3616 1210 3673">
    <p class='ocr_par' dir='ltr' id='par_1_68' title="bbox 500 3616 1210 3673">
     <span class='ocr_line' id='line_1_68' title="bbox 500 3616 1210 3673; baseline -0.003 0"><span class='ocrx_word' id='word_1_464' title='bbox 500 3618 574 3673; x_wconf 84' lang='lat' dir='ltr'><strong>ab</strong></span> <span class='ocrx_word' id='word_1_465' title='bbox 598 3617 746 3673; x_wconf 90' lang='lat' dir='ltr'><strong>omni</strong></span> <span class='ocrx_word' id='word_1_466' title='bbox 775 3616 920 3671; x_wconf 88' lang='lat' dir='ltr'><strong>malo</strong></span> <span class='ocrx_word' id='word_1_467' title='bbox 947 3617 1210 3672; x_wconf 88' lang='lat' dir='ltr'><strong>custodit.</strong></span> 
     </span>
    </p>
   </div>
   <div class='ocr_carea' id='block_1_69' title="bbox 573 3728 2078 3806">
    <p class='ocr_par' dir='ltr' id='par_1_69' title="bbox 573 3728 2078 3806">
     <span class='ocr_line' id='line_1_69' title="bbox 573 3728 2078 3806; baseline 0.007 -22"><span class='ocrx_word' id='word_1_468' title='bbox 573 3728 745 3786; x_wconf 75' lang='lat' dir='ltr'><strong>Vsus.</strong></span> <span class='ocrx_word' id='word_1_469' title='bbox 777 3730 865 3793; x_wconf 76' lang='grc'><strong>19.</strong></span> <span class='ocrx_word' id='word_1_470' title='bbox 894 3728 984 3787; x_wconf 69' lang='grc' dir='ltr'><strong>ΞΟ.</strong></span> <span class='ocrx_word' id='word_1_471' title='bbox 1020 3730 1276 3787; x_wconf 80' lang='lat' dir='ltr'><strong>Dominus</strong></span> <span class='ocrx_word' id='word_1_472' title='bbox 1301 3733 1561 3802; x_wconf 86' lang='lat' dir='ltr'><strong>sapientia</strong></span> <span class='ocrx_word' id='word_1_473' title='bbox 1584 3736 1829 3804; x_wconf 78' lang='lat' dir='ltr'><strong>[undavit</strong></span> <span class='ocrx_word' id='word_1_474' title='bbox 1851 3748 2078 3806; x_wconf 86' lang='lat' dir='ltr'><strong>terram;</strong></span> 
     </span>
    </p>
   </div>
   <div class='ocr_carea' id='block_1_70' title="bbox 500 3823 2081 3903">
    <p class='ocr_par' dir='ltr' id='par_1_70' title="bbox 500 3823 2081 3903">
     <span class='ocr_line' id='line_1_70' title="bbox 500 3823 2081 3903; baseline 0.007 -27"><span class='ocrx_word' id='word_1_475' title='bbox 500 3823 793 3893; x_wconf 82' lang='lat' dir='ltr'><strong>prudentia</strong></span> <span class='ocrx_word' id='word_1_476' title='bbox 824 3823 1082 3878; x_wconf 80' lang='lat' dir='ltr'><strong>stabilivit</strong></span> <span class='ocrx_word' id='word_1_477' title='bbox 1117 3826 1305 3880; x_wconf 75' lang='lat' dir='ltr'><strong>caelum</strong></span> <span class='ocrx_word' id='word_1_478' title='bbox 1336 3843 1354 3881; x_wconf 91' lang='lat'><strong><em>:</em></strong></span> <span class='ocrx_word' id='word_1_479' title='bbox 1385 3828 1647 3903; x_wconf 84' lang='lat' dir='ltr'><strong>sapientia</strong></span> <span class='ocrx_word' id='word_1_480' title='bbox 1695 3830 1844 3885; x_wconf 83' lang='lat' dir='ltr'><strong>illius</strong></span> <span class='ocrx_word' id='word_1_481' title='bbox 1891 3849 2081 3903; x_wconf 83' lang='lat' dir='ltr'><strong>erupe—</strong></span> 
     </span>
    </p>
   </div>
   <div class='ocr_carea' id='block_1_71' title="bbox 503 3918 2081 3997">
    <p class='ocr_par' dir='ltr' id='par_1_71' title="bbox 503 3918 2081 3997">
     <span class='ocr_line' id='line_1_71' title="bbox 503 3918 2081 3997; baseline 0.005 -25"><span class='ocrx_word' id='word_1_482' title='bbox 503 3919 869 3988; x_wconf 80' lang='lat' dir='ltr'><strong>runtabyssi;</strong></span> <span class='ocrx_word' id='word_1_483' title='bbox 917 3928 967 3974; x_wconf 87' lang='lat' dir='ltr'><strong>et</strong></span> <span class='ocrx_word' id='word_1_484' title='bbox 1017 3918 1176 3974; x_wconf 85' lang='lat' dir='ltr'><strong>nubes</strong></span> <span class='ocrx_word' id='word_1_485' title='bbox 1221 3920 1430 3975; x_wconf 85' lang='lat' dir='ltr'><strong>stillant</strong></span> <span class='ocrx_word' id='word_1_486' title='bbox 1476 3938 1670 3978; x_wconf 84' lang='lat' dir='ltr'><strong>rorem.</strong></span> <span class='ocrx_word' id='word_1_487' title='bbox 1706 3922 1841 3979; x_wconf 89' lang='lat' dir='ltr'><strong>Cum</strong></span> <span class='ocrx_word' id='word_1_488' title='bbox 1883 3941 2081 3997; x_wconf 88' lang='lat' dir='ltr'><strong>supra-</strong></span> 
     </span>
    </p>
   </div>
   <div class='ocr_carea' id='block_1_72' title="bbox 500 4009 2083 4085">
    <p class='ocr_par' dir='ltr' id='par_1_72' title="bbox 500 4009 2083 4085">
     <span class='ocr_line' id='line_1_72' title="bbox 500 4009 2083 4085; baseline 0.005 -21"><span class='ocrx_word' id='word_1_489' title='bbox 500 4009 676 4065; x_wconf 78' lang='lat' dir='ltr'><strong>dictis</strong></span> <span class='ocrx_word' id='word_1_490' title='bbox 714 4010 997 4082; x_wconf 81' lang='lat' dir='ltr'><strong>sapieutiae</strong></span> <span class='ocrx_word' id='word_1_491' title='bbox 1031 4010 1335 4078; x_wconf 78' lang='lat' dir='ltr'><strong>beneﬁciis,</strong></span> <span class='ocrx_word' id='word_1_492' title='bbox 1367 4012 1484 4083; x_wconf 90' lang='lat' dir='ltr'><strong>ipse</strong></span> <span class='ocrx_word' id='word_1_493' title='bbox 1517 4013 1658 4070; x_wconf 88' lang='lat' dir='ltr'><strong>Deus</strong></span> <span class='ocrx_word' id='word_1_494' title='bbox 1697 4023 1752 4069; x_wconf 88' lang='lat' dir='ltr'><strong>et</strong></span> <span class='ocrx_word' id='word_1_495' title='bbox 1779 4014 1963 4085; x_wconf 87' lang='lat' dir='ltr'><strong>Pater,</strong></span> <span class='ocrx_word' id='word_1_496' title='bbox 1997 4032 2083 4072; x_wconf 88' lang='lat' dir='ltr'><strong>sa-</strong></span> 
     </span>
    </p>
   </div>
   <div class='ocr_carea' id='block_1_73' title="bbox 500 4101 2084 4178">
    <p class='ocr_par' dir='ltr' id='par_1_73' title="bbox 500 4101 2084 4178">
     <span class='ocr_line' id='line_1_73' title="bbox 500 4101 2084 4178; baseline 0.005 -22"><span class='ocrx_word' id='word_1_497' title='bbox 500 4101 752 4174; x_wconf 75' lang='lat' dir='ltr'><strong>pientia,</strong></span> <span class='ocrx_word' id='word_1_498' title='bbox 801 4101 960 4173; x_wconf 87' lang='lat' dir='ltr'><strong>quasi</strong></span> <span class='ocrx_word' id='word_1_499' title='bbox 1008 4117 1108 4159; x_wconf 88' lang='lat' dir='ltr'><strong>sua</strong></span> <span class='ocrx_word' id='word_1_500' title='bbox 1163 4118 1260 4173; x_wconf 90' lang='lat' dir='ltr'><strong>per</strong></span> <span class='ocrx_word' id='word_1_501' title='bbox 1311 4119 1371 4160; x_wconf 91' lang='lat' dir='ltr'><strong>se</strong></span> <span class='ocrx_word' id='word_1_502' title='bbox 1416 4106 1755 4163; x_wconf 84' lang='lat' dir='ltr'><strong>subsistente</strong></span> <span class='ocrx_word' id='word_1_503' title='bbox 1812 4116 2084 4178; x_wconf 84' lang='lat' dir='ltr'><strong>potestate</strong></span> 
     </span>
    </p>
   </div>
   <div class='ocr_carea' id='block_1_74' title="bbox 499 4192 2082 4265">
    <p class='ocr_par' dir='ltr' id='par_1_74' title="bbox 499 4192 2082 4265">
     <span class='ocr_line' id='line_1_74' title="bbox 499 4192 2082 4265; baseline 0.004 -17"><span class='ocrx_word' id='word_1_504' title='bbox 499 4192 880 4248; x_wconf 72' lang='lat' dir='ltr'><strong>consolidavit</strong></span> <span class='ocrx_word' id='word_1_505' title='bbox 927 4192 1129 4247; x_wconf 89' lang='lat' dir='ltr'><strong>siccam</strong></span> <span class='ocrx_word' id='word_1_506' title='bbox 1176 4202 1377 4248; x_wconf 88' lang='lat' dir='ltr'><strong>terram</strong></span> <span class='ocrx_word' id='word_1_507' title='bbox 1422 4210 1588 4265; x_wconf 86' lang='lat' dir='ltr'><strong>super</strong></span> <span class='ocrx_word' id='word_1_508' title='bbox 1620 4206 1871 4252; x_wconf 90' lang='lat' dir='ltr'><strong>naturam</strong></span> <span class='ocrx_word' id='word_1_509' title='bbox 1904 4198 2082 4255; x_wconf 84' lang='lat' dir='ltr'><strong>ﬂuen-</strong></span> 
     </span>
    </p>
   </div>
   <div class='ocr_carea' id='block_1_75' title="bbox 430 4283 2080 4353">
    <p class='ocr_par' dir='ltr' id='par_1_75' title="bbox 430 4283 2080 4353">
     <span class='ocr_line' id='line_1_75' title="bbox 430 4283 2080 4353; baseline 0.005 -16"><span class='ocrx_word' id='word_1_510' title='bbox 430 4304 437 4313; x_wconf 92' lang='grc'><strong>·</strong></span> <span class='ocrx_word' id='word_1_511' title='bbox 498 4283 646 4337; x_wconf 63' lang='lat' dir='ltr'><strong>nium</strong></span> <span class='ocrx_word' id='word_1_512' title='bbox 683 4298 949 4353; x_wconf 82' lang='lat' dir='ltr'><strong>aquarum</strong></span> <span class='ocrx_word' id='word_1_513' title='bbox 989 4301 1003 4338; x_wconf 89' lang='lat'>:</span> <span class='ocrx_word' id='word_1_514' title='bbox 1039 4286 1262 4353; x_wconf 82' lang='lat' dir='ltr'><strong>preprio</strong></span> <span class='ocrx_word' id='word_1_515' title='bbox 1300 4286 1536 4341; x_wconf 87' lang='lat' dir='ltr'><strong>consilio</strong></span> <span class='ocrx_word' id='word_1_516' title='bbox 1568 4289 1741 4344; x_wconf 66' lang='lat' dir='ltr'><strong>caelos</strong></span> <span class='ocrx_word' id='word_1_517' title='bbox 1775 4290 2021 4346; x_wconf 79' lang='lat' dir='ltr'><strong>extendit</strong></span> <span class='ocrx_word' id='word_1_518' title='bbox 2065 4307 2080 4345; x_wconf 92' lang='lat'><strong>:</strong></span> 
     </span>
    </p>
   </div>
   <div class='ocr_carea' id='block_1_76' title="bbox 496 4376 2087 4454">
    <p class='ocr_par' dir='ltr' id='par_1_76' title="bbox 496 4376 2087 4454">
     <span class='ocr_line' id='line_1_76' title="bbox 496 4376 2087 4454; baseline 0.003 -21"><span class='ocrx_word' id='word_1_519' title='bbox 496 4384 568 4434; x_wconf 78' lang='lat' dir='ltr'><strong>et</strong></span> <span class='ocrx_word' id='word_1_520' title='bbox 603 4376 708 4430; x_wconf 89' lang='lat' dir='ltr'><strong>sub</strong></span> <span class='ocrx_word' id='word_1_521' title='bbox 749 4376 1090 4431; x_wconf 80' lang='lat' dir='ltr'><strong>firmamento</strong></span> <span class='ocrx_word' id='word_1_522' title='bbox 1114 4384 1166 4431; x_wconf 88' lang='lat' dir='ltr'><strong>et</strong></span> <span class='ocrx_word' id='word_1_523' title='bbox 1197 4392 1360 4446; x_wconf 87' lang='lat' dir='ltr'><strong>super</strong></span> <span class='ocrx_word' id='word_1_524' title='bbox 1408 4378 1809 4435; x_wconf 76' lang='lat' dir='ltr'><strong>firmamentum</strong></span> <span class='ocrx_word' id='word_1_525' title='bbox 1850 4397 1952 4437; x_wconf 90' lang='lat' dir='ltr'><strong>suo</strong></span> <span class='ocrx_word' id='word_1_526' title='bbox 1997 4384 2087 4454; x_wconf 84' lang='lat' dir='ltr'><strong>ju-</strong></span> 
     </span>
    </p>
   </div>
   <div class='ocr_carea' id='block_1_77' title="bbox 2179 3157 3757 3235">
    <p class='ocr_par' dir='ltr' id='par_1_77' title="bbox 2179 3157 3757 3235">
     <span class='ocr_line' id='line_1_77' title="bbox 2179 3157 3757 3235; baseline -0.002 -18"><span class='ocrx_word' id='word_1_527' title='bbox 2179 3160 2387 3230; x_wconf 80' lang='grc' dir='ltr'>αὐτῆς,</span> <span class='ocrx_word' id='word_1_528' title='bbox 2417 3163 2518 3216; x_wconf 70' lang='grc' dir='ltr'><strong>καί</strong></span> <span class='ocrx_word' id='word_1_529' title='bbox 2536 3164 2660 3231; x_wconf 82' lang='grc' dir='ltr'>τοῖς</span> <span class='ocrx_word' id='word_1_530' title='bbox 2680 3164 3154 3235; x_wconf 82' lang='grc' dir='ltr'>ἐπερειδομένοις</span> <span class='ocrx_word' id='word_1_531' title='bbox 3178 3165 3272 3219; x_wconf 83' lang='grc' dir='ltr'><strong>ἐπ’</strong></span> <span class='ocrx_word' id='word_1_532' title='bbox 3297 3165 3528 3231; x_wconf 80' lang='grc' dir='ltr'>αὐτὴν,</span> <span class='ocrx_word' id='word_1_533' title='bbox 3562 3164 3642 3228; x_wconf 85' lang='grc' dir='ltr'>ὡς</span> <span class='ocrx_word' id='word_1_534' title='bbox 3668 3157 3757 3214; x_wconf 70' lang='grc' dir='ltr'><strong>ἐπὶ</strong></span> 
     </span>
    </p>
   </div>
   <div class='ocr_carea' id='block_1_78' title="bbox 2180 3247 3753 3327">
    <p class='ocr_par' dir='ltr' id='par_1_78' title="bbox 2180 3247 3753 3327">
     <span class='ocr_line' id='line_1_78' title="bbox 2180 3247 3753 3327; baseline -0.006 -18"><span class='ocrx_word' id='word_1_535' title='bbox 2180 3254 2424 3323; x_wconf 80' lang='grc' dir='ltr'>Κύριον,</span> <span class='ocrx_word' id='word_1_536' title='bbox 2472 3253 2780 3323; x_wconf 69' lang='grc' dir='ltr'><strong>ἀσφαλής.</strong></span> <span class='ocrx_word' id='word_1_537' title='bbox 2815 3255 2986 3308; x_wconf 81' lang='grc' dir='ltr'>Φυτὸν</span> <span class='ocrx_word' id='word_1_538' title='bbox 3037 3256 3148 3327; x_wconf 85' lang='grc' dir='ltr'>γάρ</span> <span class='ocrx_word' id='word_1_539' title='bbox 3191 3257 3308 3307; x_wconf 76' lang='grc' dir='ltr'>ἐστι</span> <span class='ocrx_word' id='word_1_540' title='bbox 3371 3247 3753 3324; x_wconf 76' lang='grc' dir='ltr'>καρποφοροῦν</span> 
     </span>
    </p>
   </div>
   <div class='ocr_carea' id='block_1_79' title="bbox 2180 3341 3755 3417">
    <p class='ocr_par' dir='ltr' id='par_1_79' title="bbox 2180 3341 3755 3417">
     <span class='ocr_line' id='line_1_79' title="bbox 2180 3341 3755 3417; baseline -0.004 -19"><span class='ocrx_word' id='word_1_541' title='bbox 2180 3343 2278 3415; x_wconf 85' lang='grc' dir='ltr'>τὴν</span> <span class='ocrx_word' id='word_1_542' title='bbox 2340 3346 2401 3398; x_wconf 80' lang='grc' dir='ltr'>ἐν</span> <span class='ocrx_word' id='word_1_543' title='bbox 2451 3345 2724 3417; x_wconf 79' lang='grc' dir='ltr'>πνεύματι</span> <span class='ocrx_word' id='word_1_544' title='bbox 2761 3345 2929 3416; x_wconf 80' lang='grc' dir='ltr'>ζωὴν,</span> <span class='ocrx_word' id='word_1_545' title='bbox 2988 3345 3161 3400; x_wconf 76' lang='grc' dir='ltr'>ἅπασι</span> <span class='ocrx_word' id='word_1_546' title='bbox 3191 3348 3305 3409; x_wconf 86' lang='grc' dir='ltr'>τοῖς</span> <span class='ocrx_word' id='word_1_547' title='bbox 3346 3344 3498 3399; x_wconf 78' lang='grc' dir='ltr'>κατὰ</span> <span class='ocrx_word' id='word_1_548' title='bbox 3531 3341 3755 3397; x_wconf 84' lang='grc' dir='ltr'>διάθεσιν</span> 
     </span>
    </p>
   </div>
   <div class='ocr_carea' id='block_1_80' title="bbox 2182 3430 3752 3509">
    <p class='ocr_par' dir='ltr' id='par_1_80' title="bbox 2182 3430 3752 3509">
     <span class='ocr_line' id='line_1_80' title="bbox 2182 3430 3752 3509; baseline -0.003 -18"><span class='ocrx_word' id='word_1_549' title='bbox 2182 3437 2656 3508; x_wconf 84' lang='grc' dir='ltr'>ἀντιποιουμένοις</span> <span class='ocrx_word' id='word_1_550' title='bbox 2709 3438 2905 3509; x_wconf 83' lang='grc' dir='ltr'>αὑτῆς,</span> <span class='ocrx_word' id='word_1_551' title='bbox 2964 3440 3060 3491; x_wconf 79' lang='grc' dir='ltr'><strong>καὶ</strong></span> <span class='ocrx_word' id='word_1_552' title='bbox 3105 3440 3219 3501; x_wconf 81' lang='grc' dir='ltr'>τοῖς</span> <span class='ocrx_word' id='word_1_553' title='bbox 3258 3439 3356 3491; x_wconf 73' lang='grc' dir='ltr'>ἐπὶ</span> <span class='ocrx_word' id='word_1_554' title='bbox 3419 3437 3599 3508; x_wconf 75' lang='grc' dir='ltr'>ταύτῃ</span> <span class='ocrx_word' id='word_1_555' title='bbox 3627 3430 3752 3487; x_wconf 84' lang='grc' dir='ltr'><strong>κατά</strong></span> 
     </span>
    </p>
   </div>
   <div class='ocr_carea' id='block_1_81' title="bbox 2184 3518 3753 3602">
    <p class='ocr_par' dir='ltr' id='par_1_81' title="bbox 2184 3518 3753 3602">
     <span class='ocr_line' id='line_1_81' title="bbox 2184 3518 3753 3602; baseline -0.002 -20"><span class='ocrx_word' id='word_1_556' title='bbox 2184 3528 2370 3583; x_wconf 84' lang='grc' dir='ltr'>πίστιν</span> <span class='ocrx_word' id='word_1_557' title='bbox 2407 3529 2857 3602; x_wconf 78' lang='grc' dir='ltr'>ὲστηριγμένοις,</span> <span class='ocrx_word' id='word_1_558' title='bbox 2914 3529 2990 3593; x_wconf 84' lang='grc' dir='ltr'>ὼς</span> <span class='ocrx_word' id='word_1_559' title='bbox 3039 3529 3134 3581; x_wconf 72' lang='grc' dir='ltr'><strong>ἐπὶ</strong></span> <span class='ocrx_word' id='word_1_560' title='bbox 3191 3527 3609 3600; x_wconf 83' lang='grc' dir='ltr'>παντοκράτορι</span> <span class='ocrx_word' id='word_1_561' title='bbox 3646 3518 3753 3590; x_wconf 84' lang='grc' dir='ltr'>Θεῷ</span> 
     </span>
    </p>
   </div>
   <div class='ocr_carea' id='block_1_82' title="bbox 2118 3614 3607 3690">
    <p class='ocr_par' dir='ltr' id='par_1_82' title="bbox 2118 3614 3607 3690">
     <span class='ocr_line' id='line_1_82' title="bbox 2118 3614 3607 3690; baseline -0.003 -17"><span class='ocrx_word' id='word_1_562' title='bbox 2118 3645 2123 3649; x_wconf 62' lang='grc' dir='ltr'><strong>ο</strong></span> <span class='ocrx_word' id='word_1_563' title='bbox 2187 3618 2371 3690; x_wconf 81' lang='grc' dir='ltr'><strong>Λόγῳ,</strong></span> <span class='ocrx_word' id='word_1_564' title='bbox 2402 3618 2716 3690; x_wconf 81' lang='grc' dir='ltr'>φυλακτικὴ</span> <span class='ocrx_word' id='word_1_565' title='bbox 2752 3619 2861 3671; x_wconf 82' lang='grc' dir='ltr'><strong>άπὸ</strong></span> <span class='ocrx_word' id='word_1_566' title='bbox 2903 3617 3103 3682; x_wconf 78' lang='grc' dir='ltr'>παντὸς</span> <span class='ocrx_word' id='word_1_567' title='bbox 3133 3617 3373 3690; x_wconf 81' lang='grc' dir='ltr'>ὑπάρχει</span> <span class='ocrx_word' id='word_1_568' title='bbox 3406 3614 3607 3672; x_wconf 82' lang='grc' dir='ltr'>κακοῦ.</span> 
     </span>
    </p>
   </div>
   <div class='ocr_carea' id='block_1_83' title="bbox 2260 3720 3747 3800">
    <p class='ocr_par' dir='ltr' id='par_1_83' title="bbox 2260 3720 3747 3800">
     <span class='ocr_line' id='line_1_83' title="bbox 2260 3720 3747 3800; baseline 0.003 -16"><span class='ocrx_word' id='word_1_569' title='bbox 2260 3730 2348 3795; x_wconf 84' lang='grc' dir='ltr'><strong>ιθ’,</strong></span> <span class='ocrx_word' id='word_1_570' title='bbox 2377 3737 2447 3787; x_wconf 85' lang='grc' dir='ltr'><strong>κ’.</strong></span> <span class='ocrx_word' id='word_1_571' title='bbox 2487 3730 2551 3785; x_wconf 84' lang='lat'><strong>&#39;0</strong></span> <span class='ocrx_word' id='word_1_572' title='bbox 2581 3733 2745 3797; x_wconf 84' lang='grc' dir='ltr'>Θεὸς,</span> <span class='ocrx_word' id='word_1_573' title='bbox 2770 3729 2844 3799; x_wconf 77' lang='grc' dir='ltr'>τῆ</span> <span class='ocrx_word' id='word_1_574' title='bbox 2868 3731 3058 3799; x_wconf 70' lang='grc' dir='ltr'>σοφίᾳ</span> <span class='ocrx_word' id='word_1_575' title='bbox 3084 3729 3445 3800; x_wconf 74' lang='grc' dir='ltr'>ἐθεμελίωσε</span> <span class='ocrx_word' id='word_1_576' title='bbox 3476 3727 3592 3795; x_wconf 76' lang='grc' dir='ltr'><strong>τὴν</strong></span> <span class='ocrx_word' id='word_1_577' title='bbox 3617 3720 3747 3794; x_wconf 73' lang='grc' dir='ltr'><strong>τῆν’</strong></span> 
     </span>
    </p>
   </div>
   <div class='ocr_carea' id='block_1_84' title="bbox 2187 3816 3747 3895">
    <p class='ocr_par' dir='ltr' id='par_1_84' title="bbox 2187 3816 3747 3895">
     <span class='ocr_line' id='line_1_84' title="bbox 2187 3816 3747 3895; baseline -0.008 -16"><span class='ocrx_word' id='word_1_578' title='bbox 2187 3824 2479 3895; x_wconf 74' lang='grc' dir='ltr'>ἡτοίμασε</span> <span class='ocrx_word' id='word_1_579' title='bbox 2518 3822 2588 3877; x_wconf 81' lang='grc' dir='ltr'>δὲ</span> <span class='ocrx_word' id='word_1_580' title='bbox 2615 3823 2877 3892; x_wconf 77' lang='grc' dir='ltr'>οὐρανὸν</span> <span class='ocrx_word' id='word_1_581' title='bbox 2911 3823 2982 3878; x_wconf 78' lang='grc' dir='ltr'><strong>ἐν</strong></span> <span class='ocrx_word' id='word_1_582' title='bbox 3014 3822 3308 3893; x_wconf 72' lang='grc' dir='ltr'>φρονήσει</span> <span class='ocrx_word' id='word_1_583' title='bbox 3331 3837 3346 3853; x_wconf 80' lang='grc' dir='ltr'><strong>ο</strong></span> <span class='ocrx_word' id='word_1_584' title='bbox 3376 3822 3452 3884; x_wconf 64' lang='grc' dir='ltr'><strong>ἐν</strong></span> <span class='ocrx_word' id='word_1_585' title='bbox 3485 3816 3747 3882; x_wconf 75' lang='grc' dir='ltr'><strong>αἰσθήσει</strong></span> 
     </span>
    </p>
   </div>
   <div class='ocr_carea' id='block_1_85' title="bbox 2187 3904 3747 3988">
    <p class='ocr_par' dir='ltr' id='par_1_85' title="bbox 2187 3904 3747 3988">
     <span class='ocr_line' id='line_1_85' title="bbox 2187 3904 3747 3988; baseline 0.001 -18"><span class='ocrx_word' id='word_1_586' title='bbox 2187 3914 2378 3971; x_wconf 86' lang='grc' dir='ltr'>αὑτοῦ</span> <span class='ocrx_word' id='word_1_587' title='bbox 2422 3908 2686 3974; x_wconf 74' lang='grc' dir='ltr'>ἄϐυσσοι</span> <span class='ocrx_word' id='word_1_588' title='bbox 2728 3914 3093 3988; x_wconf 71' lang='grc' dir='ltr'><strong>ἐρῤἀγησαν,</strong></span> <span class='ocrx_word' id='word_1_589' title='bbox 3134 3916 3287 3985; x_wconf 70' lang='grc' dir='ltr'><strong>νέφη</strong></span> <span class='ocrx_word' id='word_1_590' title='bbox 3325 3914 3396 3968; x_wconf 78' lang='grc' dir='ltr'>δὲ</span> <span class='ocrx_word' id='word_1_591' title='bbox 3422 3913 3604 3983; x_wconf 81' lang='grc' dir='ltr'><strong>ὲῤῥύη</strong></span> <span class='ocrx_word' id='word_1_592' title='bbox 3628 3904 3747 3972; x_wconf 75' lang='grc' dir='ltr'><strong>δρό·</strong></span> 
     </span>
    </p>
   </div>
   <div class='ocr_carea' id='block_1_86' title="bbox 2190 3998 3746 4078">
    <p class='ocr_par' dir='ltr' id='par_1_86' title="bbox 2190 3998 3746 4078">
     <span class='ocr_line' id='line_1_86' title="bbox 2190 3998 3746 4078; baseline -0.003 -17"><span class='ocrx_word' id='word_1_593' title='bbox 2190 4021 2331 4062; x_wconf 81' lang='grc' dir='ltr'>σον.</span> <span class='ocrx_word' id='word_1_594' title='bbox 2369 4006 2528 4061; x_wconf 86' lang='grc' dir='ltr'>Μετὰ</span> <span class='ocrx_word' id='word_1_595' title='bbox 2570 4006 2791 4061; x_wconf 84' lang='grc' dir='ltr'>πάντων</span> <span class='ocrx_word' id='word_1_596' title='bbox 2834 4006 2891 4060; x_wconf 82' lang='grc' dir='ltr'><strong>δὲ</strong></span> <span class='ocrx_word' id='word_1_597' title='bbox 2938 4006 3047 4060; x_wconf 85' lang='grc' dir='ltr'><strong>τῶν</strong></span> <span class='ocrx_word' id='word_1_598' title='bbox 3092 4006 3404 4078; x_wconf 75' lang='grc' dir='ltr'>εἰρημένων</span> <span class='ocrx_word' id='word_1_599' title='bbox 3431 4005 3535 4075; x_wconf 81' lang='grc' dir='ltr'>τῆς</span> <span class='ocrx_word' id='word_1_600' title='bbox 3575 3998 3746 4068; x_wconf 68' lang='grc' dir='ltr'>σοφίας</span> 
     </span>
    </p>
   </div>
   <div class='ocr_carea' id='block_1_87' title="bbox 2190 4088 3747 4168">
    <p class='ocr_par' dir='ltr' id='par_1_87' title="bbox 2190 4088 3747 4168">
     <span class='ocr_line' id='line_1_87' title="bbox 2190 4088 3747 4168; baseline -0.007 -15"><span class='ocrx_word' id='word_1_601' title='bbox 2190 4098 2664 4168; x_wconf 78' lang='grc' dir='ltr'>κατορθωμάτων,</span> <span class='ocrx_word' id='word_1_602' title='bbox 2693 4097 2789 4154; x_wconf 83' lang='grc' dir='ltr'><strong>καὶ</strong></span> <span class='ocrx_word' id='word_1_603' title='bbox 2820 4097 2987 4162; x_wconf 86' lang='grc' dir='ltr'>αὑτὸς</span> <span class='ocrx_word' id='word_1_604' title='bbox 3008 4097 3039 4151; x_wconf 81' lang='grc' dir='ltr'><strong>ό</strong></span> <span class='ocrx_word' id='word_1_605' title='bbox 3059 4097 3195 4160; x_wconf 79' lang='grc' dir='ltr'>Θεὸς</span> <span class='ocrx_word' id='word_1_606' title='bbox 3223 4099 3320 4152; x_wconf 78' lang='grc' dir='ltr'><strong>καὶ</strong></span> <span class='ocrx_word' id='word_1_607' title='bbox 3347 4097 3564 4168; x_wconf 81' lang='grc' dir='ltr'>Πατὴρ,</span> <span class='ocrx_word' id='word_1_608' title='bbox 3594 4088 3747 4161; x_wconf 81' lang='grc' dir='ltr'>ταύτῃ</span> 
     </span>
    </p>
   </div>
   <div class='ocr_carea' id='block_1_88' title="bbox 2190 4182 3744 4261">
    <p class='ocr_par' dir='ltr' id='par_1_88' title="bbox 2190 4182 3744 4261">
     <span class='ocr_line' id='line_1_88' title="bbox 2190 4182 3744 4261; baseline -0.002 -17"><span class='ocrx_word' id='word_1_609' title='bbox 2190 4190 2267 4254; x_wconf 84' lang='grc' dir='ltr'>ὡς</span> <span class='ocrx_word' id='word_1_610' title='bbox 2328 4189 2682 4260; x_wconf 83' lang='grc' dir='ltr'>ὲνυποστάτῳ</span> <span class='ocrx_word' id='word_1_611' title='bbox 2739 4189 2967 4261; x_wconf 84' lang='grc' dir='ltr'>δυνάμει</span> <span class='ocrx_word' id='word_1_612' title='bbox 3018 4188 3184 4244; x_wconf 81' lang='grc' dir='ltr'>αὑτοῦ</span> <span class='ocrx_word' id='word_1_613' title='bbox 3238 4188 3483 4260; x_wconf 73' lang='grc' dir='ltr'>ἐπήξατο</span> <span class='ocrx_word' id='word_1_614' title='bbox 3534 4186 3621 4239; x_wconf 81' lang='grc' dir='ltr'><strong>ἐπὶ</strong></span> <span class='ocrx_word' id='word_1_615' title='bbox 3660 4182 3744 4247; x_wconf 73' lang='grc' dir='ltr'><strong>τῆς</strong></span> 
     </span>
    </p>
   </div>
   <div class='ocr_carea' id='block_1_89' title="bbox 2193 4278 3743 4352">
    <p class='ocr_par' dir='ltr' id='par_1_89' title="bbox 2193 4278 3743 4352">
     <span class='ocr_line' id='line_1_89' title="bbox 2193 4278 3743 4352; baseline -0.005 -18"><span class='ocrx_word' id='word_1_616' title='bbox 2193 4279 2365 4351; x_wconf 80' lang='grc' dir='ltr'>ρυτῆς</span> <span class='ocrx_word' id='word_1_617' title='bbox 2397 4280 2508 4334; x_wconf 85' lang='grc' dir='ltr'>τῶν</span> <span class='ocrx_word' id='word_1_618' title='bbox 2556 4280 2767 4335; x_wconf 85' lang='grc' dir='ltr'>ὑδάτων</span> <span class='ocrx_word' id='word_1_619' title='bbox 2808 4280 3028 4351; x_wconf 79' lang='grc' dir='ltr'>φύσεως</span> <span class='ocrx_word' id='word_1_620' title='bbox 3060 4280 3159 4351; x_wconf 83' lang='grc' dir='ltr'><strong>τὴν</strong></span> <span class='ocrx_word' id='word_1_621' title='bbox 3210 4278 3385 4352; x_wconf 82' lang='grc' dir='ltr'>ξηράν</span> <span class='ocrx_word' id='word_1_622' title='bbox 3428 4279 3565 4349; x_wconf 77' lang='grc' dir='ltr'>γῆνο</span> <span class='ocrx_word' id='word_1_623' title='bbox 3612 4287 3743 4342; x_wconf 79' lang='grc' dir='ltr'>παρ-</span> 
     </span>
    </p>
   </div>
   <div class='ocr_carea' id='block_1_90' title="bbox 2193 4365 3741 4444">
    <p class='ocr_par' dir='ltr' id='par_1_90' title="bbox 2193 4365 3741 4444">
     <span class='ocr_line' id='line_1_90' title="bbox 2193 4365 3741 4444; baseline -0.009 -16"><span class='ocrx_word' id='word_1_624' title='bbox 2193 4371 2393 4440; x_wconf 50' lang='grc' dir='ltr'>ήγαγε,</span> <span class='ocrx_word' id='word_1_625' title='bbox 2429 4370 2486 4424; x_wconf 80' lang='grc' dir='ltr'>δὲ</span> <span class='ocrx_word' id='word_1_626' title='bbox 2533 4371 2798 4442; x_wconf 84' lang='grc' dir='ltr'>οὐρανοὺς</span> <span class='ocrx_word' id='word_1_627' title='bbox 2826 4373 2894 4442; x_wconf 79' lang='grc' dir='ltr'>τῇ</span> <span class='ocrx_word' id='word_1_628' title='bbox 2953 4371 3060 4444; x_wconf 73' lang='grc' dir='ltr'>ίδίᾳ</span> <span class='ocrx_word' id='word_1_629' title='bbox 3089 4370 3253 4442; x_wconf 80' lang='grc' dir='ltr'>βουλῇ</span> <span class='ocrx_word' id='word_1_630' title='bbox 3275 4387 3289 4401; x_wconf 85' lang='grc'><strong>·</strong></span> <span class='ocrx_word' id='word_1_631' title='bbox 3323 4372 3424 4427; x_wconf 82' lang='grc' dir='ltr'>καὶ</span> <span class='ocrx_word' id='word_1_632' title='bbox 3465 4372 3533 4441; x_wconf 77' lang='grc' dir='ltr'>τῇ</span> <span class='ocrx_word' id='word_1_633' title='bbox 3588 4365 3741 4436; x_wconf 77' lang='grc' dir='ltr'>κρίσει</span> 
     </span>
    </p>
   </div>
   <div class='ocr_carea' id='block_1_91' title="bbox 501 4450 2073 4546">
    <p class='ocr_par' dir='ltr' id='par_1_91' title="bbox 501 4450 2073 4546">
     <span class='ocr_line' id='line_1_91' title="bbox 501 4450 2073 4546; baseline 0.007 -27"><span class='ocrx_word' id='word_1_634' title='bbox 501 4464 664 4520; x_wconf 73' lang='lat' dir='ltr'><strong>(licio</strong></span> <span class='ocrx_word' id='word_1_635' title='bbox 690 4480 845 4535; x_wconf 69' lang='lat' dir='ltr'><strong>aquae</strong></span> <span class='ocrx_word' id='word_1_636' title='bbox 872 4476 1001 4521; x_wconf 91' lang='lat' dir='ltr'><strong>sunt</strong></span> <span class='ocrx_word' id='word_1_637' title='bbox 1028 4466 1220 4523; x_wconf 70' lang='lat' dir='ltr'><strong>divisae</strong></span> <span class='ocrx_word' id='word_1_638' title='bbox 1245 4486 1259 4522; x_wconf 89' lang='lat'><strong>:</strong></span> <span class='ocrx_word' id='word_1_639' title='bbox 1284 4476 1338 4522; x_wconf 86' lang='lat' dir='ltr'><strong>et</strong></span> <span class='ocrx_word' id='word_1_640' title='bbox 1367 4469 1568 4541; x_wconf 88' lang='lat' dir='ltr'><strong>pluviis</strong></span> <span class='ocrx_word' id='word_1_641' title='bbox 1598 4480 1801 4527; x_wconf 89' lang='lat' dir='ltr'><strong>terram</strong></span> <span class='ocrx_word' id='word_1_642' title='bbox 1830 4450 2073 4546; x_wconf 63' lang='lat' dir='ltr'><strong>irrigare1</strong></span> 
     </span>
    </p>
   </div>
   <div class='ocr_carea' id='block_1_92' title="bbox 2182 4450 3728 4546">
    <p class='ocr_par' dir='ltr' id='par_1_92' title="bbox 2192 4450 3728 4546">
     <span class='ocr_line' id='line_1_92' title="bbox 2192 4450 3728 4546; baseline -0.005 -28"><span class='ocrx_word' id='word_1_643' title='bbox 2192 4462 2358 4518; x_wconf 80' lang='grc' dir='ltr'>αὑτοῦ</span> <span class='ocrx_word' id='word_1_644' title='bbox 2392 4462 2621 4536; x_wconf 75' lang='grc' dir='ltr'>διῃρέθη</span> <span class='ocrx_word' id='word_1_645' title='bbox 2650 4462 2721 4516; x_wconf 85' lang='grc' dir='ltr'>τὰ</span> <span class='ocrx_word' id='word_1_646' title='bbox 2761 4461 2933 4516; x_wconf 77' lang='grc' dir='ltr'>ὕδατα.</span> <span class='ocrx_word' id='word_1_647' title='bbox 2959 4461 3073 4517; x_wconf 78' lang='grc' dir='ltr'>ἄνω</span> <span class='ocrx_word' id='word_1_648' title='bbox 3107 4462 3201 4515; x_wconf 73' lang='grc' dir='ltr'>καὶ</span> <span class='ocrx_word' id='word_1_649' title='bbox 3228 4462 3379 4516; x_wconf 85' lang='grc' dir='ltr'>κάτω</span> <span class='ocrx_word' id='word_1_650' title='bbox 3414 4460 3509 4517; x_wconf 80' lang='grc' dir='ltr'>τοῦ</span> <span class='ocrx_word' id='word_1_651' title='bbox 3538 4450 3728 4546; x_wconf 53' lang='lat' dir='ltr'><strong>creasti)</strong></span> 
     </span>
    </p>
   </div>
   <div class='ocr_carea' id='block_1_93' title="bbox 504 4557 1132 4615">
    <p class='ocr_par' dir='ltr' id='par_1_93' title="bbox 504 4557 1132 4615">
     <span class='ocr_line' id='line_1_93' title="bbox 504 4557 1132 4615; baseline 0.006 -4"><span class='ocrx_word' id='word_1_652' title='bbox 504 4557 689 4613; x_wconf 66' lang='lat' dir='ltr'><strong>enubes</strong></span> <span class='ocrx_word' id='word_1_653' title='bbox 720 4557 1132 4615; x_wconf 83' lang='lat' dir='ltr'><strong>mandaverunt.</strong></span> 
     </span>
    </p>
   </div>
   <div class='ocr_carea' id='block_1_94' title="bbox 593 4751 2089 4835">
    <p class='ocr_par' dir='ltr' id='par_1_94' title="bbox 593 4751 2089 4835">
     <span class='ocr_line' id='line_1_94' title="bbox 593 4751 2089 4835; baseline 0.009 -28"><span class='ocrx_word' id='word_1_654' title='bbox 593 4751 753 4809; x_wconf 72' lang='lat' dir='ltr'><strong>Vsus.</strong></span> <span class='ocrx_word' id='word_1_655' title='bbox 788 4753 879 4810; x_wconf 75' lang='lat'><strong>2|.</strong></span> <span class='ocrx_word' id='word_1_656' title='bbox 914 4753 1048 4822; x_wconf 84' lang='lat' dir='ltr'><strong>Fili,</strong></span> <span class='ocrx_word' id='word_1_657' title='bbox 1081 4773 1142 4812; x_wconf 87' lang='lat' dir='ltr'><strong>ne</strong></span> <span class='ocrx_word' id='word_1_658' title='bbox 1170 4758 1421 4829; x_wconf 72' lang='lat' dir='ltr'><strong>eﬂiuaris.</strong></span> <span class='ocrx_word' id='word_1_659' title='bbox 1456 4760 1690 4829; x_wconf 85' lang='lat' dir='ltr'><strong>Idcirco,</strong></span> <span class='ocrx_word' id='word_1_660' title='bbox 1723 4763 1819 4831; x_wconf 83' lang='lat' dir='ltr'><strong>ﬁli,</strong></span> <span class='ocrx_word' id='word_1_661' title='bbox 1848 4764 1943 4835; x_wconf 90' lang='lat' dir='ltr'><strong>qui</strong></span> <span class='ocrx_word' id='word_1_662' title='bbox 1975 4765 2089 4822; x_wconf 89' lang='lat' dir='ltr'><strong>scis</strong></span> 
     </span>
    </p>
   </div>
   <div class='ocr_carea' id='block_1_95' title="bbox 501 4839 2089 4924">
    <p class='ocr_par' dir='ltr' id='par_1_95' title="bbox 501 4839 2089 4924">
     <span class='ocr_line' id='line_1_95' title="bbox 501 4839 2089 4924; baseline 0.006 -22"><span class='ocrx_word' id='word_1_663' title='bbox 501 4839 701 4902; x_wconf 71' lang='lat' dir='ltr'><strong>oumia</strong></span> <span class='ocrx_word' id='word_1_664' title='bbox 744 4846 914 4901; x_wconf 85' lang='lat' dir='ltr'><strong>verbo</strong></span> <span class='ocrx_word' id='word_1_665' title='bbox 951 4847 1045 4902; x_wconf 92' lang='lat' dir='ltr'><strong>Dei</strong></span> <span class='ocrx_word' id='word_1_666' title='bbox 1095 4848 1419 4921; x_wconf 86' lang='lat' dir='ltr'><strong>subsistere,</strong></span> <span class='ocrx_word' id='word_1_667' title='bbox 1462 4868 1529 4908; x_wconf 89' lang='lat' dir='ltr'><strong>ne</strong></span> <span class='ocrx_word' id='word_1_668' title='bbox 1567 4869 1665 4924; x_wconf 89' lang='lat' dir='ltr'><strong>per</strong></span> <span class='ocrx_word' id='word_1_669' title='bbox 1708 4865 2089 4921; x_wconf 85' lang='lat' dir='ltr'><strong>creaturarum</strong></span> 
     </span>
    </p>
   </div>
   <div class='ocr_carea' id='block_1_96' title="bbox 507 4938 2087 5010">
    <p class='ocr_par' dir='ltr' id='par_1_96' title="bbox 507 4938 2087 5010">
     <span class='ocr_line' id='line_1_96' title="bbox 507 4938 2087 5010; baseline 0.006 -16"><span class='ocrx_word' id='word_1_670' title='bbox 507 4938 978 5010; x_wconf 73' lang='lat' dir='ltr'><strong>pulchritudinem</strong></span> <span class='ocrx_word' id='word_1_671' title='bbox 1002 4948 1054 4995; x_wconf 93' lang='lat' dir='ltr'><strong>et</strong></span> <span class='ocrx_word' id='word_1_672' title='bbox 1079 4941 1470 4999; x_wconf 90' lang='lat' dir='ltr'><strong>sublimitatem</strong></span> <span class='ocrx_word' id='word_1_673' title='bbox 1493 4948 1773 5010; x_wconf 80' lang='lat' dir='ltr'><strong>exciteris,</strong></span> <span class='ocrx_word' id='word_1_674' title='bbox 1794 4948 1860 5003; x_wconf 91' lang='lat' dir='ltr'><strong>ad</strong></span> <span class='ocrx_word' id='word_1_675' title='bbox 1886 4949 2007 5005; x_wconf 89' lang='lat' dir='ltr'><strong>illas</strong></span> <span class='ocrx_word' id='word_1_676' title='bbox 2033 4949 2087 5003; x_wconf 93' lang='lat' dir='ltr'><strong>in</strong></span> 
     </span>
    </p>
   </div>
   <div class='ocr_carea' id='block_1_97' title="bbox 509 5032 2087 5105">
    <p class='ocr_par' dir='ltr' id='par_1_97' title="bbox 509 5032 2087 5105">
     <span class='ocr_line' id='line_1_97' title="bbox 509 5032 2087 5105; baseline 0.004 -18"><span class='ocrx_word' id='word_1_677' title='bbox 509 5032 651 5088; x_wconf 81' lang='lat' dir='ltr'><strong>deos</strong></span> <span class='ocrx_word' id='word_1_678' title='bbox 685 5033 1056 5102; x_wconf 85' lang='lat' dir='ltr'><strong>accipiendas,</strong></span> <span class='ocrx_word' id='word_1_679' title='bbox 1089 5042 1144 5088; x_wconf 89' lang='lat' dir='ltr'><strong>et</strong></span> <span class='ocrx_word' id='word_1_680' title='bbox 1177 5034 1244 5087; x_wconf 86' lang='lat' dir='ltr'><strong>ad</strong></span> <span class='ocrx_word' id='word_1_681' title='bbox 1274 5033 1472 5105; x_wconf 88' lang='lat' dir='ltr'><strong>Deum,</strong></span> <span class='ocrx_word' id='word_1_682' title='bbox 1509 5039 1754 5093; x_wconf 89' lang='lat' dir='ltr'><strong>omnium</strong></span> <span class='ocrx_word' id='word_1_683' title='bbox 1784 5051 2087 5096; x_wconf 80' lang='lat' dir='ltr'><strong>creatorem</strong></span> 
     </span>
    </p>
   </div>
   <div class='ocr_carea' id='block_1_98' title="bbox 500 5125 1853 5198">
    <p class='ocr_par' dir='ltr' id='par_1_98' title="bbox 500 5125 1853 5198">
     <span class='ocr_line' id='line_1_98' title="bbox 500 5125 1853 5198; baseline 0.001 -17"><span class='ocrx_word' id='word_1_684' title='bbox 500 5141 629 5181; x_wconf 72' lang='lat' dir='ltr'><strong>mon</strong></span> <span class='ocrx_word' id='word_1_685' title='bbox 656 5125 1124 5198; x_wconf 77' lang='lat' dir='ltr'><strong>cognoscendum.</strong></span> <span class='ocrx_word' id='word_1_686' title='bbox 1848 5136 1853 5139; x_wconf 86' lang='lat'>&#39;</span> 
     </span>
    </p>
   </div>
   <div class='ocr_carea' id='block_1_99' title="bbox 574 5236 2090 5307">
    <p class='ocr_par' dir='ltr' id='par_1_99' title="bbox 574 5236 2090 5307">
     <span class='ocr_line' id='line_1_99' title="bbox 574 5236 2090 5307; baseline 0.005 -16"><span class='ocrx_word' id='word_1_687' title='bbox 574 5236 826 5294; x_wconf 69' lang='lat' dir='ltr'><strong>Observa</strong></span> <span class='ocrx_word' id='word_1_688' title='bbox 875 5254 1049 5293; x_wconf 81' lang='lat' dir='ltr'><strong>meum</strong></span> <span class='ocrx_word' id='word_1_689' title='bbox 1099 5238 1405 5307; x_wconf 84' lang='lat' dir='ltr'><strong>consilium,</strong></span> <span class='ocrx_word' id='word_1_690' title='bbox 1436 5251 1488 5295; x_wconf 86' lang='lat' dir='ltr'><strong>et</strong></span> <span class='ocrx_word' id='word_1_691' title='bbox 1526 5241 1822 5296; x_wconf 83' lang='lat' dir='ltr'><strong>scientiam.</strong></span> <span class='ocrx_word' id='word_1_692' title='bbox 1857 5243 2090 5301; x_wconf 80' lang='lat' dir='ltr'><strong>Custodi</strong></span> 
     </span>
    </p>
   </div>
   <div class='ocr_carea' id='block_1_100' title="bbox 503 5330 2092 5406">
    <p class='ocr_par' dir='ltr' id='par_1_100' title="bbox 503 5330 2092 5406">
     <span class='ocr_line' id='line_1_100' title="bbox 503 5330 2092 5406; baseline 0.004 -22"><span class='ocrx_word' id='word_1_693' title='bbox 503 5330 576 5385; x_wconf 69' lang='lat' dir='ltr'><strong>&quot;in</strong></span> <span class='ocrx_word' id='word_1_694' title='bbox 626 5330 785 5400; x_wconf 64' lang='lat' dir='ltr'><strong>prati</strong></span> <span class='ocrx_word' id='word_1_695' title='bbox 834 5347 1014 5387; x_wconf 88' lang='lat' dir='ltr'><strong>meum</strong></span> <span class='ocrx_word' id='word_1_696' title='bbox 1064 5332 1397 5396; x_wconf 88' lang='lat' dir='ltr'><strong>consilium,</strong></span> <span class='ocrx_word' id='word_1_697' title='bbox 1449 5332 1699 5388; x_wconf 81' lang='lat' dir='ltr'><strong>facienda</strong></span> <span class='ocrx_word' id='word_1_698' title='bbox 1745 5334 1840 5388; x_wconf 87' lang='lat' dir='ltr'><strong>tibi</strong></span> <span class='ocrx_word' id='word_1_699' title='bbox 1894 5350 2092 5406; x_wconf 86' lang='lat' dir='ltr'><strong>propo-</strong></span> 
     </span>
    </p>
   </div>
   <div class='ocr_carea' id='block_1_101' title="bbox 516 5423 2092 5499">
    <p class='ocr_par' dir='ltr' id='par_1_101' title="bbox 516 5423 2092 5499">
     <span class='ocr_line' id='line_1_101' title="bbox 516 5423 2092 5499; baseline 0.003 -22"><span class='ocrx_word' id='word_1_700' title='bbox 516 5438 680 5490; x_wconf 85' lang='lat' dir='ltr'><strong>nens,</strong></span> <span class='ocrx_word' id='word_1_701' title='bbox 725 5431 782 5479; x_wconf 88' lang='lat' dir='ltr'><strong>et</strong></span> <span class='ocrx_word' id='word_1_702' title='bbox 833 5423 888 5477; x_wconf 91' lang='lat' dir='ltr'><strong>in</strong></span> <span class='ocrx_word' id='word_1_703' title='bbox 942 5424 1155 5479; x_wconf 88' lang='lat' dir='ltr'><strong>theoria</strong></span> <span class='ocrx_word' id='word_1_704' title='bbox 1207 5423 1350 5495; x_wconf 79' lang='lat' dir='ltr'><strong>piam</strong></span> <span class='ocrx_word' id='word_1_705' title='bbox 1401 5439 1531 5499; x_wconf 76' lang='lat' dir='ltr'><strong>erga</strong></span> <span class='ocrx_word' id='word_1_706' title='bbox 1581 5424 1749 5481; x_wconf 89' lang='lat' dir='ltr'><strong>Deum</strong></span> <span class='ocrx_word' id='word_1_707' title='bbox 1786 5426 2092 5499; x_wconf 70' lang='lat' dir='ltr'><strong>iutelligen~</strong></span> 
     </span>
    </p>
   </div>
   <div class='ocr_carea' id='block_1_102' title="bbox 516 5528 677 5570">
    <p class='ocr_par' dir='ltr' id='par_1_102' title="bbox 516 5528 677 5570">
     <span class='ocr_line' id='line_1_102' title="bbox 516 5528 677 5570; baseline -0.012 -1"><span class='ocrx_word' id='word_1_708' title='bbox 516 5528 677 5570; x_wconf 72' lang='lat' dir='ltr'><strong>statu.</strong></span> 
     </span>
    </p>
   </div>
   <div class='ocr_carea' id='block_1_103' title="bbox 589 5623 2095 5685">
    <p class='ocr_par' dir='ltr' id='par_1_103' title="bbox 589 5623 2095 5685">
     <span class='ocr_line' id='line_1_103' title="bbox 589 5623 2095 5685; baseline 0.003 -4"><span class='ocrx_word' id='word_1_709' title='bbox 589 5625 757 5681; x_wconf 68' lang='lat' dir='ltr'><strong>Vens.</strong></span> <span class='ocrx_word' id='word_1_710' title='bbox 787 5626 879 5680; x_wconf 72' lang='lat'><strong>22.</strong></span> <span class='ocrx_word' id='word_1_711' title='bbox 920 5623 988 5680; x_wconf 90' lang='lat' dir='ltr'><strong>Ut</strong></span> <span class='ocrx_word' id='word_1_712' title='bbox 1035 5627 1173 5682; x_wconf 86' lang='lat' dir='ltr'><strong>vivat</strong></span> <span class='ocrx_word' id='word_1_713' title='bbox 1219 5628 1403 5682; x_wconf 84' lang='lat' dir='ltr'><strong>anima</strong></span> <span class='ocrx_word' id='word_1_714' title='bbox 1444 5637 1556 5685; x_wconf 89' lang='lat' dir='ltr'><strong>tua.</strong></span> <span class='ocrx_word' id='word_1_715' title='bbox 1592 5628 1661 5684; x_wconf 87' lang='lat' dir='ltr'><strong>Ut</strong></span> <span class='ocrx_word' id='word_1_716' title='bbox 1689 5638 1778 5684; x_wconf 83' lang='lat' dir='ltr'><strong>tua</strong></span> <span class='ocrx_word' id='word_1_717' title='bbox 1816 5630 1996 5684; x_wconf 86' lang='lat' dir='ltr'><strong>anima</strong></span> <span class='ocrx_word' id='word_1_718' title='bbox 2032 5631 2095 5685; x_wconf 79' lang='lat' dir='ltr'><strong>li-</strong></span> 
     </span>
    </p>
   </div>
   <div class='ocr_carea' id='block_1_104' title="bbox 511 5715 2089 5793">
    <p class='ocr_par' dir='ltr' id='par_1_104' title="bbox 511 5715 2089 5793">
     <span class='ocr_line' id='line_1_104' title="bbox 511 5715 2089 5793; baseline 0.003 -22"><span class='ocrx_word' id='word_1_719' title='bbox 511 5715 708 5773; x_wconf 62' lang='lat' dir='ltr'><strong>dictata</strong></span> <span class='ocrx_word' id='word_1_720' title='bbox 749 5734 779 5773; x_wconf 88' lang='lat' dir='ltr'><strong>a</strong></span> <span class='ocrx_word' id='word_1_721' title='bbox 820 5726 996 5774; x_wconf 88' lang='lat' dir='ltr'><strong>morte</strong></span> <span class='ocrx_word' id='word_1_722' title='bbox 1041 5735 1205 5790; x_wconf 82' lang='lat' dir='ltr'><strong>quam</strong></span> <span class='ocrx_word' id='word_1_723' title='bbox 1250 5736 1341 5791; x_wconf 80' lang='lat' dir='ltr'><strong>per</strong></span> <span class='ocrx_word' id='word_1_724' title='bbox 1380 5721 1757 5793; x_wconf 78' lang='lat' dir='ltr'><strong>ignorantium</strong></span> <span class='ocrx_word' id='word_1_725' title='bbox 1795 5723 1903 5779; x_wconf 81' lang='lat' dir='ltr'><strong>vcri</strong></span> <span class='ocrx_word' id='word_1_726' title='bbox 1941 5723 2089 5791; x_wconf 75' lang='lat' dir='ltr'><strong>boui,</strong></span> 
     </span>
    </p>
   </div>
   <div class='ocr_carea' id='block_1_105' title="bbox 2199 4544 3729 4624">
    <p class='ocr_par' dir='ltr' id='par_1_105' title="bbox 2199 4544 3729 4624">
     <span class='ocr_line' id='line_1_105' title="bbox 2199 4544 3729 4624; baseline 0.004 -19"><span class='ocrx_word' id='word_1_727' title='bbox 2199 4568 2403 4623; x_wconf 86' lang='grc' dir='ltr'>ματος·</span> <span class='ocrx_word' id='word_1_728' title='bbox 2443 4552 2697 4624; x_wconf 85' lang='grc' dir='ltr'>ὑδρεύειν</span> <span class='ocrx_word' id='word_1_729' title='bbox 2729 4551 2786 4605; x_wconf 84' lang='grc' dir='ltr'>δὲ</span> <span class='ocrx_word' id='word_1_730' title='bbox 2816 4552 2915 4623; x_wconf 81' lang='grc' dir='ltr'>τὴν</span> <span class='ocrx_word' id='word_1_731' title='bbox 2945 4552 3054 4622; x_wconf 83' lang='grc' dir='ltr'><strong>γῆν</strong></span> <span class='ocrx_word' id='word_1_732' title='bbox 3081 4551 3221 4624; x_wconf 87' lang='grc' dir='ltr'>ὑετῷ</span> <span class='ocrx_word' id='word_1_733' title='bbox 3254 4552 3324 4608; x_wconf 82' lang='grc' dir='ltr'><strong>τά</strong></span> <span class='ocrx_word' id='word_1_734' title='bbox 3353 4554 3491 4623; x_wconf 76' lang='grc' dir='ltr'>νέφη</span> <span class='ocrx_word' id='word_1_735' title='bbox 3535 4544 3729 4616; x_wconf 69' lang='grc' dir='ltr'>ἐτάχθΐ⁶</span> 
     </span>
    </p>
   </div>
   <div class='ocr_carea' id='block_1_106' title="bbox 2196 4663 2319 4702">
    <p class='ocr_par' dir='ltr' id='par_1_106' title="bbox 2196 4663 2319 4702">
     <span class='ocr_line' id='line_1_106' title="bbox 2196 4663 2319 4702; baseline 0 -1"><span class='ocrx_word' id='word_1_736' title='bbox 2196 4663 2319 4702; x_wconf 82' lang='grc' dir='ltr'>σαν.</span> 
     </span>
    </p>
   </div>
   <div class='ocr_carea' id='block_1_107' title="bbox 2262 4745 3730 4826">
    <p class='ocr_par' dir='ltr' id='par_1_107' title="bbox 2262 4745 3730 4826">
     <span class='ocr_line' id='line_1_107' title="bbox 2262 4745 3730 4826; baseline -0.006 -16"><span class='ocrx_word' id='word_1_737' title='bbox 2262 4755 2370 4811; x_wconf 86' lang='grc' dir='ltr'>κα’.</span> <span class='ocrx_word' id='word_1_738' title='bbox 2401 4755 2515 4822; x_wconf 76' lang='grc' dir='ltr'><strong>Υἱὲ,</strong></span> <span class='ocrx_word' id='word_1_739' title='bbox 2543 4754 2631 4826; x_wconf 82' lang='grc' dir='ltr'><strong>μὴ</strong></span> <span class='ocrx_word' id='word_1_740' title='bbox 2671 4755 3042 4826; x_wconf 75' lang='grc' dir='ltr'>παραρῤυῇς.</span> <span class='ocrx_word' id='word_1_741' title='bbox 3083 4756 3197 4822; x_wconf 79' lang='grc' dir='ltr'><strong>Διὸ,</strong></span> <span class='ocrx_word' id='word_1_742' title='bbox 3229 4755 3442 4822; x_wconf 85' lang='grc' dir='ltr'>τέκνον,</span> <span class='ocrx_word' id='word_1_743' title='bbox 3488 4751 3646 4825; x_wconf 78' lang='grc' dir='ltr'>μαθὸν</span> <span class='ocrx_word' id='word_1_744' title='bbox 3664 4745 3730 4798; x_wconf 76' lang='grc' dir='ltr'>ὅτε</span> 
     </span>
    </p>
   </div>
   <div class='ocr_carea' id='block_1_108' title="bbox 2193 4847 3731 4919">
    <p class='ocr_par' dir='ltr' id='par_1_108' title="bbox 2193 4847 3731 4919">
     <span class='ocr_line' id='line_1_108' title="bbox 2193 4847 3731 4919; baseline -0.005 -17"><span class='ocrx_word' id='word_1_745' title='bbox 2193 4847 2274 4919; x_wconf 83' lang='grc' dir='ltr'>τῷ</span> <span class='ocrx_word' id='word_1_746' title='bbox 2301 4847 2448 4918; x_wconf 81' lang='grc' dir='ltr'>λόγῳ</span> <span class='ocrx_word' id='word_1_747' title='bbox 2474 4847 2683 4918; x_wconf 81' lang='grc' dir='ltr'>Κυρίου</span> <span class='ocrx_word' id='word_1_748' title='bbox 2711 4847 2922 4918; x_wconf 83' lang='grc' dir='ltr'>ὑπέστη</span> <span class='ocrx_word' id='word_1_749' title='bbox 2955 4847 3079 4901; x_wconf 88' lang='grc' dir='ltr'>τόδε</span> <span class='ocrx_word' id='word_1_750' title='bbox 3114 4847 3179 4900; x_wconf 80' lang='grc' dir='ltr'><strong>τὸ</strong></span> <span class='ocrx_word' id='word_1_751' title='bbox 3206 4848 3338 4911; x_wconf 77' lang='grc' dir='ltr'>πᾶν,</span> <span class='ocrx_word' id='word_1_752' title='bbox 3374 4848 3450 4917; x_wconf 78' lang='grc' dir='ltr'>μὴ</span> <span class='ocrx_word' id='word_1_753' title='bbox 3486 4850 3731 4911; x_wconf 77' lang='grc' dir='ltr'>παρατρα·</span> 
     </span>
    </p>
   </div>
   <div class='ocr_carea' id='block_1_109' title="bbox 2194 4925 3731 5014">
    <p class='ocr_par' dir='ltr' id='par_1_109' title="bbox 2194 4925 3731 5014">
     <span class='ocr_line' id='line_1_109' title="bbox 2194 4925 3731 5014; baseline -0.01 -17"><span class='ocrx_word' id='word_1_754' title='bbox 2194 4945 2305 5014; x_wconf 81' lang='grc' dir='ltr'>πῇς</span> <span class='ocrx_word' id='word_1_755' title='bbox 2329 4940 2421 4995; x_wconf 85' lang='grc' dir='ltr'>διὰ</span> <span class='ocrx_word' id='word_1_756' title='bbox 2444 4939 2539 4995; x_wconf 82' lang='grc' dir='ltr'>τοῦ</span> <span class='ocrx_word' id='word_1_757' title='bbox 2565 4939 2828 5010; x_wconf 82' lang='grc' dir='ltr'>μεγέθους</span> <span class='ocrx_word' id='word_1_758' title='bbox 2873 4941 2970 4995; x_wconf 78' lang='grc' dir='ltr'>καὶ</span> <span class='ocrx_word' id='word_1_759' title='bbox 2991 4941 3091 5010; x_wconf 86' lang='grc' dir='ltr'><strong>τῆς</strong></span> <span class='ocrx_word' id='word_1_760' title='bbox 3116 4939 3380 5010; x_wconf 82' lang='grc' dir='ltr'>καλλονῆς</span> <span class='ocrx_word' id='word_1_761' title='bbox 3404 4937 3511 4991; x_wconf 83' lang='grc' dir='ltr'>τῶν</span> <span class='ocrx_word' id='word_1_762' title='bbox 3534 4925 3731 4996; x_wconf 75' lang='grc' dir='ltr'>κτισμά-</span> 
     </span>
    </p>
   </div>
   <div class='ocr_carea' id='block_1_110' title="bbox 2194 5016 3726 5104">
    <p class='ocr_par' dir='ltr' id='par_1_110' title="bbox 2194 5016 3726 5104">
     <span class='ocr_line' id='line_1_110' title="bbox 2194 5016 3726 5104; baseline -0.008 -15"><span class='ocrx_word' id='word_1_763' title='bbox 2194 5052 2325 5098; x_wconf 85' lang='grc' dir='ltr'>των,</span> <span class='ocrx_word' id='word_1_764' title='bbox 2365 5035 2446 5098; x_wconf 84' lang='grc' dir='ltr'><strong>είς</strong></span> <span class='ocrx_word' id='word_1_765' title='bbox 2480 5033 2543 5086; x_wconf 85' lang='grc' dir='ltr'><strong>τὸ</strong></span> <span class='ocrx_word' id='word_1_766' title='bbox 2565 5032 2742 5087; x_wconf 88' lang='grc' dir='ltr'>ταῦτα</span> <span class='ocrx_word' id='word_1_767' title='bbox 2772 5032 3117 5104; x_wconf 84' lang='grc' dir='ltr'>θεοποιῆσαι,</span> <span class='ocrx_word' id='word_1_768' title='bbox 3147 5032 3242 5086; x_wconf 75' lang='grc' dir='ltr'>καὶ</span> <span class='ocrx_word' id='word_1_769' title='bbox 3266 5031 3358 5085; x_wconf 73' lang='grc' dir='ltr'>τὸν</span> <span class='ocrx_word' id='word_1_770' title='bbox 3386 5016 3726 5100; x_wconf 68' lang='grc' dir='ltr'>γενεσιονργδν</span> 
     </span>
    </p>
   </div>
   <div class='ocr_carea' id='block_1_111' title="bbox 2194 5123 2908 5194">
    <p class='ocr_par' dir='ltr' id='par_1_111' title="bbox 2194 5123 2908 5194">
     <span class='ocr_line' id='line_1_111' title="bbox 2194 5123 2908 5194; baseline -0.004 -13"><span class='ocrx_word' id='word_1_771' title='bbox 2194 5126 2416 5181; x_wconf 81' lang='grc' dir='ltr'>πάντων</span> <span class='ocrx_word' id='word_1_772' title='bbox 2452 5123 2586 5179; x_wconf 86' lang='grc' dir='ltr'>Θεὸν</span> <span class='ocrx_word' id='word_1_773' title='bbox 2619 5124 2908 5194; x_wconf 81' lang='grc' dir='ltr'>ἀγνοῆσαι.</span> 
     </span>
    </p>
   </div>
   <div class='ocr_carea' id='block_1_112' title="bbox 2272 5220 3722 5310">
    <p class='ocr_par' dir='ltr' id='par_1_112' title="bbox 2272 5220 3722 5310">
     <span class='ocr_line' id='line_1_112' title="bbox 2272 5220 3722 5310; baseline -0.014 -15"><span class='ocrx_word' id='word_1_774' title='bbox 2272 5239 2551 5310; x_wconf 75' lang='grc' dir='ltr'>Τήρησον</span> <span class='ocrx_word' id='word_1_775' title='bbox 2586 5237 2657 5292; x_wconf 72' lang='grc' dir='ltr'>δὲ</span> <span class='ocrx_word' id='word_1_776' title='bbox 2688 5237 2844 5308; x_wconf 80' lang='grc' dir='ltr'>ἐμὴν</span> <span class='ocrx_word' id='word_1_777' title='bbox 2864 5236 3111 5305; x_wconf 71' lang='grc' dir='ltr'><strong>,βουλὴν</strong></span> <span class='ocrx_word' id='word_1_778' title='bbox 3135 5235 3233 5289; x_wconf 74' lang='grc' dir='ltr'><strong>καί</strong></span> <span class='ocrx_word' id='word_1_779' title='bbox 3254 5220 3722 5310; x_wconf 60' lang='grc' dir='ltr'>ἔννοιαν-,Φύλαξογ</span> 
     </span>
    </p>
   </div>
   <div class='ocr_carea' id='block_1_113' title="bbox 2196 5307 3723 5405">
    <p class='ocr_par' dir='ltr' id='par_1_113' title="bbox 2196 5307 3723 5405">
     <span class='ocr_line' id='line_1_113' title="bbox 2196 5307 3723 5405; baseline -0.014 -18"><span class='ocrx_word' id='word_1_780' title='bbox 2196 5335 2254 5387; x_wconf 75' lang='grc' dir='ltr'>δὲ</span> <span class='ocrx_word' id='word_1_781' title='bbox 2301 5307 2400 5405; x_wconf 55' lang='grc' dir='ltr'>τήν</span> <span class='ocrx_word' id='word_1_782' title='bbox 2432 5331 2573 5403; x_wconf 74' lang='grc' dir='ltr'>ἐμὴν</span> <span class='ocrx_word' id='word_1_783' title='bbox 2621 5333 2680 5385; x_wconf 80' lang='grc' dir='ltr'>ὲν</span> <span class='ocrx_word' id='word_1_784' title='bbox 2723 5307 2832 5400; x_wconf 79' lang='grc' dir='ltr'>μὲν</span> <span class='ocrx_word' id='word_1_785' title='bbox 2880 5330 2995 5394; x_wconf 86' lang='grc' dir='ltr'>τοῖς</span> <span class='ocrx_word' id='word_1_786' title='bbox 3027 5328 3328 5397; x_wconf 82' lang='grc' dir='ltr'>πρακτέοις</span> <span class='ocrx_word' id='word_1_787' title='bbox 3361 5322 3654 5397; x_wconf 83' lang='grc' dir='ltr'>παραίνεσιν</span> <span class='ocrx_word' id='word_1_788' title='bbox 3672 5307 3723 5405; x_wconf 57' lang='grc' dir='ltr'>τὸ</span> 
     </span>
    </p>
   </div>
   <div class='ocr_carea' id='block_1_114' title="bbox 2196 5402 3719 5492">
    <p class='ocr_par' dir='ltr' id='par_1_114' title="bbox 2196 5402 3719 5492">
     <span class='ocr_line' id='line_1_114' title="bbox 2196 5402 3719 5492; baseline -0.009 -13"><span class='ocrx_word' id='word_1_789' title='bbox 2196 5425 2314 5479; x_wconf 83' lang='grc' dir='ltr'>δέον</span> <span class='ocrx_word' id='word_1_790' title='bbox 2358 5402 2767 5492; x_wconf 24' lang='grc' dir='ltr'>*ὑποτιθεμένην</span> <span class='ocrx_word' id='word_1_791' title='bbox 2806 5437 2912 5481; x_wconf 86' lang='grc' dir='ltr'>σοι,</span> <span class='ocrx_word' id='word_1_792' title='bbox 2953 5422 3014 5473; x_wconf 83' lang='grc' dir='ltr'>ὲν</span> <span class='ocrx_word' id='word_1_793' title='bbox 3057 5419 3115 5472; x_wconf 82' lang='grc' dir='ltr'>δὲ</span> <span class='ocrx_word' id='word_1_794' title='bbox 3147 5422 3261 5483; x_wconf 82' lang='grc' dir='ltr'>τοῖς</span> <span class='ocrx_word' id='word_1_795' title='bbox 3304 5414 3611 5489; x_wconf 80' lang='grc' dir='ltr'>θεωρητέοις</span> <span class='ocrx_word' id='word_1_796' title='bbox 3642 5402 3719 5472; x_wconf 79' lang='grc' dir='ltr'><strong>τὴν</strong></span> 
     </span>
    </p>
   </div>
   <div class='ocr_carea' id='block_1_115' title="bbox 2199 5512 2987 5586">
    <p class='ocr_par' dir='ltr' id='par_1_115' title="bbox 2199 5512 2987 5586">
     <span class='ocr_line' id='line_1_115' title="bbox 2199 5512 2987 5586; baseline -0.008 -15"><span class='ocrx_word' id='word_1_797' title='bbox 2199 5515 2403 5586; x_wconf 80' lang='grc' dir='ltr'>εὑσεδῆ</span> <span class='ocrx_word' id='word_1_798' title='bbox 2432 5515 2562 5585; x_wconf 65' lang='grc' dir='ltr'><strong>περὶ⁸</strong></span> <span class='ocrx_word' id='word_1_799' title='bbox 2592 5512 2729 5567; x_wconf 84' lang='grc' dir='ltr'>Θεοῦ</span> <span class='ocrx_word' id='word_1_800' title='bbox 2758 5512 2987 5567; x_wconf 76' lang='grc' dir='ltr'>ἔννοιαν.</span> 
     </span>
    </p>
   </div>
   <div class='ocr_carea' id='block_1_116' title="bbox 2272 5596 3715 5699">
    <p class='ocr_par' dir='ltr' id='par_1_116' title="bbox 2272 5596 3715 5699">
     <span class='ocr_line' id='line_1_116' title="bbox 2272 5596 3715 5699; baseline -0.019 -5"><span class='ocrx_word' id='word_1_801' title='bbox 2272 5629 2554 5699; x_wconf 67' lang='grc' dir='ltr'><strong>κβὀκ”1να</strong></span> <span class='ocrx_word' id='word_1_802' title='bbox 2612 5625 2763 5695; x_wconf 78' lang='grc' dir='ltr'><strong>ζήσῃ</strong></span> <span class='ocrx_word' id='word_1_803' title='bbox 2817 5626 2856 5694; x_wconf 76' lang='grc' dir='ltr'><strong><em>ἡ</em></strong></span> <span class='ocrx_word' id='word_1_804' title='bbox 2903 5624 3075 5694; x_wconf 70' lang='grc' dir='ltr'><strong>ψυχή</strong></span> <span class='ocrx_word' id='word_1_805' title='bbox 3134 5640 3271 5678; x_wconf 85' lang='grc' dir='ltr'>σου.</span> <span class='ocrx_word' id='word_1_806' title='bbox 3315 5622 3500 5683; x_wconf 74' lang='grc' dir='ltr'>Ὅπως</span> <span class='ocrx_word' id='word_1_807' title='bbox 3543 5611 3627 5677; x_wconf 76' lang='grc' dir='ltr'><strong>τῆς</strong></span> <span class='ocrx_word' id='word_1_808' title='bbox 3665 5596 3715 5655; x_wconf 72' lang='grc' dir='ltr'><strong>δι’</strong></span> 
     </span>
    </p>
   </div>
   <div class='ocr_carea' id='block_1_117' title="bbox 2201 5699 3717 5791">
    <p class='ocr_par' dir='ltr' id='par_1_117' title="bbox 2201 5699 3717 5791">
     <span class='ocr_line' id='line_1_117' title="bbox 2201 5699 3717 5791; baseline -0.015 -14"><span class='ocrx_word' id='word_1_809' title='bbox 2201 5722 2427 5791; x_wconf 72' lang='grc' dir='ltr'>ἄγνοιαν</span> <span class='ocrx_word' id='word_1_810' title='bbox 2465 5718 2558 5773; x_wconf 81' lang='grc' dir='ltr'>τοῦ</span> <span class='ocrx_word' id='word_1_811' title='bbox 2593 5718 2761 5782; x_wconf 81' lang='grc' dir='ltr'>ὅντως</span> <span class='ocrx_word' id='word_1_812' title='bbox 2792 5714 2956 5771; x_wconf 80' lang='grc' dir='ltr'>καλοῦ</span> <span class='ocrx_word' id='word_1_813' title='bbox 2985 5716 3047 5769; x_wconf 85' lang='grc' dir='ltr'>ὲκ</span> <span class='ocrx_word' id='word_1_814' title='bbox 3090 5713 3199 5769; x_wconf 86' lang='grc' dir='ltr'><strong>τῶν</strong></span> <span class='ocrx_word' id='word_1_815' title='bbox 3239 5711 3427 5770; x_wconf 79' lang='grc' dir='ltr'>παθῶν</span> <span class='ocrx_word' id='word_1_816' title='bbox 3453 5699 3717 5778; x_wconf 74' lang='grc' dir='ltr'>νικρὼσεωσ</span> 
     </span>
    </p>
   </div>
  </div>
