3960 6230
302 328 303 335 γ
362 378 495 443 1249

1376 387 1522 446 CUM
1532 384 1786 446 MENTA
1798 383 1916 444 ΗΠ
1953 382 2035 442 IN
2082 382 2549 452 PROVERBIA.

3454 394 3591 459 1250

343 493 719 563 ἀπαλλαγεῖσά
754 512 848 549 σου
890 499 922 567 ή
957 498 1128 570 ψυχὴ.
1167 498 1266 567 τῆς
1300 499 1356 550 ἐν
1404 498 1672 567 πνεύματι
1707 498 1909 550 ἀπαθε-

2026 507 2327 565 operantur
2351 499 2703 568 cupiditates,
2743 514 2868 556 cum
2911 503 3119 560 sciendi
3164 507 3400 575 polentia
3430 509 3593 579 digna

344 590 545 655 στάτης
572 589 891 654 γνωστικῶς
919 590 1181 660 ἀξιωθείη
1218 590 1382 659 ζωῆς.

413 757 520 811 Καί
551 757 721 824 χάρις
743 754 783 830 ᾗ
809 762 940 829 περὶ
984 762 1074 825 σῷ
1102 763 1396 831 τραχήλῳ.
1447 763 1556 815 Καὶ
1596 759 1682 813 οἷα
1712 758 1913 813 δικαιο-

344 845 508 914 σύνης
540 846 724 913 ζυγὸς,
762 848 799 918 ἡ
842 848 1164 919 λαμπρότης
1203 852 1312 902 τῶν
1337 851 1566 904 ἐντολῶν
1613 850 1704 903 τοῦ
1751 849 1908 914 Θεοῦ,

342 933 628 1005 ἐνυπάρχῃ
653 933 729 996 ὦς
756 952 863 988 τινι
884 938 1141 1008 τραχήλῳ
1167 940 1244 1008 τῷ
1269 939 1345 1009 σῷ
1370 938 1742 1009 προαιρετικῷ
1774 951 1913 1009 πραέ-

341 1023 570 1087 κτικῶς.
1040 1024 1049 1031 “

415 1114 627 1166 Ἔσται
664 1113 734 1167 δὲ
768 1114 933 1179 ιασις
958 1116 1139 1184 σαρξί
1166 1130 1305 1179 σου,
1330 1115 1428 1168 καί
1447 1115 1751 1197 ἐπιμέλεια
1786 1115 1912 1182 τοῖς

342 1204 580 1269 ὀστέοις
605 1218 745 1260 σου.
791 1206 1056 1277 Ὑπάρξει
1090 1208 1148 1260 δὲ
1178 1208 1445 1277 θεραπεία
1470 1207 1579 1261 τῶν
1604 1211 1670 1278 τῇ
1702 1208 1910 1279 ἡδυπα-

342 1295 462 1371 θείᾳ
503 1297 992 1368 κατατριϐομένων
1041 1298 1135 1350 τοῦ
1191 1297 1441 1368 σώματός
1481 1316 1585 1368 μου
1635 1300 1833 1369 μελῶν,
1875 1302 1909 1371 ἡ

343 1370 704 1459 σωξρροσύνη·
762 1389 857 1441 καὶ
924 1388 1273 1459 περιποίησις
1339 1391 1449 1445 τῶν
1498 1392 1654 1459 δίκην
1708 1370 1911 1445 ὀστέων

339 1480 650 1534 τονωτικῶν
675 1482 778 1550 τῆς
806 1481 988 1551 ψυχῆς
1038 1498 1130 1534 σου
1161 1482 1468 1553 δυνάμεων,
1494 1486 1574 1548 είς
1615 1485 1677 1536 τὸ
1708 1484 1780 1555 μὴ
1815 1483 1908 1537 τοῦ

339 1565 674 1643 ἁρμόζοντος
719 1566 1197 1639 παραθραύεσθαι,
1245 1571 1279 1641 ἠ
1323 1571 1554 1645 εὐσεβὴς
1597 1573 1725 1642 περὶ
1771 1571 1907 1626 Θεοῦ

339 1654 543 1710 ἔννοια.

412 1747 521 1815 κγ’.
570 1748 697 1802 Ἵνα
742 1751 973 1819 πορεύῃ
1002 1751 1301 1818 πεποιθὼς
1333 1751 1403 1805 ἐν
1450 1750 1660 1819 εἰρήνῃ
1705 1750 1910 1816 πάσας

2022 584 2287 640 habeatur
2326 588 2438 641 vita
2474 586 2708 656 spiritali
2739 604 2861 660 quae
2900 592 2972 647 sit
3016 609 3047 647 a
3100 596 3493 664 cupiditatibus
3527 599 3596 654 li-

2018 672 2168 727 bera.

2093 763 2161 818 Et
2190 768 2371 833 gratia
2406 768 2473 821 sit
2504 770 2648 823 circa
2677 780 2860 840 guttur
2889 781 3057 828 tuum.
3091 774 3157 828 Et
3182 778 3340 845 quasi
3367 777 3596 846 iustitia

2014 852 2228 923 jugttm,
2275 857 2534 925 splendor
2580 864 2965 918 mandatorum
3017 865 3132 928 Dei,
3181 878 3289 923 tuae
3338 873 3599 940 praefica

2020 948 2312 1011 voluntati,
2353 958 2612 1019 tanquam
2646 954 2811 1017 collo,
2848 957 3244 1013 circutndetur.

2089 1115 2208 1170 Erit
2259 1121 2467 1175 sanitas
2516 1126 2669 1177 carni
2718 1136 2844 1191 tum,
2883 1139 2933 1182 et
2980 1135 3186 1187 curatio
3223 1137 3424 1190 ossibus
3468 1140 3593 1191 tuis.

2024 1205 2252 1263 Sanatio
2309 1213 2560 1279 corporis
2618 1215 2694 1267 tui
2756 1222 3174 1287 membrorum,
3228 1240 3258 1277 a
3322 1228 3599 1295 voluptate

2015 1308 2499 1368 consumptorum,
2536 1305 2643 1357 erit
2678 1312 3038 1376 temperantia
3071 1329 3083 1364 :
3118 1322 3171 1365 et
3207 1317 3356 1370 salus
3400 1318 3601 1370 anima:

2015 1567 2283 1633 collocat,
2333 1568 2689 1643 frangantur,
2741 1579 2850 1631 erit
2900 1581 2987 1647 pia
3042 1597 3169 1653 erga
3226 1584 3391 1640 Deum
3446 1591 3596 1658 cogi—

2016 1659 2174 1710 latio.

2086 1745 2253 1802 Vsus.
2291 1748 2399 1828 25..
2423 1746 2493 1805 Ut
2540 1754 2774 1810 ambules
2812 1758 2868 1811 in
2911 1760 3110 1828 fiducia
3154 1772 3204 1817 et
3254 1782 3381 1834 pace
3416 1785 3601 1823 omnes

339 1836 448 1903 τὰς
484 1837 662 1905 όδούς
699 1856 849 1905 σου,
898 1845 931 1896 ό
980 1841 1049 1894 δὲ
1091 1841 1249 1906 πούς
1302 1858 1419 1896 σου
1473 1843 1545 1895 οὐ
1595 1840 1675 1908 ιιὴ
1717 1856 1907 1908 προσ-

2026 1835 2118 1889 tias
2144 1846 2285 1901 tuas,
2309 1849 2358 1892 et
2387 1856 2477 1910 pes
2507 1853 2626 1898 tuus
2656 1860 2758 1898 non
2792 1848 3046 1915 o/fendat.
3085 1849 3151 1904 Ut
3187 1858 3427 1921 practice
3459 1858 3595 1910 lidu-
3627 1853 3633 1859 ’

340 1928 555 1998 κόπτῃ.
600 1929 689 1991 Ὠς
746 1930 812 1984 ἂν
864 1933 1193 2002 πρακτικῶς
1257 1932 1512 2003 διεξέρχῃ
1561 1933 1801 2003 θαρρῶν,
1854 1934 1912 1986 ἐν

338 2019 695 2092 ἀπαθεστάτῃ
723 2020 841 2087 ἔξει
875 2023 970 2075 καὶ
1003 2024 1282 2094 ἁταράχῳ,
1315 2025 1492 2086 πάσας
1527 2023 1626 2086 τὰς
1668 2027 1748 2085 είς
1779 2023 1913 2076 Θεὸν

342 2107 618 2179 φερούσας
659 2109 852 2164 τούτου
896 2112 1117 2176 ἐντολάς
1144 2129 1159 2143 ⁶
1202 2114 1297 2166 καὶ
1342 2113 1406 2166 τὸ
1457 2114 1564 2166 ἀπὸ
1595 2113 1911 2185 προτάσεων

343 2199 668 2268 ἀρχόμενον,
719 2201 817 2254 καὶ
861 2202 1025 2273 μέχρι
1066 2204 1555 2274 συμπερασμάτων
1586 2204 1775 2272 διῆκον
1801 2203 1914 2257 δια·

304 2290 595 2361 ,νσητικόν
630 2309 747 2357 σου,
781 2292 842 2345 οὐ
870 2295 945 2363 μὴ
982 2295 1299 2367 προσκρούῃ
1324 2294 1505 2359 δόξαις
1526 2294 1804 2363 ψευδέσιν.

413 2382 512 2437 κδ’.
561 2383 703 2437 Ἐὰν
739 2386 849 2454 γὰρ
876 2386 1051 2453 κάθῃ,
1091 2386 1317 2456 ἄφοϐος
1348 2387 1495 2455 ἔσῃ’
1531 2388 1640 2441 ἐὰν
1674 2386 1744 2440 δὲ
1773 2390 1914 2442 καθ-

340 2472 545 2543 εύδῃς,
577 2475 772 2543 ἡδέως
808 2476 1129 2543 ὑπνώσεις.
1164 2479 1289 2532 Εἴτε
1334 2479 1443 2550 γὰρ
1481 2478 1575 2532 τοῦ
1621 2478 1782 2532 πόνου
1812 2480 1915 2544 τῆς

344 2563 549 2635 ἀρετῆς
585 2566 783 2635 μικρὸν
804 2568 903 2638 τὴν
933 2570 1110 2639 σάρκα
1129 2568 1506 2633 διαναπαύεις,
1533 2570 1594 2622 ού
1626 2570 1912 2642 φοϐηθήσῃ

341 2656 441 2717 τὰς
471 2655 695 2724 ἐφόδους
716 2657 825 2709 τῶν
865 2658 1194 2729 πνευμάτων
1233 2659 1334 2727 τῆς
1377 2659 1641 2730 πονηρίας
1662 2673 1675 2687 ·
1718 2659 1794 2722 ὡς
1823 2659 1912 2713 ἀεὶ

339 2747 435 2798 τὸν
472 2747 596 2799 νοῦν
627 2747 767 2817 ἔχων
796 2749 1221 2819 προσηλωμένον
1265 2750 1416 2820 Θεῷ·
1458 2750 1559 2804 εἷθ’
1605 2750 1790 2811 ὑπνοϊς
1819 2749 1912 2803 τὸν

340 2836 524 2906 τίμιον
545 2839 789 2891 ἐναντίον
810 2838 1020 2909 Κυρίου
1048 2839 1278 2892 θάνατον
1305 2838 1416 2892 τῶν
1436 2838 1601 2892 ὁσίων
1626 2837 1813 2903 αὐτοῦ,
1843 2839 1910 2908 τῇ

341 2928 516 2981 ἐλπίδι
545 2929 647 2996 τῆς
670 2928 1020 2992 ἀναστάσεως
1052 2930 1275 2984 καὶτῶν
1303 2929 1730 3000 ἐπηγγελμένων
1761 2927 1914 3000 παρά

343 3017 481 3071 Θεοῦ
516 3018 761 3086 ἀγαθῶν,
793 3019 891 3091 ἐσῃ
927 3019 1451 3091 ὲπευφραινόμενος.

411 3116 512 3164 κε’.
562 3110 672 3165 Καί
698 3112 771 3166 οὐ
819 3110 1136 3181 φοϐηθήσῃ
1191 3115 1454 3179 πτόησιν
1505 3111 1909 3173 ἐπελθοῦσαν,

2014 1928 2120 1990 cia,
2157 1930 2375 1998 plenus,
2411 1933 2521 1985 vita
2560 1950 2668 1989 non
2719 1938 2959 2002 turbata,
2987 1958 3108 2009 qua:
3157 1944 3224 1996 sit
3258 1959 3287 1996 a
3323 1948 3595 2015 cupidita-

2012 2021 2162 2076 tibus
2208 2023 2402 2089 Iibera,
2443 2025 2776 2096 ingrediaris
2825 2033 3007 2086 omnia
3056 2033 3150 2088 Dei
3200 2040 3474 2101 mandata,
3523 2041 3591 2094 ad

2014 2113 2166 2185 illum
2203 2113 2431 2171 ferentia
2467 2137 2477 2169 :
2515 2126 2575 2171 ut
2611 2131 2702 2173 tua
2738 2121 3115 2193 intelligentia.
3146 2139 3176 2180 a
3210 2128 3494 2198 principiis
3525 2131 3595 2184 ad

2012 2203 2423 2265 conclusiones,
2456 2221 2788 2274 percurrens
2817 2214 3170 2280 quaestiones,
3198 2217 3264 2270 ad
3289 2222 3599 2275 sententias

2013 2292 2182 2349 falsas
2213 2310 2320 2349 non
2352 2296 2616 2352 offendat.
3627 2295 3637 2305 ’

2080 2381 2250 2437 νεεδ.
2281 2386 2371 2439 24.
2406 2386 2469 2441 Si
2505 2387 2817 2456 descendas,
2853 2394 2966 2448 sine
3003 2396 3190 2450 timore
3220 2398 3356 2462 eris;
3392 2400 3440 2453 si
3471 2400 3595 2453 dor-

2014 2476 2221 2539 mieris.
2268 2480 2508 2533 suaviter
2551 2481 2804 2538 dormies.
2857 2486 2912 2538 Si
2962 2502 3161 2556 corpus
3208 2498 3360 2543 tuum
3409 2492 3601 2547 labore

2011 2562 2239 2615 virtutis
2264 2561 2493 2627 fessum,
2531 2568 2813 2635 paululum
2855 2571 3203 2640 requiescere
3231 2576 3494 2642 voluetis,
3525 2577 3595 2632 ab

2014 2645 2428 2704 incursionibus
2459 2651 2755 2720 spirituum
2788 2657 3151 2727 malignorum
3197 2675 3305 2714 non
3348 2662 3593 2742 timebis,

1971 2778 1979 2786 .
2011 2739 2141 2808 quia
2195 2754 2413 2808 semper
2457 2743 2685 2810 Spiritus
2740 2752 2869 2801 tuus
2899 2748 2950 2801 in
2981 2748 3091 2803 Deo
3130 2749 3271 2805 ﬁxus
3296 2764 3400 2808 est.
3434 2739 3504 2793 4
3534 2753 3593 2809 Si

2014 2829 2310 2885 dormieris
2357 2841 2586 2885 mortem
2636 2844 2953 2890 sanctorum
3002 2838 3134 2904 Dei,
3183 2845 3479 2910 pretiosam
3534 2847 3589 2899 in

2013 2930 2310 2988 conspectu
2347 2921 2488 2991 ejus,
2522 2927 2943 2982 resurrectionis
2987 2938 3042 2983 et
3088 2930 3354 2986 bonorum
3403 2948 3433 2987 a
3480 2934 3598 2987 Deo

2013 3012 2409 3078 promissorum
2443 3028 2539 3080 spe
2564 3015 2852 3083 gaudebis.

2090 3119 2257 3177 Vsus.
2296 3122 2390 3178 2‘5.
2423 3120 2546 3177 Non
2585 3124 2794 3179 timebis
2829 3132 3080 3182 terrorem
3116 3132 3468 3199 repentinum,
3500 3149 3590 3188 nec

343 3200 488 3257 οὐδὲ
525 3202 711 3270 ὁρμὰς
737 3202 974 3257 ἀσεϐῶν
1027 3203 1453 3273 ἐπερχομένας.
1494 3205 1605 3257 Καὶ
1646 3204 1708 3257 οὐ
1743 3220 1909 3275 πτοη-

2026 3211 2390 3268 iesolationem
2424 3214 2732 3282 impiorum,
2769 3235 2887 3273 cum
2930 3222 3152 3275 venerit.
3188 3221 3305 3277 Non
3350 3225 3586 3288 timebis.

342 3291 486 3365 θήσῃ
513 3291 602 3346 διὰ
636 3293 878 3359 συνειδὸς
898 3294 1343 3361 ἀκατάγνωστον,
1366 3294 1765 3366 ἐκδειμάτωσίν
1786 3313 1911 3350 τινα

340 3382 694 3452 δαιμονιώδη,
725 3384 1186 3455 παραγενομένην
1216 3403 1302 3439 σοι
1322 3386 1462 3454 μετά
1481 3386 1579 3457 τὴν
1601 3386 1781 3454 ἔξοδον
1809 3387 1911 3456 τῆς

341 3473 626 3546 παρούσης
655 3475 822 3546 ζωῆς,
852 3474 993 3529 ὥστε
1041 3475 1299 3546 διακόψαι
1336 3493 1398 3529 σε
1435 3477 1534 3546 τῆς
1587 3478 1724 3548 πρὸς
1775 3479 1909 3531 Θεὸν

341 3563 587 3631 ἐλπίδος·
617 3564 742 3619 οὔτε
777 3565 1129 3638 καταδρομὰς
1155 3566 1266 3620 τῶν
1294 3567 1654 3621 ἀποστάντων
1691 3568 1908 3633 τούτου,

340 3657 438 3710 καὶ
471 3658 550 3728 μὴ
584 3656 872 3729 τιμώντων
905 3657 1069 3712 αὐτὸν
1114 3658 1444 3728 πνευμάτων
1487 3657 1589 3727 τῆς
1620 3658 1906 3730 πονηρίας.

306 3736 309 3745 ’
341 3746 605 3813 ἐπιούσας
631 3765 716 3803 σοι
740 3751 797 3804 ἐν
819 3750 955 3821 ζωῇ,
977 3748 1121 3803 ὥστε
1152 3750 1262 3805 τῶν
1284 3749 1446 3803 θείων
1473 3747 1704 3803 ἐντολῶν
1732 3764 1912 3822 παρα-

341 3838 517 3911 6ἀτην
543 3839 928 3895 ἀποδεικνύειν
957 3856 1041 3895 σε.

412 3935 527 3996 κς’.
573 3929 639 3984 Ὅ
663 3931 777 4001 γὰρ
796 3932 1012 3999 Κύριος
1030 3931 1201 3985 ἔσται
1223 3930 1319 3984 ἐπὶ
1349 3927 1565 3985 πασῶν
1588 3927 1746 3984 όδῶν
1767 3943 1907 3994 σου,

341 4017 442 4073 καί
469 4019 685 4088 ἐρεισει
706 4020 828 4074 σὸν
850 4019 1026 4084 πόδα,
1047 4020 1149 4075 ἵνα
1167 4018 1255 4089 μὴ
1277 4017 1571 4088 ames.
1597 4017 1773 4084 Αὐτός
1799 4017 1911 4090 γὰρ

339 4109 370 4161 ό
395 4106 504 4181 τῶν
531 4107 669 4161 ὅλων
697 4109 980 4174 Δεσπότης
1012 4108 1146 4171 Θεὸς
1201 4107 1386 4161 ἔσεται
1428 4109 1488 4161 ἐν
1536 4108 1744 4174 πάσαις
1784 4110 1911 4174 ταῖς

341 4199 400 4252 ἐν
429 4196 543 4269 ζωῇ
576 4200 697 4252 κατ’
724 4199 932 4268 ἀρετὴν
976 4201 1225 4268 πορείαις
1260 4214 1379 4262 σου,
1420 4198 1631 4269 ὁδηγῶν
1666 4216 1727 4251 σε
1771 4198 1911 4270 πρὸς

345 4285 640 4356 σωτηρίαν,
662 4285 752 4337 διά
773 4285 891 4338 -τῶν
924 4286 1096 4355 ἁγίων
1138 4285 1306 4339 αὐτοῦ
1339 4287 1571 4341 ἐντολῶν
1593 4303 1606 4317 ⁸
1646 4288 1787 4343 ἀλλά
1818 4289 1913 4342 καὶ

347 4374 486 4445 μετά
532 4374 631 4446 τὴν
679 4376 860 4440 ἔξοδον
901 4377 1002 4447 τῆς
1048 4378 1331 4450 παρούσης
1364 4379 1529 4449 ζωῆς,
1569 4380 1815 4452 στηρίξει
1849 4384 1911 4436 ἐν

345 4463 526 4533 ἐαυτῷ
553 4463 653 4534 τὴν
683 4465 878 4520 ἐλπίδα
916 4483 1054 4530 σου,
1085 4468 1160 4531 ῶς
1200 4486 1322 4523 τινα
1372 4470 1528 4535 πόδα,
1570 4472 1629 4524 ἐν
1675 4456 1913 4540 ἀστραλεῖ

344 4553 494 4622 τόπῳ
522 4591 539 4618 ,
572 4551 659 4605 ίνα
694 4554 770 4624 μὴ
814 4554 977 4607 αὐτοῦ
1021 4558 1231 4627 ἀποστῇ
1251 4573 1267 4590 θ
1302 4560 1337 4626 ἡ
1365 4558 1423 4612 δέ
1446 4560 1514 4613 τὰ
1544 4561 1792 4630 πρακτέα
1825 4579 1909 4616 σοι

345 4641 712 4713 ὑποτιθεμένη
730 4636 868 4714 ἐμὴ·
888 4646 1232 4715 παραίνεσις,
1257 4646 1398 4717 αὕτη
1422 4650 1591 4704 ἐστίν.

414 4732 519 4798 κζ’,
552 4735 651 4804 Μὴ
671 4737 916 4805 ἀπόσχῃ
936 4732 1006 4791 εὖ
1045 4738 1239 4792 ποιεῖν
1260 4739 1461 4809 ἐνδεῆ,
1495 4741 1682 4809 ἡνίκα
1701 4740 1780 4796 ἂν
1798 4743 1909 4812 ἔχῃ

342 4826 382 4894 ἡ
423 4826 556 4896 χείρ
604 4840 723 4881 σου
765 4827 1035 4891 βοηθεῖν.
1087 4828 1181 4899 Μὴ
1229 4829 1412 4901 παύσῃ
1464 4832 1774 4901 εὐεργετεῖν
1818 4836 1911 4886 τὸν

343 4916 538 4986 ἔχοντα
592 4918 782 4988 χρείαν
841 4920 1285 4988 εὐεργετεῖσθαι·
1316 4922 1420 4986 ἕως
1461 4922 1528 4975 ἄν
1585 4940 1668 4977 σοι
1724 4926 1806 4988 εἰς
1851 4925 1913 4978 τὸ

344 5008 611 5076 ἐπαρκεῖν
642 5007 815 5078 αὐτῷ,
851 5010 1139 5078 περιουσία
1169 5011 1340 5067 ἐστίν.
1671 5069 1674 5071 .

417 5102 524 5166 κη’.
545 5097 640 5164 Μὴ
660 5098 864 5165 alarm.
880 5098 1263 5155 Ἐπανελθὼν
1287 5102 1575 5170 ἐπάνηκε,
1592 5104 1688 5158 καί
1704 5106 1914 5174 αὔριον

345 5185 537 5249 δώσω,
576 5186 837 5243 δυνατοῦ
902 5206 1018 5245 σου
1078 5191 1252 5259 ὄντος
1294 5190 1365 5250 εὖ
1414 5195 1638 5250 ποιεῖν·
1681 5200 1754 5251 οὐ
1803 5196 1913 5265 γὰρ

345 5268 514 5340 οἷδας
545 5275 605 5327 τί
626 5275 858 5339 τέξεται
896 5279 934 5345 ή
965 5278 1244 5335 ἐπιοῦσα.
1273 5283 1366 5352 Μὴ
1393 5284 1775 5357 παραπέμψῃς
1815 5287 1914 5339 αὑ-

345 5363 437 5419 τὸν
453 5366 533 5428 είς
550 5365 648 5436 τὴν
677 5367 937 5421 ἐπιοῦσαν
965 5370 1407 5440 ἡμέρανβίπὼὺ,
1431 5375 1515 5428 ὃτι
1535 5375 1645 5446 Τὴν
1674 5380 1913 5448 σήμερον

350 5455 451 5524 μὲν
479 5457 859 5528 ῦποχώρησον,
896 5458 997 5530 τὴν
1024 5461 1070 5513 δ’
1092 5461 1281 5533 αὔριον
1310 5465 1457 5529 ἐλοέ,
1498 5467 1597 5519 καὶ
1618 5462 1684 5521 οὗ
1722 5470 1914 5540 χρείαν

345 5545 490 5618 ἔχεις
520 5549 790 5619 παράσχω
813 5565 919 5615 σοι,
947 5551 1131 5621 ἰσχύος
1153 5555 1463 5624 προσούσης
1488 5574 1570 5610 σοι
1599 5561 1914 5626 παραυτίκα

344 5631 535 5685 τοῦτον
573 5633 919 5705 εὐεργετεῖν·
948 5637 1167 5706 ἀγνοεῖς
1196 5642 1307 5713 γὰρ
1338 5643 1393 5696 τί
1435 5644 1707 5715 ἐπαγάγει
1740 5648 1773 5718 ἡ
1815 5648 1915 5702 αὕ-

352 5739 486 5795 ριον.

2011 3303 2082 3357 ob
2112 3312 2260 3358 tuam
2298 3306 2836 3374 irrepreheusibilem
2872 3314 3288 3381 conscientiam,
3323 3332 3353 3368 a
3397 3318 3592 3372 timore

2009 3388 2273 3443 daatnonis
2303 3391 2418 3459 qui,
2446 3393 2499 3444 in
2534 3395 2770 3448 transitu
2801 3395 2870 3449 ab
2905 3397 3008 3450 hac
3045 3404 3296 3467 prtesenti
3328 3403 3459 3463 vita,
3493 3404 3590 3457 tibi

2011 3482 2210 3547 aderit,
2244 3491 2305 3537 ιιι
2354 3492 2405 3536 te
2446 3499 2475 3536 a
2526 3482 2616 3539 Dei
2659 3501 2757 3556 spe
2802 3497 3014 3543 avertat
3055 3505 3070 3543 :
3109 3505 3217 3557 npn
3267 3492 3596 3549 formidabis

2012 3571 2361 3629 incursiones
2390 3572 2484 3627 Dei
2523 3573 2892 3639 inimicorum,
2929 3587 2984 3630 et
3018 3580 3309 3648 spirituum
3342 3582 3589 3648 malitiae,

2011 3663 2168 3718 illum
2230 3680 2341 3719 non
2374 3667 2666 3720 colentium
2700 3668 2791 3737 qui
2828 3668 2883 3722 in
2917 3671 3021 3723 vita
3056 3680 3108 3727 te
3136 3673 3421 3740 invadunt,
3452 3684 3511 3728 ut
3540 3685 3601 3731 te

2014 3751 2108 3808 Dei
2140 3754 2520 3811 mandatorum
2554 3757 2870 3812 violatorem
2900 3760 3161 3818 eﬂlciant.

2079 3928 2248 3986 Vsus.
2280 3929 2373 3984 96.
2415 3932 2673 3988 Dominus
2713 3937 2814 3988 erit
2859 3936 2912 3990 in
2958 3938 3203 3993 omnibus
3238 3940 3336 3994 riis
3382 3941 3508 4006 tuis,
3539 3953 3596 3996 et

2010 4021 2248 4092 firmabit
2294 4022 2478 4089 pedem
2510 4033 2676 4088 tuum,
2709 4042 2772 4080 ne
2796 4028 2996 4083 titubet.
3030 4028 3148 4099 Ipse
3199 4043 3383 4085 autem
3424 4032 3597 4096 Deus,

2010 4114 2255 4168 omnium
2293 4113 2716 4187 Dominus,erit
2757 4121 2810 4172 in
2849 4121 3107 4176 omnibus
3137 4124 3263 4178 vita:
3293 4124 3449 4179 bona;
3480 4134 3599 4181 tua:

2011 4205 2241 4270 semitis,
2284 4212 2336 4259 te
2383 4220 2481 4275 per
2530 4222 2630 4261 sua
2685 4221 2876 4264 sancta
2922 4214 3178 4267 mandata
3235 4217 3300 4268 ad
3357 4218 3595 4272 salutem

2010 4292 2259 4363 ducens;
2286 4296 2381 4350 sed
2404 4297 2571 4351 etiam
2605 4297 2659 4351 in
2687 4301 2920 4355 transitu
2945 4316 2973 4354 a
2999 4303 3108 4356 vita
3135 4307 3413 4371 praesenti,
3441 4314 3597 4361 tuam

2010 4385 2066 4439 in
2126 4398 2194 4439 eo
2240 4400 2415 4455 spem,
2463 4397 2524 4440 ut
2572 4389 2862 4458 quemdam
2916 4392 3128 4461 pedem.
3177 4395 3230 4447 i‘n
3280 4394 3399 4450 loco
3449 4406 3592 4462 tuto,

1940 4498 1983 4550 ι)
2011 4474 2401 4542 consolidabit,
2436 4492 2507 4532 ne
2533 4479 2602 4534 ab
2630 4494 2696 4534 eo
2730 4485 3005 4550 scparcris
3033 4502 3044 4538 :
3081 4485 3195 4539 luce
3237 4497 3368 4540 sunt
3409 4496 3599 4542 autem

2011 4574 2131 4635 qme
2162 4568 2402 4635 practica
2430 4571 2525 4624 tibi
2555 4572 2810 4641 proponit
2836 4588 3016 4628 meum
3049 4578 3363 4633 consilium.

2081 4761 2251 4819 Vens.
2306 4765 2394 4819 27.
2454 4765 2536 4822 Ne
2602 4769 2871 4826 abstineas
2929 4773 3234 4843 benefacere
3297 4780 3595 4849 indigenti,

2011 4854 2221 4921 quando
2266 4856 2462 4923 poterit
2513 4873 2702 4913 manus
2757 4875 2848 4913 tua
2898 4864 3220 4932 benefacere.
3259 4867 3340 4922 Ne
3371 4870 3598 4927 desinas

2012 4938 2337 4995 benefacere
2372 4943 2473 5009 illi,
2513 4947 2601 5000 cui
2640 4961 2778 5017 Opus
2820 4958 2905 5004 est
2954 4953 3185 5017 auxilio,
3221 4958 3465 5023 quandiu
3510 4960 3593 5013 illi

2013 5028 2371 5084 succurrendi
2402 5041 2642 5101 potestas
2673 5039 2778 5092 erit
2807 5039 2931 5093 tibi.

2086 5113 2251 5174 Vens,
2283 5117 2376 5174 28.
2414 5120 2500 5174 Ne
2542 5125 2693 5181 dicas
2731 5145 2750 5182 :
2785 5131 3002 5193 Abiens,
3037 5132 3168 5196 redi,
3201 5144 3250 5186 et
3290 5135 3594 5202 cras-dabo,

2014 5218 2132 5256 cum
2173 5209 2343 5273 possis
2392 5209 2735 5280 benefacere;
2776 5221 2946 5270 nescis
2987 5219 3122 5298 enim
3162 5221 3292 5288 quid
3328 5227 3595 5292 parturiet

2014 5297 2254 5351 crastina
2311 5300 2445 5355 dies.
2508 5303 2582 5358 Ne
2637 5307 2889 5360 remittas
2953 5297 3106 5362 illum
3177 5311 3228 5363 in
3289 5314 3588 5369 crastinam

2014 5385 2180 5450 diem,
2216 5389 2445 5445 dicens:
2485 5392 2660 5449 Hodie
2697 5396 2810 5475 abi,
2840 5412 2963 5452 cras
2991 5400 3136 5464 vcui,
3170 5409 3225 5454 et
3260 5401 3387 5456 illud
3433 5407 3596 5475 cujus

2015 5490 2154 5543 Opus
2198 5487 2284 5532 est
2325 5481 2421 5535 tibi
2465 5483 2628 5551 dabo,
2656 5500 2780 5538 cum
2829 5487 2900 5541 sit
2944 5488 3045 5543 tibi
3088 5490 3270 5558 modo,
3307 5493 3380 5548 illi
3422 5496 3591 5551 bene—

2017 5566 2256 5623 faciendi
2326 5581 2576 5642 prompta
2644 5579 2923 5646 patentia;
2979 5579 3205 5650 ignoras
3257 5586 3402 5640 enim
3459 5589 3593 5659 quid

2019 5656 2252 5713 adducet
2285 5661 2614 5717 crastinum.
