3960 6230
353 264 490 326 19.53

1374 268 1907 329 COMMENTARII
1943 268 2022 326 IN
2052 253 2510 331 PROVERBIA.

3469 286 3607 350 Ῑὲίὸι

348 377 540 446 τυρικὴ
559 377 807 445 δύναμις,
826 380 985 446 sail)
998 399 1071 433 ων
1090 382 1346 433 αὖτὸνΧΌ
1357 399 1467 445 πως
1486 384 1581 449 τὴν
1600 382 1804 435 οἰκείαν
1824 383 1906 433 ἐπι

2040 384 2324 451 alijiciens,
2359 395 2415 437 ut
2444 386 2678 456 propria‘.
2712 387 3028 462 fragilitatis
3073 397 3306 459 conscii,
3350 413 3456 450 non
3505 401 3605 451 Sibi

347 468 566 533 γνόντες
598 470 905 531 ἀσθένειαν,
936 474 1012 542 μὴ
1041 475 1381 541 ἐπαίρωνται
1412 474 1497 549 ἐφ’
1521 470 1603 536 οἷς
1634 475 1805 544 χωρὶς
1825 475 1924 527 αύ-

347 558 438 611 τοῦ
466 560 528 610 ού
554 560 807 614 δύνανται
832 566 1003 615 ποιεῖν
1031 564 1202 623 οὐδὲν,
1255 566 1348 616 καὶ
1386 564 1480 632 τῆς
1505 564 1765 634 ἀληθείας
1794 565 1926 617 ἀπο-

349 649 673 702 πλανῶνται.
698 654 837 714 Τοὺς
865 653 921 706 δὲ
951 654 1336 722 ἐπιγνώμονας
1399 658 1500 725 τῆς
1530 656 1740 717 οἰκείας
1760 655 1924 706 ἀσθε-

348 740 510 801 νείας,
544 743 635 793 καὶ
654 744 1100 812 ταπεινόρρονας.
1123 747 1221 812 τῆς
1245 747 1337 798 τοῦ
1363 748 1629 815 παναγίου
1666 747 1922 814 Πνεύμαο

346 846 436 892 τος
457 830 601 896 ἀξιοῖ
626 832 868 902 χάριτος,
895 836 1174 906 καθαίρων
1209 837 1308 905 μὲν
1344 837 1568 892 τούτους
1608 836 1715 890 ἀπὸ
1743 838 1921 905 πάσης

344 921 542 984 κακίας
571 922 649 991 τῷ
683 924 854 994 φόϐῳ,
888 926 1140 992 φωτίζων
1162 927 1218 978 δὲ
1254 929 1318 997 τῇ
1355 927 1461 979 τῶν
1495 927 1655 979 θείων
1693 926 1921 980 ἐντολῶν

342 1012 483 1063 κατὰ
513 1014 707 1083 πεῖραν
756 1015 1012 1078 συνέσει,
1064 1018 1157 1069 καὶ
1192 1017 1413 1070 τελειῶν
1468 1019 1533 1087 τῇ
1590 1018 1657 1070 δι’
1700 1017 1920 1086 ἀγάπης

343 1101 537 1173 ὲνούσῃ
562 1104 783 1167 τούτους
812 1105 961 1175 αύτῷ
1007 1107 1322 1177 τελειοποιῷ
1358 1108 1537 1178 σοφίᾳ.

414 1195 509 1248 λε’.
542 1197 733 1259 Δόξαν
759 1199 935 1265 σοφοί
970 1198 1561 1267 κληρονομήσουσιν.
1587 1190 1694 1260 Ἦς
1727 1199 1920 1265 σοφίας

340 1289 389 1340 oi
438 1286 779 1351 ἀξιωθέντες,
837 1288 914 1351 ὡς
958 1288 1141 1358 ἔργοις
1188 1290 1540 1359 δικαιοσύνης
1589 1290 1918 1359 τιμήσαντες

338 1375 431 1432 τὸν
473 1381 530 1430 ὲν
562 1380 807 1448 οὐρανοῖς
839 1380 976 1432 κατὰ
1010 1384 1167 1450 χάριν
1205 1382 1443 1451 Πατέρα,
1489 1382 1586 1449 τῆς
1611 1382 1801 1434 τούτου
1830 1382 1920 1450 βα-

337 1470 548 1534 σιλείας
589 1472 919 1542 κληρονόμοι
946 1475 1291 1541 γενήσονται.

410 1565 474 1614 Ol
528 1560 595 1613 δὲ
644 1561 893 1632 ᾀσεϐεῖς
945 1563 1205 1630 ὕψωσαν
1255 1564 1514 1631 ἀτιμίαν.
1548 1564 1608 1616 Οἱ
1641 1564 1699 1615 δὲ
1730 1564 1804 1633 μὴ
1847 1564 1916 1616 δι’

335 1649 557 1718 ἀγαθῶν
588 1650 767 1721 ἔργων
809 1652 1079 1721 τιμῶντες
1126 1653 1310 1712 αὑτὸν,
1359 1654 1456 1722 τὴν
1488 1652 1699 1705 ἑαυτῶν
1729 1654 1919 1722 ἀτιμο-

2032 476 2305 542 gaudeant
2348 477 2415 530 de
2453 478 2537 531 his
2580 494 2699 546 qua:
2733 481 2850 533 sine
2895 480 2988 535 illo
3018 485 3239 538 nomine
3272 489 3452 542 facere
3481 505 3607 553 pns-

2031 575 2179 627 Sunt,
2211 574 2265 619 et
2294 581 2323 619 a
2355 567 2581 621 veritate
2617 584 2724 622 non
2756 579 3070 625 averteutur
3106 590 3119 626 :
3148 590 3241 628 eos
3278 586 3458 632 autem
3507 583 3604 648 qui

2030 669 2185 707 suam
2233 655 2588 723 fragilitatem
2637 670 2858 723 norunt,
2889 670 2945 714 ct
2989 662 3271 718 humiliter
3305 667 3372 721 de
3403 684 3461 722 se
3490 684 3609 722 sen-

2030 746 2192 808 tiunt,
2225 755 2278 801 et
2309 749 2381 801 ita
2402 749 2656 817 .Spiritus
2688 753 3020 805 sanctissimi
3055 756 3227 823 gratia
3266 756 3412 826 digni
3450 768 3600 822 sunt,

2029 852 2123 905 per
2155 839 2404 893 timorem
2445 842 2512 893 ab
2552 843 2702 895 omni
2739 844 2945 896 malitia
3012 845 3283 912 purilicat,
3319 855 3372 902 et
3403 850 3603 902 intelli-

2026 930 2208 997 gentia
2243 929 2626 984 mandatorum
2666 931 2999 993 divinorum.
3037 935 3088 987 in
3137 938 3433 991 tentatione
3475 939 3599 992 illu-

2026 1021 2218 1082 minat,
2264 1031 2318 1075 et
2365 1022 2485 1075 illos
2536 1025 2743 1091 perlicit
2798 1040 2895 1093 per
2941 1027 3323 1095 perfecti-iectu
3387 1032 3602 1099 sapien-

2023 1113 2176 1173 tiam,
2203 1126 2307 1177 qua
2341 1113 2415 1173 illi
2447 1128 2633 1167 amore
2665 1115 3101 1185 coniunguntur.

2090 1199 2258 1255 Vens.
2285 1201 2374 1254 35.
2411 1200 2647 1255 Gloriam
2676 1206 2939 1272 sapientes
2969 1206 3330 1272 possidebunt.
3366 1209 3467 1274 Qui
3497 1211 3598 1265 hac

2022 1292 2291 1359 sapientia
2339 1294 2484 1361 digni
2536 1295 2663 1347 l'acti
2711 1305 2861 1360 sunt,
2897 1299 3022 1365 quia
3074 1299 3330 1367 operibus
3368 1302 3598 1368 iustitia:

2022 1381 2365 1434 honorarunt
2405 1397 2528 1436 eum
2568 1384 2659 1452 qui
2694 1397 2777 1439 est
2809 1386 2860 1439 in
2898 1389 3053 1441 cmlis
3094 1402 3190 1455 per
3229 1390 3463 1457 gratiam
3496 1391 3598 1443 Pa-

2022 1481 2121 1533 ter,
2154 1472 2302 1525 illius
2333 1477 2481 1541 regni
2515 1473 2758 1528 haeredes
2787 1475 3117 1529 cliiciuntur.

2091 1561 2249 1627 Impii
2274 1562 2513 1616 exaltant
2544 1565 2908 1632 ignominiam.
2942 1565 3046 1631 Qui
3078 1582 3208 1620 vero
3234 1568 3400 1621 Deum
3438 1569 3596 1622 bonis

2020 1651 2280 1727 operibus
2320 1668 2425 1705 non
2469 1656 2680 1715 colunt,
2713 1670 2866 1708 Suam
2907 1665 3120 1726 turpem
3159 1659 3444 1723 malitiam,
3477 1661 3595 1713 nia-

337 1743 489 1794 ποιὸν
543 1743 741 1796 κακίαν
785 1745 1259 1814 περιφανεστέραν
1316 1746 1600 1813 ἐποίησαν,
1636 1743 1732 1806 τὰς
1773 1745 1906 1814 ἀμυ‹

2029 1740 2431 1795 uil‘cstissimam
2475 1742 2796 1806 ellecerunt,
2832 1745 3075 1801 inlinitos
3107 1762 3329 1802 suarum
3375 1751 3592 1818 cupidi-

338 1834 535 1903 θήτους
584 1835 694 1888 τῶν
744 1836 1076 1907 παραλόγων
1139 1836 1326 1889 παθῶν
1394 1836 1636 1904 γενέσεις
1705 1838 1915 1906 ἐπινοή-

340 1939 552 1986 σαντες.

938 2018 1187 2070 ΚΕΦΔΛ.
1226 2019 1301 2070 Δ’.

386 2114 456 2162 α’.
474 2109 818 2172 Ἀκούσατε,
829 2110 1056 2179 παῖδες,
1071 2109 1341 2162 παιδείαν
1355 2109 1593 2176 πατρὸς,
1613 2107 1709 2161 καὶ
1727 2122 1911 2175 προσ-

334 2200 502 2268 έχετε
525 2199 745 2269 γνῶναι
784 2200 1047 2254 ἔννοιαν.
1085 2197 1279 2252 Ἔνθεν
1308 2215 1415 2264 τοι,
1452 2199 1636 2250 τεκνία
1667 2214 1909 2266 πνευμα-

334 2290 483 2353 τικὰ,
512 2292 631 2352 ταῖς
661 2289 760 2358 μὲν
790 2288 1101 2341 ὲπιπειθέσι
1133 2288 1277 2358 λόγῳ
1313 2288 1623 2356 ὀρεκτικαῖς
1668 2286 1777 2339 τῶν
1803 2286 1906 2355 ψυ-

337 2382 447 2451 χῶν
475 2381 625 2450 ύμῶν
669 2380 978 2449 δυνάμεσιν,
1031 2378 1378 2431 ὑπακούσατε
1408 2379 1504 2446 τῆς
1538 2378 1675 2431 κατὰ
1709 2378 1906 2447 πρᾶξιν

333 2472 604 2534 ἐπιπόνως
632 2471 740 2523 τῶν
786 2471 893 2523 ἀπὸ
951 2469 1149 2532 κακίας
1201 2469 1431 2530 κηλίδων
1467 2466 1905 2536 ὲκκαθαιρούσης

332 2564 475 2631 ὑμᾶς
500 2562 895 2632 παραινέσεως,
918 2560 1011 2615 τοῦ
1029 2563 1169 2615 κατὰ
1191 2563 1348 2631 χάριν
1371 2559 1738 2621 υίοθετοῦντος
1759 2561 1904 2629 ἡμᾶς

331 2655 487 2709 Θεοῦ.
520 2656 653 2717 Ταῖς
704 2654 760 2706 δὲ
810 2653 1217 2724 θεωρητικαῖς,
1274 2654 1529 2704 σκοπεῖτε
1576 2650 1902 2704 καταλαϐεῖν

332 2748 645 2815 γνωστικῶς
681 2749 782 2815 τὴν
815 2746 1016 2814 ταύτης
1045 2747 1304 2800 διάνοιαν.

402 2839 467 2907 β’.
497 2836 694 2904 Δῶρον
726 2836 833 2904 γὰρ
862 2834 1086 2903 dfade
1108 2831 1402 2903 δωροῦμαι
1426 2830 1596 2900 ὑμῖν
1627 2832 1731 2884 τὸν
1759 2832 1904 2900 ἐμὸν

329 2932 518 3000 νόμον
549 2929 635 2998 μὴ
693 2928 1144 2996 ἐγκαταλίπητε.
1191 2926 1374 2995 Μηδὲν
1412 2926 1519 2994 γὰρ
1552 2941 1902 2995 προεισενεγ-

2015 1839 2185 1887 latum
2216 1832 2407 1888 modos
2436 1836 2834 1905 excogitantes.

2643 2011 2795 2067 car.
2837 2012 2925 2069 IV.
3476 2064 3499 2083 ,

2082 2098 2250 2155 Vens.
2280 2103 2330 2154 i.
2367 2101 2577 2167 Audite,
2607 2104 2731 2172 lilii,
2755 2105 3093 2173 disciplinam
3116 2109 3306 2175 patris,
3334 2120 3383 2162 et
3414 2118 3587 2161 atten-

2008 2194 2133 2255 dite,
2174 2203 2229 2246 ut
2263 2194 2448 2247 sciatis
2477 2196 2905 2264 intelligentiam.
2939 2197 3066 2252 Inde
3099 2214 3247 2261 vero,
3288 2200 3381 2253 lilii
3423 2200 3587 2267 spiri-

2010 2285 2210 2348 tuales,
2241 2293 2549 2338 vestrarum
2584 2287 2890 2341 animarum
2926 2288 3454 2357 concupiscibilibns
3486 2304 3584 2358 po-

2009 2376 2220 2435 tentiis,
2253 2377 2495 2430 sermoni
2536 2377 2890 2438 docibilibus.
2921 2379 3105 2433 audite
3137 2380 3452 2442 consilium,
3487 2396 3584 2433 vos

2007 2468 2226 2519 actione
2280 2467 2557 2521 laboriosa
2615 2482 2644 2520 a
2701 2469 2922 2522 malitia:
2974 2469 3203 2523 maculis
3266 2468 3580 2538 puriﬁcaus,

2007 2559 2190 2611 datum
2219 2558 2288 2612 ab
2321 2558 2435 2622 illo,
2465 2559 2555 2627 qui
2582 2574 2678 2613 vos
2720 2559 2772 2611 in
2803 2558 2944 2612 ﬁlios
2981 2558 3283 2627 adoptavit,
3312 2557 3420 2611 Deo
3451 2574 3464 2610 :
3493 2560 3579 2610 iu-

2008 2649 2411 2703 tellcctualibus
2460 2659 2641 2702 autem
2700 2650 2978 2717 potentiis,
3021 2648 3309 2710 attendite,
3347 2659 3401 2701 ut
3441 2649 3581 2703 scite

2006 2738 2070 2791 ad
2102 2738 2265 2805 hujus
2295 2738 2711 2807 intelligentiam
2742 2738 3093 2807 pervenistis.

2082 2829 2245 2884 Vens.
2283 2829 2336 2882 2.
2365 2830 2576 2883 Donum
2604 2818 2797 2884 bonum
2826 2830 3117 2883 retribuam
3174 2829 3317 2883 vobis
3353 2845 3371 2883 :
3418 2829 3578 2898 legem

2004 2941 2172 2977 meam
2226 2940 2292 2977 ne
2327 2922 2732 2992 derclinquatis.
2772 2921 2959 2985 Vobis,
3002 2922 3134 2974 nihil
3168 2924 3400 2991 primum
3449 2921 3579 2975 offc-

329 3023 507 3084 κοῦσι,
531 3021 754 3091 παρέχω
785 3020 911 3088 ὑμῖν
962 3019 1279 3088 εὐεργεσίαν
1324 3018 1589 3088 σωτήριον
1640 3017 1733 3068 τοῦ
1764 3017 1899 3069 ἀπο-

2029 3013 2280 3079 entibus,
2303 3013 2473 3067 oll‘ero
2494 3013 2819 3067 beneﬁcium
2842 3013 3085 3075 salubre,
3105 3023 3204 3065 uta
3235 3014 3351 3081 lege
3371 3013 3576 3077 divina,

333 3114 622 3184 τρέποντος
667 3110 777 3163 τῶν
843 3108 918 3178 μὴ
959 3108 1207 3172 δεόντων,
1265 3107 1359 3159 καὶ
1408 3105 1806 3175 προτρέποντος
1829 3103 1893 3156 τὰ

329 3204 517 3257 δέοντα
581 3202 726 3255 θείου
774 3201 963 3270 νόμου,
1011 3191 1056 3267 ᾧ
1099 3199 1194 3253 καὶ
1240 3199 1401 3260 αὐτὸς
1453 3196 1771 3266 ὑπόκειμαι,
1821 3196 1895 3262 μὴ

333 3295 669 3366 ἀπόσχησθε.

402 3393 474 3450 γ’.
507 3386 637 3450 Υἱὸς
686 3383 795 3452 γὰρ
836 3381 1124 3451 ἐγενόμην
1191 3378 1352 3447 κάγὼ
1392 3377 1563 3445 πατρὶ
1606 3375 1896 3444 ὑπήκοος,

337 3482 431 3535 καὶ
457 3477 840 3549 ἀγαπώμενος
871 3474 939 3527 ἐν
1006 3469 1301 3539 προσώπῳ
1337 3471 1583 3537 μητρός.
1618 3470 1752 3530 Παίς
1791 3470 1899 3536 γὰρ

333 3569 473 3624 κατὰ
530 3568 688 3639 χάριν
760 3566 957 3633 γέγονα
1003 3562 1096 3614 καὶ
1145 3559 1328 3621 αὐτὸς,
1362 3558 1439 3628 τῷ
1477 3557 1711 3625 οὐρανίῳ
1745 3557 1899 3625 ἡμῶν

334 3661 508 3730 ιῐατρλ⁵
537 3658 832 3729 πειθήνιος,
865 3654 960 3707 καὶ
992 3651 1311 3722 φιλούμενος
1366 3648 1494 3719 παρ’
1536 3646 1698 3698 αὐτοῦ
1736 3647 1792 3696 ὲν
1821 3646 1901 3716 τῷ

334 3746 816 3823 χαρακτηριστικῷ
869 3746 966 3814 τῆς
1017 3733 1427 3811 ὲκθρεψαμένης
1457 3754 1523 3806 με
1555 3735 1899 3797 διδασκαλίας

333 3842 493 3896 αὐτοῦ
527 3838 900 3907 πολιτεύματι.

399 3935 462 3987 δ’.
498 3932 564 3985 02
587 3930 910 3984 ἐδίδασκόν
937 3941 1034 3993 με,
1074 3923 1169 3976 καί
1199 3924 1431 3986 ἔλεγον.
1457 3918 1541 3979 Οἳ,
1576 3920 1604 3970 ὀ
1634 3917 1902 3970 διδάσκων

333 4025 568 4086 πάντως,
594 4020 689 4074 καὶ
740 4019 773 4087 ὴ
830 4014 1024 4068 τούτου
1077 4008 1417 4073 διδασκαλία,
1449 4006 1763 4060 ἐνουθέτουν
1810 4023 1899 4076 με,

331 4114 601 4178 λέγοντες.

407 4195 716 4270 Ἐρειδέτω
753 4202 785 4253 ό
810 4196 1092 4266 ἡμέτερος
1128 4194 1310 4261 λόγος
1357 4193 1443 4255 είς
1470 4189 1594 4256 σὴν
1632 4187 1902 4255 καρδίαν.

332 4297 564 4349 Ποιείτω
592 4296 649 4344 ἐν
690 4294 755 4361 τῇ
806 4291 871 4358 σῇ
921 4284 1130 4353 διανοίᾳ
1165 4284 1200 4351 ἡ
1238 4281 1559 4352 παραίνεσις
1587 4279 1745 4350 ἡμῶν
1775 4294 1903 4349 στη-

336 4385 552 4455 ριγμὸν,
586 4380 878 4450 ὲδραιοῦσα
907 4375 1111 4446 ταύτην
1141 4378 1198 4428 ὲν
1220 4374 1294 4442 τῷ
1322 4372 1533 4443 ἀγαθῷ.

401 4496 686 4549 Φύλασσε
701 4493 956 4559 ἐντολάς
978 4509 1113 4562 μου,
1150 4487 1244 4542 καὶ
1277 4484 1448 4554 ζήσῃ.
1479 4485 1555 4555 Τή
1564 4502 1645 4554 ρει
1671 4484 1777 4555 ἐμὰ
1802 4484 1895 4536 τοῦ

330 4587 789 4656 υίοθετησαμένου
818 4602 875 4636 σε
901 4582 1359 4656 παραγγέλματα,
1408 4579 1501 4629 καὶ
1529 4578 1626 4646 τῆς
1656 4579 1711 4628 ἐν
1734 4576 1899 4628 πνεύ-

332 4694 462 4749 ματι
481 4673 758 4747 μακαρίας
795 4674 1071 4744 μετάσχῃς
1095 4670 1262 4740 ζωῆς.

397 4791 461 4846 ε’.
490 4787 719 4857 κτῆσαι
748 4789 992 4857 σοφίαν,
1020 4785 1240 4854 κτῆσαι
1271 4784 1550 4838 σύνεσιν.
1581 4778 1896 4853 Προσϐαλοῦ

329 4879 426 4948 τήν
478 4895 539 4931 τε
590 4877 770 4947 πάσης
811 4877 1032 4945 ἀγνοίας
1086 4872 1447 4944 ἀφανιστικὴν
1517 4871 1737 4940 σοφίαν,
1803 4872 1897 4923 καὶ

329 4973 426 5042 τὴν
458 4970 643 5024 πασῶν
665 4987 768 5039 μου
800 4969 910 5023 τῶν
938 4966 1168 5020 ἐντολῶν
1205 4967 1491 5035 ποιητικὴν
1523 4964 1760 5017 σύνεσιν.

399 5199 457 5250 Μ
465 5195 496 5260 ὴ
520 5194 797 5264 ἐπιλάϐῃ,
833 5193 987 5263 μηδὲ
1005 5190 1255 5259 παρίδῃς
1280 5187 1463 5256 ῥῆσιν
1495 5186 1638 5254 ἐμοῦ
1672 5187 1893 5254 στόμα-

331 5306 450 5354 τος.
482 5289 577 5357 Μὴ
626 5287 893 5357 ἀμνήμων
927 5285 1064 5354 μήτε
1109 5282 1396 5351 παρόπτης
1446 5278 1545 5347 τῆς
1594 5277 1731 5347 ἐμῆς
1763 5277 1895 5348 γένῃ

329 5374 697 5436 διδασκαλίας.

402 5498 476 5555 ς’.
501 5488 595 5555 Μὴ
612 5482 1017 5556 ἐγκαταλίπῃς
1072 5479 1284 5542 αὐτὴν,
1309 5476 1402 5531 καὶ
1433 5474 1741 5538 ἀνθέξεταί
1755 5489 1890 5527 σου.

331 5582 422 5650 Μὴ
456 5580 695 5647 ἀποστῇς
750 5573 974 5642 ταύτης,
1008 5571 1100 5623 καὶ
1150 5564 1499 5633 ἀντιλάϐηταί
1542 5580 1635 5616 σου
1676 5564 1734 5615 ὲν
1772 5565 1895 5627 ταῖς

334 5672 470 5725 κατὰ
492 5671 599 5723 τῶν
626 5670 828 5738 νοητῶν
859 5664 1068 5737 ἐχθρῶν
1092 5655 1605 5732 ἀντι-παρατάξεσιν.

1998 3120 2120 3173 quae
2150 3115 2392 3159 removet
2426 3118 2455 3157 a
2526 3119 2633 3157 non
2668 3104 3149 3166 convenientibus,
3194 3115 3580 3172 premeretque

1998 3196 2063 3249 ad
2122 3195 2524 3259 convenientia,
2561 3197 2647 3250 cui
2700 3206 2755 3251 ct
2814 3197 2928 3264 ipse
2975 3197 3262 3263 subjieior,
3304 3213 3410 3250 non
3453 3214 3579 3252 vos-

1999 3289 2262 3358 metipsos
2295 3290 2577 3342 avertatis.

2068 3382 2235 3438 Vens.
2283 3382 2337 3436 5.
2374 3382 2515 3434 Nam
2559 3391 2607 3434 et
2667 3383 2777 3449 ipse
2835 3383 2913 3450 fui
2968 3383 3113 3451 [ilius
3145 3384 3315 3451 patris
3358 3380 3571 3437 docilis:

1998 3486 2048 3530 et
2090 3474 2338 3527 amabilis
2366 3474 2418 3525 in
2474 3486 2761 3541 conspectu
2791 3475 3008 3526 matris.
3062 3474 3192 3526 ﬁam
3223 3484 3278 3526 ct
3334 3477 3448 3542 ipse
3500 3475 3577 3527 fni

2002 3580 2154 3633 puer,
2185 3562 2483 3617 secundum
2516 3562 2750 3630 gratiam
2769 3560 2967 3613 docilis
2985 3558 3132 3612 Patri
3180 3560 3413 3621 cmlcsti,
3436 3574 3579 3610 ama.

2003 3655 2130 3708 bilis
2166 3655 2218 3707 in
2264 3654 2456 3722 agendi
2494 3654 2708 3706 ratione
2744 3665 2866 3718 qius:-
2897 3652 2967 3706 ad
2990 3652 3171 3705 vivum
3195 3650 3450 3720 exprimit
3476 3652 3573 3704 dc-

2002 3745 2235 3799 ctrinam
2263 3745 2383 3812 ejus
2403 3758 2488 3797 me
2510 3744 2871 3797 nutrientem.

2075 3916 2241 3972 Vens.
2271 3918 2305 3970 4
2370 3917 2477 3982 Qui
2508 3932 2588 3970 me
2620 3916 2904 3980 docebant,
2935 3928 2987 3971 et
3028 3916 3294 3970 dicebant.
3323 3915 3426 3978 illi,
3452 3930 3574 3970 0m-

2005 4010 2155 4061 nium
2203 4016 2528 4076 praeceptor,
2562 4017 2619 4059 et
2651 4005 2774 4075 ejus
2809 4006 3124 4075 disciplina,
3156 4020 3240 4059 me
3281 4006 3576 4060 hortaban-

2005 4107 2116 4158 tur,
2143 4098 2392 4151 dicentes
2428 4114 2441 4149 :

2073 4190 2303 4261 Figatur
2333 4206 2509 4245 sermo
2557 4199 2734 4244 noster
2782 4191 2836 4245 in
2884 4205 2975 4244 ror
3032 4200 3202 4245 tuum.
3253 4188 3575 4243 Stahiliatur

2007 4283 2243 4336 hortatio
2287 4290 2473 4337 nostra
2506 4281 2560 4335 in
2606 4290 2699 4335 tua
2749 4281 3130 4349 intelligentia,
3161 4294 3284 4349 quae
3328 4277 3586 4333 ﬁrmetur.

1934 4384 1976 4439 ι)
2006 4373 2059 4426 ir.
2090 4373 2255 4427 bono.

2069 4480 2287 4537 Custodi
2319 4479 2579 4535 mandata
2610 4490 2703 4535 tua
2751 4490 2803 4535 et
2847 4482 3001 4535 vivet.
3041 4480 3268 4536 Custodi
3317 4483 3571 4536 mandata

2000 4586 2139 4635 mea,
2173 4571 2264 4638 qui
2294 4580 2348 4624 te
2384 4586 2480 4639 pro
2505 4571 2616 4625 ﬁlio
2640 4570 2915 4640 adeptavi,
2939 4578 3001 4625 ut
3038 4569 3348 4640 spiritualis
3382 4571 3567 4625 beata:

2001 4663 2123 4716 vita:
2151 4661 2426 4731 particeps
2457 4662 2740 4717 elﬁciaris.

2064 4772 2231 4829 Vens.
2256 4773 2310 4827 5.
2348 4772 2567 4829 Posside
2591 4774 2929 4844 sapientiam,
2955 4773 3166 4843 posside
3206 4772 3566 4841 prudentiam.

1998 4862 2228 4920 Posside
2277 4869 2423 4921 illam
2473 4884 2593 4936 qua:
2634 4882 2853 4920 onmem
2902 4867 3270 4936 ignorantiam
3326 4863 3566 4918 excludit

1999 4958 2343 5024 sapientiam,
2389 4966 2442 5010 et
2472 4957 2845 5026 prudentiam,
2877 4971 3001 5026 qua:
3035 4955 3221 5009 omnia
3254 4968 3370 5005 mea
3411 4965 3564 5004 inan-

1998 5046 2123 5099 data
2155 5047 2436 5102 custodire
2465 5047 2619 5101 facit.

2070 5158 2152 5214 Ne
2181 5161 2537 5225 obliviscaris,
2559 5171 2610 5215 et
2641 5177 2704 5215 ne
2728 5160 2944 5214 omittas
2981 5156 3139 5209 rerba
3183 5156 3289 5207 oris
3331 5155 3450 5205 mei.
3485 5149 3564 5206 No

1998 5251 2075 5305 sis
2114 5251 2400 5308 immemor
2430 5263 2485 5307 et
2519 5254 2800 5323 neglector
2827 5249 3092 5303 doctrinae
3124 5263 3275 5299 lllt'iP.

2067 5470 2232 5524 Vens.
2267 5470 2320 5524 6.
2354 5468 2437 5521 Ne
2462 5469 2704 5521 dimittas
2732 5482 2871 5530 eam,
2906 5475 2955 5518 et
2989 5464 3246 5518 custodiet
3276 5473 3341 5515 te.
3377 5461 3454 5517 Ne
3492 5464 3563 5519 ab

1997 5563 2084 5615 illa
2117 5563 2365 5623 recedas,
2391 5569 2445 5614 et
2468 5558 2829 5613 auxiliabitur
2862 5558 2962 5618 tui,
2993 5557 3045 5607 in
3084 5557 3190 5620 luis
3221 5564 3413 5610 contra
3444 5538 3570 5624 ειμι-ἶ

1998 5654 2222 5707 rituales
2256 5652 2441 5708 hostes
2498 5648 2952 5720 p‘rzcliationibus,
