3960 6230
537 328 677 393 1255

532 539 714 586 tntum
738 532 980 587 servabit
1007 531 1076 584 ab
1109 529 1265 583 omni
1305 527 1474 581 malo.

598 700 767 759 Vens.
800 703 855 757 7.
883 701 1224 769 Principium
1283 701 1562 762 sapientia:
1590 695 1871 767 possidere
1887 694 2104 763 sapien-

536 796 683 849 tiam.
723 793 991 863 incipiens
1017 803 1203 847 tenere
1234 792 1558 862 sapientiam
1597 805 1692 859 per
1726 787 1911 851 fulem,
1944 799 2097 838 mea-

536 900 655 938 rum
677 884 947 938 minarum
980 885 1199 947 timore,
1235 883 1330 953 qui
1362 892 1416 936 te
1440 896 1469 936 a
1496 881 1728 935 maculis
1753 885 2103 948 peccatorum

537 975 806 1041 puriﬁcet.
848 974 1041 1030 festina
1069 989 1196 1029 cum
1235 989 1432 1045 magno
1464 972 1671 1037 studio,
1709 981 1879 1024 totam
1923 969 2107 1037 possi-

535 1064 662 1119 dere
696 1065 869 1130 illam,
919 1073 977 1120 et
1027 1080 1273 1121 meorum
1329 1064 1726 1135 promissorum
1762 1075 1857 1130 spe
1907 1070 1964 1114 et
1999 1059 2107 1113 mei

537 1170 746 1209 amore.

611 1244 678 1297 Et
714 1246 764 1298 in
796 1245 941 1297 omni
968 1244 1296 1312 possessione
1328 1250 1419 1296 tua
1479 1239 1696 1310 arquire
1740 1236 2102 1304 prudentiam.

535 1334 602 1387 Et
632 1352 729 1405 per
756 1351 948 1390 omnes
971 1350 1092 1404 qua‘
1118 1349 1255 1403 pene
1277 1341 1330 1386 te
1353 1340 1482 1385 sunt
1536 1330 1829 1399 potentias,
1855 1343 1985 1381 cura
2017 1341 2109 1380 ac-

536 1428 779 1495 quirere,
811 1426 958 1478 illam
1000 1439 1121 1494 qua:
1166 1438 1283 1477 mea
1315 1426 1571 1476 mandata
1613 1417 1898 1474 custodire
1951 1417 2102 1482 facit,

539 1515 913 1581 prudentiam.

578 1594 581 1597 λ
606 1605 774 1660 Vens.
798 1607 851 1661 8.
882 1604 1173 1675 Aggeribus
1191 1601 1461 1657 circumda
1485 1601 1662 1667 illam,
1681 1610 1729 1655 et
1753 1599 2011 1655 exaltabit
2037 1610 2105 1653 te.

537 1697 715 1765 Alliga
749 1695 1075 1764 tibimetipsi
1108 1693 1436 1763 sapientiam
1479 1692 1616 1745 lueis
1649 1691 1945 1753 mandatis,
1981 1697 2107 1743 tan-

1714 374 1719 384 .
1802 364 1805 369 ν
1829 316 2182 379 PROCOPII
2211 317 2479 376 GAZzEI.

604 441 776 510 Ditige
807 438 962 494 illam
986 447 1037 492 et
1072 435 1402 492 conservabit
1444 445 1513 488 te.
1553 433 1731 504 Dilige
1761 433 1937 494 illam,
1969 439 2025 484 et
2051 438 2107 484 te
2134 437 2177 493 Α

3616 319 3727 383 195i)

2295 429 2612 496 Ἐράσθητι
2641 429 2854 495 αὐτῆς,
2899 432 2997 485 καὶ
3037 432 3280 499 τηρήσει
3327 447 3416 485 (τε.
3463 433 3730 503 ’Λγάπησσν

2205 516 2394 588 αὐτὴν,
2426 519 2523 571 καὶ
2574 520 2797 586 φυλάξει
2849 537 2908 572 σε
2943 521 3042 588 τῆς
3062 521 3120 586 ἐξ
3154 523 3321 590 αὐτῆς
3350 520 3545 590 βλάϐης
3575 523 3729 577 ἀνεπι-

2203 605 2297 658 ϐοΰ
2303 607 2357 657 λε
2364 623 2485 658 υτον
2497 650 2502 655 .

2278 694 2342 757 ζ’.
2377 697 2548 765 Ἀρχὴ
2584 698 2826 765 σοφίας,
2876 698 3096 773 κτῆσαι
3138 697 3382 766 σοφίαν.
3427 697 3734 768 ’Λπαρξάμεο

2204 804 2293 850 νος
2315 786 2372 840 δὲ
2403 788 2505 857 τῆς
2565 790 2755 856 σοφίας
2801 789 2891 842 διὰ
2949 790 3208 851 πίστεως.
3248 790 3307 840 ὲν
3337 787 3414 857 τῷ
3457 788 3735 860 καθαρτικῷ

2204 871 2300 925 τοῦ
2331 873 2501 943 ῥύπου
2524 875 2632 927 τῶν
2657 876 3071 947 ἁμαρτημάτων
3100 894 3193 929 σου
3221 876 3368 945 φόϐῳ
3389 877 3499 928 τῶν
3533 878 3735 929 ἀπειλῶν

2209 979 2334 1032 μου,
2369 964 2652 1034 ὲπείχθητι
2702 966 2843 1033 μετᾶ
2903 967 3106 1036 πολλῆς
3162 968 3262 1035 τῆς
3321 968 3573 1037 σπουδῆς,
3629 970 3732 1040 ὅλην

2209 1051 2613 1120 προσλαϐέσθαι
2672 1053 2862 1123 αὐτὴν,
2915 1055 3003 1107 διὰ
3035 1056 3135 1123 τῆς
3163 1056 3272 1107 τῶν
3304 1056 3633 1125 ἐπαγγελιῶν
3656 1076 3737 1127 μου

2208 1140 2441 1205 ἐλπίδος,
2465 1143 2677 1213 καὶτῆς
2707 1146 2842 1215 πρός
2873 1162 2939 1215 με
2967 1147 3208 1217 ἀγάπης.

2277 1232 2383 1285 Kal
2404 1232 2474 1284 ἐν
2489 1232 2658 1301 πάσῃ
2687 1233 2893 1301 κτήσει
2916 1252 3055 1297 σου.
3099 1237 3320 1304 κτῆσαι
3361 1241 3630 1294 σύνεσιν.
3658 1243 3741 1293 Καὶ

2207 1321 2293 1375 διὰ
2348 1323 2537 1377 πασῶν
2583 1319 2657 1377 ὧν
2717 1327 2982 1396 κέκτησαι
3031 1328 3336 1397 δυνάμεων,
3389 1329 3618 1383 σπεῦσον
3640 1333 3740 1383 ἐπι-

2208 1414 2512 1483 κτήσασθαι
2570 1418 2669 1487 τὴν
2732 1417 3019 1489 ποιητικὴν
3064 1421 3174 1472 τῶν
3213 1420 3363 1490 ἐμῶν
3402 1422 3622 1475 ἐντολῶν
3645 1425 3741 1474 σύν-

2208 1521 2347 1559 εσιν.

2278 1595 2348 1665 η’.
2402 1598 2897 1666 Περιχαράκωσον
2984 1601 3210 1668 αὐτὴν,
3259 1603 3354 1656 καὶ
3400 1604 3621 1672 ὑψώσει
3667 1622 3742 1660 σε.

2209 1687 2629 1755 Κατασφάλισαι
2680 1691 2892 1759 σεαυτῷ
2935 1694 3033 1760 τὴν
3061 1694 3273 1762 σοφίαν.
3310 1692 3640 1767 ταῖξῶσπερ
3667 1698 3745 1750 τά-

538 1806 704 1859 quam
731 1789 1021 1859 aggeribus
1052 1787 1392 1843 salutaribus
1430 1784 1695 1839 adversus
1722 1784 1909 1837 hostes
1942 1783 2106 1851 spiri-

2213 1793 2332 1844 φοις
2358 1778 2786 1847 ἁποτρεπτικαίς
2824 1783 2933 1834 τῶν
2964 1782 3427 1838 ἐπιϐουλευόντων
3452 1788 3618 1856 ταύτῃ
3644 1805 3746 1855 νοη-

539 1884 740 1949 tuales,
776 1882 869 1952 qui
904 1881 980 1934 illi
1013 1881 1156 1934 mala
1190 1866 1601 1933 machinantnr.
1623 1883 1678 1930 et
1714 1876 1973 1930 abstralie
2001 1885 2052 1928 te
2075 1890 2103 1928 a

535 1972 917 2042 corporalibus
942 1976 997 2023 et
1028 1967 1261 2023 terrenis
1311 1965 1378 2019 ad
1402 1956 1709 2034 spiritualia
1743 1972 1799 2019 et
1829 1965 2103 2021 caelestia.

605 2150 828 2202 Honora
862 2146 1035 2212 illam,
1068 2155 1125 2199 ut
1161 2156 1210 2200 te
1247 2143 1903 2213 amplectatur.Gloriilca
1948 2144 2099 2198 illam

539 2241 700 2294 bonis
728 2241 991 2309 operibus
1022 2250 1080 2293 ut
1112 2248 1161 2293 te
1190 2246 1365 2293 totum
1392 2239 1695 2301 custodiat,
1717 2238 1956 2292 suadens
1984 2252 2106 2290 cor-

537 2332 657 2398 pori
712 2345 781 2385 ne
817 2332 1081 2384 adversus
1115 2330 1375 2398 spiritum
1414 2330 1636 2390 militet,
1674 2329 1769 2383 sed
1815 2329 1998 2396 potius
2046 2337 2105 2381 ut

536 2422 616 2475 illi
653 2429 979 2493 cooperetur
1017 2423 1070 2476 in
1100 2421 1422 2490 operatione
1448 2420 1718 2474 bonorum
1743 2433 1995 2486 operum.

606 2593 773 2651 Vens.
825 2588 880 2651 9‘.
924 2593 991 2649 Ut
1013 2596 1132 2650 dein
1172 2597 1332 2675 capiti
1373 2604 1461 2649 tuo
1497 2612 1750 2650 coronam
1779 2596 1994 2663 gratiae.
2025 2596 2101 2651 Ut

535 2685 628 2739 det
685 2687 931 2756 spiritui,
962 2690 1054 2757 qui
1091 2700 1219 2743 tuus
1261 2688 1372 2743 dux
1414 2697 1521 2752 est,
1575 2688 1768 2757 gratiis
1816 2688 2103 2741 mandato—

539 2791 658 2829 rum
689 2788 940 2831 ornatam
975 2793 1257 2846 coronam,
1282 2794 1381 2848 pro
1421 2779 1666 2834 victoriis
1700 2779 1755 2833 in
1798 2778 2102 2832 voluntatis

537 2865 873 2935 cupiditates
913 2852 1107 2936 partis.

609 2957 823 3011 Corona
851 2958 1164 3012 deliciarum
1194 2966 1423 3028 proteget
1459 2967 1529 3013 te.
1548 2957 1805 3029 l’rotcget
1824 2967 1875 3012 te
1907 2968 2099 3012 contra

538 3062 629 3101 res
656 3046 828 3102 invito
860 3049 956 3102 tibi
977 3050 1340 3111 venientibus.
1365 3064 1458 3117 spe
1489 3049 1810 3103 deliciarum
1839 3050 2099 3119 spiritua-

540 3136 672 3190 lium
696 3151 797 3206 pro
821 3138 1080 3193 mercede
1109 3138 1167 3193 in
1194 3140 1455 3209 paradiso
1481 3140 1818 3194 oblatarum.

611 3335 783 3394 Vnus.
814 3337 899 3393 10.
922 3338 1088 3401 Audi,
1105 3338 1205 3408 fili,
1222 3347 1270 3393 et
1304 3341 1509 3409 suscipe
1532 3338 1690 3394 verba
1718 3354 1857 3391 mea.
1882 3335 2107 3399 Deinde,

538 3427 614 3483 iiIi
641 3432 712 3483 mi
729 3429 1055 3498 spiritualis,
1085 3429 1239 3484 disce
1260 3444 1323 3484 ea
1354 3445 1475 3499 quae
1504 3437 1558 3484 et
1581 3429 1700 3498 ipse
1722 3444 1751 3481 a
1777 3426 1886 3481 Deo
1915 3426 2108 3491 didici,

536 3530 594 3575 et
624 3521 811 3590 accipe
837 3536 962 3576 cum
993 3520 1186 3575 affectu
1219 3536 1368 3576 meas
1398 3521 1827 3576 exhortationes.

613 3696 682 3747 Et
722 3695 1226 3763 multiplicabuntur
1255 3697 1382 3751 anni
1409 3697 1533 3752 vita
1561 3706 1687 3753 tute.
1728 3696 1793 3751 Et
1840 3704 2110 3767 augentur

539 3786 664 3840 vitae
696 3795 802 3841 tute
842 3788 1148 3857 spiritualis
1184 3805 1481 3845 mensurae.

616 3876 683 3931 Ut
713 3879 807 3931 tibi
835 3879 968 3946 [iant
991 3878 1171 3933 multa:
1196 3881 1290 3933 vim
1325 3880 1465 3933 vita.
1508 3878 1582 3934 Ut
1614 3878 1727 3933 sint
1776 3877 1870 3931 tibi
1924 3877 2109 3931 multae

538 3968 780 4023 tnethodi
817 3970 1231 4039 gubernationis
1260 3971 1593 4039 spiritualis,
1632 3984 1753 4037 qum
1778 3978 1833 4023 te
1866 3984 1963 4038 per
1986 3982 2108 4022 om-

538 4074 642 4113 nes
677 4061 800 4114 vita:
837 4070 1067 4115 eventus
1090 4061 1424 4115 immobilem
1474 4060 1816 4126 custodiant,
1853 4074 1980 4113 cum
2037 4059 2106 4115 ad

538 4153 667 4207 «ταιιί
705 4152 933 4208 delicias
954 4156 1225 4209 ambulas.

611 4242 773 4300 V1518.
813 4244 895 4297 ll.
948 4243 1072 4298 Vias
1098 4246 1238 4299 enim
1260 4245 1535 4314 sapientite
1565 4253 1613 4299 te
1641 4245 1823 4299 doceo.
1840 4243 2106 4299 Mandata

538 4331 659 4397 Dei,
684 4347 805 4401 quae
837 4344 886 4387 te
910 4334 976 4387 ad
1004 4335 1240 4389 salutem
1266 4334 1545 4399 ducentia,
1578 4334 1832 4404 proponit
1853 4333 2110 4403 unigeni-

2210 1868 2320 1920 τῶν
2382 1868 2615 1938 ἐχθρῶν,
2658 1872 2816 1940 ἐμαῖς
2863 1873 3121 1938 ἐντολαῖς,
3170 1877 3263 1929 καὶ
3292 1878 3544 1948 ἀναγάγῃ
3584 1896 3637 1931 σε
3663 1879 3749 1931 ἀπὸ

2210 1958 2319 2010 τῶν
2350 1962 2626 2031 σαρκικῶν
2657 1963 2752 2015 καὶ
2779 1965 2982 2033 γηΐνων
3026 1966 3164 2037 πρὸς
3209 1967 3279 2020 τὰ
3311 1971 3650 2039 πνευματικὰ
3675 1971 3750 2024 καὶ

2211 2049 2458 2121 οὐράνια.

2288 2143 2550 2211 Τίμησον
2571 2146 2786 2213 αὐτὴν,
2808 2148 2908 2201 ἵνα
2929 2164 3002 2205 σε
3031 2151 3340 2220 περιλάϐῃ.
3396 2152 3626 2218 Δόξασον
3673 2153 3752 2206 αὐ-

2211 2233 2309 2304 τὴν
2335 2235 2393 2287 ὲν
2411 2238 2817 2308 ἀγαθοεργίαις,
2846 2241 2933 2294 ἴνα
2953 2259 3011 2294 τε
3026 2243 3144 2296 ὅλον
3171 2259 3229 2298 σε
3249 2248 3510 2317 περισχῇ,
3545 2241 3750 2299 πείσασα

2210 2327 2311 2396 τὴν
2366 2328 2542 2398 σάρκα
2592 2330 2667 2400 τῷ
2741 2331 2823 2383 νοῒ
2893 2333 2969 2401 μὴ
3040 2336 3586 2401 ἁντιστρατεύεσθαι’
3638 2337 3751 2390 ἀλλᾶ

2214 2423 2493 2489 συνεργεῖν
2549 2421 2697 2490 αὐτῷ
2746 2424 2881 2491 πρὶς
2912 2424 3009 2492 τὴν
3054 2425 3162 2477 τῶν
3198 2428 3527 2495 κρειττόνων
3576 2428 3732 2498 ὑπηρε

2214 2527 2356 2564 σιαν.

2282 2599 2349 2651 θ’.
2375 2599 2510 2653 Ἵνα
2550 2599 2635 2665 δῷ
2683 2601 2757 2668 τῇ
2785 2601 2869 2669 σῇ
2910 2605 3147 2672 κεφαλῇ
3172 2606 3484 2674 στέφανον
3506 2608 3749 2676 χαρΙτων.

2211 2691 2320 2745 Καὶ
2348 2692 2606 2763 παράσχῃ
2635 2692 2736 2761 μὲν
2762 2692 2840 2763 τῷ
2868 2695 3099 2766 ,ἡγεμόνι
3132 2712 3224 2748 σου
3250 2696 3331 2748 νοῒ
3359 2698 3752 2767 πεποικιλμένον

2208 2781 2445 2843 ταίςτῶν
2466 2781 2689 2845 ἐντολῶν
2721 2784 2904 2852 χάρισι
2935 2785 3193 2852 στέφανον
3211 2786 3308 2855 τῆς
3332 2788 3480 2841 κατὰ
3504 2787 3607 2840 τῶν
3627 2788 3756 2841 litau-

2209 2871 2337 2924 σίων
2359 2873 2546 2925 παθῶν
2564 2875 2737 2941 νίκης.

2277 2963 2645 3031 Στεφάνῳ.δέ
2680 2968 2912 3035 τρυφῆς
2942 2970 3340 3037 ὑπερασπίσει
3378 2986 3522 3026 σου.
3582 2971 3753 3041 ’Υπερ-

2207 3056 2538 3120 αγωνίσεται
2566 3057 2624 3109 δέ
2654 3074 2748 3109 σου
2779 3060 2872 3110 καὶ
2910 3062 3051 3112 κατὰ
3080 3060 3187 3114 τῶν
3214 3062 3507 3123 ἀκουσίων,
3539 3062 3613 3131 τῷ
3632 3062 3755 3115 ὲλπι·

2214 3144 2424 3217 ζομένῳ
2449 3148 2665 3219 ἐπάθλῳ
2690 3150 2830 3204 κατὰ
2852 3152 2951 3220 τὴν
2980 3155 3356 3224 πνευματικὴν
3384 3155 3449 3207 ὲν
3496 3153 3573 3224 τῷ
3609 3170 3754 3224 παρα-

2211 3235 2372 3306 δείσῳ
2395 3240 2624 3309 τρυφήν.

2287 3333 2336 3380 ι’.
2368 3329 2607 3393 Ἄκουε,
2638 3330 2750 3393 υἱὲ,
2775 3331 2873 3384 καὶ
2899 3330 3065 3395 δέξαι
3089 3332 3272 3401 ἐμοὺς
3305 3335 3559 3399 λόγους.
3586 3332 3756 3387 Λοιπὸν

2216 3420 2476 3489 μάνθανε.
2510 3422 2699 3474 τέκνον
2725 3440 2827 3490 μου
2851 3424 3241 3492 πνευματικὸν,
3265 3426 3300 3477 ἃ.
3328 3425 3428 3478 καὶ
3459 3426 3618 3486 αὐτὸς
3635 3422 3757 3492 παρὰ

2211 3513 2348 3565 Θεοῦ
2411 3514 2711 3584 ἐδιδάχθην,
2765 3516 2860 3568 καὶ
2905 3517 3201 3587 προσδέχου
3236 3518 3379 3570 κατὰ
3426 3517 3660 3573 διάθεσιν
3678 3516 3758 3577 τὰς

2211 3604 2350 3672 ἐμὰς
2372 3608 2751 3673 παραινέσεις.

2280 3695 2388 3746 Kal
2422 3696 2955 3762 πΛηθυνθήσονται
2975 3695 3083 3765 ἐτη
3124 3695 3273 3763 ζωῆς
3308 3713 3451 3753 σου.
3487 3697 3597 3753 Καὶ
3620 3695 3759 3760 αὐξη-

2211 3783 2463 3852 θήσονταί
2495 3802 2588 3837 σου
2614 3785 2679 3838 τὰ
2700 3787 2796 3856 τῆς
2826 3788 3204 3856 πνευματικῆς
3232 3786 3377 3856 ζωῆς
3416 3789 3618 3858 μέτρα.

2281 3875 2419 3931 Ἵνα
2443 3893 2541 3930 σοι
2602 3877 2887 3945 γένωνται
2947 3879 3169 3931 πολλαὶ
3226 3877 3349 3931 ὁδοὶ
3384 3879 3558 3942 βίου.
3600 3878 3758 3935 Ὅπως

2209 3965 2422 4020 ἔσονταί
2455 3985 2537 4021 σοι
2573 3968 2764 4022 πολλαὶ
2804 3969 3018 4038 μέθοδοι
3063 3968 3337 4032 πολιτείας
3391 3968 3758 4039 πνευματικῆς.

2208 4058 2624 4129 ἀμεταστρεπτὶ
2641 4060 2730 4112 διὰ
2744 4060 2961 4112 πάντων
2975 4059 3084 4112 τῶν
3108 4061 3248 4114 κατὰ
3269 4063 3358 4113 τδν
3388 4061 3507 4130 βίον
3526 4077 3760 4126 συναντη-

2213 4146 2419 4215 μάτων,
2450 4148 2586 4217 πρὸς
2614 4148 2710 4217 τὴν
2742 4149 2853 4203 ἄνω
2878 4149 3095 4218 χορείαν
3125 4150 3381 4203 ὁδεύοντι.
3812 4210 3819 4217 _

2282 4244 2373 4292 ια’.
2410 4237 2621 4305 Ὀδοὺς
2670 4240 2778 4309 γὰρ
2825 4242 3044 4309 σοφίας
3078 4240 3359 4297 διδάσκω
3405 4259 3503 4297 σε.
3546 4242 3622 4294 Τὰ
3670 4240 3760 4305 γὰρ

2207 4329 2348 4398 πρὸς
2371 4331 2646 4399 σωτηρίαν
2674 4347 2733 4382 σε
2771 4331 2974 4398 ἄγοντα
3010 4330 3290 4402 θελήματα
3330 4332 3426 4386 τοῦ
3449 4332 3605 4398 Θεοῦ,
3637 4331 3756 4392 ἄτερ

535 4427 633 4476 tus
665 4422 786 4492 ejus
818 4421 990 4477 Filius
1023 4433 1078 4477 et
1108 4421 1371 4482 Verbum.
1397 4423 1546 4477 illius
1574 4438 1672 4493 per
1703 4438 1764 4477 se
1799 4423 2106 4479 subsistens

2210 4419 2547 4489 διεξέρχεται
2609 4421 2640 4474 ό
2697 4422 2990 4492 μονογενὴς
3016 4422 3205 4476 τούτου
3247 4424 3373 4486 Υἱὸς
3413 4426 3510 4477 καὶ
3534 4422 3754 4489 Δόγος,ή

538 4514 784 4581 potentia
813 4522 866 4567 et
888 4512 1178 4581 sapientia,
1212 4529 1279 4569 eo
1311 4511 1601 4569 manifeste
1649 4511 1979 4581 adaperiens
2012 4529 2106 4584 per

2214 4509 2573 4571 ὲνυπόστατος
2596 4511 2761 4564 αὐτοῦ
2790 4512 3018 4581 δύναμις
3051 4513 3148 4566 καὶ
3188 4513 3369 4583 σοφία,
3427 4514 3757 4567 ὲκκαλὺπτων

544 4601 715 4670 legem
748 4605 1051 4659 naturalem
1076 4611 1134 4658 et
1163 4604 1453 4673 scriptam,
1472 4611 1528 4659 te
1557 4602 1811 4658 tbeorice
1841 4602 2038 4658 doceo.

618 4774 906 4834 Introduro
935 4788 983 4832 te
1016 4779 1218 4834 semitis
1246 4782 1428 4835 rectis.
1454 4779 1745 4836 lntroduco
1775 4788 1827 4835 te
1864 4780 1919 4834 in
1953 4783 2111 4851 praxi

539 4869 599 4927 in
636 4871 756 4926 vias
790 4871 1078 4934 virtutum,
1104 4886 1226 4940 quae
1253 4871 1320 4925 ad
1352 4887 1570 4928 omnem
1598 4872 1864 4927 malitiam
1891 4886 1998 4926 non
2027 4872 2112 4927 in-

539 4965 843 5017 clinentur.
898 4987 903 4993 -

616 5053 780 5109 Vens.
813 5054 896 5108 1‘2.
929 5050 1078 5119 Quas
1120 5067 1238 5105 cum
1285 5051 1551 5121 ingressus
1582 5053 1766 5119 fueris,
1800 5069 1902 5105 non
1933 5062 2109 5106 arcta-

538 5144 741 5199 buntur
767 5160 979 5214 gressus
1013 5143 1113 5196 tui.
1154 5142 1210 5197 Si
1255 5143 1343 5196 Dei
1388 5142 1693 5194 voluntates
1717 5144 1853 5197 scite
1880 5160 2109 5209 percur-

541 5239 707 5298 reris,
738 5236 975 5290 termino
1029 5250 1135 5289 non
1172 5235 1536 5290 aretabuntur
1577 5242 1683 5288 tuae
1725 5236 2107 5306 cogitationes,

536 5330 728 5382 divina
757 5326 1127 5382 immensitate
1154 5337 1413 5382 extensae.

614 5415 684 5470 Et
724 5432 939 5471 currens
971 5433 1072 5469 non
1097 5417 1311 5471 habebis
1342 5417 1741 5486 o/I‘endirulum.
1768 5415 1825 5472 Si
1863 5432 1994 5472 vero
2015 5433 2111 5472 eas

541 5509 600 5563 in
636 5510 791 5574 praxi
817 5524 942 5563 cum
972 5511 1093 5563 zelo
1119 5510 1474 5573 custodieris,
1504 5510 1620 5564 leve
1656 5509 1763 5564 erit
1783 5509 1976 5579 jugum
2015 5526 2028 5561 :
2059 5519 2113 5562 et

542 5599 704 5654 dulce
722 5597 999 5652 videbitur
1016 5598 1327 5653 divinorum
1352 5599 1732 5654 mandatorum
1755 5597 1972 5669 pondus
1990 5598 2111 5661 tibi,

546 5689 643 5757 qui
667 5688 973 5743 sublevaris
1015 5705 1111 5758 spe
1149 5691 1416 5745 bonorum
1441 5690 1666 5745 virtutis
1712 5689 2000 5744 laboribus
2026 5702 2114 5742 re-

549 5791 892 5836 servatorum
902 5823 912 5837 .

2215 4599 2638 4668 ἀπαραλείπτως
2692 4601 2829 4654 αὐτὰ
2876 4602 2964 4657 διά
3006 4621 3066 4655 τε
3114 4603 3207 4656 τοῦ
3239 4605 3471 4672 φυσικοῦ
3502 4605 3659 4673 νόμου
3679 4603 3756 4656 καὶ

2212 4688 2306 4741 τοῦ
2334 4690 2601 4759 γραπτοῦ,
2637 4690 2971 4746 ὑποδεικνύω
3003 4710 3086 4745 σοι
3117 4694 3257 4745 κατὰ
3281 4692 3536 4763 θεωρίαν.

2284 4778 2598 4849 Ἐμσιόάζω
2617 4781 2684 4835 δέ
2728 4798 2804 4841 σε
2842 4782 3109 4853 τροχιαῖς
3138 4784 3359 4851 ὀρθαῖς.
3407 4785 3613 4852 Ἐνάγω
3633 4781 3683 4833 δέ
3706 4795 3753 4831 σε

2216 4870 2355 4923 κατὰ
2385 4870 2583 4941 πρᾶξιν
2639 4872 2719 4935 είς
2749 4872 2875 4935 τοὺς
2902 4874 3037 4943 πρὸς
3074 4874 3256 4939 πάσας
3303 4874 3497 4938 κακίας
3534 4875 3754 4939 ἀπαρεγ-

2215 4960 2429 5022 κλίτους
2466 4960 2702 5031 δρόμους
2732 4962 2843 5016 τῶν
2873 4963 3103 5033 ἀρετῶν.

2286 5051 2374 5121 ιβ’.
2412 5053 2552 5106 Ἐὰν
2580 5054 2689 5124 γὰρ
2716 5056 2961 5123 πορεύῃ,
2995 5058 3067 5109 οὐ
3104 5058 3644 5127 συγκλεισθήσσται
3692 5052 3753 5107 τὰ

2212 5141 2545 5212 διαδήματά
2591 5146 2837 5199 σου.Τὰ
2889 5147 2997 5219 γὰρ
3045 5146 3166 5200 θεῖα
3225 5148 3525 5218 θελήματα,
3574 5149 3618 5199 εἰ
3665 5143 3750 5211 μὲν

2215 5235 2355 5288 κατὰ
2396 5234 2628 5306 θεωρίαν
2664 5236 2875 5308 διέρχῃ,
2946 5237 3120 5309 πέρας
3184 5239 3287 5291 οὐκ
3337 5239 3515 5309 ἔχουσί
3561 5254 3647 5291 σου
3694 5234 3748 5285 τὰ

2168 5384 2179 5399 Ι
2213 5326 2570 5397 διανοήματα,
2623 5331 2689 5399 τῇ
2743 5328 2864 5400 θεία
2908 5331 3132 5401 ἀπειρίᾳ
3183 5329 3744 5406 συμπαρεκτεινόμενα.

2297 5419 2439 5473 Ἐὰν
2465 5419 2533 5471 δὲ
2555 5419 2791 5488 τρέχῃς,
2822 5423 2893 5474 οὐ
2936 5421 3255 5488 κοπιὰσῃς.
3289 5423 3350 5475 El
3375 5423 3431 5476 δὲ
3468 5422 3600 5475 κατά
3629 5415 3746 5487 πρᾶ-

2215 5509 2295 5574 ξιν
2329 5510 2623 5580 προθύμως
2669 5511 2939 5582 διεξέρχῃ,
2971 5513 3204 5583 χρηστὸς
3233 5516 3262 5566 ό
3285 5514 3443 5581 ζυγός
3463 5528 3478 5542 ⁸
3532 5511 3618 5564 καὶ
3642 5509 3745 5557 ἐλα-

2215 5600 2350 5669 φρὸν
2378 5602 2438 5653 τὸ
2469 5601 2683 5672 φορτίον
2714 5603 2822 5655 τῶν
2869 5603 3031 5656 θείων
3087 5604 3315 5655 ἐντολῶν
3346 5621 3427 5656 σοι
3454 5603 3741 5671 φανήσεταιι

2216 5691 2592 5769 κουφιζομένῳ
2620 5695 2684 5762 τῇ
2711 5694 2887 5748 ἐλπίδι
2939 5695 3047 5747 τῶν
3074 5694 3377 5765 μελλόντων
3421 5689 3629 5762 ἀγαθῶν
3664 5680 3739 5737 τοῦ

2216 5783 2376 5834 πόνου
2410 5782 2508 5849 τῆς
2528 5784 2749 5852 ἀρετῆς.
