3960 6230
352 336 485 404 1257

1360 342 1894 405 COMMENTARII
1930 340 2015 405 IN
2046 345 2504 410 PROVERBIA.

3457 362 3593 425 1258

417 458 506 521 ιγ’.
542 452 866 507 Ἐπίλασοῦ
922 453 1072 535 ἐμῆς
1102 452 1396 520 παιδείας,
1419 455 1506 525 μὴ
1539 455 1724 526 ἀφῇς,
1758 458 1893 514 ἀιλλι

2084 458 2251 517 Vens.
2290 462 2376 516 15.
2414 462 2550 519 Tene
2606 463 2970 535 disciplinam,
3017 483 3080 523 ne
3130 468 3370 527 dimittas
3428 492 3589 541 eam;

340 544 620 614 φύλαξον
651 545 852 612 αὐτὴν
879 545 1112 611 σεαυτῷ
1140 548 1226 611 εἰς
1256 545 1408 616 ζωήν
1439 562 1577 603 σου.
1610 547 1701 601 Διὸ
1742 564 1916 619 προσ-

341 636 504 691 λαϐοῦ
533 637 675 690 κατὰ
729 625 975 689 ’διάθεσιν
1018 635 1117 709 τὴν
1150 636 1291 708 ἐμὴν
1334 639 1679 709 παραίνεσιν,
1709 641 1804 694 καὶ
1838 638 1914 710 μὴ

339 728 696 800 καταλείψῃς,
724 727 860 781 ἀλλὰ
888 728 1127 799 τήρησον
1153 728 1358 799 ταύτην
1394 728 1543 801 παρὰ
1575 730 1786 800 σεαυτῷ
1820 729 1915 783 ἀν-

340 821 632 890 επίληστον
662 835 675 849 ⁸
705 816 853 873 ὥστε
886 817 984 890 ζῇν
1016 819 1197 884 καθὼς
1226 820 1364 892 αῦτη
1401 839 1484 875 σοι
1510 821 1818 892 ὑποτίθησι.

408 913 489 966 ιδ’.
528 908 740 978 ὀδοὺς
771 911 1007 967 ἀσεϐῶν
1032 913 1119 983 μὴ
1149 913 1442 983 ἐπέλθης,
1463 914 1620 983 μηδὲ
1642 911 1914 983 ζηλώσῃς

336 1004 517 1071 ὀδοὺς
558 1008 939 1075 παρανόμων.
989 1006 1115 1069 Τοῖς
1164 1006 1335 1076 ἴχνεσι
1370 1005 1495 1075 τῶνν
1539 1004 1911 1059 ἀπιστούντων

336 1095 476 1163 Θεῷ,
513 1095 588 1166 μὴ
619 1094 906 1165 τιμώντων
935 1096 1002 1149 δι’
1028 1096 1248 1165 ἀγαθῶν
1279 1095 1456 1166 ἔργων
1474 1094 1657 1160 αὐτὸν,
1683 1095 1759 1165 μὴ
1777 1096 1912 1150 ἀκο-

330 1186 626 1258 λουθήσῃς,
666 1188 805 1258 μήτε
846 1188 1063 1261 μιμήσῃ
1083 1188 1150 1241 τὰ
1173 1187 1435 1258 ἐργατῶν
1463 1185 1909 1257 παραϐαινόντων

331 1279 427 1341 τὰς
462 1278 627 1333 αὐτοῦ
663 1279 906 1342 ἐντολάς.

401 1377 483 1425 ιε’,
526 1370 629 1424 Ἕν
676 1363 725 1436 ᾦ
775 1370 827 1421 δ’
867 1369 944 1424 ἂν
980 1371 1147 1435 τόπῳ
1181 1369 1778 1439 στρατοπεδεύσωσι,
1818 1370 1905 1440 μὴ

206 1513 214 1522 ,
327 1463 591 1531 easdem
616 1461 772 1515 ἐκεῖ·
806 1462 1092 1517 ἐκκλινον
1109 1463 1160 1517 δ’
1188 1463 1290 1520 ἀπ’
1315 1463 1533 1530 αὐτῶν,
1564 1464 1663 1518 καὶ
1681 1462 1907 1533 παράλ-

325 1557 541 1619 λαξον.
606 1553 776 1609 Ἔνθα
819 1555 864 1609 δ’
899 1557 964 1610 ἂν
1006 1549 1153 1610 οὗτοι
1193 1556 1329 1627 πρὸς
1361 1556 1567 1627 βλάϐην
1601 1556 1907 1628 ἀνθρώπων

325 1647 711 1719 ἁθροισθῶσιν,
738 1647 901 1713 αὐτὸς
933 1649 1009 1719 μὴ
1043 1649 1286 1722 ἀπέλθῃς
1308 1664 1322 1678 ·
1360 1649 1580 1722 μακρὰν
1613 1649 1671 1703 δὲ
1699 1651 1905 1704 τούτων

326 1743 402 1805 ὡς
418 1740 686 1811 μισοθέων
700 1740 818 1812 ἅμα
846 1742 941 1795 καὶ
971 1740 1167 1811 μισανθ
1177 1740 1377 1808 ρώπων
1398 1741 1559 1810 γενοῦ
1579 1757 1593 1771 ο
1624 1742 1717 1796 καὶ
1738 1740 1904 1814 ἄλλην

2023 556 2114 606 sed
2148 556 2359 608 custodi
2408 555 2561 609 illam
2589 556 2897 623 tibimetipsi
2923 560 2978 614 in
3005 562 3165 617 citant
3194 573 3361 619 tuam.
3383 566 3593 626 Idcirco

2023 644 2213 714 accipe
2248 660 2371 700 cum
2396 646 2593 703 affectu
2616 664 2794 703 meam
2823 650 3216 719 hortationem,
3240 668 3293 713 et
3321 674 3388 714 ne
3414 661 3595 715 dimit-

2024 738 2129 797 tas,
2151 735 2245 788 sed
2276 750 2398 790 eam
2427 737 2569 806 apud
2622 747 2673 792 te
2699 740 3077 797 absconditam
3108 748 3347 816 custodi,
3387 756 3444 804 ut
3476 750 3594 827 ipsa

2021 832 2075 876 te
2104 822 2299 879 doceat
2330 827 2606 897 quomodo
2639 830 2828 903 vivere
2858 843 3133 904 oporteat.
3502 822 3509 827 Γ
3588 851 3590 853 ’

2092 912 2258 971 Vens.
2284 916 2370 972 14.
2406 917 2489 973 Ne
2513 921 2786 993 delecteris
2824 927 2879 980 in
2937 930 3136 982 semitis
3169 930 3470 1000 impiorum,
3500 954 3602 992 nec

2020 1002 2115 1057 tibi
2141 1005 2350 1074 placeat
2383 1010 2648 1067 malorum
2665 1014 2768 1069 via.
2790 1014 2868 1070 Ne
2897 1017 2952 1072 in
2980 1020 3085 1077 viis
3116 1021 3396 1079 hominum
3420 1029 3512 1098 qui
3540 1029 3594 1085 in

2018 1090 2128 1150 Deo
2157 1111 2268 1151 non
2291 1099 2548 1167 credunt,
2586 1119 2687 1158 nec
2724 1104 2877 1160 illum
2910 1106 3074 1164 bonis
3098 1114 3359 1182 operibus
3383 1090 3593 1182 colunt,

2016 1183 2348 1255 ingrediaris
2385 1206 2401 1257 ;
2440 1198 2498 1246 et
2536 1206 2605 1248 ne
2655 1193 2893 1252 imiteris
2924 1213 3113 1268 opera,
3174 1203 3298 1273 ejus
3335 1210 3594 1266 mandata
3643 1201 3647 1204 ’

2014 1275 2365 1333 violantium.

2082 1364 2249 1422 Vens.
2284 1368 2373 1425 15.
2397 1368 2465 1425 In
2495 1372 2629 1439 loco,
2660 1392 2761 1446 quo
2791 1381 3055 1448 steterint,
3091 1399 3156 1438 ne
3187 1401 3275 1440 eas
3316 1389 3371 1443 in
3425 1407 3543 1446 eum
3572 1408 3593 1447 .'

2011 1456 2221 1513 declina
2256 1460 2321 1516 ab
2354 1463 2451 1531 eis,
2481 1474 2526 1519 et
2561 1467 2705 1537 fuge.
2742 1470 2800 1524 in
2825 1487 2949 1526 eum
2980 1473 3188 1543 locum,
3248 1479 3304 1533 in
3347 1496 3455 1551 quo
3513 1484 3593 1541 illi

2011 1550 2079 1605 ad
2105 1552 2391 1609 hominum
2422 1557 2721 1625 perniciem
2753 1576 2814 1617 se
2846 1563 3196 1635 collegerint,
3224 1584 3293 1624 ne
3317 1550 3593 1641 ingredia-

2012 1642 2094 1699 ris
2132 1646 2336 1717 :longe
2369 1648 2439 1704 ab
2480 1648 2612 1716 illis,
2672 1662 2730 1708 ut
2780 1652 2897 1710 Deo
2943 1656 3217 1729 simulque
3272 1662 3590 1725 hominibus

2013 1734 2275 1801 inimicis,
2298 1738 2426 1810 fuge
2460 1758 2475 1795 :
2506 1749 2561 1796 et
2588 1742 2754 1799 aliam
2780 1746 2848 1802 ab
2870 1747 2952 1804 eis
2974 1764 3176 1824 perage
3202 1753 3391 1823 vitam,
3419 1755 3588 1815 Deum

327 1833 469 1904 ἥπερ
497 1824 643 1886 οὗτοι
673 1831 872 1902 βίωσον
907 1830 1113 1903 βιοτὴν,
1145 1830 1392 1903 φιλόθεον
1417 1832 1555 1904 ὁμοῦ
1586 1831 1681 1887 καὶ
1718 1832 1893 1903 φιλάν-

2018 1832 2061 1882 et
2096 1825 2350 1885 homines
2372 1831 2538 1887 simul
2567 1833 2828 1907 diligens.

327 1922 356 1976 0
363 1939 567 1995 ρωπον.
662 1950 669 1957 ο

397 2015 496 2080 ις’.
531 2015 615 2069 Οὐ
640 2012 753 2085 γὰρ
778 2013 865 2084 μὴ
894 2013 1284 2083 ὑπνώσωσιν,
1311 2016 1422 2073 ἐὰν
1446 2016 1535 2087 μὴ
1582 2017 1908 2087 κακοποιῆ-

321 2110 519 2159 σωσιν
546 2121 560 2136 ’
600 2105 901 2175 ἀφῄρηται
949 2108 983 2159 ὁ
1021 2105 1215 2181 ὕπνος
1252 2106 1353 2162 ἀπ’
1399 2105 1630 2174 αὐτῶν,
1687 2108 1788 2163 καί
1831 2110 1904 2165 οὐ

323 2188 660 2266 κοιμῶνται.
695 2199 768 2251 Οὐ
805 2198 913 2269 γὰρ
952 2196 1121 2252 ὕπνου
1151 2190 1301 2252 οὗτοι
1335 2199 1671 2270 μετάσχωσι,
1705 2201 1904 2271 μέχρις

323 2287 388 2342 ἄν
418 2305 538 2342 τινα
592 2287 792 2358 βλάψαι
824 2287 1120 2358 ἰσχύσωσι·
1164 2288 1297 2342 διότι
1328 2289 1662 2360 περιῄρηται
1694 2290 1760 2343 ὲκ
1786 2290 1904 2345 τού-

320 2394 429 2431 των
454 2381 483 2436 ὀ
517 2377 705 2443 ὕπνος,
742 2378 839 2432 καὶ
870 2380 970 2449 οὐχ
1021 2378 1383 2443 ὑπνώττουσι,
1422 2380 1489 2450 τῇ
1531 2379 1666 2449 πρὸς
1695 2379 1902 2452 βλάϐην

318 2470 421 2523 τοῦ
448 2469 616 2534 πέλας
650 2470 888 2542 μερίμνῃ
920 2469 1409 2544 άπαγρυπνοῦντες
1436 2469 1720 2541 διηνεκῶς.

394 2560 481 2627 ιζ’.
515 2562 651 2616 Οἵδε
682 2561 790 2633 γὰρ
807 2561 1124 2617 σιτοῦνται
1151 2561 1290 2616 σῖτα
1315 2562 1615 2629 ἀσεϐείας,
1668 2562 1811 2631 οἴνῳ
1831 2563 1900 2618 δὲ

316 2655 643 2724 παρανόμῳ
705 2655 1137 2725 μεθύσκονται.
1197 2648 1356 2709 Οὗτοι
1400 2653 1508 2724 γὰρ
1557 2652 1738 2726 ἔργοις
1798 2656 1900 2727 μὲν

315 2747 542 2819 ἀτιμίας
568 2748 881 2820 τρέφονται,
911 2746 1123 2811 τούτοις
1142 2747 1279 2819 πρὸς
1309 2748 1507 2803 κακίαν
1537 2748 1859 2815 αὐξάνοντες
1878 2765 1895 2783 ο

316 2834 615 2907 παραλόγῳ
660 2834 716 2889 δὲ
774 2834 976 2904 σαρκὸς
1021 2836 1367 2906 φρονήματι,
1436 2835 1512 2901 ὥς
1582 2855 1690 2893 τινι
1743 2837 1893 2909 οἴνῳ,

313 2925 625 2992 ἐξίστανται
675 2925 771 2980 τοῦ
859 2925 1125 2992 σώζοντος
1190 2927 1571 3001 καθεστηκότα
1617 2930 1711 2986 τὸν
1769 2930 1894 2986 νοῦν

314 3015 685 3088 πνευματικοῦ
707 3019 1076 3090 φρονήματος.

390 3116 479 3178 ιη’.
508 3112 572 3165 Ai
595 3109 662 3163 δὲ
702 3109 827 3165 ὁδοὶ
862 3108 983 3165 τῶν
1021 3109 1271 3167 δικαίων
1308 3113 1523 3183 ὁμοίως
1570 3114 1714 3185 φωτὶ
1743 3113 1893 3185 λάμ-

310 3216 502 3255 πουσι
522 3217 534 3231 ·
566 3202 1035 3272 προπορεύονται
1056 3203 1155 3257 καί
1174 3204 1541 3273 φωτίζουσιν
1554 3205 1663 3272 ἕως
1679 3222 1892 3275 κατορ-

311 3290 494 3346 θώσει
521 3292 559 3360 ἠ
621 3292 832 3362 ἡμέρα.
857 3292 939 3346 Τά
980 3292 1037 3346 δὲ
1071 3293 1211 3363 ἔργα
1259 3293 1369 3350 τῶν
1393 3295 1535 3351 κατὰ
1562 3295 1690 3358 τοὺς
1715 3293 1893 3359 θείους

309 3381 509 3452 νόμους
525 3381 976 3453 πολιτευομένων,
1006 3383 1103 3447 τὰς
1130 3384 1240 3438 τῶν
1258 3385 1588 3463 ἀφορώντων
1614 3387 1694 3449 είς
1720 3385 1893 3440 ταῦτα

308 3473 490 3543 ψυχὰς
517 3474 948 3543 καταυγάζουσι,
978 3474 1383 3546 παραπλησίως
1415 3478 1528 3540 τοῖς
1560 3476 1748 3547 ἔργοις
1794 3475 1890 3530 τοῦ

308 3560 413 3631 τῆς
437 3561 781 3634 δικαιοσύνης
811 3562 964 3634 ἡλίου
990 3578 1004 3593 ο
1039 3564 1414 3634 προηγοῦνται
1446 3564 1503 3616 δὲ
1540 3563 1767 3629 τούτων,
1797 3566 1890 3645 καὶ

309 3653 647 3724 πυρσεύουσι
675 3653 917 3720 ταύταις,
958 3654 1153 3725 μέχρις
1181 3653 1247 3710 ἂν
1279 3654 1441 3719 αὐτὸς
1486 3655 1514 3707 ό
1543 3654 1644 3725 τῆς
1682 3646 1891 3711 suam.

311 3744 479 3816 σύνης
515 3745 701 3810 Ἥλιος
729 3745 973 3818 φαιδρῶς
1007 3746 1095 3799 ἐπ’
1124 3746 1311 3810 αὑταῖς
1337 3742 1639 3819 διαλάμψῃ.

385 3836 470 3890 ιθ’.
490 3840 559 3892 Ai
588 3836 819 3908 δὲρδοὶ
860 3837 980 3891 τῶν
1011 3836 1267 3911 ἀσεϐῶν,
1301 3841 1610 3894 σκοτειναί
1628 3853 1641 3866 ⁸
1668 3840 1779 3893 οὐκ
1808 3841 1893 3893 οἵ-

308 3927 453 3982 δασι
475 3926 598 3995 πῶς
632 3931 1103 3998 προσκόπτουσι.
1131 3927 1214 3981 Τά
1251 3928 1309 3983 δὲ
1344 3927 1481 3999 ἔργα
1516 3928 1889 3984 ἀπιστούντων

309 4018 448 4088 Θεῷ,
480 4020 573 4074 καὶ
606 4020 680 4092 μὴ
706 4021 773 4075 δι’
799 4020 1167 4092 άγαθοεργίας
1208 4017 1492 4090 τιμώντων
1533 4020 1720 4088 αὐτὸν,
1759 4023 1887 4075 σκό-

308 4129 399 4176 τος
446 4112 665 4182 ἀγνοίας
705 4113 1090 4184 ὑπάρχουσιν·
1152 4112 1343 4184 ἐπειδὴ
1409 4104 1556 4166 οὗτοι
1601 4114 1887 4184 ἀγνοοῦσιν

308 4205 457 4266 ὅπως
482 4204 558 4275 τῷ
591 4204 782 4274 ἁγαθῷ
812 4204 1267 4275 προσπταίουσιν.

382 4300 451 4348 κ’.
493 4294 609 4360 Υἱὲ,
647 4294 762 4364 ἐμῇ
803 4295 984 4363 ρήσει
1039 4299 1322 4368 πρόσεχε.
1363 4297 1551 4352 Ἔνθεν
1582 4316 1662 4353 τοι
1694 4299 1885 4355 τέκνον

310 4385 698 4455 πνευματικὸν,
739 4388 806 4458 τῇ
855 4388 963 4458 ἐμῇ
1020 4387 1344 4461 διδασκαλίᾳ
1402 4390 1501 4462 τῆς
1559 4379 1740 4464 ψυχῆς
1787 4410 1881 4446 σου

2079 2004 2244 2062 Vens.
2267 2007 2354 2064 16.
2389 2007 2513 2066 Non
2532 2013 2672 2069 enim
2709 2013 3004 2083 dormiunt,
3036 2021 3146 2076 nisi
3173 2024 3310 2079 male
3338 2026 3586 2097 fecerint,

2004 2106 2055 2152 et
2079 2100 2283 2168 rapitur
2297 2118 2515 2159 somnus
2529 2105 2595 2158 ab
2618 2106 2695 2162 eis
2727 2117 2778 2162 et
2795 2125 2900 2164 non
2919 2112 3218 2181 quiescunt.
3244 2116 3453 2174 Somno
3475 2137 3585 2178 non

2006 2189 2358 2261 participant,
2392 2193 2501 2250 nisi
2535 2196 2700 2253 alicui
2734 2200 2938 2256 malum
2965 2200 3199 2260 fecerint
3229 2225 3242 2261 :
3268 2210 3483 2279 rapitur
3514 2212 3585 2267 ab

2004 2278 2085 2336 eis
2106 2295 2355 2349 somnus,
2376 2292 2431 2340 et
2462 2302 2570 2343 non
2603 2290 2898 2360 quiescunt
2931 2307 3175 2365 semper,
3206 2278 3585 2359 sollicitudine

2002 2372 2263 2442 perniciei
2294 2380 2554 2448 proximi,
2587 2397 2619 2437 a
2647 2398 2844 2441 somno
2883 2389 3102 2443 remoti.
3535 2374 3542 2386 ’

2072 2554 2236 2615 Vens.
2257 2559 2341 2614 17.
2371 2560 2661 2619 Comedunt
2675 2583 2865 2633 panem
2898 2569 3271 2640 impietatis,et
3296 2574 3482 2631 bibunt
3504 2580 3583 2632 υἱ·-

1999 2648 2559 2719 numiniquitatis.llli
2601 2658 2869 2725 operibus
2915 2660 3215 2730 impietatis
3258 2675 3578 2736 vescuntur,

1998 2750 2095 2806 per
2114 2751 2178 2793 ea
2192 2739 2260 2794 ad
2283 2743 2547 2798 malitiam
2564 2757 2879 2805 crescentes
2902 2769 2914 2805 :
2940 2746 3131 2823 iniquo
3153 2756 3339 2812 carnis
3361 2757 3582 2814 deside-

1996 2826 2101 2894 rio,
2126 2837 2382 2901 tanquam
2399 2835 2636 2904 quodam
2657 2839 2804 2904 vino,
2829 2856 2951 2897 sese
2968 2855 3246 2901 removent
3260 2862 3290 2901 a
3309 2846 3583 2918 spirituali

1994 2916 2288 2990 desiderio,
2320 2926 2465 2996 quod
2497 2928 2666 2984 animi
2704 2933 3166 3004 moderationem,
3197 2916 3375 2995 alleri.

2072 3093 2239 3190 Vens.
2272 3099 2358 3157 18.
2400 3099 2511 3159 Viae
2531 3104 2809 3175 justorum
2835 3109 3036 3168 lumine
3068 3116 3344 3183 splendent
3396 3135 3415 3174 :
3449 3138 3578 3190 pro-
3682 3152 3691 3161 ο

2001 3184 2214 3256 cedunt,
2247 3197 2299 3244 et
2330 3190 2506 3247 lucent
2528 3196 2703 3264 quoad
2742 3210 2999 3271 exsurgat
3029 3202 3165 3261 dies.
3200 3206 3377 3279 Opera
3429 3184 3576 3266 enim

2001 3278 2222 3335 illorum
2272 3283 2369 3353 qui
2414 3287 2851 3346 secundum‘Dei
2904 3294 3055 3364 leges
3093 3312 3156 3363 se
3188 3278 3406 3370 gerunt,
3440 3304 3573 3358 illu-

2000 3374 2212 3427 minant
2282 3375 2497 3432 animas
2574 3379 2629 3460 in
2685 3395 2751 3436 ea
2802 3385 3242 3455 reSpicientium,
3314 3398 3572 3463 tanquam

1999 3463 2132 3519 solis
2158 3463 2388 3532 iustitiae
2420 3469 2683 3538 operibus
2716 3488 2730 3525 :
2757 3475 3097 3543 praecedunt,
3126 3486 3182 3533 et
3213 3480 3354 3536 viam
3383 3491 3573 3539 ostenc

1999 3553 2135 3645 dunt
2158 3556 2284 3625 illis,
2311 3560 2664 3631 quoadusque
2719 3564 2839 3635 ipse
2858 3565 3086 3636 justitia:
3116 3571 3199 3625 sol
3220 3586 3347 3628 cum
3384 3575 3571 3645 splen-

1998 3642 2130 3702 dbre
2160 3647 2440 3708 illucescat
2474 3667 2641 3724 super
2671 3653 2775 3711 bas
2807 3659 3042 3714 animas.

2069 3846 2232 3905 Vens.
2258 3851 2346 3913 1,9.
2390 3853 2487 3909 Via
2506 3856 2792 3926 impiorum
2824 3860 3100 3916 tenebrosa
3127 3877 3147 3916 :
3173 3862 3414 3918 nesciunt
3439 3881 3568 3935 quo-

1998 3937 2151 3994 modo
2189 3944 2505 4001 corruerint.
2538 3946 2715 4018 Opera
2742 3957 2926 4006 autem
2955 3952 3010 4006 in
3054 3951 3165 4008 Deo
3198 3969 3307 4010 non
3342 3944 3575 4012 credenv‘

1997 4031 2152 4099 tium,
2183 4042 2240 4088 et
2278 4035 2430 4091 illum
2487 4052 2582 4108 per
2615 4040 2757 4097 bona
2808 4057 2975 4113 Opera
3018 4058 3128 4100 non
3177 4044 3567 4104 honorantium

1994 4121 2319 4193 ignorantiae
2362 4128 2598 4185 tenebris
2650 4132 3101 4202 possidebunlur,
3140 4150 3265 4190 cum
3313 4139 3568 4195 nesciunt

1992 4209 2267 4278 quomodo
2294 4226 2325 4267 e
2360 4211 2507 4268 bono
2535 4220 2868 4276 corruerint.

2063 4299 2232 4358 Vens.
2269 4303 2359 4359 20.
2396 4304 2526 4373 Fili,
2567 4310 2817 4365 ausculta
2844 4329 3111 4370 sermones
3134 4332 3295 4374 meos.
3326 4318 3393 4372 Et
3418 4320 3563 4386 inde,

1993 4404 2113 4446 mea
2142 4391 2393 4457 doctrina
2423 4394 2588 4467 imple
2609 4400 2804 4455 anima:
2835 4408 2941 4458 tua:
2982 4412 3192 4474 partem
3222 4407 3565 4464 intellectuav

310 4474 644 4545 θεωρητικὸν
688 4477 1008 4548 ἀπασχόλει,
1069 4480 1346 4535 κατανοῶν
1390 4482 1703 4550 γνωστικῶς
1740 4483 1884 4556 ειπερ

2018 4483 2451 4557 em,inte|ligens
2476 4487 2616 4544 scite
2647 4505 2710 4545 ea
2744 4508 2864 4562 quae
2896 4494 2994 4550 tibi
3026 4496 3093 4552 ab
3122 4497 3212 4552 illa
3244 4514 3564 4571 proponun-

306 4565 446 4638 αῦτη
480 4583 563 4619 σοι
592 4566 906 4638 ὑποτίθησι.

383 4658 514 4725 Ίοῖς
534 4658 601 4713 δὲ
638 4658 831 4728 ἐμοῖς
864 4660 1068 4730 λόγοις
1115 4661 1423 4729 παράϐαλε
1455 4662 1573 4715 σὸν
1593 4659 1720 4730 οὖς.
1752 4664 1883 4729 Ταῖς

301 4747 348 4800 δ’
387 4751 549 4819 ἐμαῖς
613 4749 919 4819 ὑποθήκαις
979 4750 1267 4823 παρατίθει
1319 4754 1378 4805 τὸ
1417 4752 1695 4817 ὲπιπειθὲς
1743 4753 1885 4823 λόγῳ

303 4839 700 4912 ἐπιθυμητικόν
734 4858 827 4895 σου
890 4843 987 4897 καὶ
1036 4843 1289 4914 θυμικὸν,
1350 4844 1640 4898 ὑπακούων
1693 4846 1884 4910 αὑταῖς

302 4932 601 5003 ὀρεκτικῶς
625 4935 766 4988 κατὰ
797 4934 1015 5001 πρᾶξιν.

373 5026 477 5076 κα’.
505 5022 695 5088 Ὅπως
741 5023 829 5093 μὴ
857 5023 1114 5078 λείπωσί
1139 5037 1213 5078 σε
1253 5026 1313 5078 αἱ
1343 5024 1527 5096 πηγαί
1557 5025 1667 5095 τῆς
1710 5022 1877 5095 ζωῆς.

304 5113 496 5177 Ὅπως
523 5114 608 5167 ἀεί
637 5132 719 5168 σοι
758 5115 1094 5186 βλαστάνωσι
1142 5115 1263 5170 κατ’
1305 5116 1627 5189 ἔμπρακτον
1657 5121 1877 5188 γνῶσιν,

303 5200 376 5266 ὥς
398 5220 539 5268 τινες
581 5192 803 5260 άένναοι
869 5207 1065 5277 πηγαὶ,
1090 5206 1188 5277 τὴν
1215 5198 1534 5278 πρέπουσάν
1562 5226 1644 5262 σοι
1668 5209 1742 5274 ὡς
1788 5211 1905 5264 λο-’

301 5293 441 5365 γιιῷ
471 5299 850 5368 πνευματικὴν
878 5298 1042 5370 ζωὴν,
1071 5302 1125 5353 αί
1158 5299 1253 5353 τοῦ
1282 5299 1418 5354 Θεοῦ
1444 5301 1752 5371 ὲντολαὶ,θ.ς
1806 5303 1871 5376 δή

305 5402 385 5438 σοι
411 5387 505 5439 καὶ
540 5388 857 5460 ὑποτίθημι.
1848 5444 1853 5447 ν

373 5479 662 5533 Φύλασσε
685 5480 868 5545 αὐτὰς
897 5481 966 5535 ἐν
995 5481 1080 5550 σῇ
1104 5482 1338 5551 καρδίᾳ.
1371 5484 1450 5554 Τή
1462 5501 1544 5557 ρει
1573 5487 1713 5540 κατὰ
1756 5487 1874 5542 διά-

302 5588 449 5624 νοιαν
487 5570 688 5637 ταύτας
721 5573 808 5627 διὰ
833 5573 1054 5639 παντός.

326 5663 331 5669 ’
370 5662 472 5731 κβ’.
500 5662 630 5731 Ζωὴ
665 5663 774 5733 γάρ
805 5664 934 5718 ἐστι
965 5665 1090 5732 τοῖς
1116 5668 1512 5743 εὑρίσκουσιν
1540 5672 1749 5738 αὐτὰς,
1773 5675 1871 5729 καί

304 5754 465 5825 πάσῃ
490 5757 669 5825 σαρκί
689 5757 874 5824 ιασις.
902 5758 1106 5823 Γνῶσις
1133 5761 1240 5830 γὰρ
1260 5760 1496 5832 ὑπάρχει
1523 5769 1867 5840 πνευματικὴ

638 5857 905 5917 Parnm.
961 5856 1075 5918 Gtt.
1146 5857 1516 5923 LXXXVII.

1989 4582 2098 4626 tur.

2056 4664 2124 4720 Et
2148 4667 2218 4721 ad
2246 4669 2457 4741 eloquia
2483 4689 2595 4730 mea
2624 4675 2825 4731 inclina
2862 4694 3042 4733 aurem
3081 4689 3246 4736 tuam.
3279 4681 3411 4739 Meis
3446 4701 3563 4739 mo-

1984 4760 2115 4816 nitis
2139 4760 2364 4830 inclina,
2402 4764 2632 4822 docilem
2653 4769 2839 4836 verbo,
2863 4773 3345 4842 concupiscibilem
3375 4785 3428 4829 et
3450 4775 3561 4829 ira-

1985 4853 2231 4910 scibilem
2266 4856 2589 4915 animantum
2613 4861 2931 4931 potentiam,
2962 4863 3322 4933 acquiescens
3354 4864 3464 4920 illis
3503 4865 3558 4919 in

1983 4946 2136 5016 praxi
2172 4962 2296 5002 cum
2324 4947 2537 5005 illarum
2567 4953 2849 5022 cupidine.

2052 5035 2219 5093 Vens.
2246 5036 2335 5094 21.
2359 5038 2443 5094 Ne
2479 5049 2526 5095 te
2553 5042 2927 5115 derelinquant
2956 5046 3125 5114 fontes
3152 5047 3289 5100 vita.
3312 5043 3382 5100 Ut
3403 5060 3555 5100 sem-

1982 5144 2078 5199 per
2129 5129 2265 5184 inte
2304 5131 2623 5192 secundum.
2647 5135 2920 5190 ellicacem
2951 5135 3341 5205 cognitionem,
3386 5135 3554 5193 vitam

1981 5219 2323 5289 spiritualem
2358 5222 2455 5277 tibi
2498 5233 2758 5295 tanquam
2806 5224 3018 5280 ratione
3057 5223 3308 5294 praedito,
3347 5239 3552 5280 conve-

1980 5315 2217 5372 nientem
2241 5314 2546 5382 effundant,
2572 5328 2628 5373 ut
2653 5332 2921 5389 perennes
2938 5316 3138 5383 fontes,
3156 5317 3409 5372 mandata
3431 5317 3550 5385 Dei,

1977 5421 2099 5476 quae
2132 5423 2234 5479 ego
2263 5411 2360 5467 tibi
2388 5424 2659 5483 prapono.

2047 5498 2272 5557 Custodi
2303 5520 2393 5559 eos
2432 5505 2487 5558 in
2513 5487 2672 5558 corde
2703 5511 2817 5557 tuo.
2851 5500 3019 5557 Serva
3042 5517 3128 5571 ea,
3164 5513 3291 5559 ante
3339 5508 3550 5570 omnia,

1978 5589 2030 5646 in
2054 5592 2415 5662 intelligentia
2455 5601 2570 5648 tua.

2053 5681 2215 5737 Vsus.
2242 5682 2333 5736 Ἠ.
2382 5682 2501 5736 Vita
2520 5692 2598 5739 est
2622 5685 2762 5739 enim
2797 5686 3178 5743 invenientibus
3205 5705 3318 5757 eas,
3343 5702 3396 5747 et
3426 5696 3550 5751 uni-

1975 5789 2134 5828 νει-διε
2151 5775 2304 5828 carni
2333 5776 2561 5831 sanitas.
2599 5774 2844 5835 Scientia
2886 5781 3206 5838 conceditur
3230 5785 3533 5854 spiritualts

3003 5877 3078 5941 Ml
