3960 6230
441 299 570 366 1261

1421 271 1424 276 ’
1486 297 2015 360 COMMENTARII
2047 297 2128 357 1N
2169 297 2620 366 PROVERBIA.

3546 311 3683 375 1262

439 427 554 475 σου,
612 410 670 464 ἔν
709 410 980 484 ἀταραξίᾳ
1006 409 1174 483 πάσῃ,
1221 409 1314 463 καὶ
1341 409 1534 482 βαθείᾳ
1565 409 1756 463 παθῶν
1796 407 2008 481 γαλήνῃ

2144 423 2166 462 n
2194 410 2377 478 quiete
2415 412 2744 481 possidebis,
2776 422 2828 470 et
2857 414 3128 486 profunda
3157 418 3516 489 cupiditatum
3549 438 3679 492 pace

438 503 519 566 είς
554 503 714 574 ἔργον
741 505 1057 574 προαγάγῃ.

1045 597 1297 652 ΚΕΦΑΛ.
1335 597 1411 652 E'.

507 694 576 743 α’.
617 687 731 750 Υἱὲ,
757 687 872 758 ἐμῇ
894 691 1078 758 σοφίᾳ
1101 689 1382 758 πρόσεχε.
1397 688 1599 742 Τέκνον
1621 687 2010 758 πνευματικὸν,

437 781 505 849 τῇ
551 780 656 850 ὲμῇ
713 782 842 850 περὶ
894 781 1028 836 Θεοῦ
1083 783 1260 853 ἐννοίᾳ
1311 781 1625 854 πρόσκεισο,
1676 780 1812 850 πρὸς
1857 779 2013 846 δόξαν

437 869 608 938 ψευδῆ
649 870 724 941 μὴ
761 873 1236 943 παρασυρόμενος.

513 959 643 1025 Τοῖς
665 959 717 1011 δ’
745 960 910 1029 ἐμοῖς
938 965 1141 1032 λόγοις
1165 963 1473 1032 «animus
1495 960 1612 1016 σόν
1639 954 1772 1026 οὖς.
1807 961 1938 1025 Ταῖς
1966 961 2012 1015 δ’

437 1050 596 1119 ἐμαῖς
623 1050 992 1116 διδασκαλίαις
1014 1054 1305 1124 παρατίθει
1335 1052 1471 1124 πρός
1504 1053 1772 1123 ὑπακοὴν,
1804 1052 1867 1106 τδ
1895 1052 2017 1118 ἐστι·

437 1141 621 1204 πειθὲς
654 1142 796 1213 λόγῳ
832 1143 1229 1217 ἐπιθυμητικὸν
1258 1147 1358 1217 τῆς
1395 1143 1573 1215 ψυχῆς
1605 1159 1700 1196 σου
1731 1143 1824 1197 καὶ
1857 1141 2018 1214 θυμι-

436 1234 552 1287 κόν.

509 1321 714 1394 β’.”Ἰνα
743 1326 1023 1395 φυλάξῃς
1050 1326 1295 1381 ἔννοιαν
1321 1327 1572 1397 ἀγαθήν.
1605 1326 1793 1390 Ὅπως
1833 1326 1914 1390 είς
1953 1325 2018 1380 τὸ

437 1413 684 1485 διηνεκὲς
716 1419 966 1489 τηρήσῃς
993 1418 1135 1474 κατά
1169 1417 1410 1476 διάθεσιν
1435 1417 1533 1491 τὴν
1560 1417 1741 1490 ἀληθῆ
1770 1419 1900 1489 περὶ
1919 1416 2014 1472 τοῦ

435 1506 586 1571 δντος
617 1509 826 1577 ἀγαθοῦ
851 1510 1029 1575 δόξαν.
1331 1588 1333 1591 ι
1993 1515 1996 1518 ’

497 1602 796 1667 Αἵσθησιν
815 1601 885 1654 δὲ
911 1601 1072 1672 ἐμῶν
1089 1601 1343 1672 χειλέων
1364 1602 1727 1672 ἐντέλλομαί
1753 1619 1871 1658 σοι.
1905 1603 2016 1674 Τὴν

2114 498 2182 554 ad
2208 514 2346 571 opus
2385 502 2698 561 deduceris.

2761 595 2914 654 CAP.
2947 599 3012 655 V.

2189 679 2352 738 VEns.
2385 683 2435 737 l.
2460 681 2574 738 Fili
2595 685 2688 750 mi,
2714 687 2923 742 attende
2942 690 3010 742 ad
3029 693 3340 761 sapientiam
3360 713 3550 752 meam.
3580 697 3683 753 Fili

2114 772 2443 842 spiritualis,
2471 791 2603 832 mea:
2627 779 2872 835 scientiae
2895 779 2990 837 Dei
3016 786 3254 854 attende,
3291 795 3347 841 ut
3364 803 3472 844 non
3491 790 3558 846 ad
3592 807 3686 845 va-

2114 882 2242 922 nam
2265 870 2796 941 gloriam‘traharis.

2186 959 2257 1014 Et
2281 949 2608 1022 sermonibus
2638 956 2764 1024 meis
2797 985 3004 1040 appone
3037 987 3219 1027 aurem
3249 981 3416 1030 tuam.
3450 977 3532 1032 Ad
3561 979 3692 1033 obc-

2116 1051 2371 1108 diendum
2397 1051 2534 1113 meis
2557 1058 2967 1118 hortationibus
2995 1079 3208 1134 appone
3237 1067 3408 1122 verbo
3427 1069 3687 1134 docilem,

2114 1156 2324 1215 partem
2359 1152 2846 1222 concupiscibilem
2868 1163 2924 1212 et
2960 1155 3296 1214 irascibilem
3334 1161 3530 1216 animae
3559 1170 3686 1218 tuae.

2187 1319 2357 1379 Vens.
2391 1326 2449 1380 2.
2489 1325 2558 1382 Ut
2608 1331 2882 1387 custodias
2914 1335 3194 1390 scientiam
3250 1339 3460 1394 bonam.
3535 1340 3596 1394 UI
3639 1344 3690 1396 in

2118 1424 2440 1484 perpetuum
2511 1423 2793 1482 custodias
2848 1441 2972 1484 cum
3024 1429 3340 1498 dilectione,
3402 1434 3514 1488 veri
3563 1434 3690 1490 boni

2117 1521 2300 1561 veram
2331 1509 2584 1580 gloriam.

2190 1599 2608 1674 Intelligentiam
2633 1625 2871 1665 meorum
2905 1611 3170 1668 labiorum
3201 1617 3397 1672 mando
3425 1617 3538 1673 tibi.
3560 1618 3693 1675 Peto

435 1691 577 1743 κατά
600 1692 797 1762 πρᾶξιν
819 1693 877 1747 δὲ
905 1696 1100 1764 πεῖραν
1121 1693 1231 1750 τῶν
1256 1694 1405 1764 ἐμῶν
1435 1695 1782 1764 διδαγμάτων
1803 1712 1864 1748 σε
1893 1696 2013 1748 κατ’

435 1781 654 1807 λ-.-,“..Ί.-.
691 1784 899 1807 2.----5·.
957 1787 1045 1807 ‘-..\
1088 1786 1200 1807 __9,,\
1245 1787 1338 1807 _l___
1366 1787 1392 1807 ΑΙ
1414 1787 1488 1807 Αὶ
1520 1805 1528 1807 -
1567 1786 1768 1807 -μ.ε-.η-
1819 1786 1981 1807 ιῌ-Ιμ

2144 1680 2148 1745 ί
2183 1701 2236 1748 te
2257 1701 2314 1749 ut
2342 1697 2396 1752 in
2437 1701 2593 1768 pravi
2623 1703 2906 1761 doctrinas
2936 1705 3072 1778 legis
3096 1723 3230 1764 mea:
3267 1725 3475 1777 serves,
3509 1722 3563 1767 et
3585 1730 3637 1767 ιι(
3660 1731 3692 1767 n

331 1779 346 1785 “
435 1781 654 1855 ἐντολὴν
685 1784 925 1853 ἀπαιτῶ,
956 1787 1050 1840 καὶ
1082 1786 1206 1859 οὐχὶ
1241 1787 1340 1859 τὴν
1364 1787 1528 1860 ψιλὴν
1559 1786 1768 1843 τούτων
1809 1786 2016 1860 ἀκρόα-

434 1890 542 1928 σιν.
836 1897 838 1900 ’

502 1972 572 2035 γ’.
618 1968 714 2036 Μὴ
751 1969 1017 2040 ,πρόσεχε
1060 1971 1266 2040 φαύλῃ
1300 1970 1566 2041 γυναικί.
1595 1970 1688 2042 Μὴ
1722 1970 2019 2041 πρόσκεισο

434 2062 498 2129 τῇ
533 2058 606 2123 ὡς
640 2060 782 2113 κατὰ
810 2062 1131 2132 προαίρεσιν
1167 2061 1440 2132 ἀλογίστῳ
1466 2060 1641 2132 ψεκτῇ
1671 2061 1945 2133 αἰσθήσει.

503 2150 651 2205 Μέλι
701 2153 812 2219 τὰρ
869 2150 1188 2213 ἀποστάζει
1253 2151 1372 2207 ἀπὸ
1429 2151 1682 2221 χειλέων
1735 2153 2020 2222 γυναικὸς

433 2243 684 2310 πόρνης.
715 2243 1065 2315 Νομιζομένη
1096 2243 1206 2313 γάρ
1239 2259 1323 2305 τις
1350 2242 1508 2312 ἡδονὴ
1539 2243 1800 2314 ἀπορρέει
1833 2245 1900 2297 ἐκ
1920 2244 2020 2316 τῆς

437 2335 573 2406 πρὸς
606 2335 676 2389 τά
700 2336 932 2406 αἰσθητά
961 2335 1145 2405 φιλίας
1175 2335 1273 2407 τῆς
1295 2333 1390 2388 τοῦ
1425 2333 1586 2404 λόγου
1619 2335 1810 2406 πόρρω
1836 2335 2022 2392 νευού-

437 2445 536 2499 σης
563 2430 892 2501 αἰσθήσεως.

501 2521 543 2574 δ’
552 2523 659 2575 .‘H
679 2521 830 2590 πρὸς
847 2521 1055 2590 καιρὸν
1076 2520 1338 2576 λιπαίνει
1369 2521 1486 2575 σὸν
1511 2519 1819 2590 φάρυγγα·
1842 2519 2020 2575 ὕστεο

434 2628 541 2682 ρον
568 2615 772 2682 μέντοι
813 2614 1163 2682 πικρότερον
1209 2612 1399 2682 χολῆς
1426 2612 1730 2682 εὑρήσεις,
1761 2612 1857 2666 καὶ
1880 2612 2017 2680 ﬁxo-

435 2705 702 2774 νημένον
768 2704 1013 2774 μᾶλλον
1050 2706 1352 2774 μαχαίρας
1397 2704 1706 2773 διστόμου.
1746 2703 1907 2768 ’Ἠτις
1955 2702 2020 2756 δι’

432 2797 627 2867 ἡδονῆς
671 2797 862 2869 τρέφει
898 2813 981 2851 σοι
1026 2797 1087 2851 τὸ
1121 2797 1399 2869 ήδυπαθὲς
1441 2797 1583 2868 πρὸς
1619 2795 1814 2867 μικρόν
1836 2810 1849 2826 ο
1883 2795 2022 2866 μετὰ

433 2889 589 2943 τοῦτο
607 2890 650 2942 δ’
667 2891 896 2964 ἐντύχῃς
917 2891 1077 2962 αὐτῇ,
1104 2891 1389 2962 πράγματι
1415 2889 1729 2961 ἀηδεστέρῳ
1753 2905 1812 2941 τε
1842 2887 2023 2958 πάσης

436 2981 703 3053 πικρίας,
754 2977 847 3036 οἷα
875 2983 975 3053 τῆς
1009 2982 1132 3037 κατ’
1181 2983 1441 3053 αἴσθησιν
1488 2981 1679 3052 ἡδονῆς
1727 2979 1879 3042 τέλος
1923 2977 2022 3048 τὴν

2121 1786 2198 1843 sis
2229 1788 2460 1862 simplex
2493 1807 2680 1850 earum
2714 1797 2958 1856 auditor.
3039 1838 3061 1846 -

2195 1962 2359 2022 Vens.
2381 1967 2436 2024 5.
2471 1970 2826 2038 Νειαηεηᾱαε
2852 1975 3044 2046 fallaci
3074 1980 3304 2036 mulieri.
3335 1979 3413 2036 Ne
3445 1983 3693 2039 attendas

2118 2059 2496 2129 vituperanda:
2521 2065 2807 2132 doctrinae,
2844 2079 2902 2124 ut
2939 2071 3142 2142 iniquae
3181 2073 3237 2128 in
3268 2080 3444 2144 praxi.

2191 2149 2547 2209 Meldistillat
2566 2158 2706 2212 enim
2729 2176 2760 2212 a
2789 2159 2946 2215 labiis
2979 2163 3222 2218 mulieris
3245 2167 3555 2220 meretricis.
3575 2167 3697 2222 Ali-

2088 2308 2090 2315 :
2120 2240 2274 2310 quid,
2301 2251 2359 2296 ut
2390 2245 2643 2317 voluptas
2666 2251 2993 2306 aestimatum
3017 2253 3247 2309 distillat
3276 2271 3339 2310 ex
3376 2271 3561 2313 amore
3585 2274 3695 2330 quo

2121 2331 2188 2384 ad
2218 2333 2498 2389 sensibilis
2531 2336 2705 2393 fertur
2735 2341 2930 2398 animae
2962 2350 3067 2399 tuae
3095 2359 3224 2416 pars
3262 2349 3545 2414 sensitiva,
3573 2365 3694 2419 quia

2121 2419 2282 2492 longe
2310 2438 2340 2477 a
2375 2427 2540 2482 verbo
2565 2428 2810 2487 inclinat.

2195 2508 2360 2566 Vnus.
2382 2514 2435 2568 4.
2456 2514 2508 2568 Η
2515 2533 2590 2571 a'c
2605 2520 2744 2573 enim
2760 2521 2829 2574 ad
2848 2531 3052 2592 tempus
3071 2527 3279 2597 saginat
3303 2538 3487 2599 guttur
3510 2539 3655 2586 tuum
3675 2550 3694 2597 ,'

2122 2601 2214 2656 sed
2245 2605 2537 2662 novissima
2562 2610 2676 2679 ejus
2705 2611 2830 2680 felle
2883 2618 3159 2673 amariora
3197 2619 3444 2686 invenies,
3482 2632 3531 2677 et
3570 2641 3698 2678 acu-

2125 2695 2265 2751 tiora
2301 2698 2482 2769 gladio
2509 2705 2752 2773 ancipiti.
2787 2705 2910 2764 Hm
2945 2725 3043 2780 per
3079 2714 3436 2784 voluptatem,
3465 2725 3516 2773 te
3545 2720 3696 2775 brevi

2123 2793 2371 2858 tempore
2407 2791 2618 2850 deliciis
2653 2799 2893 2855 nutriet:
2930 2813 3054 2872 post
3085 2804 3200 2861 luec
3230 2817 3411 2863 autem
3447 2811 3697 2868 invenies

2124 2878 2178 2932 in
2213 2895 2298 2946 ea,
2338 2884 2484 2938 omni
2515 2885 2642 2942 felle
2669 2892 2966 2959 amariora,
3003 2895 3079 2950 ita
3112 2906 3170 2952 ut
3195 2898 3248 2954 in
3282 2900 3410 2967 fine,
3433 2918 3694 2960 sensuum

2122 2975 2379 3046 voluptas
2409 2979 2608 3037 habeat
2630 2985 2902 3053 dolorem,
2929 2998 2983 3044 et
3003 3005 3127 3046 cum
3167 3003 3319 3063 parte
3345 2999 3700 3055 conscientia:

435 3070 626 3142 ὀδύνην
655 3072 887 3142 ἐχούσης
909 3111 925 3137 ,
961 3072 1056 3126 καὶ
1089 3071 1508 3143 ἐπιτηδειοτέρῳ
1537 3069 1675 3141 πρὸς
1707 3067 1901 3158 πλῆξιν
1927 3065 2013 3158 τοῦ

2144 3067 2321 3136 Ipliori
2341 3069 2407 3124 ad
2445 3071 2684 3144 plagam,
2729 3078 2887 3148 quasi
2935 3081 3117 3152 gladio
3153 3085 3380 3156 ancipiti
3421 3101 3694 3157 persecct.

437 3160 734 3225 συνειδότος
773 3178 890 3230 σου,
926 3161 1066 3233 ὑπὲρ
1100 3160 1254 3232 ξίφος
1299 3161 1496 3231 τέμνον
1535 3157 1871 3229 ἀμφοτέροις
1903 3157 2017 3219 τοῖς

439 3252 682 3324 μέρεσιν.

502 3352 565 3398 ε’.
607 3344 720 3414 Τῆς
746 3345 854 3416 τὰρ
877 3345 1233 3414 ἀφροσύνης
1258 3346 1312 3398 ol
1331 3344 1513 3410 πόδες
1527 3340 1856 3411 κατάγουσι
1874 3339 2016 3407 τοὺς

435 3436 779 3507 χμομένους
793 3435 967 3505 αὐτῇ,
983 3435 1135 3505 μετὰ
1161 3435 1421 3490 θάνατον
1439 3437 1524 3501 εὶς
1557 3435 1667 3488 τὸν
1696 3432 1871 3502 ᾅδην.
1904 3433 2016 3502 Τῆς

435 3525 544 3594 γάρ
572 3523 798 3592 ἀλογίας
825 3525 882 3578 al.
903 3525 1094 3595 ὁρμαὶ,
1125 3526 1244 3594 μετ’
1265 3523 1432 3577 αὐτοῦ
1459 3522 1554 3576 τοῦ
1589 3523 1712 3576 καθ’
1738 3521 2015 3593 ἁμαρτίας

433 3613 666 3685 ψυχικοῦ
714 3614 970 3679 Θανάτου,
1025 3613 1350 3670 κατασπῶσι
1398 3615 1526 3676 τοὺς
1581 3612 2016 3683 μετερχομένους

434 3707 602 3779 αὐτὴν
650 3707 731 3772 είς
781 3706 879 3778 τὴν
907 3707 1051 3762 κατά
1100 3707 1205 3779 τὴν
1260 3705 1582 3777 σωματικὴν
1621 3702 1827 3774 φθορὰν
1875 3702 2016 3771 ἀφά-

435 3815 606 3854 νειαν.

510 3891 588 3946 Τὰ
611 3891 679 3945 δὲ
711 3891 853 3963 ἴχνη
884 3891 1076 3962 αὐτῆς
1103 3894 1213 3947 οὐκ
1245 3891 1559 3960 ἐρείδεται.

504 3982 588 4037 Τά
607 3983 666 4037 δὲ
693 3984 828 4054 ἔργα
847 3983 1070 4055 ταύτης,
1101 3983 1290 4055 ἐπειδὴ
1321 3983 1396 4054 μὴ
1425 3982 1554 4054 περὶ
1579 3980 1649 4035 τά
1682 3977 1890 4052 μόνιμα
1913 3995 2015 4034 κα-

435 4075 769 4145 ταγίνονται,
807 4077 908 4130 οὐκ
935 4078 1074 4130 είσὶν
1104 4076 1344 4146 ἀσφαλῆ.

507 4173 582 4232 ς’.
633 4165 834 4233 Ὁδοὺς
861 4168 970 4236 γὰρ
1005 4165 1154 4235 ζωῆς
1185 4168 1297 4221 οὐκ
1339 4165 1674 4236 ἐπέρχεται.
1703 4165 1852 4238 Αὕτη
1880 4167 2010 4240 γὰρ,
2074 4175 2076 4177 ’

432 4258 531 4322 τὰς
565 4259 644 4322 είς
671 4258 768 4329 τὴν
796 4259 968 4312 ἀΐδιον
1013 4259 1107 4313 καὶ⁵
1141 4259 1414 4330 μακαρίαν
1453 4259 1512 4311 ὲν
1545 4257 1816 4330 πνεύματι
1863 4260 2014 4333 ζωὴν

435 4349 708 4418 φερούσας
738 4348 889 4413 θείας
917 4348 1162 4413 ἐντολὰς,
1187 4349 1329 4402 κατά
1363 4348 1566 4420 πρᾶξιν
1593 4350 1653 4402 οὐ
1679 4349 1972 4421 διέρχεται.

2195 3337 2367 3396 Vitas.
2401 3341 2454 3397 5.
2493 3342 2825 3416 [nsipientia
2844 3347 3000 3417 pedes
3032 3350 3307 3407 adducunt
3343 3370 3431 3409 eos
3483 3358 3574 3426 qui
3615 3358 3694 3414 illi

2103 3432 2380 3499 serviunt,
2410 3445 2530 3502 post
2555 3447 2778 3492 mortem
2807 3438 2876 3492 ad
2899 3440 3113 3510 inferos.
3153 3442 3484 3514 lnsipientize
3515 3456 3699 3506 auten:

2123 3527 2326 3588 motus,
2373 3531 2498 3592 post
2517 3524 2804 3596 physicam
2849 3541 3103 3598 mortem,
3158 3547 3188 3586 a
3224 3536 3467 3603 peccatis
3498 3546 3696 3605 ortam,

2123 3615 2358 3672 trahunt
2389 3615 2539 3671 illam
2575 3629 2872 3692 sequentes
2901 3624 2968 3679 ad
2995 3624 3396 3686 obscuritatem
3441 3645 3700 3701 corpora-

2122 3701 2190 3759 lis
2219 3703 2636 3766 destruetionis.

2193 3877 2415 3937 Crassus
2440 3883 2553 3953 ejus
2574 3901 2676 3940 non
2693 3885 3005 3955 ﬁrmantur.
3037 3890 3214 3962 Opera
3241 3895 3385 3949 enim
3407 3895 3545 3967 ejus,
3573 3913 3698 3955 cum

2121 3981 2230 4024 non
2267 3971 2380 4025 sint
2406 3973 2649 4040 stabilia,
2682 3991 2791 4032 non
2827 3990 2959 4035 sunt
2993 3991 3131 4038 tuta.
3480 3994 3485 3998 '

2191 4143 2358 4203 Vleas.
2397 4149 2448 4204 6.
2486 4147 2614 4205 Vias
2633 4153 2776 4207 enim
2806 4156 2926 4211 vita:
2953 4174 3057 4212 non
3085 4160 3345 4217 ambulat.
3374 4163 3497 4234 Ipsa
3523 4166 3694 4236 enim,

2120 4240 2377 4296 mandata
2412 4241 2528 4309 Dei,
2557 4261 2678 4317 quae
2706 4247 2916 4303 ducunt
2959 4251 3028 4306 ad
3077 4253 3244 4309 vitam
3294 4258 3494 4313 anima:
3531 4267 3694 4316 arter-

2123 4345 2251 4385 nam
2283 4337 2338 4386 et
2369 4333 2613 4404 beatam,
2645 4339 2700 4394 in
2731 4340 2887 4410 praxi
2925 4357 3034 4396 non
3065 4343 3217 4398 colit.
3331 4389 3340 4404 .

503 4439 806 4508 Σφαλεραὶ
835 4439 905 4493 δὲ
931 4442 991 4494 al
1024 4440 1252 4510 τροχιαὶ
1286 4438 1499 4508 αὐτῆς,
1535 4439 1630 4494 καὶ
1657 4441 1768 4494 οὐκ
1797 4441 2013 4511 εὔγνω-

2194 4421 2320 4495 Vagi
2342 4436 2465 4482 sunt
2494 4445 2707 4498 gressus
2733 4431 2852 4500 ejus
2883 4443 2933 4487 et
2952 4434 3364 4507 investigabiles.
3392 4437 3696 4512 Vagantur,

369 4575 376 4582 .
434 4545 585 4587 στοι.
619 4532 952 4602 Σφάλλονται
997 4533 1054 4586 δὲ
1101 4533 1228 4604 περὶ
1258 4533 1357 4602 τὴν
1399 4531 1495 4586 τοῦ
1528 4533 1695 4587 καλοῦ
1733 4533 1932 4606 κρίσιν,
1963 4536 2013 4588 οἱ

433 4624 576 4678 κατὰ
605 4623 840 4696 θεωρίας
865 4626 1054 4696 δρόμοι
1091 4625 1292 4694 αὐτῆς·
1324 4625 1400 4688 ὼς
1422 4623 1498 4696 μὴ
1528 4623 1664 4696 πρὸς
1693 4624 1755 4677 τὸ
1780 4627 1846 4696 τῇ
1879 4625 2015 4697 ἀλη-

433 4715 577 4785 θείᾳ,
610 4715 749 4769 ἀλλά
773 4720 839 4788 τῇ
870 4717 1057 4786 ψευδεῖ
1084 4716 1353 4787 ὑπολήψει
1387 4715 1551 4770 καλὸν
1585 4715 2012 4780 ἀποϐλέποντες·

431 4810 528 4862 καὶ
559 4808 658 4862 οὐκ
691 4809 928 4873 εὐκόλως
969 4808 1144 4874 οὕτως
1183 4807 1330 4878 ἔχειν
1359 4807 1898 4877 καταλαμϐάνονται,
1928 4807 2018 4862 διά

430 4903 491 4956 τὸ
519 4903 626 4956 τῶν
655 4903 1008 4974 προσκαίρων
1040 4902 1212 4974 ἡδέων
1242 4902 1540 4972 ἀπατηλόν.

502 4992 568 5057 ζ’.
599 4995 730 5049 Νῦν
758 4989 894 5058 οὖν,
913 4989 960 5048 ὦ
986 4993 1096 5060 υἱὲ,
1125 4992 1310 5047 ἄκουέ
1339 5010 1482 5063 μου,
1518 4991 1618 5047 καί
1641 4992 1731 5061 μὴ
1754 4991 2018 5060 ἀκύρους

431 5084 696 5152 ποιήσῃς
725 5084 907 5154 ἐμοὺς
952 5085 1200 5154 λόγους.
1242 5082 1406 5137 Κατά
1450 5082 1578 5152 γοῦν
1629 5082 1722 5136 τὸν
1775 5081 2019 5150 παρόντα

433 5175 613 5229 πάντα
633 5175 1076 5242 αἰῶνα,τεκνίον,
1099 5175 1339 5245 ὑπήκοος
1363 5173 1454 5227 ἔσο
1483 5191 1593 5244 μοι,
1615 5172 1710 5227 καὶ
1743 5173 1818 5244 μὴ
1839 5173 2019 5244 ἀπρά-

433 5281 593 5327 κτους
611 5263 711 5327 τάς
736 5265 875 5334 ἐμὰς
899 5265 1109 5337 ἐργάσῃ
1131 5262 1498 5326 διδασκαλίας·
1525 5262 1674 5324 ὅπως
1695 5260 1923 5322 ταύταις
1943 5257 2036 5338 ὥς.

431 5370 573 5408 τισιν
603 5353 740 5417 ὁδοῖς
778 5353 1084 5424 ἀμέμπτως
1113 5353 1340 5425 όδεύσῃς
1368 5350 1506 5424 πρὸς
1531 5350 1621 5407 τὸν
1656 5351 1945 5422 μέλλοντα.

501 5451 574 5517 ἠν.
627 5447 881 5515 Μακρίιν
935 5446 1200 5514 ποίησον
1251 5445 1354 5500 ἀπ’
1409 5442 1603 5511 αὐτῆς
1667 5442 1793 5511 σὴν
1851 5441 2015 5497 ὁδόν.

435 5538 634 5608 Πόρρω
645 5537 766 5609 τῆς,
789 5539 863 5602 ὡς
888 5541 1128 5610 εἴρηται,
1151 5537 1436 5606 ἀλογίστου
1457 5534 1785 5605 αἰσθήσεως,
1804 5533 1902 5602 τὴν
1921 5531 2018 5605 σὴν

435 5629 540 5682 απέ
549 5645 748 5698 ργασαι
789 5629 997 5700 βιοτήν.

505 5721 600 5789 Μὴ
629 5721 877 5792 ἐγγίσῃς
911 5722 1230 5791 προθύροις
1279 5721 1461 5776 οἴκων
1490 5719 1701 5803 αὐτῆς.
1749 5719 1859 5773 Καὶ
1904 5717 2018 5769 δια-

2118 4517 2268 4571 circa
2301 4520 2428 4575 boni
2465 4522 2763 4592 judicium,
2811 4525 3192 4602 intelligentiae
3244 4531 3365 4603 ejus
3419 4550 3691 4604 gressus:

2117 4620 2226 4660 non
2273 4609 2424 4663 enim
2461 4611 2668 4668 bonum
2709 4615 2764 4669 in
2797 4618 3050 4685 veritate,
3087 4620 3186 4676 sed
3222 4622 3276 4694 in
3315 4615 3454 4679 falso
3483 4626 3696 4696 judicio

2117 4698 2492 4766 considerant,
2519 4710 2575 4759 et
2608 4703 2676 4758 de
2702 4705 2788 4761 bis
2818 4723 2927 4763 non
2961 4708 3121 4766 facile
3153 4715 3578 4784 convincuntur,
3626 4719 3697 4774 ob

2118 4791 2502 4860 temporalium
2535 4794 2878 4866 voluptatum
2911 4798 3206 4858 fallaciam.

2194 4965 2362 5024 Vens.
2393 4971 2444 5024 7.
2483 4970 2643 5027 Nunc
2667 4990 2810 5046 ergo,
2851 4976 2935 5045 fili
2967 4980 3059 5042 mi,
3093 4977 3221 5030 audi
3246 4995 3344 5045 me,
3380 4987 3432 5031 et
3461 4995 3524 5032 ne
3565 4996 3697 5034 vana

2117 5060 2206 5129 [ac
2229 5063 2389 5118 verba
2439 5081 2578 5120 mea.
2617 5067 2781 5138 Ergo,
2820 5068 2917 5135 ﬁli,
2973 5078 3096 5126 csto
3127 5070 3324 5125 docilis
3374 5069 3443 5124 ad
3483 5086 3568 5126 me
3603 5088 3700 5141 per

2117 5166 2334 5208 omnem
2376 5167 2700 5226 praesentem
2732 5162 2920 5226 vitam,
2963 5169 3017 5216 et
3050 5143 3264 5218 custodi
3319 5176 3469 5217 meas
3493 5164 3700 5220 doctri-

2118 5229 2242 5311 nas,
2266 5257 2326 5302 ιιι
2349 5249 2436 5314 bis
2455 5260 2718 5322 tanquam
2745 5252 2870 5316 viis,
2908 5253 3016 5307 vita
3053 5253 3527 5326 irreprehensihili
3585 5273 3702 5312 am-

2120 5337 2279 5393 bulas
2306 5341 2372 5396 ad
2406 5341 2650 5396 futuram
2675 5343 2866 5397 vitam.

2191 5435 2358 5493 Vens.
2424 5438 2480 5492 8.
2512 5437 2691 5510 Longe
2739 5440 2827 5510 {ac
2887 5441 2954 5494 ab
2977 5457 3040 5495 ea
3092 5443 3232 5497 viam
3267 5451 3436 5499 tuam.
3469 5444 3551 5500 Ab
3611 5445 3700 5498 illa

2121 5523 2533 5581 inconsiderata
2589 5527 2845 5593 scientia,
2918 5536 2977 5582 ut
3015 5529 3223 5585 dictum
3269 5539 3377 5598 est,
3406 5533 3564 5603 longe
3617 5531 3700 5586 fac

2120 5617 2261 5671 viam
2296 5625 2464 5686 tuam.

2195 5706 2278 5762 Ne
2319 5707 2702 5776 appropinques
2725 5707 2930 5777 foribus
2955 5709 3142 5767 domus
3165 5712 3300 5784 ejus.
3319 5713 3385 5768 Et
3413 5714 3699 5772 ambulans
