3960 6230
253 380 258 385 .
318 317 454 379 Ῑὶῗῦἷί

1674 299 2029 366 PROCOPII
2062 298 2305 363 GAZEI

3430 292 3558 357 19.64

316 437 513 508 spiritu
570 432 638 488 ad
674 430 836 488 verba
866 429 1179 490 veritatum,
1224 424 1352 495 fuge
1418 418 1774 494 apparentias
1803 429 1900 473 ea-

2016 414 2209 470 5αἰνων
2236 411 2375 468 κατά
2389 411 2514 467 νοῦν
2542 410 2681 483 πρὸς
2709 411 2835 476 τοὺς
2864 409 3054 477 λόγους
3083 407 3192 464 τῶν
3216 408 3401 474 ὄντων,
3428 411 3557 463 ἀποο

314 520 612 599 τιιιιιξιμιοι
638 526 693 580 in
727 523 983 580 sensibus
1012 518 1266 591 potentiae
1315 514 1593 572 sensitive:
1625 511 1788 583 quasi
1838 510 1893 564 in

313 622 489 694 portis
509 621 723 690 jacent,
753 615 808 670 in
842 614 1044 684 quibus
1095 611 1211 664 haec
1249 607 1502 692 potentia
1527 611 1717 661 manet
1775 612 1896 657 tan-

313 726 479 784 quam
515 711 571 766 in
604 707 860 765 domibus
890 718 918 757 a
941 717 1000 759 se
1025 700 1265 756 dilectis.

391 893 557 948 Vsus.
591 889 644 944 9.
675 885 755 941 Ne
784 883 874 938 des
900 882 1061 936 vitam
1086 877 1302 940 alienis,
1329 884 1379 930 et
1437 888 1604 929 annos
1635 879 1751 927 tuos
1774 885 1895 924 cruv

319 987 551 1042 delibus.
586 980 663 1036 Ne
688 980 789 1043 des
820 967 1033 1040 alteris,
1066 987 1097 1026 a
1118 970 1229 1027 Deo
1261 968 1553 1024 formatam
1587 966 1687 1020 tibi
1702 964 1894 1028 vitam,

323 1092 381 1137 ut
438 1081 624 1136 divina
690 1071 969 1133 mandata,
1020 1082 1120 1138 per
1163 1079 1285 1134 quas
1313 1058 1678 1118 omniafacta
1741 1061 1896 1121 sunt,

312 1174 632 1230 carnalibus
656 1165 1036 1223 voluntatibus
1082 1157 1476 1230 subiiciantur,
1503 1161 1558 1210 et
1580 1166 1741 1209 omne
1758 1164 1899 1220 opus

320 1283 472 1324 tuum
506 1268 708 1325 bonum
737 1259 1063 1317 crudelibus
1089 1254 1474 1311 submittatur.

381 1444 549 1502 Vsus.
609 1441 699 1496 10.
771 1441 850 1495 Ne
874 1438 1009 1507 forte
1055 1434 1379 1504 impleantur
1421 1427 1663 1488 extranei
1695 1425 1901 1481 viribus

314 1541 439 1595 tuis.
466 1535 544 1593 Ne
576 1536 855 1595 fruantur,
889 1547 919 1584 a
952 1529 1064 1582 Deo
1102 1526 1339 1595 separati
1366 1522 1668 1583 dtemones,
1703 1525 1899 1588 poten-

316 1638 414 1698 tia,
448 1646 614 1709 quam
641 1628 705 1682 ad
732 1627 875 1681 bona
908 1634 1077 1693 opera
1105 1616 1385 1690 possides,
1419 1614 1523 1667 hac
1556 1612 1900 1666 illis‘secun—

2002 520 2138 573 φυγε
2160 505 2257 570 τὰς
2276 505 2596 575 ἐπιφανείας
2618 503 2820 569 αὐτῶν,
2852 501 2908 555 αἳ
2938 503 3254 574 πρόκεινται
3282 501 3391 565 τοίς
3413 500 3561 572 δίκην

2001 593 2183 666 θυρῶν
2215 597 2542 666 εἰσαγωγοῖς
2577 594 2956 667 αἰσθητηρίοις
3000 594 3099 664 τῆς
3124 592 3418 661 φαντασίας
3464 594 3565 647 τῶν

2000 688 2275 759 αἰσθητῶν
2299 708 2313 724 ο
2360 683 2441 753 οἷς
2483 688 2557 752 ὥς
2592 705 2733 743 τισιν
2763 688 3050 758 οἰκήμασι,
3085 685 3389 757 παραμένει
3414 688 3567 757 ἐμφι-

1999 777 2315 851 λοχωροῦσα
2346 781 2380 851 ἡ
2407 779 2682 849 αἴσθησις.

2071 871 2136 926 θ’.
2165 871 2298 926 Ἵνα
2311 871 2397 940 μὴ
2425 873 2579 941 πρόῃ
2603 870 2814 936 ἄλλοις
2838 868 2991 935 ζωήν
3010 880 3149 933 σου,
3177 867 3276 921 καί
3297 867 3413 920 σὸν
3434 866 3572 930 ⁴βίον

1999 961 2425 1031 ἀνελεήμοσιν.
2457 960 2647 1024 Ὅπως
2690 962 2765 1032 μὴ
2799 961 3014 1033 προδῷς
3046 960 3149 1031 τήν
3175 976 3235 1012 τε
3276 959 3459 1011 θεόθεν
3494 976 3572 1011 σοι

1999 1054 2412 1126 χορηγουμένην
2438 1054 2580 1126 ζωὴν
2631 1054 2840 1124 ἑτέροις
2869 1052 3021 1122 παρὰ
3046 1054 3114 1107 τὰ
3140 1050 3255 1104 θεῖα
3275 1050 3571 1122 θελήματα,

1998 1148 2121 1203 καθ’
2147 1146 2185 1201 ἀ
2224 1147 2292 1201 τὰ
2320 1148 2499 1202 πάντα
2529 1146 2784 1216 γεγόνασι
2825 1146 3105 1211 σαρκικοῖς
3143 1143 3413 1214 θελήμασι
3438 1142 3575 1208 διεξ-

1999 1238 2250 1308 ἀγεσθαι,
2280 1238 2376 1293 καὶ
2437 1238 2581 1293 ἅπαν
2614 1255 2705 1295 σου
2751 1236 2810 1290 τὸ
2840 1236 3160 1306 σπούδασμα
3190 1236 3312 1298 ταῖς
3337 1247 3577 1305 τιμωρη-

1997 1334 2180 1395 τικαῖς
2215 1331 2532 1400 δυνάμεσιν.

2073 1429 2125 1478 ι’.
2158 1423 2295 1478 ’Ῑνα
2318 1425 2405 1493 μὴ
2449 1420 2811 1489 πλησθῶσιν
2839 1420 3145 1489 ἀλλότριοι
3187 1418 3311 1487 σῆς
3345 1418 3576 1488 ἰσχύος.

1999 1516 2113 1571 Καὶ
2138 1514 2521 1586 ἐμφορηθῶσιν
2545 1516 2595 1567 οἰ
2616 1513 3124 1584 ἀπηλλοτριωμένοι
3153 1512 3289 1565 Θεοῦ
3304 1511 3576 1582 δαίμονες,

1998 1600 2069 1678 ἦς
2093 1607 2360 1675 κέκτησαι
2394 1602 2679 1676 δυνάμεως
2720 1604 2858 1675 πρὸς
2900 1603 3166 1674 ἐργασίας
3194 1601 3289 1656 τοῦ
3331 1597 3541 1667 ἀγαθοῦ
3565 1617 3577 1628 ·

312 1692 650 1796 ἀιιαιίιιειῐι
707 1721 1051 1777 voluntatem
1109 1709 1373 1770 servienti
1405 1707 1471 1763 ad
1532 1704 1744 1762 scelera
1801 1716 1901 1774 pa-

2016 1697 2383 1769 irroupyodcqg
2414 1697 2626 1760 τούτοις
2669 1695 2810 1750 κατά
2843 1695 2942 1768 σὴν
2976 1694 3322 1767 προαίρεσιν,
3366 1694 3447 1756 εἰς
3481 1692 3584 1746 πᾶ-

315 1820 531 1878 tranda.

390 1914 556 1968 Vsus.
589 1909 678 1964 ll.
709 1905 775 1962 Et
805 1903 1014 1958 labores
1042 1899 1121 1953 tui
1172 1896 1282 1952 sint
1326 1894 1382 1948 in
1411 1889 1656 1947 domibus
1682 1885 1895 1955 alienis,
1928 1950 1929 1953 η

311 2018 357 2062 et
397 2014 444 2060 te
483 2000 735 2073 paeniteat
767 1998 821 2051 in
845 1990 1146 2048 novissimis
1176 1986 1304 2042 tuis.
1348 1982 1415 2039 Et
1440 1982 1660 2037 labores
1706 1974 1897 2043 tui,'in

312 2068 509 2155 domus
539 2089 945 2163 suppliciorum
976 2078 1322 2137 daemonibus
1352 2080 1699 2147 praeparatas
1729 2068 1897 2124 indu-

313 2199 533 2252 cantur,
559 2161 847 2238 materiam
872 2174 1018 2247 ignis
1038 2169 1233 2226 aeterni
1266 2167 1367 2223 tibi
1401 2161 1895 2220 thesaurizantes:

314 2288 367 2334 ct
402 2285 459 2333 te
482 2273 747 2348 poeniteat
774 2268 828 2322 in
856 2260 1203 2321 novissimis.

387 2461 555 2518 Vens.
592 2457 679 2513 12.
705 2452 931 2523 Quando
985 2441 1372 2513 consumpseris
1425 2453 1609 2494 carnes
1661 2432 1898 2502 corporis

334 2556 432 2621 tui,
464 2548 513 2609 et
534 2552 681 2606 dicas
719 2563 736 2602 :
772 2561 868 2600 cur
931 2541 1224 2595 detestatus
1267 2549 1386 2590 sum
1441 2526 1802 2597 disciplinam,
1846 2531 1896 2577 et

316 2643 762 2716 increpationibus
794 2654 900 2692 non
928 2631 1184 2703 acquievit
1217 2643 1308 2683 cor
1346 2638 1540 2680 meum.
1560 2620 1696 2676 Cum
1719 2630 1892 2673 mem-

317 2743 415 2798 bra
461 2711 712 2806 corporis
755 2731 831 2785 tui
894 2729 1224 2793 consumpta
1287 2718 1515 2780 fuerint,
1552 2723 1604 2769 et
1630 2713 1699 2767 ad
1752 2711 1896 2766 bona

319 2845 483 2901 opera
514 2804 623 2899 pra:
656 2827 938 2880 senectute
966 2819 1237 2887 languens
1262 2811 1401 2875 eris,
1431 2813 1487 2863 et
1525 2804 1757 2867 dixeris,
1817 2808 1899 2855 te-

320 2890 499 2994 ipsum
515 2890 869 2986 increpando
896 2930 910 2965 :
939 2909 1052 2963 Cur
1079 2902 1456 2974 disciplinam,
1501 2897 1711 2952 bonum
1760 2890 1895 2945 mihi

319 2982 715 3087 proponentem
736 3006 1042 3060 detestatus
1076 3011 1220 3061 sum,
1269 3000 1324 3048 et
1347 2989 1530 3047 verbis
1553 3000 1679 3057 quas
1736 2982 1896 3038 mali-

322 3073 454 3163 tiam
480 3115 656 3158 meam
689 3095 1015 3153 refellebant
1045 3102 1158 3147 non
1178 3081 1418 3141 attendit
1446 3077 1680 3150 spiritus
1701 3073 1898 3130 meus?

391 3280 561 3336 Vens.
593 3276 685 3332 1'5.
730 3272 854 3328 Non
899 3267 1081 3324 audivi
1122 3276 1297 3321 uocem
1354 3256 1626 3310 docentem
1683 3262 1802 3313 me;
1857 3254 1910 3336 et

324 3371 608 3430 instruenti
650 3384 729 3421 me
761 3381 868 3420 non
889 3359 1095 3433 praebui
1139 3366 1324 3410 aurem
1346 3362 1539 3403 meam.
1572 3342 1692 3397 Non
1722 3329 1908 3394 audivi

326 3482 449 3523 eum
476 3464 572 3534 qui
607 3475 692 3516 me
724 3472 754 3512 a
799 3452 908 3511 non
940 3443 1397 3537 convenientibus
1453 3433 1772 3500 avertebat;
1853 3441 1910 3488 et

326 3560 375 3615 ei
399 3526 509 3629 qui
535 3554 667 3609 mihi
688 3547 939 3606 decentia
980 3526 1323 3615 proponebat
1345 3547 1458 3588 non
1481 3526 1694 3599 subieci
1737 3536 1905 3580 aures

324 3664 500 3711 meas,
530 3653 590 3699 ut
622 3643 893 3699 audirem.
926 3699 928 3701 μ

394 3710 565 3797 Vens.
598 3736 685 3792 14.
726 3733 865 3787 Pene
907 3728 985 3798 fui
1019 3727 1076 3780 in
1108 3721 1251 3779 omni
1284 3717 1450 3783 malo,
1485 3717 1544 3770 in
1590 3710 1763 3768 medio
1820 3724 1907 3765 ec-

327 3834 501 3889 clesia:
532 3841 580 3885 et
610 3838 918 3900 synagoga.
951 3800 1087 3875 Fere
1111 3827 1327 3871 onmem
1383 3810 1670 3870 malitiam,
1706 3805 1762 3859 in
1792 3804 1905 3873 spio

325 3926 440 3982 ritu
465 3934 518 3978 et
554 3891 790 3989 corpore
816 3891 1087 3983 operatus
1137 3921 1284 3970 sum,
1316 3910 1507 3957 contra
1540 3899 1716 3968 legem
1744 3891 1909 3963 spiri-

331 4016 532 4073 tualem
566 4026 688 4081 qua:
719 3998 1231 4068 animabustempla
1264 3999 1552 4066 pratparat,
1584 4003 1679 4044 eas
1711 3999 1910 4041 secun-

330 4109 460 4164 dum
485 4079 773 4160 scientiam
806 4091 1189 4166 puriﬁcando:
1256 4095 1448 4141 contra
1508 4083 1684 4153 legem
1727 4079 1907 4149 scrip-

332 4208 468 4260 tam,
492 4192 722 4247 fortiter
759 4198 983 4241 errores
1044 4181 1348 4249 fugantem,
1377 4181 1431 4229 et
1460 4173 1748 4228 ducentem
1810 4182 1905 4223 eos

330 4288 507 4359 quiin
569 4281 752 4337 varias
778 4286 834 4333 et
872 4273 1153 4346 oppositas
1192 4278 1371 4324 sortes
1416 4263 1576 4320 divisi
1610 4261 1786 4324 fuere,
1837 4254 1906 4311 ad

334 4356 475 4435 lianc
510 4390 671 4432 unam
699 4379 913 4427 naturae
945 4369 1141 4437 legem,
1174 4356 1519 4417 exhortando
1541 4367 1816 4427 quemque
1843 4356 1905 4405 ut

334 4472 642 4546 proximum
665 4466 855 4536 diligat
876 4461 1024 4518 sicut
1052 4457 1314 4525 seipsum.

398 4651 579 4707 ‘Vsns.
604 4649 701 4704 15.
738 4646 866 4701 Bibe
886 4660 1051 4715 aquas
1071 4643 1133 4696 de
1155 4640 1386 4695 cisterna
1411 4646 1525 4703 tua,
1555 4644 1606 4691 et
1640 4635 1705 4690 de
1748 4633 1915 4705 fonti.

340 4745 436 4799 bus
472 4750 751 4813 puteorum
789 4748 1021 4792 tuorum.
1057 4734 1205 4804 Elige
1229 4731 1508 4801 dogmata,
1572 4742 1682 4783 non
1715 4726 1915 4782 cister-

342 4848 561 4897 narum,
594 4845 623 4884 a
653 4829 855 4900 quibus
885 4835 1081 4880 natura
1138 4821 1372 4877 rationis
1395 4833 1592 4889 expers
1626 4816 1913 4873 scientiam

228 4984 231 4987 ,
345 4926 510 4981 sumit
540 4923 606 4978 de
628 4922 912 4989 voluptate
944 4928 998 4972 et
1029 4914 1098 4971 de
1131 4913 1322 4968 dolore
1355 4926 1384 4965 a
1428 4910 1687 4967 sensibus
1717 4921 1913 4979 prove-

348 5017 565 5080 niente;
609 5027 729 5083 quae
762 5013 1001 5065 cisterna
1061 5012 1146 5061 est
1186 5002 1413 5057 omnino
1444 4999 1694 5056 sensatio
1727 5005 1779 5053 et
1810 5011 1908 5067 ap-

347 5105 1003 5174 parentia‘vanaz‘neque
1052 5094 1410 5151 scientiarum
1443 5091 1706 5146 Ecclesiae
1766 5089 1918 5146 Grae-

345 5209 536 5249 corum
591 5193 1043 5263 alienigenarum,
1107 5186 1224 5256 qui,
1299 5191 1562 5253 tanquam
1612 5196 1680 5237 ex
1735 5181 1917 5251 puteis

347 5287 480 5341 dant
514 5284 625 5341 illis
650 5286 745 5355 qui
775 5282 823 5338 ei
857 5280 1136 5334 adiicerent
1162 5276 1329 5331 falsas
1350 5275 1419 5330 de
1466 5274 1637 5329 rebus
1694 5281 1916 5328 senten-

349 5379 456 5434 tias
494 5394 508 5430 :
541 5376 635 5431 sed
659 5390 788 5430 erue
814 5372 884 5426 ab
917 5370 1005 5425 his
1035 5383 1157 5438 qua:
1180 5366 1278 5421 tibi
1305 5365 1479 5436 magis
1508 5363 1729 5435 propria
1770 5368 1918 5425 sunt,

351 5470 405 5526 id
432 5475 539 5531 est,
575 5482 641 5521 ex
681 5465 872 5533 spiritu
907 5469 961 5516 et
997 5457 1355 5527 intelligentia
1386 5472 1452 5511 ex
1483 5455 1707 5526 quibus,
1759 5453 1921 5524 quasi

352 5578 418 5616 ex
447 5558 704 5614 cisternis
744 5555 1112 5625 disponuntur
1178 5550 1309 5605 boni
1366 5548 1481 5604 veri
1549 5556 1737 5603 etnon
1802 5545 1923 5601 veri

352 5653 514 5720 justas
552 5647 859 5701 notiones:
907 5659 1039 5699 erue
1097 5641 1396 5713 (dogmata)
1461 5640 1761 5709 escriptis,
1812 5636 1924 5694 Deo

354 5730 689 5809 inspirante,
733 5737 948 5808 spiritui
978 5750 1031 5795 ct
1062 5735 1432 5807 intelligentiae
1469 5733 1521 5789 in
1542 5734 1806 5789 auxilium
1835 5732 1926 5789 da-

1927 1774 1973 1831 Β
2002 1807 2103 1846 σαν
2131 1788 2333 1861 πρᾶξιν
2355 1788 2641 1860 ἀθέμιτον.

2069 1886 2160 1936 ια’.
2188 1882 2255 1935 Oi
2284 1879 2355 1934 δὲ
2389 1878 2489 1935 σοί
2519 1881 2723 1947 πόνοι,
2740 1881 2830 1948 εἰς
2844 1880 3052 1945 οἵκους
3071 1872 3437 1948 ἀλλοτρίοὺς
3460 1878 3583 1932 εἰσ-

1995 1971 2239 2039 έλθωσι,
2269 1970 2368 2027 καί
2390 1971 2815 2042 μεταμεληθῇς
2840 1971 2936 2027 ἐπ’
2963 1970 3243 2041 ἐσχάτων
3265 1985 3412 2024 σου.
3440 1969 3504 2024 Oi
3524 1967 3582 2022 δέ

1998 2065 2085 2120 σοὶ
2112 2064 2302 2136 μόχθοι
2334 2066 2416 2128 εἰς
2445 2065 2543 2129 τὰς
2563 2065 2974 2136 ήτοιμασμένας
3002 2065 3185 2128 αὐτοῖς
3222 2066 3334 2126 τοῖς
3358 2062 3585 2131 δαίμοσι

2000 2154 2171 2228 μονὰς
2192 2155 2306 2211 τῶν
2333 2155 2612 2210 κολάσεων
2652 2155 2978 2227 εἰσαχθῶσιν
2997 2198 3014 2224 ,
3061 2154 3162 2225 ὕλη
3194 2172 3277 2208 σοι
3318 2152 3416 2207 τοῦ
3447 2156 3581 2206 αξωο

1995 2245 2112 2302 νίου
2154 2247 2327 2319 πυρὸς
2370 2246 2838 2320 χρηματίσαντες,
2880 2248 2977 2302 καὶ
3016 2247 3306 2318 μεταγνῷς
3341 2247 3402 2312 ἐς
3429 2244 3582 2299 ὕστε-

1999 2354 2116 2411 ρον.

2075 2429 2169 2519 ιβ’..
2205 2429 2409 2487 Ἡνίκα
2455 2430 2532 2485 ἂν
2573 2430 3009 2519 κατατριϐῶσιν
3047 2430 3277 2498 σάρκες
3305 2428 3586 2498 σώματός

1997 2540 2136 2590 σου,
2163 2514 2269 2579 ’καί
2297 2523 2449 2591 ἐρεῖς
2466 2540 2482 2555 '
2506 2523 2639 2589 Πῶς
2668 2514 2933 2594 ἐμίσησα
2960 2522 3255 2588 παιδείας,
3284 2521 3383 2595 καί
3414 2519 3585 2590 ἐλέγ-

2002 2632 2152 2684 χους
2179 2613 2490 2679 ἐξέκλινεν
2533 2614 2573 2682 ἡ
2609 2613 2821 2683 καρδία
2853 2629 3008 2683 μους
3051 2611 3319 2683 Ὃπηνίκα
3366 2611 3442 2664 τὰ
3487 2613 3582 2680 τῆς

2002 2705 2204 2778 σαρκός
2229 2721 2323 2758 σου
2355 2705 2492 2775 μέλη
2521 2704 2598 2774 τῷ
2632 2706 2810 2776 χρόνῳ
2843 2703 3293 2774 καταδαπανηθῇ,
3323 2704 3423 2756 καὶ
3450 2701 3586 2773 πρὸς

1997 2799 2262 2872 ἐργασίαν
2304 2798 2398 2851 τοῦ
2450 2796 2661 2866 ἀγαθοῦ
2695 2795 2784 2850 διά
2808 2796 2870 2849 τὸ
2894 2796 3074 2866 γῆρας
3102 2796 3459 2866 ἐξατονήσῃς,
3492 2797 3585 2848 καὶ

1996 2892 2157 2964 εἴπῃς
2190 2889 2381 2944 ἐαυτὸν
2407 2887 2862 2953 ταλανίζων,”1να
2891 2888 2943 2941 τί
2987 2887 3085 2958 τὴν
3116 2888 3177 2941 τὸ
3214 2885 3421 2955 ἀγαθὸν
3456 2886 3583 2939 ὑπο-

1995 2981 2288 3054 τιθεμένην
2321 2998 2412 3051 μοι
2448 2980 2798 3036 διδασκαλίαν
2838 2979 3230 3049 ἐόδελυξάμην,
3256 2980 3361 3033 διιαί
3409 2978 3588 3047 λόγοις

2003 3073 2102 3144 τὴν
2131 3072 2331 3127 κακίαν
2360 3088 2461 3144 μου
2491 3072 2856 3143 διελέγχουσιν
2876 3072 2938 3125 οὑ
2970 3071 3239 3143 προσέσχε
3267 3086 3371 3142 μου
3407 3073 3441 3142 ἡ
3475 3069 3589 3123 διά-

2010 3183 2127 3223 νοια
2147 3182 2164 3233 ;

2085 3266 2177 3330 ιγ’.
2211 3261 2332 3315 Οὐκ
2363 3259 2596 3330 ἢκουον
2641 3256 2849 3330 φωνῆς
2899 3257 3291 3325 παιδεύοντός
3320 3274 3436 3329 με·
3489 3258 3589 3313 καί

2008 3352 2362 3409 διδάσκοντι
2390 3369 2469 3424 με
2499 3356 2572 3408 οὐ
2619 3352 2961 3421 παρέϐαλον
3021 3352 3091 3406 τὸ
3130 3347 3242 3419 οὖς
3284 3370 3429 3422 μου.
3477 3353 3590 3423 Οὐχ

2008 3443 2281 3515 ὑπήκουον
2302 3442 2381 3516 τῷ
2413 3442 2522 3497 τῶν
2553 3443 2629 3515 μὴ
2660 3443 2891 3497 δεόντων
2939 3458 3006 3512 με
3047 3442 3462 3497 ἀναστέλλοντι·
3497 3443 3590 3496 καὶ⁵

2007 3537 2087 3609 τῷ
2109 3536 2177 3591 τὰ
2205 3537 2393 3591 δέοντα
2436 3535 2814 3608 ὑποτιθεμένῳ
2868 3552 2981 3606 μοι,
3028 3534 3090 3590 οὐ
3139 3533 3485 3605 παρετίθουν.
3521 3534 3588 3589 τὰ

2009 3623 2123 3685 ὦτα
2158 3630 2295 3700 πρὸς
2329 3629 2615 3696 ἀκρόασιν.

2083 3719 2162 3775 ιδ’.
2192 3720 2336 3787 Hap’
2382 3719 2594 3789 ὀλίγον
2620 3716 2915 3788 ἐγενόμην
2950 3717 3022 3772 ὲν
3068 3716 3246 3772 παντὶ
3298 3714 3487 3785 κακῷ,
3520 3715 3591 3770 ἐν

2003 3810 2174 3881 μέσῳ
2191 3810 2524 3878 ἐκκλησίας
2548 3809 2647 3863 καί
2673 3807 3050 3879 συναγωγῆς.
3082 3808 3240 3881 Παρὰ
3274 3807 3450 3879 βραχὺ
3482 3809 3588 3862 πᾶ-

2010 3921 2110 3959 σαν
2140 3902 2416 3975 ἁμαρτίαν
2464 3905 2608 3957 κατὰ
2653 3901 2833 3973 ψυχὴν
2871 3902 2968 3955 καὶ
3009 3900 3169 3971 σῶμα
3208 3901 3589 3971 διεπραξάμην

2008 3997 2243 4052 ἐνώπιον
2262 3995 2357 4051 τοῦ
2388 4012 2449 4050 τε
2474 3997 2571 4060 τὰς
2596 3996 2777 4066 ψυχὰς
2804 3993 3185 4057 ναοποιοῦντος
3216 3992 3587 4063 πνευματικοῦ

2007 4089 2194 4160 νόμου,
2226 4092 2284 4143 ἐν
2323 4087 2400 4159 τῷ
2442 4088 2647 4150 ταύτας
2682 4086 2968 4156 καθαίρειν
3004 4086 3147 4140 κατά
3180 4085 3453 4139 διάνοιαν
3494 4084 3588 4137 καί

2006 4177 2100 4232 τοῦ
2138 4178 2249 4233 τῶν
2288 4177 2411 4231 κατ’
2452 4177 2733 4247 ἐνέργειαν
2776 4174 3194 4245 ἁμαρτημάτων
3233 4172 3590 4243 καθαίροντος

2006 4269 2275 4341 γραπτοῦ,
2312 4268 2407 4323 καὶ
2439 4268 2765 4334 συνάγοντος
2794 4267 2921 4328 τοὺς
2951 4265 3032 4327 εἰς
3071 4262 3274 4326 πολλὰς
3305 4263 3402 4317 καὶ
3435 4263 3586 4315 ἀντι-

2008 4361 2195 4424 θέτους
2243 4359 2440 4433 μοίρας
2483 4355 2958 4428 κατατμηθέντας,
2991 4354 3129 4426 πρὸς
3173 4355 3267 4408 τὸν
3297 4353 3395 4408 ἕνα
3432 4354 3589 4422 λόγον

1937 4466 1987 4527 ι)
2012 4452 2112 4521 τῆς
2142 4452 2377 4521 φύσεως,
2434 4452 2492 4504 ἐν
2534 4448 2613 4520 τῷ
2661 4447 3072 4503 διακελεύεσθαι
3103 4446 3335 4500 ἕκαστον
3366 4446 3587 4517 ἀγαπᾷν

2014 4545 2106 4598 τὸν
2132 4542 2358 4612 πλησίον
2384 4542 2460 4606 ῶς
2492 4541 2705 4594 ἑαυτόν.
3301 4593 3307 4598 ,

2084 4636 2171 4691 ιε’.
2198 4637 2344 4691 Πίνε
2369 4635 2559 4689 ὕδατα
2587 4635 2703 4689 ἀπὸ
2733 4633 2862 4688 σῶν
2888 4633 3160 4703 ἀγγείων,
3195 4630 3293 4685 καί
3320 4630 3440 4686 ἀπὸ
3462 4628 3577 4685 σῶν

2015 4729 2285 4799 φρεάτων
2307 4725 2533 4796 πηγῶν.
2570 4725 2762 4796 Ἀρύου
2783 4723 3051 4793 δόγματα,
3080 4724 3154 4794 μὴ
3188 4724 3256 4777 τὰ
3280 4724 3374 4792 ἀφ’
3395 4716 3471 4777 ὧν
3493 4724 3590 4791 ἀγ·

2016 4820 2179 4891 γείων
2203 4819 2299 4873 καὶ
2328 4822 2362 4888 ἡ
2394 4818 2587 4886 ἄλογος
2616 4815 2780 4886 φύσις
2799 4815 2895 4886 τὴν
2916 4809 3041 4868 καθ’
3061 4814 3254 4886 ἡδονὴν
3282 4815 3378 4868 καὶ
3400 4813 3590 4883 ὀδύνην

2014 4913 2127 4969 τῶν
2160 4910 2434 4982 αἰσθητῶν
2465 4908 2671 4978 γνῶσιν
2692 4906 3015 4977 κομίζεται·
3067 4906 3212 4975 ᾇπερ
3238 4905 3458 4967 πάντως
3490 4906 3597 4972 a7--

2016 5006 2140 5075 γεῖα
2169 5006 2202 5075 ἡ
2239 5002 2492 5073 αἴσθησις
2524 5001 2619 5053 καὶ
2656 5000 2690 5069 ἡ
2722 4997 2994 5067 φαντασία
3021 4997 3169 5050 ἐστι*
3206 4998 3331 5069 μήτ’
3356 4997 3464 5051 ἀπὸ
3483 4995 3591 5049 τῶν

2017 5098 2116 5169 τῆς
2140 5094 2471 5164 Ἔκκλησίας
2487 5092 2652 5159 ξένων
2664 5088 2992 5160 Ἑλληνικῶν
3008 5088 3371 5159 μαθημάτων,
3382 5086 3490 5141 τῶν
3505 5080 3590 5141 οἷα

2020 5186 2272 5258 φρεάτων
2312 5180 2937 5258 ἐπιχορηγούντωνιτοϊς
2967 5180 3096 5244 περί
3132 5177 3304 5231 ταῦτα
3335 5176 3589 5247 ἀσχολου-

2024 5241 2229 5350 μένοις,
2258 5275 2356 5339 τὰς
2387 5241 2652 5346 τὲὲριῖῶν
2678 5241 2849 5326 Mdv
2884 5241 3101 5341 ψευδεὲς
3127 5270 3309 5335 δόξας,
3348 5241 3463 5324 ἀλλ’
3486 5267 3597 5322 ἀπδ-

2019 5368 2128 5421 τῶν
2161 5366 2471 5429 ἰδιαιτάτως
2504 5362 2634 5429 σῶν,
2664 5361 2760 5416 τοῦ
2779 5379 2840 5415 τε
2868 5359 2963 5416 νοῦ
2991 5361 3084 5414 καὶ
3113 5360 3213 5431 τῆς
3233 5359 3470 5422 διανοίας
3487 5371 3504 5388 ·
3534 5354 3591 5421 ἐξ

2021 5453 2118 5522 ὧν,
2149 5458 2225 5522 ὡς
2268 5456 2332 5511 ἐκ
2354 5474 2514 5510 τινων
2551 5454 2809 5524 ἀγγείων,
2840 5453 2896 5507 αἰ
2923 5451 3019 5505 τοῦ
3050 5452 3203 5515 ὄντος
3243 5448 3471 5520 ἀγαθοῦ,
3500 5447 3590 5502 καὶ

2023 5550 2115 5604 τοῦ
2144 5548 2218 5620 μὴ
2248 5548 2510 5613 τοιούτου,
2540 5547 2759 5614 λογικαί
2784 5543 2932 5609 δόξαι
2958 5534 3245 5616 ἀρύονταιζ
3263 5544 3359 5595 καὶ
3389 5540 3494 5595 τῶν
3515 5540 3589 5600 εἰς

2029 5642 2281 5714 βοήθειαν
2309 5639 2568 5695 δοθεισῶν
2607 5637 2821 5701 τούτοις
2847 5632 3507 5706 θεοπνεύστωνοΓραφῶνο
3534 5628 3593 5690 ἐξ

2028 5727 2102 5792 ὧν
2131 5734 2206 5797 ῶς
2236 5733 2489 5804 φρεάτων
2531 5729 2694 5786 τινῶν
2728 5728 2891 5800 βάθος
2926 5726 3166 5798 ἐχουσῶν
3213 5723 3598 5793 ἀνεξάντλητον
