3960 6230
347 413 480 478 1267

347 619 446 674 das
471 619 525 674 in
543 617 740 689 spiritu
763 617 828 672 ad
863 616 1059 683 harum
1091 619 1354 677 rationes.

418 791 585 847 Vens.
625 791 716 864 21.
771 793 906 846 Ante
957 791 1136 846 oculos
1178 791 1299 870 Dei,
1360 805 1486 849 sunt
1519 799 1614 851 via:
1662 796 1918 852 hominis.

1675 421 2026 482 PROCOPII
2064 420 2308 480 ΟΑΖΕΙ

240 540 243 541 ⁷
345 526 565 590 dentur,
593 529 648 577 ut
674 537 862 588 earum
889 524 1222 595 apparentiis
1251 524 1488 595 haereas,
1509 533 1692 584 etnon
1721 544 1918 601 proce-

2059 545 2299 599 υμπεριγ
2308 528 2479 600 ράφου
2489 567 2503 594 ,
2528 523 2669 580 κατὰ
2684 523 2744 578 τὸ
2752 523 3109 594 ὲναπομὲνειν
3124 521 3244 586 ταῖς
3257 522 3607 592 ἐπιφανείαις

2021 624 2128 676 τῶν
2154 622 2388 694 ὁρατῶν,
2417 620 2512 674 καὶ
2549 618 2627 690 μὴ
2655 615 2962 671 διαϐαίνειν
2997 613 3140 669 κατὰ
3169 614 3293 668 νοῦν
3317 617 3461 686 πρὸς
3481 617 3608 678 τοὺς

2022 712 2214 783 λόγους
2246 712 2452 768 αὐτῶν.

3472 414 3607 479 1268

2094 809 2202 857 κα’.
2241 801 2536 856 Ἐνώπιον
2581 799 2692 870 γάρ
2724 801 2844 854 εισι
2869 799 2987 853 τῶν
3029 799 3135 853 τοῦ
3184 799 3332 855 Θεοῦ
3384 800 3608 869 ὀφθαλ-

350 883 546 942 Nullus
568 885 808 941 hominis
842 893 1088 940 motuum
1115 886 1512 958 spiritualium,
1560 891 1755 946 oculos
1799 889 1916 958 Dei,

2057 890 2170 957 ιῶν,
2201 892 2328 948 ὁδοὶ
2355 890 2595 960 ἀνδρός.
2628 891 2796 946 Οὐδὲν
2841 891 2952 961 γὰρ
3011 889 3119 944 τῶν
3171 891 3313 944 κατὰ
3368 891 3609 961 γνώμην

351 979 533 1032 omnia
561 977 831 1043 videntes,
853 976 1008 1048 fugit.

425 1153 616 1208 Omnes
646 1155 791 1210 illius
810 1156 1032 1212 semitas
1063 1159 1389 1215 considerat.
1430 1159 1633 1216 Omnes
1664 1161 1809 1217 illius
1840 1176 1928 1217 se-

353 1245 516 1301 mitas
543 1255 597 1301 et
629 1249 934 1303 secundum
954 1251 1223 1306 theoriain
1255 1261 1309 1306 et
1367 1252 1665 1309 secundum
1690 1255 1924 1323 praxim,

2023 982 2119 1037 τοῦ
2165 982 2453 1054 ἀνθρώπου
2489 982 2846 1052 κινημάτων,
2877 983 3006 1047 τοὺς
3061 982 3440 1054 παντεφόρους
3508 981 3608 1035 τοῦ

2025 1073 2159 1128 Θεοῦ
2199 1074 2423 1146 λέληθεν
2445 1075 2777 1146 ὀφθαλμούς.

2088 1165 2194 1230 Εἰς
2221 1165 2290 1218 δὲ
2317 1164 2520 1232 πάσας
2563 1164 2672 1233 τὰς
2730 1167 2972 1235 τροχιὰς
3031 1166 3220 1222 αὐτοῦ
3287 1167 3608 1221 σκοπεύει.

2041 1256 2167 1310 Ἐπὶ
2191 1257 2397 1320 πάντας
2425 1257 2483 1310 δὲ
2518 1258 2646 1322 τοὺς
2676 1257 2820 1311 κατά
2873 1275 2934 1311 τε
2994 1258 3227 1330 Θεωρίαν
3265 1259 3359 1312 καὶ
3399 1259 3614 1327 πρᾶξιν

355 1336 473 1405 ipse
492 1338 835 1404 considerat,
873 1341 918 1396 si
953 1341 1258 1396 secundum
1310 1343 1430 1411 ejus
1465 1345 1774 1398 voluntates
1806 1357 1927 1398 am-

2063 1347 2258 1417 ρόμους
2278 1347 2444 1402 αὐτοῦ
2467 1349 2661 1419 ἐφορᾷ,
2680 1349 2730 1402 ei
2751 1348 2894 1403 κατὰ
2905 1349 3006 1420 τὴν
3024 1349 3216 1404 τούτου
3247 1349 3615 1422 προϐαίνουσι

357 1428 526 1482 bulet.

425 1517 593 1575 Vens.
622 1519 713 1575 22.
749 1519 1069 1591 Iniquitates
1097 1524 1311 1592 capiunt
1340 1524 1623 1579 hominem.
1657 1524 1929 1592 Volupta—

356 1610 504 1666 tibus
531 1612 737 1682 iniquls
766 1623 1030 1683 tanquam
1061 1615 1271 1671 retibus
1319 1616 1479 1672 homo
1507 1617 1927 1687 constringitur,

357 1719 479 1772 qua:
498 1719 608 1760 non
640 1707 827 1762 sinunt
857 1715 915 1761 ut
937 1708 1240 1764 secundum
1299 1707 1395 1764 Dei
1426 1709 1684 1764 mandata
1736 1709 1932 1764 ambu-

359 1798 454 1850 let.

2065 1439 2305 1494 ούλησιν.

2065 1439 2158 1494 ούλ
2203 1457 2305 1494 σιν.
3581 1442 3589 1450 ’

2031 1438 2062 1512 β
2099 1457 2205 1602 κβῖὶ.
2251 1532 2828 1602 Παρανομίαιᾶνδρα
2857 1532 3206 1603 ἀγρεύουσι.
3254 1530 3481 1586 Ἦδοναὶ
3507 1545 3616 1584 πα·

2035 1623 2252 1694 ράλογοι
2311 1624 2697 1693 παγιδεύουσιν
2748 1624 3057 1695 ἄνθρωπον,
3142 1625 3216 1695 μὴ
3285 1621 3613 1692 συγχωροῦ-

2034 1733 2122 1771 σαι
2159 1715 2351 1770 τοῦτον
2383 1717 2483 1789 τὴν
2515 1718 2634 1772 ὁδὸν
2665 1717 2771 1772 τῶν
2833 1716 2993 1771 θείων
3058 1715 3292 1771 ἐντολῶν
3329 1715 3618 1786 διεξέρχε-

2036 1807 2180 1864 σθαι.

428 1883 596 1940 Vens.
624 1886 714 1942 25.
748 1885 986 1942 Funibus
1011 1901 1345 1957 peccatorum
1359 1908 1575 1947 suorum
1599 1892 1884 1962 stringitur
1912 1907 1930 1946 :

2103 1906 2211 1968 κγ’.
2246 1899 2476 1969 Σειραῖς
2507 1899 2576 1952 δὲ
2601 1898 2720 1954 τῶν
2751 1899 2968 1954 ἑαυτοῦ
3006 1899 3307 1970 ἁμαρτιῶν
3347 1899 3619 1965 ἕκαστος

361 1975 478 2046 ipse
496 1977 729 2032 moritur
759 1994 883 2034 cum
917 1981 1322 2051 ignorantibus.
1379 1982 1662 2053 Tanquam
1712 1984 1935 2038 funibus

360 2068 797 2136 lnevitabilibus,
845 2087 1054 2142 magna;
1109 2075 1523 2130 consuetudinis
1557 2089 1806 2130 errorum
1841 2073 1934 2146 qui

363 2168 417 2223 in
453 2170 544 2224 illo
579 2177 709 2225 sunt
740 2170 971 2235 retibus,
999 2171 1073 2224 ita
1104 2175 1163 2224 ut
1193 2171 1262 2224 ab
1288 2170 1369 2225 eis
1393 2186 1502 2224 non
1538 2168 1714 2240 possit
1772 2167 1934 2232 solvi,

361 2257 562 2327 ligatur
598 2259 778 2314 omnis
814 2266 1075 2329 peccator
1110 2277 1124 2313 :
1155 2260 1245 2329 qui
1306 2261 1349 2315 si
1385 2257 1936 2328 remaneatimpoenio

363 2357 509 2418 tens,
570 2365 680 2405 non
715 2351 938 2422 eﬂ‘ugiet
990 2354 1354 2422 perditionem
1413 2368 1537 2407 cum
1583 2353 1667 2407 bis
1700 2351 1797 2423 qui
1842 2347 1937 2404 Dei

362 2441 570 2494 monita
600 2455 708 2494 non
741 2439 1107 2496 admiserunt.

437 2533 520 2585 Ea:
579 2533 944 2604 magnitudine
1001 2535 1125 2589 vita:
1175 2550 1287 2590 sua:
1322 2536 1690 2606 praecipitatus
1743 2544 1846 2600 est,
1889 2541 1943 2590 et

361 2623 518 2692 periit
543 2624 607 2679 ob
639 2623 952 2681 stultitiam.
989 2625 1034 2679 A
1096 2634 1360 2697 perpetua
1394 2634 1448 2682 et
1489 2627 1647 2682 beata
1713 2627 1940 2697 spiritus

362 2714 496 2778 vita,
528 2713 768 2784 quaeilli,
791 2722 850 2769 ut
877 2713 946 2769 ad
971 2715 1267 2785 imaginem
1319 2727 1372 2772 et
1398 2715 1818 2771 similitudinem
1846 2713 1938 2768 Dei

369 2808 514 2863 iacto
539 2809 756 2879 propria
791 2819 896 2876 est,
916 2817 1139 2880 propter
1162 2812 1443 2882 propriam
1478 2812 1705 2868 exuitur
1737 2813 1938 2866 volun-

366 2906 530 2955 tatem
555 2916 573 2966 ;
597 2907 650 2956 et
674 2915 772 2956 sua
801 2899 1050 2972 privatur
1072 2903 1252 2958 salute
1281 2903 1353 2957 ob
1375 2903 1541 2958 vitam
1575 2904 1935 2958 insensatam.

1025 3167 1180 3226 CAP.
1220 3167 1310 3225 Vl.

436 3262 605 3320 Vens.
635 3263 685 3320 l.
750 3260 880 3329 Fili,
912 3265 958 3319 si
1021 3264 1364 3334 spoponderis
1407 3279 1501 3332 pro
1549 3264 1740 3330 amico,
1788 3261 1942 3318 dabis

372 3357 587 3411 inimico
606 3372 843 3412 manum.
868 3355 974 3411 Fili
1006 3357 1336 3427 spiritualis,
1369 3359 1417 3412 si
1446 3357 1502 3411 in
1527 3356 1830 3412 crastinum
1851 3369 1944 3410 re-

375 3450 564 3504 mittas
591 3457 649 3502 ut
706 3447 818 3505 Deo
844 3464 1010 3520 opera
1058 3448 1418 3520 ptenitentiae,
1450 3449 1507 3504 in
1531 3462 1764 3518 corpore
1797 3447 1945 3517 quod

373 3543 476 3598 tibi
505 3542 730 3598 charum
753 3551 860 3609 est,
889 3543 1172 3605 ostendas,
1193 3551 1246 3596 et
1275 3542 1320 3598 si
1345 3543 1430 3599 vis
1448 3543 1610 3598 hodie
1627 3541 1947 3597 carnalibus

375 3647 574 3688 vacare
639 3632 1033 3703 voluptatibus,
1062 3631 1172 3688 illis
1191 3640 1341 3687 tuam
1388 3633 1687 3702 potentiam
1715 3640 1770 3687 et
1812 3644 1946 3686 con-

378 3726 756 3798 cupiscibilem
777 3735 830 3780 et
853 3727 1184 3781 irasribilem
1215 3725 1612 3791 submittendo,
1645 3723 1947 3794 practicam

378 3828 529 3872 tuam
579 3819 902 3889 potentiam,
962 3819 1268 3873 animarum
1317 3828 1634 3873 nostrarum
1666 3819 1946 3874 communi

377 3912 520 3967 hosti
545 3911 821 3982 subiiciet,
855 3922 911 3966 ut
945 3911 1114 3967 l‘acias
1147 3926 1211 3967 ea
1263 3925 1384 3982 quae
1417 3909 1519 3966 tibi
1554 3911 1619 3966 ad
1647 3908 1946 3982 perniciem

379 4004 659 4075 proponit.

449 4091 614 4149 Vens.
665 4093 719 4146 2.
761 4091 881 4148 Rete
903 4092 1274 4162 fortehomini,
1337 4092 1554 4161 propria
1605 4092 1772 4148 labia.
1818 4093 1950 4148 ﬂete

381 4185 758 4242 inextricabile
796 4185 1002 4239 homini
1056 4183 1512 4253 concupiscibilis
1543 4190 1598 4238 et
1651 4183 1949 4239 irascibilis

381 4278 646 4349 potentia,
668 4291 789 4346 quae
825 4280 1015 4344 aperta
1033 4281 1092 4328 ut
1123 4273 1368 4343 quaedam
1423 4273 1564 4327 labia
1587 4271 1660 4328 ob
1717 4286 1951 4343 propen-

287 4377 291 4381 ’
382 4373 592 4426 sionem
643 4370 711 4423 ad
758 4367 1066 4433 sensibilia,
1100 4366 1541 4421 exhortationem
1575 4367 1677 4420 via:
1727 4365 1948 4420 virtutis

381 4468 682 4522 removent,
717 4466 771 4514 et
810 4459 1086 4514 hominem
1115 4458 1170 4513 in
1209 4458 1532 4513 servitutem
1565 4455 1840 4527 redigunt,
1894 4465 1955 4510 ut

2035 1992 2378 2060 σφίγγεταιο
2445 1987 2620 2058 οὗτος
2669 1989 2920 2060 τελευτᾷ
2994 1991 3146 2060 μετὰ
3208 1990 3616 2046 ἀπαιδεύτων.

2036 2077 2137 2136 Οἴα
2159 2082 2217 2136 δέ
2245 2099 2355 2135 τισι
2381 2081 2606 2152 δεσμοῖς
2640 2083 2924 2152 ἀφύκτοις,
2955 2085 3074 2146 ταῖς
3113 2084 3178 2136 ὲκ
3216 2084 3439 2154 μακρᾶς
3483 2097 3615 2135 συν-

2035 2174 2224 2244 ηθείας
2263 2175 2371 2226 τῶν
2404 2173 2622 2227 οἰκείων
2653 2175 3010 2244 πταισμάτων
3063 2176 3418 2239 πλεκτάναις,
3484 2191 3619 2228 συν-

2039 2265 2223 2334 έχεται
2256 2265 2362 2328 πᾶς
2396 2264 2864 2330 δυσαποσπάστως
2896 2265 3034 2336 ἔχων
3061 2268 3159 2337 τῆς
3203 2266 3488 2337 ἁμαρτίας
3514 2282 3527 2294 ”
3561 2265 3618 2328 ὃς

2037 2355 2134 2408 ἐὰν
2196 2354 2356 2427 μείνῃ
2403 2354 2794 2424 ἀμετανόητος,
2825 2358 3067 2426 καταντᾷ
3096 2357 3176 2419 είς
3213 2356 3497 2410 ἀπώλειαν
3524 2373 3622 2425 με-

2035 2447 2106 2500 τὰ
2139 2445 2248 2499 τῶν
2273 2445 2516 2517 μηδόλως
2535 2445 2845 2515 δεξαμένων
2877 2447 3161 2500 νουθεσίαν
3193 2446 3429 2518 Κυρίου.

2107 2537 2213 2592 Ἕκ
2235 2537 2303 2590 δὲ
2331 2537 2602 2603 πλήθους
2626 2537 2737 2606 τῆς
2801 2539 2988 2592 αὐτοῦ
3032 2537 3249 2606 ,ϐιοτῆς
3303 2537 3617 2606 ἐξερρίςοηο

2039 2630 2136 2684 καὶ
2185 2629 2456 2704 ἀπώλετο
2485 2629 2558 2684 δι’
2593 2630 2970 2698 ἀφροσύνην.
3025 2629 3157 2684 Ἀπὸ
3188 2630 3245 2682 δὲ
3277 2629 3377 2697 τῆς
3410 2629 3618 2680 οίκειοο

2039 2722 2210 2793 τάτης
2236 2721 2402 2792 αὐτῷ,
2457 2721 2533 2786 ῶς
2595 2723 2863 2792 γενομένῳ
2923 2721 3046 2774 κατ’
3105 2721 3291 2774 εἰκόνα
3333 2718 3476 2772 Θεοῦ
3526 2718 3621 2773 καὶ

2041 2813 2320 2886 ὁμοίωσιν,
2370 2812 2731 2884 ἀτελευτήτου
2772 2814 2868 2866 καὶ
2892 2813 3169 2882 μακαρίας
3214 2813 3273 2864 ὲν
3336 2810 3622 2879 πνεύματι

2042 2905 2207 2976 ζωῆς,
2249 2904 2370 2958 κατ’
2399 2905 2603 2958 οἰκείαν
2659 2903 2885 2975 γνώμην
2933 2904 3275 2974 ἀπέρριπται
3305 2918 3319 2933 ·
3375 2902 3477 2956 καὶ
3519 2899 3621 2970 τῆς

2043 2995 2238 3051 ἑαυτοῦ
2270 2997 2545 3068 σωτηρίας
2598 2995 2914 3066 ἐπέρηται,
2967 2993 3059 3048 διὰ
3115 2995 3442 3066 προαίρεσιν
3501 2991 3624 3047 ἀλό-

2043 3100 2252 3154 γιστον.
2523 3116 2527 3119 ι

2641 3177 2895 3231 neua.
2921 3178 3014 3244 ς’.

2114 3272 2184 3320 α’.
2218 3264 2335 3332 Υἱὲ,
2370 3263 2479 3319 ἐὰν
2530 3264 2798 3334 ἐγγυήσῃ
2853 3265 2971 3319 σὸν
3017 3267 3220 3335 φίλον,
3245 3257 3621 3332 παραδώσεις

2049 3357 2218 3427 χεῖρα
2236 3353 2445 3426 ἐχθρῷ.
2467 3355 2666 3410 Τέκνον
2692 3356 3082 3426 πνευματικὸν,
3114 3358 3164 3409 εί
3188 3357 3269 3419 είς
3291 3357 3390 3426 τὴν
3433 3355 3619 3425 αὔριον

2047 3446 2416 3513 ἐπιδείξασθαι
2447 3447 2506 3500 τὸ
2534 3447 2828 3517 προσφιλές
2860 3463 2941 3500 σοι
2970 3447 3130 3518 σῶμα
3159 3446 3450 3517 μετανοίας
3487 3446 3618 3515 ἔργα

2045 3538 2167 3610 Θεῷ
2194 3537 2506 3611 ἐπαγγέλλῃ
2528 3579 2543 3603 ,
2575 3539 2668 3592 καὶ
2691 3538 2792 3608 τὴν
2825 3538 3066 3608 σήμερον
3107 3538 3207 3602 τὰς
3252 3536 3374 3591 κατ’
3437 3534 3619 3589 ἐπιθυ-

2051 3629 2181 3702 μίας
2211 3629 2305 3684 καὶ
2332 3628 2503 3700 θυμὸν
2533 3627 2802 3699 σαρκικὰς
2837 3626 3083 3699 πληροῦν
3113 3625 3322 3696 ὀρέξεις
3353 3624 3618 3695 βουλόμε-

2047 3738 2157 3786 νος,
2193 3719 2450 3792 παρέξεις
2475 3720 2573 3791 τὴν
2601 3720 2912 3790 πρακτικήν
2945 3735 3038 3772 σου
3078 3717 3313 3788 δύναμιν
3345 3716 3427 3787 τῷ
3457 3712 3620 3782 κοινῷ

2048 3815 2293 3888 πολεμίῳ
2321 3815 2429 3869 τῶν
2474 3813 2760 3885 ἡμετέρων
2786 3812 3005 3884 ψυχῶν,
3047 3815 3128 3878 είς
3174 3814 3238 3868 τὸ
3287 3810 3620 3884 ἐργάζεσθαι

2049 3909 2086 3965 ἃ
2109 3927 2191 3963 σοι
2237 3907 2375 3980 πρὸς
2409 3905 2682 3962 ἀπώλειαν
2707 3905 3050 3975 ὑποτίθησιν.

2123 4087 2404 4160 β’--Παγὶς
2430 4087 2540 4158 τὰρ
2572 4084 2791 4154 ισχυρὰ
2826 4081 3000 4150 ἀνδρι
3027 4078 3100 4134 τὰ
3134 4078 3256 4134 tota
3281 4079 3478 4149 χείλη.
3512 4074 3612 4143 Θή-

2057 4198 2253 4256 ρατρον
2284 4182 2393 4251 γὰρ
2416 4177 2736 4246 δυσέφικτον
2783 4172 3078 4246 ἀνθρώπῳ,
3133 4172 3169 4242 ἥ
3216 4189 3278 4224 τε
3337 4165 3616 4238 ἐπιθυμία,

2054 4275 2150 4329 καὶ
2178 4275 2206 4328 ό
2247 4271 2435 4342 θυμὸς,
2461 4269 2497 4324 ἃ
2521 4268 2675 4339 δίκην
2703 4267 2930 4338 χειλέων
2964 4264 3237 4334 κεχηνότα
3264 4261 3408 4315 κατὰ
3441 4259 3618 4329 σχέσιν

2055 4364 2194 4434 πρὸς
2239 4360 2306 4413 τὰ
2333 4357 2591 4438 αἰσθητὰ,
2621 4357 2716 4410 τοῦ
2748 4356 2868 4408 κατ’
2893 4352 3098 4425 ἀρετὴν
3145 4351 3351 4421 δρόμου
3407 4350 3502 4403 τὸν
3538 4346 3618 4398 λό-
3713 4398 3720 4406 ,

2056 4469 2156 4522 γον
2185 4449 2492 4505 κωλύουσι·
2550 4445 2645 4500 καὶ
2682 4444 2882 4498 πάθεσι
2923 4442 3022 4512 μὲν
3083 4439 3358 4495 δουλεύειν
3388 4439 3488 4511 τὴν
3530 4439 3618 4504 ai)»

384 4553 548 4609 hodie
616 4554 828 4608 serviat
868 4552 1287 4622 cupiditatibus,
1327 4558 1383 4607 et
1471 4549 1854 4621 paznitentiam
1897 4547 1943 4602 in

2063 4559 2248 4614 μερον,
2291 4541 2390 4610 τὴν
2413 4538 2468 4593 δὲ
2495 4537 2764 4607 κάθαρσιν
2795 4538 2874 4600 είς
2897 4533 2996 4606 τὴν
3026 4532 3216 4606 αὔριον
3235 4528 3616 4604 ὑπερτίθεσθαι

382 4644 684 4700 crastinum
715 4643 977 4698 remittat.

454 4735 525 4790 Et
559 4735 768 4804 capitur
799 4732 954 4787 labiis
983 4733 1337 4802 propriioris.
1372 4731 1440 4786 Et
1467 4740 1762 4803 superatur
1795 4729 1960 4794 homo

385 4825 590 4895 iniquis
625 4823 922 4879 voluntatis
968 4837 1081 4879 suae
1116 4825 1603 4894 propensionibus,
1634 4837 1732 4894 per
1790 4837 1956 4893 quam

387 4916 542 4986 quasi
567 4929 663 4984 per
695 4915 971 4985 quoddam
1005 4930 1089 4982 os,
1121 4914 1342 4970 virtutis
1367 4915 1450 4970 vel
1508 4914 1730 4970 malitia:
1789 4911 1959 4986 parti-

386 5025 513 5080 ceps
547 5008 605 5063 ﬁt
629 5008 682 5064 in
716 5008 935 5077 spiritu.

461 5100 628 5156 Vens.
654 5100 708 5155 5.
744 5097 878 5164 Fac,
908 5099 990 5168 ﬁli
1017 5099 1110 5162 mi,
1141 5115 1203 5153 ea
1226 5114 1342 5170 qua
1376 5097 1471 5152 tibi
1496 5113 1753 5168 propono,
1813 5104 1861 5150 et
1894 5095 1961 5148 li-

391 5193 513 5245 bera
541 5199 608 5244 te.
660 5190 1021 5261 Operare,lili
1087 5190 1409 5262 spiritualis,
1466 5205 1529 5244 ea
1561 5203 1682 5258 quae
1708 5187 1804 5242 tibi
1835 5202 1964 5257 pro-

391 5299 558 5354 pono,
589 5286 736 5339 etab
764 5284 970 5357 iniquis
999 5283 1215 5340 custodi
1247 5290 1300 5340 te
1324 5280 1740 5353 cupiditatibus.

474 5465 674 5520 Venisti
711 5467 764 5519 in
789 5481 974 5520 manus
1008 5463 1271 5519 malorum
1304 5471 1515 5533 propter
1533 5462 1760 5515 amicum
1791 5470 1961 5514 tuum.

395 5557 629 5610 Coactus
663 5556 838 5621 fuisti,
880 5565 939 5610 ut
969 5557 1057 5610 his
1107 5555 1438 5626 perniciosis
1479 5554 1717 5626 capiaris
1745 5553 1961 5626 cupidi-

398 5646 624 5709 tatibus,
651 5656 874 5715 propter
900 5647 996 5702 tibi
1019 5647 1404 5702 charissimum
1441 5661 1661 5716 corpus.

471 5733 600 5788 Esto
619 5735 795 5803 fortis.
817 5736 950 5792 Esto
983 5737 1243 5794 robustus
1275 5737 1502 5808 spiritus
1527 5736 1803 5793 ﬁrmitate.

2060 4637 2219 4688 τοῦτο
2251 4628 2750 4702 ἀνδραποδίζουσιν.

2129 4725 2241 4780 Καὶ
2277 4724 2592 4778 ἁλίσκεται
2646 4721 2920 4789 χείλεσιν
2966 4717 3122 4773 ἰδίου
3149 4718 3470 4786 στόματος.
3514 4709 3614 4768 Καὶ
3667 4786 3674 4789 _

2061 4819 2350 4885 κρατεῖται
2374 4817 2402 4868 ὁ
2427 4813 2716 4884 ἄνθρωπος
2744 4813 2866 4874 ταῖς
2889 4810 3198 4879 ἀλογίστοις
3262 4809 3480 4879 σχέσεσι
3529 4800 3614 4857 τοῦ

2061 4906 2261 4960 οίκείω
2317 4902 2706 4977 προαιρετικοῦ
2731 4918 2746 4933 ⁸
2783 4902 2850 4954 δι’
2873 4895 2935 4953 οῦ
2975 4901 3051 4964 ὡς
3073 4900 3160 4954 διά
3189 4917 3334 4963 τινος
3365 4899 3614 4970 στόματος

2060 4999 2263 5072 ἀρετῆς
2293 4998 2326 5070 ἢ
2359 4996 2554 5058 κακίας
2596 4994 3000 5066 μεταλαμϐάνει
3033 4993 3172 5048 κατὰ
3204 4992 3403 5063 ψυχήν.

2121 5097 2194 5158 γ’.
2227 5090 2410 5154 Ποιέι,
2440 5087 2551 5151 υἱὲ,
2576 5085 2615 5140 ἃ
2635 5086 2748 5156 ἐγώ
2775 5102 2872 5140 σοι
2892 5085 3267 5153 ἐντέλλομαι,
3288 5083 3386 5135 καί
3418 5078 3612 5138 σώζου.

2075 5180 2366 5255 Ἐργάζου,
2398 5179 2587 5233 τέκνον
2617 5177 3003 5247 πνευματικὸν,
3037 5175 3180 5246 ἅπερ
3208 5192 3288 5228 σοι
3323 5174 3485 5236 αὐτὸς
3498 5174 3612 5225 ὑπο-

2062 5275 2277 5348 τίθημι,
2311 5273 2406 5327 καὶ
2467 5272 2578 5326 ἀπὸ
2630 5271 2742 5324 τῶν
2801 5269 3130 5341 παραλόγων
3193 5265 3466 5336 φυλάττου
3517 5276 3610 5314 πα⁸

2067 5369 2173 5422 θῶν
2183 5411 2198 5424 .

2141 5459 2348 5523 ’Ἥκεις
2377 5455 2487 5525 γὰρ
2512 5457 2599 5519 εις
2627 5451 2829 5524 χεῖρας
2862 5451 3066 5505 κακῶν
3096 5449 3195 5504 διὰ
3254 5448 3373 5504 σὺν
3428 5449 3606 5519 φίλων.

2070 5547 2373 5618 Συνελαύνῃ
2401 5546 2510 5617 γὰρ
2535 5548 2616 5609 είς
2642 5545 2703 5597 τὸ
2729 5547 2841 5607 τοῖς
2867 5541 3130 5605 τοιούτοις
3161 5539 3427 5612 ὀλεθρίοις
3488 5531 3610 5592 ἁλῶ-

2071 5657 2158 5692 ναι
2192 5639 2408 5702 πάθεσι,
2463 5636 2550 5690 διὰ
2578 5635 2639 5689 τὸ
2669 5634 2965 5708 προσφιλές
2997 5651 3077 5687 σοι
3102 5633 3282 5704 σῶμα.
3588 5695 3592 5698 ,

2143 5733 2302 5784 Ἰσθι
2324 5728 2409 5798 μὴ
2433 5728 2818 5806 ἐκλυόμενος.
2854 5727 2986 5781 Ἐσο
3038 5725 3116 5800 μὴ
3162 5724 3255 5779 τὸν
3299 5723 3398 5795 τῆς
3460 5712 3608 5792 ψυχῆς

2075 5839 2167 5874 σου
2197 5823 2346 5875 τόνον
2373 5819 2566 5890 χαυνού
2576 5835 2756 5890 μενος.
