3960 6230
330 351 335 356 ’
366 356 502 422 1269

1393 353 1930 416 COMMENTARII
1976 353 2056 413 IN
2098 350 2564 415 PROVERBIA.
2600 423 2602 426 _

3490 342 3625 406 12Ῑο

439 459 751 524 Παρόξυνε
784 462 853 516 δὲ
879 462 978 516 καὶ
1011 464 1118 518 τὸν
1149 464 1334 534 φίλον
1357 483 1474 521 σου
1509 467 1582 520 ὃν
1630 468 1929 537 ἐγγυήσω.

2110 465 2305 519 Ean-ita
2323 466 2486 520 etiam
2515 462 2751 522 amicum
2785 476 2880 531 pro
2913 474 3014 531 quo
3045 455 3395 528 spopondisti.
3433 456 3625 513 Ex‘cita

371 549 666 624 Παράθηγε
694 553 750 607 δὲ
793 554 996 625 μᾶλλον
1049 557 1144 612 καὶ
1198 557 1330 612 αὐτὸ
1382 560 1443 612 τὸ
1495 558 1816 630 φιλούμενόν
1860 576 1942 614 σοι

374 644 599 711 σαρκίον
624 659 638 674 ·
673 643 963 720 διεγείρων
1001 646 1162 702 τοῦτο
1189 648 1328 720 πρὸς
1352 649 1617 718 ἐργασίαν
1651 649 1746 703 τοῦ
1805 649 1945 718 ἁγα-

2045 559 2229 629 potius
2257 555 2356 611 tibi
2383 554 2772 612 charissimum
2805 552 3240 623 corpusculum:
3276 564 3437 606 move
3493 549 3628 606 illud

2046 650 2114 704 ad
2142 650 2283 705 bona
2321 662 2510 720 opera,
2539 655 2601 702 tu
2638 645 2733 717 qui
2787 645 2898 702 Deo
2939 660 3106 717 opera
3124 644 3354 716 iustitiae
3417 646 3629 714 promi-
3727 682 3729 684 .

373 733 490 800 θοῦ,
521 736 550 790 δ
597 737 944 811 δικαιοσύνης
999 742 1138 814 ἔργα
1193 739 1537 810 ἐνδείξασθαι
1599 739 1943 812 καθυπέσχου
2045 743 2191 800 sisti.

371 828 512 900 Θεῷ.
1553 893 1579 908 ’

442 921 504 978 δ’.
535 923 631 992 Μὴ
663 923 780 992 δῷς
808 927 1006 983 ὕπνον
1036 929 1173 997 σοῖς
1204 928 1490 999 ὄμμασιν.
1545 927 1639 999 Μὴ
1695 923 1948 996 παράσχε

373 1014 516 1068 κατὰ
546 1015 772 1087 γνώμην
795 1017 962 1072 ὕπνον
993 1021 1268 1092 ῥᾳθυμίας
1305 1023 1424 1084 ταῖς
1452 1019 1825 1091 θεωρητικαῖς
1851 1032 1947 1069 σου

369 1105 654 1177 δυνάμεσι,
683 1109 824 1180 πρὸς
857 1110 956 1181 τὴν
991 1113 1090 1184 τῆς
1117 1112 1380 1183 ἀληθείας
1402 1111 1732 1182 κατάληψιν.

435 1197 603 1266 Μηδὲ
637 1199 1052 1272 ὲπινυστάξῃς
1081 1205 1216 1271 σοῖς
1242 1205 1597 1274 βλεφάροις.
1658 1199 1801 1274 Μήτ’
1853 1197 1949 1253 ἐπὶ

370 1289 495 1353 ταῖς
527 1289 648 1343 κατ’
678 1291 938 1364 αἴσθησιν
996 1294 1092 1349 καὶ
1141 1295 1446 1363 φαντασίαν
1496 1294 1718 1363 ἀλόγοις
1768 1291 1951 1356 δόξαις

373 1381 823 1455 συγκατανεύσῃς
853 1386 975 1450 ταῖς
1035 1386 1369 1456 ὀρεκτικαϊς,
1420 1386 1495 1456 μὴ
1549 1381 1952 1456 γρηγορούσαις

373 1471 512 1543 πρὸς
538 1473 638 1544 τὴν
667 1475 955 1546 ἐπιτυχίαν
980 1477 1074 1531 τοῦ
1104 1478 1260 1541 δντος
1296 1476 1528 1547 ἀγαθοῦ,
1586 1475 1676 1530 διὰ
1734 1475 1796 1528 τὺ
1851 1472 1952 1543 τῆς

287 1591 297 1600 ι
370 1560 562 1615 τούτου
578 1563 839 1634 ἐργασίας
862 1567 1121 1622 ἐπίπονον
1147 1584 1159 1598 ·
1178 1568 1348 1642 αἴπερ
1368 1567 1831 1623 ἀναπετάννυνται
1853 1564 1951 1636 μὲν

373 1655 510 1726 πρὸς
534 1655 712 1722 τοῦτο,
743 1653 834 1713 οἷά
861 1676 982 1713 τινα
1000 1660 1266 1734 βλέφαρα,
1297 1658 1688 1732 γρηγορουσῶν
1700 1657 1809 1713 τῶν
1826 1657 1953 1712 θεω-

377 1746 614 1816 ρητικῶν
656 1749 795 1820 πρὸς
831 1750 931 1822 τὴν
954 1753 1054 1822 τῆς
1076 1753 1334 1825 ἀληθείας
1352 1751 1656 1823 κατάληψιν
1683 1767 1700 1784 ο
1756 1748 1951 1821 μύουσι

372 1837 428 1890 δὲ
465 1838 594 1909 πρὸς
627 1840 780 1906 αὐτὸ,
815 1842 1177 1914 ῥᾳθυμουσῶν
1207 1845 1344 1917 πρὸς
1379 1845 1551 1915 αύτήν
1583 1859 1598 1876 ο
1652 1840 1952 1896 κάντεῦθεν

376 1931 433 1983 τὸ
465 1930 582 1998 φῶς
617 1932 715 1987 τοῦ
742 1934 846 2005 τῆς
890 1935 1236 2009 δικαιοσύνης
1260 1938 1440 2009 Βἡλίου
1477 1937 1707 2000 ταύταις
1755 1935 1956 1990 διατει-

374 2025 640 2096 χίζουσιν.

445 2117 506 2174 ε’.
550 2121 684 2174 Ἵνα
729 2121 882 2192 σώζῃ
931 2123 1134 2192 ὥσπερ
1180 2124 1400 2194 δορκὰς
1441 2123 1509 2179 ἐκ
1550 2123 1814 2193 βρόχων,
1854 2119 1954 2175 καί

372 2207 577 2278 ὥσπερ
612 2211 822 2280 ὄρνεον
849 2215 918 2268 ἐκ
957 2213 1230 2284 παγίδος.
1279 2215 1437 2268 Οὕτω
1466 2214 1523 2269 δέ
1559 2231 1616 2268 σε
1651 2210 1954 2267 διακεῖσθαι

375 2302 764 2374 διακελεύομαι
835 2307 984 2370 ὅπως
1039 2307 1284 2379 φυλάττῃ
1348 2306 1460 2361 τῶν
1522 2303 1956 2374 ποικιλοτρόπων

375 2395 754 2466 ἀγρευτηρίων
779 2396 871 2450 τοῦ
896 2399 1205 2469 ἀρχεκάκου
1231 2397 1426 2469 ἐχθροῦ
1447 2392 1562 2451 ὀἷα
1591 2397 1688 2466 μέν
1713 2411 1797 2458 τις
1828 2392 1952 2460 ὀξυ-

375 2485 576 2555 δρόμος
601 2477 696 2538 καὶ
727 2486 1072 2558 ἁλτικωτάτη
1109 2487 1332 2557 δορκὰς,
1385 2483 1722 2556 ὑπερπηδῶν
1784 2481 1958 2535 ταῦτα

377 2576 498 2631 κατ’
520 2578 741 2648 ἀρετήν·
763 2574 849 2632 οἷα
872 2579 931 2633 δέ
947 2596 1000 2634 τι
1018 2578 1324 2650 ἀεροπόρον
1347 2579 1444 2632 καὶ⁹
1461 2574 1720 2647 ὑψιπετὲς
1734 2573 1954 2644 πτηνὸν,

379 2671 821 2741 ὑπεριπτάμενος
848 2671 988 2724 αὐτὰ
1023 2673 1164 2726 κατὰ
1188 2672 1409 2740 γνῶσιν.

446 2769 522 2827 ς’.
547 2760 842 2830 Ἰθιιπρός
871 2763 979 2817 τὸν
1009 2765 1314 2835 μύρμηκα,
1364 2757 1412 2817 ὧ
1437 2762 1660 2832 ὀκνηρέ
1685 2776 1701 2792 ·
1737 2758 1832 2815 καὶ
1863 2757 1958 2827 ζή-

377 2855 588 2908 λωσον
632 2854 742 2919 τὰς
781 2853 962 2921 ὀδοὺς
1048 2855 1258 2912 αὑτοῦ.
1331 2854 1640 2908 Ἀπόὸλεπε
1717 2855 1855 2926 πρὸς
1900 2853 1960 2907 τὺ

381 2943 765 2998 εὐτελέστατον
817 2945 979 3014 ζῶον,
1009 2948 1104 3000 τὸν
1135 2947 1424 3018 μύρμηκα,
1459 2940 1504 3000 ὦ
1546 2945 1760 3018 ρᾁυμε
1783 2961 1800 2978 ο
1867 2943 1962 2997 καὶ

382 3034 666 3104 γινώσκων
693 3037 793 3100 τὰς
815 3037 1053 3107 φυσικὰς
1081 3038 1346 3111 ἐργασίας
1366 3036 1555 3106 αὐτοῦ,
1586 3032 1964 3109 μίμησαιταύ-

383 3144 480 3192 τας
511 3130 652 3184 κατὰ
680 3130 1026 3202 προαίρεσιν.

453 3219 564 3274 Καὶ
595 3222 772 3291 γενοῦ
796 3223 1034 3278 ἐκείνου
1063 3223 1425 3294 σοφώτερος.
1459 3224 1569 3277 Καὶ
1600 3218 1692 3278 οἷα
1719 3220 1958 3290 λογικὸς,

386 3312 610 3384 νίκησον
640 3315 738 3387 τὴν
769 3318 898 3386 περὶ
947 3317 1017 3370 τὰ
1068 3317 1360 3388 σωματικὰ
1418 3315 1613 3385 σοφίαν
1669 3315 1858 3379 αὑτοῦ,
1906 3314 1964 3366 ἐν

386 3407 498 3470 τοῖς
541 3410 928 3477 πνευματικοῖς
959 3408 1404 3479 ἐπιδεικνύμενος
1435 3408 1497 3461 τὸ
1527 3408 1715 3476 σοφόν.

455 3498 523 3564 ζ’.
563 3497 827 3566 Ἐκεῖνος
854 3500 964 3570 γὰρ
996 3500 1283 3569 τεωρτίου
1329 3499 1416 3569 μὴ
1445 3499 1848 3568 ὑπάρχοντος.
1904 3497 1965 3550 '0

386 3590 626 3654 τοιοῦτος
658 3591 766 3661 γὰρ
829 3591 904 3660 μὴ
939 3590 1186 3660 εὐπορῶν
1229 3607 1375 3653 τινος
1405 3592 1679 3660 γεωργίου
1721 3591 1787 3644 ἐκ
1831 3591 1966 3643 σπόο

391 3697 485 3751 ρου
516 3677 1109 3750 προκαταϐεύλημένου
1147 3682 1213 3751 τῇ
1237 3681 1306 3748 γῇ
1337 3679 1467 3750 παρ’
1494 3679 1683 3732 αὐτοῦ.

462 3772 628 3841 Μηδὲ
668 3771 776 3826 τὸν
813 3770 1226 3843 ἀναγκάζοντα
1283 3771 1460 3841 ἔχων.
1515 3772 1658 3842 Μήτ’
1701 3771 1841 3843 ἔχων
1879 3771 1970 3826 τὸν

394 3865 531 3936 πρὸς
560 3864 820 3936 ἐργασίαν
847 3865 1009 3918 αὑτὸν
1037 3855 1462 3933 κατεπείγοντα.

463 3963 534 4027 η’.
562 3957 724 4023 Μηδέ
760 3956 878 4011 ὑπὸ
905 3955 1216 4022 δεσπότην
1242 3951 1347 4020 ὢν,
1366 3953 1726 4024 ἐτοιμάζεται
1756 3953 1970 4022 θέρους

396 4050 508 4117 τὴν
541 4048 789 4118 τροφήν.
826 4049 980 4117 Μηδὲ
1013 4047 1256 4112 δουλείας
1290 4047 1438 4118 ζυγῷ
1468 4047 1856 4117 ὑποκείμενος,
1883 4046 1970 4098 εύ-

397 4139 643 4210 τρεπίξει
677 4138 820 4193 κατά
847 4155 966 4191 τινα
997 4138 1234 4211 φυσικὴν
1283 4139 1517 4211 κίνησιν,
1549 4141 1606 4191 ἐν
1636 4137 1713 4209 τῷ
1769 4136 1968 4210 θερινῷ

398 4231 594 4304 καιρῷ,
625 4232 724 4301 τὴν
747 4230 982 4301 χρειώδη
1029 4231 1174 4285 κατὰ
1202 4231 1294 4286 τὸν
1327 4231 1574 4302 χειμῶνα
1600 4233 1832 4303 τροφήν.

469 4321 716 4388 Πολλὴν
745 4338 809 4376 τε
837 4322 907 4376 ἐν
935 4321 1016 4388 τῷ
1045 4320 1248 4390 ἁμητῷ
1273 4322 1524 4377 ποιεῖται
1556 4323 1671 4390 τὴν
1714 4323 1976 4392 παράθε-

2119 925 2286 982 Vens.
2311 924 2365 980 4.
2401 923 2484 979 Ne
2501 923 2592 979 des
2631 938 2874 978 somnum
2905 920 3072 976 oculis
3097 922 3226 977 tuis.
3255 919 3318 973 Et
3349 928 3408 975 ut
3427 918 3628 974 verita-

2048 1027 2155 1074 tem
2183 1019 2654 1090 comprehendere
2675 1018 2879 1088 possis,
2909 1032 2979 1072 ne
3008 1017 3106 1072 des
3146 1017 3198 1070 in
3233 1015 3431 1082 spiritu
3475 1029 3627 1070 som-

2048 1125 2182 1167 num
2209 1109 2931 1181 torporisintellectualibus
2960 1107 3070 1162 tuis
3104 1107 3387 1177 potentiis.

2128 1204 2210 1260 Ne
2234 1204 2488 1260 dormites
2509 1204 2800 1273 palpebris.
2827 1202 2907 1257 Ne
2937 1201 3196 1257 sensibus
3216 1208 3270 1255 et
3293 1196 3628 1269 apparentiis

2052 1298 2387 1362 abstractus,
2410 1296 2618 1367 iniquis
2653 1296 2938 1350 adltzereas
2999 1291 3292 1348 sententiis
3323 1306 3417 1361 per
3435 1297 3629 1360 poten-

2052 1389 2160 1443 tias
2194 1388 2388 1442 animm
2415 1393 2522 1441 tua:
2546 1384 3028 1457 concupiseibiles,
3071 1398 3194 1452 quae
3233 1398 3342 1436 non
3373 1380 3630 1450 vigilem,

2051 1490 2113 1536 ut
2137 1495 2322 1536 verum
2347 1480 2572 1544 bonum,
2612 1479 2745 1533 illud
2779 1479 2967 1532 labore
2991 1474 3293 1546 operando,
3327 1486 3632 1541 assequun-

2052 1579 2144 1627 tur
2176 1588 2189 1625 :
2235 1586 2380 1642 qua.
2413 1571 2571 1642 quasi
2605 1571 2879 1641 palpebra:
2901 1568 2969 1622 ad
3019 1569 3224 1624 bonum
3279 1567 3634 1637 aperiuntur,

2052 1678 2179 1720 eum
2221 1662 2478 1733 potentiae
2513 1661 2916 1717 intellectuales
2955 1660 3025 1716 ad
3075 1659 3327 1715 veritatis
3379 1671 3636 1726 compre-

2052 1757 2377 1812 hensionem
2402 1757 2666 1828 vigilant:
2695 1756 3032 1811 clauduntur
3066 1772 3218 1820 vero,
3277 1769 3401 1810 cum
3429 1752 3496 1806 ad
3513 1767 3636 1806 eam

2055 1856 2309 1920 torpent;
2365 1859 2421 1905 et
2447 1849 2595 1913 inde,
2643 1848 2734 1902 lux
2769 1847 2902 1903 solis
2931 1847 3164 1918 iustitiae
3197 1845 3266 1902 ab
3300 1843 3413 1902 illis
3473 1841 3636 1911 longe

2055 1940 2234 1996 abest.

2127 2116 2292 2174 Vsus.
2326 2119 2379 2174 5.
2405 2115 2472 2172 Ut
2495 2120 2704 2173 erueris
2757 2119 2912 2188 quasi
2934 2115 3178 2181 damula,
3240 2117 3313 2170 de
3351 2129 3532 2194 manu,
3589 2119 3646 2165 et

2055 2212 2214 2282 quasi
2255 2211 2366 2265 avis
2415 2211 2478 2266 de
2528 2211 2755 2272 retibus.
2787 2211 2881 2266 Sic
2911 2210 3170 2266 affectum
3203 2209 3268 2263 iri
3295 2210 3513 2274 hortor,
3577 2214 3640 2259 ut

2058 2302 2306 2357 omnium
2369 2301 2642 2356 malorum
2701 2302 2974 2372 principis
3010 2301 3187 2356 hostis
3217 2295 3641 2353 variisinsidiis

2059 2393 2303 2462 teipsum
2327 2391 2610 2450 custodias
2643 2409 2658 2447 :
2691 2400 2775 2458 ut,
2835 2401 3096 2463 tanquam
3123 2390 3345 2446 damula
3369 2388 3527 2444 velox
3583 2393 3642 2442 et

2059 2483 2196 2553 pede
2246 2482 2424 2551 agilis,
2465 2482 2587 2539 illas
2639 2483 2944 2538 secundum
3005 2484 3270 2538 virtutem
3323 2477 3636 2543 transilias;

2057 2581 2112 2627 et
2140 2579 2398 2643 tanquam
2436 2575 2576 2638 avis,
2603 2589 2702 2646 per
2731 2590 2860 2631 aera
2887 2574 3146 2641 volitans,
3177 2587 3346 2642 super
3370 2585 3464 2626 eas
3535 2582 3634 2640 per

2058 2662 2364 2718 doctrinam
2395 2665 2610 2720 velites.

2128 2754 2298 2813 Vsus.
2324 2755 2376 2812 6.
2415 2755 2554 2812 Vade
2569 2756 2639 2811 ad
2654 2757 2958 2828 formicam,
2977 2773 3007 2812 ο
3025 2758 3192 2827 piger,
3221 2765 3268 2811 et
3291 2756 3505 2810 imitare
3530 2753 3650 2806 uias

2060 2849 2198 2920 ejus.
2253 2849 2491 2921 Respice
2558 2851 2952 2922 parvissimum
2981 2850 3205 2915 animal,
3244 2847 3554 2910 formicam,
3606 2861 3648 2900 o-

2060 2944 2248 3014 piger;
2301 2951 2357 2997 et
2408 2943 2529 3013 ejus
2574 2957 2740 3014 opera
2795 2943 3183 3004 considerans.
3232 2941 3451 2996 imitare
3487 2937 3646 2994 illam

2063 3035 2368 3093 secundum
2400 3036 2692 3091 rationem.

3607 3140 3644 3168 δ’

2137 3217 2270 3274 Fias
2306 3219 2406 3274 illa
2438 3219 2758 3290 sapientior.
2794 3217 2862 3273 Et
2895 3226 3160 3289 tanquam
3205 3217 3420 3274 ratione
3441 3215 3645 3286 pracdi—

2067 3323 2179 3377 tus,
2209 3314 2370 3368 vince
2389 3313 2539 3368 illius
2572 3313 2718 3366 circa
2737 3311 3051 3381 corporalia
3093 3309 3646 3381 sspientiam,osten-

2067 3406 2205 3461 dens
2241 3405 2296 3458 in
2322 3403 2713 3473 spiritualibus
2754 3404 3123 3473 prudentiam.

2145 3496 2310 3552 Vens.
2337 3497 2390 3551 7.
2441 3499 2569 3550 Han:
2612 3496 2753 3548 enim
2779 3496 2892 3548 sine
2941 3503 3107 3549 terra.
3135 3493 3260 3548 Haec
3289 3492 3462 3557 enim,
3518 3505 3646 3542 cum

2070 3601 2276 3646 terram
2345 3605 2456 3646 non
2510 3589 2816 3660 possideat,
2848 3603 2949 3642 nec
2971 3601 3156 3642 semen
3187 3587 3245 3640 in
3282 3592 3484 3640 terram
3516 3580 3647 3651 inji-

2071 3684 2200 3738 ciat.

2145 3773 2213 3827 Et
2249 3775 2589 3842 imperantem
2630 3789 2733 3826 non
2762 3771 2980 3825 habens.
3012 3767 3125 3824 Nec
3148 3766 3356 3823 habens
3388 3764 3652 3835 aliquem,

2073 3867 2169 3936 qui
2198 3880 2318 3919 eam
2359 3865 2425 3919 ad
2450 3865 2692 3918 laborem
2727 3862 2997 3933 impellat.

2146 3955 2312 4010 Vens.
2345 3956 2399 4010 8.
2444 3952 2550 4010 Nec
2580 3956 2675 4009 sub
2713 3955 2846 4008 duce
2879 3964 3052 4018 stans,
3116 3959 3387 4021 praeparat
3458 3963 3650 4001 messes

2075 4049 2130 4103 in
2168 4047 2364 4102 cibum.
2388 4045 2498 4102 Nec
2536 4047 2823 4103 servitutis
2851 4047 2984 4118 jugo
3025 4045 3311 4111 astrictus,
3352 4053 3507 4113 parat
3559 4056 3655 4110 per

2076 4141 2360 4196 naturales
2399 4147 2655 4202 conatus,
2685 4139 2742 4194 in
2791 4148 3040 4208 tempore
3080 4135 3304 4202 messis,
3331 4135 3511 4188 cibum
3554 4145 3658 4202 pro

2080 4232 2259 4286 hieme
2273 4229 2673 4285 necessarium.

2150 4315 2381 4372 Multam
2408 4317 2463 4371 in
2489 4333 2652 4372 messe
2686 4316 2820 4387 facit
2849 4317 3063 4389 frugum
3092 4316 3463 4385 receptionem.
3504 4311 3655 4366 Sulli-

401 4425 526 4466 σιν.
551 4411 811 4483 Αύτάρκη
842 4429 900 4465 τε
929 4413 988 4465 ἐν
1017 4410 1098 4482 τῷ
1141 4411 1323 4482 καιρῷ
1374 4413 1478 4484 τῆς
1532 4413 1644 4467 τῶν
1687 4414 1962 4485 ἀσταχύωι

2086 4412 2344 4473 cientem,
2377 4411 2433 4465 in
2467 4417 2715 4480 tempore
2742 4412 2940 4466 messis
2989 4411 3412 4472 frumentorum,
3437 4422 3502 4461 ex
3548 4405 3660 4459 illis

405 4508 740 4578 συγκομιδῆς
763 4507 863 4579 τὴν
887 4507 1093 4580 ταύτης
1137 4511 1372 4562 ποιεῖται
1423 4508 1688 4562 ἀπόθεσιν
1720 4524 1733 4540 ⁸
1763 4509 1823 4563 ὃν
1883 4528 1962 4580 pt-

2086 4503 2212 4558 l'acit
2241 4503 2648 4573 perceptionem
2675 4519 2688 4568 ;
2717 4503 2864 4556 illam
2918 4502 3161 4567 imitans,
3192 4509 3246 4557 et
3272 4501 3495 4556 verbum
3556 4500 3660 4554 0b-

407 4599 675 4669 μούμενος
711 4602 740 4654 δ
782 4601 878 4654 καὶ
907 4601 1067 4669 λόγον
1097 4599 1235 4670 ἔχων
1261 4600 1353 4654 τὸν
1396 4599 1856 4670 ἐπαναγκάζοντά
1910 4620 1970 4655 σε

403 4691 782 4761 ἐπιμελεῖσθαι
810 4691 902 4746 τοῦ
925 4691 1156 4762 ἀγαθοῦ,
1186 4693 1281 4747 καὶ
1303 4693 1664 4765 ὑποκείμενος
1711 4693 1789 4764 τῷ
1830 4711 1973 4765 χρη-

404 4782 518 4853 στῷ
548 4782 698 4855 ζυγῷ
739 4783 850 4836 τῶν
875 4784 1104 4838 ἐντολῶν
1142 4784 1237 4838 τοῦ
1260 4783 1419 4850 Θεοῦ,
1452 4787 1510 4838 ἐν
1541 4785 1705 4838 παντὶ
1755 4785 1833 4856 τῷ
1882 4787 1986 4856 τῆς

402 4874 546 4927 κατὰ
574 4873 674 4944 τὴν
712 4872 858 4945 ζωήν
881 4889 976 4926 σου
1001 4873 1266 4948 ἐργασίας
1287 4872 1485 4945 χρόνῳ,
1519 4873 1796 4942 συλλέγειν
1823 4873 1984 4926 σπεῦ·

403 4965 458 5017 δε
493 4965 589 5027 τὰς
611 4966 833 5036 ἀρετὰς,
875 4967 969 5020 καὶ
997 4965 1460 5036 ἅποθησαυρίζειν
1482 4965 1652 5028 αὐτὰς
1686 4967 1753 5036 τῇ
1806 4965 1978 5036 ψυχῇ,

409 5055 494 5109 ἵνα
521 5054 652 5108 ὃταν
679 5053 817 5126 αὕτη
850 5057 915 5126 τῇ
941 5055 1050 5108 ἀπὸ
1091 5053 1186 5107 τοῦ
1215 5053 1470 5123 σώματος
1533 5053 1814 5108 διαστάσει
1862 5071 1981 5124 χει-

2072 4612 2300 4654 servans
2328 4595 2475 4665 quod
2501 4607 2554 4651 te
2582 4596 2651 4649 ad
2686 4599 2888 4650 bonum
2923 4595 3273 4665 aperandum
3307 4595 3560 4664 impellit,
3607 4601 3662 4647 et

2075 4687 2222 4742 dulci
2257 4684 2644 4740 mandatorum
2684 4685 3000 4740 divinorum
3025 4681 3191 4756 jugo'
3225 4684 3561 4745 submissus,
3589 4682 3663 4736 fc-

2076 4779 2224 4832 stina
2246 4778 2481 4832 virtutes
2525 4777 2809 4847 colligere,
2875 4789 2928 4831 et
2961 4777 3165 4830 animae
3221 4775 3610 4830 thesaurizare
3645 4790 3660 4826 :

2082 4879 2162 4934 ut,
2187 4886 2312 4925 cum
2335 4870 2452 4940 ipsa
2484 4884 2515 4923 a
2540 4884 2778 4942 corpore
2811 4879 3064 4938 separata
3128 4867 3528 4930 hibernaverit,
3595 4879 3662 4918 ex

2084 4963 2216 5024 illis,
2239 4963 2293 5017 in
2334 4962 2694 5026 abundantia,
2724 4961 3004 5015 nutriatur
3031 4959 3084 5012 in
3105 4973 3202 5027 spe
3231 4958 3540 5010 futurorum
3565 4954 3665 5008 bo-

2091 5070 2284 5110 norum
2310 5071 2325 5121 ;
2357 5055 2400 5108 si
2429 5069 2558 5110 vero
2578 5053 2824 5125 negligas
2857 5052 3168 5106 formicam.

413 5143 669 5215 μάζηται,
715 5143 984 5216 τρέφηται
1039 5143 1105 5198 δι’
1161 5143 1340 5197 αὐτῶν
1385 5144 1451 5213 τῇ
1507 5141 1680 5195 ἐλπίδι
1730 5142 1840 5195 τῶν
1884 5142 2186 5214 μελλόντων
2231 5143 2454 5213 ἀγαθῶν
2511 5145 2748 5208 ἱκανῶς·
2781 5145 2829 5197 εί
2867 5144 2924 5196 δὲ
2960 5141 3056 5196 καὶ
3094 5139 3329 5211 παρόψει
3383 5137 3474 5190 τὸν
3531 5138 3661 5208 μύρα

414 5255 584 5310 μηκα.

491 5330 819 5398 Πορεύθητι
852 5330 1003 5399 πρὸς
1033 5329 1149 5399 τὴν
1187 5329 1520 5400 μέλισσαν.
1566 5331 1727 5386 Ἀλλά.
1749 5348 1812 5401 γε
1846 5330 1985 5403 πρὸς

410 5424 510 5495 τὴν
549 5423 808 5493 μέλισσαν
837 5422 1062 5487 ἄπελθε,
1092 5423 1160 5476 τὰ
1189 5423 1397 5496 ταύτης
1430 5424 1587 5498 ἔργα,
1612 5422 1912 5478 κατανοῶν.

480 5518 587 5574 Καὶ
611 5517 787 5587 μάθε,
819 5515 901 5582 ὡς
919 5515 1154 5585 ἐργάτις
1205 5517 1361 5585 ἐστὶ,
1410 5517 1524 5584 τήν
1579 5533 1644 5571 τε
1698 5517 1989 5586 ἐργασίαν

358 5637 362 5644 -
416 5610 492 5673 ὡς
521 5606 759 5677 σεμνὴν
787 5605 1062 5660 ποιεῖται.
1102 5608 1212 5660 Καὶ
1232 5608 1400 5676 γνῶθι
1425 5609 1508 5662 ὃτι
1539 5607 1636 5660 καὶ
1665 5605 1989 5676 αῦτηέργά-

417 5703 591 5767 ζεται,
643 5701 736 5756 καὶ
801 5700 863 5754 τὸ
938 5699 1098 5771 ἔργον
1153 5702 1322 5771 αὐτῆς
1384 5701 1638 5758 ἀποτελεί
1691 5702 1992 5771 ἐντιμότα-

400 5806 532 5849 ’τυν.

2168 5329 2310 5384 Vade
2342 5328 2411 5383 ad
2441 5344 2613 5396 apem.
2637 5326 2719 5382 Ad
2752 5339 2912 5396 apem
2978 5322 3139 5386 vade,
3163 5320 3311 5376 illius
3336 5333 3502 5390 opera
3529 5334 3667 5373 con-

2003 5435 2012 5440 '
2089 5422 2461 5478 sideraturus.

2165 5514 2230 5569 Et
2263 5515 2428 5578 disce,
2465 5515 2589 5584 quia
2659 5510 2934 5566 laboriosa
2977 5515 3078 5573 est,
3120 5518 3169 5562 et
3239 5523 3370 5577 opus
3412 5516 3667 5578 tanquam

2091 5614 2336 5662 sanctum
2387 5604 2562 5674 efﬁcit.
2597 5602 2660 5656 Et
2712 5603 2889 5666 disce,
2919 5601 3066 5671 quod
3094 5611 3148 5655 et
3174 5599 3292 5670 ipsa
3320 5600 3554 5664 laborat,
3613 5605 3666 5652 ct

2093 5713 2233 5769 opus
2263 5698 2410 5753 illius
2436 5694 2922 5752 honoratissimum
2954 5693 3206 5750 eﬂicitur.
