3960 6230
1626 247 1652 275 ο

412 333 543 400 ῙΞῘΙ

482 451 712 502 Labores
751 447 866 516 ejus
889 447 1234 512 manducent,
1261 455 1310 500 et
1338 462 1503 517 reges,
1538 455 1586 501 et
1619 464 1877 517 pauperes
1919 447 1987 501 ad
2015 453 2061 508 Α

411 541 737 591 satietatem.
767 535 834 590 Et
871 535 1155 588 laboribus
1181 533 1324 602 ejus,
1383 542 1575 587 natura
1599 534 1846 604 optimis,
1866 535 1988 589 illu-

413 640 556 685 stres
593 638 648 686 et
677 628 950 699 ignobiles
975 635 1208 680 utuntur
1251 626 1319 681 ad
1345 627 1692 683 diversorum
1740 629 1990 682 curatio-

389 721 392 724 ⁴
413 737 537 775 nem
577 723 917 774 morborum.

487 811 584 866 Est
619 810 922 866 desiderata
955 810 1022 863 ab
1081 810 1350 875 omnibus,
1394 820 1443 864 et
1487 810 1748 880 gloriosa.
1788 809 1993 869 Omnes

421 904 562 958 illam
600 912 784 957 amant
812 902 1102 972 aequaliter
1124 911 1179 957 et
1196 901 1565 958 admirantur.
1712 898 1716 902 ’

485 1084 740 1151 Quamvis
771 1084 842 1137 sit
875 1085 1072 1138 viribus
1105 1083 1338 1154 fragilis,
1391 1083 1710 1153 sapientiam
1734 1084 1995 1138 honorare

421 1172 640 1227 dicitur.
674 1167 942 1239 Quamvis
965 1175 1037 1228 sit
1086 1176 1330 1244 potentia
1360 1173 1675 1239 imbecillis,
1713 1173 1808 1228 sed
1859 1175 1991 1244 quia

414 1281 442 1319 a
468 1265 602 1333 Deo,
638 1265 884 1320 omnium
911 1274 1138 1320 auctore
1185 1266 1496 1320 naturalem
1531 1265 1734 1334 partita
1765 1273 1848 1321 est
1897 1281 1991 1320 sa-

414 1359 706 1428 pientiam,
767 1359 913 1414 facta
972 1367 1060 1413 est
1089 1359 1350 1413 omnibus
1401 1357 1733 1414 animalibus
1781 1357 1992 1414 viribus

415 1450 828 1517 praestantibus,
859 1449 1253 1514 venerabilior,
1291 1450 1432 1505 hanc
1461 1450 1680 1504 imitare
1708 1464 1805 1520 per
1824 1450 1993 1504 ratio-

415 1557 562 1606 nem,
596 1542 816 1597 virtutis
843 1557 1011 1613 opera
1034 1543 1386 1598 honorabilia
1447 1557 1718 1613 operans;
1772 1551 1827 1597 et
1877 1543 1991 1599 sint

412 1645 583 1699 opera
616 1633 780 1686 tuain
813 1631 1155 1688 sanationem
1193 1633 1531 1702 spiritualem
1563 1640 1618 1687 et
1649 1633 1991 1702 corporalem

412 1721 737 1788 multorum,
766 1725 858 1793 qui
889 1723 1037 1777 illam
1053 1731 1240 1777 amant
1294 1723 1716 1793 miranturque;
1752 1725 1871 1780 etsi
1895 1725 1990 1779 tibi

412 1829 524 1869 non
563 1816 634 1868 sit
666 1817 914 1887 potentia
938 1833 1005 1872 ex
1032 1817 1375 1871 abundantia
1414 1817 1754 1882 divitiarum,
1791 1825 1846 1870 et
1876 1832 1985 1872 ma-

409 1882 698 1976 gnitudine
725 1908 1083 1977 dignitatum,
1113 1908 1210 1963 sed
1250 1910 1331 1964 sis
1359 1909 1412 1963 in
1461 1909 1636 1978 gratia
1662 1907 1755 1964 Dei
1811 1909 1986 1976 dives,
2021 1882 2064 1938 Β

410 2008 462 2052 et
487 1997 719 2052 scientia
761 2007 816 2053 et
877 1998 1083 2053 virtute
1131 2014 1388 2069 magnus,
1453 1998 1832 2055 honorabilior
1877 2002 1989 2056 eris

409 2088 494 2145 his
526 2091 921 2162 omuibus,qui
950 2093 1124 2147 multa
1175 2093 1484 2149 secundum
1516 2094 1772 2150 homines
1811 2094 1989 2166 gloria

407 2193 460 2237 ct
491 2185 698 2243 divitiis
730 2186 1018 2247 fruuntur.

479 2457 646 2514 Vens.
689 2459 743 2516 9.
792 2458 1096 2530 Usquequo,
1145 2460 1314 2528 piger,
1339 2458 1588 2515 dormis?
1660 2458 1985 2530 Usquequo,

409 2552 580 2624 piger,
606 2551 924 2608 incendaris
955 2553 1206 2624 corporis
1239 2553 1460 2610 amore?

479 2733 706 2798 Quando
743 2749 770 2787 e
833 2750 1018 2788 somno
1041 2742 1131 2789 tuo
1192 2735 1804 2807 consurges?Quando,
1859 2743 1986 2791 tan-

405 2838 569 2892 quam
604 2839 667 2878 ει
699 2839 916 2889 somno,
951 2825 1170 2896 pigritia
1205 2831 1354 2882 circa
1402 2843 1594 2882 verum
1625 2827 1832 2884 bonum
1853 2843 1986 2884 con-

407 2916 644 2987 surges?
670 2917 751 2981 Si,
783 2933 814 2971 a
852 2918 992 2972 mala
1028 2929 1224 2973 natura
1256 2935 1364 2973 non
1405 2919 1666 2987 didicisti,
1699 2920 1846 2990 quod
1896 2937 1988 2976 ve-

410 3023 528 3062 rum
562 3015 814 3078 oporteat
832 3009 898 3064 ad
930 3010 1136 3064 bonum
1186 3009 1420 3065 conduci
1464 3010 1652 3075 verbo,
1693 3012 1887 3066 saltem
1919 3027 1984 3066 ex

391 3101 745 3171 experientia
779 3118 962 3157 rerum
988 3103 1162 3169 disce,
1204 3104 1331 3174 quia
1387 3118 1485 3160 eos
1529 3107 1624 3174 qui
1677 3106 1985 3174 corporalia

1739 335 2088 398 PROCOPII
2147 339 2391 400 GAZAEI

3545 337 3664 404 12·ῒὲ

2159 445 2269 515 Ἧς
2306 449 2445 516 τοὺς
2479 449 2708 514 πόνους
2726 488 2740 514 ,
2763 446 3042 513 βασιλεῖς
3059 463 3123 500 τε
3155 447 3252 500 καί
3283 446 3503 501 ἰδιῶται
3527 453 3665 516 πρίς·

2095 541 2305 609 ὑγείαν
2337 540 2803 610 προσφέρονται.
2836 541 2961 602 Τοῖς
3004 538 3061 592 δὲ
3117 539 3257 592 κατά
3289 539 3452 608 φύσιν
3508 541 3668 610 ἐμμεο

2094 628 2377 694 λεστάτοις
2409 631 2593 702 ἔργοις
2619 629 2824 700 αὐτῆς,
2857 628 3058 695 ἔνδοξοί
3096 646 3156 682 τε
3184 631 3278 683 καὶ
3325 629 3504 694 ἄδοξοι
3546 632 3668 701 πρὸς

2096 721 2240 774 ἴασιν
2271 721 2514 791 χρῶνται
2539 723 2864 792 νοσημάτων
2906 721 3288 775 παντοδαπῶν.

2163 809 2416 878 Ποθεινή
2445 810 2508 863 τέ
2537 811 2666 864 ἐστι
2705 808 2857 866 πᾶσι
2886 810 2986 864 καὶ
3028 811 3330 876 ἐπίδοξος.
3371 811 3512 864 ’Υπδ
3545 812 3670 865 πάν-

2092 917 2201 954 των
2234 917 2294 954 τε
2349 903 2631 970 ἀγαπᾶται
2675 901 2836 973 ὁμοῦ,
2897 902 2994 955 καὶ⁵
3055 901 3146 956 διὰ
3210 901 3487 972 θαύματος
3547 902 3668 970 ἄγε-

2093 1011 2205 1048 ται.

2167 1084 2386 1152 Καιπερ
2433 1083 2590 1141 οὖσα
2623 1085 2700 1154 τῇ
2731 1085 2899 1156 ῥώμῃ
2948 1086 3237 1155 ἀσθενὴς,
3287 1086 3405 1154 τὴν
3454 1089 3672 1157 σοφίαν

2095 1172 2402 1241 τιμήσασα
2444 1175 2740 1244 προήχθη.
2762 1177 2872 1228 Καὶ
2894 1178 2944 1228 εἰ
2973 1180 3037 1248 τῇ
3061 1177 3290 1246 δυνάμει
3319 1178 3471 1230 ἐστὶν
3509 1179 3670 1249 ἀδρα-

2095 1264 2212 1332 νὴς,
2237 1265 2352 1318 ἀλλ’
2383 1267 2464 1319 ὅτι
2501 1267 2650 1336 παρά
2678 1265 2774 1320 τοῦ
2808 1269 3027 1323 πάντων
3054 1268 3329 1322 Δεσπότου
3352 1270 3494 1324 Θεοῦ
3521 1271 3673 1340 φύσει

2093 1357 2154 1434 to
2196 1357 2358 1424 σοφὸν
2381 1357 2752 1428 ἐκληρώσατο,
2785 1361 3132 1432 προτιμητέα
3162 1360 3272 1414 τῶν
3317 1362 3527 1433 πολλὴν
3578 1364 3676 1434 ῥώ-

2097 1433 2206 1516 μην
2235 1448 2594 1520 κεκτημένων
2644 1448 2798 1515 ζώων
2852 1451 3104 1519 ἐγένετοο
3143 1453 3210 1523 ἢν
3243 1453 3490 1524 μίμησαι
3552 1433 3674 1525 προ-

2094 1541 2406 1610 αιρετικῶς,
2436 1541 2596 1612 ἔργον
2624 1543 2957 1613 τιμιώτατον
2986 1545 3046 1598 τὸ
3067 1546 3188 1598 κατ’
3208 1546 3411 1617 ἀρετὴν
3446 1548 3665 1618 ἐργαζό-

2096 1649 2259 1702 μενος
2282 1650 2297 1666 °
2345 1635 2533 1690 καὶτὰ
2571 1637 2708 1708 ἔργα
2744 1654 2840 1690 σου
2864 1638 2946 1701 είς
2981 1638 3280 1707 θεραπείαν
3325 1640 3548 1696 πολλῶν
3578 1642 3674 1713 dru-

2093 1727 2257 1797 χικήν
2280 1743 2339 1779 τε
2367 1728 2486 1797 ἅμα
2513 1729 2608 1782 καὶ
2636 1731 2957 1802 σωματικὴν
3023 1731 3293 1797 ἔστωσαν,
3346 1733 3667 1805 ἀσπαζομέ-

2095 1832 2201 1869 νων
2234 1834 2292 1870 τε
2320 1817 2514 1886 ταῦτα,
2569 1819 2662 1872 καὶ¹
2687 1819 2774 1873 διὰ
2798 1820 3081 1891 θαύματος
3113 1823 3359 1892 ἀγόντων
3387 1840 3403 1856 ο
3454 1825 3551 1878 καὶ
3576 1825 3674 1878 κᾶν

2098 1906 2172 1978 μὴ
2200 1908 2370 1980 πολλή
2399 1926 2480 1963 σοι
2504 1911 2724 1982 ὑπάρχῃ
2764 1913 2919 1983 ἰσχὺς
2974 1915 3038 1967 ἐκ
3082 1915 3404 1985 περιουσίας
3462 1917 3674 1988 χρημά-

2091 1999 2261 2070 τωνῆ
2299 2001 2627 2072 ἀξιωμάτων
2658 2003 2849 2073 ὕψους,
2907 2006 3022 2059 ἀλλ’
3047 2008 3128 2060 ὅτι
3185 2009 3284 2079 τὴν
3332 2009 3489 2081 παρὰ
3541 2008 3672 2062 Θεοῦ

2092 2091 2255 2163 χάριν
2286 2093 2696 2165 πεπλούτηκας,
2724 2097 2819 2149 καὶ
2848 2097 3016 2162 πολὺς
3047 2098 3279 2168 γέγονας
3331 2102 3480 2154 κατὰ
3536 2101 3672 2170 γνῶ-

2094 2197 2178 2234 σιν
2225 2183 2319 2237 καὶ
2373 2183 2596 2256 ἀρετὴν,
2640 2188 3008 2259 προτιμητέος
3071 2189 3166 2262 ἔσῃ
3209 2191 3318 2244 τῶν
3384 2191 3560 2264 πολλῇ
3609 2196 3669 2262 τῇ

2091 2273 2230 2327 κατά
2283 2275 2491 2345 κόσμον
2559 2276 2686 2348 δόξῃ
2741 2277 3158 2351 εὐθηνουμένων
3213 2281 3309 2334 καὶ
3358 2285 3477 2346 τοῖς
3533 2285 3670 2354 χρήε

2095 2380 2282 2433 μασιν.

2160 2453 2226 2510 θ’.
2257 2456 2408 2522 ’Ἑως
2436 2458 2624 2525 τίνος,
2645 2458 2884 2527 ὀκνηρέ,
2912 2459 3259 2515 κατάκεισαι
3277 2461 3493 2533 ςΜέχρι
3510 2463 3669 2528 τίνος,

2087 2539 2133 2598 ὦ
2152 2544 2385 2616 ρᾀυμε,
2425 2548 2874 2613 καταπεπτωκὼς
2901 2549 3166 2621 ὑπάρχεις
3190 2553 3255 2622 τῇ
3270 2551 3422 2622 φιλίᾳ
3453 2551 3552 2606 τοῦ
3574 2551 3670 2605 σώ-

2090 2651 2259 2706 ματος
2287 2655 2302 2704 ;

2157 2729 2312 2783 Πότε
2332 2729 2402 2784 δὲ
2429 2730 2499 2796 ἐξ
2524 2731 2720 2788 ὕπνου
2752 2733 3086 2804 ἐγερθήσῃ;
3117 2716 3237 2789 Καί
3255 2735 3387 2788 πότε
3440 2735 3523 2798 ὼς
3568 2736 3670 2789 ἀπὺ

2089 2818 2262 2873 ὕπνου
2296 2821 2398 2892 τῆς
2443 2823 2647 2894 πολλῆς
2676 2825 2803 2896 περὶ
2835 2825 2898 2878 τδ
2925 2826 3096 2889 ὄντως
3121 2825 3327 2894 ἀγαθὸν
3387 2826 3667 2897 ῥᾳθυμίας

2087 2911 2428 2986 ἑξαναστῇςς
2477 2916 2540 2969 Et
2569 2912 2663 2971 οὖν
2694 2916 2829 2987 μηδὲ
2858 2916 3010 2988 παρὰ
3049 2919 3147 2987 τῆς
3196 2917 3396 2986 ἀλόγου
3461 2920 3667 2987 φύσεως

2087 3005 2338 3078 παιδεύῃ,
2368 3007 2430 3061 δν
2452 3008 2560 3062 ἔδει
2588 3009 2666 3079 τῷ
2696 3009 2840 3080 λόγῳ
2859 3009 3149 3079 ὲνάγεσθαι
3181 3009 3320 3080 πρὸς
3350 3009 3412 3063 τὸ
3442 3010 3664 3078 ἀγαθὸν,

2087 3095 2192 3150 κᾶν
2219 3098 2276 3163 ἐξ
2313 3099 2484 3169 αὐτῆς
2507 3101 2606 3171 τῆς
2631 3101 2826 3172 πείρας
2865 3100 2972 3153 τῶν
3000 3102 3341 3171 πραγμάτων
3405 3101 3663 3172 μάνθανε,

406 3206 570 3260 opera
625 3193 697 3248 ob
732 3193 1011 3263 pigritiam
1045 3194 1325 3264 linquunt,
1374 3203 1430 3249 et
1486 3209 1678 3249 eorum
1735 3195 1978 3251 laborem

2105 3193 2170 3245 5τι
2199 3195 2292 3248 καὶ
2320 3194 2446 3257 τοὺς
2479 3193 2616 3265 πρὸς
2647 3195 2716 3248 τά
2743 3195 3034 3265 σωματικὰ
3066 3192 3451 3266 ῥᾳθυμοῦντας
3510 3195 3664 3264 ἔργα,

408 3300 702 3340 onerosum
747 3293 964 3356 putant,
1027 3286 1331 3357 indigentia
1394 3295 1582 3344 manet
1650 3289 1978 3344 horrenda:

410 3375 534 3431 illos
572 3377 796 3434 imitans
827 3386 921 3433 tua
953 3378 1103 3434 circa
1122 3378 1546 3449 operajustitite
1573 3380 1814 3450 pigritia.

474 3653 645 3710 Vens.
678 3655 768 3710 10.
809 3653 1098 3708 Paululum
1125 3611 1346 3724 quidem.
1363 3654 1588 3710 dormis.
1621 3653 1776 3710 Nunc
1799 3660 1984 3710 autem

406 3758 600 3798 somno
621 3743 854 3814 pigritia:
871 3744 1152 3814 indulges!

479 3834 770 3894 Paululum
792 3833 963 3890 sedes.
997 3834 1231 3892 Carnem
1262 3837 1448 3908 quiete
1477 3836 1720 3894 laetiﬁcas
1753 3838 1766 3892 l

481 4014 768 4069 Paululum
847 4015 1131 4070 dormitas.
1185 4014 1248 4069 Et
1293 4030 1443 4070 nunc
1515 4031 1710 4072 somno
1747 4014 1985 4086 pigritia:

398 4108 584 4179 jacesl

473 4198 762 4254 Paululum
789 4199 1119 4269 amplecteris
1145 4199 1390 4254 manibus
1421 4210 1659 4271 pectora.
1710 4197 1866 4254 Tunc
1888 4199 1980 4255 de-

402 4308 512 4348 nuo
545 4293 678 4362 ligas
697 4294 905 4364 pectori
931 4308 1128 4348 manus
1176 4301 1322 4358 tuas.
1356 4309 1497 4364 quas
1545 4293 1789 4352 versaris
1830 4293 1984 4349 solus

404 4384 580 4441 nudas
624 4385 988 4457 cogitationes
1018 4387 1172 4456 praxi
1203 4402 1312 4442 non
1343 4387 1590 4442 tirmans.

2091 3285 2183 3340 καὶ
2223 3287 2316 3339 τὸν
2365 3287 2494 3357 περὶ
2523 3286 2696 3342 ταῦτα
2756 3288 2920 3342 πόνον
2983 3287 3242 3359 φορτικὸν
3298 3289 3661 3360 ἡγουμένους,

2088 3377 2248 3431 πενία
2281 3379 2695 3450 καταλαμϐάνει
2723 3380 2869 3453 δεινή
2900 3397 2914 3410 ·
2951 3380 3046 3443 οὓς
3096 3380 3434 3450 μιμούμενος
3470 3383 3530 3433 ὲν
3593 3378 3665 3447 τῷ

2087 3469 2306 3523 πάντων
2363 3471 2772 3545 καταρᾳθυμείν
2831 3471 2940 3526 τῶν
3005 3473 3102 3544 τῆς
3159 3472 3516 3544 δικαιοσύνης
3575 3472 3663 3542 ἔρ-

2086 3575 2217 3628 γων,
3203 3621 3206 3624 ῃ

2161 3657 2212 3706 ι’.
2259 3650 2488 3720 Ὀλίγον
2505 3651 2622 3720 μὲν
2657 3651 2893 3719 ὑπνοῖς.
2940 3652 3078 3707 Ποτὲ
3116 3653 3218 3724 μὲν
3267 3652 3420 3725 ὕπνῳ
3489 3653 3654 3726 ρᾳθυ-

2091 3744 2218 3815 μίας
2242 3740 2534 3804 δουλεύεις.

2169 3834 2408 3904 Ὀλίγον
2433 3833 2501 3886 δὲ
2528 3832 2700 3903 κάθῃ.
2741 3834 2880 3888 Ποτὲ
2910 3833 2968 3888 δὲ
3009 3836 3075 3907 τῇ
3110 3836 3276 3908 σαρκὶ
3306 3835 3512 3909 χαρίζῃ
3543 3835 3662 3889 ἀνά-

2089 3943 2308 3982 παυσιν.

2154 4019 2381 4088 Μικρὸν
2403 4017 2472 4072 δὲ
2507 4016 2841 4086 νυστάζεις.
2862 4018 2971 4072 Καὶ
3000 4017 3189 4073 ἄλλοτε
3208 4017 3512 4090 νυσταγμῷ
3533 4018 3658 4087 ἀκη-

2085 4112 2204 4174 δίας
2230 4111 2537 4166 ὑπόκεισαι.

2167 4201 2405 4271 Ὀλίγον
2441 4200 2509 4254 δὲ
2546 4198 2902 4271 ἐναγκαλίζῃ
2937 4201 3110 4270 χερσὶ
3155 4201 3373 4268 στήθη.
3431 4200 3570 4254 Ποτὲ
3618 4199 3658 4251 δ’

2085 4288 2240 4355 αὖθις
2272 4292 2494 4363 δεσμεῖς
2532 4293 2662 4363 περὶ
2691 4292 2752 4345 τὸ
2790 4292 2987 4362 στῆθος
3015 4291 3114 4354 τὰς
3145 4293 3333 4362 χεῖράς
3377 4309 3493 4358 σου,
3562 4292 3656 4362 μό-

2085 4401 2173 4447 νος
2207 4384 2396 4454 ψιλοὺς
2423 4384 2806 4455 διαλογισμοὺς
2833 4384 3082 4454 κατέχων
3108 4385 3201 4435 ἐπὶ
3255 4384 3480 4456 καρδίας
3545 4400 3656 4448 σου,

2085 4475 2180 4528 καὶ
2205 4474 2426 4537 τούτους
2459 4475 2534 4544 μὴ
2561 4473 2794 4543 βεϐαιῶν
2823 4473 2911 4526 διὰ
2945 4472 3222 4544 πράξεως.

474 4578 642 4633 Vens.
677 4581 764 4632 Η.
809 4580 1006 4634 Deinde
1038 4582 1367 4650 superveniet
1392 4580 1488 4635 tibi
1516 4589 1748 4650 egestas,
1772 4589 1830 4634 ut
1856 4596 1975 4635 ma-

2163 4563 2252 4619 ta'.
2281 4563 2421 4620 Εἶτα
2453 4566 2843 4635 παραγίνεται
2881 4581 2980 4620 σοι
3005 4564 3208 4633 ὥσπερ
3268 4565 3453 4632 κακὸς
3513 4564 3656 4620 ὁδοι-

405 4668 485 4722 ius
505 4668 600 4722 vita
617 4685 807 4722 comes.
837 4669 968 4725 Post
997 4671 1111 4725 haec
1151 4672 1332 4725 veniet
1357 4671 1476 4738 tibi,
1509 4679 1570 4726 ut
1592 4671 1768 4726 malus
1797 4685 1984 4726 comes

403 4759 527 4823 viae,
560 4760 930 4829 spiritualium
957 4761 1178 4817 virtutis
1237 4762 1553 4817 divitiarum
1592 4761 1832 4833 perfecta
1860 4777 1984 4830 ege-

403 4861 543 4916 stas.
578 4853 651 4906 ita
682 4860 743 4906 ut
772 4859 954 4907 tecum
980 4855 1054 4910 sit
1078 4870 1319 4925 semper,
1348 4864 1402 4912 et
1440 4863 1611 4912 totam
1642 4865 1791 4910 tuam
1809 4856 1980 4911 vitam

403 4950 733 5012 praesentem
754 4953 932 4998 tecum
960 4958 1275 5016 percurrat.

469 5031 539 5086 Et
568 5034 820 5103 penuria,
846 5045 900 5088 ut
918 5052 1108 5091 cursor
1127 5036 1316 5092 bonus.
1370 5037 1436 5093 Et
1468 5049 1738 5106 tanquam
1786 5051 1983 5093 cursor

402 5123 559 5191 levis,
591 5123 858 5182 doctrina:
913 5137 1128 5200 egestas
1181 5145 1304 5199 quae
1346 5146 1456 5184 non
1515 5129 1665 5183 sitin
1695 5126 1981 5197 perfectio-

405 5229 566 5282 nem;
624 5225 678 5272 et
727 5218 796 5273 ab
850 5218 1326 5289 increpationibus
1379 5220 1736 5275 conscientiae
1764 5219 1831 5274 de
1870 5219 1981 5275 tuis

404 5307 563 5362 malis
613 5309 851 5375 actibus,
905 5312 1132 5381 impia:
1200 5315 1331 5382 quia
1355 5313 1700 5367 dulcedinem
1729 5312 1866 5382 jugi,
1929 5322 1984 5369 et

407 5399 788 5454 mandatorum
817 5403 1132 5458 divinorum
1164 5405 1352 5461 oneris
1401 5405 1706 5470 levitatem,
1738 5421 1841 5460 nec
1877 5423 1980 5477 gu-

402 5490 560 5541 stasti
593 5490 645 5543 in
686 5493 863 5560 praxi,
887 5509 986 5548 nec
1015 5497 1339 5566 cognovisti.

475 5575 532 5629 Si
561 5593 680 5632 vero
705 5584 928 5652 impiger
958 5585 1147 5653 fueris,
1180 5589 1344 5641 ueniet
1395 5596 1452 5640 ut
1483 5587 1603 5657 fons
1636 5587 1822 5643 messis
1860 5597 1977 5643 tua.

405 5665 464 5718 Si
507 5683 636 5721 vero
691 5680 742 5724 te
799 5689 828 5726 a
862 5677 1080 5743 pigritia
1113 5693 1340 5745 exuens,
1368 5679 1809 5750 expergefactus,
1831 5680 1978 5734 circa

405 5756 544 5809 bona
601 5773 764 5826 opera
838 5763 1125 5831 laboraris,
1172 5768 1350 5824 veniet
1420 5769 1515 5824 tibi
1573 5769 1882 5840 abundans,
1921 5779 1977 5826 ut

2085 4659 2270 4726 πόρος
2301 4659 2338 4727 ἡ
2367 4659 2564 4712 πενία.
2611 4658 2934 4728 Ἐπέρχεται
2964 4657 3019 4710 δέ
3051 4675 3132 4710 σοι
3166 4659 3306 4728 μετά
3354 4657 3549 4723 ταῦτα,
3587 4655 3655 4716 ὦς

2083 4768 2168 4814 τις
2199 4750 2491 4822 βλαπτικδς
2517 4750 2817 4820 συνοδίτης,
2843 4751 2878 4820 ἦ
2904 4767 2964 4803 τε
2989 4749 3085 4803 τοῦ
3119 4750 3239 4802 κατ’
3264 4750 3468 4820 ἀρετὴν
3500 4765 3652 4801 πνευ-

2088 4843 2317 4912 ματικοῦ
2348 4842 2581 4896 πλούτου
2627 4842 2900 4912 παντελὴς
2931 4842 3136 4913 ἀπορία
3158 4857 3170 4870 ⁸
3201 4842 3293 4894 ἐπὶ
3325 4841 3404 4911 τῷ
3425 4836 3650 4894 συνεῖναί

2086 4950 2169 4987 σοι
2220 4934 2638 4998 διαιιταντδς,καλ⁵
2669 4934 3020 4999 συνδιεξιέναι
3050 4935 3148 5006 τὴν
3183 4933 3466 5006 παροῦσαν
3494 4936 3647 5000 ζωήν.

2160 5027 2270 5081 Καὶ
2318 5028 2356 5095 ἡ
2396 5026 2595 5081 ἔνδεια
2621 5026 2821 5096 ὥσπερ
2848 5027 3074 5098 erasa;
3121 5027 3396 5096 δρομεύς.
3431 5028 3538 5080 Καὶ
3563 5042 3650 5079 κα·

2085 5121 2261 5191 θάπερ
2285 5139 2370 5184 τις
2405 5122 2534 5191 περὶ
2567 5121 2768 5191 δρόμον
2800 5121 2950 5188 ὀξὺς,
2983 5123 3016 5192 ἡ
3042 5123 3139 5190 τῆς
3171 5121 3429 5188 γνώσεως
3460 5121 3557 5174 οὐκ
3578 5119 3648 5180 εις

2082 5217 2145 5268 τὸ
2176 5215 2440 5278 παντελὲς
2475 5215 2700 5285 ἀπορία,
2725 5217 2813 5269 διὰ
2842 5215 2930 5268 τὸν
2956 5215 3050 5268 τοῦ
3081 5215 3383 5277 συνειδότος
3418 5215 3509 5266 ἐπὶ
3550 5213 3648 5271 τοῖς

2084 5309 2278 5370 κακοῖς
2309 5306 2554 5377 ἔλεγχον.
2582 5307 2764 5362 ἔνδεια
2791 5324 2804 5337 ’
2839 5307 2930 5359 διὰ
2961 5307 3021 5360 τδ
3054 5309 3131 5378 μὴ
3161 5306 3464 5375 γεύσασθαι
3521 5303 3646 5358 κατὰ

2085 5401 2283 5470 πρᾶξιν
2309 5400 2404 5454 καὶ
2434 5399 2640 5466 γνῶναι
2671 5400 2731 5452 τὸ
2780 5400 3018 5470 χρηστὸν
3069 5399 3163 5452 τοῦ
3209 5399 3400 5466 ζυγοῦ,
3462 5399 3555 5452 καὶ
3596 5393 3647 5446 τὸ

2083 5491 2317 5559 ἐλαφρὸν
2350 5489 2442 5543 τού
2476 5491 2698 5562 φορτίου
2719 5491 2827 5544 τῶν
2859 5489 2951 5543 τοῦ
2978 5490 3112 5543 Θεοῦ
3136 5490 3389 5544 ἐντολῶν.
3431 5490 3443 5512 τ

2177 5583 2319 5637 Ἐὰν
2351 5582 2420 5636 δὲ
2444 5583 2665 5648 ἄοκνος
2691 5577 2786 5652 ᾖς,
2826 5583 2961 5650 ἣξει
2998 5581 3201 5651 ὥσπερ
3230 5581 3392 5650 πηγὴ
3449 5583 3481 5634 ό
3517 5580 3647 5648 ἀμη-

2084 5677 2186 5741 τός
2223 5692 2361 5731 σου.
2397 5679 2458 5730 Εἰ
2488 5678 2545 5730 δέ
2575 5694 2704 5730 ποτε
2734 5677 2834 5749 τὴν
2869 5679 3148 5748 ρᾳθυμίαν
3176 5677 3644 5746 άποτιναξάμενοςν

2083 5768 2509 5840 διεγηγερμένος
2528 5770 2794 5841 ὑπάρχεις
2829 5773 2955 5839 περὶ
2985 5773 3084 5842 τὴν
3121 5769 3382 5843 ἐργασίαν
3402 5769 3492 5822 τοῦ
3529 5773 3645 5834 ἀγα-
