  <div class='ocr_page' id='page_1' title='image "/cluster/home/n/w/nwhite01/storage/ocr_20150623/87 pt.1/mdp.39015032856539/674.png"; bbox 0 0 3960 6230; ppageno 0'>
   <div class='ocr_carea' id='block_1_1' title="bbox 271 375 405 440">
    <p class='ocr_par' dir='ltr' id='par_1_1' title="bbox 271 375 405 440">
     <span class='ocr_line' id='line_1_1' title="bbox 271 375 405 440; baseline -0.015 0"><span class='ocrx_word' id='word_1_1' title='bbox 271 375 405 440; x_wconf 74' lang='lat'>1273</span> 
     </span>
    </p>
   </div>
   <div class='ocr_carea' id='block_1_2' title="bbox 1251 379 2407 447">
    <p class='ocr_par' dir='ltr' id='par_1_2' title="bbox 1251 379 2407 447">
     <span class='ocr_line' id='line_1_2' title="bbox 1251 379 2407 447; baseline 0.006 -8"><span class='ocrx_word' id='word_1_2' title='bbox 1251 379 1791 444; x_wconf 82' lang='lat' dir='ltr'><strong>COMMENTARII</strong></span> <span class='ocrx_word' id='word_1_3' title='bbox 1833 383 1916 444; x_wconf 87' lang='lat' dir='ltr'><strong>IN</strong></span> <span class='ocrx_word' id='word_1_4' title='bbox 1948 382 2407 447; x_wconf 81' lang='lat' dir='ltr'><strong>PROVERBIA.</strong></span> 
     </span>
    </p>
   </div>
   <div class='ocr_carea' id='block_1_3' title="bbox 3375 396 3508 460">
    <p class='ocr_par' dir='ltr' id='par_1_3' title="bbox 3375 396 3508 460">
     <span class='ocr_line' id='line_1_3' title="bbox 3375 396 3508 460; baseline 0 0"><span class='ocrx_word' id='word_1_5' title='bbox 3375 396 3508 460; x_wconf 72' lang='lat'><strong>1274</strong></span> 
     </span>
    </p>
   </div>
   <div class='ocr_carea' id='block_1_4' title="bbox 267 481 1831 572">
    <p class='ocr_par' dir='ltr' id='par_1_4' title="bbox 267 481 1831 561">
     <span class='ocr_line' id='line_1_4' title="bbox 267 481 1831 561; baseline 0.003 -22"><span class='ocrx_word' id='word_1_6' title='bbox 267 485 381 550; x_wconf 83' lang='grc' dir='ltr'>θοῦ,</span> <span class='ocrx_word' id='word_1_7' title='bbox 412 484 690 539; x_wconf 71' lang='grc' dir='ltr'><strong>ἐλεύσεται</strong></span> <span class='ocrx_word' id='word_1_8' title='bbox 713 484 963 555; x_wconf 78' lang='grc' dir='ltr'>δαψιλὴς,</span> <span class='ocrx_word' id='word_1_9' title='bbox 990 481 1077 539; x_wconf 74' lang='grc' dir='ltr'>οἷα</span> <span class='ocrx_word' id='word_1_10' title='bbox 1099 488 1248 560; x_wconf 79' lang='grc' dir='ltr'>πηγὴ</span> <span class='ocrx_word' id='word_1_11' title='bbox 1282 487 1492 558; x_wconf 75' lang='grc' dir='ltr'>ἄφθονα</span> <span class='ocrx_word' id='word_1_12' title='bbox 1531 492 1831 561; x_wconf 84' lang='grc' dir='ltr'>προχέουσα</span> 
     </span>
    </p>
   </div>
   <div class='ocr_carea' id='block_1_5' title="bbox 1957 481 3506 572">
    <p class='ocr_par' dir='ltr' id='par_1_5' title="bbox 1957 492 3506 572">
     <span class='ocr_line' id='line_1_5' title="bbox 1957 492 3506 572; baseline 0.007 -26"><span class='ocrx_word' id='word_1_13' title='bbox 1957 492 2066 549; x_wconf 84' lang='lat' dir='ltr'><strong>:‘ons</strong></span> <span class='ocrx_word' id='word_1_14' title='bbox 2090 496 2230 552; x_wconf 85' lang='lat' dir='ltr'><strong>dans</strong></span> <span class='ocrx_word' id='word_1_15' title='bbox 2261 495 2519 568; x_wconf 88' lang='lat' dir='ltr'><strong>copiosos</strong></span> <span class='ocrx_word' id='word_1_16' title='bbox 2544 493 2771 563; x_wconf 82' lang='lat' dir='ltr'><strong>ﬂuctus,</strong></span> <span class='ocrx_word' id='word_1_17' title='bbox 2809 497 3009 555; x_wconf 88' lang='lat' dir='ltr'><strong>messis</strong></span> <span class='ocrx_word' id='word_1_18' title='bbox 3031 499 3248 556; x_wconf 88' lang='lat' dir='ltr'><strong>fructus</strong></span> <span class='ocrx_word' id='word_1_19' title='bbox 3281 516 3506 572; x_wconf 82' lang='lat' dir='ltr'><strong>operum</strong></span> 
     </span>
    </p>
   </div>
   <div class='ocr_carea' id='block_1_6' title="bbox 265 575 1831 654">
    <p class='ocr_par' dir='ltr' id='par_1_6' title="bbox 265 575 1831 654">
     <span class='ocr_line' id='line_1_6' title="bbox 265 575 1831 654; baseline 0.006 -26"><span class='ocrx_word' id='word_1_20' title='bbox 265 577 502 647; x_wconf 83' lang='grc' dir='ltr'><strong>νάματα,</strong></span> <span class='ocrx_word' id='word_1_21' title='bbox 546 577 580 646; x_wconf 74' lang='grc' dir='ltr'><strong>ἡ</strong></span> <span class='ocrx_word' id='word_1_22' title='bbox 610 575 704 629; x_wconf 91' lang='grc' dir='ltr'><strong>τοῦ</strong></span> <span class='ocrx_word' id='word_1_23' title='bbox 733 577 948 649; x_wconf 83' lang='grc' dir='ltr'><strong>καρποῦ</strong></span> <span class='ocrx_word' id='word_1_24' title='bbox 975 579 1085 631; x_wconf 89' lang='grc' dir='ltr'><strong>τῶν</strong></span> <span class='ocrx_word' id='word_1_25' title='bbox 1111 581 1210 650; x_wconf 85' lang='grc' dir='ltr'>τῆς</span> <span class='ocrx_word' id='word_1_26' title='bbox 1254 579 1602 654; x_wconf 76' lang='grc' dir='ltr'><strong>δικαιοσύνης</strong></span> <span class='ocrx_word' id='word_1_27' title='bbox 1653 582 1831 653; x_wconf 77' lang='grc' dir='ltr'>ἔργων</span> 
     </span>
    </p>
   </div>
   <div class='ocr_carea' id='block_1_7' title="bbox 1957 575 2178 654">
    <p class='ocr_par' dir='ltr' id='par_1_7' title="bbox 1959 583 2178 640">
     <span class='ocr_line' id='line_1_7' title="bbox 1959 583 2178 640; baseline 0.009 -2"><span class='ocrx_word' id='word_1_28' title='bbox 1959 583 2178 640; x_wconf 85' lang='lat' dir='ltr'><strong>ustitiae.</strong></span> 
     </span>
    </p>
   </div>
   <div class='ocr_carea' id='block_1_8' title="bbox 267 667 591 739">
    <p class='ocr_par' dir='ltr' id='par_1_8' title="bbox 267 667 591 739">
     <span class='ocr_line' id='line_1_8' title="bbox 267 667 591 739; baseline 0.003 -18"><span class='ocrx_word' id='word_1_29' title='bbox 267 667 591 739; x_wconf 84' lang='grc' dir='ltr'>συγκομιδή.</span> 
     </span>
    </p>
   </div>
   <div class='ocr_carea' id='block_1_9' title="bbox 346 758 1836 834">
    <p class='ocr_par' dir='ltr' id='par_1_9' title="bbox 346 758 1836 834">
     <span class='ocr_line' id='line_1_9' title="bbox 346 758 1836 834; baseline 0.004 -19"><span class='ocrx_word' id='word_1_30' title='bbox 346 760 410 815; x_wconf 86' lang='lat' dir='ltr'><strong><em>&#39;H</em></strong></span> <span class='ocrx_word' id='word_1_31' title='bbox 434 758 504 813; x_wconf 79' lang='grc' dir='ltr'>δὲ</span> <span class='ocrx_word' id='word_1_32' title='bbox 526 758 728 814; x_wconf 79' lang='grc' dir='ltr'>ἕνδειά</span> <span class='ocrx_word' id='word_1_33' title='bbox 746 774 863 815; x_wconf 90' lang='grc' dir='ltr'><strong>σου</strong></span> <span class='ocrx_word' id='word_1_34' title='bbox 895 759 1097 830; x_wconf 83' lang='grc' dir='ltr'>ὥσπερ</span> <span class='ocrx_word' id='word_1_35' title='bbox 1131 764 1316 828; x_wconf 84' lang='grc' dir='ltr'>κακὸς</span> <span class='ocrx_word' id='word_1_36' title='bbox 1349 762 1610 834; x_wconf 79' lang='grc' dir='ltr'><strong>δρομεὺς</strong></span> <span class='ocrx_word' id='word_1_37' title='bbox 1640 765 1836 821; x_wconf 82' lang='grc' dir='ltr'>ἀπαυ-</span> 
     </span>
    </p>
   </div>
   <div class='ocr_carea' id='block_1_10' title="bbox 264 852 1834 928">
    <p class='ocr_par' dir='ltr' id='par_1_10' title="bbox 264 852 1834 928">
     <span class='ocr_line' id='line_1_10' title="bbox 264 852 1834 928; baseline 0.003 -22"><span class='ocrx_word' id='word_1_38' title='bbox 264 852 612 922; x_wconf 80' lang='grc' dir='ltr'>τομολήσει.</span> <span class='ocrx_word' id='word_1_39' title='bbox 647 852 720 906; x_wconf 87' lang='grc' dir='ltr'>Τὸ</span> <span class='ocrx_word' id='word_1_40' title='bbox 746 852 802 907; x_wconf 78' lang='grc' dir='ltr'>δὲ</span> <span class='ocrx_word' id='word_1_41' title='bbox 844 852 1024 908; x_wconf 72' lang='grc' dir='ltr'>διὰτὸ</span> <span class='ocrx_word' id='word_1_42' title='bbox 1055 855 1120 907; x_wconf 84' lang='grc' dir='ltr'>ὲκ</span> <span class='ocrx_word' id='word_1_43' title='bbox 1170 855 1329 925; x_wconf 81' lang='grc' dir='ltr'>ψιλῆς</span> <span class='ocrx_word' id='word_1_44' title='bbox 1369 856 1561 926; x_wconf 84' lang='grc' dir='ltr'><strong>ἀκοῆς,</strong></span> <span class='ocrx_word' id='word_1_45' title='bbox 1612 857 1705 910; x_wconf 81' lang='grc' dir='ltr'>καὶ</span> <span class='ocrx_word' id='word_1_46' title='bbox 1759 856 1834 928; x_wconf 82' lang='grc' dir='ltr'>μὴ</span> 
     </span>
    </p>
   </div>
   <div class='ocr_carea' id='block_1_11' title="bbox 267 945 1834 1016">
    <p class='ocr_par' dir='ltr' id='par_1_11' title="bbox 267 945 1834 1016">
     <span class='ocr_line' id='line_1_11' title="bbox 267 945 1834 1016; baseline 0.001 -18"><span class='ocrx_word' id='word_1_47' title='bbox 267 945 406 998; x_wconf 80' lang='grc' dir='ltr'>κατὰ</span> <span class='ocrx_word' id='word_1_48' title='bbox 438 948 632 1013; x_wconf 85' lang='grc' dir='ltr'>πεῖραν</span> <span class='ocrx_word' id='word_1_49' title='bbox 659 946 968 1016; x_wconf 80' lang='grc' dir='ltr'>πρακτικὴν</span> <span class='ocrx_word' id='word_1_50' title='bbox 999 946 1195 1000; x_wconf 78' lang='grc' dir='ltr'>είδὲναί</span> <span class='ocrx_word' id='word_1_51' title='bbox 1221 963 1280 999; x_wconf 86' lang='grc' dir='ltr'><strong>σε</strong></span> <span class='ocrx_word' id='word_1_52' title='bbox 1322 947 1382 1000; x_wconf 86' lang='grc' dir='ltr'><strong>τὸ</strong></span> <span class='ocrx_word' id='word_1_53' title='bbox 1411 946 1578 1010; x_wconf 80' lang='grc' dir='ltr'>ὅντως</span> <span class='ocrx_word' id='word_1_54' title='bbox 1609 946 1834 1015; x_wconf 81' lang='grc' dir='ltr'>ἀγαθὸν,</span> 
     </span>
    </p>
   </div>
   <div class='ocr_carea' id='block_1_12' title="bbox 265 1033 1831 1107">
    <p class='ocr_par' dir='ltr' id='par_1_12' title="bbox 265 1033 1831 1107">
     <span class='ocr_line' id='line_1_12' title="bbox 265 1033 1831 1107; baseline 0.001 -20"><span class='ocrx_word' id='word_1_55' title='bbox 265 1035 467 1105; x_wconf 84' lang='grc' dir='ltr'>προσόν</span> <span class='ocrx_word' id='word_1_56' title='bbox 504 1052 584 1087; x_wconf 93' lang='grc' dir='ltr'><strong>σοι</strong></span> <span class='ocrx_word' id='word_1_57' title='bbox 613 1033 806 1106; x_wconf 82' lang='grc' dir='ltr'><strong>πρώην</strong></span> <span class='ocrx_word' id='word_1_58' title='bbox 851 1037 978 1107; x_wconf 77' lang='grc' dir='ltr'>περὶ</span> <span class='ocrx_word' id='word_1_59' title='bbox 1010 1037 1110 1107; x_wconf 85' lang='grc' dir='ltr'>τὴν</span> <span class='ocrx_word' id='word_1_60' title='bbox 1137 1036 1327 1090; x_wconf 86' lang='grc' dir='ltr'>τούτου</span> <span class='ocrx_word' id='word_1_61' title='bbox 1376 1036 1582 1104; x_wconf 89' lang='grc' dir='ltr'>γνῶσιν</span> <span class='ocrx_word' id='word_1_62' title='bbox 1629 1036 1831 1104; x_wconf 77' lang='grc' dir='ltr'>ἐνδεὲς,</span> 
     </span>
    </p>
   </div>
   <div class='ocr_carea' id='block_1_13' title="bbox 265 1124 1839 1200">
    <p class='ocr_par' dir='ltr' id='par_1_13' title="bbox 265 1124 1839 1200">
     <span class='ocr_line' id='line_1_13' title="bbox 265 1124 1839 1200; baseline 0.001 -23"><span class='ocrx_word' id='word_1_63' title='bbox 265 1124 522 1193; x_wconf 81' lang='grc' dir='ltr'>φεύξεται</span> <span class='ocrx_word' id='word_1_64' title='bbox 544 1124 654 1178; x_wconf 81' lang='grc' dir='ltr'>ἀπὸ</span> <span class='ocrx_word' id='word_1_65' title='bbox 692 1126 787 1179; x_wconf 92' lang='grc' dir='ltr'><strong>σοῦ</strong></span> <span class='ocrx_word' id='word_1_66' title='bbox 822 1143 837 1158; x_wconf 79' lang='grc' dir='ltr'><strong>ο</strong></span> <span class='ocrx_word' id='word_1_67' title='bbox 877 1127 979 1179; x_wconf 85' lang='grc' dir='ltr'>οὐκ</span> <span class='ocrx_word' id='word_1_68' title='bbox 1036 1127 1202 1190; x_wconf 83' lang='grc' dir='ltr'>ὀξέως</span> <span class='ocrx_word' id='word_1_69' title='bbox 1241 1126 1430 1196; x_wconf 84' lang='grc' dir='ltr'>ὥσπερ</span> <span class='ocrx_word' id='word_1_70' title='bbox 1472 1129 1538 1198; x_wconf 83' lang='grc' dir='ltr'><strong>τῇ</strong></span> <span class='ocrx_word' id='word_1_71' title='bbox 1596 1127 1839 1200; x_wconf 77' lang='grc' dir='ltr'>ἀπραξίᾳ</span> 
     </span>
    </p>
   </div>
   <div class='ocr_carea' id='block_1_14' title="bbox 262 1215 1839 1288">
    <p class='ocr_par' dir='ltr' id='par_1_14' title="bbox 262 1215 1839 1288">
     <span class='ocr_line' id='line_1_14' title="bbox 262 1215 1839 1288; baseline 0.003 -19"><span class='ocrx_word' id='word_1_72' title='bbox 262 1216 357 1269; x_wconf 89' lang='grc' dir='ltr'><strong>τοῦ</strong></span> <span class='ocrx_word' id='word_1_73' title='bbox 384 1215 549 1281; x_wconf 75' lang='grc' dir='ltr'>καλοῦ</span> <span class='ocrx_word' id='word_1_74' title='bbox 599 1217 999 1287; x_wconf 85' lang='grc' dir='ltr'><strong>παραγέγονεν,</strong></span> <span class='ocrx_word' id='word_1_75' title='bbox 1032 1218 1165 1272; x_wconf 82' lang='grc' dir='ltr'>ἀλλὰ</span> <span class='ocrx_word' id='word_1_76' title='bbox 1193 1218 1568 1288; x_wconf 87' lang='grc' dir='ltr'>σχολαιότερον</span> <span class='ocrx_word' id='word_1_77' title='bbox 1596 1221 1717 1282; x_wconf 83' lang='grc' dir='ltr'>ταῖς</span> <span class='ocrx_word' id='word_1_78' title='bbox 1741 1235 1839 1273; x_wconf 89' lang='grc' dir='ltr'>κα-</span> 
     </span>
    </p>
   </div>
   <div class='ocr_carea' id='block_1_15' title="bbox 261 1305 1841 1379">
    <p class='ocr_par' dir='ltr' id='par_1_15' title="bbox 261 1305 1841 1379">
     <span class='ocr_line' id='line_1_15' title="bbox 261 1305 1841 1379; baseline 0.001 -21"><span class='ocrx_word' id='word_1_79' title='bbox 261 1305 327 1358; x_wconf 82' lang='grc' dir='ltr'><strong>τά</strong></span> <span class='ocrx_word' id='word_1_80' title='bbox 368 1306 533 1376; x_wconf 82' lang='grc' dir='ltr'>μέρος</span> <span class='ocrx_word' id='word_1_81' title='bbox 579 1306 865 1375; x_wconf 71' lang='grc' dir='ltr'>ἐργασίαις</span> <span class='ocrx_word' id='word_1_82' title='bbox 891 1306 1002 1358; x_wconf 89' lang='grc' dir='ltr'><strong>τῶν</strong></span> <span class='ocrx_word' id='word_1_83' title='bbox 1031 1306 1282 1372; x_wconf 75' lang='grc' dir='ltr'>ἐντολῶν,</span> <span class='ocrx_word' id='word_1_84' title='bbox 1307 1306 1383 1371; x_wconf 84' lang='grc' dir='ltr'>ὡς</span> <span class='ocrx_word' id='word_1_85' title='bbox 1407 1307 1596 1371; x_wconf 77' lang='grc' dir='ltr'>άτονός</span> <span class='ocrx_word' id='word_1_86' title='bbox 1617 1324 1700 1370; x_wconf 85' lang='grc' dir='ltr'><strong>τις</strong></span> <span class='ocrx_word' id='word_1_87' title='bbox 1720 1307 1841 1379; x_wconf 87' lang='grc' dir='ltr'>δρο-</span> 
     </span>
    </p>
   </div>
   <div class='ocr_carea' id='block_1_16' title="bbox 265 1394 1896 1468">
    <p class='ocr_par' dir='ltr' id='par_1_16' title="bbox 265 1394 1896 1468">
     <span class='ocr_line' id='line_1_16' title="bbox 265 1394 1896 1468; baseline 0.002 -19"><span class='ocrx_word' id='word_1_88' title='bbox 265 1397 423 1468; x_wconf 76' lang='grc' dir='ltr'>μεὺς,</span> <span class='ocrx_word' id='word_1_89' title='bbox 456 1394 546 1449; x_wconf 81' lang='grc' dir='ltr'><strong>διὰ</strong></span> <span class='ocrx_word' id='word_1_90' title='bbox 574 1395 633 1448; x_wconf 89' lang='grc' dir='ltr'><strong>τὸ</strong></span> <span class='ocrx_word' id='word_1_91' title='bbox 657 1399 756 1466; x_wconf 84' lang='grc' dir='ltr'>τῆς</span> <span class='ocrx_word' id='word_1_92' title='bbox 799 1398 1045 1467; x_wconf 87' lang='grc' dir='ltr'>κτήσεως</span> <span class='ocrx_word' id='word_1_93' title='bbox 1089 1395 1184 1450; x_wconf 90' lang='grc' dir='ltr'><strong>τοῦ</strong></span> <span class='ocrx_word' id='word_1_94' title='bbox 1244 1397 1455 1464; x_wconf 78' lang='grc' dir='ltr'>ἀγαθοῦ</span> <span class='ocrx_word' id='word_1_95' title='bbox 1511 1398 1838 1467; x_wconf 85' lang='grc' dir='ltr'>πρόσαντες.</span> <span class='ocrx_word' id='word_1_96' title='bbox 1883 1450 1896 1463; x_wconf 87' lang='grc'><strong>,</strong></span> 
     </span>
    </p>
   </div>
   <div class='ocr_carea' id='block_1_17' title="bbox 333 1483 1843 1558">
    <p class='ocr_par' dir='ltr' id='par_1_17' title="bbox 333 1483 1843 1558">
     <span class='ocr_line' id='line_1_17' title="bbox 333 1483 1843 1558; baseline 0.004 -19"><span class='ocrx_word' id='word_1_97' title='bbox 333 1483 422 1555; x_wconf 83' lang='grc' dir='ltr'>ιβ’.</span> <span class='ocrx_word' id='word_1_98' title='bbox 457 1485 637 1555; x_wconf 79' lang='grc' dir='ltr'>Ἀνὴρ</span> <span class='ocrx_word' id='word_1_99' title='bbox 695 1485 900 1555; x_wconf 72' lang='grc' dir='ltr'>ἄφρων</span> <span class='ocrx_word' id='word_1_100' title='bbox 964 1486 1064 1540; x_wconf 77' lang='grc' dir='ltr'>καὶ</span> <span class='ocrx_word' id='word_1_101' title='bbox 1120 1487 1482 1558; x_wconf 80' lang='grc' dir='ltr'>παράνομος,</span> <span class='ocrx_word' id='word_1_102' title='bbox 1529 1492 1843 1557; x_wconf 80' lang='grc' dir='ltr'>πορεύεται</span> 
     </span>
    </p>
   </div>
   <div class='ocr_carea' id='block_1_18' title="bbox 136 1577 1840 1650">
    <p class='ocr_par' dir='ltr' id='par_1_18' title="bbox 136 1577 1840 1650">
     <span class='ocr_line' id='line_1_18' title="bbox 136 1577 1840 1650; baseline 0.004 -18"><span class='ocrx_word' id='word_1_103' title='bbox 136 1596 145 1600; x_wconf 50' lang='grc' dir='ltr'>λ</span> <span class='ocrx_word' id='word_1_104' title='bbox 262 1577 442 1646; x_wconf 83' lang='grc' dir='ltr'>ὀδοὺς</span> <span class='ocrx_word' id='word_1_105' title='bbox 470 1580 583 1633; x_wconf 82' lang='grc' dir='ltr'>οὐκ</span> <span class='ocrx_word' id='word_1_106' title='bbox 645 1577 892 1649; x_wconf 77' lang='grc' dir='ltr'>ἀγαθάς.</span> <span class='ocrx_word' id='word_1_107' title='bbox 950 1578 1273 1650; x_wconf 82' lang='grc' dir='ltr'><strong>ΙἈνθρωπος</strong></span> <span class='ocrx_word' id='word_1_108' title='bbox 1313 1582 1523 1650; x_wconf 82' lang='grc' dir='ltr'>ἀγνοῶν</span> <span class='ocrx_word' id='word_1_109' title='bbox 1556 1585 1617 1637; x_wconf 80' lang='grc' dir='ltr'><strong>τὸ</strong></span> <span class='ocrx_word' id='word_1_110' title='bbox 1670 1584 1840 1648; x_wconf 77' lang='grc' dir='ltr'>ὅντως</span> 
     </span>
    </p>
   </div>
   <div class='ocr_carea' id='block_1_19' title="bbox 262 1669 1835 1743">
    <p class='ocr_par' dir='ltr' id='par_1_19' title="bbox 262 1669 1835 1743">
     <span class='ocr_line' id='line_1_19' title="bbox 262 1669 1835 1743; baseline 0.003 -21"><span class='ocrx_word' id='word_1_111' title='bbox 262 1669 445 1735; x_wconf 86' lang='grc' dir='ltr'>καλὸν,</span> <span class='ocrx_word' id='word_1_112' title='bbox 468 1669 564 1723; x_wconf 82' lang='grc' dir='ltr'>καὶ</span> <span class='ocrx_word' id='word_1_113' title='bbox 589 1669 659 1723; x_wconf 82' lang='grc' dir='ltr'>τὰ</span> <span class='ocrx_word' id='word_1_114' title='bbox 692 1670 982 1741; x_wconf 84' lang='grc' dir='ltr'>παράλογα</span> <span class='ocrx_word' id='word_1_115' title='bbox 1011 1670 1291 1741; x_wconf 83' lang='grc' dir='ltr'><strong>πράττων,</strong></span> <span class='ocrx_word' id='word_1_116' title='bbox 1316 1673 1373 1725; x_wconf 86' lang='grc' dir='ltr'>ὲν</span> <span class='ocrx_word' id='word_1_117' title='bbox 1397 1674 1577 1727; x_wconf 77' lang='grc' dir='ltr'><strong>σκότει</strong></span> <span class='ocrx_word' id='word_1_118' title='bbox 1609 1673 1835 1743; x_wconf 77' lang='grc' dir='ltr'>ἀγνοίας</span> 
     </span>
    </p>
   </div>
   <div class='ocr_carea' id='block_1_20' title="bbox 259 1761 1841 1837">
    <p class='ocr_par' dir='ltr' id='par_1_20' title="bbox 259 1761 1841 1837">
     <span class='ocr_line' id='line_1_20' title="bbox 259 1761 1841 1837; baseline 0.001 -21"><span class='ocrx_word' id='word_1_119' title='bbox 259 1763 356 1816; x_wconf 72' lang='grc' dir='ltr'>καὶ</span> <span class='ocrx_word' id='word_1_120' title='bbox 384 1761 774 1834; x_wconf 87' lang='grc' dir='ltr'>προσκόμμασι</span> <span class='ocrx_word' id='word_1_121' title='bbox 814 1762 1035 1828; x_wconf 83' lang='grc' dir='ltr'>κακίας,</span> <span class='ocrx_word' id='word_1_122' title='bbox 1069 1763 1168 1834; x_wconf 81' lang='grc' dir='ltr'>τὴν</span> <span class='ocrx_word' id='word_1_123' title='bbox 1196 1763 1392 1818; x_wconf 79' lang='grc' dir='ltr'>ἑαυτοῦ</span> <span class='ocrx_word' id='word_1_124' title='bbox 1431 1764 1576 1837; x_wconf 80' lang='grc' dir='ltr'>ζωὴν</span> <span class='ocrx_word' id='word_1_125' title='bbox 1630 1765 1841 1836; x_wconf 78' lang='grc' dir='ltr'>διεξέρ-</span> 
     </span>
    </p>
   </div>
   <div class='ocr_carea' id='block_1_21' title="bbox 259 1870 435 1926">
    <p class='ocr_par' dir='ltr' id='par_1_21' title="bbox 259 1870 435 1926">
     <span class='ocr_line' id='line_1_21' title="bbox 259 1870 435 1926; baseline 0 -19"><span class='ocrx_word' id='word_1_126' title='bbox 259 1870 435 1926; x_wconf 87' lang='grc' dir='ltr'>χεται.</span> 
     </span>
    </p>
   </div>
   <div class='ocr_carea' id='block_1_22' title="bbox 332 1929 1895 2016">
    <p class='ocr_par' dir='ltr' id='par_1_22' title="bbox 332 1929 1895 2016">
     <span class='ocr_line' id='line_1_22' title="bbox 332 1929 1895 2016; baseline 0.002 -18"><span class='ocrx_word' id='word_1_127' title='bbox 332 1944 420 2014; x_wconf 88' lang='grc' dir='ltr'>ιγ’.</span> <span class='ocrx_word' id='word_1_128' title='bbox 461 1944 524 1998; x_wconf 87' lang='lat'><strong>&#39;0</strong></span> <span class='ocrx_word' id='word_1_129' title='bbox 563 1943 617 1998; x_wconf 88' lang='grc' dir='ltr'>δ’</span> <span class='ocrx_word' id='word_1_130' title='bbox 685 1944 868 2011; x_wconf 81' lang='grc' dir='ltr'>αὐτὸς</span> <span class='ocrx_word' id='word_1_131' title='bbox 928 1945 1160 1999; x_wconf 79' lang='grc' dir='ltr'>ἐννεύει</span> <span class='ocrx_word' id='word_1_132' title='bbox 1213 1945 1516 2015; x_wconf 70' lang='grc' dir='ltr'>ὀφθαλμῷ,</span> <span class='ocrx_word' id='word_1_133' title='bbox 1555 1929 1833 2016; x_wconf 64' lang='grc' dir='ltr'>σηλιαίνει</span> <span class='ocrx_word' id='word_1_134' title='bbox 1892 1938 1895 1943; x_wconf 63' lang='grc'><em>’</em></span> 
     </span>
    </p>
   </div>
   <div class='ocr_carea' id='block_1_23' title="bbox 256 2033 1830 2107">
    <p class='ocr_par' dir='ltr' id='par_1_23' title="bbox 256 2033 1830 2107">
     <span class='ocr_line' id='line_1_23' title="bbox 256 2033 1830 2107; baseline -0.001 -16"><span class='ocrx_word' id='word_1_135' title='bbox 256 2035 326 2091; x_wconf 81' lang='grc' dir='ltr'>δὲ</span> <span class='ocrx_word' id='word_1_136' title='bbox 351 2035 512 2101; x_wconf 80' lang='grc' dir='ltr'>ποδὶ,</span> <span class='ocrx_word' id='word_1_137' title='bbox 551 2033 823 2090; x_wconf 81' lang='grc' dir='ltr'><strong>διδάσκει</strong></span> <span class='ocrx_word' id='word_1_138' title='bbox 856 2035 926 2090; x_wconf 81' lang='grc' dir='ltr'>δὲ</span> <span class='ocrx_word' id='word_1_139' title='bbox 960 2037 1226 2107; x_wconf 80' lang='grc' dir='ltr'><strong>νεύμασι</strong></span> <span class='ocrx_word' id='word_1_140' title='bbox 1257 2036 1592 2092; x_wconf 77' lang='grc' dir='ltr'><strong>δακτύλων.</strong></span> <span class='ocrx_word' id='word_1_141' title='bbox 1648 2037 1708 2091; x_wconf 89' lang='lat'><strong>&#39;0</strong></span> <span class='ocrx_word' id='word_1_142' title='bbox 1729 2039 1830 2091; x_wconf 59' lang='grc' dir='ltr'><strong>αὑη</strong></span> 
     </span>
    </p>
   </div>
   <div class='ocr_carea' id='block_1_24' title="bbox 255 2126 1832 2198">
    <p class='ocr_par' dir='ltr' id='par_1_24' title="bbox 255 2126 1832 2198">
     <span class='ocr_line' id='line_1_24' title="bbox 255 2126 1832 2198; baseline -0.001 -15"><span class='ocrx_word' id='word_1_143' title='bbox 255 2130 348 2193; x_wconf 85' lang='grc' dir='ltr'><strong>τὸς</strong></span> <span class='ocrx_word' id='word_1_144' title='bbox 362 2128 419 2183; x_wconf 84' lang='grc' dir='ltr'>δὲ</span> <span class='ocrx_word' id='word_1_145' title='bbox 451 2128 549 2182; x_wconf 75' lang='grc' dir='ltr'>ἅτε</span> <span class='ocrx_word' id='word_1_146' title='bbox 569 2126 639 2182; x_wconf 85' lang='grc' dir='ltr'><strong>τὰ</strong></span> <span class='ocrx_word' id='word_1_147' title='bbox 662 2128 1012 2198; x_wconf 87' lang='grc' dir='ltr'>προσήκοντα</span> <span class='ocrx_word' id='word_1_148' title='bbox 1029 2130 1143 2191; x_wconf 86' lang='grc' dir='ltr'>τοῖς</span> <span class='ocrx_word' id='word_1_149' title='bbox 1180 2128 1358 2197; x_wconf 85' lang='grc' dir='ltr'>λόγοις</span> <span class='ocrx_word' id='word_1_150' title='bbox 1376 2129 1576 2196; x_wconf 80' lang='grc' dir='ltr'>ἀγαθὰ,</span> <span class='ocrx_word' id='word_1_151' title='bbox 1589 2128 1684 2181; x_wconf 77' lang='grc' dir='ltr'>καὶ</span> <span class='ocrx_word' id='word_1_152' title='bbox 1705 2127 1832 2194; x_wconf 75' lang='grc' dir='ltr'>ἄξια</span> 
     </span>
    </p>
   </div>
   <div class='ocr_carea' id='block_1_25' title="bbox 256 2217 1833 2291">
    <p class='ocr_par' dir='ltr' id='par_1_25' title="bbox 256 2217 1833 2291">
     <span class='ocr_line' id='line_1_25' title="bbox 256 2217 1833 2291; baseline 0 -20"><span class='ocrx_word' id='word_1_153' title='bbox 256 2217 470 2291; x_wconf 77' lang='grc' dir='ltr'>γλώττῃ</span> <span class='ocrx_word' id='word_1_154' title='bbox 495 2217 868 2291; x_wconf 80' lang='grc' dir='ltr'>προφέρεσθαι</span> <span class='ocrx_word' id='word_1_155' title='bbox 906 2218 1002 2273; x_wconf 81' lang='grc' dir='ltr'>καὶ</span> <span class='ocrx_word' id='word_1_156' title='bbox 1043 2218 1177 2272; x_wconf 74' lang='grc' dir='ltr'>ὠσὶν</span> <span class='ocrx_word' id='word_1_157' title='bbox 1222 2218 1541 2283; x_wconf 80' lang='grc' dir='ltr'>ἀκούεσθαι,</span> <span class='ocrx_word' id='word_1_158' title='bbox 1609 2217 1682 2289; x_wconf 81' lang='grc' dir='ltr'>μὴ</span> <span class='ocrx_word' id='word_1_159' title='bbox 1721 2217 1833 2271; x_wconf 87' lang='grc' dir='ltr'>δια-</span> 
     </span>
    </p>
   </div>
   <div class='ocr_carea' id='block_1_26' title="bbox 254 2302 1829 2380">
    <p class='ocr_par' dir='ltr' id='par_1_26' title="bbox 254 2302 1829 2380">
     <span class='ocr_line' id='line_1_26' title="bbox 254 2302 1829 2380; baseline 0.003 -21"><span class='ocrx_word' id='word_1_160' title='bbox 254 2302 624 2378; x_wconf 79' lang='grc' dir='ltr'>λογιζόμενος,</span> <span class='ocrx_word' id='word_1_161' title='bbox 648 2306 854 2360; x_wconf 86' lang='grc' dir='ltr'>δέδοικε</span> <span class='ocrx_word' id='word_1_162' title='bbox 879 2307 1087 2378; x_wconf 81' lang='grc' dir='ltr'>ῥήμασι</span> <span class='ocrx_word' id='word_1_163' title='bbox 1125 2308 1425 2380; x_wconf 82' lang='grc' dir='ltr'>προφέρειν</span> <span class='ocrx_word' id='word_1_164' title='bbox 1445 2309 1507 2362; x_wconf 85' lang='grc' dir='ltr'><strong>τὸ</strong></span> <span class='ocrx_word' id='word_1_165' title='bbox 1534 2307 1643 2363; x_wconf 89' lang='grc' dir='ltr'><strong>τῶν</strong></span> <span class='ocrx_word' id='word_1_166' title='bbox 1663 2308 1829 2363; x_wconf 77' lang='grc' dir='ltr'>αὑτοῦ</span> 
     </span>
    </p>
   </div>
   <div class='ocr_carea' id='block_1_27' title="bbox 254 2396 1828 2471">
    <p class='ocr_par' dir='ltr' id='par_1_27' title="bbox 254 2396 1828 2471">
     <span class='ocr_line' id='line_1_27' title="bbox 254 2396 1828 2471; baseline 0.002 -20"><span class='ocrx_word' id='word_1_167' title='bbox 254 2396 656 2470; x_wconf 67' lang='grc' dir='ltr'>ἔνθυμημάτων</span> <span class='ocrx_word' id='word_1_168' title='bbox 699 2398 1250 2470; x_wconf 86' lang='grc' dir='ltr'>πεπανουργευμένον</span> <span class='ocrx_word' id='word_1_169' title='bbox 1281 2399 1373 2453; x_wconf 78' lang='grc' dir='ltr'>καὶ</span> <span class='ocrx_word' id='word_1_170' title='bbox 1398 2400 1617 2471; x_wconf 87' lang='grc' dir='ltr'>δολερόν</span> <span class='ocrx_word' id='word_1_171' title='bbox 1644 2414 1659 2430; x_wconf 89' lang='grc'><strong>·</strong></span> <span class='ocrx_word' id='word_1_172' title='bbox 1719 2400 1828 2454; x_wconf 80' lang='grc' dir='ltr'>πά-</span> 
     </span>
    </p>
   </div>
   <div class='ocr_carea' id='block_1_28' title="bbox 228 2488 1828 2563">
    <p class='ocr_par' dir='ltr' id='par_1_28' title="bbox 228 2488 1828 2563">
     <span class='ocr_line' id='line_1_28' title="bbox 228 2488 1828 2563; baseline 0.003 -20"><span class='ocrx_word' id='word_1_173' title='bbox 228 2488 342 2545; x_wconf 60' lang='grc' dir='ltr'>’λιν</span> <span class='ocrx_word' id='word_1_174' title='bbox 369 2490 434 2561; x_wconf 80' lang='grc' dir='ltr'>δὴ</span> <span class='ocrx_word' id='word_1_175' title='bbox 473 2489 764 2554; x_wconf 88' lang='grc' dir='ltr'>κοινωνούς</span> <span class='ocrx_word' id='word_1_176' title='bbox 791 2507 949 2553; x_wconf 90' lang='grc' dir='ltr'>τινας</span> <span class='ocrx_word' id='word_1_177' title='bbox 993 2490 1141 2560; x_wconf 76' lang='grc' dir='ltr'>ἔχειν</span> <span class='ocrx_word' id='word_1_178' title='bbox 1183 2489 1292 2544; x_wconf 87' lang='grc' dir='ltr'><strong>τῶν</strong></span> <span class='ocrx_word' id='word_1_179' title='bbox 1351 2491 1606 2563; x_wconf 85' lang='grc' dir='ltr'>πονηρῶν</span> <span class='ocrx_word' id='word_1_180' title='bbox 1660 2492 1828 2547; x_wconf 82' lang='grc' dir='ltr'>αὑτοῦ</span> 
     </span>
    </p>
   </div>
   <div class='ocr_carea' id='block_1_29' title="bbox 253 2580 1830 2653">
    <p class='ocr_par' dir='ltr' id='par_1_29' title="bbox 253 2580 1830 2653">
     <span class='ocr_line' id='line_1_29' title="bbox 253 2580 1830 2653; baseline 0.001 -18"><span class='ocrx_word' id='word_1_181' title='bbox 253 2580 655 2653; x_wconf 76' lang='grc' dir='ltr'>διανοημάτων,</span> <span class='ocrx_word' id='word_1_182' title='bbox 683 2581 894 2634; x_wconf 77' lang='grc' dir='ltr'>οἴκοθεν</span> <span class='ocrx_word' id='word_1_183' title='bbox 922 2580 1262 2651; x_wconf 78' lang='grc' dir='ltr'>βιαζόμενος,</span> <span class='ocrx_word' id='word_1_184' title='bbox 1324 2580 1606 2652; x_wconf 82' lang='grc' dir='ltr'>ὀφθαλμοῦ</span> <span class='ocrx_word' id='word_1_185' title='bbox 1626 2599 1689 2636; x_wconf 87' lang='grc' dir='ltr'><strong>τε</strong></span> <span class='ocrx_word' id='word_1_186' title='bbox 1733 2584 1830 2636; x_wconf 79' lang='grc' dir='ltr'>καὶ</span> 
     </span>
    </p>
   </div>
   <div class='ocr_carea' id='block_1_30' title="bbox 256 2670 1823 2745">
    <p class='ocr_par' dir='ltr' id='par_1_30' title="bbox 256 2670 1823 2745">
     <span class='ocr_line' id='line_1_30' title="bbox 256 2670 1823 2745; baseline 0.001 -19"><span class='ocrx_word' id='word_1_187' title='bbox 256 2672 418 2735; x_wconf 80' lang='grc' dir='ltr'>ποδὸς</span> <span class='ocrx_word' id='word_1_188' title='bbox 495 2671 593 2727; x_wconf 75' lang='grc' dir='ltr'>καὶ</span> <span class='ocrx_word' id='word_1_189' title='bbox 639 2670 920 2725; x_wconf 71' lang='grc' dir='ltr'>δακτύλων</span> <span class='ocrx_word' id='word_1_190' title='bbox 964 2671 1170 2742; x_wconf 84' lang='grc' dir='ltr'>χειρὸς,</span> <span class='ocrx_word' id='word_1_191' title='bbox 1221 2672 1474 2743; x_wconf 83' lang='grc' dir='ltr'>πονηρῶς</span> <span class='ocrx_word' id='word_1_192' title='bbox 1520 2674 1823 2745; x_wconf 72' lang='grc' dir='ltr'>ἐσχηματι-</span> 
     </span>
    </p>
   </div>
   <div class='ocr_carea' id='block_1_31' title="bbox 257 2760 1957 2839">
    <p class='ocr_par' dir='ltr' id='par_1_31' title="bbox 257 2760 1957 2839">
     <span class='ocr_line' id='line_1_31' title="bbox 257 2760 1957 2839; baseline 0.001 -22"><span class='ocrx_word' id='word_1_193' title='bbox 257 2763 475 2835; x_wconf 82' lang='grc' dir='ltr'>σμένοις</span> <span class='ocrx_word' id='word_1_194' title='bbox 499 2762 785 2833; x_wconf 84' lang='grc' dir='ltr'>κινήμασι,</span> <span class='ocrx_word' id='word_1_195' title='bbox 812 2761 1005 2833; x_wconf 82' lang='grc' dir='ltr'>μηνύει</span> <span class='ocrx_word' id='word_1_196' title='bbox 1032 2761 1094 2815; x_wconf 85' lang='grc' dir='ltr'><strong>τὸ</strong></span> <span class='ocrx_word' id='word_1_197' title='bbox 1121 2760 1380 2833; x_wconf 81' lang='grc' dir='ltr'>βουλητὸν</span> <span class='ocrx_word' id='word_1_198' title='bbox 1401 2762 1550 2835; x_wconf 81' lang='grc' dir='ltr'>αὐτῷ</span> <span class='ocrx_word' id='word_1_199' title='bbox 1569 2767 1681 2829; x_wconf 82' lang='grc' dir='ltr'>τοῖς</span> <span class='ocrx_word' id='word_1_200' title='bbox 1702 2766 1829 2837; x_wconf 77' lang='grc' dir='ltr'>ὁμο·</span> <span class='ocrx_word' id='word_1_201' title='bbox 1946 2826 1957 2839; x_wconf 41' lang='grc' dir='ltr'>ι</span> 
     </span>
    </p>
   </div>
   <div class='ocr_carea' id='block_1_32' title="bbox 253 2852 1304 2928">
    <p class='ocr_par' dir='ltr' id='par_1_32' title="bbox 253 2852 1304 2928">
     <span class='ocr_line' id='line_1_32' title="bbox 253 2852 1304 2928; baseline -0.003 -18"><span class='ocrx_word' id='word_1_202' title='bbox 253 2856 478 2928; x_wconf 86' lang='grc' dir='ltr'>τρόποις</span> <span class='ocrx_word' id='word_1_203' title='bbox 515 2852 705 2908; x_wconf 84' lang='grc' dir='ltr'>αὐτοῦ.</span> <span class='ocrx_word' id='word_1_204' title='bbox 1300 2904 1304 2907; x_wconf 84' lang='grc'><strong>.</strong></span> 
     </span>
    </p>
   </div>
   <div class='ocr_carea' id='block_1_33' title="bbox 326 2943 1825 3016">
    <p class='ocr_par' dir='ltr' id='par_1_33' title="bbox 326 2943 1825 3016">
     <span class='ocr_line' id='line_1_33' title="bbox 326 2943 1825 3016; baseline -0.001 -14"><span class='ocrx_word' id='word_1_205' title='bbox 326 2950 410 3004; x_wconf 78' lang='grc' dir='ltr'>ιδ’.</span> <span class='ocrx_word' id='word_1_206' title='bbox 433 2945 875 3016; x_wconf 75' lang='grc' dir='ltr'>Διεστραμμένῃ</span> <span class='ocrx_word' id='word_1_207' title='bbox 912 2944 981 2999; x_wconf 81' lang='grc' dir='ltr'>δὲ</span> <span class='ocrx_word' id='word_1_208' title='bbox 1005 2943 1218 3014; x_wconf 81' lang='grc' dir='ltr'>καρδίᾳ</span> <span class='ocrx_word' id='word_1_209' title='bbox 1245 2945 1614 3001; x_wconf 78' lang='grc' dir='ltr'>τεκταίνεται</span> <span class='ocrx_word' id='word_1_210' title='bbox 1646 2945 1825 3001; x_wconf 79' lang='grc' dir='ltr'>κακά.</span> 
     </span>
    </p>
   </div>
   <div class='ocr_carea' id='block_1_34' title="bbox 254 3032 1830 3110">
    <p class='ocr_par' dir='ltr' id='par_1_34' title="bbox 254 3032 1830 3110">
     <span class='ocr_line' id='line_1_34' title="bbox 254 3032 1830 3110; baseline 0 -18"><span class='ocrx_word' id='word_1_211' title='bbox 254 3035 747 3110; x_wconf 76' lang='grc' dir='ltr'>Παρεγκεκλιμένῃ</span> <span class='ocrx_word' id='word_1_212' title='bbox 782 3032 956 3088; x_wconf 71' lang='grc' dir='ltr'>δὲτοῦ</span> <span class='ocrx_word' id='word_1_213' title='bbox 1014 3032 1205 3093; x_wconf 80' lang='grc' dir='ltr'>εὐθέος</span> <span class='ocrx_word' id='word_1_214' title='bbox 1259 3034 1492 3106; x_wconf 76' lang='grc' dir='ltr'>διανοίᾳ,</span> <span class='ocrx_word' id='word_1_215' title='bbox 1528 3036 1599 3090; x_wconf 78' lang='grc' dir='ltr'><strong>τά</strong></span> <span class='ocrx_word' id='word_1_216' title='bbox 1656 3037 1830 3107; x_wconf 84' lang='grc' dir='ltr'>παρά·</span> 
     </span>
    </p>
   </div>
   <div class='ocr_carea' id='block_1_35' title="bbox 253 3130 1709 3201">
    <p class='ocr_par' dir='ltr' id='par_1_35' title="bbox 253 3130 1709 3201">
     <span class='ocr_line' id='line_1_35' title="bbox 253 3130 1709 3201; baseline -0.013 -15"><span class='ocrx_word' id='word_1_217' title='bbox 253 3132 391 3200; x_wconf 82' lang='grc' dir='ltr'>λογα</span> <span class='ocrx_word' id='word_1_218' title='bbox 418 3130 838 3201; x_wconf 87' lang='grc' dir='ltr'>διαπράττεται.</span> <span class='ocrx_word' id='word_1_219' title='bbox 1706 3164 1709 3167; x_wconf 88' lang='grc'><strong>.</strong></span> 
     </span>
    </p>
   </div>
   <div class='ocr_carea' id='block_1_36' title="bbox 326 3226 1830 3298">
    <p class='ocr_par' dir='ltr' id='par_1_36' title="bbox 326 3226 1830 3298">
     <span class='ocr_line' id='line_1_36' title="bbox 326 3226 1830 3298; baseline 0.002 -20"><span class='ocrx_word' id='word_1_220' title='bbox 326 3226 434 3278; x_wconf 84' lang='grc' dir='ltr'>Ἐν</span> <span class='ocrx_word' id='word_1_221' title='bbox 457 3227 636 3280; x_wconf 78' lang='grc' dir='ltr'>παντὶ</span> <span class='ocrx_word' id='word_1_222' title='bbox 654 3227 838 3296; x_wconf 80' lang='grc' dir='ltr'>καιρῷ</span> <span class='ocrx_word' id='word_1_223' title='bbox 856 3231 889 3284; x_wconf 85' lang='grc' dir='ltr'><strong>ό</strong></span> <span class='ocrx_word' id='word_1_224' title='bbox 913 3230 1184 3296; x_wconf 82' lang='grc' dir='ltr'>τοιοῦτος</span> <span class='ocrx_word' id='word_1_225' title='bbox 1206 3226 1472 3298; x_wconf 84' lang='grc' dir='ltr'>ταραχὰς</span> <span class='ocrx_word' id='word_1_226' title='bbox 1492 3227 1830 3295; x_wconf 77' lang='grc' dir='ltr'>συνίστησι</span> 
     </span>
    </p>
   </div>
   <div class='ocr_carea' id='block_1_37' title="bbox 253 3306 1830 3395">
    <p class='ocr_par' dir='ltr' id='par_1_37' title="bbox 253 3306 1830 3395">
     <span class='ocr_line' id='line_1_37' title="bbox 253 3306 1830 3395; baseline 0.001 -23"><span class='ocrx_word' id='word_1_227' title='bbox 253 3319 450 3374; x_wconf 68' lang='grc' dir='ltr'>πόλει.</span> <span class='ocrx_word' id='word_1_228' title='bbox 493 3312 664 3384; x_wconf 79' lang='grc' dir='ltr'>Οὗτος</span> <span class='ocrx_word' id='word_1_229' title='bbox 690 3324 835 3376; x_wconf 82' lang='grc' dir='ltr'>κατὰ</span> <span class='ocrx_word' id='word_1_230' title='bbox 865 3322 1048 3376; x_wconf 85' lang='grc' dir='ltr'>πάντα</span> <span class='ocrx_word' id='word_1_231' title='bbox 1080 3323 1274 3395; x_wconf 85' lang='grc' dir='ltr'>καιρὸν</span> <span class='ocrx_word' id='word_1_232' title='bbox 1308 3306 1620 3393; x_wconf 76' lang='grc' dir='ltr'>εὐπραγίας</span> <span class='ocrx_word' id='word_1_233' title='bbox 1649 3320 1830 3391; x_wconf 76' lang='grc' dir='ltr'>ἥδυσ-</span> 
     </span>
    </p>
   </div>
   <div class='ocr_carea' id='block_1_38' title="bbox 254 3411 1829 3485">
    <p class='ocr_par' dir='ltr' id='par_1_38' title="bbox 254 3411 1829 3485">
     <span class='ocr_line' id='line_1_38' title="bbox 254 3411 1829 3485; baseline 0.002 -20"><span class='ocrx_word' id='word_1_234' title='bbox 254 3411 522 3482; x_wconf 84' lang='grc' dir='ltr'>πραγίας,</span> <span class='ocrx_word' id='word_1_235' title='bbox 576 3413 816 3485; x_wconf 82' lang='grc' dir='ltr'>τάραχον</span> <span class='ocrx_word' id='word_1_236' title='bbox 864 3415 1053 3468; x_wconf 88' lang='grc' dir='ltr'>παθῶν</span> <span class='ocrx_word' id='word_1_237' title='bbox 1100 3414 1242 3469; x_wconf 80' lang='grc' dir='ltr'>κατὰ</span> <span class='ocrx_word' id='word_1_238' title='bbox 1285 3416 1513 3483; x_wconf 82' lang='grc' dir='ltr'>γνώμην</span> <span class='ocrx_word' id='word_1_239' title='bbox 1545 3415 1829 3485; x_wconf 78' lang='grc' dir='ltr'>ὐφιστᾷτῇ</span> 
     </span>
    </p>
   </div>
   <div class='ocr_carea' id='block_1_39' title="bbox 254 3497 1832 3578">
    <p class='ocr_par' dir='ltr' id='par_1_39' title="bbox 254 3497 1832 3578">
     <span class='ocr_line' id='line_1_39' title="bbox 254 3497 1832 3578; baseline 0 -22"><span class='ocrx_word' id='word_1_240' title='bbox 254 3502 364 3575; x_wconf 67' lang='grc' dir='ltr'>ἰδίᾳ</span> <span class='ocrx_word' id='word_1_241' title='bbox 424 3504 569 3576; x_wconf 79' lang='grc' dir='ltr'>ψυχῇ</span> <span class='ocrx_word' id='word_1_242' title='bbox 593 3522 605 3535; x_wconf 92' lang='grc'>·</span> <span class='ocrx_word' id='word_1_243' title='bbox 640 3505 699 3557; x_wconf 82' lang='grc' dir='ltr'>ὲν</span> <span class='ocrx_word' id='word_1_244' title='bbox 815 3504 1109 3577; x_wconf 79' lang='grc' dir='ltr'>περιπολεῖ</span> <span class='ocrx_word' id='word_1_245' title='bbox 1156 3504 1301 3558; x_wconf 80' lang='grc' dir='ltr'>κατὰ</span> <span class='ocrx_word' id='word_1_246' title='bbox 1345 3502 1587 3557; x_wconf 86' lang='grc' dir='ltr'>διάθεσιν</span> <span class='ocrx_word' id='word_1_247' title='bbox 1616 3503 1649 3574; x_wconf 83' lang='grc' dir='ltr'><strong>ή</strong></span> <span class='ocrx_word' id='word_1_248' title='bbox 1674 3502 1832 3574; x_wconf 78' lang='grc' dir='ltr'>τριὰς</span> 
     </span>
    </p>
   </div>
   <div class='ocr_carea' id='block_1_40' title="bbox 250 3594 1834 3668">
    <p class='ocr_par' dir='ltr' id='par_1_40' title="bbox 250 3594 1834 3668">
     <span class='ocr_line' id='line_1_40' title="bbox 250 3594 1834 3668; baseline -0.001 -19"><span class='ocrx_word' id='word_1_249' title='bbox 250 3596 362 3650; x_wconf 86' lang='grc' dir='ltr'><strong>τῶν</strong></span> <span class='ocrx_word' id='word_1_250' title='bbox 389 3596 595 3668; x_wconf 78' lang='grc' dir='ltr'>ταύτης</span> <span class='ocrx_word' id='word_1_251' title='bbox 620 3597 904 3668; x_wconf 87' lang='grc' dir='ltr'>δυνάμεων</span> <span class='ocrx_word' id='word_1_252' title='bbox 925 3613 942 3628; x_wconf 78' lang='grc' dir='ltr'><strong><em>ο</em></strong></span> <span class='ocrx_word' id='word_1_253' title='bbox 969 3596 1189 3661; x_wconf 87' lang='grc' dir='ltr'>στάσεις</span> <span class='ocrx_word' id='word_1_254' title='bbox 1239 3595 1474 3665; x_wconf 72' lang='grc' dir='ltr'>ἐγείρων</span> <span class='ocrx_word' id='word_1_255' title='bbox 1502 3594 1598 3647; x_wconf 89' lang='grc' dir='ltr'><strong>τοῦ</strong></span> <span class='ocrx_word' id='word_1_256' title='bbox 1632 3611 1694 3648; x_wconf 87' lang='grc' dir='ltr'><strong>τε</strong></span> <span class='ocrx_word' id='word_1_257' title='bbox 1714 3596 1834 3648; x_wconf 71' lang='grc' dir='ltr'>ἐπιρ-</span> 
     </span>
    </p>
   </div>
   <div class='ocr_carea' id='block_1_41' title="bbox 253 3684 1828 3761">
    <p class='ocr_par' dir='ltr' id='par_1_41' title="bbox 253 3684 1828 3761">
     <span class='ocr_line' id='line_1_41' title="bbox 253 3684 1828 3761; baseline -0.003 -18"><span class='ocrx_word' id='word_1_258' title='bbox 253 3689 563 3761; x_wconf 80' lang='grc' dir='ltr'>θυμητικοῦ</span> <span class='ocrx_word' id='word_1_259' title='bbox 600 3687 824 3742; x_wconf 76' lang='grc' dir='ltr'>καὶτοῦ</span> <span class='ocrx_word' id='word_1_260' title='bbox 872 3686 1107 3757; x_wconf 89' lang='grc' dir='ltr'>θυμικοῦ</span> <span class='ocrx_word' id='word_1_261' title='bbox 1166 3686 1311 3742; x_wconf 80' lang='grc' dir='ltr'>κατὰ</span> <span class='ocrx_word' id='word_1_262' title='bbox 1360 3685 1454 3739; x_wconf 89' lang='grc' dir='ltr'><strong>τοῦ</strong></span> <span class='ocrx_word' id='word_1_263' title='bbox 1496 3684 1828 3754; x_wconf 89' lang='grc' dir='ltr'>λογιστικοῦ,</span> 
     </span>
    </p>
   </div>
   <div class='ocr_carea' id='block_1_42' title="bbox 249 3779 1832 3855">
    <p class='ocr_par' dir='ltr' id='par_1_42' title="bbox 249 3779 1832 3855">
     <span class='ocr_line' id='line_1_42' title="bbox 249 3779 1832 3855; baseline -0.003 -18"><span class='ocrx_word' id='word_1_264' title='bbox 249 3785 316 3837; x_wconf 80' lang='grc' dir='ltr'>ὲν</span> <span class='ocrx_word' id='word_1_265' title='bbox 374 3781 455 3854; x_wconf 81' lang='grc' dir='ltr'><strong>τῷ</strong></span> <span class='ocrx_word' id='word_1_266' title='bbox 509 3782 652 3855; x_wconf 82' lang='grc' dir='ltr'>μήτε</span> <span class='ocrx_word' id='word_1_267' title='bbox 708 3783 830 3837; x_wconf 89' lang='grc' dir='ltr'>κατ’</span> <span class='ocrx_word' id='word_1_268' title='bbox 891 3781 1187 3853; x_wconf 70' lang='grc' dir='ltr'>ἐπιθυμίαν</span> <span class='ocrx_word' id='word_1_269' title='bbox 1243 3779 1351 3834; x_wconf 89' lang='grc' dir='ltr'><strong>τῶν</strong></span> <span class='ocrx_word' id='word_1_270' title='bbox 1394 3779 1568 3851; x_wconf 78' lang='grc' dir='ltr'>ἡδέων</span> <span class='ocrx_word' id='word_1_271' title='bbox 1627 3781 1832 3848; x_wconf 78' lang='grc' dir='ltr'>ἐγκρα-</span> 
     </span>
    </p>
   </div>
   <div class='ocr_carea' id='block_1_43' title="bbox 249 3869 1830 3948">
    <p class='ocr_par' dir='ltr' id='par_1_43' title="bbox 249 3869 1830 3948">
     <span class='ocr_line' id='line_1_43' title="bbox 249 3869 1830 3948; baseline -0.003 -18"><span class='ocrx_word' id='word_1_272' title='bbox 249 3875 504 3931; x_wconf 83' lang='grc' dir='ltr'>τεύεσθαι</span> <span class='ocrx_word' id='word_1_273' title='bbox 533 3916 550 3945; x_wconf 92' lang='grc'><strong>,</strong></span> <span class='ocrx_word' id='word_1_274' title='bbox 600 3876 740 3948; x_wconf 85' lang='grc' dir='ltr'>μήτε</span> <span class='ocrx_word' id='word_1_275' title='bbox 796 3877 939 3931; x_wconf 82' lang='grc' dir='ltr'>κατὰ</span> <span class='ocrx_word' id='word_1_276' title='bbox 997 3875 1170 3946; x_wconf 80' lang='grc' dir='ltr'>θυμὸν</span> <span class='ocrx_word' id='word_1_277' title='bbox 1227 3873 1528 3945; x_wconf 85' lang='grc' dir='ltr'>ὑπομένειν</span> <span class='ocrx_word' id='word_1_278' title='bbox 1589 3871 1661 3926; x_wconf 81' lang='grc' dir='ltr'><strong>τὰ</strong></span> <span class='ocrx_word' id='word_1_279' title='bbox 1714 3869 1830 3926; x_wconf 85' lang='grc' dir='ltr'>θλι-</span> 
     </span>
    </p>
   </div>
   <div class='ocr_carea' id='block_1_44' title="bbox 250 3963 1737 4036">
    <p class='ocr_par' dir='ltr' id='par_1_44' title="bbox 250 3963 1737 4036">
     <span class='ocr_line' id='line_1_44' title="bbox 250 3963 1737 4036; baseline 0.003 -18"><span class='ocrx_word' id='word_1_280' title='bbox 250 3963 412 4036; x_wconf 82' lang='grc' dir='ltr'>6ερά.</span> <span class='ocrx_word' id='word_1_281' title='bbox 1563 3994 1567 3998; x_wconf 74' lang='lat'><strong>~</strong></span> <span class='ocrx_word' id='word_1_282' title='bbox 1732 4018 1737 4023; x_wconf 88' lang='lat'><strong>.</strong></span> 
     </span>
    </p>
   </div>
   <div class='ocr_carea' id='block_1_45' title="bbox 328 4053 1822 4131">
    <p class='ocr_par' dir='ltr' id='par_1_45' title="bbox 328 4053 1822 4131">
     <span class='ocr_line' id='line_1_45' title="bbox 328 4053 1822 4131; baseline 0 -22"><span class='ocrx_word' id='word_1_283' title='bbox 328 4062 410 4118; x_wconf 85' lang='grc' dir='ltr'>ιε’,</span> <span class='ocrx_word' id='word_1_284' title='bbox 433 4062 530 4122; x_wconf 85' lang='grc' dir='ltr'>ις’.</span> <span class='ocrx_word' id='word_1_285' title='bbox 561 4057 664 4111; x_wconf 78' lang='grc' dir='ltr'><strong>Διὰ</strong></span> <span class='ocrx_word' id='word_1_286' title='bbox 708 4056 885 4111; x_wconf 87' lang='grc' dir='ltr'>τοῦτο</span> <span class='ocrx_word' id='word_1_287' title='bbox 946 4055 1241 4124; x_wconf 76' lang='grc' dir='ltr'>ἐξαπίνης</span> <span class='ocrx_word' id='word_1_288' title='bbox 1275 4056 1512 4125; x_wconf 77' lang='grc' dir='ltr'>ἔρχεται</span> <span class='ocrx_word' id='word_1_289' title='bbox 1528 4053 1822 4131; x_wconf 70' lang='grc' dir='ltr'>’ἀπώλεια</span> 
     </span>
    </p>
   </div>
   <div class='ocr_carea' id='block_1_46' title="bbox 250 4146 1823 4216">
    <p class='ocr_par' dir='ltr' id='par_1_46' title="bbox 250 4146 1823 4216">
     <span class='ocr_line' id='line_1_46' title="bbox 250 4146 1823 4216; baseline 0 -15"><span class='ocrx_word' id='word_1_290' title='bbox 250 4147 463 4213; x_wconf 84' lang='grc' dir='ltr'>αὑτοῦ,</span> <span class='ocrx_word' id='word_1_291' title='bbox 483 4147 739 4216; x_wconf 77' lang='grc' dir='ltr'>διακοπὴ</span> <span class='ocrx_word' id='word_1_292' title='bbox 767 4146 869 4201; x_wconf 76' lang='grc' dir='ltr'>καὶ</span> <span class='ocrx_word' id='word_1_293' title='bbox 895 4146 1186 4215; x_wconf 77' lang='grc' dir='ltr'>συν-τριϐὴ</span> <span class='ocrx_word' id='word_1_294' title='bbox 1209 4148 1475 4214; x_wconf 86' lang='grc' dir='ltr'>ἀνίατος,</span> <span class='ocrx_word' id='word_1_295' title='bbox 1511 4146 1601 4201; x_wconf 81' lang='grc' dir='ltr'>ὅτι</span> <span class='ocrx_word' id='word_1_296' title='bbox 1627 4147 1823 4215; x_wconf 82' lang='grc' dir='ltr'>χαίρει</span> 
     </span>
    </p>
   </div>
   <div class='ocr_carea' id='block_1_47' title="bbox 252 4233 1828 4307">
    <p class='ocr_par' dir='ltr' id='par_1_47' title="bbox 252 4233 1828 4307">
     <span class='ocr_line' id='line_1_47' title="bbox 252 4233 1828 4307; baseline -0.001 -15"><span class='ocrx_word' id='word_1_297' title='bbox 252 4239 355 4293; x_wconf 71' lang='grc' dir='ltr'><strong>ἐπὶ</strong></span> <span class='ocrx_word' id='word_1_298' title='bbox 376 4238 569 4295; x_wconf 85' lang='grc' dir='ltr'>πᾶσιν</span> <span class='ocrx_word' id='word_1_299' title='bbox 595 4233 686 4304; x_wconf 77' lang='grc' dir='ltr'>οἷς</span> <span class='ocrx_word' id='word_1_300' title='bbox 708 4237 882 4306; x_wconf 82' lang='grc' dir='ltr'>μισεῖ</span> <span class='ocrx_word' id='word_1_301' title='bbox 896 4240 928 4292; x_wconf 83' lang='grc' dir='ltr'><strong>ό</strong></span> <span class='ocrx_word' id='word_1_302' title='bbox 948 4238 1184 4305; x_wconf 83' lang='grc' dir='ltr'>Κύριος.</span> <span class='ocrx_word' id='word_1_303' title='bbox 1213 4237 1409 4293; x_wconf 86' lang='grc' dir='ltr'>Ἔνθεν</span> <span class='ocrx_word' id='word_1_304' title='bbox 1434 4255 1518 4292; x_wconf 90' lang='grc' dir='ltr'><strong>τοι</strong></span> <span class='ocrx_word' id='word_1_305' title='bbox 1535 4237 1828 4307; x_wconf 80' lang='grc' dir='ltr'>αἰφνιδίως</span> 
     </span>
    </p>
   </div>
   <div class='ocr_carea' id='block_1_48' title="bbox 257 4330 1828 4403">
    <p class='ocr_par' dir='ltr' id='par_1_48' title="bbox 257 4330 1828 4403">
     <span class='ocr_line' id='line_1_48' title="bbox 257 4330 1828 4403; baseline -0.001 -19"><span class='ocrx_word' id='word_1_306' title='bbox 257 4332 550 4402; x_wconf 75' lang='grc' dir='ltr'>ἐπέρχεται</span> <span class='ocrx_word' id='word_1_307' title='bbox 592 4330 767 4402; x_wconf 84' lang='grc' dir='ltr'>τούτῳ</span> <span class='ocrx_word' id='word_1_308' title='bbox 792 4333 825 4400; x_wconf 81' lang='grc' dir='ltr'><strong>ἡ</strong></span> <span class='ocrx_word' id='word_1_309' title='bbox 859 4330 1022 4384; x_wconf 83' lang='grc' dir='ltr'>αὐτοῦ</span> <span class='ocrx_word' id='word_1_310' title='bbox 1053 4330 1450 4402; x_wconf 81' lang='grc' dir='ltr'>ὲξολόθρευσις,</span> <span class='ocrx_word' id='word_1_311' title='bbox 1505 4331 1828 4403; x_wconf 81' lang='grc' dir='ltr'>ὑπάρχουσα</span> 
     </span>
    </p>
   </div>
   <div class='ocr_carea' id='block_1_49' title="bbox 253 4420 1830 4494">
    <p class='ocr_par' dir='ltr' id='par_1_49' title="bbox 253 4420 1830 4494">
     <span class='ocr_line' id='line_1_49' title="bbox 253 4420 1830 4494; baseline -0.002 -17"><span class='ocrx_word' id='word_1_312' title='bbox 253 4422 538 4493; x_wconf 86' lang='grc' dir='ltr'>χωρισμός</span> <span class='ocrx_word' id='word_1_313' title='bbox 570 4438 630 4474; x_wconf 88' lang='grc' dir='ltr'><strong>τε</strong></span> <span class='ocrx_word' id='word_1_314' title='bbox 664 4420 843 4494; x_wconf 80' lang='grc' dir='ltr'>ψυχῆς</span> <span class='ocrx_word' id='word_1_315' title='bbox 863 4421 971 4476; x_wconf 83' lang='grc' dir='ltr'>ἀπὸ</span> <span class='ocrx_word' id='word_1_316' title='bbox 996 4420 1271 4488; x_wconf 83' lang='grc' dir='ltr'>σώματος,</span> <span class='ocrx_word' id='word_1_317' title='bbox 1294 4422 1386 4475; x_wconf 70' lang='grc' dir='ltr'>καὶ</span> <span class='ocrx_word' id='word_1_318' title='bbox 1416 4421 1642 4486; x_wconf 87' lang='grc' dir='ltr'>κόλασις</span> <span class='ocrx_word' id='word_1_319' title='bbox 1672 4421 1830 4486; x_wconf 80' lang='grc' dir='ltr'>τέλος</span> 
     </span>
    </p>
   </div>
   <div class='ocr_carea' id='block_1_50' title="bbox 2011 760 3507 841">
    <p class='ocr_par' dir='ltr' id='par_1_50' title="bbox 2011 760 3507 841">
     <span class='ocr_line' id='line_1_50' title="bbox 2011 760 3507 841; baseline 0.007 -27"><span class='ocrx_word' id='word_1_320' title='bbox 2011 760 2126 815; x_wconf 89' lang='lat' dir='ltr'><strong>Tua</strong></span> <span class='ocrx_word' id='word_1_321' title='bbox 2157 769 2336 816; x_wconf 83' lang='lat' dir='ltr'><strong>autem</strong></span> <span class='ocrx_word' id='word_1_322' title='bbox 2366 770 2591 833; x_wconf 79' lang='lat' dir='ltr'><strong>egestas,</strong></span> <span class='ocrx_word' id='word_1_323' title='bbox 2632 772 2692 819; x_wconf 88' lang='lat' dir='ltr'><strong>ut</strong></span> <span class='ocrx_word' id='word_1_324' title='bbox 2719 765 2893 819; x_wconf 89' lang='lat' dir='ltr'><strong>malus</strong></span> <span class='ocrx_word' id='word_1_325' title='bbox 2917 782 3124 835; x_wconf 87' lang='lat' dir='ltr'><strong>cursor,</strong></span> <span class='ocrx_word' id='word_1_326' title='bbox 3145 767 3295 840; x_wconf 84' lang='lat' dir='ltr'><strong>longe</strong></span> <span class='ocrx_word' id='word_1_327' title='bbox 3322 770 3507 841; x_wconf 76' lang='lat' dir='ltr'><strong>fugiet.</strong></span> 
     </span>
    </p>
   </div>
   <div class='ocr_carea' id='block_1_51' title="bbox 1937 849 3507 926">
    <p class='ocr_par' dir='ltr' id='par_1_51' title="bbox 1937 849 3507 926">
     <span class='ocr_line' id='line_1_51' title="bbox 1937 849 3507 926; baseline 0.006 -21"><span class='ocrx_word' id='word_1_328' title='bbox 1937 849 2060 906; x_wconf 88' lang='lat' dir='ltr'><strong>Eta</strong></span> <span class='ocrx_word' id='word_1_329' title='bbox 2109 861 2159 907; x_wconf 88' lang='lat' dir='ltr'><strong>te</strong></span> <span class='ocrx_word' id='word_1_330' title='bbox 2212 852 2372 924; x_wconf 81' lang='lat' dir='ltr'><strong>longe</strong></span> <span class='ocrx_word' id='word_1_331' title='bbox 2397 851 2565 925; x_wconf 77' lang='lat' dir='ltr'><strong>fugiet</strong></span> <span class='ocrx_word' id='word_1_332' title='bbox 2622 856 2866 911; x_wconf 87' lang='lat' dir='ltr'><strong>defectus</strong></span> <span class='ocrx_word' id='word_1_333' title='bbox 2942 850 3184 913; x_wconf 76' lang='lat' dir='ltr'><strong>scientiae</strong></span> <span class='ocrx_word' id='word_1_334' title='bbox 3234 861 3398 926; x_wconf 90' lang='lat' dir='ltr'><strong>boni,</strong></span> <span class='ocrx_word' id='word_1_335' title='bbox 3453 862 3507 914; x_wconf 92' lang='lat' dir='ltr'><strong>in</strong></span> 
     </span>
    </p>
   </div>
   <div class='ocr_carea' id='block_1_52' title="bbox 1937 940 3506 1016">
    <p class='ocr_par' dir='ltr' id='par_1_52' title="bbox 1937 940 3506 1016">
     <span class='ocr_line' id='line_1_52' title="bbox 1937 940 3506 1016; baseline 0.005 -21"><span class='ocrx_word' id='word_1_336' title='bbox 1937 955 2098 1012; x_wconf 86' lang='lat' dir='ltr'><strong>quem</strong></span> <span class='ocrx_word' id='word_1_337' title='bbox 2161 940 2402 1011; x_wconf 84' lang='lat' dir='ltr'><strong>incidisti</strong></span> <span class='ocrx_word' id='word_1_338' title='bbox 2439 958 2548 998; x_wconf 89' lang='lat' dir='ltr'><strong>non</strong></span> <span class='ocrx_word' id='word_1_339' title='bbox 2598 952 2806 1015; x_wconf 86' lang='lat' dir='ltr'><strong>attente</strong></span> <span class='ocrx_word' id='word_1_340' title='bbox 2847 945 3146 1010; x_wconf 88' lang='lat' dir='ltr'><strong>audiendo,</strong></span> <span class='ocrx_word' id='word_1_341' title='bbox 3180 954 3236 1001; x_wconf 89' lang='lat' dir='ltr'><strong>et</strong></span> <span class='ocrx_word' id='word_1_342' title='bbox 3294 949 3506 1016; x_wconf 76' lang='lat' dir='ltr'><strong>praxim</strong></span> 
     </span>
    </p>
   </div>
   <div class='ocr_carea' id='block_1_53' title="bbox 1938 1037 3511 1111">
    <p class='ocr_par' dir='ltr' id='par_1_53' title="bbox 1938 1037 3511 1111">
     <span class='ocr_line' id='line_1_53' title="bbox 1938 1037 3511 1111; baseline 0.004 -19"><span class='ocrx_word' id='word_1_343' title='bbox 1938 1038 2052 1092; x_wconf 89' lang='lat' dir='ltr'><strong>veri</strong></span> <span class='ocrx_word' id='word_1_344' title='bbox 2073 1037 2202 1092; x_wconf 89' lang='lat' dir='ltr'><strong>boni</strong></span> <span class='ocrx_word' id='word_1_345' title='bbox 2223 1039 2544 1106; x_wconf 77' lang='lat' dir='ltr'><strong>ignorando,</strong></span> <span class='ocrx_word' id='word_1_346' title='bbox 2579 1056 2687 1095; x_wconf 93' lang='lat' dir='ltr'><strong>non</strong></span> <span class='ocrx_word' id='word_1_347' title='bbox 2740 1042 2963 1111; x_wconf 88' lang='lat' dir='ltr'><strong>quidem</strong></span> <span class='ocrx_word' id='word_1_348' title='bbox 3031 1044 3313 1110; x_wconf 75' lang='lat' dir='ltr'><strong>velociter,</strong></span> <span class='ocrx_word' id='word_1_349' title='bbox 3364 1044 3511 1101; x_wconf 92' lang='lat' dir='ltr'><strong>sicut</strong></span> 
     </span>
    </p>
   </div>
   <div class='ocr_carea' id='block_1_54' title="bbox 1939 1128 3509 1206">
    <p class='ocr_par' dir='ltr' id='par_1_54' title="bbox 1939 1128 3509 1206">
     <span class='ocr_line' id='line_1_54' title="bbox 1939 1128 3509 1206; baseline 0.003 -22"><span class='ocrx_word' id='word_1_350' title='bbox 1939 1128 2257 1198; x_wconf 75' lang='lat' dir='ltr'><strong>supervenit</strong></span> <span class='ocrx_word' id='word_1_351' title='bbox 2286 1128 2341 1182; x_wconf 92' lang='lat' dir='ltr'><strong>in</strong></span> <span class='ocrx_word' id='word_1_352' title='bbox 2367 1135 2421 1183; x_wconf 90' lang='lat' dir='ltr'><strong>te</strong></span> <span class='ocrx_word' id='word_1_353' title='bbox 2451 1130 2581 1183; x_wconf 91' lang='lat' dir='ltr'><strong>boni</strong></span> <span class='ocrx_word' id='word_1_354' title='bbox 2620 1133 2968 1203; x_wconf 75' lang='lat' dir='ltr'><strong>negligentia,</strong></span> <span class='ocrx_word' id='word_1_355' title='bbox 3005 1134 3099 1189; x_wconf 86' lang='lat' dir='ltr'><strong>sed</strong></span> <span class='ocrx_word' id='word_1_356' title='bbox 3122 1135 3327 1189; x_wconf 84' lang='lat' dir='ltr'><strong>lentius</strong></span> <span class='ocrx_word' id='word_1_357' title='bbox 3378 1150 3509 1206; x_wconf 84' lang='lat' dir='ltr'><strong>par-</strong></span> 
     </span>
    </p>
   </div>
   <div class='ocr_carea' id='block_1_55' title="bbox 1939 1222 3509 1296">
    <p class='ocr_par' dir='ltr' id='par_1_55' title="bbox 1939 1222 3509 1296">
     <span class='ocr_line' id='line_1_55' title="bbox 1939 1222 3509 1296; baseline 0.003 -22"><span class='ocrx_word' id='word_1_358' title='bbox 1939 1222 2035 1275; x_wconf 88' lang='lat' dir='ltr'><strong>tim</strong></span> <span class='ocrx_word' id='word_1_359' title='bbox 2065 1235 2228 1291; x_wconf 90' lang='lat' dir='ltr'><strong>quam</strong></span> <span class='ocrx_word' id='word_1_360' title='bbox 2250 1223 2636 1276; x_wconf 82' lang='lat' dir='ltr'><strong>mandatorum</strong></span> <span class='ocrx_word' id='word_1_361' title='bbox 2672 1223 2942 1293; x_wconf 84' lang='lat' dir='ltr'><strong>impletio,</strong></span> <span class='ocrx_word' id='word_1_362' title='bbox 2996 1226 3195 1280; x_wconf 86' lang='lat' dir='ltr'><strong>similis</strong></span> <span class='ocrx_word' id='word_1_363' title='bbox 3225 1227 3509 1296; x_wconf 80' lang='lat' dir='ltr'><strong>languenti</strong></span> 
     </span>
    </p>
   </div>
   <div class='ocr_carea' id='block_1_56' title="bbox 1938 1311 3400 1383">
    <p class='ocr_par' dir='ltr' id='par_1_56' title="bbox 1938 1311 3400 1383">
     <span class='ocr_line' id='line_1_56' title="bbox 1938 1311 3400 1383; baseline 0.005 -19"><span class='ocrx_word' id='word_1_364' title='bbox 1938 1311 2180 1378; x_wconf 85' lang='lat' dir='ltr'><strong>cursori,</strong></span> <span class='ocrx_word' id='word_1_365' title='bbox 2210 1314 2282 1366; x_wconf 89' lang='lat' dir='ltr'><strong>ob</strong></span> <span class='ocrx_word' id='word_1_366' title='bbox 2313 1312 2539 1367; x_wconf 86' lang='lat' dir='ltr'><strong>virtutis</strong></span> <span class='ocrx_word' id='word_1_367' title='bbox 2576 1312 2965 1383; x_wconf 86' lang='lat' dir='ltr'><strong>acquisitionis</strong></span> <span class='ocrx_word' id='word_1_368' title='bbox 2990 1313 3400 1371; x_wconf 76' lang='lat' dir='ltr'><strong>difﬁcultatem.</strong></span> 
     </span>
    </p>
   </div>
   <div class='ocr_carea' id='block_1_57' title="bbox 2011 1476 3512 1563">
    <p class='ocr_par' dir='ltr' id='par_1_57' title="bbox 2011 1476 3512 1563">
     <span class='ocr_line' id='line_1_57' title="bbox 2011 1476 3512 1563; baseline 0.001 -18"><span class='ocrx_word' id='word_1_369' title='bbox 2011 1489 2181 1545; x_wconf 73' lang='lat' dir='ltr'><strong>Vens.</strong></span> <span class='ocrx_word' id='word_1_370' title='bbox 2218 1489 2307 1545; x_wconf 76' lang='grc'><strong>12.</strong></span> <span class='ocrx_word' id='word_1_371' title='bbox 2335 1489 2430 1545; x_wconf 82' lang='lat' dir='ltr'><strong>Vir</strong></span> <span class='ocrx_word' id='word_1_372' title='bbox 2458 1491 2765 1546; x_wconf 86' lang='lat' dir='ltr'><strong>insensatus</strong></span> <span class='ocrx_word' id='word_1_373' title='bbox 2792 1499 2842 1545; x_wconf 93' lang='lat' dir='ltr'><strong>et</strong></span> <span class='ocrx_word' id='word_1_374' title='bbox 2881 1492 3097 1562; x_wconf 86' lang='lat' dir='ltr'><strong>iniquus</strong></span> <span class='ocrx_word' id='word_1_375' title='bbox 3118 1476 3363 1548; x_wconf 85' lang='lat' dir='ltr'><strong>ambulat</strong></span> <span class='ocrx_word' id='word_1_376' title='bbox 3419 1509 3512 1563; x_wconf 85' lang='lat' dir='ltr'><strong>per</strong></span> 
     </span>
    </p>
   </div>
   <div class='ocr_carea' id='block_1_58' title="bbox 1940 1581 3513 1643">
    <p class='ocr_par' dir='ltr' id='par_1_58' title="bbox 1940 1581 3513 1643">
     <span class='ocr_line' id='line_1_58' title="bbox 1940 1581 3513 1643; baseline 0.004 -7"><span class='ocrx_word' id='word_1_377' title='bbox 1940 1581 2053 1637; x_wconf 74' lang='lat' dir='ltr'><strong>uias</strong></span> <span class='ocrx_word' id='word_1_378' title='bbox 2080 1599 2182 1636; x_wconf 87' lang='lat' dir='ltr'><strong>non</strong></span> <span class='ocrx_word' id='word_1_379' title='bbox 2207 1584 2390 1640; x_wconf 88' lang='lat' dir='ltr'><strong>bonas.</strong></span> <span class='ocrx_word' id='word_1_380' title='bbox 2422 1582 2519 1639; x_wconf 83' lang='lat' dir='ltr'><strong>Vir</strong></span> <span class='ocrx_word' id='word_1_381' title='bbox 2545 1586 2796 1640; x_wconf 87' lang='lat' dir='ltr'><strong>nesciens</strong></span> <span class='ocrx_word' id='word_1_382' title='bbox 2859 1600 3049 1639; x_wconf 89' lang='lat' dir='ltr'><strong>verum</strong></span> <span class='ocrx_word' id='word_1_383' title='bbox 3085 1587 3289 1642; x_wconf 77' lang='lat' dir='ltr'><strong>bonum</strong></span> <span class='ocrx_word' id='word_1_384' title='bbox 3318 1598 3369 1643; x_wconf 90' lang='lat' dir='ltr'><strong>et</strong></span> <span class='ocrx_word' id='word_1_385' title='bbox 3406 1591 3513 1643; x_wconf 85' lang='lat' dir='ltr'><strong>ini-</strong></span> 
     </span>
    </p>
   </div>
   <div class='ocr_carea' id='block_1_59' title="bbox 1943 1673 3512 1747">
    <p class='ocr_par' dir='ltr' id='par_1_59' title="bbox 1943 1673 3512 1747">
     <span class='ocr_line' id='line_1_59' title="bbox 1943 1673 3512 1747; baseline 0.006 -20"><span class='ocrx_word' id='word_1_386' title='bbox 1943 1689 2047 1745; x_wconf 88' lang='lat' dir='ltr'><strong>qua</strong></span> <span class='ocrx_word' id='word_1_387' title='bbox 2072 1673 2307 1739; x_wconf 87' lang='lat' dir='ltr'><strong>faciens,</strong></span> <span class='ocrx_word' id='word_1_388' title='bbox 2347 1675 2403 1729; x_wconf 92' lang='lat' dir='ltr'><strong>in</strong></span> <span class='ocrx_word' id='word_1_389' title='bbox 2428 1675 2672 1731; x_wconf 87' lang='lat' dir='ltr'><strong>tenebris</strong></span> <span class='ocrx_word' id='word_1_390' title='bbox 2704 1676 3047 1747; x_wconf 64' lang='lat' dir='ltr'><strong>ignorantiae,</strong></span> <span class='ocrx_word' id='word_1_391' title='bbox 3080 1677 3214 1732; x_wconf 82' lang='lat' dir='ltr'><strong>etin</strong></span> <span class='ocrx_word' id='word_1_392' title='bbox 3236 1677 3512 1736; x_wconf 89' lang='lat' dir='ltr'><strong>scandalis</strong></span> 
     </span>
    </p>
   </div>
   <div class='ocr_carea' id='block_1_60' title="bbox 1944 1765 2774 1831">
    <p class='ocr_par' dir='ltr' id='par_1_60' title="bbox 1944 1765 2774 1831">
     <span class='ocr_line' id='line_1_60' title="bbox 1944 1765 2774 1831; baseline 0.002 -11"><span class='ocrx_word' id='word_1_393' title='bbox 1944 1765 2186 1831; x_wconf 83' lang='lat' dir='ltr'><strong>malitiae,</strong></span> <span class='ocrx_word' id='word_1_394' title='bbox 2220 1766 2389 1820; x_wconf 89' lang='lat' dir='ltr'><strong>vitam</strong></span> <span class='ocrx_word' id='word_1_395' title='bbox 2425 1781 2576 1822; x_wconf 86' lang='lat' dir='ltr'><strong>suam</strong></span> <span class='ocrx_word' id='word_1_396' title='bbox 2603 1768 2774 1822; x_wconf 82' lang='lat' dir='ltr'><strong>ducit.</strong></span> 
     </span>
    </p>
   </div>
   <div class='ocr_carea' id='block_1_61' title="bbox 2010 1940 3509 2015">
    <p class='ocr_par' dir='ltr' id='par_1_61' title="bbox 2010 1940 3509 2015">
     <span class='ocr_line' id='line_1_61' title="bbox 2010 1940 3509 2015; baseline 0.003 -20"><span class='ocrx_word' id='word_1_397' title='bbox 2010 1940 2176 1996; x_wconf 74' lang='lat' dir='ltr'><strong>Vens.</strong></span> <span class='ocrx_word' id='word_1_398' title='bbox 2203 1942 2290 1997; x_wconf 77' lang='grc'>15.</span> <span class='ocrx_word' id='word_1_399' title='bbox 2314 1940 2438 2012; x_wconf 81' lang='lat' dir='ltr'><strong>Ipse</strong></span> <span class='ocrx_word' id='word_1_400' title='bbox 2459 1950 2635 1996; x_wconf 85' lang='lat' dir='ltr'><strong>autem</strong></span> <span class='ocrx_word' id='word_1_401' title='bbox 2699 1942 2887 1997; x_wconf 82' lang='lat' dir='ltr'><strong>annuit</strong></span> <span class='ocrx_word' id='word_1_402' title='bbox 2934 1943 3125 2008; x_wconf 81' lang='lat' dir='ltr'><strong>oculis,</strong></span> <span class='ocrx_word' id='word_1_403' title='bbox 3181 1944 3304 1997; x_wconf 86' lang='lat' dir='ltr'><strong>terit</strong></span> <span class='ocrx_word' id='word_1_404' title='bbox 3359 1945 3509 2015; x_wconf 85' lang='lat' dir='ltr'><strong>pede,</strong></span> 
     </span>
    </p>
   </div>
   <div class='ocr_carea' id='block_1_62' title="bbox 1938 2032 3511 2105">
    <p class='ocr_par' dir='ltr' id='par_1_62' title="bbox 1938 2032 3511 2105">
     <span class='ocr_line' id='line_1_62' title="bbox 1938 2032 3511 2105; baseline -0.001 -17"><span class='ocrx_word' id='word_1_405' title='bbox 1938 2034 2104 2105; x_wconf 84' lang='lat' dir='ltr'><strong>signis</strong></span> <span class='ocrx_word' id='word_1_406' title='bbox 2126 2032 2413 2104; x_wconf 80' lang='lat' dir='ltr'><strong>digitorum</strong></span> <span class='ocrx_word' id='word_1_407' title='bbox 2447 2034 2621 2090; x_wconf 83' lang='lat' dir='ltr'><strong>docet.</strong></span> <span class='ocrx_word' id='word_1_408' title='bbox 2654 2034 2749 2089; x_wconf 88' lang='lat' dir='ltr'><strong>Ille</strong></span> <span class='ocrx_word' id='word_1_409' title='bbox 2777 2043 2983 2102; x_wconf 90' lang='lat' dir='ltr'><strong>autem,</strong></span> <span class='ocrx_word' id='word_1_410' title='bbox 3052 2035 3196 2090; x_wconf 84' lang='lat' dir='ltr'><strong>bona</strong></span> <span class='ocrx_word' id='word_1_411' title='bbox 3235 2043 3291 2090; x_wconf 87' lang='lat' dir='ltr'><strong>et</strong></span> <span class='ocrx_word' id='word_1_412' title='bbox 3341 2045 3511 2102; x_wconf 87' lang='lat' dir='ltr'><strong>recta,</strong></span> 
     </span>
    </p>
   </div>
   <div class='ocr_carea' id='block_1_63' title="bbox 1937 2125 3513 2196">
    <p class='ocr_par' dir='ltr' id='par_1_63' title="bbox 1937 2125 3513 2196">
     <span class='ocr_line' id='line_1_63' title="bbox 1937 2125 3513 2196; baseline 0.003 -18"><span class='ocrx_word' id='word_1_413' title='bbox 1937 2127 2212 2187; x_wconf 86' lang='lat' dir='ltr'><strong>mandatis</strong></span> <span class='ocrx_word' id='word_1_414' title='bbox 2230 2126 2497 2195; x_wconf 91' lang='lat' dir='ltr'><strong>imperata</strong></span> <span class='ocrx_word' id='word_1_415' title='bbox 2517 2141 2618 2181; x_wconf 88' lang='lat' dir='ltr'><strong>nec</strong></span> <span class='ocrx_word' id='word_1_416' title='bbox 2641 2142 2738 2181; x_wconf 87' lang='lat' dir='ltr'><strong>ore</strong></span> <span class='ocrx_word' id='word_1_417' title='bbox 2766 2125 2916 2196; x_wconf 89' lang='lat' dir='ltr'><strong>loqui</strong></span> <span class='ocrx_word' id='word_1_418' title='bbox 2942 2140 3046 2181; x_wconf 88' lang='lat' dir='ltr'><strong>nec</strong></span> <span class='ocrx_word' id='word_1_419' title='bbox 3075 2127 3302 2182; x_wconf 81' lang='lat' dir='ltr'><strong>auribus</strong></span> <span class='ocrx_word' id='word_1_420' title='bbox 3320 2126 3513 2182; x_wconf 84' lang='lat' dir='ltr'><strong>audire</strong></span> 
     </span>
    </p>
   </div>
   <div class='ocr_carea' id='block_1_64' title="bbox 1936 2214 3507 2281">
    <p class='ocr_par' dir='ltr' id='par_1_64' title="bbox 1936 2214 3507 2281">
     <span class='ocr_line' id='line_1_64' title="bbox 1936 2214 3507 2281; baseline 0.001 -13"><span class='ocrx_word' id='word_1_421' title='bbox 1936 2215 2149 2281; x_wconf 89' lang='lat' dir='ltr'><strong>volens,</strong></span> <span class='ocrx_word' id='word_1_422' title='bbox 2197 2214 2383 2270; x_wconf 81' lang='lat' dir='ltr'><strong>verbis</strong></span> <span class='ocrx_word' id='word_1_423' title='bbox 2408 2215 2754 2271; x_wconf 86' lang='lat' dir='ltr'><strong>mendacium</strong></span> <span class='ocrx_word' id='word_1_424' title='bbox 2808 2224 2867 2272; x_wconf 90' lang='lat' dir='ltr'><strong>et</strong></span> <span class='ocrx_word' id='word_1_425' title='bbox 2930 2216 3203 2272; x_wconf 81' lang='lat' dir='ltr'><strong>fallaciam</strong></span> <span class='ocrx_word' id='word_1_426' title='bbox 3277 2232 3507 2273; x_wconf 89' lang='lat' dir='ltr'><strong>suorum</strong></span> 
     </span>
    </p>
   </div>
   <div class='ocr_carea' id='block_1_65' title="bbox 1939 2305 3511 2377">
    <p class='ocr_par' dir='ltr' id='par_1_65' title="bbox 1939 2305 3511 2377">
     <span class='ocr_line' id='line_1_65' title="bbox 1939 2305 3511 2377; baseline 0.001 -18"><span class='ocrx_word' id='word_1_427' title='bbox 1939 2305 2297 2361; x_wconf 85' lang='lat' dir='ltr'><strong>consiliorum</strong></span> <span class='ocrx_word' id='word_1_428' title='bbox 2327 2321 2438 2361; x_wconf 90' lang='lat' dir='ltr'><strong>non</strong></span> <span class='ocrx_word' id='word_1_429' title='bbox 2460 2306 2654 2375; x_wconf 85' lang='lat' dir='ltr'><strong>audet;</strong></span> <span class='ocrx_word' id='word_1_430' title='bbox 2687 2307 2785 2363; x_wconf 89' lang='lat' dir='ltr'><strong>sed</strong></span> <span class='ocrx_word' id='word_1_431' title='bbox 2818 2307 3024 2376; x_wconf 92' lang='lat' dir='ltr'><strong>denuo,</strong></span> <span class='ocrx_word' id='word_1_432' title='bbox 3053 2308 3323 2361; x_wconf 88' lang='lat' dir='ltr'><strong>malarum</strong></span> <span class='ocrx_word' id='word_1_433' title='bbox 3362 2309 3511 2377; x_wconf 78' lang='lat' dir='ltr'><strong>cogi-</strong></span> 
     </span>
    </p>
   </div>
   <div class='ocr_carea' id='block_1_66' title="bbox 1938 2396 3506 2470">
    <p class='ocr_par' dir='ltr' id='par_1_66' title="bbox 1938 2396 3506 2470">
     <span class='ocr_line' id='line_1_66' title="bbox 1938 2396 3506 2470; baseline 0.002 -20"><span class='ocrx_word' id='word_1_434' title='bbox 1938 2396 2205 2451; x_wconf 88' lang='lat' dir='ltr'><strong>tationum</strong></span> <span class='ocrx_word' id='word_1_435' title='bbox 2244 2396 2426 2453; x_wconf 86' lang='lat' dir='ltr'><strong>socios</strong></span> <span class='ocrx_word' id='word_1_436' title='bbox 2451 2398 2653 2455; x_wconf 86' lang='lat' dir='ltr'><strong>habere</strong></span> <span class='ocrx_word' id='word_1_437' title='bbox 2682 2400 2914 2470; x_wconf 89' lang='lat' dir='ltr'><strong>cupiens</strong></span> <span class='ocrx_word' id='word_1_438' title='bbox 2971 2400 3026 2454; x_wconf 92' lang='lat' dir='ltr'><strong>in</strong></span> <span class='ocrx_word' id='word_1_439' title='bbox 3056 2401 3260 2468; x_wconf 81' lang='lat' dir='ltr'><strong>seipse,</strong></span> <span class='ocrx_word' id='word_1_440' title='bbox 3292 2405 3347 2452; x_wconf 93' lang='lat' dir='ltr'><strong>et</strong></span> <span class='ocrx_word' id='word_1_441' title='bbox 3369 2413 3506 2453; x_wconf 90' lang='lat' dir='ltr'><strong>ocu-</strong></span> 
     </span>
    </p>
   </div>
   <div class='ocr_carea' id='block_1_67' title="bbox 1937 2489 3505 2562">
    <p class='ocr_par' dir='ltr' id='par_1_67' title="bbox 1937 2489 3505 2562">
     <span class='ocr_line' id='line_1_67' title="bbox 1937 2489 3505 2562; baseline 0.001 -20"><span class='ocrx_word' id='word_1_442' title='bbox 1937 2489 2139 2557; x_wconf 89' lang='lat' dir='ltr'><strong>lorum,</strong></span> <span class='ocrx_word' id='word_1_443' title='bbox 2173 2499 2227 2546; x_wconf 90' lang='lat' dir='ltr'><strong>et</strong></span> <span class='ocrx_word' id='word_1_444' title='bbox 2248 2491 2468 2560; x_wconf 88' lang='lat' dir='ltr'><strong>pedum,</strong></span> <span class='ocrx_word' id='word_1_445' title='bbox 2494 2500 2548 2547; x_wconf 86' lang='lat' dir='ltr'><strong>et</strong></span> <span class='ocrx_word' id='word_1_446' title='bbox 2563 2490 2857 2562; x_wconf 78' lang='lat' dir='ltr'><strong>digitorum</strong></span> <span class='ocrx_word' id='word_1_447' title='bbox 2881 2492 3060 2547; x_wconf 88' lang='lat' dir='ltr'><strong>medio</strong></span> <span class='ocrx_word' id='word_1_448' title='bbox 3088 2492 3366 2547; x_wconf 77' lang='lat' dir='ltr'><strong>simulatis</strong></span> <span class='ocrx_word' id='word_1_449' title='bbox 3392 2505 3505 2543; x_wconf 89' lang='lat' dir='ltr'><strong>ma-</strong></span> 
     </span>
    </p>
   </div>
   <div class='ocr_carea' id='block_1_68' title="bbox 1936 2581 3506 2657">
    <p class='ocr_par' dir='ltr' id='par_1_68' title="bbox 1936 2581 3506 2657">
     <span class='ocr_line' id='line_1_68' title="bbox 1936 2581 3506 2657; baseline -0.001 -19"><span class='ocrx_word' id='word_1_450' title='bbox 1936 2581 2005 2638; x_wconf 91' lang='lat' dir='ltr'><strong>lis</strong></span> <span class='ocrx_word' id='word_1_451' title='bbox 2039 2585 2320 2654; x_wconf 87' lang='lat' dir='ltr'><strong>0peribus,</strong></span> <span class='ocrx_word' id='word_1_452' title='bbox 2361 2585 2442 2640; x_wconf 93' lang='lat' dir='ltr'><strong>eis</strong></span> <span class='ocrx_word' id='word_1_453' title='bbox 2464 2585 2559 2656; x_wconf 88' lang='lat' dir='ltr'><strong>qui</strong></span> <span class='ocrx_word' id='word_1_454' title='bbox 2593 2588 2788 2643; x_wconf 84' lang='lat' dir='ltr'><strong>eadem</strong></span> <span class='ocrx_word' id='word_1_455' title='bbox 2824 2600 2889 2643; x_wconf 85' lang='lat' dir='ltr'><strong>ac</strong></span> <span class='ocrx_word' id='word_1_456' title='bbox 2917 2585 3037 2657; x_wconf 86' lang='lat' dir='ltr'><strong>ipse</strong></span> <span class='ocrx_word' id='word_1_457' title='bbox 3057 2585 3325 2650; x_wconf 86' lang='lat' dir='ltr'><strong>sentiant,</strong></span> <span class='ocrx_word' id='word_1_458' title='bbox 3348 2597 3506 2639; x_wconf 87' lang='lat' dir='ltr'><strong>suam</strong></span> 
     </span>
    </p>
   </div>
   <div class='ocr_carea' id='block_1_69' title="bbox 1937 2674 2649 2732">
    <p class='ocr_par' dir='ltr' id='par_1_69' title="bbox 1937 2674 2649 2732">
     <span class='ocr_line' id='line_1_69' title="bbox 1937 2674 2649 2732; baseline 0.006 -4"><span class='ocrx_word' id='word_1_459' title='bbox 1937 2674 2256 2731; x_wconf 88' lang='lat' dir='ltr'><strong>manifestat</strong></span> <span class='ocrx_word' id='word_1_460' title='bbox 2283 2676 2649 2732; x_wconf 77' lang='lat' dir='ltr'><strong>voluntatem.</strong></span> 
     </span>
    </p>
   </div>
   <div class='ocr_carea' id='block_1_70' title="bbox 2008 2955 3510 3031">
    <p class='ocr_par' dir='ltr' id='par_1_70' title="bbox 2008 2955 3510 3031">
     <span class='ocr_line' id='line_1_70' title="bbox 2008 2955 3510 3031; baseline -0.005 -14"><span class='ocrx_word' id='word_1_461' title='bbox 2008 2960 2177 3019; x_wconf 73' lang='lat' dir='ltr'><strong>Vens.</strong></span> <span class='ocrx_word' id='word_1_462' title='bbox 2214 2960 2304 3017; x_wconf 75' lang='grc'><strong>14.</strong></span> <span class='ocrx_word' id='word_1_463' title='bbox 2335 2959 2511 3017; x_wconf 83' lang='lat' dir='ltr'><strong>Corde</strong></span> <span class='ocrx_word' id='word_1_464' title='bbox 2532 2975 2699 3031; x_wconf 83' lang='lat' dir='ltr'><strong>pravo</strong></span> <span class='ocrx_word' id='word_1_465' title='bbox 2722 2959 3066 3015; x_wconf 80' lang='lat' dir='ltr'><strong>machinatur</strong></span> <span class='ocrx_word' id='word_1_466' title='bbox 3104 2958 3274 3013; x_wconf 89' lang='lat' dir='ltr'><strong>maia.</strong></span> <span class='ocrx_word' id='word_1_467' title='bbox 3309 2955 3510 3012; x_wconf 81' lang='lat' dir='ltr'><strong>Anima</strong></span> 
     </span>
    </p>
   </div>
   <div class='ocr_carea' id='block_1_71' title="bbox 1936 3051 2949 3129">
    <p class='ocr_par' dir='ltr' id='par_1_71' title="bbox 1936 3051 2949 3129">
     <span class='ocr_line' id='line_1_71' title="bbox 1936 3051 2949 3129; baseline -0.001 -22"><span class='ocrx_word' id='word_1_468' title='bbox 1936 3068 1967 3107; x_wconf 89' lang='lat' dir='ltr'><strong>a</strong></span> <span class='ocrx_word' id='word_1_469' title='bbox 2001 3063 2151 3110; x_wconf 86' lang='lat' dir='ltr'><strong>recto</strong></span> <span class='ocrx_word' id='word_1_470' title='bbox 2180 3060 2413 3119; x_wconf 87' lang='lat' dir='ltr'><strong>remota,</strong></span> <span class='ocrx_word' id='word_1_471' title='bbox 2447 3051 2637 3124; x_wconf 90' lang='lat' dir='ltr'><strong>iniqua</strong></span> <span class='ocrx_word' id='word_1_472' title='bbox 2660 3058 2949 3129; x_wconf 80' lang='lat' dir='ltr'><strong>operatur.</strong></span> 
     </span>
    </p>
   </div>
   <div class='ocr_carea' id='block_1_72' title="bbox 2003 3230 3509 3305">
    <p class='ocr_par' dir='ltr' id='par_1_72' title="bbox 2003 3230 3509 3305">
     <span class='ocr_line' id='line_1_72' title="bbox 2003 3230 3509 3305; baseline -0.004 -16"><span class='ocrx_word' id='word_1_473' title='bbox 2003 3231 2161 3289; x_wconf 86' lang='lat' dir='ltr'><strong>Omni</strong></span> <span class='ocrx_word' id='word_1_474' title='bbox 2193 3242 2442 3305; x_wconf 82' lang='lat' dir='ltr'><strong>tempore,</strong></span> <span class='ocrx_word' id='word_1_475' title='bbox 2469 3236 2568 3290; x_wconf 83' lang='lat' dir='ltr'><strong>iste</strong></span> <span class='ocrx_word' id='word_1_476' title='bbox 2590 3232 2876 3291; x_wconf 75' lang='lat' dir='ltr'><strong>seditiones</strong></span> <span class='ocrx_word' id='word_1_477' title='bbox 2915 3232 3119 3289; x_wconf 70' lang='lat' dir='ltr'><strong>excitat</strong></span> <span class='ocrx_word' id='word_1_478' title='bbox 3177 3232 3234 3285; x_wconf 87' lang='lat' dir='ltr'><strong>in</strong></span> <span class='ocrx_word' id='word_1_479' title='bbox 3278 3230 3509 3285; x_wconf 78' lang='lat' dir='ltr'><strong>civitate.</strong></span> 
     </span>
    </p>
   </div>
   <div class='ocr_carea' id='block_1_73' title="bbox 1933 3327 3509 3403">
    <p class='ocr_par' dir='ltr' id='par_1_73' title="bbox 1933 3327 3509 3403">
     <span class='ocr_line' id='line_1_73' title="bbox 1933 3327 3509 3403; baseline -0.006 -18"><span class='ocrx_word' id='word_1_480' title='bbox 1933 3331 2027 3387; x_wconf 88' lang='lat' dir='ltr'><strong>ille</strong></span> <span class='ocrx_word' id='word_1_481' title='bbox 2048 3338 2229 3387; x_wconf 89' lang='lat' dir='ltr'><strong>autem</strong></span> <span class='ocrx_word' id='word_1_482' title='bbox 2252 3333 2369 3387; x_wconf 91' lang='lat' dir='ltr'><strong>sive</strong></span> <span class='ocrx_word' id='word_1_483' title='bbox 2397 3331 2790 3403; x_wconf 85' lang='lat' dir='ltr'><strong>prosperitatis</strong></span> <span class='ocrx_word' id='word_1_484' title='bbox 2815 3331 2934 3385; x_wconf 82' lang='lat' dir='ltr'><strong>sive</strong></span> <span class='ocrx_word' id='word_1_485' title='bbox 2969 3327 3302 3384; x_wconf 81' lang='lat' dir='ltr'><strong>calamitatis</strong></span> <span class='ocrx_word' id='word_1_486' title='bbox 3364 3333 3509 3401; x_wconf 77' lang='lat' dir='ltr'><strong>tem-</strong></span> 
     </span>
    </p>
   </div>
   <div class='ocr_carea' id='block_1_74' title="bbox 1934 3414 3513 3491">
    <p class='ocr_par' dir='ltr' id='par_1_74' title="bbox 1934 3414 3513 3491">
     <span class='ocr_line' id='line_1_74' title="bbox 1934 3414 3513 3491; baseline -0.006 -15"><span class='ocrx_word' id='word_1_487' title='bbox 1934 3436 2091 3491; x_wconf 88' lang='lat' dir='ltr'><strong>pore,</strong></span> <span class='ocrx_word' id='word_1_488' title='bbox 2141 3421 2432 3476; x_wconf 87' lang='lat' dir='ltr'><strong>tumultum</strong></span> <span class='ocrx_word' id='word_1_489' title='bbox 2494 3420 2857 3490; x_wconf 84' lang='lat' dir='ltr'><strong>cupiditatum</strong></span> <span class='ocrx_word' id='word_1_490' title='bbox 2906 3417 3220 3473; x_wconf 87' lang='lat' dir='ltr'><strong>voluntarie</strong></span> <span class='ocrx_word' id='word_1_491' title='bbox 3278 3414 3513 3471; x_wconf 90' lang='lat' dir='ltr'><strong>suscitat</strong></span> 
     </span>
    </p>
   </div>
   <div class='ocr_carea' id='block_1_75' title="bbox 1934 3497 3513 3580">
    <p class='ocr_par' dir='ltr' id='par_1_75' title="bbox 1934 3497 3513 3580">
     <span class='ocr_line' id='line_1_75' title="bbox 1934 3497 3513 3580; baseline -0.004 -16"><span class='ocrx_word' id='word_1_492' title='bbox 1934 3510 2133 3565; x_wconf 71' lang='lat' dir='ltr'><strong>animae</strong></span> <span class='ocrx_word' id='word_1_493' title='bbox 2159 3497 2295 3575; x_wconf 80' lang='lat' dir='ltr'><strong>suae,</strong></span> <span class='ocrx_word' id='word_1_494' title='bbox 2335 3509 2390 3563; x_wconf 92' lang='lat' dir='ltr'><strong>in</strong></span> <span class='ocrx_word' id='word_1_495' title='bbox 2427 3524 2535 3580; x_wconf 89' lang='lat' dir='ltr'><strong>qua</strong></span> <span class='ocrx_word' id='word_1_496' title='bbox 2578 3509 2883 3564; x_wconf 88' lang='lat' dir='ltr'><strong>constituta</strong></span> <span class='ocrx_word' id='word_1_497' title='bbox 2940 3505 3043 3561; x_wconf 86' lang='lat' dir='ltr'><strong>fuit</strong></span> <span class='ocrx_word' id='word_1_498' title='bbox 3070 3506 3294 3561; x_wconf 87' lang='lat' dir='ltr'><strong>trinitas</strong></span> <span class='ocrx_word' id='word_1_499' title='bbox 3318 3511 3513 3573; x_wconf 89' lang='lat' dir='ltr'><strong>poten-</strong></span> 
     </span>
    </p>
   </div>
   <div class='ocr_carea' id='block_1_76' title="bbox 1934 3595 3509 3672">
    <p class='ocr_par' dir='ltr' id='par_1_76' title="bbox 1934 3595 3509 3672">
     <span class='ocr_line' id='line_1_76' title="bbox 1934 3595 3509 3672; baseline -0.006 -16"><span class='ocrx_word' id='word_1_500' title='bbox 1934 3603 2132 3657; x_wconf 87' lang='lat' dir='ltr'><strong>tiarum</strong></span> <span class='ocrx_word' id='word_1_501' title='bbox 2167 3602 2466 3672; x_wconf 85' lang='lat' dir='ltr'><strong>:aquiete,</strong></span> <span class='ocrx_word' id='word_1_502' title='bbox 2529 3599 3015 3672; x_wconf 89' lang='lat' dir='ltr'><strong>concupiscibilem</strong></span> <span class='ocrx_word' id='word_1_503' title='bbox 3066 3606 3122 3652; x_wconf 88' lang='lat' dir='ltr'><strong>et</strong></span> <span class='ocrx_word' id='word_1_504' title='bbox 3176 3595 3509 3652; x_wconf 87' lang='lat' dir='ltr'><strong>irascibilem</strong></span> 
     </span>
    </p>
   </div>
   <div class='ocr_carea' id='block_1_77' title="bbox 1931 3690 3508 3766">
    <p class='ocr_par' dir='ltr' id='par_1_77' title="bbox 1931 3690 3508 3766">
     <span class='ocr_line' id='line_1_77' title="bbox 1931 3690 3508 3766; baseline -0.004 -17"><span class='ocrx_word' id='word_1_505' title='bbox 1931 3695 2254 3766; x_wconf 78' lang='lat' dir='ltr'><strong>excitatope</strong></span> <span class='ocrx_word' id='word_1_506' title='bbox 2294 3695 2705 3760; x_wconf 89' lang='lat' dir='ltr'><strong>intellectualis,</strong></span> <span class='ocrx_word' id='word_1_507' title='bbox 2738 3700 2798 3747; x_wconf 91' lang='lat' dir='ltr'><strong>ut</strong></span> <span class='ocrx_word' id='word_1_508' title='bbox 2846 3693 2973 3756; x_wconf 64' lang='lat' dir='ltr'><strong>illae,</strong></span> <span class='ocrx_word' id='word_1_509' title='bbox 3018 3705 3117 3747; x_wconf 81' lang='lat' dir='ltr'><strong>nec</strong></span> <span class='ocrx_word' id='word_1_510' title='bbox 3168 3690 3508 3759; x_wconf 86' lang='lat' dir='ltr'><strong>voluptatum</strong></span> 
     </span>
    </p>
   </div>
   <div class='ocr_carea' id='block_1_78' title="bbox 1933 3781 3509 3856">
    <p class='ocr_par' dir='ltr' id='par_1_78' title="bbox 1933 3781 3509 3856">
     <span class='ocr_line' id='line_1_78' title="bbox 1933 3781 3509 3856; baseline -0.004 -17"><span class='ocrx_word' id='word_1_511' title='bbox 1933 3784 2324 3853; x_wconf 87' lang='lat' dir='ltr'><strong>cupiditatibus</strong></span> <span class='ocrx_word' id='word_1_512' title='bbox 2373 3785 2666 3856; x_wconf 88' lang='lat' dir='ltr'><strong>imperent,</strong></span> <span class='ocrx_word' id='word_1_513' title='bbox 2706 3798 2813 3839; x_wconf 90' lang='lat' dir='ltr'><strong>nec</strong></span> <span class='ocrx_word' id='word_1_514' title='bbox 2842 3783 3060 3840; x_wconf 81' lang='lat' dir='ltr'><strong>fortiter</strong></span> <span class='ocrx_word' id='word_1_515' title='bbox 3118 3781 3509 3838; x_wconf 88' lang='lat' dir='ltr'><strong>tribulationes</strong></span> 
     </span>
    </p>
   </div>
   <div class='ocr_carea' id='block_1_79' title="bbox 1933 3875 2266 3932">
    <p class='ocr_par' dir='ltr' id='par_1_79' title="bbox 1933 3875 2266 3932">
     <span class='ocr_line' id='line_1_79' title="bbox 1933 3875 2266 3932; baseline 0.006 -2"><span class='ocrx_word' id='word_1_516' title='bbox 1933 3875 2266 3932; x_wconf 87' lang='lat' dir='ltr'><strong>sustineant.</strong></span> 
     </span>
    </p>
   </div>
   <div class='ocr_carea' id='block_1_80' title="bbox 2001 4054 3507 4127">
    <p class='ocr_par' dir='ltr' id='par_1_80' title="bbox 2001 4054 3507 4127">
     <span class='ocr_line' id='line_1_80' title="bbox 2001 4054 3507 4127; baseline -0.001 -16"><span class='ocrx_word' id='word_1_517' title='bbox 2001 4055 2168 4113; x_wconf 76' lang='lat' dir='ltr'><strong>Vens.</strong></span> <span class='ocrx_word' id='word_1_518' title='bbox 2196 4055 2282 4122; x_wconf 86' lang='lat' dir='ltr'><strong>l5,</strong></span> <span class='ocrx_word' id='word_1_519' title='bbox 2314 4055 2400 4112; x_wconf 75' lang='grc'><strong>16.</strong></span> <span class='ocrx_word' id='word_1_520' title='bbox 2438 4054 2648 4111; x_wconf 85' lang='lat' dir='ltr'><strong>Idcirco</strong></span> <span class='ocrx_word' id='word_1_521' title='bbox 2675 4055 2852 4112; x_wconf 85' lang='lat' dir='ltr'><strong>subito</strong></span> <span class='ocrx_word' id='word_1_522' title='bbox 2888 4057 3057 4111; x_wconf 81' lang='lat' dir='ltr'><strong>ueniet</strong></span> <span class='ocrx_word' id='word_1_523' title='bbox 3076 4054 3316 4127; x_wconf 85' lang='lat' dir='ltr'><strong>perditio</strong></span> <span class='ocrx_word' id='word_1_524' title='bbox 3346 4055 3507 4124; x_wconf 81' lang='lat' dir='ltr'><strong>ejus;</strong></span> 
     </span>
    </p>
   </div>
   <div class='ocr_carea' id='block_1_81' title="bbox 1932 4146 3509 4218">
    <p class='ocr_par' dir='ltr' id='par_1_81' title="bbox 1932 4146 3509 4218">
     <span class='ocr_line' id='line_1_81' title="bbox 1932 4146 3509 4218; baseline -0.004 -15"><span class='ocrx_word' id='word_1_525' title='bbox 1932 4149 2173 4218; x_wconf 78' lang='lat' dir='ltr'><strong>fractura</strong></span> <span class='ocrx_word' id='word_1_526' title='bbox 2218 4158 2268 4204; x_wconf 87' lang='lat' dir='ltr'><strong>et</strong></span> <span class='ocrx_word' id='word_1_527' title='bbox 2307 4148 2585 4203; x_wconf 82' lang='lat' dir='ltr'><strong>tribulatio</strong></span> <span class='ocrx_word' id='word_1_528' title='bbox 2608 4165 2714 4204; x_wconf 89' lang='lat' dir='ltr'><strong>non</strong></span> <span class='ocrx_word' id='word_1_529' title='bbox 2765 4147 3056 4215; x_wconf 82' lang='lat' dir='ltr'><strong>sanabiles,</strong></span> <span class='ocrx_word' id='word_1_530' title='bbox 3104 4150 3231 4217; x_wconf 83' lang='lat' dir='ltr'><strong>quia</strong></span> <span class='ocrx_word' id='word_1_531' title='bbox 3291 4146 3509 4201; x_wconf 76' lang='lat' dir='ltr'><strong>laztutur</strong></span> 
     </span>
    </p>
   </div>
   <div class='ocr_carea' id='block_1_82' title="bbox 1930 4238 3507 4310">
    <p class='ocr_par' dir='ltr' id='par_1_82' title="bbox 1930 4238 3507 4310">
     <span class='ocr_line' id='line_1_82' title="bbox 1930 4238 3507 4310; baseline -0.004 -16"><span class='ocrx_word' id='word_1_532' title='bbox 1930 4240 1984 4295; x_wconf 86' lang='lat' dir='ltr'><strong>in</strong></span> <span class='ocrx_word' id='word_1_533' title='bbox 2012 4240 2078 4294; x_wconf 82' lang='lat' dir='ltr'><strong>iis</strong></span> <span class='ocrx_word' id='word_1_534' title='bbox 2104 4256 2222 4310; x_wconf 71' lang='lat' dir='ltr'><strong>qua:</strong></span> <span class='ocrx_word' id='word_1_535' title='bbox 2247 4240 2357 4293; x_wconf 88' lang='lat' dir='ltr'><strong>odit</strong></span> <span class='ocrx_word' id='word_1_536' title='bbox 2379 4239 2656 4295; x_wconf 82' lang='lat' dir='ltr'><strong>Dominus.</strong></span> <span class='ocrx_word' id='word_1_537' title='bbox 2695 4238 2826 4295; x_wconf 86' lang='lat' dir='ltr'><strong>inde</strong></span> <span class='ocrx_word' id='word_1_538' title='bbox 2880 4243 3060 4294; x_wconf 89' lang='lat' dir='ltr'><strong>veniet</strong></span> <span class='ocrx_word' id='word_1_539' title='bbox 3094 4238 3192 4292; x_wconf 89' lang='lat' dir='ltr'><strong>tibi</strong></span> <span class='ocrx_word' id='word_1_540' title='bbox 3231 4238 3507 4305; x_wconf 86' lang='lat' dir='ltr'><strong>insperata</strong></span> 
     </span>
    </p>
   </div>
   <div class='ocr_carea' id='block_1_83' title="bbox 1930 4328 3502 4398">
    <p class='ocr_par' dir='ltr' id='par_1_83' title="bbox 1930 4328 3502 4398">
     <span class='ocr_line' id='line_1_83' title="bbox 1930 4328 3502 4398; baseline -0.002 -15"><span class='ocrx_word' id='word_1_541' title='bbox 1930 4328 2258 4394; x_wconf 87' lang='lat' dir='ltr'><strong>destructio,</strong></span> <span class='ocrx_word' id='word_1_542' title='bbox 2286 4329 2687 4398; x_wconf 82' lang='lat' dir='ltr'><strong>separationem</strong></span> <span class='ocrx_word' id='word_1_543' title='bbox 2707 4329 2909 4384; x_wconf 83' lang='lat' dir='ltr'><strong>animae</strong></span> <span class='ocrx_word' id='word_1_544' title='bbox 2936 4343 3172 4397; x_wconf 90' lang='lat' dir='ltr'><strong>operans</strong></span> <span class='ocrx_word' id='word_1_545' title='bbox 3200 4341 3229 4380; x_wconf 88' lang='lat' dir='ltr'><strong>a</strong></span> <span class='ocrx_word' id='word_1_546' title='bbox 3254 4340 3502 4396; x_wconf 85' lang='lat' dir='ltr'><strong>corpore,</strong></span> 
     </span>
    </p>
   </div>
   <div class='ocr_carea' id='block_1_84' title="bbox 1928 4415 3504 4490">
    <p class='ocr_par' dir='ltr' id='par_1_84' title="bbox 1928 4415 3504 4490">
     <span class='ocr_line' id='line_1_84' title="bbox 1928 4415 3504 4490; baseline -0.005 -15"><span class='ocrx_word' id='word_1_547' title='bbox 1928 4427 1984 4475; x_wconf 88' lang='lat' dir='ltr'><strong>et</strong></span> <span class='ocrx_word' id='word_1_548' title='bbox 2042 4419 2367 4490; x_wconf 89' lang='lat' dir='ltr'><strong>supplicium</strong></span> <span class='ocrx_word' id='word_1_549' title='bbox 2405 4421 2524 4475; x_wconf 91' lang='lat' dir='ltr'><strong>sine</strong></span> <span class='ocrx_word' id='word_1_550' title='bbox 2574 4421 2683 4476; x_wconf 84' lang='lat' dir='ltr'><strong>fine</strong></span> <span class='ocrx_word' id='word_1_551' title='bbox 2714 4419 2983 4485; x_wconf 77' lang='lat' dir='ltr'><strong>aﬂerens;</strong></span> <span class='ocrx_word' id='word_1_552' title='bbox 3033 4418 3165 4488; x_wconf 84' lang='lat' dir='ltr'><strong>quia</strong></span> <span class='ocrx_word' id='word_1_553' title='bbox 3199 4421 3414 4472; x_wconf 61' lang='lat' dir='ltr'><strong>laetatur</strong></span> <span class='ocrx_word' id='word_1_554' title='bbox 3453 4415 3504 4468; x_wconf 92' lang='lat' dir='ltr'><strong>in</strong></span> 
     </span>
    </p>
   </div>
   <div class='ocr_carea' id='block_1_85' title="bbox 252 4502 1831 4591">
    <p class='ocr_par' dir='ltr' id='par_1_85' title="bbox 252 4506 1825 4591">
     <span class='ocr_line' id='line_1_85' title="bbox 252 4506 1825 4591; baseline 0.002 -28"><span class='ocrx_word' id='word_1_555' title='bbox 252 4510 358 4564; x_wconf 84' lang='grc' dir='ltr'>οὐκ</span> <span class='ocrx_word' id='word_1_556' title='bbox 406 4508 638 4583; x_wconf 75' lang='grc' dir='ltr'>ἔχουσι·</span> <span class='ocrx_word' id='word_1_557' title='bbox 671 4511 806 4566; x_wconf 87' lang='grc' dir='ltr'>διότι</span> <span class='ocrx_word' id='word_1_558' title='bbox 866 4511 1292 4591; x_wconf 78' lang='grc' dir='ltr'>ὲπευφραίνεται</span> <span class='ocrx_word' id='word_1_559' title='bbox 1335 4512 1499 4566; x_wconf 83' lang='grc' dir='ltr'>πᾶσιν</span> <span class='ocrx_word' id='word_1_560' title='bbox 1528 4506 1609 4576; x_wconf 78' lang='grc' dir='ltr'>οἷς</span> <span class='ocrx_word' id='word_1_561' title='bbox 1676 4513 1825 4584; x_wconf 87' lang='grc' dir='ltr'>μισεῖ</span> 
     </span>
    </p>
   </div>
   <div class='ocr_carea' id='block_1_86' title="bbox 1957 4502 3506 4591">
    <p class='ocr_par' dir='ltr' id='par_1_86' title="bbox 1957 4507 3506 4580">
     <span class='ocr_line' id='line_1_86' title="bbox 1957 4507 3506 4580; baseline -0.002 -18"><span class='ocrx_word' id='word_1_562' title='bbox 1957 4509 1999 4563; x_wconf 87' lang='lat' dir='ltr'><strong>is</strong></span> <span class='ocrx_word' id='word_1_563' title='bbox 2021 4524 2144 4580; x_wconf 72' lang='lat' dir='ltr'><strong>quae</strong></span> <span class='ocrx_word' id='word_1_564' title='bbox 2170 4509 2287 4565; x_wconf 91' lang='lat' dir='ltr'><strong>odit</strong></span> <span class='ocrx_word' id='word_1_565' title='bbox 2321 4508 2463 4565; x_wconf 88' lang='lat' dir='ltr'><strong>Deus</strong></span> <span class='ocrx_word' id='word_1_566' title='bbox 2490 4510 2736 4566; x_wconf 88' lang='lat' dir='ltr'><strong>omnium</strong></span> <span class='ocrx_word' id='word_1_567' title='bbox 2775 4509 3063 4574; x_wconf 87' lang='lat' dir='ltr'><strong>Dominus,</strong></span> <span class='ocrx_word' id='word_1_568' title='bbox 3097 4516 3151 4563; x_wconf 90' lang='lat' dir='ltr'><strong>et</strong></span> <span class='ocrx_word' id='word_1_569' title='bbox 3176 4507 3506 4563; x_wconf 86' lang='lat' dir='ltr'><strong>versaturiu</strong></span> 
     </span>
    </p>
   </div>
   <div class='ocr_carea' id='block_1_87' title="bbox 251 4596 1633 4674">
    <p class='ocr_par' dir='ltr' id='par_1_87' title="bbox 251 4596 1633 4674">
     <span class='ocr_line' id='line_1_87' title="bbox 251 4596 1633 4674; baseline 0 -16"><span class='ocrx_word' id='word_1_570' title='bbox 251 4605 282 4658; x_wconf 85' lang='grc' dir='ltr'><strong><em>ὁ</em></strong></span> <span class='ocrx_word' id='word_1_571' title='bbox 310 4602 529 4656; x_wconf 82' lang='grc' dir='ltr'>πάντων</span> <span class='ocrx_word' id='word_1_572' title='bbox 550 4602 829 4672; x_wconf 84' lang='grc' dir='ltr'>Δεσπότης</span> <span class='ocrx_word' id='word_1_573' title='bbox 855 4602 1008 4666; x_wconf 88' lang='grc' dir='ltr'>Θεὸς,</span> <span class='ocrx_word' id='word_1_574' title='bbox 1035 4603 1128 4656; x_wconf 75' lang='grc' dir='ltr'>καὶ</span> <span class='ocrx_word' id='word_1_575' title='bbox 1156 4603 1585 4674; x_wconf 81' lang='grc' dir='ltr'>ἀποστρέφεται.</span> <span class='ocrx_word' id='word_1_576' title='bbox 1619 4596 1633 4604; x_wconf 69' lang='grc'><em>’</em></span> 
     </span>
    </p>
   </div>
   <div class='ocr_carea' id='block_1_88' title="bbox 322 4694 1825 4767">
    <p class='ocr_par' dir='ltr' id='par_1_88' title="bbox 322 4694 1825 4767">
     <span class='ocr_line' id='line_1_88' title="bbox 322 4694 1825 4767; baseline -0.001 -16"><span class='ocrx_word' id='word_1_577' title='bbox 322 4694 789 4765; x_wconf 81' lang='grc' dir='ltr'>Συντριϐήσεται</span> <span class='ocrx_word' id='word_1_578' title='bbox 804 4694 873 4748; x_wconf 78' lang='grc' dir='ltr'>δὲ</span> <span class='ocrx_word' id='word_1_579' title='bbox 903 4694 979 4748; x_wconf 89' lang='grc' dir='ltr'><strong>δι’</strong></span> <span class='ocrx_word' id='word_1_580' title='bbox 997 4696 1375 4763; x_wconf 78' lang='grc' dir='ltr'>ἀκαθαρσίαν</span> <span class='ocrx_word' id='word_1_581' title='bbox 1394 4695 1625 4767; x_wconf 67' lang='grc' dir='ltr'>ψυχῆς.</span> <span class='ocrx_word' id='word_1_582' title='bbox 1648 4694 1825 4750; x_wconf 80' lang='grc' dir='ltr'>Κολα-</span> 
     </span>
    </p>
   </div>
   <div class='ocr_carea' id='block_1_89' title="bbox 254 4785 1826 4862">
    <p class='ocr_par' dir='ltr' id='par_1_89' title="bbox 254 4785 1826 4862">
     <span class='ocr_line' id='line_1_89' title="bbox 254 4785 1826 4862; baseline 0.001 -22"><span class='ocrx_word' id='word_1_583' title='bbox 254 4785 512 4857; x_wconf 84' lang='grc' dir='ltr'>σθήσεται</span> <span class='ocrx_word' id='word_1_584' title='bbox 532 4786 599 4853; x_wconf 87' lang='grc' dir='ltr'><strong>δ’,</strong></span> <span class='ocrx_word' id='word_1_585' title='bbox 621 4787 695 4850; x_wconf 85' lang='grc' dir='ltr'>ὡς</span> <span class='ocrx_word' id='word_1_586' title='bbox 712 4787 951 4859; x_wconf 74' lang='grc' dir='ltr'>εἴρηται,</span> <span class='ocrx_word' id='word_1_587' title='bbox 987 4787 1077 4841; x_wconf 78' lang='grc' dir='ltr'>διὰ</span> <span class='ocrx_word' id='word_1_588' title='bbox 1097 4789 1188 4841; x_wconf 85' lang='grc' dir='ltr'><strong>τὸν</strong></span> <span class='ocrx_word' id='word_1_589' title='bbox 1212 4791 1276 4842; x_wconf 78' lang='grc' dir='ltr'>ὲκ</span> <span class='ocrx_word' id='word_1_590' title='bbox 1294 4789 1388 4842; x_wconf 90' lang='grc' dir='ltr'><strong>τοῦ</strong></span> <span class='ocrx_word' id='word_1_591' title='bbox 1423 4788 1685 4862; x_wconf 76' lang='grc' dir='ltr'>βορϐόρου</span> <span class='ocrx_word' id='word_1_592' title='bbox 1716 4789 1826 4843; x_wconf 89' lang='grc' dir='ltr'><strong>τῶν</strong></span> 
     </span>
    </p>
   </div>
   <div class='ocr_carea' id='block_1_90' title="bbox 254 4876 1597 4950">
    <p class='ocr_par' dir='ltr' id='par_1_90' title="bbox 254 4876 1597 4950">
     <span class='ocr_line' id='line_1_90' title="bbox 254 4876 1597 4950; baseline 0.003 -19"><span class='ocrx_word' id='word_1_593' title='bbox 254 4876 443 4931; x_wconf 86' lang='grc' dir='ltr'>παθῶν</span> <span class='ocrx_word' id='word_1_594' title='bbox 476 4877 752 4948; x_wconf 85' lang='grc' dir='ltr'>μολυσμὸν</span> <span class='ocrx_word' id='word_1_595' title='bbox 782 4879 882 4950; x_wconf 83' lang='grc' dir='ltr'><strong>τῆς</strong></span> <span class='ocrx_word' id='word_1_596' title='bbox 910 4878 1088 4950; x_wconf 79' lang='grc' dir='ltr'>ψυχῆς</span> <span class='ocrx_word' id='word_1_597' title='bbox 1113 4879 1328 4934; x_wconf 79' lang='grc' dir='ltr'>ἑαυτοῦ.</span> <span class='ocrx_word' id='word_1_598' title='bbox 1585 4885 1597 4894; x_wconf 83' lang='grc'><strong>“</strong></span> 
     </span>
    </p>
   </div>
   <div class='ocr_carea' id='block_1_91' title="bbox 323 4968 1829 5045">
    <p class='ocr_par' dir='ltr' id='par_1_91' title="bbox 323 4968 1829 5045">
     <span class='ocr_line' id='line_1_91' title="bbox 323 4968 1829 5045; baseline 0.001 -21"><span class='ocrx_word' id='word_1_599' title='bbox 323 4968 412 5035; x_wconf 81' lang='grc' dir='ltr'>ιζ’.</span> <span class='ocrx_word' id='word_1_600' title='bbox 468 4970 808 5041; x_wconf 75' lang='grc' dir='ltr'>Ὀφθαλμὸς</span> <span class='ocrx_word' id='word_1_601' title='bbox 864 4972 1173 5040; x_wconf 79' lang='grc' dir='ltr'>ὑϐριστοῦ.</span> <span class='ocrx_word' id='word_1_602' title='bbox 1236 4972 1468 5045; x_wconf 83' lang='grc' dir='ltr'>Βλέμμα</span> <span class='ocrx_word' id='word_1_603' title='bbox 1525 4971 1829 5045; x_wconf 80' lang='grc' dir='ltr'>μεμψιμοίο</span> 
     </span>
    </p>
   </div>
   <div class='ocr_carea' id='block_1_92' title="bbox 254 5076 373 5132">
    <p class='ocr_par' dir='ltr' id='par_1_92' title="bbox 254 5076 373 5132">
     <span class='ocr_line' id='line_1_92' title="bbox 254 5076 373 5132; baseline 0.017 -20"><span class='ocrx_word' id='word_1_604' title='bbox 254 5076 373 5132; x_wconf 89' lang='grc' dir='ltr'>ρου.</span> 
     </span>
    </p>
   </div>
   <div class='ocr_carea' id='block_1_93' title="bbox 322 5150 1827 5228">
    <p class='ocr_par' dir='ltr' id='par_1_93' title="bbox 322 5150 1827 5228">
     <span class='ocr_line' id='line_1_93' title="bbox 322 5150 1827 5228; baseline 0.004 -24"><span class='ocrx_word' id='word_1_605' title='bbox 322 5150 527 5220; x_wconf 85' lang='grc' dir='ltr'>Χεῒρες</span> <span class='ocrx_word' id='word_1_606' title='bbox 552 5154 875 5223; x_wconf 81' lang='grc' dir='ltr'>ἐκχέουσαι</span> <span class='ocrx_word' id='word_1_607' title='bbox 897 5151 1045 5224; x_wconf 82' lang='grc' dir='ltr'>αἷμα</span> <span class='ocrx_word' id='word_1_608' title='bbox 1074 5155 1331 5212; x_wconf 85' lang='grc' dir='ltr'>δίκαιον.</span> <span class='ocrx_word' id='word_1_609' title='bbox 1382 5154 1620 5228; x_wconf 81' lang='grc' dir='ltr'>Πράξεις</span> <span class='ocrx_word' id='word_1_610' title='bbox 1674 5172 1827 5226; x_wconf 91' lang='grc' dir='ltr'>μιαι-</span> 
     </span>
    </p>
   </div>
   <div class='ocr_carea' id='block_1_94' title="bbox 251 5242 1045 5316">
    <p class='ocr_par' dir='ltr' id='par_1_94' title="bbox 251 5242 1045 5316">
     <span class='ocr_line' id='line_1_94' title="bbox 251 5242 1045 5316; baseline 0.009 -21"><span class='ocrx_word' id='word_1_611' title='bbox 251 5242 404 5312; x_wconf 87' lang='grc' dir='ltr'>φόνοι</span> <span class='ocrx_word' id='word_1_612' title='bbox 423 5246 561 5299; x_wconf 78' lang='grc' dir='ltr'>κατὰ</span> <span class='ocrx_word' id='word_1_613' title='bbox 590 5246 804 5300; x_wconf 89' lang='grc' dir='ltr'>δικαίου</span> <span class='ocrx_word' id='word_1_614' title='bbox 830 5247 1045 5316; x_wconf 83' lang='grc' dir='ltr'>ἀνδρός.</span> 
     </span>
    </p>
   </div>
   <div class='ocr_carea' id='block_1_95' title="bbox 325 5325 1823 5408">
    <p class='ocr_par' dir='ltr' id='par_1_95' title="bbox 325 5325 1823 5408">
     <span class='ocr_line' id='line_1_95' title="bbox 325 5325 1823 5408; baseline 0.004 -23"><span class='ocrx_word' id='word_1_615' title='bbox 325 5339 414 5403; x_wconf 88' lang='grc' dir='ltr'>ιη’.</span> <span class='ocrx_word' id='word_1_616' title='bbox 469 5335 695 5403; x_wconf 80' lang='grc' dir='ltr'>Καρδία</span> <span class='ocrx_word' id='word_1_617' title='bbox 720 5325 1155 5408; x_wconf 56' lang='lat' dir='ltr'><strong>“man-onem</strong></span> <span class='ocrx_word' id='word_1_618' title='bbox 1186 5337 1518 5407; x_wconf 76' lang='grc' dir='ltr'>λογισμοὺς</span> <span class='ocrx_word' id='word_1_619' title='bbox 1581 5338 1823 5403; x_wconf 79' lang='grc' dir='ltr'>κακούς.</span> 
     </span>
    </p>
   </div>
   <div class='ocr_carea' id='block_1_96' title="bbox 250 5424 1563 5499">
    <p class='ocr_par' dir='ltr' id='par_1_96' title="bbox 250 5424 1563 5499">
     <span class='ocr_line' id='line_1_96' title="bbox 250 5424 1563 5499; baseline 0.005 -24"><span class='ocrx_word' id='word_1_620' title='bbox 250 5424 470 5478; x_wconf 82' lang='grc' dir='ltr'>Διάνοια</span> <span class='ocrx_word' id='word_1_621' title='bbox 495 5426 905 5499; x_wconf 80' lang='grc' dir='ltr'>ἐπιτεχνωμένη</span> <span class='ocrx_word' id='word_1_622' title='bbox 931 5428 1174 5499; x_wconf 75' lang='grc' dir='ltr'>πονηρὰς</span> <span class='ocrx_word' id='word_1_623' title='bbox 1202 5426 1563 5499; x_wconf 79' lang='grc' dir='ltr'>ὲνθυμήσεις.’</span> 
     </span>
    </p>
   </div>
   <div class='ocr_carea' id='block_1_97' title="bbox 320 5518 1826 5591">
    <p class='ocr_par' dir='ltr' id='par_1_97' title="bbox 320 5518 1826 5591">
     <span class='ocr_line' id='line_1_97' title="bbox 320 5518 1826 5591; baseline 0 -18"><span class='ocrx_word' id='word_1_624' title='bbox 320 5519 432 5573; x_wconf 79' lang='grc' dir='ltr'><strong>Καὶ</strong></span> <span class='ocrx_word' id='word_1_625' title='bbox 461 5518 645 5586; x_wconf 78' lang='grc' dir='ltr'>πόδες</span> <span class='ocrx_word' id='word_1_626' title='bbox 676 5520 1150 5585; x_wconf 79' lang='grc' dir='ltr'>ἐπισπεύδοντες</span> <span class='ocrx_word' id='word_1_627' title='bbox 1178 5519 1545 5574; x_wconf 81' lang='grc' dir='ltr'>κακοποιεῖν.</span> <span class='ocrx_word' id='word_1_628' title='bbox 1600 5519 1709 5572; x_wconf 74' lang='grc' dir='ltr'><strong>Καὶ</strong></span> <span class='ocrx_word' id='word_1_629' title='bbox 1734 5521 1826 5591; x_wconf 87' lang='grc' dir='ltr'>όρ-</span> 
     </span>
    </p>
   </div>
   <div class='ocr_carea' id='block_1_98' title="bbox 252 5610 1617 5683">
    <p class='ocr_par' dir='ltr' id='par_1_98' title="bbox 252 5610 1617 5683">
     <span class='ocr_line' id='line_1_98' title="bbox 252 5610 1617 5683; baseline 0.002 -20"><span class='ocrx_word' id='word_1_630' title='bbox 252 5612 354 5680; x_wconf 70' lang='grc' dir='ltr'>μαὶ</span> <span class='ocrx_word' id='word_1_631' title='bbox 392 5612 473 5675; x_wconf 85' lang='grc' dir='ltr'><strong>είς</strong></span> <span class='ocrx_word' id='word_1_632' title='bbox 509 5611 715 5683; x_wconf 78' lang='grc' dir='ltr'>βλάϐην</span> <span class='ocrx_word' id='word_1_633' title='bbox 751 5610 847 5666; x_wconf 83' lang='grc' dir='ltr'><strong>τοῦ</strong></span> <span class='ocrx_word' id='word_1_634' title='bbox 884 5612 1051 5676; x_wconf 80' lang='grc' dir='ltr'>πέλας</span> <span class='ocrx_word' id='word_1_635' title='bbox 1081 5613 1530 5683; x_wconf 78' lang='grc' dir='ltr'>ὲπιταχύνουσαι.</span> <span class='ocrx_word' id='word_1_636' title='bbox 1613 5640 1617 5645; x_wconf 89' lang='grc'>·</span> 
     </span>
    </p>
   </div>
   <div class='ocr_carea' id='block_1_99' title="bbox 321 5700 1827 5774">
    <p class='ocr_par' dir='ltr' id='par_1_99' title="bbox 321 5700 1827 5774">
     <span class='ocr_line' id='line_1_99' title="bbox 321 5700 1827 5774; baseline 0.004 -22"><span class='ocrx_word' id='word_1_637' title='bbox 321 5700 983 5771; x_wconf 73' lang='grc' dir='ltr'>Ἐξολοθρευθήσονται.</span> <span class='ocrx_word' id='word_1_638' title='bbox 1015 5703 1374 5774; x_wconf 84' lang='grc' dir='ltr'>Χωρήσουσιν</span> <span class='ocrx_word' id='word_1_639' title='bbox 1423 5705 1500 5766; x_wconf 89' lang='grc' dir='ltr'><strong>είς</strong></span> <span class='ocrx_word' id='word_1_640' title='bbox 1547 5701 1827 5759; x_wconf 83' lang='grc' dir='ltr'>ἀπώλειαν</span> 
     </span>
    </p>
   </div>
   <div class='ocr_carea' id='block_1_100' title="bbox 254 5791 1581 5866">
    <p class='ocr_par' dir='ltr' id='par_1_100' title="bbox 254 5791 1581 5866">
     <span class='ocr_line' id='line_1_100' title="bbox 254 5791 1581 5866; baseline 0.005 -24"><span class='ocrx_word' id='word_1_641' title='bbox 254 5791 515 5862; x_wconf 81' lang='grc' dir='ltr'>παντελῆ,</span> <span class='ocrx_word' id='word_1_642' title='bbox 553 5792 627 5857; x_wconf 85' lang='grc' dir='ltr'><strong>ὡς</strong></span> <span class='ocrx_word' id='word_1_643' title='bbox 647 5793 768 5863; x_wconf 84' lang='grc' dir='ltr'><strong>Θεῷ</strong></span> <span class='ocrx_word' id='word_1_644' title='bbox 797 5795 892 5849; x_wconf 74' lang='grc' dir='ltr'>καὶ</span> <span class='ocrx_word' id='word_1_645' title='bbox 919 5794 1229 5866; x_wconf 79' lang='grc' dir='ltr'>ἀνθρώποις</span> <span class='ocrx_word' id='word_1_646' title='bbox 1256 5795 1581 5865; x_wconf 86' lang='grc' dir='ltr'>μισούμενα.</span> 
     </span>
    </p>
   </div>
   <div class='ocr_carea' id='block_1_101' title="bbox 1934 4600 2062 4657">
    <p class='ocr_par' dir='ltr' id='par_1_101' title="bbox 1934 4600 2062 4657">
     <span class='ocr_line' id='line_1_101' title="bbox 1934 4600 2062 4657; baseline 0.008 -2"><span class='ocrx_word' id='word_1_647' title='bbox 1934 4600 2062 4657; x_wconf 84' lang='lat' dir='ltr'><strong>illis.</strong></span> 
     </span>
    </p>
   </div>
   <div class='ocr_carea' id='block_1_102' title="bbox 2004 4690 3503 4764">
    <p class='ocr_par' dir='ltr' id='par_1_102' title="bbox 2004 4690 3503 4764">
     <span class='ocr_line' id='line_1_102' title="bbox 2004 4690 3503 4764; baseline -0.004 -15"><span class='ocrx_word' id='word_1_648' title='bbox 2004 4692 2318 4749; x_wconf 85' lang='lat' dir='ltr'><strong>Conteretur</strong></span> <span class='ocrx_word' id='word_1_649' title='bbox 2345 4694 2635 4764; x_wconf 83' lang='lat' dir='ltr'><strong>ignominia</strong></span> <span class='ocrx_word' id='word_1_650' title='bbox 2664 4694 2908 4762; x_wconf 77' lang='lat' dir='ltr'><strong>spiritus.</strong></span> <span class='ocrx_word' id='word_1_651' title='bbox 2973 4690 3038 4745; x_wconf 88' lang='lat' dir='ltr'><strong>Et</strong></span> <span class='ocrx_word' id='word_1_652' title='bbox 3092 4692 3238 4747; x_wconf 85' lang='lat' dir='ltr'><strong>sicut</strong></span> <span class='ocrx_word' id='word_1_653' title='bbox 3295 4691 3503 4747; x_wconf 88' lang='lat' dir='ltr'><strong>dictum</strong></span> 
     </span>
    </p>
   </div>
   <div class='ocr_carea' id='block_1_103' title="bbox 1939 4784 3503 4860">
    <p class='ocr_par' dir='ltr' id='par_1_103' title="bbox 1939 4784 3503 4860">
     <span class='ocr_line' id='line_1_103' title="bbox 1939 4784 3503 4860; baseline -0.004 -18"><span class='ocrx_word' id='word_1_654' title='bbox 1939 4787 2272 4858; x_wconf 88' lang='lat' dir='ltr'><strong>supplicium</strong></span> <span class='ocrx_word' id='word_1_655' title='bbox 2329 4787 2503 4851; x_wconf 91' lang='lat' dir='ltr'><strong>dabit,</strong></span> <span class='ocrx_word' id='word_1_656' title='bbox 2540 4795 2765 4857; x_wconf 82' lang='lat' dir='ltr'><strong>prOpter</strong></span> <span class='ocrx_word' id='word_1_657' title='bbox 2812 4785 3011 4860; x_wconf 63' lang='lat' dir='ltr'><strong>animai</strong></span> <span class='ocrx_word' id='word_1_658' title='bbox 3060 4801 3176 4840; x_wconf 70' lang='lat' dir='ltr'><strong>sua:</strong></span> <span class='ocrx_word' id='word_1_659' title='bbox 3211 4784 3503 4849; x_wconf 89' lang='lat' dir='ltr'><strong>maculam,</strong></span> 
     </span>
    </p>
   </div>
   <div class='ocr_carea' id='block_1_104' title="bbox 1935 4878 2896 4948">
    <p class='ocr_par' dir='ltr' id='par_1_104' title="bbox 1935 4878 2896 4948">
     <span class='ocr_line' id='line_1_104' title="bbox 1935 4878 2896 4948; baseline -0.001 -16"><span class='ocrx_word' id='word_1_660' title='bbox 1935 4886 2113 4932; x_wconf 90' lang='lat' dir='ltr'><strong>ortam</strong></span> <span class='ocrx_word' id='word_1_661' title='bbox 2136 4892 2204 4931; x_wconf 81' lang='lat' dir='ltr'><strong>ex</strong></span> <span class='ocrx_word' id='word_1_662' title='bbox 2229 4884 2474 4932; x_wconf 88' lang='lat' dir='ltr'><strong>stercore</strong></span> <span class='ocrx_word' id='word_1_663' title='bbox 2506 4878 2896 4948; x_wconf 90' lang='lat' dir='ltr'><strong>cupiditatum.</strong></span> 
     </span>
    </p>
   </div>
   <div class='ocr_carea' id='block_1_105' title="bbox 2005 4965 3495 5038">
    <p class='ocr_par' dir='ltr' id='par_1_105' title="bbox 2005 4965 3495 5038">
     <span class='ocr_line' id='line_1_105' title="bbox 2005 4965 3495 5038; baseline -0.003 -17"><span class='ocrx_word' id='word_1_664' title='bbox 2005 4966 2173 5023; x_wconf 76' lang='lat' dir='ltr'><strong>Vens.</strong></span> <span class='ocrx_word' id='word_1_665' title='bbox 2216 4968 2301 5022; x_wconf 86' lang='grc'>17.</span> <span class='ocrx_word' id='word_1_666' title='bbox 2341 4966 2539 5025; x_wconf 83' lang='lat' dir='ltr'><strong>Oculus</strong></span> <span class='ocrx_word' id='word_1_667' title='bbox 2577 4970 2806 5038; x_wconf 81' lang='lat' dir='ltr'><strong>superbi.</strong></span> <span class='ocrx_word' id='word_1_668' title='bbox 2841 4968 3048 5023; x_wconf 90' lang='lat' dir='ltr'><strong>Oculus</strong></span> <span class='ocrx_word' id='word_1_669' title='bbox 3083 4966 3151 5022; x_wconf 88' lang='lat' dir='ltr'><strong>de</strong></span> <span class='ocrx_word' id='word_1_670' title='bbox 3211 4965 3336 5019; x_wconf 90' lang='lat' dir='ltr'><strong>aliis</strong></span> <span class='ocrx_word' id='word_1_671' title='bbox 3368 4979 3495 5033; x_wconf 83' lang='lat' dir='ltr'><strong>que-</strong></span> 
     </span>
    </p>
   </div>
   <div class='ocr_carea' id='block_1_106' title="bbox 1893 5059 2135 5115">
    <p class='ocr_par' dir='ltr' id='par_1_106' title="bbox 1893 5059 2135 5115">
     <span class='ocr_line' id='line_1_106' title="bbox 1893 5059 2135 5115; baseline -0.004 0"><span class='ocrx_word' id='word_1_672' title='bbox 1893 5107 1900 5115; x_wconf 92' lang='lat'><strong>.</strong></span> <span class='ocrx_word' id='word_1_673' title='bbox 1935 5059 2135 5114; x_wconf 84' lang='lat' dir='ltr'><strong>rentis.</strong></span> 
     </span>
    </p>
   </div>
   <div class='ocr_carea' id='block_1_107' title="bbox 2008 5147 3504 5222">
    <p class='ocr_par' dir='ltr' id='par_1_107' title="bbox 2008 5147 3504 5222">
     <span class='ocr_line' id='line_1_107' title="bbox 2008 5147 3504 5222; baseline 0.001 -19"><span class='ocrx_word' id='word_1_674' title='bbox 2008 5150 2198 5206; x_wconf 77' lang='lat' dir='ltr'><strong>Manus</strong></span> <span class='ocrx_word' id='word_1_675' title='bbox 2221 5152 2544 5221; x_wconf 79' lang='lat' dir='ltr'><strong>e/fundentcs</strong></span> <span class='ocrx_word' id='word_1_676' title='bbox 2590 5155 2902 5222; x_wconf 85' lang='lat' dir='ltr'><strong>sanguinem</strong></span> <span class='ocrx_word' id='word_1_677' title='bbox 2941 5152 3174 5221; x_wconf 86' lang='lat' dir='ltr'><strong>justum.</strong></span> <span class='ocrx_word' id='word_1_678' title='bbox 3237 5147 3504 5204; x_wconf 80' lang='lat' dir='ltr'><strong>Actiones</strong></span> 
     </span>
    </p>
   </div>
   <div class='ocr_carea' id='block_1_108' title="bbox 1933 5240 2936 5312">
    <p class='ocr_par' dir='ltr' id='par_1_108' title="bbox 1933 5240 2936 5312">
     <span class='ocr_line' id='line_1_108' title="bbox 1933 5240 2936 5312; baseline -0.001 -18"><span class='ocrx_word' id='word_1_679' title='bbox 1933 5240 2141 5296; x_wconf 87' lang='lat' dir='ltr'><strong>homini</strong></span> <span class='ocrx_word' id='word_1_680' title='bbox 2173 5241 2323 5312; x_wconf 79' lang='lat' dir='ltr'><strong>justo</strong></span> <span class='ocrx_word' id='word_1_681' title='bbox 2356 5252 2584 5297; x_wconf 92' lang='lat' dir='ltr'><strong>mortem</strong></span> <span class='ocrx_word' id='word_1_682' title='bbox 2627 5243 2936 5298; x_wconf 79' lang='lat' dir='ltr'><strong>afferentes.</strong></span> 
     </span>
    </p>
   </div>
   <div class='ocr_carea' id='block_1_109' title="bbox 2005 5329 3493 5400">
    <p class='ocr_par' dir='ltr' id='par_1_109' title="bbox 2005 5329 3493 5400">
     <span class='ocr_line' id='line_1_109' title="bbox 2005 5329 3493 5400; baseline -0.002 -16"><span class='ocrx_word' id='word_1_683' title='bbox 2005 5329 2165 5387; x_wconf 72' lang='lat' dir='ltr'><strong>Vsus.</strong></span> <span class='ocrx_word' id='word_1_684' title='bbox 2200 5332 2284 5387; x_wconf 75' lang='grc'><strong>18.</strong></span> <span class='ocrx_word' id='word_1_685' title='bbox 2308 5331 2416 5388; x_wconf 85' lang='lat' dir='ltr'><strong>Cor</strong></span> <span class='ocrx_word' id='word_1_686' title='bbox 2456 5333 2766 5387; x_wconf 81' lang='lat' dir='ltr'><strong>machinans</strong></span> <span class='ocrx_word' id='word_1_687' title='bbox 2827 5329 3181 5400; x_wconf 79' lang='lat' dir='ltr'><strong>cogitationes</strong></span> <span class='ocrx_word' id='word_1_688' title='bbox 3206 5329 3493 5396; x_wconf 83' lang='lat' dir='ltr'><strong>pessimas.</strong></span> 
     </span>
    </p>
   </div>
   <div class='ocr_carea' id='block_1_110' title="bbox 1932 5422 3011 5494">
    <p class='ocr_par' dir='ltr' id='par_1_110' title="bbox 1932 5422 3011 5494">
     <span class='ocr_line' id='line_1_110' title="bbox 1932 5422 3011 5494; baseline -0.006 -13"><span class='ocrx_word' id='word_1_689' title='bbox 1932 5424 2204 5494; x_wconf 77' lang='lat' dir='ltr'><strong>Cogitatio</strong></span> <span class='ocrx_word' id='word_1_690' title='bbox 2227 5423 2366 5477; x_wconf 85' lang='lat' dir='ltr'><strong>mala</strong></span> <span class='ocrx_word' id='word_1_691' title='bbox 2394 5424 2628 5478; x_wconf 88' lang='lat' dir='ltr'><strong>consilia</strong></span> <span class='ocrx_word' id='word_1_692' title='bbox 2664 5422 3011 5476; x_wconf 83' lang='lat' dir='ltr'><strong>maeliinans.</strong></span> 
     </span>
    </p>
   </div>
   <div class='ocr_carea' id='block_1_111' title="bbox 2002 5506 3502 5585">
    <p class='ocr_par' dir='ltr' id='par_1_111' title="bbox 2002 5506 3502 5585">
     <span class='ocr_line' id='line_1_111' title="bbox 2002 5506 3502 5585; baseline -0.005 -17"><span class='ocrx_word' id='word_1_693' title='bbox 2002 5515 2071 5568; x_wconf 85' lang='lat' dir='ltr'><strong>Et</strong></span> <span class='ocrx_word' id='word_1_694' title='bbox 2123 5514 2277 5585; x_wconf 82' lang='lat' dir='ltr'><strong>pedes</strong></span> <span class='ocrx_word' id='word_1_695' title='bbox 2317 5514 2629 5584; x_wconf 84' lang='lat' dir='ltr'><strong>festinantes</strong></span> <span class='ocrx_word' id='word_1_696' title='bbox 2662 5512 2732 5566; x_wconf 88' lang='lat' dir='ltr'><strong>ad</strong></span> <span class='ocrx_word' id='word_1_697' title='bbox 2771 5506 2970 5566; x_wconf 70' lang='lat' dir='ltr'><strong>malum</strong></span> <span class='ocrx_word' id='word_1_698' title='bbox 3027 5511 3363 5582; x_wconf 79' lang='lat' dir='ltr'><strong>faciendum.</strong></span> <span class='ocrx_word' id='word_1_699' title='bbox 3435 5507 3502 5561; x_wconf 81' lang='lat' dir='ltr'><strong>Et</strong></span> 
     </span>
    </p>
   </div>
   <div class='ocr_carea' id='block_1_112' title="bbox 1932 5603 3205 5679">
    <p class='ocr_par' dir='ltr' id='par_1_112' title="bbox 1932 5603 3205 5679">
     <span class='ocr_line' id='line_1_112' title="bbox 1932 5603 3205 5679; baseline -0.005 -16"><span class='ocrx_word' id='word_1_700' title='bbox 1932 5608 2161 5663; x_wconf 89' lang='lat' dir='ltr'><strong>consilia</strong></span> <span class='ocrx_word' id='word_1_701' title='bbox 2180 5608 2247 5663; x_wconf 86' lang='lat' dir='ltr'><strong>ad</strong></span> <span class='ocrx_word' id='word_1_702' title='bbox 2272 5607 2571 5679; x_wconf 90' lang='lat' dir='ltr'><strong>perniciem</strong></span> <span class='ocrx_word' id='word_1_703' title='bbox 2603 5605 2835 5676; x_wconf 88' lang='lat' dir='ltr'><strong>proximi</strong></span> <span class='ocrx_word' id='word_1_704' title='bbox 2868 5603 3205 5659; x_wconf 87' lang='lat' dir='ltr'><strong>festinantia.</strong></span> 
     </span>
    </p>
   </div>
   <div class='ocr_carea' id='block_1_113' title="bbox 2003 5692 3501 5765">
    <p class='ocr_par' dir='ltr' id='par_1_113' title="bbox 2003 5692 3501 5765">
     <span class='ocr_line' id='line_1_113' title="bbox 2003 5692 3501 5765; baseline -0.006 -12"><span class='ocrx_word' id='word_1_705' title='bbox 2003 5697 2535 5754; x_wconf 73' lang='lat' dir='ltr'><strong>Exterminabuntur.</strong></span> <span class='ocrx_word' id='word_1_706' title='bbox 2612 5695 2994 5765; x_wconf 76' lang='lat' dir='ltr'><strong>Properabunt</strong></span> <span class='ocrx_word' id='word_1_707' title='bbox 3056 5694 3124 5751; x_wconf 80' lang='lat' dir='ltr'><strong>ad</strong></span> <span class='ocrx_word' id='word_1_708' title='bbox 3202 5692 3501 5764; x_wconf 87' lang='lat' dir='ltr'><strong>perfectam</strong></span> 
     </span>
    </p>
   </div>
   <div class='ocr_carea' id='block_1_114' title="bbox 1933 5785 3503 5863">
    <p class='ocr_par' dir='ltr' id='par_1_114' title="bbox 1933 5785 3503 5863">
     <span class='ocr_line' id='line_1_114' title="bbox 1933 5785 3503 5863; baseline -0.009 -15"><span class='ocrx_word' id='word_1_709' title='bbox 1933 5792 2315 5863; x_wconf 85' lang='lat' dir='ltr'><strong>perditionem,</strong></span> <span class='ocrx_word' id='word_1_710' title='bbox 2352 5805 2474 5844; x_wconf 89' lang='lat' dir='ltr'><strong>cum</strong></span> <span class='ocrx_word' id='word_1_711' title='bbox 2505 5789 2615 5846; x_wconf 88' lang='lat' dir='ltr'><strong>sint</strong></span> <span class='ocrx_word' id='word_1_712' title='bbox 2638 5795 2691 5843; x_wconf 90' lang='lat' dir='ltr'><strong>et</strong></span> <span class='ocrx_word' id='word_1_713' title='bbox 2711 5785 3029 5844; x_wconf 85' lang='lat' dir='ltr'><strong>hominibus</strong></span> <span class='ocrx_word' id='word_1_714' title='bbox 3059 5794 3114 5842; x_wconf 88' lang='lat' dir='ltr'><strong>et</strong></span> <span class='ocrx_word' id='word_1_715' title='bbox 3152 5786 3262 5841; x_wconf 89' lang='lat' dir='ltr'><strong>Deo</strong></span> <span class='ocrx_word' id='word_1_716' title='bbox 3288 5786 3503 5842; x_wconf 83' lang='lat' dir='ltr'><strong>odiosa.</strong></span> 
     </span>
    </p>
   </div>
  </div>
