3960 6230
550 343 688 406 19.75

619 451 786 506 νειιε.
828 451 914 508 19,
940 450 1104 502 Ardet
1135 447 1276 517 falsa
1307 447 1538 517 injustas
1571 449 1740 503 testis.
1772 447 1968 503 Parum
2000 448 2116 504 hte-
2147 453 2190 509 Α

548 553 632 599 rut
676 543 908 612 judiciis
972 554 1076 594 non
1125 541 1291 605 veris,
1339 537 1387 594 is
1443 540 1537 607 qui
1613 541 1738 596 aliis
1799 540 2011 610 judicia
2059 539 2128 594 de

548 636 800 705 proximo
831 634 1134 688 secundum
1200 636 1410 687 rectam
1473 633 1932 688 existimationem
1980 631 2126 691 aﬁir-

550 735 685 781 mat.

621 815 860 871 Seminat
916 815 1102 884 jurgia
1127 816 1180 868 in
1219 816 1391 869 medio
1427 816 1684 886 fratrum.
1724 817 1791 872 Et
1843 819 1975 874 inde
2036 834 2126 876 se-

549 909 721 962 minat
747 907 1057 963 discordias
1081 908 1225 963 inter
1255 906 1456 964 fratres
1488 907 1635 964 inter
1669 924 1731 965 se
1760 909 1812 964 in
1850 925 1989 980 pace
2035 909 2123 965 vi-

546 1008 757 1054 ventes.

617 1087 786 1144 Vens.
812 1087 904 1143 20.
938 1088 1227 1152 Conserva,
1261 1089 1344 1158 ﬁli
1386 1091 1480 1154 mi,
1518 1099 1778 1159 praecepta
1806 1092 1976 1160 patris
2017 1059 2117 1148 tui.
2177 1111 2180 1113 λ

547 1180 669 1242 Fili,
692 1197 852 1250 quem
910 1181 1112 1238 divinis
1182 1182 1453 1238 doctrinis
1513 1183 1872 1253 spiritualiter
1913 1187 2118 1246 nutrio.

547 1273 1046 1342 t-ustodi‘praacepta
1076 1274 1171 1328 Dei
1202 1274 1429 1345 scripta,
1450 1275 1543 1346 qui
1599 1288 1694 1344 per
1759 1275 1874 1332 haec
1921 1285 1974 1332 te
2023 1294 2121 1348 pro

547 1362 659 1414 lilio
683 1362 857 1430 gratis
883 1363 1183 1436 adoptavit.

619 1451 702 1505 Ne
731 1452 976 1507 dimittas
1007 1455 1144 1524 leges
1174 1458 1360 1512 matris
1403 1467 1528 1514 tua.
1551 1457 1617 1512 Et
1653 1472 1720 1514 ne
1752 1458 2025 1524 dimittas,
2053 1460 2120 1516 ab

545 1549 790 1600 omnium
820 1557 1066 1612 auctore,
1096 1548 1149 1601 in
1183 1549 1464 1603 hominum
1519 1558 1717 1604 natura
1755 1551 1964 1620 positas
2026 1564 2118 1605 sa-

545 1635 765 1704 pientiae
807 1637 973 1706 leges,
1016 1653 1139 1706 quae
1183 1647 1314 1693 sunt
1372 1641 1503 1708 ipsae
1551 1639 1752 1696 divinas
1779 1641 2116 1706 voluntates,

545 1728 853 1781 secundum
887 1744 1023 1797 quas
1067 1731 1250 1783 omnia
1285 1729 1431 1785 facta
1476 1739 1627 1794 sunt.
1658 1743 1712 1787 et
1742 1739 1897 1787 utere
1922 1741 2122 1804 poten-

547 1816 660 1881 tiis,
697 1817 794 1871 tibi
834 1819 900 1872 ad
934 1822 1272 1889 operantium
1316 1821 1520 1878 bonum
1552 1825 1856 1880 concessis.

609 2011 777 2070 Vens.
807 2014 899 2070 ‘2l.
933 2015 1065 2087 Liga
1088 2034 1178 2072 eas
1209 2019 1262 2072 in
1317 2021 1475 2073 corde
1499 2029 1589 2074 tuo
1614 2020 1836 2091 iugiter.
1864 2021 1994 2093 Liga
2025 2038 2122 2090 per

543 2103 797 2159 affectum
823 2107 975 2161 cordi
1006 2117 1120 2170 tuo,
1146 2108 1202 2162 in
1230 2110 1378 2162 omni
1407 2111 1515 2164 vita
1550 2118 1668 2173 tua.
1705 2127 2003 2167 sermones
2023 2113 2120 2180 qui

543 2193 598 2248 in
625 2201 740 2248 tota
770 2196 885 2266 lege
912 2198 1120 2268 scripta
1141 2210 1193 2252 et
1224 2201 1461 2254 naturali
1513 2201 1898 2266 inveniuntur,
1923 2217 2018 2259 eos
2051 2202 2120 2258 ad

543 2289 886 2345 altitudinem
912 2291 1216 2362 spiritualis
1255 2294 1740 2364 contemplationis
1790 2296 2039 2353 elevans.

611 2466 901 2526 Circumda
955 2489 1044 2527 eas
1100 2476 1309 2544 gutturi
1367 2485 1480 2531 tuo.
1522 2475 1656 2548 Liga
1714 2493 1810 2533 eos
1878 2481 2117 2546 fortiter,

541 2566 804 2630 tanquam
840 2566 1062 2630 monile,
1095 2569 1356 2635 potentiae
1407 2570 1641 2639 spiritus
1688 2571 1766 2624 tui
1838 2572 2115 2637 rationali,

541 2667 661 2720 quae
696 2656 944 2711 scientiae
976 2659 1237 2726 adhazret,
1272 2661 1416 2715 sicut
1449 2678 1546 2731 per
1576 2663 1776 2717 collum
1821 2664 1991 2734 capiti
2026 2681 2118 2718 re-

542 2741 752 2814 liquum
788 2747 1028 2803 adhazret
1082 2766 1320 2820 corpus;
1349 2761 1403 2807 et
1442 2753 1554 2807 illis
1610 2753 1878 2808 rationem
1938 2755 2115 2823 muni,

543 2845 601 2890 ut
617 2837 837 2892 virtutis
859 2838 1132 2895 defectum
1151 2850 1205 2897 et
1228 2844 1768 2899 excessum‘devitet.

1855 289 2211 400 PliOCOPII
2240 339 2482 400 GAZzEI

3658 342 3766 404 12Ῑῦ

2291 449 2374 502 ιϐ’.
2408 448 2667 503 Ἐκκαίει
2700 448 2770 502 δὲ
2801 446 3001 516 ψευδῆ
3052 445 3284 515 μάρτυς
3337 446 3561 512 ἄδικος.
3597 448 3766 502 Ὕπαν.

2227 539 2390 593 άπτει
2420 539 2480 592 δὲ
2533 539 2789 602 ὑπονοίας
2845 538 2950 592 οὐκ
2999 537 3220 606 ἀληθείς
3263 540 3291 590 ὁ
3324 536 3768 608 ἐπιδεδαιούμενός

2224 647 2372 695 τινος
2412 631 2511 695 τὰς
2534 631 2686 701 παρὰ
2714 631 2813 700 τὴν
2852 629 3019 700 ὀρθὴν
3072 629 3256 698 κρίσιν
3309 630 3437 700 περὶ
3495 628 3586 684 τοῦ
3628 631 3768 697 πέλας

2227 722 2547 793 ὑπολήψεις.

2296 815 2404 868 Καὶ
2440 813 2760 882 ἐπιπέμπει
2817 815 3046 880 κρίσεις
3109 813 3226 868 ἀνὰ
3265 811 3463 881 μέσον
3499 810 3766 882 ἀδελφῶν.

2225 903 2334 957 Καὶ
2357 905 2656 974 ἐπαφίησιν
2677 905 2929 958 ἐντεῦθεν
2960 903 3144 977 ἔριδας
3177 902 3380 974 μεταξὺ
3403 903 3514 957 τῶν
3550 904 3674 975 πρὸς
3693 904 3770 958 ἀλ-

2223 996 2418 1068 λήλους
2438 999 2812 1068 ὁμονοούντων
2836 997 3138 1068 ὁμογενῶν.

2293 1095 2362 1144 κ’.
2402 1090 2514 1152 Υιὲ,
2544 1091 2829 1159 φύλασσε
2859 1091 3087 1159 νόμους
3135 1089 3362 1158 πατρός
3387 1103 3531 1143 σου.
3573 1087 3768 1150 Τέκνον,

2222 1174 2250 1229 δ
2276 1179 2386 1240 τοῖς
2406 1176 2567 1241 θείοις
2597 1178 2738 1232 κατὰ
2765 1179 2947 1250 ψυχὴν
2988 1179 3242 1251 ἐκτρέφω
3281 1180 3600 1248 διδάγμασι,
3639 1177 3769 1247 τήρει

2223 1267 2322 1332 τὰς
2343 1269 2402 1322 ἐν
2429 1272 2495 1339 τῇ
2523 1270 2714 1342 Γραφῇ
2738 1270 2956 1335 ἐντολὰς
2977 1271 3074 1325 τοῦ
3099 1273 3189 1326 διὰ
3217 1271 3426 1325 τούτων
3449 1289 3511 1324 σε
3541 1269 3672 1324 κατὰ
3694 1269 3772 1340 χὰ-

2225 1375 2309 1430 ριν
2332 1359 2696 1422 υίοθετοῦντος
2729 1359 2892 1415 Θεοῦ.

2289 1452 2398 1506 Kal
2423 1453 2510 1520 μὴ
2531 1452 2745 1521 ἀπώσῃ
2801 1453 3064 1523 θεσμοὺς
3105 1457 3337 1523 μητρός
3381 1468 3526 1508 σου.
3583 1453 3684 1504 Καὶ
3713 1451 3770 1522 μὴ

2221 1543 2524 1614 ἀποπέμψῃ
2547 1545 2675 1607 τοὺς
2701 1545 2958 1608 τεθέντας
2987 1546 3044 1599 ἐν
3078 1548 3144 1615 τῇ
3181 1545 3342 1616 φύσει
3392 1544 3502 1598 τῶν
3529 1544 3658 1598 ὅλων
3684 1561 3769 1597 τια-

2225 1633 2292 1706 ρὰ
2313 1634 2414 1702 τῆς
2441 1634 2660 1688 πάντων
2688 1634 2867 1697 αίτίας
2892 1633 3090 1704 σοφίας
3140 1635 3355 1702 λόγους,
3387 1634 3444 1686 οῖ
3471 1635 3610 1686 εἰσιν
3655 1632 3772 1683 αὐτὰ

2221 1726 2288 1779 τὰ
2312 1725 2431 1779 θεῖα
2461 1725 2767 1797 θελήματα,
2796 1727 2919 1780 καθ’
2957 1726 2993 1782 ἃ
3021 1729 3090 1780 τὰ
3116 1727 3296 1780 πάντα
3351 1725 3631 1794 γεγόνασι,
3674 1725 3772 1785 ταῖς

2223 1820 2359 1891 πρὸς
2386 1821 2649 1891 ἐργασίαν
2677 1819 2772 1874 τοῦ
2803 1821 2970 1874 καλοῦ
2993 1821 3262 1884 δοθείσαις
3292 1837 3378 1874 σοι
3402 1821 3662 1890 δυνάμεσι
3686 1836 3772 1871 πα-

2226 1929 2328 1984 ραχ
2336 1911 2599 1983 ρώμενος.

2294 2010 2398 2056 καν.
2435 2004 2707 2072 Ἀςοαψαι
2735 2004 2803 2057 δὲ
2839 2005 3063 2071 αὐτοὺς
3111 2004 3210 2059 ἐπὶ
3233 2005 3319 2075 σῇ
3344 2005 3524 2074 ψυχῇ
3555 2004 3774 2058 διαπαγ·

2220 2097 2344 2160 τός.
2378 2095 2756 2166 Ἐκκρέμασον
2789 2098 2844 2151 δέ
2874 2097 3098 2161 τούτους
3131 2099 3259 2161 τοὺς
3293 2100 3351 2151 ἐν
3386 2098 3485 2169 ὅλῃ
3521 2100 3585 2168 τῇ
3611 2097 3770 2167 Γραφῇ

2222 2187 2316 2240 καὶ
2347 2189 2414 2256 τῇ
2451 2185 2611 2256 φύσει
2639 2187 2854 2256 λόγους,
2878 2189 2998 2242 καθ’
3031 2187 3143 2254 ἕξιν
3179 2191 3238 2242 ἐν
3269 2193 3336 2261 τῇ
3365 2190 3513 2261 ψυχῇ
3554 2206 3644 2243 σου
3669 2186 3773 2257 παρ’

2220 2276 2349 2348 ὅλην
2373 2296 2466 2331 σου
2497 2278 2594 2349 τὴν
2626 2277 2772 2350 ζωὴν
2825 2281 3034 2350 ἀνέχων
3079 2281 3278 2345 αὐτοὺς
3308 2281 3389 2352 τῷ
3419 2280 3546 2352 ὕψει
3593 2281 3684 2352 τῆς
3729 2279 3772 2332 ἐν

2221 2371 2496 2441 πνεύματι
2527 2371 2783 2443 θεωρίας.
3464 2433 3469 2439 .

2289 2463 2401 2518 Kal
2422 2465 2780 2532 ἐγκλοίωσαι
2809 2462 2943 2532 περὶ
2986 2463 3075 2530 σῷ
3095 2463 3402 2532 τραχήλῳ.
3439 2465 3554 2518 Καὶ
3582 2463 3770 2535 περίθες

2220 2554 2416 2616 αὐτοὺς
2451 2553 2570 2607 κατ’
2596 2554 2876 2624 ἐνέργειαν
2901 2552 2975 2617 ὥς
2994 2570 3118 2608 τινα
3142 2555 3340 2620 κλοιὸν,
3365 2555 3446 2624 τῷ
3479 2556 3768 2609 συνάπτοντι

2219 2646 2320 2716 τὴν
2342 2645 2592 2714 αἴσθησιν
2612 2644 2688 2714 τῷ
2717 2644 2821 2709 νοῒ,
2853 2643 2928 2708 ὡς
2961 2644 3232 2716 τράχηλος
3257 2647 3322 2717 τῇ
3355 2645 3570 2717 κεφαλῇ
3602 2645 3658 2698 τὸ
3681 2646 3768 2698 λοι-

2219 2739 2320 2792 πὸν
2351 2737 2511 2808 σῶμα
2533 2736 2825 2806 λογιστικῷ
2887 2751 3020 2790 σουο
3080 2738 3625 2808 κατασφαλιζόμενος
3671 2735 3767 2790 τού-

2218 2846 2331 2892 τοις
2382 2829 2537 2892 αὐτδ,
2596 2829 2740 2883 ὥστε
2779 2828 2850 2899 μὴ
2883 2827 3204 2899 διαφεύγειν
3249 2828 3350 2901 τὴν
3414 2831 3616 2902 ἀρετὴν
3669 2830 3765 2884 κατ’

2217 2921 2456 2992 ἔλλειψιν
2484 2923 2516 2992 ἦ
2542 2924 2665 2977 καθ’
2687 2922 3016 2994 ὑπερϐολήν.

612 3013 776 3072 Vens.
808 3016 898 3070 22.
933 3018 1067 3073 Cum
1125 3021 1502 3097 ambulaveris,
1559 3024 1696 3094 θίγεν
1742 3025 1863 3091 illa,
1913 3036 1961 3081 et
2012 3027 2116 3081 sint

2291 3011 2396 3082 κβ’.
2445 3013 2645 3067 Ἠνίκα
2669 3012 2748 3067 ἂν
2772 3013 3126 3082 περιπατῇς,
3181 3015 3413 3085 ἐπείγου
3455 3017 3662 3084 αὐτὴν,
3686 2999 3778 3069 καί

545 3115 740 3159 tecum.
763 3108 993 3173 Quando
1020 3126 1117 3179 per
1143 3113 1415 3167 actionem
1450 3117 1712 3183 moveris,
1743 3116 1879 3172 aﬂ‘er
1909 3126 2114 3187 tecum,

541 3194 689 3248 illam
721 3211 842 3265 qtae
877 3198 1072 3254 intota
1101 3199 1386 3273 Scriptura
1418 3215 1470 3258 et
1499 3215 1696 3260 natura
1739 3209 1949 3278 scripta
2009 3217 2116 3275 est,

540 3286 741 3357 legem,
771 3305 836 3346 ea
864 3307 986 3362 quae
1017 3293 1131 3350 haec
1166 3299 1425 3367 proponit
1475 3313 1678 3369 agens;
1711 3309 1766 3356 et
1805 3311 1986 3356 tecum
2046 3305 2118 3359 sit

534 3394 780 3449 semper,
808 3392 860 3437 te
895 3398 924 3437 a
958 3386 1124 3441 rebus
1151 3387 1348 3442 animae
1423 3391 1726 3458 perniciem
1755 3391 2117 3452 all'erentihus

537 3482 817 3540 avertens,
857 3483 913 3531 et
949 3477 1017 3532 ad
1047 3477 1166 3548 ejus
1201 3479 1563 3537 salvationem
1584 3482 1928 3540 conducens.

611 3759 744 3815 Cum
776 3762 1080 3830 dormieris,
1108 3769 1412 3826 custodiant
1447 3781 1516 3838 te,
1541 3783 1588 3828 et
1619 3789 1737 3829 cum
1761 3778 2112 3848 evigilaveris,

2216 3104 2366 3174 μετὰ
2387 3104 2504 3158 σοῦ
2523 3105 2698 3158 ἔστω.
2741 3105 2971 3159 Ὀπόταν
3021 3109 3145 3174 κινῇ
3179 3109 3300 3162 κατ’
3335 3108 3637 3180 ἐνέργειαν,
3671 3110 3762 3161 ἐπι-

2221 3196 2390 3267 φέρου
2424 3195 2628 3266 ταύτην
2655 3195 2756 3267 τὴν
2787 3198 2844 3250 ἐν
2872 3197 2970 3270 ὅλῃ
2989 3199 3055 3268 τῇ
3096 3197 3220 3270 θείᾳ
3247 3199 3446 3271 Γραφῇ
3492 3201 3585 3254 καὶ
3605 3202 3665 3269 τῇ
3689 3196 3764 3267 φύ-

2221 3306 2304 3342 σει
2340 3290 2804 3361 κατεσπαρμένην
2828 3289 3175 3361 νομοθεσίαν,
3209 3294 3396 3346 ἐκεῖνα
3424 3292 3590 3347 ποιῶν
3640 3292 3756 3360 ἅπερ

2217 3380 2360 3449 αὕτη
2417 3399 2499 3436 σοι
2534 3381 2823 3452 ὑποτίθησι
2853 3398 2867 3413 ·
2899 3383 2992 3436 καὶ
3038 3384 3282 3436 συνέστω
3317 3399 3404 3437 σοι
3448 3384 3538 3438 διὰ
3574 3380 3760 3443 παντὸς.

2217 3470 2606 3542 ἀποτρέπουσα
2658 3471 2760 3542 μέν
2791 3488 2863 3538 σε,
2893 3471 3002 3525 ἀπὸ
3045 3471 3156 3525 τῶν
3216 3472 3631 3543 λυμαινομένων
3690 3484 3759 3522 σου

2217 3565 2282 3634 τῇ
2309 3563 2478 3636 ψυχῇ,
2541 3564 2930 3636 προτρέπουσα
2961 3565 3017 3618 δέ
3052 3565 3188 3637 πρὸς
3241 3565 3313 3619 τὰ
3363 3567 3572 3636 ταύτης
3619 3562 3759 3631 ctuti;-

2222 3672 2333 3726 ρια.

2301 3767 2397 3835 Ὦς
2422 3767 2474 3820 δ’
2496 3768 2574 3823 ἂν
2601 3767 2920 3838 καθεύδῃς,
2967 3769 3358 3840 ’φυλασσέτω
3381 3786 3480 3835 σε,
3510 3772 3608 3824 ἵνα
3642 3771 3758 3837 ἐτει-

540 3862 710 3906 tecum
741 3855 1012 3926 loquatur.
1044 3858 1276 3926 Quando
1309 3865 1441 3918 nihil
1472 3865 1632 3933 facis,
1661 3869 1729 3922 ab
1755 3872 1904 3924 omni
1927 3872 2114 3927 fallaci

2217 3860 2442 3929 ρομένῳ
2471 3859 2760 3929 συλλαλῇ
2781 3879 2898 3917 σοι.
2933 3863 3079 3926 Ἕως
3107 3863 3152 3915 δ’
3183 3863 3248 3916 ἂν
3276 3863 3594 3933 ἀπρακτῇς,
3623 3860 3759 3931 τηρήο

539 3943 778 4008 theoria,
827 3957 880 4000 et
926 3948 1120 4018 iniqua
1179 3955 1628 4023 concupiscentia
1687 3965 1741 4011 te
1781 3962 2109 4019 custodiat:

539 4029 760 4100 quando
815 4035 883 4091 ad
927 4039 1203 4096 actionem
1266 4046 1600 4112 surrexeris,
1651 4036 1806 4104 utilia
1840 4064 2114 4123 proponat

539 4126 659 4191 tibi,
702 4137 759 4182 ut
791 4129 1177 4187 absconditum
1208 4137 1438 4205 spiritus
1473 4141 1702 4214 tuierga
1732 4159 1794 4198 ea
1831 4143 2109 4215 all'ectum,

537 4215 712 4286 signis
750 4221 1014 4287 practicis
1040 4225 1326 4281 ostendas.

609 4413 774 4473 Vsus.
825 4420 917 4477 2'5.
981 4422 1050 4476 Ut
1112 4425 1341 4495 lampas,
1390 4443 1657 4502 pracepta
1699 4433 1852 4504 legis.
1895 4434 2107 4494 Idcirco

537 4518 868 4580 praeceptum
902 4514 1036 4586 legis
1058 4516 1258 4574 divinae
1291 4528 1400 4577 tam
1438 4524 1659 4594 scriptae
1677 4542 1842 4595 quam
1880 4540 2111 4584 natura-

536 4599 625 4665 lis,
674 4612 730 4656 ut
775 4603 1008 4677 lampas,
1072 4619 1377 4671 nocturnas
1451 4617 1817 4688 cupiditatum
1853 4622 2110 4679 tenebras

535 4691 709 4757 pellit.

612 4801 678 4856 Ut
703 4803 819 4869 lux,
850 4816 901 4861 et
955 4810 1041 4864 via
1078 4813 1217 4867 vitw.
1249 4812 1321 4870 Ut
1361 4816 1451 4872 lux
1482 4820 1618 4876 solis
1644 4822 1893 4893 justitiae,
1923 4841 2106 4881 veram

531 4911 718 4952 rerum
753 4901 1005 4956 notitiam
1035 4904 1129 4960 dat
1161 4923 1174 4961 :
1229 4916 1286 4963 et
1316 4921 1372 4964 ut
1397 4920 1542 4968 recta
1570 4916 1677 4976 via,
1717 4932 1814 4985 per
1845 4919 2106 4973 virtutem

529 4998 588 5042 et
627 4991 943 5058 scientiam,
1001 4997 1234 5068 Impellit
1293 5002 1344 5055 in
1397 5003 1563 5058 vitam
1599 5007 1925 5076 spiritalem,
1989 5027 2110 5082 quae

525 5089 620 5136 est
641 5083 943 5140 secundum
975 5088 1232 5159 spiritum
1259 5099 1315 5147 ct
1336 5094 1587 5150 verbum.

605 5281 768 5342 Vans.
804 5287 895 5344 24.
934 5289 1235 5362 Increpatio
1263 5303 1312 5349 et
1329 5295 1636 5364 disciplina,
1680 5308 1738 5352 ut
1797 5303 2108 5357 custodiant

527 5384 580 5426 te
622 5391 655 5428 a
685 5379 1081 5438 calumniatrici
1122 5385 1300 5457 lingua
1347 5397 1626 5444 extranea.
1657 5389 1753 5444 Est
1789 5393 2106 5448 manifesta-

530 5463 609 5514 tiu
645 5468 914 5525 malorum
948 5485 1271 5542 operum,et
1311 5479 1804 5558 laboriosumvita:
1839 5498 2013 5553 genus
2039 5484 2106 5539 ad

534 5553 735 5611 bonum
805 5576 898 5630 per
957 5568 1373 5635 temperantiam
1411 5589 1423 5623 :
1497 5581 1617 5626 uta
1659 5553 1819 5643 ἐτονί
1858 5575 2108 5630 Inmchim

532 5651 885 5707 accusatione
914 5661 965 5708 te
992 5659 1302 5724 custodias,
1326 5668 1381 5716 et
1413 5662 1482 5717 ab
1539 5664 1914 5734 increpatione
1941 5665 2105 5721 helc-

536 5738 723 5791 rotloxi
765 5739 1022 5813 hominis,
1049 5750 1143 5818 qui
1206 5752 1386 5807 omnia
1417 5761 1506 5807 tua
1567 5763 1778 5812 attente
1814 5757 2103 5823 observat,

2215 3971 2291 4006 τω
2318 3970 2377 4006 σε
2409 3953 2520 4007 ἀπὸ
2547 3955 2728 4026 πάσης
2753 3955 3040 4026 ἀπατηλῆς
3065 3955 3296 4026 θεωρίας
3331 3957 3431 4008 καὶ
3485 3955 3757 4026 παραλόγου

2213 4044 2447 4116 ὀρέξεως
2481 4061 2494 4075 ⁸
2550 4047 2702 4110 ὅπως
2754 4049 2850 4100 καὶ
2894 4047 3030 4118 πρὸς
3077 4046 3343 4116 ἐργασίαν
3401 4047 3756 4115 διανισταμένῳ
3854 4121 3855 4124 η

2214 4136 2444 4209 ύποτιθῇ
2469 4153 2552 4191 σοι
2582 4139 2654 4192 τὰ
2680 4141 2948 4210 χρήσιμα,
2975 4139 3075 4208 τὴν
3107 4140 3240 4209 περὶ
3279 4139 3458 4194 ταῦτα
3495 4141 3593 4211 τῆς
3613 4139 3756 4208 ψυχῆς
3854 4157 3855 4160 ‘

2216 4247 2308 4283 σου
2335 4231 2724 4302 κεκρυμμένην
2737 4230 2998 4298 διάθεσιν,
3020 4230 3245 4303 τρόποις
3269 4235 3590 4302 πρακτικοῖς
3606 4233 3754 4295 ἀπαγ-

2215 4319 2478 4389 γέλλοντι.

2283 4433 2390 4501 κί’
2425 4433 2554 4488 ’Ὅτι
2614 4436 2848 4506 λύχνος
2901 4434 3121 4504 ἐντολὴ
3173 4437 3385 4505 νόμου.
3425 4438 3565 4491 Διότι
3591 4437 3645 4488 τὸ
3665 4433 3750 4487 διά·

2211 4537 2401 4592 ταγμα
2421 4523 2518 4593 τῆς
2550 4524 2607 4578 ἐν
2637 4523 2733 4594 ὅλῃ
2763 4527 2826 4595 τῇ
2860 4523 3051 4594 Γραφῇ
3102 4524 3197 4576 καὶ
3233 4527 3300 4596 τῇ
3335 4525 3497 4594 φύσει
3529 4525 3667 4587 θείας
3686 4536 3748 4574 νος

2215 4613 2494 4684 μοθεσίας,
2547 4611 2637 4669 οἷα
2687 4615 2786 4686 μέν
2826 4633 2911 4680 τις
2954 4614 3148 4686 λυχνία
3178 4613 3297 4670 λύει
3331 4620 3434 4691 τὴν
3465 4613 3747 4688 νυκτερινὴν

2211 4704 2381 4776 ἀχλὺν
2408 4705 2516 4759 τῶν
2539 4706 2754 4761 παθῶν.
3165 4697 3170 4704 ’

2281 4817 2390 4870 Kal
2417 4816 2563 4886 φῶς,
2595 4819 2692 4872 καὶ
2729 4820 2867 4887 ὁδὸς
2919 4819 3086 4892 ζωῆς.
3145 4819 3249 4878 Οἴα
3278 4824 3335 4878 δὲ
3366 4824 3482 4894 φῶς
3530 4821 3617 4876 τοῦ
3666 4817 3742 4885 τῆς

2209 4906 2557 4979 δικαιοσύνης
2623 4909 2827 4974 Ἡλίου,
2879 4913 2977 4984 τὴν
3026 4913 3198 4986 ἀληθῆ
3233 4914 3343 4968 τῶν
3381 4916 3544 4968 ὄντων
3580 4910 3740 4980 γνῶσιν

2210 4996 2526 5067 χαρίζεται,
2555 5001 2647 5053 καὶ
2671 5000 2746 5064 ὡς
2771 5001 2956 5057 εὐθεῖα
2979 5005 3117 5072 ὁδὸς,
3153 5005 3276 5074 ἄγει
3311 5008 3432 5060 κατ’
3465 5003 3648 5077 ἀρετὴν
3672 4996 3736 5050 καὶ

2209 5091 2412 5160 γνῶσιν
2462 5093 2543 5156 είς
2584 5093 2682 5164 τὴν
2741 5095 2881 5148 κατὰ
2935 5097 3062 5152 νοῦν
3123 5099 3219 5152 καὶ
3259 5099 3419 5168 λόγον
3438 5101 3493 5152 ἐν
3513 5093 3738 5164 πνεύματι

2211 5181 2359 5236 θείαν
2389 5182 2554 5255 ζωήν.

2280 5295 2380 5349 κδ’.
2419 5296 2713 5365 Ἔλεγχος
2760 5299 2858 5352 καὶ
2889 5299 3128 5356 παιδεία
3181 5303 3288 5358 τοῦ
3338 5299 3736 5372 διαφυλάσσειν

2207 5401 2281 5440 σε
2300 5387 2420 5441 ἀπὸ
2448 5386 2734 5456 διαϐολῆς
2765 5390 3051 5460 γλώσσης
3077 5394 3424 5462 ἀλλοτρίας.
3469 5390 3733 5461 Φανέρωσις

2207 5477 2315 5531 τῶν
2337 5478 2589 5548 πονηρῶν
2613 5479 2790 5550 ἔργων
2813 5483 2952 5546 ἐστὶ,
2978 5485 3071 5536 καὶ
3094 5485 3351 5548 ἐπίπονος
3363 5487 3430 5539 δι’
3451 5474 3730 5552 ἐγκρατείας

2209 5569 2346 5640 πρὸς
2364 5569 2432 5630 ,τὸ
2462 5570 2666 5638 ἀγαθὸν
2721 5572 2914 5643 ἀγωγὴ
2941 5590 2955 5604 ’
3004 5574 3147 5628 ὥστε
3193 5576 3466 5646 διατηρεῖν
3491 5589 3544 5625 σε
3573 5566 3663 5624 ἀπό
3685 5576 3728 5613 τε

2208 5662 2300 5715 τοῦ
2335 5662 2640 5734 βαρυτάτου
2680 5667 2776 5738 τῆς
2811 5667 3059 5738 μοιχείας
3111 5669 3476 5740 ἐγκλήματος,
3532 5663 3616 5717 καὶ
3644 5651 3727 5710 ἀπὸ

2217 5755 2414 5820 παντὸς
2443 5755 2612 5826 ψόγου
2645 5760 2955 5830 ἐτεροδὸξου
3003 5761 3216 5831 ἁνδρδς,
3249 5758 3619 5831 ἐπιτηροῦντος
3649 5745 3726 5799 πᾶν
