3960 6230
194 368 346 432 1277⁷

1276 384 1814 447 COMMENTARII
1852 389 1931 450 ιΝ
1977 389 2435 452 PROVERBIA.

3329 396 3466 460 1278

189 485 362 552 ἔργον
408 501 525 553 σου,
561 487 649 542 ῐνα
664 505 716 542 τι
749 489 884 564 εὕρῃ
913 491 1169 566 διαϐολῆς
1198 495 1370 565 ἄξιον,
1393 499 1489 553 καὶ
1508 498 1769 572 διαϐάλλῃ

1890 514 1944 558 ιιι
1971 506 2181 575 aliquid
2212 504 2507 560 calumniae
2536 503 2764 574 dignum
2794 502 3055 570 inveniat,
3119 513 3175 561 et
3207 519 3305 576 per
3367 506 3470 566 hoc

186 580 263 632 ἐκ
292 581 486 632 τούτου
514 583 608 635 καὶ
645 581 742 653 τὴν
763 585 1068 658 ἀμώμητον
1091 589 1274 644 πίστιν
1308 609 1426 646 σου.

267 675 365 724 κε’.
402 671 518 735 Υἱὲ,
538 675 623 742 μή
645 688 718 727 σε
741 677 972 747 νικήσῃ
995 679 1260 748 κάλλους
1297 683 1600 756 ἐπιθυμία.
1653 686 1782 740 Λοι-

188 761 320 826 πδν,
356 764 416 816 ὲν
451 763 642 834 Κυρίῳ
672 766 884 835 τέκνον,
919 770 993 841 μή
1018 787 1076 824 σε
1112 774 1324 850 ἡττήσῃ
1356 776 1589 842 κάλλους
1605 778 1782 850 χρόνῳ

187 852 600 922 μαραινομένου
629 854 911 926 ἀλόγιστος
935 859 1144 930 ἔφεσις.

265 943 434 1013 Μηδὲ
458 945 758 1016 ἀπρευθῇς
787 951 924 1018 σοῖς
941 953 1290 1026 ὀφθαλμοῖς.
1318 957 1471 1028 Μηδὲ
1514 959 1779 1029 παγιδευ-

183 1033 294 1106 θῇς
324 1033 432 1087 ἀπὸ
456 1035 562 1089 τῶν
607 1037 718 1092 σῶν
749 1039 1066 1115 ὀφθαλμῶν,
1105 1045 1255 1118 ὥραν
1308 1048 1570 1116 γυναικὸς
1619 1067 1782 1121 περι-

184 1125 374 1196 έργως
401 1127 680 1199 δρώντων.

263 1218 431 1286 Μηδὲ
457 1223 899 1293 συναρπασθῇς
926 1225 1046 1280 ἀπὸ
1073 1225 1193 1282 τῶν
1211 1228 1404 1298 αὐτῆς
1424 1230 1776 1302 βλεφάρων.

180 1311 347 1380 Μηδὲ
372 1311 461 1364 διὰ
511 1311 620 1366 τῶν
654 1317 1158 1388 προσκαλουμένων
1210 1337 1269 1373 σε
1315 1322 1452 1392 πρὸς
1497 1324 1644 1394 μίξιν
1696 1326 1782 1378 αἱ·

185 1403 370 1472 σχρὰν
394 1401 686 1475 βλεφάρων
714 1407 904 1477 αὐτῆς,
921 1409 1294 1484 συνελκυσθῇς
1317 1415 1547 1484 ταχέως,
1567 1417 1660 1470 καὶ⁵
1683 1414 1779 1469 τοῦ

182 1493 474 1562 σώφρονος
499 1497 591 1549 καὶ
621 1497 1020 1570 καθεστηκότος
1050 1503 1253 1574 ὲκστῇς
1279 1505 1565 1576 λογισμοῦ.

264 1593 379 1652 κς¹.
422 1589 564 1657 Τιμὴ
599 1589 710 1660 γὰρ
755 1593 1009 1661 πόρνης,
1050 1594 1193 1648 ὡσεὶ
1218 1596 1316 1650 καὶ
1380 1596 1519 1664 ἐνὸς
1571 1597 1776 1667 ἄρτου.

178 1678 469 1749 Μίσθωμα
517 1682 628 1751 γὰρ
682 1684 947 1752 γυναικὸς
993 1685 1220 1757 πόρνης,
1271 1686 1588 1758 ἐλάχιστονο
1646 1690 1780 1744 ὡσεὶ

179 1775 414 1846 τίμημα
477 1777 647 1848 ἄρτου
704 1780 858 1843 ἑνὸς,
919 1781 1080 1852 ἡδονὴ
1137 1784 1480 1855 πρόσκαιρος
1526 1784 1777 1856 ὑπάρχον

1890 604 2041 650 tuam
2069 595 2612 665 irreprehensibilem
2650 594 2811 650 tidem
2836 595 3227 654 calumnietur.

1959 683 2129 742 Vens.
2160 685 2252 742 25.
2278 684 2412 752 Fili,
2444 703 2507 739 ne
2527 695 2575 740 te
2608 687 2784 740 uincat
2816 686 3228 754 pulchritudinis
3249 690 3464 758 cupido.

1888 775 1947 832 in
1969 778 2201 848 reliquo,
2230 778 2304 833 lili
2331 779 2383 832 in
2409 777 2662 842 Domino,
2687 793 2754 833 ne
2785 786 2838 833 te
2859 786 3083 848 superet
3103 780 3468 849 pulchritudi-

1888 871 1998 935 nis,
2035 885 2156 939 qua:
2187 884 2282 940 per
2325 876 2542 940 tempus
2566 871 2958 940 exstinguitur,
2979 869 3218 924 absurda
3240 871 3465 940 cupido.

1961 961 2044 1018 Ne
2098 963 2332 1031 capiaris
2372 963 2476 1017 tuis
2531 963 2728 1016 oculis.
2782 960 2863 1016 Ne
2897 961 3136 1031 capiaris
3188 962 3296 1018 luis
3333 977 3466 1017 ocu-

1889 1055 1977 1120 lis,
2015 1055 2181 1110 nimis
2244 1053 2404 1110 avide
2442 1054 2689 1109 mulieris
2737 1052 3204 1125 pulchritudinem
3247 1053 3468 1122 conspi-

1886 1149 2180 1204 cientibus.
2247 1170 2263 1188 ι

1961 1238 2046 1295 Ne
2093 1256 2126 1293 a
2159 1239 2356 1294 retibus
2393 1236 2766 1308 palpebrarum
2793 1237 2906 1306 ejus
2931 1235 3185 1304 capiaris.
3221 1233 3298 1290 Ne
3352 1235 3468 1290 cito

1889 1331 2211 1403 illaquearis
2262 1331 2539 1402 palpebris
2574 1331 2716 1400 ejus,
2761 1340 2816 1383 te
2847 1329 2915 1382 ad
2961 1336 3175 1398 turpem
3203 1343 3464 1398 congres-

1888 1442 2010 1484 sum
2033 1425 2382 1488 vocantibus,
2415 1431 2470 1479 et
2496 1438 2566 1479 ne
2600 1431 2654 1478 te
2684 1436 2714 1476 a
2747 1422 2996 1491 sapiente
3033 1428 3089 1476 et
3119 1431 3343 1476 sen‘sato
3373 1421 3466 1491 ju-

1887 1521 2034 1577 dicio
2059 1530 2364 1574 removeas.

1958 1607 2124 1663 Vsus.
2163 1583 2571 1661 ‘26."Prwmium
2603 1605 2912 1668 meretricis,
2959 1605 3116 1674 quasi
3172 1605 3332 1658 unius
3363 1621 3464 1673 pa-

1886 1701 1992 1755 nis.
2045 1697 2342 1754 Praemium
2393 1697 2644 1751 mulieris
2689 1696 3024 1758 meretricis,
3081 1710 3347 1766 parvum;
3405 1702 3465 1748 ut

1886 1790 2124 1863 pretium
2178 1789 2340 1844 unius
2396 1788 2580 1859 panis,
2640 1788 2897 1856 voluptas
2951 1786 3118 1855 fugax
3185 1784 3460 1855 corporis,

180 1869 508 1940 σαρκὸς,τῷ
535 1871 743 1941 ταύτης
774 1873 1386 1943 ἡδυπαθεῖὲπαρκοῦσα
1429 1878 1533 1930 ’ἐπὶ
1577 1877 1769 1949 βραχύ.

1890 1897 2191 1955 procurans
2219 1879 2385 1949 hujus
2410 1879 2666 1935 amatori.

255 1957 429 2026 Γυνὴ
488 1958 558 2012 δὲ
597 1959 834 2029 ἀνδρῶν
856 1963 1066 2031 τιμίων
1107 1966 1314 2034 ψυχὰς
1355 1967 1615 2036 ἀγρεύει.
1658 1969 1776 2020 Ἀν-

171 2050 328 2120 δρῶν
357 2052 405 2105 δ’
437 2052 717 2123 ἡτοιαύτη
749 2054 886 2124 γυνὴ
926 2055 1212 2124 παγιδεύει
1265 2058 1464 2130 ψυχὰς,
1499 2052 1577 2113 ὧν
1601 2059 1719 2124 ὅλος
1749 2061 1778 2113 ὁ

174 2141 377 2215 παρὼν
406 2144 614 2215 κόσμος
634 2147 735 2199 οὐκ
767 2146 915 2198 ἐστιν
949 2149 1229 2214 ἀντάξιος.

292 2232 509 2299 κζ’-κθ,
569 2235 892 2302 Ἀποδήσει
931 2253 1022 2304 τις
1065 2238 1185 2307 πῦρ
1245 2241 1316 2294 ἐν
1343 2245 1572 2313 κόλπῳ,
1604 2244 1678 2299 τὰ
1707 2245 1777 2297 δὲ

168 2326 380 2397 ἱμάτια
423 2330 494 2382 οὺ
552 2329 961 2394 κατακαύσει;
1005 2330 1043 2399 ἢ
1087 2333 1484 2401 περιπατήσει
1535 2353 1631 2402 τις
1679 2337 1775 2389 ἐπ’

165 2416 499 2502 ἀνθράκων
521 2421 734 2487 πυρὸς,
786 2420 930 2487 τοὺς
954 2421 1024 2474 δὲ
1050 2423 1245 2489 πόδας
1273 2428 1344 2480 οὺ
1365 2429 1774 2493 κατακαύσει-ς

167 2513 370 2579 οὕτως
400 2516 434 2568 ό
461 2515 752 2570 εἰσελθὼν
789 2517 940 2584 πρὸς
985 2519 1243 2586 γυναῖκα
1289 2521 1620 2592 ὕπανδρον,
1659 2524 1772 2577 οὐκ

166 2605 622 2676 ἀθωωθήσεται,
643 2607 788 2661 οὐδὲ
819 2609 939 2676 πᾶς
969 2612 1001 2664 ὁ
1023 2610 1361 2680 ἁπτόμενος
1395 2613 1610 2680 αὐτῆς.
1644 2615 1774 2667 Ὥσ-

167 2717 291 2768 περ
318 2699 426 2770 γάρ
445 2701 474 2753 ό
505 2699 603 2768 μὲν
644 2701 1142 2773 ὲγκολπωσάμενος
1172 2704 1309 2778 πῦρ,
1338 2707 1679 2761 κατακαύσει
1701 2707 1772 2761 τὰ

167 2793 396 2863 ἱμάτια,
421 2793 514 2846 ὁδ’
538 2793 626 2846 ἐπ’
658 2794 948 2866 ἀνθράκων
989 2797 1234 2865 βαδίσας,
1265 2801 1394 2863 τοὺς
1456 2801 1622 2864 πόδας
1677 2800 1768 2855 τὸν

165 2885 347 2938 αὑτὸν
391 2884 592 2956 τρόπον
625 2886 652 2938 ὅ
685 2903 743 2938 τε
790 2887 1164 2958 παρεμϐαλὼν
1196 2890 1410 2957 ἑαυτὸν,
1443 2891 1510 2945 δι’
1534 2893 1771 2964 αἰσχρᾶς

165 2976 456 3048 πράξεως,
494 2978 630 3048 πρὸς
662 2981 900 3047 γυναῖκα
933 2980 1383 3054 συνεζευγμένην
1431 2984 1610 3054 ἀνδρὶ,
1671 2985 1772 3047 τὰς

163 3070 265 3124 ἐπὶ
307 3069 386 3141 τῷ
428 3070 656 3141 τοιούτῳ
711 3072 1023 3143 ἐγκλήματι
1082 3075 1184 3128 οὐκ
1234 3074 1560 3144 ἐκφεύξεται
1589 3078 1766 3144 δίκας,

166 3163 269 3216 καὶ
310 3164 337 3215 ό
360 3162 448 3216 ἐπ’
485 3163 623 3233 αὐτῇ
655 3149 1061 3220 κατάδιάνοιαν
1088 3167 1188 3238 τὴν
1232 3169 1514 3239 ἁμαρτίαν
1566 3172 1767 3224 ἀποτε-

166 3252 291 3306 λῶν
320 3269 332 3282 ’
365 3253 393 3305 ὁ
430 3251 527 3322 μὲν
585 3251 693 3324 γὰρ
731 3254 791 3306 τὸ
857 3254 1014 3324 δίκην
1069 3257 1241 3326 πυρὸς
1287 3259 1622 3312 ὐπανάπτων
1680 3260 1774 3313 τὸν

168 3363 278 3398 σατ
292 3345 475 3398 ανικὺν
507 3345 707 3416 ἔρωτα,
739 3347 935 3402 εἴδωλα
957 3348 1056 3416 τῆς
1089 3351 1324 3420 αἰσχρᾶς
1348 3351 1604 3420 πράξεως
1639 3353 1775 3405 ἀπο-

167 3437 296 3499 θεὶς
329 3438 394 3507 τῇ
425 3435 606 3508 ψυχῇ,
660 3437 1045 3510 ἀποτεφρώσει
1095 3441 1195 3503 τάς
1255 3442 1483 3510 ἀρετὰς,
1515 3442 1582 3506 ἃς
1632 3443 1772 3516 αὕτη

168 3527 324 3582 κατά
351 3530 681 3600 προαίρεσιν
709 3530 783 3592 ὼς
804 3529 988 3600 ἆμφιά
1010 3547 1133 3585 τινα
1165 3533 1462 3604 περιϐεϐλη
1475 3534 1636 3606 μένη,
1665 3535 1774 3589 ἀπὸ

172 3620 272 3674 τοῦ
304 3620 580 3690 χειμῶνος
612 3620 943 3690 φυλάττεται
967 3622 1078 3676 τῶν
1135 3623 1326 3678 παθῶν
1347 3640 1363 3655 '
1395 3628 1422 3678 ὁ
1443 3626 1501 3678 δὲ
1531 3628 1598 3697 τῇ
1632 3627 1775 3680 κατὰ

171 3712 420 3767 διάνοιαν
481 3711 681 3783 μελέτῃ
707 3711 794 3765 ἐπ’
829 3713 1008 3767 αὐτῶν
1036 3714 1273 3785 βαδίζων
1319 3715 1427 3769 τῶν
1451 3717 1549 3784 τῆς
1583 3718 1771 3788 ἁμαρ·-

170 3805 300 3866 τξας
350 3803 620 3872 ἐμπαθῶν
666 3803 967 3876 λογισμῶν,
1017 3805 1112 3870 οὒς
1140 3807 1200 3861 τὸ
1223 3805 1337 3878 πῦρ
1370 3806 1619 3878 ὲπανῆψε
1669 3808 1772 3878 τῆς

173 3894 500 3967 παραλόγου
520 3895 776 3968 ὀρέξεως,
807 3899 1097 3971 διαφθερεῖ
1126 3900 1195 3954 τὰ
1217 3900 1398 3969 ἀγαθά
1422 3901 1771 3972 διανοήματα

169 3990 278 4059 τῆς
315 3981 732 4057 ψυχῆςοδι’ὦν,
764 3988 842 4050 ῶς
887 4006 1054 4043 τινων
1096 3990 1295 4058 ποδῶν,
1323 3991 1462 4063 πρὸς
1506 3991 1604 4064 τὴν
1659 4009 1768 4064 μαι

172 4079 380 4151 καρίαν
443 4078 544 4148 τῆς
587 4079 861 4144 ἀπαθείας
911 4080 1066 4152 λῆξιν
1138 4081 1278 4154 αὕτη
1333 4083 1547 4153 πέφυκε
1609 4083 1768 4155 φέρε⁸

175 4169 330 4223 σθαι.

245 4261 315 4314 λ’.
349 4264 430 4316 Οὐ
456 4260 806 4329 θαυμαστόν
827 4261 938 4316 ἐὰν
979 4259 1108 4328 ἁλῷ
1157 4280 1250 4329 τις
1303 4263 1602 4320 κλέπτων.
1657 4266 1768 4320 Καὶ

171 4351 332 4418 ξένον
367 4353 465 4422 μὲν
495 4351 648 4405 οὐδέν
678 4354 847 4419 ἐστιν,
881 4354 976 4407 ἐὰν
1015 4347 1222 4417 τιςὶπὶ
1264 4355 1440 4426 κλοπῇ
1491 4356 1764 4429 κρατηθῇ.

173 4442 424 4496 Κλὲπτει
468 4443 578 4515 γὰρ
599 4443 666 4498 τὰ
698 4444 976 4516 ἀλλότρια,
1001 4446 1089 4499 ἵνα
1115 4441 1192 4502 ὧν
1224 4445 1338 4519 ἔχει
1373 4447 1570 4512 ἐνδεῶς
1601 4465 1764 4520 κορε-

177 4533 312 4606 σθῇ.

246 4625 349 4679 λα’.
385 4626 531 4682 Ἐὰν
550 4627 620 4682 δὲ
655 4629 802 4696 ἁλῷ,
833 4629 1111 4685 ἀποτίσει
1146 4630 1598 4697 ἐπταπλασίως.
1640 4633 1760 4686 Φω-

176 4717 366 4786 ραθεὶς
393 4719 450 4771 δὲ
481 4721 578 4774 καὶ
616 4721 1006 4794 κατασχεθεὶς,
1033 4721 1306 4776 ἀποδώσει
1357 4723 1756 4789 ἐπταπλασίως

173 4807 202 4859 ὃ
224 4809 498 4878 ἀφείλετο.
513 4849 530 4862 ,

243 4903 352 4956 Καὶ
383 4904 580 4958 πάντα
607 4904 679 4958 τὰ
705 4905 1058 4976 ὑπάρχοντα
1077 4904 1266 4960 αὐτοῦ
1293 4905 1462 4973 δοὺς,
1492 4907 1750 4974 ῥύσεται

172 4993 416 5049 ἑαυτόν.
478 4997 590 5049 Καὶ
643 4998 825 5052 πᾶσαν
862 4997 962 5069 τὴν
1013 4996 1330 5069 προσοῦσαν
1361 4996 1511 5068 αύτῷ
1542 5014 1761 5070 περιου-

175 5084 301 5146 σίαν
338 5087 656 5159 παρασχὼν,
711 5089 1121 5163 ἀπολυθήσεται
1162 5089 1256 5144 τοῦ
1281 5091 1528 5145 τοιούτου
1557 5092 1760 5164 ἐγκλή-

176 5195 368 5248 ματος.

244 5269 346 5340 λβ’.
383 5271 445 5325 '0
463 5271 532 5324 δὲ
545 5289 641 5340 μοι
647 5271 774 5340 χός,
806 5271 880 5326 δι’
903 5274 1144 5328 ἔνδειαν
1162 5272 1420 5345 φρενῶν,
1446 5274 1755 5330 ἀπώλειαν

172 5357 246 5427 τῇ
280 5360 498 5416 ἑαυτοῦ
526 5361 698 5432 ψυχῇ
756 5364 1168 5432 περιποιεῖται.
1217 5365 1275 5419 '0
1305 5365 1362 5419 δὲ
1393 5382 1754 5436 περιπεπτω-

173 5449 290 5514 κὼς
322 5452 401 5523 τῷ
419 5454 520 5522 τῆς
549 5456 800 5524 μοιχείας
817 5457 1152 5528 ἐγκλήματι,
1168 5458 1227 5510 ού
1249 5458 1409 5527 μόνον
1425 5459 1494 5511 δι’
1513 5459 1755 5528 ἀφροσύ-

174 5557 295 5609 νην,
323 5541 420 5614 τὴν
446 5543 581 5597 ἰδίαν
609 5547 833 5599 ἁπόλλει
851 5547 1028 5619 ψυχὴν
1057 5548 1202 5602 κατὰ
1219 5548 1462 5603 διάνοιαν
1495 5552 1590 5604 καὶ
1612 5553 1754 5606 κατὰ

180 5632 398 5704 πρᾶξιν,
426 5636 501 5696 ὡς
520 5639 758 5710 εἴρηται,

246 5723 348 5789 λγ’.
385 5727 636 5796 Ὀδύνας
674 5747 738 5784 τε
771 5731 868 5785 καὶ
912 5733 1154 5802 ἀτιμίαν
1211 5734 1518 5805 ὑποφέρει.
1586 5737 1747 5792 Ἀλλὰ

179 5813 270 5865 καὶ¹
296 5817 579 5888 αἰκισμοὺς
619 5824 818 5891 σαρκὸς
843 5824 937 5878 καὶ
967 5825 1152 5896 ὕϐρεις
1177 5826 1490 5894 ὑφίσταται.

1950 1973 2151 2029 Mulier
2173 1972 2552 2027 honoratorum
2601 1973 2837 2025 uirorum
2869 1971 3078 2025 animas
3111 1970 3274 2040 capit.
3308 1968 3461 2025 Talis

1879 2069 2079 2123 mulier
2110 2067 2356 2121 virorum
2385 2065 2602 2120 animas
2635 2064 2807 2138 capit,
2861 2065 3064 2134 quibus
3115 2073 3292 2119 totum
3325 2077 3462 2134 prte-

1878 2175 2005 2216 sens
2041 2159 2304 2216 saeculum
2340 2173 2447 2214 non
2484 2165 2664 2226 potest
2699 2157 3030 2225 comparari.

1948 2252 2116 2308 Vsus.
2143 2251 2336 2306 27-99.
2377 2249 2483 2316 Qui
2515 2249 2719 2320 injiciet
2751 2250 2924 2320 ignem
2952 2250 3009 2302 in
3039 2251 3238 2313 sinum,
3270 2258 3319 2303 et
3354 2264 3458 2304 non

1876 2345 2187 2399 vestimenta
2237 2343 2536 2397 ardebant?
2587 2353 2674 2395 aut
2719 2339 3018 2395 ambulabit
3067 2356 3224 2409 super
3252 2357 3456 2411 prunas

1875 2437 2034 2506 ignis,
2070 2445 2246 2490 etnon
2277 2435 2680 2506 conﬂagrabunt
2712 2434 2866 2502 pedes
2913 2434 3072 2500 eius?
3104 2436 3182 2489 sic
3233 2450 3337 2487 non
3391 2432 3458 2486 li-

1875 2520 2144 2575 berabitur
2205 2523 2297 2592 qui
2329 2521 2628 2592 ingreditur
2669 2521 2738 2574 ad
2784 2521 3055 2574 mulierem
3088 2520 3454 2588 coniugatam,

1874 2632 1967 2671 nec
1999 2617 2170 2670 omnis
2221 2618 2311 2687 qui
2347 2617 2394 2670 ei
2423 2615 2609 2670 haeret.
2661 2613 2818 2670 Sicut
2858 2615 3026 2675 enim,
3060 2615 3151 2685 qui
3185 2615 3362 2686 ignem
3398 2612 3454 2667 in

1874 2710 2057 2764 sinum
2091 2710 2277 2773 mittit,
2316 2725 2416 2764 sua
2445 2711 2795 2774 vestimenta,
2823 2715 2878 2763 et
2907 2709 3003 2777 qui
3043 2723 3211 2778 super
3246 2720 3456 2777 prunas

1874 2799 2118 2854 ambulat
2163 2814 2297 2855 suos
2347 2800 2520 2870 pedes
2563 2799 2878 2865 comburit;
2919 2797 2993 2853 ita
3027 2799 3141 2863 ille,
3177 2799 3274 2868 qui
3305 2797 3455 2868 turpi

1875 2898 1999 2945 actu
2051 2890 2294 2962 scipsum
2335 2889 2504 2945 tradit
2535 2889 2754 2945 mulieri
2802 2889 3134 2959 conjugataa,
3181 2897 3235 2944 et
3287 2889 3454 2943 etiam

1873 2981 1966 3050 qui
2002 2995 2097 3051 per
2127 2980 2521 3052 cogitationem
2577 2995 2746 3049 super
2779 2979 2929 3033 illam
2971 2989 3260 3048 peccatum
3320 2995 3454 3048 ope-

1873 3084 2050 3138 ratur,
2090 3074 2260 3143 bujus
2314 3073 2544 3129 sceleris
2607 3087 2799 3144 poenas
2845 3087 2955 3128 non
3006 3069 3264 3144 eﬂugiet;
3325 3074 3455 3129 talis

1876 3164 2047 3229 enim,
2079 3165 2332 3220 satanico
2365 3179 2577 3230 amore,
2612 3165 2760 3235 quod
2792 3164 2946 3234 juste
2999 3165 3142 3234 ignis
3200 3175 3453 3228 vocatur,

1877 3257 2220 3322 inhaerendo,
2249 3266 2303 3312 et
2351 3259 2406 3313 in
2459 3258 2646 3312 anima
2680 3256 3043 3328 turpitudinis
3097 3256 3304 3312 idolum
3337 3258 3455 3311 col-

1875 3346 2108 3401 locando
2144 3387 2160 3412 ,
2213 3347 2444 3402 virtutes
2503 3349 2614 3417 igni
2645 3347 2835 3412 tradit,
2883 3363 3026 3419 quas
3077 3363 3176 3418 pro
3211 3350 3336 3402 vitae
3365 3364 3456 3402 ra-

1873 3439 2022 3493 tione
2053 3438 2210 3507 quasi
2255 3436 2585 3493 vestimenta
2617 3437 2876 3503 induens,
2918 3439 3101 3492 anima
3149 3452 3179 3492 a
3212 3439 3453 3491 tumultu

1873 3529 2238 3599 cupiditatum
2287 3528 2589 3596 liberatur;
2635 3528 2727 3585 ille
2779 3535 2962 3583 autem
3007 3528 3102 3598 qui
3139 3526 3455 3582 voluntarie

1873 3622 1928 3676 in
1955 3633 2308 3692 peccatorum
2340 3621 2806 3678 tumultuantibus
2833 3620 3078 3675 ambulat
3102 3618 3455 3674 sermonibus

1871 3728 2012 3783 quos
2041 3716 2195 3770 mala:
2227 3715 2505 3785 cupidinis
2545 3713 2796 3770 accendit
2849 3711 3014 3782 ignis,
3051 3713 3224 3766 bonas
3257 3711 3454 3766 animae

1871 3805 2235 3873 cogitationes
2289 3806 2543 3870 destruit,
2602 3819 2698 3872 per
2747 3819 2888 3874 quas
2949 3808 3084 3870 haec,
3151 3804 3313 3873 quasi
3355 3817 3452 3874 per

1870 3895 2140 3966 quosdam
2187 3895 2376 3966 pedes,
2431 3897 2500 3949 ad
2560 3894 3029 3965 impassibilitatis
3093 3894 3308 3950 beatam
3364 3911 3454 3951 re-

1870 3985 2054 4058 quiem
2085 3987 2372 4058 pervenire
2398 3989 2706 4043 consuevit.

1938 4251 2107 4310 Vsus.
2144 4253 2234 4311 50.
2274 4252 2398 4310 Non
2449 4255 2644 4310 mirum
2683 4255 2732 4309 si
2774 4251 3040 4324 capiatur
3073 4255 3192 4326 quis
3235 4254 3448 4325 furnus.

1867 4343 1988 4400 Non
2026 4356 2369 4414 estnovum,
2400 4347 2444 4401 si
2471 4348 2594 4415 quis
2636 4349 2692 4402 in
2733 4344 2887 4401 furto
2927 4349 3448 4417 comprehendatur.

1870 4435 2109 4492 Furatur
2184 4438 2332 4492 enim
2408 4437 2610 4504 aliena,
2675 4445 2736 4492 ut
2760 4440 3041 4494 nutriatur
3108 4439 3190 4494 eis
3247 4438 3452 4508 quibus

1794 4555 1838 4610 υ
1867 4539 2009 4602 eget.

1937 4622 2107 4679 Vsus.
2159 4623 2249 4679 3i.
2311 4623 2372 4680 Si
2403 4624 2856 4692 deprehendatur,
2894 4625 3078 4680 reddet
3125 4625 3449 4695 septuplum.

1869 4717 2248 4788 Deprehensus
2277 4726 2332 4774 et
2368 4717 2648 4785 detentus,
2699 4719 2888 4774 reddet
2915 4717 3225 4789 septuplum
3260 4733 3451 4773 eorum

1863 4824 1986 4881 quae
2010 4809 2211 4880 rapuit.

1927 4901 1998 4957 Et
2031 4903 2207 4956 omnia
2239 4919 2338 4956 sua
2371 4902 2529 4968 dans,
2559 4903 2791 4972 seipsum
2821 4904 3088 4959 liberabit.
3123 4903 3188 4958 Et
3227 4918 3445 4959 omnem

1863 5010 2016 5050 suam
2048 4995 2416 5053 substantiam
2466 4993 2686 5052 tradens
2741 4997 2810 5052 ab
2849 4995 2954 5051 hoc
2989 4996 3223 5051 crimine
3247 4994 3448 5048 libera-

1863 5085 2031 5141 bitur.

1919 5265 2086 5320 Vsus.
2118 5265 2211 5321 32.
2252 5266 2476 5321 Adulter
2512 5284 2632 5323 vero
2678 5267 2741 5320 ob
2791 5268 3028 5337 inopiam
3063 5267 3454 5338 cogitationum

1855 5360 2137 5428 perniciem
2191 5377 2302 5414 sua:
2366 5360 2558 5414 anima:
2613 5360 2860 5414 attrahit.
2906 5360 3009 5426 Qui
3074 5359 3128 5414 in
3195 5361 3454 5416 moechi-.8

1855 5455 2061 5511 scelere
2117 5455 2330 5521 incidit,
2395 5471 2501 5510 non
2558 5456 2730 5509 solum
2807 5463 3029 5525 propter
3075 5469 3230 5510 suam
3301 5456 3442 5510 insi-

1856 5549 2140 5618 pientiam,
2190 5557 2245 5604 et
2273 5563 2368 5618 per
2431 5549 2824 5618 cogitationem
2875 5555 2931 5603 et
2966 5564 3063 5619 per
3111 5565 3250 5620 opus
3307 5565 3444 5619 pro-

1855 5641 2028 5710 priam
2065 5642 2303 5695 animam
2340 5640 2549 5711 perdet,
2582 5647 2640 5694 ut
2673 5639 2880 5693 dictum
2916 5649 3019 5705 est,
3397 5623 3403 5630 ’

1910 5735 2079 5791 Vnus.
2119 5735 2210 5789 55.
2271 5734 2491 5792 Dolores
2548 5745 2599 5789 et
2645 5734 2992 5804 ignominiam
3034 5734 3272 5804 su/Teret.
3334 5733 3454 5792 Sed.

1852 5829 2013 5884 etiam
2044 5829 2258 5885 dolores
2307 5829 2555 5899 corporis
2601 5838 2651 5886 ct
2683 5829 2973 5900 opprobria
3017 5831 3330 5888 sustinebit.
