3960 6230
203 299 332 369 1281

1121 282 1128 290 ’
1230 311 1767 373 COMMENTARII
1809 313 1891 374 IN
1929 316 2386 382 PROVERBIA.

3316 332 3452 395 198:2

197 440 282 474 σοι
320 419 564 491 ποίησον,
605 419 695 475 sua
735 423 831 492 τῆς
867 423 1052 476 πασῶν
1080 424 1189 478 τῶν
1220 427 1538 495 πρακτικῶν
1567 428 1761 498 ἀρετῶι

1881 435 2189 499 generalem
2224 436 2474 491 omnium
2506 440 2873 510 practicarum
2909 444 3167 499 virtutum
3201 444 3445 506 dilectio-

194 512 570 582 γενικωτάτης
624 512 882 585 ἀγάπηςῖ
911 514 979 566 δι’
997 509 1118 586 ἦςή
1166 517 1302 587 πρὸς
1331 518 1420 572 τὸν
1448 519 1581 571 Θεὸν
1601 519 1773 588 Λόγον

193 605 388 676 ἀγάπη
419 606 769 676 γνωρίζεται.
1317 610 1319 613 ’

268 703 328 748 ε’.
361 697 597 751 Ἵνα-σε
630 697 864 768 τηρήσῃ
882 701 1001 754 ἀπὸ
1014 702 1299 770 γυναικὸς
1321 703 1646 774 ἀλλοτρίας
1673 705 1775 759 καί

194 786 486 854 πονηρᾶς.
509 790 700 854 Ὅπως
723 807 782 843 σε
813 792 1025 865 φυλάξῃ
1052 792 1160 846 ἀπὸ
1178 793 1474 866 ἐπιθυμίας
1499 796 1622 864 τῆς,
1650 797 1769 849 κατ’

192 877 425 946 ἔλλειψιν
449 880 548 943 μὲν
579 879 678 949 τῆς
705 883 1085 953 σωφροσύνης,
1134 882 1316 954 ἐώσης
1344 886 1442 955 τὴν
1476 886 1772 940 ἀπόλαυσιν

189 967 282 1020 τοῦ
308 971 776 1038 συναρμοσθέντος
825 973 963 1044 αὐτῇ
989 974 1149 1043 λόγου
1189 976 1332 1030 κατά
1355 976 1446 1030 τὸν
1477 978 1641 1048 νόμον
1667 979 1772 1048 τῆς

190 1059 541 1130 ἀνθρωπίνης
573 1062 810 1130 φύσεως,
863 1067 956 1118 καὶ
986 1066 1200 1136 ἐρώσης
1231 1068 1526 1121 ἀπολαύειν
1573 1069 1774 1125 ἀκολά-

191 1170 331 1216 στως
366 1155 464 1223 τῆς
495 1156 808 1222 πολυειδούς
840 1160 960 1212 κατ’
992 1162 1245 1232 αἴσθησιν
1277 1162 1612 1234 προσκαίρου
1643 1165 1770 1235 ήδοο

189 1247 252 1312 νῆ
262 1263 307 1309 ς,
339 1246 462 1298 καθ’
481 1247 788 1322 ὑπερϐολήν
801 1250 856 1303 δέ
874 1252 1070 1315 πόνους
1092 1252 1307 1323 ἐρώσης
1323 1252 1448 1317 τοὺς
1469 1255 1608 1308 κατά
1624 1254 1768 1327 [τήν]

188 1335 298 1389 ἀπὸ
327 1337 434 1389 τῶν
465 1339 635 1408 ήδέων
676 1341 940 1411 ηλιθιὼδη
971 1343 1322 1413 ἐγκράτειαν,
1353 1344 1428 1407 ὡς
1461 1346 1770 1416 μωραίνου-

189 1443 289 1478 σαν
314 1428 372 1479 ἐν
395 1427 472 1497 τῷ
509 1428 582 1498 μὴ
629 1424 768 1482 εῖναι
802 1430 890 1484 διὰ
921 1431 1076 1496 Θεὸν,
1112 1430 1251 1483 ἀλλά
1275 1431 1679 1486 ἐπιδείκνυσθαι
1701 1434 1774 1486 δι’

192 1515 292 1569 ἀνθ
303 1515 502 1586 ρώπων
534 1518 852 1588 ἀρέσκειαν.

269 1607 414 1662 Ἐάν
435 1623 508 1662 σε
518 1611 721 1678 λόγοις
742 1609 862 1676 τοῖς
877 1611 1026 1679 πρὸς
1039 1611 1576 1682 χάρινέμϐἁληται.
1593 1615 1767 1687 Εῐπερ

186 1715 248 1752 σε
283 1701 316 1768 ἡ
351 1700 572 1771 τοιαύτη
590 1702 857 1772 ἐπιθυμία
885 1702 1161 1774 λογισμοῖς
1186 1707 1296 1770 τοῖς
1327 1705 1463 1777 πρὸς
1485 1705 1695 1776 τέρψιν,
1732 1708 1767 1777 ἢ

185 1792 299 1852 τοῖς
327 1789 462 1858 πρὸς
481 1790 700 1844 ἔπαινον
727 1792 1100 1862 ἐμϐιϐάσειεν.

263 1894 336 1946 ς’.
385 1883 526 1936 Ἀπὸ
551 1883 660 1954 γὰρ
695 1885 938 1952 θυρίδος
961 1887 1029 1940 ἐκ
1055 1887 1160 1942 τοῦ
1195 1887 1372 1942 ὀἴκου
1409 1887 1622 1957 αὐτῆς,
1658 1889 1769 1956 -εἰς

184 1975 292 2040 τὰς
319 1976 608 2042 πλατείας
642 1977 1144 2044 παρακύπτουσα.
1221 1980 1355 2034 ’Δπὸ
1381 1984 1492 2051 γάρ
1512 1998 1656 2045 τινος
1685 1982 1769 2034 αἰ-

188 2065 451 2136 σθήσεως,
542 2067 617 2130 ὼς
643 2071 700 2121 ἐν
721 2069 868 2140 οἰκίᾳ
902 2071 1011 2122 τινὶ
1034 2070 1376 2142 ἐνδιατρίϐει,
1421 2072 1768 2143 προκύπτου-

188 2173 257 2210 σα
279 2158 357 2221 είς
385 2159 485 2222 τὰς
526 2161 604 2222 είς
634 2158 908 2214 ἀπώλειαν
956 2161 1200 2230 ἀγούσας
1262 2163 1608 2235 εὐρυχώρους
1664 2164 1767 2235 τῆς

187 2251 481 2314 ἀκολασίας
513 2253 686 2316 ὁδούς.

259 2339 324 2405 ζ’.
359 2345 466 2395 Ὃν
496 2341 574 2397 ἂν
603 2342 702 2411 τδῃ
743 2343 864 2398 τῶν
883 2344 1164 2415 ἀφρόνων
1212 2347 1458 2412 τέκνων,
1517 2349 1765 2403 νεανίαν

183 2431 363 2500 ἐνδεῆ
422 2432 677 2501 φρενῶν.
731 2428 909 2506 ᾯτινι
963 2434 1031 2490 ἂν
1073 2437 1268 2509 ἐντύχῃ
1317 2438 1427 2491 τῶν
1465 2437 1764 2508 ἀλογίστως

187 2522 446 2593 βιούντων
473 2524 572 2594 τῆς
599 2525 874 2590 ἀπωλείας
898 2526 1052 2594 υίῶν,
1079 2531 1145 2599 τῇ
1175 2529 1360 2600 ἡλικίᾳ
1388 2529 1635 2594 νεάζοντι
1659 2531 1756 2586 καὶ

184 2617 304 2679 ταῖς
351 2616 543 2686 φρεσὶν
573 2617 772 2671 ἀτελεῖ.

253 2705 326 2775 η’.
355 2709 927 2777 Παραπορευόμενον
944 2707 1091 2781 [cod.
1109 2709 1307 2782 -ένη]
1335 2712 1494 2780 παρά
1545 2714 1763 2782 γωνίαν

182 2795 255 2846 ἐν
282 2794 506 2862 διόδοις
531 2797 700 2852 οικου
729 2797 938 2866 αὐτῆς.
975 2799 1067 2870 Μὴ
1123 2800 1397 2866 ίθυτενῶς,
1459 2803 1613 2874 παρὰ
1672 2803 1763 2858 τὸν

183 2886 338 2954 λόγον
368 2887 424 2940 δέ
456 2889 554 2958 τῆς
593 2889 940 2962 ἀνθρωπίνης
969 2891 1184 2960 φύσεως
1219 2893 1310 2946 τδν
1339 2893 1528 2967 ὥσπερ
1560 2897 1762 2966 γωνίαν

186 2981 516 3035 συναπτικδν
545 2981 646 3052 τῆς
669 2999 729 3035 τε
756 2984 954 3054 νοητῆς
985 2985 1080 3038 καὶ
1103 2986 1203 3057 τῆς
1235 2988 1499 3059 αἰσθητῆς
1525 2991 1760 3060 φύσεως,

1874 537 2022 591 nem,
2057 540 2154 596 per
2189 543 2354 598 quam
2388 533 2744 604 cognoscitur
2777 549 2932 590 amor
2983 554 3296 596 sermonum
3323 541 3444 598 Dei.

1932 694 2102 752 Vens.
2160 699 2212 754 5.
2250 699 2319 754 Ut
2373 709 2420 756 te
2471 705 2743 758 custodiat
2787 722 2820 760 a
2857 709 3073 764 muliere
3111 721 3364 768 extranea
3397 724 3447 771 et

1874 789 2044 844 mala.
2080 789 2146 846 Ut
2185 779 2419 862 teipsufn
2469 799 2757 855 custodias
2790 815 2818 854 a
2855 804 3178 871 cupiditate,
3229 823 3350 876 quae
3379 825 3444 863 ex

1872 879 2087 936 defectu
2114 884 2417 953 prudentia:
2446 890 2646 955 oritur,
2683 900 2737 946 et
2770 893 3007 963 impellit
3031 898 3101 950 ad
3135 901 3446 970 voluptates

1873 971 1941 1025 ad
1973 988 2114 1042 quas
2151 989 2217 1030 ex
2248 990 2308 1031 se
2335 977 2510 1033 fertur
2541 981 2779 1037 humana
2821 993 3039 1048 natura,
3071 998 3124 1042 et
3154 1006 3276 1059 quae
3301 1002 3448 1046 amat

1872 1062 1982 1117 frui
2035 1066 2392 1124 immoderate
2435 1073 2602 1127 variis
2635 1079 3043 1152 temporalibus
3091 1082 3441 1155 libidinibus;

1872 1161 1933 1207 ut
1965 1163 2016 1210 te
2045 1169 2330 1214 removeas
2360 1161 2428 1214 ab
2457 1176 2518 1216 ea
2557 1178 2680 1232 quae
2707 1180 2774 1219 ex
2814 1167 3038 1224 virtutis
3075 1187 3303 1229 excessu
3335 1178 3446 1230 ori-'

1873 1251 1983 1308 tur,
2009 1245 2331 1315 cupiditate,
2365 1265 2489 1321 qua:
2533 1252 2841 1310 delectatur
2876 1259 3070 1314 insane
3097 1264 3163 1317 de
3191 1266 3442 1335 volupta-

1874 1335 2020 1392 tibus
2075 1342 2370 1409 superatis,
2427 1344 2691 1412 gl’orians,
2734 1363 2843 1402 non
2897 1353 3046 1420 quod
3092 1354 3197 1410 hoc
3230 1359 3301 1411 sit
3331 1357 3443 1414 Deo

1868 1425 2196 1498 jucundum,
2241 1433 2336 1488 sed
2367 1435 2497 1504 quia
2529 1436 2653 1491 inde
2693 1447 2875 1508 potest
2901 1445 3129 1500 exaltari
3154 1448 3297 1517 apud
3338 1450 3442 1505 ho-
3502 1501 3504 1503 .

1869 1532 2066 1575 mines.
3284 1554 3320 1605 ι,

1941 1610 2003 1666 Si
2050 1622 2100 1668 te
2149 1616 2480 1672 sermonibus
2532 1620 2780 1675 adoritur
2827 1627 3100 1694 gratiosis.
3147 1629 3203 1684 Si
3243 1638 3294 1686 te
3324 1633 3443 1689 haec

1873 1702 2150 1771 cupiditas
2175 1708 2524 1766 sermonibus
2564 1713 2863 1784 voluptatis
2887 1719 2972 1773 vel
3004 1722 3278 1791 superbiae
3310 1726 3444 1782 ado-

1871 1793 2064 1848 riatur.

1899 1909 1901 1913 -
1930 1883 2094 1940 Vens.
2130 1887 2184 1942 6.
2239 1887 2318 1944 De
2362 1891 2596 1960 fenestra
2625 1895 2786 1960 enim,
2814 1912 2841 1949 e
2878 1896 3034 1952 domo
3063 1916 3184 1965 sua,
3219 1902 3275 1955 in
3323 1903 3445 1972 pla-

1870 1981 1980 2029 teas
2060 1979 2408 2046 prospiciens.
2459 1982 2629 2047 Quasi
2687 1985 2754 2040 de
2810 1985 3075 2055 fenestra,
3130 1989 3200 2045 de
3251 1993 3436 2062 aliquo

1867 2078 2033 2120 sensu
2074 2069 2250 2136 partis
2286 2073 2591 2139 sensitivae,
2620 2074 2676 2127 in
2709 2090 2818 2144 qua
2855 2077 3024 2132 veluti
3065 2082 3120 2133 in
3142 2079 3305 2135 domo
3341 2083 3442 2135 ha-

1865 2155 2028 2222 bitat,
2056 2163 2423 2230 prospiciens,
2455 2164 2510 2218 in
2545 2165 2725 2236 largas
2776 2167 3159 2228 dissolutionis
3187 2173 3323 2238 vias,
3360 2172 3442 2229 fe-

1865 2255 2052 2305 rentes
2081 2252 2147 2306 ad
2185 2264 2440 2308 mortem.

1927 2338 2097 2396 Vens.
2130 2342 2180 2396 7.
2216 2342 2279 2400 Si
2333 2361 2488 2416 quem
2536 2346 2676 2402 videt
2706 2348 3106 2406 insensatorum
3129 2369 3438 2422 puerorum,

1861 2433 2105 2504 juvenem
2156 2436 2439 2505 prudentia
2487 2442 2820 2496 destitutum.
2865 2442 2923 2497 Si
2970 2447 3059 2499 cui
3107 2450 3435 2514 occurrerit,

1864 2525 2194 2594 perditionis
2222 2527 2459 2584 ﬁliorum
2494 2547 2603 2586 non
2642 2543 2792 2590 recte
2821 2537 3248 2604 ambulantium,
3276 2549 3438 2597 aetate

1859 2614 2070 2684 juveni,
2099 2622 2397 2688 prudentia
2417 2637 2602 2692 parvo.

1926 2707 2093 2766 Vsus.
2126 2713 2178 2768 8.
2248 2715 2628 2770 Transeuntem
2681 2718 2842 2786 juxta
2893 2716 3170 2790 angulum,
3243 2724 3298 2777 in
3340 2725 3437 2778 viis

1864 2801 2049 2857 domus
2080 2805 2217 2874 ejus.
2260 2805 2340 2876 (Si
2393 2811 2662 2880 occurrit)
2693 2811 2858 2866 alicui
2892 2813 3127 2868 [Iliorum
3159 2831 3263 2869 non
3292 2826 3438 2873 recte

1863 2896 2258 2965 ambulantium
2317 2899 2473 2968 juxta
2536 2916 2847 2958 sermonem
2907 2905 3159 2961 humanae
3204 2918 3436 2972 natura},

1857 2984 2176 3056 jungentem
2212 2989 2357 3044 inter
2409 3005 2468 3045 se
2493 2998 2752 3061 tanquam
2802 2995 3086 3064 angulum,
3139 3004 3194 3050 et
3228 3006 3434 3067 partem

182 3071 281 3143 τὴν
334 3074 536 3141 γνῶσιν
586 3076 693 3128 τῶν
738 3077 1015 3148 αἰσθητῶν
1057 3079 1192 3134 υἰῶν
1241 3080 1665 3155 διεξερχομένων
1699 3089 1758 3141 ἐν

1878 3078 2172 3147 spiritalem
2202 3085 2258 3133 et
2300 3091 2508 3150 partem
2539 3084 2910 3153 corporalem,
2951 3094 3006 3140 et
3057 3087 3222 3142 rebus
3260 3089 3436 3143 sensi-

179 3166 300 3226 ταῖς
347 3165 645 3236 ἐνεργείαις
682 3173 822 3230 ταῖς·
869 3170 1011 3224 κατά
1070 3172 1140 3225 τὰ
1191 3173 1518 3246 αἰσθητήρια
1545 3193 1558 3206 ·
1605 3177 1764 3234 ἀτινά

181 3256 290 3308 είσι
323 3257 460 3324 πρὸς
493 3257 560 3310 τὰ
591 3258 829 3330 αἰσθητά
857 3262 967 3315 ὁδοὶ
991 3262 1104 3316 τῶν
1138 3265 1444 3337 αἰσθήσεων
1470 3286 1484 3302 ο
1541 3264 1631 3335 αἷς
1687 3272 1763 3338 ὡς

180 3345 243 3400 ἐν
263 3363 404 3401 τισιν
428 3349 600 3411 οἴκοις
627 3349 767 3424 αὕτη
802 3352 1155 3425 ἐνδιατρίϐει.

250 3527 314 3582 θ’.
351 3529 460 3583 Καὶ
486 3531 798 3585 λαλοῦντα
823 3532 894 3586 ἐν
932 3536 1142 3590 σκότει
1185 3537 1500 3607 ἐσπερινῷ.
1563 3544 1670 3597 Καὶ
1693 3537 1761 3612 ᾧ·

183 3638 289 3674 τινι
319 3621 744 3692 διαλογιζομένῳ
781 3625 838 3677 ἐν
856 3625 1040 3679 σκότει
1084 3628 1332 3696 ἀγνοίας,
1367 3631 1534 3699 μεθ’δ
1558 3633 1623 3686 ἂν
1658 3635 1760 3688 ὑπὸ

185 3708 282 3782 τὴν
331 3712 516 3781 γήϊνον
578 3713 758 3780 σάρκα
795 3715 1046 3785 κρυὸῶσι
1097 3719 1238 3771 κατὰ
1269 3719 1368 3791 τὴν
1403 3721 1531 3790 περί
1559 3723 1760 3793 ταύτην

184 3800 369 3868 σχέσιν
402 3800 590 3864 αὑτοῦ,
623 3802 680 3854 αί
711 3802 1100 3871 διαυγάζουσαι
1128 3807 1304 3879 τούτῳ
1335 3809 1434 3881 τήν
1489 3810 1605 3864 ὁδὸν
1663 3812 1761 3883 τῆς

180 3889 525 3962 δικαιοσύνης
565 3892 705 3946 θεῖαι
732 3895 976 3963 ἐντολαὶ,
1022 3897 1212 3970 ὥσπερ
1261 3900 1364 3954 ὑπὸ
1397 3901 1500 3971 γῆν
1544 3903 1760 3968 ἀκτῖνες

179 3981 425 4052 ήλιακαί.

269 4073 467 4128 Ἠνίκα
521 4076 599 4129 ἂν
639 4077 873 4146 ’ἡσυχία
915 4078 1238 4148 νυκτερινὴ
1266 4077 1308 4152 ᾖ
1342 4081 1441 4138 καὶ
1472 4081 1754 4152 ζοφώδης.

193 4165 459 4238 Ὀπηνίκα
482 4170 557 4239 μὴ
585 4169 949 4238 διαλογίζεταί
985 4189 1040 4225 τι
1079 4173 1333 4243 χρηστὸν,
1363 4174 1432 4227 δι’
1485 4176 1756 4245 ἀγνωσίαν

181 4259 272 4310 καὶ
299 4259 562 4328 ἀορασίαν
591 4247 684 4312 τού
729 4260 897 4323 ὅντως
926 4263 1117 4316 καλοῦ.

256 4353 306 4401 ι’.
343 4350 402 4402 Ἠ
434 4350 503 4401 δὲ
550 4349 706 4418 γυνὴ
756 4353 1030 4420 συναντᾷ
1081 4353 1260 4420 αὐτῷ,
1309 4353 1468 4424 ετδος
1523 4358 1754 4428 ἔχουσα

1866 3166 2009 3221 libus
2054 3170 2390 3234 inhaerendo,
2453 3186 2713 3227 sensuum
2771 3174 3056 3228 scientiam
3103 3176 3435 3243 colentium;

1863 3274 1952 3314 res
1976 3261 2122 3314 enim
2178 3263 2414 3318 sensiles
2469 3273 2597 3318 sunt
2656 3266 2913 3321 sensibus
2960 3267 3210 3335 quaedam
3243 3271 3342 3323 viae
3369 3270 3437 3323 ad

1862 3351 2195 3421 voluptates,
2238 3352 2293 3406 in
2349 3354 2550 3423 quibus
2603 3355 2770 3410 veluti
2830 3357 2884 3410 in
2922 3357 3180 3414 domibus
3227 3359 3436 3414 habitat

1862 3439 1975 3494 illa.

1927 3529 2094 3588 Vsus.
2147 3532 2201 3586 9.
2256 3529 2325 3585 Et
2357 3533 2652 3603 loquentem
2699 3537 2755 3590 in
2804 3536 3048 3603 tenebris,
3105 3553 3332 3606 vespere.
3370 3539 3437 3594 Et

1860 3620 2113 3692 loquenti
2166 3624 2221 3678 in
2248 3625 2576 3695 ignorantiae
2619 3627 2884 3693 tenebris,
2934 3629 3138 3698 quibus
3178 3629 3435 3685 duranti-

1860 3711 1988 3774 bus,
2019 3715 2177 3782 quasi
2213 3716 2350 3769 radii
2383 3716 2598 3771 solares
2630 3718 2734 3772 sub
2775 3728 2944 3783 terra,
2979 3719 3052 3772 ita
3084 3719 3188 3774 sub
3218 3729 3434 3793 terrena

1861 3817 2050 3866 carne,
2104 3815 2327 3873 propter
2379 3808 2500 3874 ejus
2546 3810 2599 3862 in
2641 3824 2760 3862 eam
2793 3809 3166 3876 dilectionem,
3203 3811 3434 3866 abscon-

1861 3891 2068 3947 duntur
2127 3895 2312 3950 divina
2357 3907 2648 3968 praecepta,
2706 3901 2785 3955 illi
2838 3902 2982 3955 viam
3030 3901 3261 3971 justitiae
3304 3904 3434 3957 illu-

1858 3987 2108 4049 strantia.

1845 4097 1853 4104 ·
1928 4078 2156 4145 Quando
2184 4080 2458 4134 silentium
2493 4083 2663 4136 noctis
2698 4092 2746 4137 et
2785 4083 3079 4138 obscuritas
3111 4085 3269 4138 venit.
3296 4083 3430 4140 Cum

1858 4170 1995 4224 nihil
2062 4171 2192 4226 boni
2241 4179 2387 4243 agat,
2429 4174 2500 4228 ob
2529 4175 2900 4244 ignorantiam
2953 4178 3065 4232 veri
3104 4177 3235 4232 boni
3282 4179 3430 4247 quod

1859 4277 1967 4317 non
2008 4262 2178 4318 videt.
3487 4268 3489 4270 ’

1923 4353 2089 4410 Vens.
2123 4356 2211 4409 10.
2275 4355 2474 4411 Mulier
2499 4366 2626 4410 tunc
2661 4359 2896 4412 occurrit
2929 4360 3032 4428 illi,
3097 4362 3292 4430 [aciem
3333 4363 3430 4416 lia-

179 4443 492 4505 πορνικόν.
543 4441 605 4493 Ἦ
639 4443 863 4513 τοιαύτη
895 4446 1159 4515 ἐπιθυμία
1188 4447 1400 4519 ὑπαντᾷ
1436 4449 1610 4518 αὐτῷ,
1660 4453 1753 4522 δρ-

1878 4463 1980 4500 νεηι
2028 4449 2345 4528 meretricis.
2387 4447 2543 4504 Tunc
2609 4451 2701 4505 illa
2750 4451 3022 4520 cupiditas
3063 4457 3308 4510 occurrit
3343 4455 3430 4525 ju-

183 4531 356 4600 μῶντι
388 4531 524 4601 πρὸς
553 4533 720 4603 αὐτὴν
745 4535 888 4588 κατά
919 4537 1166 4608 γνώμην,
1197 4540 1414 4594 εἴδωλον
1427 4543 1754 4614 περιφέρου-

180 4639 254 4674 σα
284 4623 585 4693 ἁμαρτίας,
626 4627 690 4678 ἐκ
741 4628 835 4680 τοῦ
872 4631 1062 4701 πόρρω
1111 4630 1298 4686 νεῦσαι
1342 4634 1435 4687 τοῦ
1481 4635 1754 4708 σώφρονος

174 4713 460 4784 λογισμοῦ.

253 4812 325 4862 Ἦ
375 4812 535 4863 ποιεῖ
567 4811 720 4864 νέων
754 4813 1110 4877 ἐξίπτασθαι
1149 4817 1418 4883 καρδίας.
1451 4817 1611 4881 Ἤτις
1632 4820 1753 4872 ἐπι-

176 4899 344 4968 θυμία
381 4903 790 4970 παρασκευάζει
825 4905 924 4975 μὲν
949 4906 1050 4969 τὰς
1093 4906 1330 4971 διανοίας
1382 4916 1491 4961 τῶν
1527 4911 1601 4980 μὴ
1659 4913 1750 4980 βε-

175 4990 421 5059 6ηκὸτων
468 4994 568 5056 τὰς
601 4983 850 5064 ’φρένας,
907 4997 1073 5063 ὀξέως
1113 4997 1374 5069 φέρεσθαι
1397 5000 1533 5070 πρὸς
1567 5000 1748 5073 ἀμαρ-

167 5082 310 5145 τίας.

245 5180 333 5227 ια’.
386 5175 872 5247 Ἀνεπτερωμέφη
897 5178 964 5232 δέ
992 5180 1122 5233 ἐστι
1149 5181 1243 5234 καί
1274 5181 1524 5248 ἄσωτος.
1543 5183 1748 5253 Ὑπάρ-

169 5281 254 5334 κει
279 5264 333 5317 δὲ
367 5259 501 5336 πρὸς
532 5268 629 5338 μὲν
665 5269 868 5339 ταύτην
897 5271 1136 5339 ὁργῶσα,
1171 5271 1268 5326 τοῦ
1310 5273 1368 5326 δέ
1407 5275 1549 5326 κατὰ
1570 5273 1746 5346 ψυχὴν

171 5355 400 5410 πλούτου
431 5359 797 5432 δαπανητική.

250 5447 346 5499 Ἐν
377 5448 530 5512 Olmp-
551 5447 619 5501 δὲ
647 5453 761 5519 οὺχ
783 5452 1196 5521 ἡσυχάζουσιν
1232 5458 1286 5508 ol
1324 5455 1505 5522 πόδες
1532 5457 1742 5526 αὐτῆς.

180 5539 267 5590 Ἐν
302 5532 414 5612 ᾗδὲ
437 5541 510 5602 ὡς
542 5542 598 5593 ἐν
634 5543 770 5610 οἴκῳ
828 5545 929 5596 τινί
959 5545 1218 5615 διατρίϐει
1261 5537 1530 5618 αἰσθήσει,
1561 5549 1619 5602 ού
1651 5551 1743 5619 μέ-

163 5646 345 5681 νουσιν
368 5632 421 5682 αἰ
461 5633 702 5700 κινήσεις
731 5633 897 5701 αὐτῆς
921 5635 1267 5704 ἁμετάὸατοι.

238 5717 321 5786 ιβ’.
357 5721 585 5788 Χρόνον
615 5723 724 5791 γάρ
756 5741 884 5777 τινα
935 5726 1051 5788 ἔξω
1099 5725 1397 5796 ῥέμϐεται.
1449 5731 1584 5783 Ποτέ
1642 5732 1739 5802 μὲν

1855 4537 2004 4602 veni,
2057 4554 2121 4592 ex
2166 4540 2334 4594 corde
2370 4541 2705 4606 accurrenti,
2745 4540 2930 4597 ferens
2963 4543 3156 4598 faciem
3194 4549 3427 4615 peccati,

1855 4641 1919 4680 ex
1954 4641 2022 4682 eo
2048 4628 2195 4698 quod
2227 4629 2391 4700 longe
2417 4631 2542 4685 ierit
2569 4647 2599 4685 a
2625 4639 2776 4687 recto
2811 4648 3082 4690 sermone.
3221 4627 3230 4632 ’

1927 4813 2056 4869 Haec
2098 4816 2230 4882 facit
2269 4817 2488 4886 juvenes
2519 4819 2734 4875 avolare
2778 4839 2810 4877 a
2841 4825 3016 4879 corde.
3063 4824 3188 4880 Haec
3212 4828 3426 4896 cupidi-

1853 4917 1937 4962 tas
1993 4916 2203 4964 mentes
2253 4925 2443 4965 eorum
2500 4913 2593 4982 qui
2645 4915 2932 4984 prudentia
2972 4933 3081 4972 non
3143 4918 3428 4972 ﬁrmantur

1853 4995 2124 5066 disponit,
2160 5008 2220 5052 ut
2253 5009 2504 5072 prompte
2549 5003 2614 5057 ad
2646 5015 2870 5074 peccata
2903 5022 3195 5075 prorumpa
3209 5014 3282 5059 nt.

1920 5192 2089 5250 Vens.
2125 5197 2214 5250 Η.
2253 5198 2512 5254 Animata
2547 5211 2597 5256 et
2627 5203 2897 5268 dissipata
2934 5213 3033 5258 est.
3068 5201 3232 5258 Venit
3267 5203 3332 5258 ad
3361 5204 3425 5258 il-

1850 5287 1960 5343 lum
2002 5290 2283 5359 pruriens,
2305 5293 2639 5363 spiritalium
2672 5295 2990 5349 divitiarum
3027 5296 3346 5366 dissipator.

1921 5463 1986 5517 In
2015 5465 2173 5521 domo
2205 5484 2309 5522 non
2345 5481 2490 5523 stant
2511 5470 2666 5538 pedes
2699 5471 2835 5540 ejus.
2859 5469 2918 5524 In
2951 5482 3102 5541 parte
3131 5473 3417 5536 sensitiva,

1813 5597 1816 5599 .
1849 5553 1902 5606 in
1931 5570 2037 5624 qua
2075 5559 2245 5612 veluti
2274 5561 2438 5614 domo
2464 5560 2694 5627 habitat,
2738 5562 3032 5619 immobilis
3058 5579 3160 5618 non
3197 5577 3419 5620 manent

1850 5645 2014 5715 pedes
2045 5648 2186 5716 ejus.

1924 5737 2087 5795 Vens.
2153 5741 2239 5795 1‘2.
2300 5742 2402 5797 Per
2433 5743 2651 5814 aliquod
2698 5755 2896 5816 tempus
2927 5746 3072 5818 foras
3099 5749 3415 5803 errabunda.
