3960 6230
507 408 640 473 1291
1793 387 2144 460 PROCOPII
2199 403 2439 462 GAzm
3605 401 3708 468 μοι

514 523 857 596 disciplinam
904 535 1004 593 pro
1036 519 1187 592 praxi
1220 519 1404 574 utilem
1457 527 1510 575 et
1561 519 1800 574 animam
1837 533 1963 572 cum
2001 519 2077 571 la-

2142 547 2153 578 ι
2185 520 2382 584 κακίας
2414 519 2647 588 κηλίδων
2677 518 2775 587 τὴν
2799 517 2976 590 ψυχὴν
3006 517 3438 590 ἐκκαθαίρουσαν
3474 517 3706 590 ὠφέλιμον

509 618 642 673 bore
673 631 702 670 a
726 612 1016 686 pravitatis
1045 611 1278 668 maculis
1319 611 1726 694 puriﬁcantem.

1639 627 1726 666 nn.
2191 607 2328 660 κατὰ
2360 607 2557 679 πρᾶξιν
2584 607 2692 662 τῶν
2721 608 2934 678 ἀρετῶν
2961 608 3203 678 ἀγωγήν.

582 705 650 761 Et
683 705 957 760 scientiam
1001 717 1113 772 pra:
1146 719 1282 757 auro
1313 701 1558 771 probato.
1594 701 1771 772 Super
1806 716 1997 756 aurum
2031 703 2086 756 in

2260 697 2369 752 Kal
2430 697 2658 768 γνῶσιν
2713 698 2865 768 ὑπὲρ
2922 700 3180 768 χρυσίον
3224 697 3709 768 δεδοκιμασμένον.

509 795 634 867 igne
685 793 1000 865 probatum,
1054 793 1236 848 lumen
1291 791 1555 858 scientiae,
1610 792 1922 848 nullomodo
1967 792 2073 864 igni

2204 788 2375 858 Ὑπὲρ
2397 789 2454 840 δὲ
2474 789 2694 858 χρυσίον
2727 789 3054 860 δοκιμασοὲν
3084 791 3143 843 ἐν
3169 791 3322 859 πυρὶ,
3346 789 3458 855 φῶς
3478 791 3710 858 γνώσεως,

509 882 998 938 involuntariarum
1033 882 1394 946 tentationum
1427 880 1704 938 deficiens.
1812 923 1814 926 -

2190 881 2253 950 τῇ
2282 879 2496 950 καμίνῳ
2525 879 2634 933 τῶν
2665 879 2932 934 ἀκουσίων
2966 881 3290 951 πειρασμῶν
3316 879 3569 950 μηδαμῶς
3589 879 3714 933 ἐλατ-

2190 987 2281 1023 του
2290 987 2473 1024 μενον.

575 1057 837 1130 Conﬁdite
865 1058 1230 1130 intelligentia:
1253 1066 1310 1113 ut
1333 1075 1464 1113 auro
1493 1074 1646 1128 puro.
1683 1058 1952 1114 Conﬁdite
1980 1072 2088 1114 non

2190 989 2281 1023 του
2332 989 2473 1024 ενον.

2271 989 2710 1131 Ἀἰντερείδεσθε
2764 1061 2833 1116 δὲ
2863 1063 3163 1131 αἰσθήσει,
3186 1062 3444 1132 χρυσίου
3476 1064 3718 1130 καθαροῦ.

515 1163 608 1218 spe
636 1150 757 1219 puri
806 1149 928 1203 auri
985 1164 1016 1203 a
1066 1149 1228 1204 vobis
1288 1150 1662 1213 thesaurisati,
1725 1149 1819 1204 sed
1893 1149 2079 1203 discre-

2201 1153 2346 1206 Ἀντί
2384 1153 2478 1207 τοῦ
2527 1153 2854 1224 Στηρίξεσθε
2892 1155 3069 1208 ἐλπίδι
3113 1155 3206 1207 τοῦ
3262 1154 3720 1225 τεθησαυρισμένον

507 1242 643 1295 tione
685 1258 868 1296 eorum
895 1257 1012 1312 quae
1033 1250 1153 1295 ante
1169 1241 1346 1295 oculos
1363 1249 1506 1304 sunt,
1535 1251 1654 1294 orta
1680 1258 1710 1294 a
1734 1240 1888 1294 bona.
1923 1238 1992 1295 Ut
2018 1241 2071 1295 ol

2191 1245 2318 1316 ὑμῖν
2347 1246 2634 1315 ἁκιϐδήλου
2661 1246 2887 1317 χρυσίου
2913 1263 2926 1276 ⁸
2965 1249 3028 1317 τῇ
3060 1248 3124 1300 ὲκ
3152 1246 3246 1301 τοῦ
3272 1247 3476 1315 ἀγαθοῦ
3498 1247 3584 1300 τοῦ
3607 1250 3725 1299 ἐναν·

505 1335 869 1404 ignorantiam
901 1348 1012 1388 non
1048 1331 1304 1389 incidatis
1338 1332 1393 1386 in
1427 1332 1726 1404 praecipitia
1749 1339 1804 1387 et
1828 1332 2069 1403 abyssun

2189 1333 2306 1385 τίου
2329 1333 2631 1402 διακρίσει·
2669 1333 3010 1403 στηρίζεσθε,
3042 1334 3180 1386 ὥστε
3209 1335 3281 1405 μὴ
3309 1337 3652 1388 καταπίπτειν
3683 1335 3725 1400 ἐξ

507 1428 749 1480 malum.
2189 1418 2430 1488 ἀγνοίας,
2467 1421 2546 1484 είς
2573 1421 2853 1492 κρημνοὺς
2881 1422 3078 1486 κακίας
3111 1425 3205 1476 καὶ
3239 1424 3512 1495 βάραθρα.

575 1517 743 1572 Vens.
771 1517 856 1571 Η.
891 1513 1080 1570 Melior
1115 1523 1193 1571 est
1224 1515 1364 1569 enim
1405 1514 1674 1584 sapientia
1715 1513 1934 1584 gemmis
1965 1498 2110 1583 pre-1

2267 1507 2354 1564 ια’.
2410 1511 2721 1579 Κρείσσων
2776 1513 2888 1581 γὰρ
2929 1515 3117 1582 σοφία
3154 1517 3342 1568 λίθων
3389 1517 3723 1570 πολυτελῶν.

508 1609 672 1662 tiaris.
710 1607 898 1663 Melior
926 1615 1012 1662 est
1040 1605 1186 1660 enim
1243 1620 1450 1669 sermo,
1501 1607 1592 1675 qui
1625 1604 1828 1659 malum
1867 1620 1897 1659 a
1945 1605 2072 1661 boni

2190 1601 2439 1656 Καλλίων
2474 1603 2581 1673 γὰρ
2611 1605 2639 1656 ό
2666 1603 2727 1656 τὸ
2754 1607 2935 1674 χεῖρον
2969 1605 3298 1677 ἀποδιαιρῶν
3327 1607 3423 1660 τοῦ
3462 1608 3727 1679 κρείττονος

503 1698 786 1760 discernit,
813 1697 1084 1768 lapidibus
1115 1697 1202 1752 vel
1231 1695 1666 1766 pretiosissimis.

2189 1692 2364 1761 λόγος,
2403 1692 2498 1746 καὶ
2531 1692 2638 1746 τῶν
2667 1694 2979 1765 πολυτίμων
3011 1695 3177 1750 λίθων
3207 1697 3410 1759 αὐτῶν.

573 1790 742 1845 Omne
771 1789 1096 1855 honorabile,
1131 1806 1234 1843 non
1271 1797 1348 1844 est
1381 1789 1526 1844 illius
1557 1789 1798 1860 dignum.
1828 1788 1967 1854 Quia
2003 1789 2086 1843 ni-
2116 1854 2137 1860 _

2258 1784 2388 1842 Πᾶν
2428 1784 2496 1838 δὲ
2547 1786 2762 1857 τίμιον,
2801 1789 2931 1852 οὐκ,
2971 1788 3145 1850 ἀξιον
3184 1790 3376 1858 αὐτῆς
3414 1791 3596 1844 ἐστιν.
3631 1790 3724 1842 Ὀτι

507 1883 578 1938 hil
633 1881 939 1952 comparari
984 1891 1162 1951 potest
1209 1895 1276 1937 ex
1318 1881 1388 1937 iis
1423 1897 1545 1952 qua:
1576 1881 1731 1936 vobis
1765 1881 2071 1936 aestimanda

2187 1881 2376 1936 τούτου
2425 1883 2576 1963 ούδὲν
2628 1883 2736 1938 τῶν
2791 1887 2920 1956 παρ’
2967 1887 3098 1956 ὑμῖν
3136 1886 3332 1956 τιμίων
3381 1883 3641 1949 ἀντάξιον,
3684 1882 3729 1943 ὃς

504 1977 776 2040 videntur,
809 1975 1047 2031 sermoni
1081 1975 1160 2030 illi
1189 1975 1283 2046 qui
1323 1975 1439 2032 haec
1484 1977 1676 2033 edocet
1712 1991 1807 2047 per
1837 1975 2068 2047 Scriptor

2186 1974 2310 2028 τάδε
2373 1975 2611 2028 διδάσκει
2663 1975 2730 2028 δι’
2777 1977 2905 2046 ὅλης
2956 1978 3052 2049 τῆς
3103 1979 3323 2048 Γραφῆς
3369 1979 3464 2030 καὶ
3509 1977 3600 2047 τῆς
3646 1976 3731 2046 φύ-

507 2083 620 2123 ram
650 2076 700 2122 ρι
731 2076 980 2122 naturam
990 2105 1004 2120 .

858 2081 1004 2122 iram.
2189 2080 2347 2128 σεως.
2409 2095 2422 2106 ε

573 2159 738 2214 Vens.
777 2157 864 2212 12.
926 2155 1036 2228 Ego
1068 2157 1331 2226 sapientia
1359 2156 1540 2210 habito
1573 2156 1629 2211 in
1657 2158 1902 2213 consilio.
1967 2157 2078 2226 Ego

2196 2227 2202 2234 ,
2256 2156 2343 2226 ιβ’·
2388 2156 2536 2225 Ἐγὼ
2565 2157 2603 2226 ’ἦ
2629 2157 2820 2226 σοφία
2849 2157 3288 2226 κατεσκήνωσα
3311 2159 3575 2224 βουλήν.
3616 2154 3733 2222 Ἐγὼ

502 2247 595 2302 Dei
614 2247 850 2304 Verbum
868 2248 921 2301 in
949 2247 1235 2302 animabus
1266 2247 1320 2301 in
1349 2261 1436 2302 me
1468 2247 1818 2303 credentibus
1847 2247 2066 2302 aedifica

2184 2247 2211 2300 ὁ
2235 2247 2329 2300 τοῦ
2362 2245 2496 2300 Θεοῦ
2531 2247 2705 2316 Λόγος
2746 2249 2803 2300 ἐν
2836 2251 2958 2312 ταῖς
2987 2248 3096 2302 τῶν
3123 2250 3490 2303 πιστευόντων
3531 2265 3616 2318 μοι
3648 2247 3730 2316 ψυ-

503 2341 553 2394 vi
585 2347 644 2394 ut
671 2337 1078 2394 tabernaculum
1109 2336 1233 2392 illas
1282 2336 1601 2391 custodiens
1655 2352 1685 2390 a
1744 2335 1971 2390 maculis
2015 2335 2067 2390 al

2183 2339 2306 2409 χαῖς
2330 2337 2619 2408 ἐπηξᾶμην
2646 2338 2745 2409 τὴν
2774 2337 2850 2401 ὥς
2877 2355 2998 2394 τινα
3029 2339 3232 2410 σκηνὴν
3265 2341 3636 2409 φυλάττουσαν
3659 2338 3735 2390 αὖ·

501 2433 627 2503 igne
657 2429 1014 2501 cupiditatum
1049 2429 1421 2496 venientibus,
1453 2431 1674 2486 virtutis
1715 2437 1770 2484 et
1799 2428 2065 2500 pravitati:

2182 2427 2282 2490 τὰς
2311 2427 2589 2498 ἀνωτέρας
2617 2427 2718 2498 τῆς
2747 2428 2812 2482 ἐκ
2844 2425 2938 2482 τοῦ
2965 2429 3208 2500 φλογμοῦ
3233 2431 3344 2484 τῶν
3372 2430 3562 2484 παθῶν
3595 2429 3734 2500 μελα-

502 2525 914 2582 discretionem.

2183 2514 2423 2582 νὼσεως,
2459 2515 2660 2587 ἀρετῆς
2685 2519 2780 2571 καὶ
2815 2519 3017 2582 κακίας
3055 2519 3349 2590 διάκρισιν.

571 2616 640 2672 Et
667 2615 940 2670 scientiam
962 2621 1011 2668 et
1045 2611 1446 2685 intelligentiam
1473 2627 1564 2682 ego
1590 2611 1790 2666 vocavi.
1818 2610 1884 2664 Et
1902 2626 2082 2666 rerum

2255 2609 2365 2663 Kal
2414 2607 2642 2678 γνῶσιν
2690 2611 2789 2663 καὶ
2839 2609 3084 2664 ἔννοιαν
3128 2611 3242 2680 ἐγὼ
3277 2609 3731 2677 ὲπεκαλεσάμην.

503 2705 816 2774 scientiam,
847 2719 955 2776 qua
992 2704 1176 2760 omnia
1212 2711 1363 2768 sunt,
1394 2711 1449 2758 et
1490 2703 1913 2772 intelligentiam
1961 2719 2067 2772 qua

2184 2699 2297 2753 Καὶ
2331 2698 2430 2771 τὴν
2474 2700 2583 2753 τῶν
2616 2699 2786 2754 ὄντων
2821 2701 3041 2769 γνῶσιν,
3076 2695 3261 2772 ᾖὸντα
3300 2703 3428 2767 elei,
3463 2705 3556 2756 καὶ
3579 2701 3664 2772 τὴν
3690 2700 3733 2763 ἐξ

502 2812 567 2852 ex
599 2795 705 2851 illis
734 2794 881 2850 circa
916 2807 1002 2850 me
1053 2791 1248 2860 Deum,
1306 2793 1548 2848 omnium
1587 2801 1870 2848 auctorem
1902 2794 2048 2847 venit

2183 2791 2362 2845 αὐτῶν
2391 2793 2522 2861 περὶ
2571 2792 2704 2863 ἐμοῦ
2743 2791 2838 2845 τοῦ
2891 2793 3109 2846 πάντων
3145 2793 3317 2846 αἰτίου
3363 2793 3524 2860 Θεοῦ,
3559 2793 3734 2846 ἔννοιαν

496 2889 764 2944 constitui
819 2888 876 2944 in
926 2888 1213 2944 animabus
1290 2901 1412 2957 quae
1464 2888 1519 2942 in
1579 2901 1665 2941 me
1723 2887 1977 2954 credunt,
2029 2903 2060 2941 c

2185 2882 2600 2954 ἐφειλκυσάμην
2630 2884 2820 2947 αὑταῖς
2855 2883 3168 2948 πιστευθεὶς
3201 2885 3300 2958 ὑπ’.
3329 2886 3532 2950 αὐτῶν,
3566 2885 3650 2938 καὶ
3675 2885 3734 2946 είς

501 2997 597 3037 eas
640 2983 695 3037 in
747 2981 1030 3046 moralem,
1063 2981 1368 3037 naturalem
1411 2988 1466 3036 et
1512 2979 1871 3050 theologicam
1911 2980 2062 3050 philo

2183 2973 2382 3044 ἠθικὴν
2415 2974 2508 3029 καὶ
2535 2977 2771 3046 φυσικὴν
2798 2979 2894 3029 καὶ
2919 2975 3237 3049 θεολογικὴν
3282 2978 3602 3048 φιλοσοφίαν
3625 2975 3731 3031 ταύ-

502 3076 748 3147 sophiam
782 3075 1080 3132 introduxi.

1056 3076 1080 3132 ζ,
2184 3079 2284 3126 τας
2316 3061 2620 3132 ἐναγαγών.

576 3191 738 3248 Vens.
773 3191 858 3246 15.
915 3188 1096 3244 Timor
1124 3187 1340 3243 Domini
1395 3185 1504 3241 odit
1552 3185 1896 3257 injustitiam,
1928 3203 2079 3241 arro-
2105 3192 2140 3256 ε

2255 3181 2342 3245 ιγ’.
2371 3176 2558 3241 Φόϐος
2591 3177 2813 3244 Κυρίου
2846 3176 3016 3247 μισεῖ
3050 3177 3310 3239 ἀδικίαν.
3352 3179 3527 3246 ὕϐριν
3565 3193 3624 3231 τε
3657 3175 3735 3229 καί

501 3282 739 3353 gantiam
766 3290 816 3334 et
845 3279 1147 3350 superbiam
1173 3287 1223 3333 et
1251 3279 1363 3333 vias
1389 3277 1654 3339 malorum
1683 3286 1734 3331 et
1753 3293 1811 3332 os
1835 3277 2063 3348 bilingue

2191 3269 2630 3337 ὑπερηφανίαν,
2649 3269 2748 3323 καὶ
2771 3269 2951 3336 ὀδοὺς
2975 3272 3272 3339 πονηρῶν,
3294 3273 3393 3326 καί
3426 3274 3612 3340 στόμα
3633 3271 3735 3324 dat-

503 3371 690 3428 Timor
753 3370 846 3424 Dei
936 3368 1182 3425 omnium
1248 3368 1490 3432 Domini,
1592 3382 1756 3424 omne
1836 3369 2067 3438 iniquun

2191 3375 2362 3413 στον.
2380 3359 2436 3412 ὐ
2453 3358 2613 3426 φόϐος
2625 3360 2682 3413 δὲ
2696 3361 2907 3426 τούτου,
2921 3361 3015 3414 τοῦ
3035 3361 3144 3414 τῶν
3155 3362 3291 3416 ὅλων
3307 3364 3603 3425 Δεσπότου,
3617 3363 3735 3414 ἅπαν

501 3464 650 3530 odit;
675 3462 871 3530 loquor
899 3461 966 3516 de
1025 3459 1410 3523 inhonorante,
1445 3459 1768 3514 rationalem
1807 3466 2058 3514 naturam

2192 3450 2502 3522 παράλογον
2515 3452 2937 3522 ἀποστρέφεταιο
2960 3455 3104 3523 φημὶ
3115 3454 3180 3524 δὴ
3195 3455 3293 3524 τήν
3314 3471 3374 3508 τε
3395 3456 3516 3510 κατ’
3533 3451 3736 3522 ἔλλειψιν

502 3570 570 3610 ex
589 3554 802 3610 defectu
827 3552 1068 3618 virtutis,
1087 3550 1619 3622 malitia.-—Loquor
1641 3551 1710 3607 de
1737 3552 2014 3622 superbia,
2033 3568 2063 3607 e

2192 3543 2289 3614 τῆς
2319 3544 2519 3615 ἀρετῆς
2563 3545 2882 3614 ἀτιμοποιδν
2913 3547 3012 3616 τῆς
3044 3546 3268 3616 λογικῆς
3298 3546 3520 3615 φύσεως
3548 3545 3735 3607 κακίαν,

503 3662 614 3702 non
642 3644 952 3700 rationabili
988 3644 1182 3716 gloria,
1218 3643 1286 3699 de
1315 3643 1481 3698 rebus
1517 3644 1861 3700 venientibus
1897 3646 1966 3698 ab
1993 3659 2067 3698 ex.

2190 3633 2285 3687 καὶ
2327 3632 2427 3704 τὴν
2471 3633 2589 3687 καθ’
2619 3633 2926 3707 ὑπερϐολὴν
2951 3634 3154 3705 ταύτης
3193 3637 3462 3706 φυσίωσιν
3485 3675 3502 3702 ,
3535 3638 3624 3689 καὶ
3659 3633 3736 3693 τὰς

507 3755 667 3796 censu
697 3738 912 3794 virtutis
937 3753 1035 3810 per
1062 3751 1202 3809 quas
1231 3737 1359 3793 mali
1389 3738 1625 3810 spiritus
1670 3736 1722 3792 in
1768 3738 1950 3791 anima
1981 3739 2071 3793 ho-

2191 3726 2320 3796 περὶ
2345 3725 2453 3778 τῶν
2485 3724 2654 3779 ὄντων
2688 3726 3005 3796 ἀλογίστους
3028 3727 3208 3794 δόξας·
3239 3727 3307 3780 δι’
3337 3722 3417 3784 ὧν
3445 3732 3513 3784 τὰ
3540 3731 3632 3798 τῆς
3660 3742 3737 3779 πο-

505 3831 716 3887 minum
765 3830 1165 3903 ingredientes,
1194 3828 1410 3886 delectu
1475 3829 1728 3891 virtutis,
1757 3828 2069 3897 cupiditate:

2191 3817 2382 3890 νηρίας
2437 3817 2724 3889 πνεύματα
2775 3820 2834 3872 ἐν
2879 3821 3000 3882 ταῖς
3047 3819 3155 3873 τῶν
3209 3820 3518 3893 ἀνθρώπων
3570 3820 3738 3892 ψυχαῖς

506 3924 801 3994 ingerunt;
835 3922 1002 3979 simul
1052 3921 1179 3977 dico
1229 3922 1562 3993 impietatem
1593 3933 1780 3974 eorum
1804 3933 1957 3973 suam
1989 3918 2070 3972 do-

2191 3910 2490 3981 ποιούμενα
2516 3911 2614 3983 τὴν
2640 3909 2898 3981 πάροδον,
2927 3909 2999 3964 τὰ
3027 3912 3151 3965 κατ’
3175 3911 3416 3980 ἔλλειψιν
3442 3913 3541 3982 τῆς
3571 3909 3737 3982 ἀρετῆς

505 4015 737 4069 ctrinam
785 4013 1084 4069 secundum
1129 4025 1293 4079 quam
1330 4011 1406 4066 illi
1443 4009 1779 4074 hominibus,
1814 4024 1920 4065 non
1954 4010 2069 4076 Deo

2190 4002 2337 4071 πάθη
2363 4002 2588 4066 ταύταις
2612 4001 2931 4056 ὑποτιθέασι
2955 4018 2969 4032 θ
3000 4002 3094 4055 καὶ
3124 4003 3222 4071 τὴν
3257 4003 3388 4072 περὶ
3411 4003 3597 4065 ἀθεῖας
3622 4000 3738 4054 διδα-

505 4107 600 4174 qui
631 4104 1082 4178 opera'bonitatis
1127 4102 1416 4158 tribuenda
1459 4143 1476 4167 ,
1538 4101 1844 4171 inspirant;
1876 4102 2069 4159 idcircc

2192 4092 2419 4146 σκαλίαν
2459 4091 2639 4145 αὐτῶν
2689 4091 2756 4163 ἣν
2805 4093 2977 4145 ταῦτα
3030 4092 3308 4145 ποιοῦνται
3354 4095 3495 4163 πρὶς
3526 4093 3642 4153 τοὺς
3680 4086 3737 4157 μὴ

509 4190 745 4249 Verbum
775 4191 891 4260 Dei,
922 4191 1038 4247 haec
1065 4190 1264 4246 timore
1296 4188 1413 4255 Dei,
1447 4188 1767 4260 prohibens,
1796 4189 2056 4260 loquitur.

2188 4183 2328 4254 Θεῷ,
2375 4183 2488 4238 ἀλλ’
2523 4184 2738 4246 ἑαυτοῖς
2771 4182 2842 4234 τὰ
2879 4182 3275 4254 κατορθώματα
3324 4183 3735 4253 ὲπιγράφοντας·

2187 4275 2376 4344 διόπερ
2411 4273 2581 4326 ταῦτα
2615 4273 2774 4336 αὑτὸς
2815 4275 2842 4326 ὁ
2880 4272 2974 4325 τοῦ
3018 4272 3153 4326 Θεοῦ
3179 4272 3358 4340 λόγος,
3386 4271 3476 4327 διὰ
3499 4270 3589 4325 τοῦ
3628 4266 3739 4338 πρὸς

2189 4367 2352 4423 αὑτὸν
2376 4367 2541 4436 φόϐου
2568 4364 2954 4436 ἀπαγορεύων,
2987 4365 3150 4420 οἱονεὶ
3172 4364 3348 4433 λέγει.

578 4485 732 4541 0divi
767 4502 1037 4556 perversos
1072 4485 1337 4540 malorum
1377 4487 1511 4540 vias.
1545 4484 1704 4542 Odivi
1735 4496 1937 4554 autem,
1981 4504 2079 4560 ego
2118 4552 2142 4560 _

2256 4483 2576 4551 Μεμίσηκα
2608 4479 2676 4533 δὲ
2700 4479 2814 4548 ἐγὼ
2837 4480 3310 4551 διεστραμμέ-νας
3341 4481 3523 4549 ὀδοὺς
3545 4476 3734 4536 κακῶν.

505 4577 724 4631 virtutis
781 4577 900 4646 ipsa
957 4577 1177 4648 regula,
1234 4576 1676 4633 machinationes
1737 4552 2069 4636 daemonum.

2201 4574 2605 4646 Ἐϐδελυξάμην
2660 4573 2735 4639 δέ,
2778 4573 2943 4637 αὑτὸς
2998 4574 3202 4645 ἀρετῆς
3246 4575 3508 4647 ὑπάρχων
3561 4573 3733 4634 κανὼν,

505 4668 746 4723 malitias
786 4667 1134 4723 inventorum
1176 4667 1234 4721 in
1267 4665 1550 4721 hominum
1607 4667 1932 4736 animabus,
1968 4687 2069 4742 qua

2190 4667 2290 4732 τὰς
2340 4667 2440 4738 τῆς
2503 4666 2646 4720 κατὰ
2691 4665 2895 4737 ταύτην
2936 4665 3231 4736 εὐθύτητος
3287 4667 3731 4737 ἐκτετραμμέναςι

506 4761 606 4815 has
634 4775 663 4814 a
693 4759 1022 4816 rectitudine
1045 4756 1517 4825 virtutis,del‘ectu
1548 4775 1885 4832 excessuque
1903 4764 2064 4835 hujus

2191 4761 2311 4815 κατ’
2339 4759 2570 4829 ἔλλειψιν
2605 4759 2773 4828 αὐτῆς
2815 4757 2909 4812 καὶ
2934 4758 3259 4830 ὑπερϐολὴν,
3293 4761 3353 4812 ἐν
3384 4762 3504 4822 ταῖς
3531 4758 3630 4812 τῶν
3658 4757 3734 4807 ἀν-

505 4859 776 4907 avertunt.
2193 4853 2426 4925 θρώπων
2447 4853 2647 4925 ψυχαῖς
2679 4851 2960 4924 διατριϐάς
2986 4853 3092 4907 τῶν
3111 4853 3421 4923 ὲφευρετῶν
3449 4854 3545 4924 τῆς
3567 4849 3735 4908 κακίας

2189 4945 2485 5017 δαιμόνων.

576 5052 744 5110 Vens.
781 5053 868 5109 M.
927 5051 1109 5110 Meum
1161 5062 1241 5111 est
1292 5057 1573 5114 consilium
1626 5067 1677 5114 et
1707 5061 1986 5116 securitas.
2045 5059 2088 5114 A

2268 5061 2348 5115 ιδ’.
2383 5061 2528 5132 Ἐμὴ
2550 5061 2754 5132 βουλὴ
2778 5063 2874 5117 καὶ
2903 5061 3227 5132 ἀσφάλεια.
3246 5062 3382 5132 Παρ“
3402 5060 3534 5133 ἐμοῦ
3557 5059 3640 5113 τοῦ
3657 5056 3735 5124 τῆς

505 5161 622 5211 me,
679 5146 908 5218 iustitiae
962 5147 1097 5217 sole,
1132 5157 1393 5221 tanquam
1462 5151 1660 5207 animae
1729 5152 1949 5206 oculum
2005 5153 2069 5208 in-

2194 5152 2539 5225 δικαιοσύνης
2578 5154 2781 5220 Ἡλίου,
2809 5153 3116 5225 ἀνθρώποις
3142 5154 3546 5226 παρέχεται,ὼς
3580 5153 3666 5221 μὲν
3689 5148 3733 5199 τὸ

505 5239 865 5294 tellectualem
896 5239 1227 5308 illustrante,
1273 5243 1422 5298 venit
1453 5242 1788 5310 hominibus,
1849 5260 2069 5315 praesen!

2193 5243 2380 5315 νοερὸν
2408 5244 2507 5314 τῆς
2527 5243 2706 5315 ψυχῆς
2730 5245 2883 5315 δμμα
2910 5244 3254 5314 φωτίζοντος,
3280 5246 3312 5316 ὴ
3347 5243 3483 5315 μετὰ
3510 5238 3733 5314 περισκέ-

506 5332 640 5385 tium
701 5333 1101 5404 circumspecta
1162 5335 1425 5392 discretio
1478 5351 1646 5392 z—a
1688 5352 1796 5404 me,
1861 5349 1920 5393 ut
1983 5338 2066 5409 spi

2195 5338 2338 5409 ψεως
2367 5339 2473 5392 τῶν
2497 5339 2753 5394 ἐναντίων
2776 5339 3066 5411 διάκρισις·
3097 5339 3171 5402 ὡς
3195 5339 3252 5392 δὲ
3275 5338 3366 5393 τὸν
3390 5336 3620 5409 χειμῶνα
3646 5329 3733 5384 τῶν

507 5424 646 5479 ritus
677 5423 890 5481 fervore
918 5427 1278 5498 cupiditatum
1313 5429 1616 5501 procellam
1652 5430 1972 5501 repellente,
2003 5447 2068 5488 ve

2199 5431 2386 5495 παθῶν
2420 5433 2863 5503 ἀποκρουομένου
2898 5435 2963 5504 τῇ
3002 5431 3180 5504 θέρμῃ
3224 5431 3318 5486 τοῦ
3363 5431 3667 5500 πνεύματος.
3706 5423 3731 5490 ἢ

507 5515 587 5573 nit
620 5517 725 5571 illis
753 5517 822 5571 ab
851 5516 939 5574 liis
975 5518 1248 5575 liberatio.

2199 5525 2264 5578 ἐκ
2288 5523 2493 5578 τούτων
2521 5524 2761 5596 φυλακή.
2949 5521 2951 5524 ’

589 5630 701 5684 Mea
727 5640 803 5684 est
831 5631 1134 5699 prudentia,
1169 5649 1288 5688 mea
1315 5643 1392 5688 est
1417 5634 1700 5703 fortitudo.
1733 5637 1776 5688 A
1808 5650 1892 5690 me
1935 5635 2098 5692 datur

2283 5635 2423 5706 Ἑμὴ
2454 5637 2771 5704 φρόνησις,
2798 5634 2910 5705 ἐμὴ
2947 5599 3014 5688 δὲ
3057 5635 3256 5712 ἰσχύς.
3306 5633 3443 5703 Παρ⁹
3482 5627 3605 5702 ἐμοῦ
3636 5625 3727 5676 ἔστι

511 5717 637 5784 illis,
663 5727 920 5788 tanquam
955 5737 983 5775 a
1020 5739 1278 5792 supremo
1316 5726 1757 5796 concupiscibili,
1784 5742 1904 5797 quae
1942 5728 2067 5781 anxi

2201 5725 2430 5789 τούτοις,
2459 5726 2535 5789 ὡς
2565 5725 2792 5796 ἐσχάτου
2828 5723 3074 5798 όρεκτοῦ,
3099 5725 3131 5794 ἡ
3165 5729 3404 5796 φέρουσα
3430 5721 3604 5788 ὄνησιν
3629 5714 3727 5783 δρε-

513 5808 643 5864 lium
683 5810 798 5876 dat,
852 5812 976 5867 boni
1008 5818 1496 5886 concupiscentia;
1536 5818 1694 5889 cujus
1733 5820 1797 5874 ad
1828 5820 2077 5889 operatio

2207 5819 2285 5882 ξις
2312 5818 2404 5870 τοῦ
2435 5816 2662 5886 ἀγαθοῦ·
2695 5819 2822 5889 παρ’
2854 5815 2986 5887 ἐμοῦ
3017 5833 3074 5868 τε
3103 5808 3238 5885 πρὸς
3263 5814 3360 5886 τὴν
3392 5813 3569 5874 τούτου
3599 5811 3725 5876 Epta-

3861 2235 3863 2256 1

3862 2289 3863 2312 1

3862 2383 3863 2400 1

3861 2467 3863 2494 1
