3960 6230
321 453 457 520 1293

1393 460 1930 524 COMMENTARII
1977 459 2059 520 IN
2091 459 2545 522 PROVERBIA.

3445 460 3578 528 1294

317 574 438 626 σίαν
483 569 694 636 τούτοις
731 571 930 627 δίδοται
956 571 1203 648 δύναμις,
1237 575 1312 635 ὡς
1339 575 1704 633 ἐνυπσστάτου
1732 576 1865 632 δυνά

2000 591 2118 630 nem
2175 576 2285 629 illis
2319 573 2644 630 conceditur
2673 574 2938 643 potentia,
2973 589 3002 629 a
3043 591 3130 632 me
3171 584 3228 632 ut
3251 594 3280 633 a
3311 587 3580 650 potestate

316 681 464 735 μεως
487 662 579 716 τοῦ
603 663 738 716 Θεοῦ
776 665 869 719 καὶ
889 667 1121 738 Πατρός.

385 761 464 807 ιε’.
495 755 576 807 Δι’
596 754 740 824 ἐμοῦ
759 755 1041 825 βασιλεῖς
1063 760 1492 823 βασιλεύουσι.
1523 764 1600 816 Δι’
1629 761 1785 832 ἐμοῦ,
1815 761 1890 824 ὡς

313 846 450 900 Θεοῦ
492 847 690 915 Λόγου,
725 849 774 901 οἱ
815 849 922 902 τῶν
963 853 1152 907 παθῶν
1203 858 1602 929 αὐτοκράτορες
1648 854 1888 924 ἐννόμων

313 938 663 994 ἐπιστατοῦσι
700 943 765 1011 τῇ
795 942 1059 1016 ἐπιθυμίᾳ⁴
1088 947 1182 1000 καὶ
1212 948 1288 1014 τῷ
1322 947 1498 1018 θυμῷ.

384 1032 493 1087 Καὶ
516 1035 569 1084 οἱ
603 1031 898 1088 δυνάσται
926 1035 1222 1105 γράφουσι
1255 1037 1671 1106 δικαιοσύνην.
1703 1039 1811 1091 Καὶ
1839 1040 1887 1091 οἱ

313 1122 946 1198 καθυποτάςσοντες⁶τὴν
980 1129 1159 1199 σάρκα
1202 1129 1278 1200 τῷ
1310 1129 1605 1201 πνεύματι,
1639 1128 1731 1184 τὸν
1745 1129 1888 1200 γοῦν

310 1217 450 1270 κατὰ
481 1216 679 1288 πρᾶξιν
711 1218 923 1287 ἠθικῶς
964 1220 1401 1286 διαπλάττοντες,
1435 1223 1523 1276 διὰ
1565 1221 1756 1276 τούτου
1793 1238 1888 1292 ση-

312 1311 613 1384 μειοῦνται,
638 1313 714 1377 ὡς
751 1314 840 1367 διὰ
891 1313 1140 1384 μέλανος,
1174 1317 1270 1386 τὴν
1303 1317 1404 1386 τῆς
1445 1318 1623 1389 ψυχῆς
1671 1318 1889 1390 ἀρρεπῆ

309 1401 492 1473 κρίσιν
529 1402 664 1472 πρὸς
704 1403 772 1457 τὰ
819 1406 938 1457 κατ’
964 1405 1198 1469 ἔλλειψιν
1223 1405 1323 1476 τῆς
1353 1408 1555 1477 ἀρετῆς
1602 1408 1697 1461 καὶ
1722 1408 1891 1478 ὑπερ-

310 1492 471 1562 ϐολὴν
516 1494 660 1562 πάθη
688 1493 822 1564 ἐμοῦ
856 1495 948 1549 τὸν
986 1496 1142 1565 λόγον
1189 1497 1290 1568 τῆς
1316 1499 1516 1570 ἀρετῆς
1544 1499 1755 1564 τούτοις
1783 1501 1887 1554 ύπ·

308 1585 684 1655 αγορεύοντος.
1146 1622 1148 1624 τ
1743 1592 1746 1594 ⁷

382 1683 478 1740 ις’.
515 1678 593 1730 Δι’
621 1677 767 1747 ἐμοῦ
790 1678 1150 1748 μεγιστᾶνες
1159 1684 1712 1755 μεγαλύνονται.Δι’
1729 1684 1752 1737 ἐ
1762 1685 1883 1755 μοῦ,

309 1767 383 1831 ὡς
411 1767 686 1838 ἁλαθήτου
715 1769 983 1838 γνώστου,
1007 1771 1102 1825 καὶ
1125 1773 1357 1843 ἐσχάτου
1392 1772 1640 1844 ὁρεκτοῦ,
1667 1776 1716 1827 οἱ
1747 1774 1887 1830 κατὰ

308 1858 510 1929 γνῶσιν
539 1861 631 1914 καὶ
657 1861 860 1930 ἀρετὴν
884 1862 1232 1934 προύχοντες,
1263 1864 1404 1918 κατὰ
1428 1865 1630 1929 ταύτας
1655 1884 1719 1920 πε
1729 1885 1883 1936 ριφα-

307 1954 412 2016 νεῖς
436 1953 530 2008 καὶ
554 1952 788 2020 ἐπίδοξοι
813 1957 1069 2025 γίνονται.

375 2045 484 2100 Καὶ
534 2047 812 2116 τύραννοι
867 2049 943 2104 δι⁹
965 2050 1114 2121 ἐμοῦ
1163 2055 1451 2120 κρατοῦσι
1500 2054 1634 2125 γῆς.
1680 2055 1790 2109 Καὶ
1829 2055 1878 2108 οἱ

302 2134 401 2208 τὴν
433 2139 623 2208 γήϊνον
681 2140 857 2211 σάρκα
911 2142 1394 2214 παραϐιαζόμενοι,
1425 2145 1560 2216 πρὸς
1591 2146 1651 2200 τὸ
1677 2147 1880 2214 ταύτης

303 2225 687 2300 ἀπονεκρῶσαι
728 2230 1004 2301 φρόνημα,
1036 2232 1104 2286 δι’
1126 2231 1260 2308 ἐμοῦ
1292 2233 1465 2304 αὐτῆς
1489 2235 1836 2306 κυριεύουσιν
1862 2251 1875 2265 ·

301 2315 378 2382 ῶς
405 2317 497 2372 τὸν
538 2318 702 2374 πόθον
758 2321 897 2392 πρὸς
931 2322 998 2376 τὰ
1026 2323 1296 2396 νοούμενα
1328 2325 1437 2377 ἀπὸ
1475 2325 1585 2380 τῶν
1615 2327 1878 2397 φαινομέ-

303 2425 409 2465 νων
443 2412 790 2481 μετάγοντος.

376 2503 462 2567 ιζ’.
507 2505 648 2576 Ἐγὼ
688 2506 828 2573 τοὺς
873 2508 979 2577 ἐμὲ
1021 2510 1352 2578 φιλοῦντας
1391 2512 1622 2582 ἀγαπῶ.
1680 2514 1878 2580 Αὐτὸς,

302 2592 392 2647 διὰ
445 2595 556 2649 τῶν
600 2596 751 2667 ἐμῶν
784 2598 1038 2662 ἐντολῶν,
1081 2601 1207 2664 τοὺς
1245 2602 1573 2670 ἀγαπῶντάς
1609 2622 1674 2674 με
1706 2606 1881 2659 ἀπαλ-

303 2682 510 2738 λάττων
547 2685 655 2738 τῶν
710 2687 1036 2759 παραλόγων
1082 2691 1293 2756 παθῶν,
1335 2693 1614 2766 γνώριμον
1668 2695 1878 2762 τούτοις

303 2775 400 2846 τὴν
433 2777 570 2846 πρὸς
599 2779 797 2843 αὐτοὺς
830 2781 1052 2853 ἀγάπην
1086 2801 1187 2854 μου
1223 2784 1468 2839 καθιστῶ
1491 2803 1506 2819 ο
1541 2788 1644 2843 κᾶν
1665 2789 1880 2853 πάντας

303 2867 629 2940 ἀνθρώπους
659 2870 736 2934 ὡς
789 2871 1018 2944 πλάσμα
1073 2875 1204 2930 ἴδιον
1233 2877 1455 2946 ἀγαπῶ,
1489 2879 1686 2952 ἐπίσης
1711 2881 1880 2936 θέλων

303 2961 524 3015 πάντων
549 2960 646 3031 τὴν
680 2970 826 3035 σώτη
835 2963 977 3035 ρίαν.

253 3061 268 3069 ’
367 3054 433 3105 Ol
455 3051 523 3107 δὲ
566 3054 672 3123 ἐμὲ
709 3052 1045 3123 ζητοῦντες,
1099 3056 1440 3127 εὑρήσουσι
1500 3063 1697 3134 χάριν.
1734 3066 1795 3118 Οἱ
1823 3065 1878 3118 δὲ

303 3145 442 3216 πρός
471 3163 538 3216 με
572 3146 632 3199 τὸ
652 3147 804 3212 τέλος
831 3149 936 3202 τῶν
961 3149 1241 3218 γνωστῶν,
1273 3151 1372 3224 τὴν
1412 3152 1675 3225 ἀλήθειαν
1694 3197 1710 3223 ,
1737 3155 1878 3208 κατὰ

302 3236 424 3289 νοῦν
459 3235 766 3307 κινούμενοι
789 3237 907 3307 μετ’
928 3239 1190 3307 ἐφέσεως,
1224 3239 1324 3310 τῆς
1352 3241 1445 3294 τοῦ
1473 3244 1748 3314 ὁμοφυοῦς
1789 3264 1878 3316 μοι

303 3324 614 3396 πνεύματος
647 3326 1020 3391 ὲπιτεύξονται
1050 3329 1273 3398 χάριτος
1296 3345 1308 3358 ·
1336 3335 1702 3404 χαριζομένου
1753 3337 1881 3389 τού·-

301 3432 436 3480 τοις,
468 3418 526 3469 ἐν
555 3417 632 3488 τῷ
654 3421 732 3482 είς
769 3420 950 3472 πᾶσαν
984 3419 1081 3490 τὴν
1112 3421 1371 3490 ἀλήθειαν
1415 3424 1612 3490 αὐτοὺς
1643 3428 1877 3498 ὁδηγεῖν,

303 3507 437 3581 ἐμοῦ
472 3510 569 3580 τῆς
601 3509 794 3579 σοφίας
825 3509 923 3580 τὴν
957 3511 1197 3578 μέθεξιν.

376 3630 463 3694 ιη’.
507 3623 779 3689 Πλοῦτος
812 3623 912 3677 καὶ
948 3623 1098 3688 δόξα
1126 3626 1256 3694 ἐμοὶ
1276 3627 1530 3698 ὑπάρχει
1555 3671 1570 3696 ,
1605 3634 1706 3687 καὶ
1735 3633 1880 3703 κτῆ-

302 3727 403 3778 σις
425 3712 692 3780 πολλῶν,
724 3711 824 3767 καὶ
860 3712 1242 3783 δικαιοσύνη.
1279 3717 1336 3770 Ὀ
1366 3718 1476 3790 γὰρ
1502 3719 1610 3773 τῶν
1628 3721 1685 3773 ἐν
1707 3721 1880 3790 ἐπαγ-

301 3803 508 3873 γελίαις
545 3805 928 3875 ἀποκειμένων
949 3805 1222 3870 ἀκένωτος
1247 3807 1544 3882 θησαυρὸς,
1565 3812 1663 3866 καὶ
1684 3814 1716 3883 ἡ
1740 3813 1881 3885 ἀκή-

307 3913 468 3968 ρατος
492 3895 743 3962 εὔκλεια,
771 3897 840 3952 τὰ
883 3898 1024 3969 ὑπὲρ
1058 3899 1221 3970 φύσιν
1253 3900 1456 3969 ἀγαθὰ,
1490 3902 1628 3972 πρὸς
1677 3902 1735 3957 δὲ
1785 3903 1880 3958 καὶ

305 3989 446 4043 κατὰ
501 3988 751 4061 φύσινῆ
784 4008 844 4042 τε
876 3990 1002 4044 καθ’
1032 3991 1144 4056 ἕξιν
1190 3991 1393 4060 γνῶσις
1444 3994 1556 4048 τῶν
1603 3995 1880 4066 διαφόρων

301 4077 476 4147 λόγων
497 4079 621 4134 καθ’
651 4078 746 4142 οὒς
793 4081 1048 4149 γεγόνασί
1078 4099 1138 4135 τε
1180 4083 1249 4137 τὰ
1289 4083 1470 4138 πάντα
1520 4086 1615 4141 καὶ
1642 4087 1878 4158 ἀκίνητα

305 4171 546 4242 μένουσι,
580 4172 675 4225 καὶ
697 4173 731 4243 ή
755 4172 895 4226 κατὰ
929 4173 1154 4239 τούτους
1200 4175 1336 4247 πρὸς
1362 4177 1433 4232 τὰ
1483 4181 1605 4232 κατ’
1635 4179 1876 4249 ἔλλειψιν

301 4265 402 4334 τῆς
441 4264 643 4334 ἀρετῆς
683 4265 779 4318 καὶ
827 4265 1132 4338 ὑπερϐολὴν
1154 4267 1303 4336 πάθη
1326 4309 1342 4332 ,
1375 4270 1626 4342 ἀῤῥεπὴς
1671 4270 1872 4342 κρίσις,

303 4355 360 4406 ἐν
394 4353 516 4424 ἐμοί
545 4356 712 4418 ἐστιν,
749 4354 824 4417 ὡς
853 4355 1038 4425 δοτῆρι
1082 4357 1181 4426 μὲν
1224 4357 1333 4412 τῶν
1379 4359 1517 4431 ὑπὲρ
1545 4360 1710 4429 φύσιν
1734 4362 1875 4431 ἀγα-

303 4443 434 4508 θῶν,
461 4444 618 4516 αίτίιρ
644 4444 699 4498 δὲ
726 4444 835 4499 τῶν
859 4447 999 4500 κατὰ
1020 4447 1205 4515 φύσιν.

377 4555 460 4612 ιϐ’.
492 4556 744 4611 Βέλτιον
766 4558 870 4628 ἐμὲ
897 4561 1301 4630 καρπίζεσθαι,
1328 4563 1478 4632 ὑπὲρ
1501 4564 1759 4632 χρυσίον
1773 4565 1872 4618 καὶ

301 4651 476 4704 λίθον
503 4650 700 4719 τίμιον
747 4652 964 4706 πολύν.
997 4655 1260 4723 Κρεῖττον
1283 4654 1473 4708 λοιπὸν
1501 4655 1642 4726 ὑπὲρ
1670 4657 1870 4727 χρυσόν

299 4758 360 4794 τε
391 4742 485 4795 καὶ⁴
513 4742 694 4804 λίθους
731 4743 804 4812 μὴ
840 4743 1240 4816 εὐαριθμήτους
1267 4745 1688 4817 πολυτιμήτους,
1722 4747 1789 4800 τὰ
1814 4748 1872 4801 ἐν

300 4833 490 4903 κόσμῳ
526 4835 754 4904 τερπνὰ,
787 4833 888 4903 ἐμὲ
917 4836 1007 4888 τὸν
1054 4837 1149 4906 τῆς
1191 4836 1492 4901 ἀθανασίας
1527 4839 1765 4909 καρπὸν,
1798 4839 1874 4903 ὼς

301 4922 359 4975 ἐν
387 4923 700 4995 παραδείσῳ
736 4925 814 4995 τῷ
853 4925 960 4996 ὅλῳ
1005 4926 1195 4997 κόσμῳ
1228 4928 1508 4998 συλλέγειν
1529 4945 1542 4960 ο
1571 4931 1629 4983 ἐν
1659 4929 1738 5001 τῷ
1783 4930 1871 4984 ατ-

304 5029 418 5086 ρειν
450 5032 517 5084 με
547 5016 610 5068 ἐκ
644 5015 890 5081 πάντων,
929 5018 1074 5071 κατὰ
1105 5020 1205 5088 τὴν
1230 5021 1288 5074 ἐν
1333 5021 1604 5093 πνεύματι
1635 5022 1874 5094 φυσικὴν

301 5103 536 5178 θεωρίαν
573 5108 771 5171 αὐτῶν,
799 5111 872 5170 ὡς
922 5111 1063 5183 ὑπὲρ
1098 5111 1276 5166 πάντα
1319 5115 1440 5168 κατ’
1470 5114 1660 5167 οὐσίαν
1697 5113 1876 5186 ὑπάρ-

301 5215 483 5268 χοντα.

376 5310 453 5363 Τὰ
477 5309 544 5363 δὲ
562 5313 672 5381 ἐμὰ
701 5309 1042 5383 γεννήματα
1065 5319 1359 5386 κρεῖσσον
1393 5318 1683 5389 ἀργυρίου
1703 5321 1876 5375 ἐκλε-

302 5405 465 5460 κτοῦ.
522 5407 604 5459 Τὰ
649 5407 705 5460 δὲ
763 5409 870 5477 ἐμὰ
933 5411 1249 5483 θελήματα,
1298 5409 1382 5478 οἷς
1438 5415 1526 5470 διὰ
1573 5417 1642 5471 τὰ
1699 5418 1877 5471 πάντα

302 5499 440 5551 πᾶσι
472 5499 649 5553 πάντα
702 5499 924 5572 γίνομαι
966 5507 1085 5557 κατ’
1127 5507 1412 5577 ἐνέργειαν
1433 5549 1447 5573 ,
1480 5507 1702 5561 κάλλιόν
1737 5511 1876 5564 είσιν

303 5591 444 5661 ὑπὲρ
467 5591 751 5646 ἐπίλεκτον
808 5595 1069 5666 ἄργυρον.
1112 5598 1187 5660 ὡς
1222 5597 1414 5652 τούτου
1451 5601 1876 5673 καθαρωτέρους

302 5682 397 5734 καὶ
443 5680 862 5753 λαμπροτέρους
923 5686 1346 5742 ἀποδεικνύοντα
1398 5689 1527 5752 τοὺς
1585 5689 1877 5756 ποιοῦντας

303 5772 465 5826 αύτά.

376 5882 443 5939 κ’.
489 5884 589 5978 Ἐν
623 5886 783 5953 ὁδοῖς
805 5887 1196 5957 δικαιοσύνης
1221 5893 1537 5960 περιπατῶ.
1566 5879 1748 5945 Ταῦτα
1770 5893 1876 5964 γὰρ

1995 666 2085 720 Dei
2118 682 2180 720 ac
2207 667 2388 720 Patris
2415 665 2873 735 persubsistente.

2064 757 2226 812 Vens.
2267 759 2354 812 15.
2390 757 2493 812 Per
2521 775 2600 811 me
2635 774 2776 828 reges
2810 767 3053 829 regnant.
3083 758 3186 813 Per
3217 775 3319 822 me,
3359 769 3416 814 ut
3447 762 3582 816 divi-

1992 865 2122 904 num
2157 848 2418 914 Verbum,
2446 851 2480 903 ii
2507 849 2599 918 qui
2627 849 2936 917 cupiditatis
2969 851 3253 920 conformis
3288 855 3390 924 legi
3419 855 3581 923 impe-

1994 953 2132 1006 rant,
2169 944 2438 1012 imperant
2468 943 2933 1012 concupiscentiis
2977 951 3031 998 et
3067 945 3396 1000 tumoribus.

2065 1035 2133 1088 Et
2162 1045 2396 1106 potentes
2424 1035 2657 1089 scribunt
2685 1035 2978 1104 justitiam.
3012 1035 3073 1089 Et
3102 1037 3201 1104 illi,
3233 1038 3325 1108 qui
3360 1040 3575 1108 spiritui

1991 1143 2210 1183 carnem
2261 1126 2585 1194 subjiciunt,
2647 1127 2700 1179 in
2762 1128 2917 1196 praxi
2965 1127 3248 1184 eliluenter
3275 1133 3574 1185 secundum

1991 1217 2247 1271 moralem
2276 1223 2479 1270 terram
2511 1218 2852 1286 conﬁngunt,
2882 1233 2977 1287 per
3011 1221 3112 1272 hoc
3171 1227 3430 1290 tanquam
3483 1238 3579 1292 per

1989 1315 2397 1372 atramentum,
2448 1322 2533 1361 me
2578 1307 2686 1362 illis
2741 1307 2959 1362 virtutis
3021 1312 3250 1365 verbum
3299 1319 3579 1368 inutuante

1991 1399 2204 1453 ﬁrmum
2243 1398 2439 1452 animae
2467 1398 2730 1467 judicium
2766 1398 2910 1454 circa
2958 1401 3287 1472 cupiditates
3314 1445 3326 1468 ,
3360 1419 3423 1457 ex
3460 1403 3574 1458 del.

1988 1502 2042 1549 et
2087 1509 2206 1550 exc.
2243 1493 2461 1547 virtutis
2492 1498 2816 1547 connotant.

2059 1669 2225 1727 Vens.
2263 1669 2350 1726 16.
2414 1668 2519 1725 Per
2552 1689 2632 1726 me
2688 1672 2949 1742 principes
3011 1673 3291 1738 imperant.
3344 1670 3448 1726 Per
3495 1687 3592 1726 me'

1988 1774 2243 1834 tanquam
2276 1761 2344 1816 ab
2370 1761 2464 1817 illo
2493 1777 2654 1832 quem
2682 1763 2818 1816 nihil
2855 1761 3072 1826 latet,et
3104 1777 3357 1830 supremo
3378 1778 3578 1816 concu-

1988 1855 2247 1926 piscibili,
2309 1862 2363 1908 et
2420 1855 2515 1925 qui
2575 1855 2628 1910 in
2686 1855 2919 1912 scientia
2953 1863 3008 1909 et
3053 1856 3258 1912 virtute
3317 1862 3576 1926 potentes

1989 1962 2084 2018 per
2113 1947 2211 2001 has
2247 1946 2436 2018 inclyti
2477 1953 2532 2001 et
2561 1947 2808 2002 celebres
2841 1946 2996 2001 ﬁunt.

2057 2035 2127 2091 Et
2154 2053 2244 2106 per
2284 2055 2362 2092 me
2401 2039 2614 2108 tyranni
2644 2047 2801 2092 terra:
2833 2038 3116 2107 imperant.
3157 2037 3225 2091 Et
3257 2038 3292 2091 ii
3325 2038 3420 2108 qui
3471 2047 3580 2094 ter-

1981 2147 2170 2186 renam
2200 2145 2421 2187 carnem
2454 2130 2782 2200 reprimunt,
2811 2129 2878 2184 ad
2915 2129 3037 2200 ejus
3071 2130 3388 2200 superbiam
3424 2145 3572 2183 mor-

1980 2221 2316 2288 tiﬁcandam,
2349 2221 2426 2276 illi
2461 2237 2558 2294 per
2586 2235 2672 2276 me
2703 2222 2971 2290 imperant
3001 2239 3014 2276 :
3061 2229 3320 2290 tanquam
3356 2220 3577 2277 deside-

1980 2317 2121 2371 rium
2151 2315 2370 2369 illorum
2427 2329 2457 2368 a
2513 2312 2826 2369 visibilibus
2858 2313 2923 2367 ad
2961 2312 3350 2367 intellectualia
3385 2320 3575 2369 trans-
3639 2387 3644 2390 _

1981 2409 2268 2466 ferentem.

2052 2496 2222 2554 Vens.
2257 2496 2342 2553 i7.
2399 2496 2506 2568 Ego
2539 2497 2816 2568 diligentes
2849 2513 2927 2550 me
2961 2495 3147 2566 diligo.
3190 2491 3299 2564 Ipsi
3332 2507 3430 2562 per
3457 2506 3577 2550 mea

1980 2599 2249 2665 praecepta
2270 2631 2284 2656 ,
2317 2605 2403 2646 me
2431 2589 2721 2660 diligentes
2747 2590 2812 2644 ab
2841 2589 3048 2659 iniquis
3069 2587 3466 2656 cupiditatibus
3509 2585 3578 2642 li-

1979 2686 2262 2751 berantur;
2297 2683 2408 2739 illis
2438 2698 2617 2738 meum
2646 2697 2745 2752 pro
2797 2681 2934 2752 ipsis
2991 2696 3232 2735 amorem
3292 2680 3572 2752 cognitum

1981 2775 2209 2832 ostendo
2285 2788 2412 2828 cum
2479 2786 2670 2827 omnes
2730 2771 3008 2825 .homines
3099 2779 3366 2838 tanquam
3446 2782 3573 2837 pro-

1979 2869 2160 2937 prium
2227 2881 2366 2936 opus
2418 2864 2640 2935 diligam
2695 2863 2886 2918 volens
2916 2862 3082 2918 etiam
3127 2862 3374 2917 omnium
3427 2860 3576 2915 salu-

1989 2968 2122 3014 tem.

2053 3075 2156 3141 Qui
2187 3090 2268 3128 me
2293 3081 2562 3145 quierunt,
2606 3071 2871 3126 invenient
2898 3071 3156 3142 gratiam.
3192 3069 3296 3136 Qui
3337 3085 3470 3126 vero
3505 3071 3571 3125 ad

1982 3183 2088 3234 me,
2145 3168 2436 3220 terminum
2493 3164 2884 3231 scientiarum,
2932 3162 3242 3227 veritatem,
3300 3161 3573 3218 desiderio

1909 3257 1950 3316 C
1986 3259 2254 3331 spirituali
2303 3264 2588 3313 moventur
2613 3299 2628 3322 ,
2665 3256 2897 3328 gratiam
2929 3256 3160 3325 spiritus
3193 3255 3287 3323 qui
3319 3254 3568 3334 ejusdem

1989 3369 2052 3408 ac
2079 3365 2180 3421 ego
2211 3358 2420 3404 natura:
2443 3389 2458 3413 ,
2489 3348 2813 3402 obtinebunt
2857 3346 3141 3416 sapientiae
3189 3344 3571 3414 participatio-

1989 3460 2130 3508 nem,
2178 3449 2236 3496 ut
2291 3442 2343 3494 in
2389 3452 2604 3493 omnem
2644 3438 2932 3492 veritatem
2997 3435 3292 3502 ducantur,
3337 3449 3424 3489 me
3461 3433 3570 3488 illis

1987 3533 2346 3590 concedente.

2055 3644 2222 3700 Vens.
2250 3644 2334 3698 18.
2373 3641 2582 3696 Dioitia:
2606 3645 2658 3694 et
2677 3638 2851 3710 gloria
2875 3653 3073 3692 mecum
3107 3643 3252 3699 sunt,
3280 3653 3400 3704 opes
3429 3635 3570 3690 mai~

1989 3744 2054 3789 tte
2089 3744 2138 3787 et
2178 3733 2420 3803 justitia.
2455 3733 2516 3785 In
2547 3729 3011 3800 promissionibus
3047 3739 3445 3783 reservatorum
3474 3743 3570 3782 ve-

1988 3836 2082 3876 rus
2130 3821 2440 3882 thesaurus,
2492 3827 2547 3873 et
2605 3817 3034 3884 incorruptibilis
3109 3817 3301 3886 gloria,
3359 3817 3412 3871 id
3462 3827 3568 3880 est,

1986 3914 2130 3969 bona
2183 3910 2642 3981 supernaturalia,
2683 3916 2737 3961 et
2807 3908 2952 3963 bona
2985 3924 3106 3979 quae
3134 3909 3434 3965 secundum
3467 3925 3567 3963 na-

1986 4011 2164 4059 turam
2199 4009 2254 4057 et
2284 4015 2385 4071 pro
2430 4009 2672 4056 natura:
2705 4007 2758 4055 et
2806 4016 2838 4055 a
2897 4015 3026 4056 vera
3081 4003 3426 4072 superiorum
3489 4003 3568 4056 le-

1985 4107 2111 4164 gum
2154 4090 2406 4154 scientia,
2453 4105 2550 4159 per
2581 4105 2718 4160 quas
2750 4090 2933 4144 omnia
2965 4091 3109 4146 facta
3141 4099 3288 4155 sunt,
3325 4101 3379 4146 et
3415 4091 3570 4147 ﬁrma

1983 4189 2306 4249 remanent;
2359 4191 2412 4237 et
2460 4189 2672 4236 rectum
2721 4179 2988 4251 judicium
3023 4181 3171 4253 quod
3225 4197 3294 4237 ex
3342 4183 3450 4238 illis
3499 4183 3567 4237 de

1983 4275 2372 4347 cupiditatibus
2407 4291 2470 4330 ex
2496 4273 2620 4343 def.
2656 4281 2712 4329 et
2745 4289 2866 4330 exc.
2915 4275 3154 4339 virtutis,
3210 4277 3449 4341 eruitur,
3511 4278 3564 4330 in

1983 4383 2071 4422 me
2120 4374 2268 4432 sunt,
2325 4375 2583 4437 tanquam
2619 4366 2677 4421 in
2710 4366 2900 4424 datore
2932 4367 3200 4422 bonorum
3233 4379 3567 4438 supernatu-

1986 4459 2202 4512 ralium.

2056 4569 2218 4648 Vens.
2244 4571 2328 4626 i9.
2348 4568 2539 4624 Melius
2570 4585 2651 4624 me
2672 4571 2901 4640 fructum
2922 4570 3166 4640 colligere
3189 4586 3344 4642 quam
3377 4585 3566 4623 aurum

1973 4672 2023 4716 et
2051 4661 2276 4730 lapidem
2315 4663 2605 4730 pretiosum
2648 4661 2891 4715 multum.
2917 4661 3108 4717 Melius
3133 4670 3215 4716 est
3262 4677 3427 4731 quam
3463 4677 3562 4716 au-

1977 4770 2118 4819 rum,
2182 4762 2236 4810 et
2285 4755 2492 4824 lapides
2523 4753 2955 4824 pretiosissimos
3007 4760 3061 4809 et
3109 4753 3561 4814 innumerabiles,

1976 4835 2271 4898 inmundo
2313 4842 2579 4912 jucunda,
2643 4857 2730 4898 me
2801 4841 3226 4898 immortalitatis
3279 4841 3546 4903 fructum,

1977 4934 2105 4989 utin
2135 4933 2385 5003 paradiso
2405 4947 2468 4987 ex
2497 4940 2612 4988 toto
2638 4931 2842 4987 mundo
2869 4933 3160 5002 colligere;
3193 4948 3257 4987 ex
3298 4929 3556 4991 omnibus

1975 5026 2262 5095 capiendo,
2298 5041 2394 5096 pro
2429 5026 2647 5080 illorum
2707 5025 2760 5080 in
2813 5025 3013 5096 spiritu
3045 5024 3282 5078 naturali
3333 5022 3560 5075 medita-

1977 5119 2143 5183 tione,
2175 5118 2332 5188 quasi
2358 5133 2522 5188 super
2560 5118 2744 5172 omnia
2777 5129 2872 5186 per
2897 5115 3188 5170 essentiam
3239 5112 3557 5167 subsistam.

2047 5323 2116 5377 Et
2144 5323 2410 5393 genimina
2441 5339 2557 5376 mea
2592 5337 2748 5392 super
2791 5326 3058 5388 argentum
3092 5315 3330 5370 electum.
3365 5316 3429 5370 Et
3468 5333 3561 5367 vo-

1977 5414 2212 5470 luntates
2266 5430 2417 5478 mete,
2449 5414 2650 5483 quibus
2682 5426 2775 5481 per
2811 5411 3015 5472 omnia,
3066 5410 3321 5464 omnibus
3375 5411 3558 5464 omnia

1978 5507 2154 5561 iactus
2181 5521 2299 5562 sum
2335 5506 2554 5570 virtute,
2587 5503 2841 5558 meliores
2876 5509 3005 5556 sunt
3041 5513 3270 5570 argento
3310 5495 3556 5571 probato,

1979 5613 2103 5652 eum
2146 5597 2266 5652 illas
2301 5602 2618 5664 sequentes,
2647 5599 2873 5663 argento
2909 5589 3155 5659 ptit'lUl‘CS
3180 5597 3232 5643 et
3266 5588 3557 5658 fulgentio-

1979 5705 2068 5744 res
2102 5689 2349 5744 reddant.

2055 5890 2212 5946 Vrns.
2255 5891 2342 5946 ΞΟ.
2377 5889 2436 5944 In
2469 5893 2562 5944 viis
2597 5891 2828 5961 justitia:
2855 5889 3084 5944 ambulo.
3123 5887 3247 5945 Haec
3273 5889 3398 5955 illis,
3435 5897 3553 5942 tan-
