3960 6230
282 323 419 391 1297

1346 341 1879 409 COMMENTARII
1920 348 2002 411 ΙΝ
2040 351 2498 415 PROVERBIA.

3400 356 3536 420 1298

278 444 381 498 εἴτι
421 443 591 516 πέρας
641 445 726 518 εἴη
770 447 866 521 τῆς
922 451 1046 522 γῆς,
1099 454 1188 508 καὶ
1218 456 1510 530 οἰκήτοράς
1565 478 1717 527 τινας
1752 464 1828 517 κέ·

1950 468 2288 534 incoluntur,
2317 469 2424 524 etsi
2466 470 2538 525 sit
2582 468 2851 526 terminus
2887 476 3067 537 terrae,
3104 478 3161 526 et
3193 471 3406 540 aliquos
3451 473 3535 524 in-

277 551 489 605 κτηται.

345 627 448 693 κζ’.
486 628 696 687 Ἦνίκα
744 634 1017 707 ἡτοίμαζε
1070 638 1178 692 τὸν
1218 643 1501 709 οὐρανὸν,
1571 659 1848 717 συμπαρ-

272 718 439 787 ἠμην
465 721 646 787 αὐτῷ.
687 720 855 779 Ὅταν
908 726 964 780 δὲ
996 727 1284 801 εὐτρέπιζε
1326 733 1419 786 τὸν
1453 735 1679 807 οὐρανὸν
1708 739 1851 810 ἡλίῳ

276 814 370 869 καὶ
394 815 589 888 σελήνῃ
617 818 711 871 καὶ
732 819 950 892 ἄστροις
970 822 1331 896 καθωραῖζων
1354 825 1537 893 αὐτὸν,
1565 828 1847 901 συνυπῆρ-

273 921 367 973 χον
390 906 537 977 αὐτῷ
564 907 661 961 καὶ
704 911 1033 981 συνήργουν,
1064 915 1350 984 ὁμοούσιος
1397 917 1546 990 αύτῷ
1582 919 1849 993 ὑπάρχων

272 1001 368 1048 καὶ
406 998 773 1065 ὲνυπόστατος
806 1001 1037 1073 δύναμις
1077 1009 1172 1061 καὶ⁹
1201 1008 1386 1078 σοφία.
1528 1073 1534 1080 _

339 1090 451 1144 Καὶ
500 1089 600 1144 ὅτε
643 1092 892 1164 ἁφὼριζε
930 1097 1038 1151 τὸν
1082 1099 1301 1155 ἑαυτοῦ
1339 1102 1559 1169 θρόνον
1595 1103 1689 1158 ἐπ’
1715 1104 1848 1160 ἀνέ-

264 1196 412 1250 μων.
445 1181 556 1236 Καὶ
580 1183 670 1238 ὅτε
700 1185 800 1255 τῆς
819 1187 1092 1254 ούσιωδῶς
1129 1190 1450 1261 ὑφεστώσης
1491 1194 1656 1249 αὐτοῦ
1694 1196 1846 1267 βασι⁶

268 1269 437 1338 λείας,
457 1272 551 1326 τοῦ
578 1274 638 1341 ἐξ
661 1276 826 1330 αὑτοῦ
844 1278 1302 1353 ἐκπορευομένου,
1318 1283 1410 1337 καὶ
1433 1285 1626 1356 ἐνέμοὶ
1649 1288 1846 1357 ὁμοου-

240 1361 402 1437 ησέως
455 1364 895 1439 ἀναπαυομένου.
929 1370 1196 1440 παναγίου
1240 1373 1557 1445 Πνεύματος
1617 1377 1844 1451 ἀφιέρου

266 1452 366 1524 τὴν
402 1455 586 1527 χάριν,
607 1457 1059 1516 ὲπαναπαύεσθαι
1082 1464 1192 1528 τοῖς
1215 1464 1530 1534 ἀγγελικοῖς
1569 1468 1843 1540 πνεύμασι

267 1547 361 1599 καί
398 1547 694 1618 οὐρανίοις,
735 1551 833 1622 τὴν
874 1552 1013 1625 πρὸς
1056 1554 1188 1609 αὑτὸ
1222 1558 1437 1623 τούτοις
1481 1559 1842 1633 χαριζόμενος

264 1637 600 1707 οἰκειότητα.

335 1737 444 1801 κη’.
492 1732 701 1787 Ἡνίκα
751 1735 971 1804 ισχυρὰ
998 1736 1186 1792 ἐποίει
1230 1742 1303 1794 τὰ
1357 1740 1479 1795 ἅνω
1528 1742 1704 1813 νέφη,
1739 1746 1837 1800 καὶ

263 1823 558 1894 ἀσφαλεῖς
590 1826 769 1881 ἐτίθει
786 1829 984 1898 πηγὰς
1012 1828 1122 1899 τῆς
1146 1832 1247 1886 ὑπ’
1269 1834 1551 1900 οὐρανόν.
1585 1834 1696 1889 Καὶ
1713 1838 1839 1891 ὀπό-

263 1932 362 1969 ταν
389 1915 678 1985 εἰργάζετο
717 1918 982 1990 ἁρῤαγεϊς
1007 1921 1105 1986 τὰς
1145 1921 1287 1993 ὑπὲρ
1336 1924 1439 1994 γῆν
1462 1925 1711 1995 νεφέλας,
1743 1929 1840 1982 καὶ

259 2000 349 2060 οἷά
388 2024 540 2070 τινας
595 2008 937 2078 φυλακτικάς
975 2011 1183 2067 ὑδάτων
1232 2014 1435 2084 πηγὰς,
1463 2016 1637 2070 ἐποίει
1664 2017 1839 2074 ταῦτα

259 2100 340 2161 είς
368 2099 427 2152 τὸ
450 2100 699 2171 ἀρδεύειν
722 2101 822 2174 τὴν
851 2103 976 2174 γῆν.
1610 2100 1613 2101 ν

328 2279 430 2335 κθν.
480 2282 585 2336 Ἐν
634 2279 713 2348 τῷ
752 2283 977 2338 τιθέναι
1007 2283 1195 2340 αὐτὸν
1241 2284 1317 2355 τῇ
1359 2286 1647 2357 θαλάσσῃ
1673 2288 1835 2365 ἀκρι-

256 2371 491 2447 ὅασμὸν
529 2372 737 2427 αὑτοῦ.
770 2375 880 2427 Καὶ
911 2376 1041 2429 ὅταν
1079 2377 1452 2445 προσέττασσε
1480 2381 1546 2450 τῇ
1587 2378 1832 2452 Θαλάσσῃ

257 2463 334 2533 μὴ
365 2463 712 2535 ὑπερϐαίνειν
757 2465 826 2519 τὰ
853 2467 1053 2537 ἑαυτῆς
1081 2467 1204 2538 ὅρια
1231 2485 1246 2500 ·
1279 2468 1361 2523 διὸ
1413 2469 1510 2523 καὶ
1553 2470 1614 2524 οὐ
1666 2488 1836 2543 παρα-

252 2555 502 2625 δράμωσι
550 2557 620 2611 τὰ
674 2557 879 2629 ταύτης
952 2557 1119 2614 ὕδατα
1149 2600 1164 2625 ,
1210 2561 1271 2614 τὸ
1327 2560 1494 2617 αὑτοῦ
1557 2562 1834 2633 πρόσταγ-

1952 558 2108 614 colas
2136 560 2440 630 possideat.

2022 649 2190 707 Vnus.
2246 651 2335 708 27.
2375 651 2602 719 Quando
2671 654 3014 722 praeparabat
3057 653 3265 716 caelum.
3316 654 3531 708 aderam

1949 758 2070 796 cum
2107 743 2222 798 illo.
2280 743 2511 810 Quando
2570 746 2914 815 prmparabat
2967 745 3190 808 emlum,
3224 747 3341 802 sole
3397 746 3554 807 illud,

1949 832 2078 889 luna
2112 843 2166 890 et
2187 836 2362 892 stellis
2386 837 2700 903 illustrans,
2734 837 2979 905 aderam,
3002 844 3056 894 et
3091 853 3217 893 cum
3257 839 3350 893 illo
3382 841 3533 896 labo-

1949 928 2161 994 rabam,
2197 944 2322 985 cum
2359 931 2464 987 sim
2511 932 2588 986 illi
2631 931 3145 998 consubstantialis,
3193 941 3249 987 et
3293 949 3387 1002 per
3447 949 3532 989 me

1949 1019 2259 1081 subsistens
2290 1023 2540 1092 potentia
2569 1033 2624 1079 et
2650 1023 2946 1095 sapientia.

2020 1109 2248 1178 Quando
2297 1115 2568 1169 constituit
2622 1116 2866 1169 thronum
2924 1131 3079 1170 suum
3120 1133 3282 1187 super
3332 1127 3528 1174 ventos.

1947 1201 2197 1271 Quando,
2255 1205 2421 1276 regali
2471 1205 2593 1275 ejus
2652 1206 2919 1276 dignitate
2952 1221 3049 1277 per
3079 1222 3139 1264 se
3169 1208 3527 1277 subsistente,

1948 1294 2281 1351 sanctissimi
2334 1295 2574 1366 Spiritus
2617 1313 2686 1355 ex
2717 1298 2811 1353 illo
2854 1299 3202 1370 procedentis
3242 1312 3297 1355 et
3341 1301 3396 1356 in
3444 1316 3529 1356 me

1946 1387 2492 1444 consubstantialiter
2530 1392 2929 1461 requiescentis
2967 1392 3201 1464 gratiam
3229 1406 3526 1449 consecra-

1944 1477 2058 1541 bat,
2092 1488 2150 1533 ut
2182 1479 2240 1534 in
2277 1481 2542 1550 angelicis
2573 1492 2627 1537 et
2659 1483 2976 1539 caelestibus
3028 1484 3314 1555 spiritibus
3371 1486 3527 1556 quie-

1942 1578 2145 1637 sceret,
2172 1571 2479 1630 concedens
2510 1572 2622 1630 illis
2644 1573 2766 1645 ejus
2799 1573 3250 1633 familiaritatem.

1988 1750 2182 1809 VVans.
2214 1751 2303 1808 28.
2347 1752 2573 1820 Quando
2626 1755 2824 1811 solidas
2870 1757 3066 1827 faceret
3122 1776 3239 1831 quin
3310 1779 3525 1818 sursum

1941 1852 2064 1897 sunt
2083 1844 2266 1910 nubes,
2295 1852 2345 1898 et
2377 1861 2589 1901 securos
2633 1848 2873 1904 redderet
2906 1853 3074 1922 fontes
3104 1852 3248 1909 illius
3280 1871 3398 1923 qua:
3426 1860 3522 1912 sub

1940 1936 2068 1990 caelo
2126 1946 2201 1991 est
2232 1939 2478 2008 regionis.
2527 1939 2597 1994 Et
2626 1941 2846 2010 quando
2903 1941 3118 2016 faceret.
3145 1945 3371 2004 nebulas
3403 1965 3525 2020 quas

1940 2034 2069 2082 sunt
2123 2043 2288 2098 super
2355 2038 2584 2100 terram,
2653 2030 2728 2086 ita
2777 2041 2838 2088 ut
2894 2046 3000 2089 non
3052 2046 3398 2107 rumpantur,
3471 2052 3523 2097 et

1938 2121 2095 2191 quasi
2123 2123 2557 2180 conservatrices
2576 2138 2844 2196 aquarum
2868 2124 3069 2193 fontes,
3097 2127 3188 2182 illa
3212 2130 3280 2185 ad
3323 2138 3521 2187 terram

1936 2211 2263 2281 irrigandam
2281 2212 2506 2270 faceret.

2009 2299 2170 2359 Vsus.
2204 2302 2297 2361 29.
2328 2303 2460 2360 Cum
2490 2307 2629 2361 mari
2658 2318 2872 2376 poneret
2897 2325 3053 2364 suum
3073 2312 3360 2367 dominium
3394 2316 3521 2368 stri-

1934 2399 2097 2445 clum.
2134 2390 2200 2446 Et
2231 2393 2455 2463 quando
2485 2394 2789 2466 imperabat
2822 2399 2960 2453 mari
2995 2415 3064 2455 ne
3094 2403 3357 2458 terminos
3387 2419 3521 2460 suos

1935 2484 2215 2539 transiret.
2250 2485 2317 2542 Et
2362 2485 2569 2543 idcirco
2613 2488 2903 2558 imperium
2976 2491 3098 2562 ejus
3146 2509 3256 2550 non
3312 2496 3521 2551 violant

1933 2588 2086 2645 aquae
2129 2577 2318 2659 maris,
2350 2577 2444 2634 sed
2475 2578 2528 2634 in
2564 2579 2741 2651 seipsa
2776 2579 2981 2640 ﬂuctus
3035 2599 3172 2643 suos
3210 2584 3517 2659 frangunt).

257 2664 369 2715 μα,
401 2647 518 2702 ἀλλ’
547 2649 607 2702 ὲν
645 2650 785 2721 αὐτῇ
833 2649 901 2704 τὰ
952 2652 1176 2721 κύματα
1234 2652 1405 2724 αὐτῆς
1445 2653 1833 2728 συντριϐήσον-
1934 2700 1944 2707 .

251 2752 365 2794 ται.

332 2830 440 2885 Kal
468 2797 691 2900 ἰσχυρδ
708 2833 898 2888 ἐποίει
926 2833 1000 2888 τὰ
1033 2834 1277 2905 θεμέλια
1305 2835 1418 2905 τῆς
1446 2836 1579 2908 τῆς.
1606 2838 1752 2910 Πρὸς
1773 2840 1830 2895 δὲ

252 2922 348 2975 καὶ
381 2923 602 2992 ήδραίου
635 2924 733 2994 τὴν
766 2926 937 2997 ῥυτὴν
963 2926 1167 2981 τούτων
1194 2929 1375 2997 φύσιν,
1406 2927 1505 3002 τὴν
1531 2929 1702 3001 ξηρὰν
1729 2931 1826 2986 καὶ

251 3015 545 3087 κατωφερῆ
577 3018 681 3087 γῆν
714 3016 980 3088 θεμελιῶν
1002 3018 1096 3073 ἐπὶ
1125 3018 1234 3073 τῶν
1262 3020 1487 3077 ὑδάτων.

318 3187 383 3244 λ..
410 3190 612 3258 νΗμην
625 3193 761 3260 παρ’
779 3191 940 3259 αὐτῷ
956 3194 1314 3264 ἁρμόζουσα.
1341 3197 1633 3262 Συναῖδίως
1656 3198 1827 3270 ὑπῆρ-

246 3298 342 3354 χον
389 3283 764 3355 ὀμοουσιότητι
804 3285 938 3357 παρ’
963 3286 1133 3358 αὐτῷ,
1170 3287 1526 3360 συναρμόζων
1576 3290 1675 3355 τὰς
1716 3292 1825 3345 τῶν

246 3373 416 3428 ὄντων
450 3375 653 3440 ὀὐσίας
687 3378 801 3441 τοῖς
846 3377 943 3431 ἐπὶ
980 3378 1206 3443 ταύταις
1245 3381 1597 3450 προαιωνίοις
1627 3383 1824 3438 τούτου

247 3467 568 3538 θελήμασιν,
594 3470 652 3521 ὲν
684 3468 762 3538 τῷ
784 3469 929 3524 κατὰ
955 3469 1127 3524 ταῦτα
1166 3472 1381 3526 ᾶπαντα
1409 3473 1690 3547 ὑφιστᾷν.·

329 3583 469 3654 Ἐγὼ
515 3584 678 3653 ἢμην
721 3577 762 3656 ᾗ
794 3584 1154 3654 προσέχαιρε
1183 3588 1313 3642 καθ’
1359 3587 1611 3656 ἡμέραν.
1650 3588 1827 3653 Αὐτὸς

246 3676 491 3746 ὑπῆρχον
518 3670 562 3744 ᾧ
591 3675 711 3730 καθ’
743 3675 981 3744 ἑκάστην
1009 3676 1119 3731 τῶν
1159 3678 1254 3749 τῆς
1293 3679 1656 3750 δημιουργίας
1682 3681 1822 3735 ἑπτὰ

242 3765 490 3836 ἡμερῶν,
528 3766 864 3837 ὲνηγάλλητο
921 3767 1334 3839 συμπληροῦντι
1372 3769 1515 3823 κατὰ
1560 3770 1621 3824 τὸ
1673 3771 1823 3842 αὐτῷ

246 3864 505 3935 βουλητὸν
563 3867 632 3919 τὰ
682 3865 807 3919 καθ’
834 3866 1062 3931 ἕκαστα,
1088 3866 1182 3920 καὶ
1210 3864 1300 3919 διὰ
1325 3864 1529 3920 τούτων
1582 3866 1658 3929 ὡς
1685 3883 1825 3938 συμ-

243 3957 418 4011 ϐόλων
448 3957 835 4029 θεωρουμένῳ.

328 4072 432 4126 λα’.
459 4074 892 4141 Εὑφραινόμην
917 4073 986 4127 δὲ
1031 4075 1102 4129 ἐν
1150 4072 1449 4143 προσώπῳ
1505 4071 1725 4137 αὐτοῦ,
1752 4072 1825 4136 ἐν

240 4165 420 4219 παντὶ
441 4165 649 4233 καιρῷ,
668 4166 766 4218 ὅτε
790 4167 1144 4235 εὐφραίνετο
1161 4166 1278 4234 τὴν
1292 4162 1659 4234 οἰκουμένην
1674 4177 1822 4218 συν-

239 4256 519 4324 τελέσας,
537 4258 635 4311 καὶ
653 4258 1007 4327 εὐφραίνετο
1030 4259 1100 4312 ἐν
1114 4258 1267 4324 υίοῖς
1279 4257 1627 4326 ἀνθρώπων.
1663 4254 1721 4308 '0
1728 4271 1823 4325 μο-

240 4347 401 4413 θελὴς
424 4350 469 4402 δ’
506 4350 771 4419 ὑπάρχων
808 4349 980 4421 αὐτῷ,
1006 4351 1080 4415 ὡς
1105 4352 1197 4404 καὶ
1212 4350 1520 4421 όμοούσιος,
1545 4347 1818 4420 ἠγαλλιώ-

243 4455 354 4508 μην
405 4441 499 4491 καὶ
546 4440 710 4504 αὐτὸς
760 4441 992 4495 ἐνώπιον
1020 4442 1213 4497 τούτου
1244 4441 1335 4495 διὰ
1362 4441 1589 4507 παντὸς,
1617 4441 1819 4494 ὁπόταν

1948 4477 1992 4533 le
2052 4477 2328 4545 omnibus,

238 4529 594 4599 ὴγαλλύνετο,
624 4534 937 4606 ἀπαρτίσας
986 4538 1052 4607 τῇ
1102 4537 1161 4589 ὲν
1219 4534 1498 4606 Πνεύματι
1542 4535 1819 4589 τελειώσει

235 4623 359 4677 τότε
392 4623 452 4678 τὸ
485 4626 593 4678 πᾶν
619 4642 635 4657 ο
667 4627 761 4680 καὶ
791 4625 1010 4699 ἔχαιρεν
1034 4627 1128 4682 ἐπὶ
1160 4630 1227 4699 τῇ
1257 4626 1351 4681 τοῦ
1382 4628 1574 4697 γένους
1595 4628 1706 4682 τῶν
1734 4629 1820 4683 ἀν·

234 4715 265 4770 θ
273 4716 472 4786 ρώπων
497 4720 826 4788 παραγωγῇ,
852 4719 1307 4784 ἀποτελεσθέντως
1329 4722 1451 4774 κατ’
1470 4719 1656 4774 εἰκόνα
1674 4722 1709 4792 ἡ
1722 4736 1819 4791 με·-

234 4806 399 4876 τέραν
422 4806 518 4859 καὶ
550 4805 673 4859 καθ’
701 4805 981 4876 ὁμοίωσιν.

306 4919 403 4993 λβ’.
433 4922 564 4977 Νῦν
586 4919 718 4988 οὖν,
754 4923 865 4990 υἱὲ,
897 4923 1082 4978 ἄκουέ
1118 4943 1261 4996 μου,
1301 4926 1398 4980 καί
1439 4928 1720 4996 μακάριοι
1761 4927 1823 4980 οἳ

230 5013 413 5079 ὁδούς
434 5032 553 5083 μου
576 5014 1161 5087 φυλάξουσιν.”Αρτι
1190 5019 1389 5085 τοίνυν,
1422 5019 1555 5089 ἐμὸν
1589 5019 1816 5090 θρέμμα

228 5104 327 5157 καὶ
353 5106 650 5176 παίδευμα,
698 5105 887 5159 πείθου
940 5125 1029 5178 μοι
1053 5125 1068 5140 ο
1096 5109 1190 5162 καὶ
1241 5109 1350 5182 γὰρ
1390 5111 1732 5177 άξιέπαινοι,
1763 5110 1812 5163 οἳ

228 5195 550 5260 πεισθέντες
614 5215 726 5268 μοι,
765 5200 1080 5279 τηρήσουσι
1112 5200 1210 5261 τὰς
1266 5202 1403 5274 ἐμὰς
1455 5203 1674 5268 ἐντολὰς
1704 5203 1813 5258 λοι-

166 5294 179 5299 ·
228 5283 352 5338 πὸν.

296 5395 399 5463 λγθ.
441 5398 770 5454 Ἀκούσατε
821 5401 1121 5470 παιδείαν,
1171 5405 1269 5460 καὶ
1319 5408 1681 5477 σοφίσθητε,
1708 5411 1806 5465 καὶ

217 5484 310 5557 μὴ
345 5487 754 5558 ἀποφραγῆτε.
792 5492 1128 5566 Παιδεύθητε
1160 5496 1367 5560 ταύτας
1419 5499 1680 5567 ἅπαντες,
1714 5503 1807 5556 καὶ

225 5578 533 5733 ἓετάσχετέ
570 5598 696 5652 μου,
739 5583 830 5636 καὶ
867 5585 966 5648 τὰς
1015 5586 1157 5658 ἐμὰς
1184 5590 1427 5656 εἰσόδους
1460 5593 1535 5663 μὴ
1556 5593 1803 5664 ἀποφρά-

260 5684 376 5733 ητε.
1474 5704 1477 5709 ν

298 5685 376 5722 τε.
1474 5704 1477 5709 '

298 5685 376 5722 τε.
1474 5704 1477 5709 ν

260 5684 391 5812 ηλδν.
410 5764 717 5834 Μακάριος
733 5767 910 5839 ἀνὴρ,
933 5770 999 5837 ὃς
1028 5774 1449 5830 είσακούσεταί
1493 5794 1630 5846 μου.
1669 5777 1800 5844 Ἀξι-

2002 2872 2073 2927 Ει
2124 2871 2284 2941 ﬁrma
2342 2884 2583 2944 poneret‘
2612 2877 2964 2945 fundamenta
3049 2886 3224 2934 terra.
3284 2875 3517 2949 Insuper

1932 2963 2153 3034 quando
2189 2963 2443 3019 ﬁrmabat
2469 2973 2723 3020 naturam
2757 2968 2979 3022 illorum
3020 2968 3266 3033 ﬂuidam,
3306 2978 3512 3024 terram

1930 3053 2132 3109 siccam
2164 3061 2219 3109 et
2240 3069 2362 3124 quae
2390 3053 2459 3110 ad
2492 3054 2752 3112 inferiora
2791 3056 2985 3137 tendit,
3021 3074 3120 3129 pro
3155 3057 3515 3115 fundamento

1856 3146 1899 3203 C
1933 3144 2115 3215 posuit
2143 3160 2310 3215 super
2350 3160 2542 3216 aquas.

2006 3234 2177 3292 Vsus.
2205 3237 2296 3293 30.
2335 3237 2569 3293 Aderam
2617 3255 2929 3309 componens
2967 3258 3087 3296 cum
3119 3258 3198 3297 eo.
3246 3242 3513 3299 Caeterum

1929 3332 2153 3390 aderam
2191 3334 2274 3388 illi
2319 3334 2914 3398 consubstantialitate.
2966 3349 3301 3405 componens
3332 3351 3513 3390 rerum

1926 3426 2224 3497 essentiam
2267 3441 2369 3497 per
2422 3427 2544 3496 ejus
2580 3426 2635 3481 in
2685 3425 2775 3482 bis
2801 3426 3114 3482 voluntates
3151 3441 3273 3496 quae
3314 3428 3514 3483 srecula

1924 3519 2264 3591 praecedunt,
2295 3525 2357 3573 ut
2384 3519 2566 3574 omnia
2591 3518 2895 3576 secundum
2914 3533 2977 3573 ea
3007 3517 3339 3575 subsistant.

2000 3631 2123 3700 Ipse
2150 3631 2370 3686 aderam
2412 3646 2531 3685 cum
2559 3630 2814 3702 gauderet
2844 3629 3133 3687 secundum
3182 3630 3318 3687 diem
3350 3631 3512 3704 (quo-

1926 3722 2102 3794 tidie).
2145 3722 2265 3793 Ipse
2293 3723 2543 3790 aderam,
2594 3723 2816 3794 quando
2848 3724 2901 3777 in
2942 3738 3271 3794 unaquaque
3303 3733 3510 3795 septem

1928 3815 2141 3869 dierum
2194 3815 2471 3871 creatione
2504 3813 2769 3886 gauderet
2805 3829 2932 3870 cum
2985 3815 3272 3885 perliceret
3314 3831 3513 3873 secun-

1924 3905 2055 3960 dum
2102 3904 2443 3961 voluntatem
2511 3905 2701 3960 omnia.
2751 3905 2901 3963 circa
2946 3911 3396 3980 unumquodque,
3455 3921 3509 3967 et

1924 4012 2020 4067 per
2044 4011 2109 4051 ea
2136 4003 2395 4067 tanquam
2426 4010 2524 4067 per
2551 3997 2801 4069 symbola
2835 4009 3281 4070 cognosceretur.

1994 4108 2164 4165 Vens.
2200 4110 2288 4166 5i.
2324 4090 2648 4166 Gaudebam.
2679 4124 2801 4167 ante
2853 4112 3053 4183 faciem
3113 4115 3248 4184 ejus,
3280 4118 3335 4172 in
3366 4119 3512 4173 omni

1923 4209 2153 4273 tempore
2195 4218 2298 4274 quo
2347 4204 2710 4258 delectabatur
2762 4213 2960 4259 terram
3010 4206 3311 4276 perﬁciens,
3358 4217 3410 4262 et
3455 4211 3510 4264 in

1920 4294 2050 4366 ﬁliis
2073 4295 2345 4349 hominum
2390 4296 2774 4353 oblectabatur.
2803 4297 3005 4353 Eadem
3040 4313 3106 4353 ac
3146 4300 3263 4371 ipse
3298 4302 3506 4367 volens,

1921 4394 1983 4442 ut
2027 4387 2532 4454 consubstantialis,
2583 4388 2886 4460 gaudebam
2927 4397 2982 4446 et
3026 4406 3144 4461 Ipse
3197 4407 3382 4448 coram
3440 4410 3507 4449 eo

2383 4476 2607 4548 quando
2663 4478 3037 4537 delectabatur
3091 4485 3272 4538 omnia
3324 4484 3505 4554 perte.

1924 4571 2109 4626 ctione
2138 4570 2365 4640 spiritus
2396 4572 2812 4642 componendo;
2842 4582 2898 4629 et
2924 4575 3233 4632 exsultabat
3252 4579 3303 4633 in
3330 4579 3503 4634 homi-

1920 4678 2051 4718 num
2095 4670 2306 4733 naturae
2361 4663 2752 4735 productione,
2804 4664 2976 4723 factae
3011 4668 3078 4725 ad
3126 4669 3414 4743 imaginem
3451 4681 3503 4727 et

1919 4761 2167 4810 nostram
2208 4753 2657 4811 similitudinem.
3248 4770 3251 4771 '

1989 4948 2159 5005 Vens.
2222 4949 2313 5005 52.
2375 4947 2535 5005 Nunc
2589 4966 2734 5022 ergo,
2786 4952 2935 5016 audi,
2983 4950 3064 5021 ﬁli
3128 4951 3222 5014 mi,
3271 4958 3319 5003 et
3363 4952 3500 5003 beati

1916 5043 2006 5110 qui
2029 5043 2139 5096 vias
2185 5059 2326 5096 meas
2354 5042 2678 5097 custodiunt.
2733 5043 2877 5113 Ergo
2933 5056 3103 5112 genus
3135 5048 3190 5095 et
3225 5040 3495 5108 discipule

1917 5133 2161 5199 mi,audi
2205 5149 2327 5200 me;
2361 5141 2415 5190 et
2459 5134 2664 5198 felices,
2725 5135 2819 5204 qui
2885 5148 2972 5188 me
3006 5130 3494 5197 audientes,.meas

1913 5226 2224 5282 voluntates
2265 5226 2585 5282 custodiunt
2616 5240 2856 5295 semper.

1981 5423 2149 5481 Vnus.
2193 5426 2291 5483 55.
2322 5428 2527 5481 Audite
2577 5424 2940 5493 disciplinam,
2992 5431 3044 5479 et
3097 5424 3360 5502 sapientes
3408 5441 3483 5479 es:

1911 5524 2034 5577 tote,
2059 5526 2107 5570 et
2139 5533 2203 5571 ne
2223 5517 2599 5572 obstruamini.
2621 5517 2826 5571 Discite
2866 5517 3004 5583 haec,
3040 5531 3258 5580 omnes,
3289 5526 3347 5571 et
3379 5513 3483 5578 mei

1907 5607 2204 5677 participes
2256 5615 2450 5672 estote,
2500 5617 2555 5661 et
2593 5606 2874 5679 ingressus
2922 5622 3076 5662 meos
3105 5623 3171 5663 ne
3222 5607 3475 5664 obstruat:

1910 5698 2000 5754 tis.

1981 5788 2177 5845 Beatus
2212 5793 2390 5857 nomo,
2425 5791 2516 5854 qui
2538 5807 2618 5846 me
2641 5791 2814 5849 audit.
2845 5791 3019 5862 Felix,
3045 5793 3138 5864 qui
3165 5793 3458 5864 cupiditati
