  <div class='ocr_page' id='page_1' title='image "/cluster/home/n/w/nwhite01/storage/ocr_20150623/87 pt.1/mdp.39015032856539/687.png"; bbox 0 0 3960 6230; ppageno 0'>
   <div class='ocr_carea' id='block_1_1' title="bbox 499 234 635 300">
    <p class='ocr_par' dir='ltr' id='par_1_1' title="bbox 499 234 635 300">
     <span class='ocr_line' id='line_1_1' title="bbox 499 234 635 300; baseline 0.015 -2"><span class='ocrx_word' id='word_1_1' title='bbox 499 234 635 300; x_wconf 71' lang='lat'>1299</span> 
     </span>
    </p>
   </div>
   <div class='ocr_carea' id='block_1_2' title="bbox 1822 248 2461 314">
    <p class='ocr_par' dir='ltr' id='par_1_2' title="bbox 1822 248 2461 314">
     <span class='ocr_line' id='line_1_2' title="bbox 1822 248 2461 314; baseline 0.008 -6"><span class='ocrx_word' id='word_1_2' title='bbox 1822 248 2173 311; x_wconf 84' lang='lat' dir='ltr'><strong>PROCOPI]</strong></span> <span class='ocrx_word' id='word_1_3' title='bbox 2217 254 2461 314; x_wconf 63' lang='lat' dir='ltr'><strong>GAZﬂiI</strong></span> 
     </span>
    </p>
   </div>
   <div class='ocr_carea' id='block_1_3' title="bbox 3585 255 3684 320">
    <p class='ocr_par' dir='ltr' id='par_1_3' title="bbox 3585 255 3684 320">
     <span class='ocr_line' id='line_1_3' title="bbox 3585 255 3684 320; baseline 0.01 -1"><span class='ocrx_word' id='word_1_4' title='bbox 3585 255 3684 320; x_wconf 80' lang='lat' dir='ltr'><strong>i300</strong></span> 
     </span>
    </p>
   </div>
   <div class='ocr_carea' id='block_1_4' title="bbox 442 350 2080 436">
    <p class='ocr_par' dir='ltr' id='par_1_4' title="bbox 442 350 2072 421">
     <span class='ocr_line' id='line_1_4' title="bbox 442 350 2072 421; baseline 0.006 -15"><span class='ocrx_word' id='word_1_5' title='bbox 442 394 455 406; x_wconf 92' lang='lat'><strong>.</strong></span> <span class='ocrx_word' id='word_1_6' title='bbox 491 355 594 409; x_wconf 86' lang='lat' dir='ltr'><strong>bus</strong></span> <span class='ocrx_word' id='word_1_7' title='bbox 633 350 868 405; x_wconf 74' lang='lat' dir='ltr'><strong>viriliter</strong></span> <span class='ocrx_word' id='word_1_8' title='bbox 926 350 1225 421; x_wconf 80' lang='lat' dir='ltr'><strong>imperans,</strong></span> <span class='ocrx_word' id='word_1_9' title='bbox 1281 350 1434 406; x_wconf 85' lang='lat' dir='ltr'><strong>audit</strong></span> <span class='ocrx_word' id='word_1_10' title='bbox 1484 367 1591 421; x_wconf 89' lang='lat' dir='ltr'><strong>me,</strong></span> <span class='ocrx_word' id='word_1_11' title='bbox 1644 354 1953 413; x_wconf 84' lang='lat' dir='ltr'><strong>hortantem</strong></span> <span class='ocrx_word' id='word_1_12' title='bbox 2001 376 2072 415; x_wconf 85' lang='lat' dir='ltr'><strong>ne</strong></span> 
     </span>
    </p>
   </div>
   <div class='ocr_carea' id='block_1_5' title="bbox 2184 350 3684 436">
    <p class='ocr_par' dir='ltr' id='par_1_5' title="bbox 2184 363 3684 436">
     <span class='ocr_line' id='line_1_5' title="bbox 2184 363 3684 436; baseline 0.004 -19"><span class='ocrx_word' id='word_1_13' title='bbox 2184 364 2400 428; x_wconf 83' lang='grc' dir='ltr'>έπαινος</span> <span class='ocrx_word' id='word_1_14' title='bbox 2447 364 2505 427; x_wconf 80' lang='grc' dir='ltr'>ὃς</span> <span class='ocrx_word' id='word_1_15' title='bbox 2555 363 2694 418; x_wconf 81' lang='grc' dir='ltr'>κατὰ</span> <span class='ocrx_word' id='word_1_16' title='bbox 2743 363 2853 418; x_wconf 88' lang='grc' dir='ltr'><strong>τῶν</strong></span> <span class='ocrx_word' id='word_1_17' title='bbox 2912 363 3100 419; x_wconf 79' lang='grc' dir='ltr'>παθῶν</span> <span class='ocrx_word' id='word_1_18' title='bbox 3148 364 3548 436; x_wconf 80' lang='grc' dir='ltr'>ἁνδρισάμενος,</span> <span class='ocrx_word' id='word_1_19' title='bbox 3593 386 3684 423; x_wconf 73' lang='lat' dir='ltr'><strong>m-</strong></span> 
     </span>
    </p>
   </div>
   <div class='ocr_carea' id='block_1_6' title="bbox 496 443 959 501">
    <p class='ocr_par' dir='ltr' id='par_1_6' title="bbox 496 443 959 501">
     <span class='ocr_line' id='line_1_6' title="bbox 496 443 959 501; baseline -0.004 -1"><span class='ocrx_word' id='word_1_20' title='bbox 496 445 603 501; x_wconf 89' lang='lat' dir='ltr'><strong>illis</strong></span> <span class='ocrx_word' id='word_1_21' title='bbox 621 443 959 500; x_wconf 81' lang='lat' dir='ltr'><strong>succumbat.</strong></span> 
     </span>
    </p>
   </div>
   <div class='ocr_carea' id='block_1_7' title="bbox 559 620 2081 696">
    <p class='ocr_par' dir='ltr' id='par_1_7' title="bbox 559 620 2081 696">
     <span class='ocr_line' id='line_1_7' title="bbox 559 620 2081 696; baseline 0.005 -20"><span class='ocrx_word' id='word_1_22' title='bbox 559 620 628 676; x_wconf 83' lang='lat' dir='ltr'><strong>Et</strong></span> <span class='ocrx_word' id='word_1_23' title='bbox 658 625 738 677; x_wconf 83' lang='lat' dir='ltr'><strong>vir</strong></span> <span class='ocrx_word' id='word_1_24' title='bbox 760 622 853 694; x_wconf 82' lang='lat' dir='ltr'><strong>qui</strong></span> <span class='ocrx_word' id='word_1_25' title='bbox 879 622 993 677; x_wconf 79' lang='lat' dir='ltr'><strong>vias</strong></span> <span class='ocrx_word' id='word_1_26' title='bbox 1026 637 1170 677; x_wconf 82' lang='lat' dir='ltr'><strong>meas</strong></span> <span class='ocrx_word' id='word_1_27' title='bbox 1204 622 1461 678; x_wconf 80' lang='lat' dir='ltr'><strong>custodit.</strong></span> <span class='ocrx_word' id='word_1_28' title='bbox 1498 624 1564 679; x_wconf 85' lang='lat' dir='ltr'><strong>Et</strong></span> <span class='ocrx_word' id='word_1_29' title='bbox 1590 624 1684 696; x_wconf 85' lang='lat' dir='ltr'><strong>qui</strong></span> <span class='ocrx_word' id='word_1_30' title='bbox 1720 639 1944 683; x_wconf 84' lang='lat' dir='ltr'><strong>sursum</strong></span> <span class='ocrx_word' id='word_1_31' title='bbox 1986 641 2081 683; x_wconf 86' lang='lat' dir='ltr'><strong>as-</strong></span> 
     </span>
    </p>
   </div>
   <div class='ocr_carea' id='block_1_8' title="bbox 489 714 1475 786">
    <p class='ocr_par' dir='ltr' id='par_1_8' title="bbox 489 714 1475 786">
     <span class='ocr_line' id='line_1_8' title="bbox 489 714 1475 786; baseline 0 -16"><span class='ocrx_word' id='word_1_32' title='bbox 489 716 721 786; x_wconf 87' lang='lat' dir='ltr'><strong>piciens,</strong></span> <span class='ocrx_word' id='word_1_33' title='bbox 758 729 878 770; x_wconf 90' lang='lat' dir='ltr'><strong>mea</strong></span> <span class='ocrx_word' id='word_1_34' title='bbox 909 714 1165 769; x_wconf 86' lang='lat' dir='ltr'><strong>mandata</strong></span> <span class='ocrx_word' id='word_1_35' title='bbox 1207 716 1475 771; x_wconf 78' lang='lat' dir='ltr'><strong>custodit.</strong></span> 
     </span>
    </p>
   </div>
   <div class='ocr_carea' id='block_1_9' title="bbox 565 805 2082 881">
    <p class='ocr_par' dir='ltr' id='par_1_9' title="bbox 565 805 2082 881">
     <span class='ocr_line' id='line_1_9' title="bbox 565 805 2082 881; baseline 0.003 -20"><span class='ocrx_word' id='word_1_36' title='bbox 565 805 804 876; x_wconf 81' lang='lat' dir='ltr'><strong>Vigilans</strong></span> <span class='ocrx_word' id='word_1_37' title='bbox 842 806 897 859; x_wconf 87' lang='lat' dir='ltr'><strong>in</strong></span> <span class='ocrx_word' id='word_1_38' title='bbox 951 806 1107 860; x_wconf 82' lang='lat' dir='ltr'><strong>atriis</strong></span> <span class='ocrx_word' id='word_1_39' title='bbox 1158 805 1289 860; x_wconf 84' lang='lat' dir='ltr'><strong>meis</strong></span> <span class='ocrx_word' id='word_1_40' title='bbox 1344 806 1598 877; x_wconf 80' lang='lat' dir='ltr'><strong>quotidie.</strong></span> <span class='ocrx_word' id='word_1_41' title='bbox 1665 805 1917 879; x_wconf 71' lang='lat' dir='ltr'><strong>Vigilans</strong></span> <span class='ocrx_word' id='word_1_42' title='bbox 1984 825 2082 881; x_wconf 86' lang='lat' dir='ltr'><strong>per</strong></span> 
     </span>
    </p>
   </div>
   <div class='ocr_carea' id='block_1_10' title="bbox 487 897 2086 970">
    <p class='ocr_par' dir='ltr' id='par_1_10' title="bbox 487 897 2086 970">
     <span class='ocr_line' id='line_1_10' title="bbox 487 897 2086 970; baseline 0.003 -17"><span class='ocrx_word' id='word_1_43' title='bbox 487 914 702 953; x_wconf 86' lang='lat' dir='ltr'><strong>omnem</strong></span> <span class='ocrx_word' id='word_1_44' title='bbox 739 907 1065 968; x_wconf 73' lang='lat' dir='ltr'><strong>praesentem</strong></span> <span class='ocrx_word' id='word_1_45' title='bbox 1095 897 1292 964; x_wconf 84' lang='lat' dir='ltr'><strong>vitam,</strong></span> <span class='ocrx_word' id='word_1_46' title='bbox 1321 914 1492 970; x_wconf 85' lang='lat' dir='ltr'><strong>super</strong></span> <span class='ocrx_word' id='word_1_47' title='bbox 1544 914 1744 956; x_wconf 86' lang='lat' dir='ltr'><strong>sensus</strong></span> <span class='ocrx_word' id='word_1_48' title='bbox 1775 917 1929 968; x_wconf 86' lang='lat' dir='ltr'><strong>suos,</strong></span> <span class='ocrx_word' id='word_1_49' title='bbox 1962 911 2086 957; x_wconf 85' lang='lat' dir='ltr'><strong>tan-</strong></span> 
     </span>
    </p>
   </div>
   <div class='ocr_carea' id='block_1_11' title="bbox 486 990 2080 1061">
    <p class='ocr_par' dir='ltr' id='par_1_11' title="bbox 486 990 2080 1061">
     <span class='ocr_line' id='line_1_11' title="bbox 486 990 2080 1061; baseline 0.003 -17"><span class='ocrx_word' id='word_1_50' title='bbox 486 1006 647 1061; x_wconf 86' lang='lat' dir='ltr'><strong>quam</strong></span> <span class='ocrx_word' id='word_1_51' title='bbox 682 999 870 1061; x_wconf 86' lang='lat' dir='ltr'><strong>portas</strong></span> <span class='ocrx_word' id='word_1_52' title='bbox 921 996 1141 1061; x_wconf 85' lang='lat' dir='ltr'><strong>apertas</strong></span> <span class='ocrx_word' id='word_1_53' title='bbox 1184 990 1253 1046; x_wconf 87' lang='lat' dir='ltr'><strong>ad</strong></span> <span class='ocrx_word' id='word_1_54' title='bbox 1294 992 1822 1061; x_wconf 85' lang='lat' dir='ltr'><strong>contemplationem</strong></span> <span class='ocrx_word' id='word_1_55' title='bbox 1868 1006 2080 1048; x_wconf 84' lang='lat' dir='ltr'><strong>rerum.</strong></span> 
     </span>
    </p>
   </div>
   <div class='ocr_carea' id='block_1_12' title="bbox 549 1172 2085 1242">
    <p class='ocr_par' dir='ltr' id='par_1_12' title="bbox 549 1172 2085 1242">
     <span class='ocr_line' id='line_1_12' title="bbox 549 1172 2085 1242; baseline 0.001 -12"><span class='ocrx_word' id='word_1_56' title='bbox 549 1173 865 1230; x_wconf 83' lang='lat' dir='ltr'><strong>Custodiens</strong></span> <span class='ocrx_word' id='word_1_57' title='bbox 909 1182 1093 1242; x_wconf 82' lang='lat' dir='ltr'><strong>portas</strong></span> <span class='ocrx_word' id='word_1_58' title='bbox 1136 1173 1398 1228; x_wconf 80' lang='lat' dir='ltr'><strong>atriorum</strong></span> <span class='ocrx_word' id='word_1_59' title='bbox 1449 1189 1707 1229; x_wconf 84' lang='lat' dir='ltr'><strong>meorum.</strong></span> <span class='ocrx_word' id='word_1_60' title='bbox 1754 1172 2085 1231; x_wconf 80' lang='lat' dir='ltr'><strong>Custodieus</strong></span> 
     </span>
    </p>
   </div>
   <div class='ocr_carea' id='block_1_13' title="bbox 392 1266 2088 1336">
    <p class='ocr_par' dir='ltr' id='par_1_13' title="bbox 392 1266 2088 1336">
     <span class='ocr_line' id='line_1_13' title="bbox 392 1266 2088 1336; baseline -0.001 -12"><span class='ocrx_word' id='word_1_61' title='bbox 392 1278 397 1281; x_wconf 70' lang='lat'>‘</span> <span class='ocrx_word' id='word_1_62' title='bbox 483 1267 840 1324; x_wconf 74' lang='lat' dir='ltr'><strong>theorelicam</strong></span> <span class='ocrx_word' id='word_1_63' title='bbox 881 1268 1184 1321; x_wconf 86' lang='lat' dir='ltr'><strong>secundum</strong></span> <span class='ocrx_word' id='word_1_64' title='bbox 1230 1266 1485 1336; x_wconf 84' lang='lat' dir='ltr'><strong>spiritum</strong></span> <span class='ocrx_word' id='word_1_65' title='bbox 1519 1266 1993 1332; x_wconf 79' lang='lat' dir='ltr'><strong>constitutionem,</strong></span> <span class='ocrx_word' id='word_1_66' title='bbox 2029 1267 2088 1322; x_wconf 74' lang='lat' dir='ltr'><strong>el</strong></span> 
     </span>
    </p>
   </div>
   <div class='ocr_carea' id='block_1_14' title="bbox 484 1357 2087 1428">
    <p class='ocr_par' dir='ltr' id='par_1_14' title="bbox 484 1357 2087 1428">
     <span class='ocr_line' id='line_1_14' title="bbox 484 1357 2087 1428; baseline -0.003 -11"><span class='ocrx_word' id='word_1_67' title='bbox 484 1360 781 1417; x_wconf 86' lang='lat' dir='ltr'><strong>secundum</strong></span> <span class='ocrx_word' id='word_1_68' title='bbox 800 1357 973 1428; x_wconf 88' lang='lat' dir='ltr'><strong>legem</strong></span> <span class='ocrx_word' id='word_1_69' title='bbox 1001 1358 1298 1427; x_wconf 87' lang='lat' dir='ltr'><strong>practicam</strong></span> <span class='ocrx_word' id='word_1_70' title='bbox 1328 1359 1708 1428; x_wconf 80' lang='lat' dir='ltr'><strong>Operationem</strong></span> <span class='ocrx_word' id='word_1_71' title='bbox 1740 1358 1939 1412; x_wconf 79' lang='lat' dir='ltr'><strong>animae</strong></span> <span class='ocrx_word' id='word_1_72' title='bbox 1965 1370 2087 1427; x_wconf 63' lang='lat' dir='ltr'><strong>quae</strong></span> 
     </span>
    </p>
   </div>
   <div class='ocr_carea' id='block_1_15' title="bbox 484 1450 2081 1521">
    <p class='ocr_par' dir='ltr' id='par_1_15' title="bbox 484 1450 2081 1521">
     <span class='ocr_line' id='line_1_15' title="bbox 484 1450 2081 1521; baseline -0.005 -10"><span class='ocrx_word' id='word_1_73' title='bbox 484 1463 615 1512; x_wconf 88' lang='lat' dir='ltr'><strong>sunt</strong></span> <span class='ocrx_word' id='word_1_74' title='bbox 650 1452 854 1507; x_wconf 82' lang='lat' dir='ltr'><strong>auxilia</strong></span> <span class='ocrx_word' id='word_1_75' title='bbox 885 1450 1253 1506; x_wconf 82' lang='lat' dir='ltr'><strong>custodientia</strong></span> <span class='ocrx_word' id='word_1_76' title='bbox 1301 1451 1368 1505; x_wconf 90' lang='lat' dir='ltr'><strong>ad</strong></span> <span class='ocrx_word' id='word_1_77' title='bbox 1414 1451 1564 1505; x_wconf 90' lang='lat' dir='ltr'><strong>illam</strong></span> <span class='ocrx_word' id='word_1_78' title='bbox 1590 1452 1916 1521; x_wconf 84' lang='lat' dir='ltr'><strong>ingressus;</strong></span> <span class='ocrx_word' id='word_1_79' title='bbox 1959 1465 2081 1505; x_wconf 87' lang='lat' dir='ltr'><strong>mea</strong></span> 
     </span>
    </p>
   </div>
   <div class='ocr_carea' id='block_1_16' title="bbox 482 1539 2085 1612">
    <p class='ocr_par' dir='ltr' id='par_1_16' title="bbox 482 1539 2085 1612">
     <span class='ocr_line' id='line_1_16' title="bbox 482 1539 2085 1612; baseline -0.002 -15"><span class='ocrx_word' id='word_1_80' title='bbox 482 1539 947 1612; x_wconf 84' lang='lat' dir='ltr'><strong>coguoscibilium</strong></span> <span class='ocrx_word' id='word_1_81' title='bbox 968 1539 1095 1594; x_wconf 81' lang='lat' dir='ltr'><strong>linis</strong></span> <span class='ocrx_word' id='word_1_82' title='bbox 1126 1548 1186 1593; x_wconf 88' lang='lat' dir='ltr'><strong>ut</strong></span> <span class='ocrx_word' id='word_1_83' title='bbox 1214 1540 1487 1607; x_wconf 75' lang='lat' dir='ltr'><strong>veritatis,</strong></span> <span class='ocrx_word' id='word_1_84' title='bbox 1518 1548 1575 1596; x_wconf 90' lang='lat' dir='ltr'><strong>et</strong></span> <span class='ocrx_word' id='word_1_85' title='bbox 1597 1540 1995 1610; x_wconf 80' lang='lat' dir='ltr'><strong>practicorum,</strong></span> <span class='ocrx_word' id='word_1_86' title='bbox 2023 1551 2085 1599; x_wconf 84' lang='lat' dir='ltr'><strong>ut</strong></span> 
     </span>
    </p>
   </div>
   <div class='ocr_carea' id='block_1_17' title="bbox 2188 455 3689 532">
    <p class='ocr_par' dir='ltr' id='par_1_17' title="bbox 2188 455 3689 532">
     <span class='ocr_line' id='line_1_17' title="bbox 2188 455 3689 532; baseline 0.005 -23"><span class='ocrx_word' id='word_1_87' title='bbox 2188 455 2449 528; x_wconf 86' lang='grc' dir='ltr'>σθήσεταί</span> <span class='ocrx_word' id='word_1_88' title='bbox 2475 475 2587 529; x_wconf 86' lang='grc' dir='ltr'>μοι,</span> <span class='ocrx_word' id='word_1_89' title='bbox 2650 459 2726 529; x_wconf 81' lang='grc' dir='ltr'>μὴ</span> <span class='ocrx_word' id='word_1_90' title='bbox 2781 458 3111 514; x_wconf 77' lang='grc' dir='ltr'><strong>ὑποπίπτειν</strong></span> <span class='ocrx_word' id='word_1_91' title='bbox 3167 458 3346 523; x_wconf 78' lang='grc' dir='ltr'>αὐτοῖς</span> <span class='ocrx_word' id='word_1_92' title='bbox 3374 460 3689 532; x_wconf 74' lang='grc' dir='ltr'>,παραινοῦντι</span> 
     </span>
    </p>
   </div>
   <div class='ocr_carea' id='block_1_18' title="bbox 2183 547 2353 619">
    <p class='ocr_par' dir='ltr' id='par_1_18' title="bbox 2183 547 2353 619">
     <span class='ocr_line' id='line_1_18' title="bbox 2183 547 2353 619; baseline 0 -17"><span class='ocrx_word' id='word_1_93' title='bbox 2183 547 2353 619; x_wconf 79' lang='grc' dir='ltr'>αὐτῷ.</span> 
     </span>
    </p>
   </div>
   <div class='ocr_carea' id='block_1_19' title="bbox 2253 641 3693 716">
    <p class='ocr_par' dir='ltr' id='par_1_19' title="bbox 2253 641 3693 716">
     <span class='ocr_line' id='line_1_19' title="bbox 2253 641 3693 716; baseline 0.003 -21"><span class='ocrx_word' id='word_1_94' title='bbox 2253 641 2365 696; x_wconf 79' lang='grc' dir='ltr'><strong>Καὶ</strong></span> <span class='ocrx_word' id='word_1_95' title='bbox 2396 641 2706 713; x_wconf 80' lang='grc' dir='ltr'>ἄνθρωπος</span> <span class='ocrx_word' id='word_1_96' title='bbox 2742 644 2812 711; x_wconf 76' lang='grc' dir='ltr'>ὃς</span> <span class='ocrx_word' id='word_1_97' title='bbox 2832 645 2938 712; x_wconf 84' lang='grc' dir='ltr'>τὰς</span> <span class='ocrx_word' id='word_1_98' title='bbox 2965 645 3114 716; x_wconf 75' lang='grc' dir='ltr'><strong>ἐμὰς</strong></span> <span class='ocrx_word' id='word_1_99' title='bbox 3132 644 3311 711; x_wconf 73' lang='grc' dir='ltr'>ὁδοὺς</span> <span class='ocrx_word' id='word_1_100' title='bbox 3334 644 3584 714; x_wconf 74' lang='grc' dir='ltr'>φυλάξει.</span> <span class='ocrx_word' id='word_1_101' title='bbox 3608 646 3693 700; x_wconf 74' lang='grc' dir='ltr'><strong>Καὶ</strong></span> 
     </span>
    </p>
   </div>
   <div class='ocr_carea' id='block_1_20' title="bbox 2181 734 3481 809">
    <p class='ocr_par' dir='ltr' id='par_1_20' title="bbox 2181 734 3481 809">
     <span class='ocr_line' id='line_1_20' title="bbox 2181 734 3481 809; baseline 0.001 -21"><span class='ocrx_word' id='word_1_102' title='bbox 2181 734 2240 801; x_wconf 79' lang='grc' dir='ltr'>ὃς</span> <span class='ocrx_word' id='word_1_103' title='bbox 2270 734 2384 790; x_wconf 86' lang='grc' dir='ltr'><strong>άνω</strong></span> <span class='ocrx_word' id='word_1_104' title='bbox 2412 736 2648 807; x_wconf 78' lang='grc' dir='ltr'><strong>βλέπων,</strong></span> <span class='ocrx_word' id='word_1_105' title='bbox 2676 738 2908 809; x_wconf 77' lang='grc' dir='ltr'><strong>τηρήσει</strong></span> <span class='ocrx_word' id='word_1_106' title='bbox 2940 737 3038 802; x_wconf 77' lang='grc' dir='ltr'><strong>τὰς</strong></span> <span class='ocrx_word' id='word_1_107' title='bbox 3085 736 3225 808; x_wconf 76' lang='grc' dir='ltr'>ἐμὰς</span> <span class='ocrx_word' id='word_1_108' title='bbox 3255 738 3481 802; x_wconf 74' lang='grc' dir='ltr'>ἐντολάς.</span> 
     </span>
    </p>
   </div>
   <div class='ocr_carea' id='block_1_21' title="bbox 2268 827 3696 901">
    <p class='ocr_par' dir='ltr' id='par_1_21' title="bbox 2268 827 3696 901">
     <span class='ocr_line' id='line_1_21' title="bbox 2268 827 3696 901; baseline -0.011 -14"><span class='ocrx_word' id='word_1_109' title='bbox 2268 827 2616 898; x_wconf 76' lang='grc' dir='ltr'>’Λγρυπνῶν</span> <span class='ocrx_word' id='word_1_110' title='bbox 2638 829 2733 883; x_wconf 82' lang='grc' dir='ltr'><strong>ἐπ’</strong></span> <span class='ocrx_word' id='word_1_111' title='bbox 2768 829 2936 901; x_wconf 80' lang='grc' dir='ltr'><strong>ἐμαῖς</strong></span> <span class='ocrx_word' id='word_1_112' title='bbox 2958 831 3164 899; x_wconf 80' lang='grc' dir='ltr'><strong>θύραις</strong></span> <span class='ocrx_word' id='word_1_113' title='bbox 3191 829 3321 884; x_wconf 79' lang='grc' dir='ltr'>καθ’</span> <span class='ocrx_word' id='word_1_114' title='bbox 3340 828 3563 899; x_wconf 75' lang='grc' dir='ltr'>ἡμέραν,</span> <span class='ocrx_word' id='word_1_115' title='bbox 3588 829 3696 899; x_wconf 57' lang='lat' dir='ltr'><strong>rm.</strong></span> 
     </span>
    </p>
   </div>
   <div class='ocr_carea' id='block_1_22' title="bbox 2183 908 3697 994">
    <p class='ocr_par' dir='ltr' id='par_1_22' title="bbox 2183 908 3697 994">
     <span class='ocr_line' id='line_1_22' title="bbox 2183 908 3697 994; baseline -0.001 -21"><span class='ocrx_word' id='word_1_116' title='bbox 2183 920 2364 991; x_wconf 88' lang='grc' dir='ltr'>γορῶν</span> <span class='ocrx_word' id='word_1_117' title='bbox 2386 908 2531 975; x_wconf 82' lang='grc' dir='ltr'>κατὰ</span> <span class='ocrx_word' id='word_1_118' title='bbox 2559 922 2739 975; x_wconf 81' lang='grc' dir='ltr'>πᾶσαν</span> <span class='ocrx_word' id='word_1_119' title='bbox 2763 921 2864 994; x_wconf 80' lang='grc' dir='ltr'>τὴν</span> <span class='ocrx_word' id='word_1_120' title='bbox 2893 921 3175 994; x_wconf 87' lang='grc' dir='ltr'>παροῦσαν</span> <span class='ocrx_word' id='word_1_121' title='bbox 3210 920 3375 993; x_wconf 76' lang='grc' dir='ltr'>ζωὴν,</span> <span class='ocrx_word' id='word_1_122' title='bbox 3410 921 3495 973; x_wconf 74' lang='grc' dir='ltr'><strong>ἐπὶ</strong></span> <span class='ocrx_word' id='word_1_123' title='bbox 3520 923 3614 984; x_wconf 80' lang='grc' dir='ltr'><strong>τοίς</strong></span> <span class='ocrx_word' id='word_1_124' title='bbox 3635 920 3697 972; x_wconf 80' lang='grc' dir='ltr'><strong>δί-</strong></span> 
     </span>
    </p>
   </div>
   <div class='ocr_carea' id='block_1_23' title="bbox 2185 1010 3700 1085">
    <p class='ocr_par' dir='ltr' id='par_1_23' title="bbox 2185 1010 3700 1085">
     <span class='ocr_line' id='line_1_23' title="bbox 2185 1010 3700 1085; baseline 0.001 -24"><span class='ocrx_word' id='word_1_125' title='bbox 2185 1026 2288 1080; x_wconf 83' lang='grc' dir='ltr'><strong>κην</strong></span> <span class='ocrx_word' id='word_1_126' title='bbox 2314 1010 2495 1083; x_wconf 86' lang='grc' dir='ltr'>θυρῶν</span> <span class='ocrx_word' id='word_1_127' title='bbox 2523 1012 3002 1084; x_wconf 76' lang='grc' dir='ltr'>ἀναπεπταμένοις</span> <span class='ocrx_word' id='word_1_128' title='bbox 3043 1013 3181 1085; x_wconf 80' lang='grc' dir='ltr'>πρὸς</span> <span class='ocrx_word' id='word_1_129' title='bbox 3196 1011 3426 1083; x_wconf 78' lang='grc' dir='ltr'><strong>θεωρίαν</strong></span> <span class='ocrx_word' id='word_1_130' title='bbox 3455 1010 3552 1064; x_wconf 82' lang='grc' dir='ltr'><strong>τῶν</strong></span> <span class='ocrx_word' id='word_1_131' title='bbox 3565 1011 3700 1065; x_wconf 77' lang='grc' dir='ltr'>ὄντων</span> 
     </span>
    </p>
   </div>
   <div class='ocr_carea' id='block_1_24' title="bbox 2186 1099 2587 1171">
    <p class='ocr_par' dir='ltr' id='par_1_24' title="bbox 2186 1099 2587 1171">
     <span class='ocr_line' id='line_1_24' title="bbox 2186 1099 2587 1171; baseline -0.002 -16"><span class='ocrx_word' id='word_1_132' title='bbox 2186 1099 2587 1171; x_wconf 77' lang='grc' dir='ltr'>αἰσθητηρίοις.</span> 
     </span>
    </p>
   </div>
   <div class='ocr_carea' id='block_1_25' title="bbox 2263 1181 3703 1265">
    <p class='ocr_par' dir='ltr' id='par_1_25' title="bbox 2263 1181 3703 1265">
     <span class='ocr_line' id='line_1_25' title="bbox 2263 1181 3703 1265; baseline -0.003 -19"><span class='ocrx_word' id='word_1_133' title='bbox 2263 1181 2463 1261; x_wconf 69' lang='grc' dir='ltr'>Τιιῦῶν</span> <span class='ocrx_word' id='word_1_134' title='bbox 2494 1191 2800 1265; x_wconf 75' lang='grc' dir='ltr'>σταθμοὺς</span> <span class='ocrx_word' id='word_1_135' title='bbox 2845 1191 3004 1265; x_wconf 77' lang='grc' dir='ltr'>ἐμῶν’</span> <span class='ocrx_word' id='word_1_136' title='bbox 3027 1192 3300 1247; x_wconf 79' lang='grc' dir='ltr'>εἰσόδων.</span> <span class='ocrx_word' id='word_1_137' title='bbox 3336 1190 3601 1245; x_wconf 78' lang='grc' dir='ltr'>Φυλάσσων</span> <span class='ocrx_word' id='word_1_138' title='bbox 3630 1189 3703 1259; x_wconf 74' lang='grc' dir='ltr'>τὴν</span> 
     </span>
    </p>
   </div>
   <div class='ocr_carea' id='block_1_26' title="bbox 2189 1282 3704 1357">
    <p class='ocr_par' dir='ltr' id='par_1_26' title="bbox 2189 1282 3704 1357">
     <span class='ocr_line' id='line_1_26' title="bbox 2189 1282 3704 1357; baseline -0.003 -20"><span class='ocrx_word' id='word_1_139' title='bbox 2189 1284 2331 1337; x_wconf 78' lang='grc' dir='ltr'>κατὰ</span> <span class='ocrx_word' id='word_1_140' title='bbox 2352 1284 2478 1337; x_wconf 91' lang='grc' dir='ltr'>νοῦν</span> <span class='ocrx_word' id='word_1_141' title='bbox 2508 1284 2855 1357; x_wconf 83' lang='grc' dir='ltr'>θεωρητικὴν</span> <span class='ocrx_word' id='word_1_142' title='bbox 2870 1285 3005 1353; x_wconf 74' lang='grc' dir='ltr'>ἕξιν,</span> <span class='ocrx_word' id='word_1_143' title='bbox 3035 1284 3128 1337; x_wconf 72' lang='grc' dir='ltr'>καὶ</span> <span class='ocrx_word' id='word_1_144' title='bbox 3157 1283 3255 1355; x_wconf 77' lang='grc' dir='ltr'>τὴν</span> <span class='ocrx_word' id='word_1_145' title='bbox 3282 1282 3421 1337; x_wconf 84' lang='grc' dir='ltr'>κατὰ</span> <span class='ocrx_word' id='word_1_146' title='bbox 3439 1282 3580 1351; x_wconf 90' lang='grc' dir='ltr'>λόγον</span> <span class='ocrx_word' id='word_1_147' title='bbox 3598 1298 3704 1347; x_wconf 70' lang='grc' dir='ltr'>πρι-</span> 
     </span>
    </p>
   </div>
   <div class='ocr_carea' id='block_1_27' title="bbox 2187 1362 3706 1448">
    <p class='ocr_par' dir='ltr' id='par_1_27' title="bbox 2187 1362 3706 1448">
     <span class='ocr_line' id='line_1_27' title="bbox 2187 1362 3706 1448; baseline -0.003 -19"><span class='ocrx_word' id='word_1_148' title='bbox 2187 1375 2384 1445; x_wconf 82' lang='grc' dir='ltr'>κτικὴν</span> <span class='ocrx_word' id='word_1_149' title='bbox 2408 1362 2698 1446; x_wconf 70' lang='grc' dir='ltr'>ἒνέργειαν</span> <span class='ocrx_word' id='word_1_150' title='bbox 2733 1377 2832 1448; x_wconf 78' lang='grc' dir='ltr'>τῆς</span> <span class='ocrx_word' id='word_1_151' title='bbox 2860 1375 3040 1448; x_wconf 71' lang='grc' dir='ltr'>ψυχῆς</span> <span class='ocrx_word' id='word_1_152' title='bbox 3073 1375 3173 1441; x_wconf 85' lang='grc' dir='ltr'>τὰς</span> <span class='ocrx_word' id='word_1_153' title='bbox 3205 1372 3534 1445; x_wconf 77' lang='grc' dir='ltr'>φυλακτικάς</span> <span class='ocrx_word' id='word_1_154' title='bbox 3570 1390 3706 1442; x_wconf 76' lang='grc' dir='ltr'>παρα-</span> 
     </span>
    </p>
   </div>
   <div class='ocr_carea' id='block_1_28' title="bbox 2188 1462 3709 1540">
    <p class='ocr_par' dir='ltr' id='par_1_28' title="bbox 2188 1462 3709 1540">
     <span class='ocr_line' id='line_1_28' title="bbox 2188 1462 3709 1540; baseline -0.003 -21"><span class='ocrx_word' id='word_1_155' title='bbox 2188 1467 2441 1531; x_wconf 81' lang='grc' dir='ltr'>στάτιδας</span> <span class='ocrx_word' id='word_1_156' title='bbox 2465 1467 2574 1521; x_wconf 87' lang='grc' dir='ltr'><strong>τῶν</strong></span> <span class='ocrx_word' id='word_1_157' title='bbox 2607 1468 2745 1539; x_wconf 79' lang='grc' dir='ltr'>πρὸς</span> <span class='ocrx_word' id='word_1_158' title='bbox 2774 1467 2948 1540; x_wconf 76' lang='grc' dir='ltr'>αὐτὴν</span> <span class='ocrx_word' id='word_1_159' title='bbox 2974 1465 3196 1521; x_wconf 79' lang='grc' dir='ltr'>εἰσόδων</span> <span class='ocrx_word' id='word_1_160' title='bbox 3235 1482 3338 1537; x_wconf 85' lang='grc' dir='ltr'><strong>μου</strong></span> <span class='ocrx_word' id='word_1_161' title='bbox 3358 1483 3373 1497; x_wconf 73' lang='grc'><strong><em>⁸</em></strong></span> <span class='ocrx_word' id='word_1_162' title='bbox 3400 1466 3613 1535; x_wconf 79' lang='grc' dir='ltr'>πέρατος</span> <span class='ocrx_word' id='word_1_163' title='bbox 3641 1462 3709 1515; x_wconf 72' lang='grc' dir='ltr'>δν-</span> 
     </span>
    </p>
   </div>
   <div class='ocr_carea' id='block_1_29' title="bbox 2184 1557 3712 1630">
    <p class='ocr_par' dir='ltr' id='par_1_29' title="bbox 2184 1557 3712 1630">
     <span class='ocr_line' id='line_1_29' title="bbox 2184 1557 3712 1630; baseline -0.012 -6"><span class='ocrx_word' id='word_1_164' title='bbox 2184 1561 2297 1623; x_wconf 60' lang='grc' dir='ltr'><strong>τος.</strong></span> <span class='ocrx_word' id='word_1_165' title='bbox 2328 1558 2436 1611; x_wconf 79' lang='grc' dir='ltr'>τῶν</span> <span class='ocrx_word' id='word_1_166' title='bbox 2472 1560 2570 1630; x_wconf 84' lang='grc' dir='ltr'>μὲν</span> <span class='ocrx_word' id='word_1_167' title='bbox 2589 1559 2867 1629; x_wconf 84' lang='grc' dir='ltr'>γνωστῶν,</span> <span class='ocrx_word' id='word_1_168' title='bbox 2902 1560 2978 1624; x_wconf 87' lang='grc' dir='ltr'>ὡς</span> <span class='ocrx_word' id='word_1_169' title='bbox 3009 1558 3269 1630; x_wconf 78' lang='grc' dir='ltr'><strong>ἀληθείας</strong></span> <span class='ocrx_word' id='word_1_170' title='bbox 3291 1577 3306 1591; x_wconf 90' lang='grc'><strong>·</strong></span> <span class='ocrx_word' id='word_1_171' title='bbox 3324 1559 3431 1612; x_wconf 83' lang='grc' dir='ltr'><strong>τῶν</strong></span> <span class='ocrx_word' id='word_1_172' title='bbox 3453 1557 3503 1610; x_wconf 83' lang='grc' dir='ltr'>δὲ</span> <span class='ocrx_word' id='word_1_173' title='bbox 3528 1571 3712 1627; x_wconf 79' lang='grc' dir='ltr'>πρακτιρ</span> 
     </span>
    </p>
   </div>
   <div class='ocr_carea' id='block_1_30' title="bbox 484 1630 2080 1724">
    <p class='ocr_par' dir='ltr' id='par_1_30' title="bbox 484 1630 2080 1702">
     <span class='ocr_line' id='line_1_30' title="bbox 484 1630 2080 1702; baseline -0.004 -13"><span class='ocrx_word' id='word_1_174' title='bbox 484 1634 661 1699; x_wconf 89' lang='lat' dir='ltr'><strong>boni,</strong></span> <span class='ocrx_word' id='word_1_175' title='bbox 746 1646 816 1685; x_wconf 89' lang='lat' dir='ltr'><strong>ne</strong></span> <span class='ocrx_word' id='word_1_176' title='bbox 865 1631 1008 1685; x_wconf 87' lang='lat' dir='ltr'><strong>clam</strong></span> <span class='ocrx_word' id='word_1_177' title='bbox 1085 1631 1432 1687; x_wconf 83' lang='lat' dir='ltr'><strong>sensibilium</strong></span> <span class='ocrx_word' id='word_1_178' title='bbox 1507 1631 1850 1702; x_wconf 86' lang='lat' dir='ltr'><strong>apparentiis</strong></span> <span class='ocrx_word' id='word_1_179' title='bbox 1918 1630 2080 1685; x_wconf 87' lang='lat' dir='ltr'><strong>intret</strong></span> 
     </span>
    </p>
   </div>
   <div class='ocr_carea' id='block_1_31' title="bbox 2184 1630 3711 1724">
    <p class='ocr_par' dir='ltr' id='par_1_31' title="bbox 2187 1645 3711 1724">
     <span class='ocr_line' id='line_1_31' title="bbox 2187 1645 3711 1724; baseline -0.005 -19"><span class='ocrx_word' id='word_1_180' title='bbox 2187 1651 2321 1720; x_wconf 86' lang='grc' dir='ltr'>κῶν,</span> <span class='ocrx_word' id='word_1_181' title='bbox 2341 1652 2419 1717; x_wconf 83' lang='grc' dir='ltr'><strong>ὡς</strong></span> <span class='ocrx_word' id='word_1_182' title='bbox 2437 1652 2645 1722; x_wconf 81' lang='grc' dir='ltr'><strong>ἀγαθοῦ</strong></span> <span class='ocrx_word' id='word_1_183' title='bbox 2671 1669 2685 1683; x_wconf 89' lang='grc'><strong>·</strong></span> <span class='ocrx_word' id='word_1_184' title='bbox 2706 1655 2784 1718; x_wconf 87' lang='grc' dir='ltr'><strong>εἰς</strong></span> <span class='ocrx_word' id='word_1_185' title='bbox 2799 1653 2860 1706; x_wconf 80' lang='grc' dir='ltr'>τὸ</span> <span class='ocrx_word' id='word_1_186' title='bbox 2881 1653 2956 1724; x_wconf 79' lang='grc' dir='ltr'>μὴ</span> <span class='ocrx_word' id='word_1_187' title='bbox 2979 1650 3334 1722; x_wconf 80' lang='grc' dir='ltr'><strong>συνέρχεσθαι</strong></span> <span class='ocrx_word' id='word_1_188' title='bbox 3350 1647 3625 1716; x_wconf 75' lang='grc' dir='ltr'>λεληθότως</span> <span class='ocrx_word' id='word_1_189' title='bbox 3641 1645 3711 1697; x_wconf 70' lang='grc' dir='ltr'><strong>τδν</strong></span> 
     </span>
    </p>
   </div>
   <div class='ocr_carea' id='block_1_32' title="bbox 484 1721 2080 1815">
    <p class='ocr_par' dir='ltr' id='par_1_32' title="bbox 484 1721 2079 1794">
     <span class='ocr_line' id='line_1_32' title="bbox 484 1721 2079 1794; baseline -0.004 -14"><span class='ocrx_word' id='word_1_190' title='bbox 484 1725 665 1780; x_wconf 86' lang='lat' dir='ltr'><strong>malus</strong></span> <span class='ocrx_word' id='word_1_191' title='bbox 706 1724 958 1794; x_wconf 82' lang='lat' dir='ltr'><strong>spiritus,</strong></span> <span class='ocrx_word' id='word_1_192' title='bbox 1014 1728 1070 1777; x_wconf 91' lang='lat' dir='ltr'><strong>et</strong></span> <span class='ocrx_word' id='word_1_193' title='bbox 1124 1723 1316 1778; x_wconf 89' lang='lat' dir='ltr'><strong>horum</strong></span> <span class='ocrx_word' id='word_1_194' title='bbox 1396 1736 1584 1778; x_wconf 86' lang='lat' dir='ltr'><strong>amore</strong></span> <span class='ocrx_word' id='word_1_195' title='bbox 1642 1724 1888 1778; x_wconf 90' lang='lat' dir='ltr'><strong>animum</strong></span> <span class='ocrx_word' id='word_1_196' title='bbox 1930 1721 2079 1790; x_wconf 64' lang='lat' dir='ltr'><strong>liget:</strong></span> 
     </span>
    </p>
   </div>
   <div class='ocr_carea' id='block_1_33' title="bbox 2184 1721 3712 1815">
    <p class='ocr_par' dir='ltr' id='par_1_33' title="bbox 2185 1721 3712 1815">
     <span class='ocr_line' id='line_1_33' title="bbox 2185 1721 3712 1815; baseline -0.006 -19"><span class='ocrx_word' id='word_1_197' title='bbox 2185 1737 2422 1814; x_wconf 80' lang='grc' dir='ltr'>πονηρὸν</span> <span class='ocrx_word' id='word_1_198' title='bbox 2448 1721 2512 1815; x_wconf 68' lang='grc' dir='ltr'>τῇ</span> <span class='ocrx_word' id='word_1_199' title='bbox 2542 1745 2835 1814; x_wconf 73' lang='grc' dir='ltr'>ἐπιφανείᾳ</span> <span class='ocrx_word' id='word_1_200' title='bbox 3004 1721 3299 1813; x_wconf 78' lang='grc' dir='ltr'>αἰσθητῶν,</span> <span class='ocrx_word' id='word_1_201' title='bbox 3333 1741 3428 1793; x_wconf 78' lang='grc' dir='ltr'>καὶ</span> <span class='ocrx_word' id='word_1_202' title='bbox 3464 1741 3526 1810; x_wconf 78' lang='grc' dir='ltr'>τῇ</span> <span class='ocrx_word' id='word_1_203' title='bbox 3548 1736 3712 1791; x_wconf 61' lang='grc' dir='ltr'>τούτων</span> 
     </span>
    </p>
   </div>
   <div class='ocr_carea' id='block_1_34' title="bbox 482 1812 2079 1886">
    <p class='ocr_par' dir='ltr' id='par_1_34' title="bbox 482 1812 2079 1886">
     <span class='ocr_line' id='line_1_34' title="bbox 482 1812 2079 1886; baseline -0.002 -14"><span class='ocrx_word' id='word_1_204' title='bbox 482 1824 536 1873; x_wconf 91' lang='lat' dir='ltr'><strong>et</strong></span> <span class='ocrx_word' id='word_1_205' title='bbox 568 1831 639 1872; x_wconf 91' lang='lat' dir='ltr'><strong>ne</strong></span> <span class='ocrx_word' id='word_1_206' title='bbox 673 1816 1028 1871; x_wconf 82' lang='lat' dir='ltr'><strong>consentiant</strong></span> <span class='ocrx_word' id='word_1_207' title='bbox 1061 1815 1260 1871; x_wconf 85' lang='lat' dir='ltr'><strong>horum</strong></span> <span class='ocrx_word' id='word_1_208' title='bbox 1292 1814 1447 1886; x_wconf 88' lang='lat' dir='ltr'><strong>sequi</strong></span> <span class='ocrx_word' id='word_1_209' title='bbox 1486 1828 1795 1880; x_wconf 78' lang='lat' dir='ltr'><strong>sermones,</strong></span> <span class='ocrx_word' id='word_1_210' title='bbox 1837 1823 1895 1868; x_wconf 87' lang='lat' dir='ltr'><strong>et</strong></span> <span class='ocrx_word' id='word_1_211' title='bbox 1949 1812 2079 1869; x_wconf 86' lang='lat' dir='ltr'><strong>inde</strong></span> 
     </span>
    </p>
   </div>
   <div class='ocr_carea' id='block_1_35' title="bbox 486 1900 1877 1971">
    <p class='ocr_par' dir='ltr' id='par_1_35' title="bbox 486 1900 1877 1971">
     <span class='ocr_line' id='line_1_35' title="bbox 486 1900 1877 1971; baseline -0.004 -3"><span class='ocrx_word' id='word_1_212' title='bbox 486 1928 575 1971; x_wconf 88' lang='lat' dir='ltr'><strong>me</strong></span> <span class='ocrx_word' id='word_1_213' title='bbox 609 1913 925 1968; x_wconf 84' lang='lat' dir='ltr'><strong>admittant.</strong></span> <span class='ocrx_word' id='word_1_214' title='bbox 1873 1900 1877 1904; x_wconf 69' lang='grc'><em>’</em></span> 
     </span>
    </p>
   </div>
   <div class='ocr_carea' id='block_1_36' title="bbox 561 2100 2077 2176">
    <p class='ocr_par' dir='ltr' id='par_1_36' title="bbox 561 2100 2077 2176">
     <span class='ocr_line' id='line_1_36' title="bbox 561 2100 2077 2176; baseline -0.001 -15"><span class='ocrx_word' id='word_1_215' title='bbox 561 2106 677 2164; x_wconf 73' lang='grc' dir='ltr'><strong>γεω</strong></span> <span class='ocrx_word' id='word_1_216' title='bbox 717 2107 852 2162; x_wconf 87' lang='lat' dir='ltr'><strong>em’m</strong></span> <span class='ocrx_word' id='word_1_217' title='bbox 890 2120 1040 2171; x_wconf 68' lang='lat' dir='ltr'><strong>mete,</strong></span> <span class='ocrx_word' id='word_1_218' title='bbox 1074 2106 1171 2161; x_wconf 77' lang='lat' dir='ltr'><strong>via:</strong></span> <span class='ocrx_word' id='word_1_219' title='bbox 1202 2106 1344 2160; x_wconf 69' lang='lat' dir='ltr'><strong>vita.</strong></span> <span class='ocrx_word' id='word_1_220' title='bbox 1378 2100 1649 2176; x_wconf 75' lang='lat' dir='ltr'><strong>Egressus</strong></span> <span class='ocrx_word' id='word_1_221' title='bbox 1692 2104 1836 2159; x_wconf 89' lang='lat' dir='ltr'><strong>enim</strong></span> <span class='ocrx_word' id='word_1_222' title='bbox 1898 2105 2001 2159; x_wconf 90' lang='lat' dir='ltr'><strong>mei</strong></span> <span class='ocrx_word' id='word_1_223' title='bbox 2045 2118 2077 2159; x_wconf 86' lang='lat' dir='ltr'><strong>a</strong></span> 
     </span>
    </p>
   </div>
   <div class='ocr_carea' id='block_1_37' title="bbox 485 2196 2073 2268">
    <p class='ocr_par' dir='ltr' id='par_1_37' title="bbox 485 2196 2073 2268">
     <span class='ocr_line' id='line_1_37' title="bbox 485 2196 2073 2268; baseline -0.004 -12"><span class='ocrx_word' id='word_1_224' title='bbox 485 2201 597 2258; x_wconf 88' lang='lat' dir='ltr'><strong>Deo</strong></span> <span class='ocrx_word' id='word_1_225' title='bbox 629 2212 683 2256; x_wconf 92' lang='lat' dir='ltr'><strong>et</strong></span> <span class='ocrx_word' id='word_1_226' title='bbox 726 2199 894 2255; x_wconf 83' lang='lat' dir='ltr'><strong>Patre</strong></span> <span class='ocrx_word' id='word_1_227' title='bbox 932 2198 1236 2255; x_wconf 87' lang='lat' dir='ltr'><strong>secundum</strong></span> <span class='ocrx_word' id='word_1_228' title='bbox 1288 2199 1462 2268; x_wconf 83' lang='lat' dir='ltr'><strong>legem</strong></span> <span class='ocrx_word' id='word_1_229' title='bbox 1504 2197 1811 2252; x_wconf 84' lang='lat' dir='ltr'><strong>naturalem</strong></span> <span class='ocrx_word' id='word_1_230' title='bbox 1839 2204 1893 2251; x_wconf 91' lang='lat' dir='ltr'><strong>et</strong></span> <span class='ocrx_word' id='word_1_231' title='bbox 1935 2196 2073 2251; x_wconf 85' lang='lat' dir='ltr'><strong>scri-</strong></span> 
     </span>
    </p>
   </div>
   <div class='ocr_carea' id='block_1_38' title="bbox 484 2284 2079 2365">
    <p class='ocr_par' dir='ltr' id='par_1_38' title="bbox 484 2284 2079 2365">
     <span class='ocr_line' id='line_1_38' title="bbox 484 2284 2079 2365; baseline -0.004 -18"><span class='ocrx_word' id='word_1_232' title='bbox 484 2302 629 2365; x_wconf 82' lang='lat' dir='ltr'><strong>ptam</strong></span> <span class='ocrx_word' id='word_1_233' title='bbox 672 2308 735 2347; x_wconf 86' lang='lat' dir='ltr'><strong>ac</strong></span> <span class='ocrx_word' id='word_1_234' title='bbox 767 2290 1135 2361; x_wconf 87' lang='lat' dir='ltr'><strong>spiritualem.</strong></span> <span class='ocrx_word' id='word_1_235' title='bbox 1188 2288 1425 2359; x_wconf 82' lang='lat' dir='ltr'><strong>itemque</strong></span> <span class='ocrx_word' id='word_1_236' title='bbox 1469 2303 1499 2343; x_wconf 90' lang='lat' dir='ltr'><strong>e</strong></span> <span class='ocrx_word' id='word_1_237' title='bbox 1552 2287 1901 2343; x_wconf 85' lang='lat' dir='ltr'><strong>sanctissimo</strong></span> <span class='ocrx_word' id='word_1_238' title='bbox 1956 2284 2079 2356; x_wconf 88' lang='lat' dir='ltr'><strong>Spi-</strong></span> 
     </span>
    </p>
   </div>
   <div class='ocr_carea' id='block_1_39' title="bbox 485 2379 2079 2471">
    <p class='ocr_par' dir='ltr' id='par_1_39' title="bbox 485 2379 2079 2471">
     <span class='ocr_line' id='line_1_39' title="bbox 485 2379 2079 2471; baseline -0.006 -30"><span class='ocrx_word' id='word_1_239' title='bbox 485 2384 621 2449; x_wconf 84' lang='lat' dir='ltr'><strong>ritu,</strong></span> <span class='ocrx_word' id='word_1_240' title='bbox 655 2382 1084 2471; x_wconf 64' lang='lat' dir='ltr'><strong>gratllicationes</strong></span> <span class='ocrx_word' id='word_1_241' title='bbox 1113 2390 1244 2438; x_wconf 89' lang='lat' dir='ltr'><strong>sunt</strong></span> <span class='ocrx_word' id='word_1_242' title='bbox 1292 2381 1432 2436; x_wconf 83' lang='lat' dir='ltr'><strong>datae</strong></span> <span class='ocrx_word' id='word_1_243' title='bbox 1464 2380 1532 2436; x_wconf 89' lang='lat' dir='ltr'><strong>iis</strong></span> <span class='ocrx_word' id='word_1_244' title='bbox 1569 2379 1660 2450; x_wconf 89' lang='lat' dir='ltr'><strong>qui</strong></span> <span class='ocrx_word' id='word_1_245' title='bbox 1697 2393 1926 2452; x_wconf 79' lang='lat' dir='ltr'><strong>regnum</strong></span> <span class='ocrx_word' id='word_1_246' title='bbox 1964 2391 2079 2432; x_wconf 85' lang='lat' dir='ltr'><strong>coe-</strong></span> 
     </span>
    </p>
   </div>
   <div class='ocr_carea' id='block_1_40' title="bbox 482 2474 1087 2534">
    <p class='ocr_par' dir='ltr' id='par_1_40' title="bbox 482 2474 1087 2534">
     <span class='ocr_line' id='line_1_40' title="bbox 482 2474 1087 2534; baseline -0.007 0"><span class='ocrx_word' id='word_1_247' title='bbox 482 2476 625 2534; x_wconf 88' lang='lat' dir='ltr'><strong>leste</strong></span> <span class='ocrx_word' id='word_1_248' title='bbox 667 2474 1087 2531; x_wconf 62' lang='lat' dir='ltr'><strong>hmrcditabunt.</strong></span> 
     </span>
    </p>
   </div>
   <div class='ocr_carea' id='block_1_41' title="bbox 566 2669 2080 2742">
    <p class='ocr_par' dir='ltr' id='par_1_41' title="bbox 566 2669 2080 2742">
     <span class='ocr_line' id='line_1_41' title="bbox 566 2669 2080 2742; baseline -0.002 -15"><span class='ocrx_word' id='word_1_249' title='bbox 566 2672 630 2729; x_wconf 86' lang='lat' dir='ltr'><strong>Et</strong></span> <span class='ocrx_word' id='word_1_250' title='bbox 668 2683 894 2742; x_wconf 83' lang='lat' dir='ltr'><strong>paratur</strong></span> <span class='ocrx_word' id='word_1_251' title='bbox 919 2671 1161 2727; x_wconf 82' lang='lat' dir='ltr'><strong>voluntas</strong></span> <span class='ocrx_word' id='word_1_252' title='bbox 1189 2688 1221 2725; x_wconf 90' lang='lat' dir='ltr'><strong>a</strong></span> <span class='ocrx_word' id='word_1_253' title='bbox 1250 2670 1505 2726; x_wconf 87' lang='lat' dir='ltr'><strong>Domino.</strong></span> <span class='ocrx_word' id='word_1_254' title='bbox 1533 2670 1600 2725; x_wconf 85' lang='lat' dir='ltr'><strong>Et</strong></span> <span class='ocrx_word' id='word_1_255' title='bbox 1630 2677 1862 2741; x_wconf 87' lang='lat' dir='ltr'><strong>paratur</strong></span> <span class='ocrx_word' id='word_1_256' title='bbox 1897 2669 1952 2724; x_wconf 89' lang='lat' dir='ltr'><strong>in</strong></span> <span class='ocrx_word' id='word_1_257' title='bbox 1984 2683 2080 2724; x_wconf 88' lang='lat' dir='ltr'><strong>vo-</strong></span> 
     </span>
    </p>
   </div>
   <div class='ocr_carea' id='block_1_42' title="bbox 486 2748 2079 2833">
    <p class='ocr_par' dir='ltr' id='par_1_42' title="bbox 486 2748 2079 2833">
     <span class='ocr_line' id='line_1_42' title="bbox 486 2748 2079 2833; baseline -0.004 -15"><span class='ocrx_word' id='word_1_258' title='bbox 486 2761 594 2827; x_wconf 79' lang='lat' dir='ltr'><strong>bis,</strong></span> <span class='ocrx_word' id='word_1_259' title='bbox 624 2776 721 2833; x_wconf 89' lang='lat' dir='ltr'><strong>per</strong></span> <span class='ocrx_word' id='word_1_260' title='bbox 749 2771 867 2817; x_wconf 85' lang='lat' dir='ltr'><strong>tres</strong></span> <span class='ocrx_word' id='word_1_261' title='bbox 896 2760 1245 2830; x_wconf 81' lang='lat' dir='ltr'><strong>supradictas</strong></span> <span class='ocrx_word' id='word_1_262' title='bbox 1315 2759 1490 2830; x_wconf 85' lang='lat' dir='ltr'><strong>leges,</strong></span> <span class='ocrx_word' id='word_1_263' title='bbox 1519 2773 1550 2812; x_wconf 92' lang='lat' dir='ltr'><strong>a</strong></span> <span class='ocrx_word' id='word_1_264' title='bbox 1578 2772 1664 2812; x_wconf 88' lang='lat' dir='ltr'><strong>me</strong></span> <span class='ocrx_word' id='word_1_265' title='bbox 1692 2757 1940 2812; x_wconf 90' lang='lat' dir='ltr'><strong>omnium</strong></span> <span class='ocrx_word' id='word_1_266' title='bbox 1970 2748 2079 2811; x_wconf 88' lang='lat' dir='ltr'><strong>Do-</strong></span> 
     </span>
    </p>
   </div>
   <div class='ocr_carea' id='block_1_43' title="bbox 487 2848 2078 2919">
    <p class='ocr_par' dir='ltr' id='par_1_43' title="bbox 487 2848 2078 2919">
     <span class='ocr_line' id='line_1_43' title="bbox 487 2848 2078 2919; baseline -0.004 -11"><span class='ocrx_word' id='word_1_267' title='bbox 487 2854 664 2918; x_wconf 89' lang='lat' dir='ltr'><strong>mino,</strong></span> <span class='ocrx_word' id='word_1_268' title='bbox 718 2851 1054 2907; x_wconf 82' lang='lat' dir='ltr'><strong>desiderium</strong></span> <span class='ocrx_word' id='word_1_269' title='bbox 1096 2851 1355 2905; x_wconf 87' lang='lat' dir='ltr'><strong>naturale</strong></span> <span class='ocrx_word' id='word_1_270' title='bbox 1401 2861 1456 2905; x_wconf 91' lang='lat' dir='ltr'><strong>et</strong></span> <span class='ocrx_word' id='word_1_271' title='bbox 1503 2850 1749 2919; x_wconf 81' lang='lat' dir='ltr'><strong>logicum</strong></span> <span class='ocrx_word' id='word_1_272' title='bbox 1808 2848 2078 2919; x_wconf 88' lang='lat' dir='ltr'><strong>(rationa-</strong></span> 
     </span>
    </p>
   </div>
   <div class='ocr_carea' id='block_1_44' title="bbox 489 2941 2080 3018">
    <p class='ocr_par' dir='ltr' id='par_1_44' title="bbox 489 2941 2080 3018">
     <span class='ocr_line' id='line_1_44' title="bbox 489 2941 2080 3018; baseline -0.003 -15"><span class='ocrx_word' id='word_1_273' title='bbox 489 2948 644 3018; x_wconf 87' lang='lat' dir='ltr'><strong>bile),</strong></span> <span class='ocrx_word' id='word_1_274' title='bbox 701 2954 756 3000; x_wconf 88' lang='lat' dir='ltr'><strong>et</strong></span> <span class='ocrx_word' id='word_1_275' title='bbox 814 2943 965 3016; x_wconf 88' lang='lat' dir='ltr'><strong>quod</strong></span> <span class='ocrx_word' id='word_1_276' title='bbox 1028 2944 1473 3002; x_wconf 87' lang='lat' dir='ltr'><strong>subslantialiler</strong></span> <span class='ocrx_word' id='word_1_277' title='bbox 1529 2956 1558 2997; x_wconf 86' lang='lat' dir='ltr'><strong>a</strong></span> <span class='ocrx_word' id='word_1_278' title='bbox 1607 2952 1804 2997; x_wconf 88' lang='lat' dir='ltr'><strong>natura</strong></span> <span class='ocrx_word' id='word_1_279' title='bbox 1859 2941 2080 3012; x_wconf 86' lang='lat' dir='ltr'><strong>junctas</strong></span> 
     </span>
    </p>
   </div>
   <div class='ocr_carea' id='block_1_45' title="bbox 490 3036 1161 3112">
    <p class='ocr_par' dir='ltr' id='par_1_45' title="bbox 490 3036 1161 3112">
     <span class='ocr_line' id='line_1_45' title="bbox 490 3036 1161 3112; baseline -0.004 -16"><span class='ocrx_word' id='word_1_280' title='bbox 490 3040 862 3112; x_wconf 83' lang='lat' dir='ltr'><strong>praprietates</strong></span> <span class='ocrx_word' id='word_1_281' title='bbox 896 3036 1161 3093; x_wconf 87' lang='lat' dir='ltr'><strong>continet.</strong></span> 
     </span>
    </p>
   </div>
   <div class='ocr_carea' id='block_1_46' title="bbox 448 3124 2083 3198">
    <p class='ocr_par' dir='ltr' id='par_1_46' title="bbox 448 3124 2083 3198">
     <span class='ocr_line' id='line_1_46' title="bbox 448 3124 2083 3198; baseline -0.006 -10"><span class='ocrx_word' id='word_1_282' title='bbox 448 3124 452 3137; x_wconf 84' lang='grc'><em>’</em></span> <span class='ocrx_word' id='word_1_283' title='bbox 562 3131 729 3187; x_wconf 72' lang='lat' dir='ltr'><strong>Vens.</strong></span> <span class='ocrx_word' id='word_1_284' title='bbox 763 3129 853 3185; x_wconf 75' lang='lat'><strong>56.</strong></span> <span class='ocrx_word' id='word_1_285' title='bbox 891 3128 995 3194; x_wconf 83' lang='lat' dir='ltr'><strong>Qui</strong></span> <span class='ocrx_word' id='word_1_286' title='bbox 1024 3129 1079 3182; x_wconf 86' lang='lat' dir='ltr'><strong>in</strong></span> <span class='ocrx_word' id='word_1_287' title='bbox 1112 3144 1193 3182; x_wconf 82' lang='lat' dir='ltr'><strong>me</strong></span> <span class='ocrx_word' id='word_1_288' title='bbox 1220 3136 1458 3198; x_wconf 83' lang='lat' dir='ltr'><strong>peccant,</strong></span> <span class='ocrx_word' id='word_1_289' title='bbox 1492 3127 1549 3182; x_wconf 86' lang='lat' dir='ltr'><strong>in</strong></span> <span class='ocrx_word' id='word_1_290' title='bbox 1573 3143 1700 3182; x_wconf 84' lang='lat' dir='ltr'><strong>suas</strong></span> <span class='ocrx_word' id='word_1_291' title='bbox 1733 3127 1944 3181; x_wconf 79' lang='lat' dir='ltr'><strong>animus</strong></span> <span class='ocrx_word' id='word_1_292' title='bbox 1978 3126 2083 3179; x_wconf 83' lang='lat' dir='ltr'><strong>im-</strong></span> 
     </span>
    </p>
   </div>
   <div class='ocr_carea' id='block_1_47' title="bbox 490 3216 2079 3293">
    <p class='ocr_par' dir='ltr' id='par_1_47' title="bbox 490 3216 2079 3293">
     <span class='ocr_line' id='line_1_47' title="bbox 490 3216 2079 3293; baseline -0.004 -17"><span class='ocrx_word' id='word_1_293' title='bbox 490 3222 568 3293; x_wconf 83' lang='lat' dir='ltr'><strong>pii</strong></span> <span class='ocrx_word' id='word_1_294' title='bbox 603 3228 746 3275; x_wconf 84' lang='lat' dir='ltr'><strong>sunt.</strong></span> <span class='ocrx_word' id='word_1_295' title='bbox 786 3217 893 3285; x_wconf 88' lang='lat' dir='ltr'><strong>Qui</strong></span> <span class='ocrx_word' id='word_1_296' title='bbox 928 3232 1015 3273; x_wconf 90' lang='lat' dir='ltr'><strong>me</strong></span> <span class='ocrx_word' id='word_1_297' title='bbox 1043 3216 1288 3275; x_wconf 71' lang='lat' dir='ltr'><strong>Verbum</strong></span> <span class='ocrx_word' id='word_1_298' title='bbox 1319 3217 1440 3284; x_wconf 90' lang='lat' dir='ltr'><strong>Dei,</strong></span> <span class='ocrx_word' id='word_1_299' title='bbox 1480 3218 1552 3273; x_wconf 92' lang='lat' dir='ltr'><strong>ob</strong></span> <span class='ocrx_word' id='word_1_300' title='bbox 1604 3216 1968 3288; x_wconf 86' lang='lat' dir='ltr'><strong>cupiditatum</strong></span> <span class='ocrx_word' id='word_1_301' title='bbox 2000 3216 2079 3269; x_wconf 91' lang='lat' dir='ltr'><strong>ir-</strong></span> 
     </span>
    </p>
   </div>
   <div class='ocr_carea' id='block_1_48' title="bbox 492 3308 2085 3381">
    <p class='ocr_par' dir='ltr' id='par_1_48' title="bbox 492 3308 2085 3381">
     <span class='ocr_line' id='line_1_48' title="bbox 492 3308 2085 3381; baseline -0.003 -12"><span class='ocrx_word' id='word_1_302' title='bbox 492 3313 825 3369; x_wconf 84' lang='lat' dir='ltr'><strong>rationabile</strong></span> <span class='ocrx_word' id='word_1_303' title='bbox 874 3309 1213 3367; x_wconf 88' lang='lat' dir='ltr'><strong>desiderium</strong></span> <span class='ocrx_word' id='word_1_304' title='bbox 1265 3324 1378 3366; x_wconf 87' lang='lat' dir='ltr'><strong>non</strong></span> <span class='ocrx_word' id='word_1_305' title='bbox 1431 3317 1761 3381; x_wconf 87' lang='lat' dir='ltr'><strong>sequuntur,</strong></span> <span class='ocrx_word' id='word_1_306' title='bbox 1814 3308 2085 3365; x_wconf 77' lang='lat' dir='ltr'><strong>frustrant</strong></span> 
     </span>
    </p>
   </div>
   <div class='ocr_carea' id='block_1_49' title="bbox 491 3399 2083 3472">
    <p class='ocr_par' dir='ltr' id='par_1_49' title="bbox 491 3399 2083 3472">
     <span class='ocr_line' id='line_1_49' title="bbox 491 3399 2083 3472; baseline -0.004 -13"><span class='ocrx_word' id='word_1_307' title='bbox 491 3406 706 3460; x_wconf 88' lang='lat' dir='ltr'><strong>animas</strong></span> <span class='ocrx_word' id='word_1_308' title='bbox 733 3416 862 3458; x_wconf 86' lang='lat' dir='ltr'><strong>suas</strong></span> <span class='ocrx_word' id='word_1_309' title='bbox 896 3401 1105 3457; x_wconf 80' lang='lat' dir='ltr'><strong>honore</strong></span> <span class='ocrx_word' id='word_1_310' title='bbox 1132 3414 1265 3456; x_wconf 70' lang='lat' dir='ltr'><strong>meae</strong></span> <span class='ocrx_word' id='word_1_311' title='bbox 1295 3399 1741 3472; x_wconf 83' lang='lat' dir='ltr'><strong>participationis</strong></span> <span class='ocrx_word' id='word_1_312' title='bbox 1768 3438 1784 3465; x_wconf 88' lang='lat'><strong>,</strong></span> <span class='ocrx_word' id='word_1_313' title='bbox 1816 3406 2083 3469; x_wconf 82' lang='lat' dir='ltr'><strong>tanquam</strong></span> 
     </span>
    </p>
   </div>
   <div class='ocr_carea' id='block_1_50' title="bbox 490 3489 2084 3564">
    <p class='ocr_par' dir='ltr' id='par_1_50' title="bbox 490 3489 2084 3564">
     <span class='ocr_line' id='line_1_50' title="bbox 490 3489 2084 3564; baseline -0.003 -16"><span class='ocrx_word' id='word_1_314' title='bbox 490 3494 806 3564; x_wconf 87' lang='lat' dir='ltr'><strong>rejicientes</strong></span> <span class='ocrx_word' id='word_1_315' title='bbox 840 3505 997 3548; x_wconf 85' lang='lat' dir='ltr'><strong>suam</strong></span> <span class='ocrx_word' id='word_1_316' title='bbox 1048 3505 1175 3546; x_wconf 86' lang='lat' dir='ltr'><strong>cum</strong></span> <span class='ocrx_word' id='word_1_317' title='bbox 1208 3491 1321 3546; x_wconf 87' lang='lat' dir='ltr'><strong>Deo</strong></span> <span class='ocrx_word' id='word_1_318' title='bbox 1371 3491 1814 3554; x_wconf 84' lang='lat' dir='ltr'><strong>similitudinem,</strong></span> <span class='ocrx_word' id='word_1_319' title='bbox 1862 3504 1922 3545; x_wconf 90' lang='lat' dir='ltr'><strong>se</strong></span> <span class='ocrx_word' id='word_1_320' title='bbox 1964 3489 2084 3544; x_wconf 87' lang='lat' dir='ltr'><strong>anl-</strong></span> 
     </span>
    </p>
   </div>
   <div class='ocr_carea' id='block_1_51' title="bbox 491 3578 2085 3652">
    <p class='ocr_par' dir='ltr' id='par_1_51' title="bbox 491 3578 2085 3652">
     <span class='ocr_line' id='line_1_51' title="bbox 491 3578 2085 3652; baseline -0.004 -12"><span class='ocrx_word' id='word_1_321' title='bbox 491 3586 732 3640; x_wconf 84' lang='lat' dir='ltr'><strong>malibus</strong></span> <span class='ocrx_word' id='word_1_322' title='bbox 761 3582 1179 3639; x_wconf 83' lang='lat' dir='ltr'><strong>irrationalibus</strong></span> <span class='ocrx_word' id='word_1_323' title='bbox 1210 3591 1619 3652; x_wconf 84' lang='lat' dir='ltr'><strong>comparantes,</strong></span> <span class='ocrx_word' id='word_1_324' title='bbox 1664 3590 1719 3636; x_wconf 88' lang='lat' dir='ltr'><strong>et</strong></span> <span class='ocrx_word' id='word_1_325' title='bbox 1739 3580 1850 3636; x_wconf 81' lang='lat' dir='ltr'><strong>iliis</strong></span> <span class='ocrx_word' id='word_1_326' title='bbox 1878 3578 2085 3636; x_wconf 85' lang='lat' dir='ltr'><strong>similes</strong></span> 
     </span>
    </p>
   </div>
   <div class='ocr_carea' id='block_1_52' title="bbox 492 3668 652 3731">
    <p class='ocr_par' dir='ltr' id='par_1_52' title="bbox 492 3668 652 3731">
     <span class='ocr_line' id='line_1_52' title="bbox 492 3668 652 3731; baseline 0.013 -2"><span class='ocrx_word' id='word_1_327' title='bbox 492 3668 652 3731; x_wconf 66' lang='lat' dir='ltr'><strong>iacti.</strong></span> 
     </span>
    </p>
   </div>
   <div class='ocr_carea' id='block_1_53' title="bbox 559 3763 2082 3838">
    <p class='ocr_par' dir='ltr' id='par_1_53' title="bbox 559 3763 2082 3838">
     <span class='ocr_line' id='line_1_53' title="bbox 559 3763 2082 3838; baseline 0.001 -19"><span class='ocrx_word' id='word_1_328' title='bbox 559 3763 629 3819; x_wconf 87' lang='lat' dir='ltr'><strong>Et</strong></span> <span class='ocrx_word' id='word_1_329' title='bbox 649 3766 740 3838; x_wconf 85' lang='lat' dir='ltr'><strong>qui</strong></span> <span class='ocrx_word' id='word_1_330' title='bbox 772 3782 854 3821; x_wconf 77' lang='lat' dir='ltr'><strong>me</strong></span> <span class='ocrx_word' id='word_1_331' title='bbox 882 3766 1088 3832; x_wconf 80' lang='lat' dir='ltr'><strong>odium,</strong></span> <span class='ocrx_word' id='word_1_332' title='bbox 1158 3774 1378 3822; x_wconf 77' lang='lat' dir='ltr'><strong>mortem</strong></span> <span class='ocrx_word' id='word_1_333' title='bbox 1430 3765 1682 3836; x_wconf 80' lang='lat' dir='ltr'><strong>diligunt.</strong></span> <span class='ocrx_word' id='word_1_334' title='bbox 1751 3764 1817 3820; x_wconf 84' lang='lat' dir='ltr'><strong>Et</strong></span> <span class='ocrx_word' id='word_1_335' title='bbox 1864 3765 1958 3836; x_wconf 92' lang='lat' dir='ltr'><strong>qui</strong></span> <span class='ocrx_word' id='word_1_336' title='bbox 1996 3778 2082 3820; x_wconf 88' lang='lat' dir='ltr'><strong>me</strong></span> 
     </span>
    </p>
   </div>
   <div class='ocr_carea' id='block_1_54' title="bbox 492 3855 2083 3927">
    <p class='ocr_par' dir='ltr' id='par_1_54' title="bbox 492 3855 2083 3927">
     <span class='ocr_line' id='line_1_54' title="bbox 492 3855 2083 3927; baseline -0.003 -14"><span class='ocrx_word' id='word_1_337' title='bbox 492 3857 705 3921; x_wconf 87' lang='lat' dir='ltr'><strong>odiunt,</strong></span> <span class='ocrx_word' id='word_1_338' title='bbox 759 3858 981 3912; x_wconf 87' lang='lat' dir='ltr'><strong>dantem</strong></span> <span class='ocrx_word' id='word_1_339' title='bbox 1069 3859 1382 3914; x_wconf 84' lang='lat' dir='ltr'><strong>volentibus</strong></span> <span class='ocrx_word' id='word_1_340' title='bbox 1467 3858 1631 3912; x_wconf 86' lang='lat' dir='ltr'><strong>vitam</strong></span> <span class='ocrx_word' id='word_1_341' title='bbox 1697 3856 1922 3927; x_wconf 78' lang='lat' dir='ltr'><strong>spiritus</strong></span> <span class='ocrx_word' id='word_1_342' title='bbox 1978 3855 2083 3909; x_wconf 84' lang='lat' dir='ltr'><strong>im-</strong></span> 
     </span>
    </p>
   </div>
   <div class='ocr_carea' id='block_1_55' title="bbox 494 3949 2083 4018">
    <p class='ocr_par' dir='ltr' id='par_1_55' title="bbox 494 3949 2083 4018">
     <span class='ocr_line' id='line_1_55' title="bbox 494 3949 2083 4018; baseline -0.001 -16"><span class='ocrx_word' id='word_1_343' title='bbox 494 3949 800 4013; x_wconf 82' lang='lat' dir='ltr'><strong>mortalem,</strong></span> <span class='ocrx_word' id='word_1_344' title='bbox 830 3949 1067 4018; x_wconf 82' lang='lat' dir='ltr'><strong>diligunt</strong></span> <span class='ocrx_word' id='word_1_345' title='bbox 1114 3957 1345 4004; x_wconf 88' lang='lat' dir='ltr'><strong>mortem</strong></span> <span class='ocrx_word' id='word_1_346' title='bbox 1398 3949 1732 4012; x_wconf 82' lang='lat' dir='ltr'><strong>naturalem,</strong></span> <span class='ocrx_word' id='word_1_347' title='bbox 1784 3964 1815 4002; x_wconf 80' lang='grc' dir='ltr'><strong>ιι</strong></span> <span class='ocrx_word' id='word_1_348' title='bbox 1854 3953 2083 4017; x_wconf 84' lang='lat' dir='ltr'><strong>peccato</strong></span> 
     </span>
    </p>
   </div>
   <div class='ocr_carea' id='block_1_56' title="bbox 493 4039 1901 4111">
    <p class='ocr_par' dir='ltr' id='par_1_56' title="bbox 493 4039 1901 4111">
     <span class='ocr_line' id='line_1_56' title="bbox 493 4039 1901 4111; baseline -0.001 -16"><span class='ocrx_word' id='word_1_349' title='bbox 493 4049 668 4095; x_wconf 82' lang='lat' dir='ltr'><strong>ortum</strong></span> <span class='ocrx_word' id='word_1_350' title='bbox 690 4079 705 4106; x_wconf 89' lang='lat'><strong>,</strong></span> <span class='ocrx_word' id='word_1_351' title='bbox 766 4042 880 4095; x_wconf 83' lang='lat' dir='ltr'><strong>haec</strong></span> <span class='ocrx_word' id='word_1_352' title='bbox 908 4055 1006 4110; x_wconf 87' lang='lat' dir='ltr'><strong>per</strong></span> <span class='ocrx_word' id='word_1_353' title='bbox 1033 4054 1252 4095; x_wconf 84' lang='lat' dir='ltr'><strong>omnem</strong></span> <span class='ocrx_word' id='word_1_354' title='bbox 1287 4039 1651 4111; x_wconf 75' lang='lat' dir='ltr'><strong>Scripturasu,</strong></span> <span class='ocrx_word' id='word_1_355' title='bbox 1669 4039 1901 4096; x_wconf 88' lang='lat' dir='ltr'><strong>docens.</strong></span> 
     </span>
    </p>
   </div>
   <div class='ocr_carea' id='block_1_57' title="bbox 2062 4168 2091 4192">
    <p class='ocr_par' dir='ltr' id='par_1_57' title="bbox 2062 4168 2091 4192">
     <span class='ocr_line' id='line_1_57' title="bbox 2062 4168 2091 4192; baseline 0 0"><span class='ocrx_word' id='word_1_356' title='bbox 2062 4168 2091 4192; x_wconf 63' lang='grc' dir='ltr'><em>Ι</em></span> 
     </span>
    </p>
   </div>
   <div class='ocr_carea' id='block_1_58' title="bbox 750 4215 1439 4273">
    <p class='ocr_par' dir='ltr' id='par_1_58' title="bbox 750 4215 1439 4273">
     <span class='ocr_line' id='line_1_58' title="bbox 750 4215 1439 4273; baseline 0.004 -4"><span class='ocrx_word' id='word_1_357' title='bbox 750 4264 755 4269; x_wconf 89' lang='grc'>.</span> <span class='ocrx_word' id='word_1_358' title='bbox 1130 4215 1284 4272; x_wconf 77' lang='lat' dir='ltr'><strong>CAP.</strong></span> <span class='ocrx_word' id='word_1_359' title='bbox 1346 4217 1439 4273; x_wconf 77' lang='lat' dir='ltr'><strong>IX.</strong></span> 
     </span>
    </p>
   </div>
   <div class='ocr_carea' id='block_1_59' title="bbox 564 4272 2082 4380">
    <p class='ocr_par' dir='ltr' id='par_1_59' title="bbox 564 4272 2082 4380">
     <span class='ocr_line' id='line_1_59' title="bbox 564 4272 2082 4380; baseline 0.003 -18"><span class='ocrx_word' id='word_1_360' title='bbox 564 4308 731 4366; x_wconf 80' lang='lat' dir='ltr'><strong>Vens.</strong></span> <span class='ocrx_word' id='word_1_361' title='bbox 768 4310 815 4364; x_wconf 74' lang='grc'><strong>1.</strong></span> <span class='ocrx_word' id='word_1_362' title='bbox 840 4272 1115 4380; x_wconf 64' lang='lat' dir='ltr'><strong>sapientia</strong></span> <span class='ocrx_word' id='word_1_363' title='bbox 1152 4311 1440 4380; x_wconf 65' lang='lat' dir='ltr'><strong>aediﬁcavit</strong></span> <span class='ocrx_word' id='word_1_364' title='bbox 1472 4308 1574 4366; x_wconf 81' lang='lat' dir='ltr'><strong>sibi</strong></span> <span class='ocrx_word' id='word_1_365' title='bbox 1604 4311 1842 4366; x_wconf 83' lang='lat' dir='ltr'><strong>domum.</strong></span> <span class='ocrx_word' id='word_1_366' title='bbox 1877 4310 2082 4366; x_wconf 86' lang='lat' dir='ltr'><strong>Poten-</strong></span> 
     </span>
    </p>
   </div>
   <div class='ocr_carea' id='block_1_60' title="bbox 2182 1829 3712 1909">
    <p class='ocr_par' dir='ltr' id='par_1_60' title="bbox 2182 1829 3712 1909">
     <span class='ocr_line' id='line_1_60' title="bbox 2182 1829 3712 1909; baseline -0.005 -19"><span class='ocrx_word' id='word_1_367' title='bbox 2182 1836 2367 1909; x_wconf 78' lang='grc' dir='ltr'>σχέσει</span> <span class='ocrx_word' id='word_1_368' title='bbox 2418 1837 2641 1908; x_wconf 78' lang='grc' dir='ltr'>δεσμεῖν</span> <span class='ocrx_word' id='word_1_369' title='bbox 2679 1837 2770 1891; x_wconf 79' lang='grc' dir='ltr'>τὸν</span> <span class='ocrx_word' id='word_1_370' title='bbox 2822 1837 2969 1900; x_wconf 85' lang='grc' dir='ltr'>νοῦν,</span> <span class='ocrx_word' id='word_1_371' title='bbox 3014 1838 3112 1891; x_wconf 67' lang='grc' dir='ltr'>καὶ</span> <span class='ocrx_word' id='word_1_372' title='bbox 3162 1834 3237 1908; x_wconf 80' lang='grc' dir='ltr'>μὴ</span> <span class='ocrx_word' id='word_1_373' title='bbox 3279 1834 3571 1905; x_wconf 85' lang='grc' dir='ltr'>συγχωρεῖν</span> <span class='ocrx_word' id='word_1_374' title='bbox 3603 1829 3712 1901; x_wconf 71' lang='grc' dir='ltr'>πρὸς</span> 
     </span>
    </p>
   </div>
   <div class='ocr_carea' id='block_1_61' title="bbox 2178 1923 3713 1997">
    <p class='ocr_par' dir='ltr' id='par_1_61' title="bbox 2178 1923 3713 1997">
     <span class='ocr_line' id='line_1_61' title="bbox 2178 1923 3713 1997; baseline -0.005 -16"><span class='ocrx_word' id='word_1_375' title='bbox 2178 1929 2306 1991; x_wconf 72' lang='grc' dir='ltr'>τοὺς</span> <span class='ocrx_word' id='word_1_376' title='bbox 2345 1927 2525 1982; x_wconf 80' lang='grc' dir='ltr'>αὐτῶν</span> <span class='ocrx_word' id='word_1_377' title='bbox 2569 1927 2865 1985; x_wconf 81' lang='grc' dir='ltr'>διαϐαίνειν</span> <span class='ocrx_word' id='word_1_378' title='bbox 2915 1927 3130 1997; x_wconf 84' lang='grc' dir='ltr'><strong>λόγους,</strong></span> <span class='ocrx_word' id='word_1_379' title='bbox 3161 1925 3457 1982; x_wconf 78' lang='grc' dir='ltr'>κάντεῦθεν</span> <span class='ocrx_word' id='word_1_380' title='bbox 3498 1923 3713 1994; x_wconf 73' lang='grc' dir='ltr'>ὑποδέχεο</span> 
     </span>
    </p>
   </div>
   <div class='ocr_carea' id='block_1_62' title="bbox 2181 2020 2426 2090">
    <p class='ocr_par' dir='ltr' id='par_1_62' title="bbox 2181 2020 2426 2090">
     <span class='ocr_line' id='line_1_62' title="bbox 2181 2020 2426 2090; baseline 0.008 -17"><span class='ocrx_word' id='word_1_381' title='bbox 2181 2020 2305 2075; x_wconf 87' lang='grc' dir='ltr'>σθαί</span> <span class='ocrx_word' id='word_1_382' title='bbox 2337 2038 2426 2090; x_wconf 87' lang='grc' dir='ltr'>με.</span> 
     </span>
    </p>
   </div>
   <div class='ocr_carea' id='block_1_63' title="bbox 2250 2105 3714 2183">
    <p class='ocr_par' dir='ltr' id='par_1_63' title="bbox 2250 2105 3714 2183">
     <span class='ocr_line' id='line_1_63' title="bbox 2250 2105 3714 2183; baseline -0.001 -18"><span class='ocrx_word' id='word_1_383' title='bbox 2250 2113 2343 2166; x_wconf 85' lang='grc' dir='ltr'>λε’.</span> <span class='ocrx_word' id='word_1_384' title='bbox 2385 2116 2453 2167; x_wconf 84' lang='lat' dir='ltr'><strong>Ai</strong></span> <span class='ocrx_word' id='word_1_385' title='bbox 2483 2115 2591 2182; x_wconf 75' lang='grc' dir='ltr'>γὰρ</span> <span class='ocrx_word' id='word_1_386' title='bbox 2624 2111 2826 2177; x_wconf 75' lang='grc' dir='ltr'>ἔξοδοί</span> <span class='ocrx_word' id='word_1_387' title='bbox 2874 2130 3015 2183; x_wconf 86' lang='grc' dir='ltr'>μου,</span> <span class='ocrx_word' id='word_1_388' title='bbox 3067 2111 3266 2177; x_wconf 81' lang='grc' dir='ltr'>ἔξοδοι</span> <span class='ocrx_word' id='word_1_389' title='bbox 3326 2109 3493 2179; x_wconf 80' lang='grc' dir='ltr'>ζωῆς.</span> <span class='ocrx_word' id='word_1_390' title='bbox 3529 2108 3589 2162; x_wconf 77' lang='lat' dir='ltr'><strong>Ai</strong></span> <span class='ocrx_word' id='word_1_391' title='bbox 3629 2105 3714 2176; x_wconf 72' lang='grc' dir='ltr'><strong>γὰρ</strong></span> 
     </span>
    </p>
   </div>
   <div class='ocr_carea' id='block_1_64' title="bbox 2182 2197 3717 2276">
    <p class='ocr_par' dir='ltr' id='par_1_64' title="bbox 2182 2197 3717 2276">
     <span class='ocr_line' id='line_1_64' title="bbox 2182 2197 3717 2276; baseline -0.004 -19"><span class='ocrx_word' id='word_1_392' title='bbox 2182 2204 2332 2276; x_wconf 74' lang='grc' dir='ltr'>παρὰ</span> <span class='ocrx_word' id='word_1_393' title='bbox 2363 2204 2457 2257; x_wconf 86' lang='grc' dir='ltr'><strong>τοῦ</strong></span> <span class='ocrx_word' id='word_1_394' title='bbox 2481 2201 2615 2257; x_wconf 87' lang='grc' dir='ltr'>Θεοῦ</span> <span class='ocrx_word' id='word_1_395' title='bbox 2642 2205 2737 2259; x_wconf 70' lang='grc' dir='ltr'>καὶ</span> <span class='ocrx_word' id='word_1_396' title='bbox 2769 2205 3001 2275; x_wconf 82' lang='grc' dir='ltr'>Πατρδς,</span> <span class='ocrx_word' id='word_1_397' title='bbox 3032 2202 3390 2273; x_wconf 81' lang='grc' dir='ltr'>προνοητικα“ι</span> <span class='ocrx_word' id='word_1_398' title='bbox 3415 2201 3549 2256; x_wconf 81' lang='grc' dir='ltr'>κατά</span> <span class='ocrx_word' id='word_1_399' title='bbox 3571 2217 3624 2253; x_wconf 79' lang='grc' dir='ltr'><strong>τε</strong></span> <span class='ocrx_word' id='word_1_400' title='bbox 3645 2197 3717 2251; x_wconf 74' lang='grc' dir='ltr'>τὸν</span> 
     </span>
    </p>
   </div>
   <div class='ocr_carea' id='block_1_65' title="bbox 2181 2288 3720 2366">
    <p class='ocr_par' dir='ltr' id='par_1_65' title="bbox 2181 2288 3720 2366">
     <span class='ocr_line' id='line_1_65' title="bbox 2181 2288 3720 2366; baseline -0.002 -19"><span class='ocrx_word' id='word_1_401' title='bbox 2181 2294 2409 2365; x_wconf 75' lang='grc' dir='ltr'>φυσικὸν</span> <span class='ocrx_word' id='word_1_402' title='bbox 2438 2295 2533 2349; x_wconf 78' lang='grc' dir='ltr'>καὶ</span> <span class='ocrx_word' id='word_1_403' title='bbox 2567 2293 2659 2348; x_wconf 79' lang='grc' dir='ltr'>τὸν</span> <span class='ocrx_word' id='word_1_404' title='bbox 2713 2295 2961 2366; x_wconf 81' lang='grc' dir='ltr'>γραπτὸν</span> <span class='ocrx_word' id='word_1_405' title='bbox 2996 2294 3089 2348; x_wconf 72' lang='grc' dir='ltr'>καὶ</span> <span class='ocrx_word' id='word_1_406' title='bbox 3130 2295 3222 2348; x_wconf 87' lang='grc' dir='ltr'>τὸν</span> <span class='ocrx_word' id='word_1_407' title='bbox 3281 2288 3720 2364; x_wconf 73' lang='grc' dir='ltr'>πνευματικδννό-</span> 
     </span>
    </p>
   </div>
   <div class='ocr_carea' id='block_1_66' title="bbox 2182 2381 3716 2457">
    <p class='ocr_par' dir='ltr' id='par_1_66' title="bbox 2182 2381 3716 2457">
     <span class='ocr_line' id='line_1_66' title="bbox 2182 2381 3716 2457; baseline 0.001 -18"><span class='ocrx_word' id='word_1_408' title='bbox 2182 2403 2281 2456; x_wconf 85' lang='grc' dir='ltr'><strong>μον</strong></span> <span class='ocrx_word' id='word_1_409' title='bbox 2317 2384 2619 2451; x_wconf 79' lang='grc' dir='ltr'>ἑξελεύσεις</span> <span class='ocrx_word' id='word_1_410' title='bbox 2659 2403 2785 2457; x_wconf 88' lang='grc' dir='ltr'>μου,</span> <span class='ocrx_word' id='word_1_411' title='bbox 2816 2383 2912 2438; x_wconf 84' lang='grc' dir='ltr'><strong>τοῦ</strong></span> <span class='ocrx_word' id='word_1_412' title='bbox 2958 2385 3226 2454; x_wconf 88' lang='grc' dir='ltr'>παναγίου</span> <span class='ocrx_word' id='word_1_413' title='bbox 3270 2401 3374 2455; x_wconf 89' lang='grc' dir='ltr'><strong>μου</strong></span> <span class='ocrx_word' id='word_1_414' title='bbox 3418 2381 3716 2453; x_wconf 74' lang='grc' dir='ltr'>Πνεύματος,</span> 
     </span>
    </p>
   </div>
   <div class='ocr_carea' id='block_1_67' title="bbox 2180 2469 3721 2549">
    <p class='ocr_par' dir='ltr' id='par_1_67' title="bbox 2180 2469 3721 2549">
     <span class='ocr_line' id='line_1_67' title="bbox 2180 2469 3721 2549; baseline -0.005 -20"><span class='ocrx_word' id='word_1_415' title='bbox 2180 2475 2325 2530; x_wconf 73' lang='grc' dir='ltr'>κατὰ</span> <span class='ocrx_word' id='word_1_416' title='bbox 2370 2477 2529 2549; x_wconf 84' lang='grc' dir='ltr'>χάριν</span> <span class='ocrx_word' id='word_1_417' title='bbox 2587 2476 2906 2547; x_wconf 81' lang='grc' dir='ltr'>μεταδόσεις</span> <span class='ocrx_word' id='word_1_418' title='bbox 2948 2478 3062 2541; x_wconf 80' lang='grc' dir='ltr'>τοῖς</span> <span class='ocrx_word' id='word_1_419' title='bbox 3099 2477 3359 2548; x_wconf 82' lang='grc' dir='ltr'>μέλλουσι</span> <span class='ocrx_word' id='word_1_420' title='bbox 3403 2469 3721 2546; x_wconf 77' lang='grc' dir='ltr'>κληρονομεῖν</span> 
     </span>
    </p>
   </div>
   <div class='ocr_carea' id='block_1_68' title="bbox 2181 2568 2616 2639">
    <p class='ocr_par' dir='ltr' id='par_1_68' title="bbox 2181 2568 2616 2639">
     <span class='ocr_line' id='line_1_68' title="bbox 2181 2568 2616 2639; baseline 0.002 -17"><span class='ocrx_word' id='word_1_421' title='bbox 2181 2568 2464 2639; x_wconf 87' lang='grc' dir='ltr'>βασιλείαν</span> <span class='ocrx_word' id='word_1_422' title='bbox 2489 2569 2616 2623; x_wconf 81' lang='grc' dir='ltr'>εἰσί.</span> 
     </span>
    </p>
   </div>
   <div class='ocr_carea' id='block_1_69' title="bbox 2254 2654 3722 2731">
    <p class='ocr_par' dir='ltr' id='par_1_69' title="bbox 2254 2654 3722 2731">
     <span class='ocr_line' id='line_1_69' title="bbox 2254 2654 3722 2731; baseline -0.005 -16"><span class='ocrx_word' id='word_1_423' title='bbox 2254 2659 2364 2715; x_wconf 80' lang='grc' dir='ltr'><strong>Καὶ</strong></span> <span class='ocrx_word' id='word_1_424' title='bbox 2393 2659 2755 2731; x_wconf 80' lang='grc' dir='ltr'>ἐτοιμὰζεται</span> <span class='ocrx_word' id='word_1_425' title='bbox 2785 2661 3036 2729; x_wconf 68' lang='grc' dir='ltr'>θέλησις</span> <span class='ocrx_word' id='word_1_426' title='bbox 3073 2660 3232 2730; x_wconf 81' lang='grc' dir='ltr'>παρὰ</span> <span class='ocrx_word' id='word_1_427' title='bbox 3259 2661 3504 2730; x_wconf 84' lang='grc' dir='ltr'>Κυρίου.</span> <span class='ocrx_word' id='word_1_428' title='bbox 3532 2656 3634 2711; x_wconf 70' lang='grc' dir='ltr'><strong>Καὶ</strong></span> <span class='ocrx_word' id='word_1_429' title='bbox 3650 2654 3722 2709; x_wconf 83' lang='grc' dir='ltr'><strong>εὐ·</strong></span> 
     </span>
    </p>
   </div>
   <div class='ocr_carea' id='block_1_70' title="bbox 2180 2750 3723 2823">
    <p class='ocr_par' dir='ltr' id='par_1_70' title="bbox 2180 2750 3723 2823">
     <span class='ocr_line' id='line_1_70' title="bbox 2180 2750 3723 2823; baseline 0.005 -20"><span class='ocrx_word' id='word_1_430' title='bbox 2180 2750 2498 2821; x_wconf 83' lang='grc' dir='ltr'>τρεπίζεται</span> <span class='ocrx_word' id='word_1_431' title='bbox 2529 2752 2587 2805; x_wconf 77' lang='grc' dir='ltr'>ἐν</span> <span class='ocrx_word' id='word_1_432' title='bbox 2613 2752 2764 2822; x_wconf 80' lang='grc' dir='ltr'>ὑμῖν,</span> <span class='ocrx_word' id='word_1_433' title='bbox 2790 2751 2878 2805; x_wconf 83' lang='grc' dir='ltr'><strong>διὰ</strong></span> <span class='ocrx_word' id='word_1_434' title='bbox 2903 2752 3012 2805; x_wconf 85' lang='grc' dir='ltr'><strong>τῶν</strong></span> <span class='ocrx_word' id='word_1_435' title='bbox 3028 2753 3335 2823; x_wconf 80' lang='grc' dir='ltr'>εἰρημένων</span> <span class='ocrx_word' id='word_1_436' title='bbox 3361 2752 3528 2823; x_wconf 84' lang='grc' dir='ltr'>τριῶν</span> <span class='ocrx_word' id='word_1_437' title='bbox 3555 2751 3723 2818; x_wconf 72' lang='grc' dir='ltr'>νόμωνν</span> 
     </span>
    </p>
   </div>
   <div class='ocr_carea' id='block_1_71' title="bbox 2181 2836 3724 2914">
    <p class='ocr_par' dir='ltr' id='par_1_71' title="bbox 2181 2836 3724 2914">
     <span class='ocr_line' id='line_1_71' title="bbox 2181 2836 3724 2914; baseline -0.002 -20"><span class='ocrx_word' id='word_1_438' title='bbox 2181 2843 2315 2914; x_wconf 87' lang='grc' dir='ltr'>παρ’</span> <span class='ocrx_word' id='word_1_439' title='bbox 2344 2841 2479 2913; x_wconf 73' lang='grc' dir='ltr'>ἐμοῦ</span> <span class='ocrx_word' id='word_1_440' title='bbox 2510 2842 2605 2899; x_wconf 84' lang='grc' dir='ltr'><strong>τοῦ</strong></span> <span class='ocrx_word' id='word_1_441' title='bbox 2642 2843 2751 2897; x_wconf 85' lang='grc' dir='ltr'><strong>τῶν</strong></span> <span class='ocrx_word' id='word_1_442' title='bbox 2805 2845 2942 2899; x_wconf 84' lang='grc' dir='ltr'>ὅλων</span> <span class='ocrx_word' id='word_1_443' title='bbox 2984 2845 3280 2908; x_wconf 84' lang='grc' dir='ltr'>Δεσπότου,</span> <span class='ocrx_word' id='word_1_444' title='bbox 3323 2844 3503 2912; x_wconf 75' lang='grc' dir='ltr'>ὄρεξις</span> <span class='ocrx_word' id='word_1_445' title='bbox 3553 2836 3724 2912; x_wconf 72' lang='grc' dir='ltr'>φυσική</span> 
     </span>
    </p>
   </div>
   <div class='ocr_carea' id='block_1_72' title="bbox 2180 2928 3726 3005">
    <p class='ocr_par' dir='ltr' id='par_1_72' title="bbox 2180 2928 3726 3005">
     <span class='ocr_line' id='line_1_72' title="bbox 2180 2928 3726 3005; baseline -0.003 -20"><span class='ocrx_word' id='word_1_446' title='bbox 2180 2948 2241 2985; x_wconf 84' lang='grc' dir='ltr'><strong>τε</strong></span> <span class='ocrx_word' id='word_1_447' title='bbox 2272 2934 2368 2986; x_wconf 81' lang='grc' dir='ltr'>καὶ</span> <span class='ocrx_word' id='word_1_448' title='bbox 2398 2933 2613 3005; x_wconf 82' lang='grc' dir='ltr'>λογικὴ,</span> <span class='ocrx_word' id='word_1_449' title='bbox 2651 2935 2745 2987; x_wconf 73' lang='grc' dir='ltr'>καὶ</span> <span class='ocrx_word' id='word_1_450' title='bbox 2791 2934 3008 2988; x_wconf 83' lang='grc' dir='ltr'>πάντων</span> <span class='ocrx_word' id='word_1_451' title='bbox 3041 2933 3150 2987; x_wconf 86' lang='grc' dir='ltr'><strong>τῶν</strong></span> <span class='ocrx_word' id='word_1_452' title='bbox 3184 2933 3464 2997; x_wconf 81' lang='grc' dir='ltr'>οὐσιωδῶς</span> <span class='ocrx_word' id='word_1_453' title='bbox 3504 2934 3567 3003; x_wconf 74' lang='grc' dir='ltr'>τῇ</span> <span class='ocrx_word' id='word_1_454' title='bbox 3596 2928 3726 2998; x_wconf 78' lang='grc' dir='ltr'>φύσει</span> 
     </span>
    </p>
   </div>
   <div class='ocr_carea' id='block_1_73' title="bbox 2184 3022 3181 3095">
    <p class='ocr_par' dir='ltr' id='par_1_73' title="bbox 2184 3022 3181 3095">
     <span class='ocr_line' id='line_1_73' title="bbox 2184 3022 3181 3095; baseline 0.004 -21"><span class='ocrx_word' id='word_1_455' title='bbox 2184 3022 2496 3093; x_wconf 84' lang='grc' dir='ltr'>προσόντων</span> <span class='ocrx_word' id='word_1_456' title='bbox 2534 3023 2841 3094; x_wconf 82' lang='grc' dir='ltr'>ἰδιωμάτων</span> <span class='ocrx_word' id='word_1_457' title='bbox 2870 3026 3181 3095; x_wconf 83' lang='grc' dir='ltr'>συνεκτική.</span> 
     </span>
    </p>
   </div>
   <div class='ocr_carea' id='block_1_74' title="bbox 2257 3109 3729 3187">
    <p class='ocr_par' dir='ltr' id='par_1_74' title="bbox 2257 3109 3729 3187">
     <span class='ocr_line' id='line_1_74' title="bbox 2257 3109 3729 3187; baseline -0.004 -19"><span class='ocrx_word' id='word_1_458' title='bbox 2257 3115 2365 3180; x_wconf 86' lang='grc' dir='ltr'>λς’.</span> <span class='ocrx_word' id='word_1_459' title='bbox 2402 3118 2465 3170; x_wconf 81' lang='grc' dir='ltr'><em>Οἱ</em></span> <span class='ocrx_word' id='word_1_460' title='bbox 2492 3115 2560 3170; x_wconf 83' lang='grc' dir='ltr'>δὲ</span> <span class='ocrx_word' id='word_1_461' title='bbox 2581 3117 2669 3181; x_wconf 83' lang='grc' dir='ltr'><strong>εἰς</strong></span> <span class='ocrx_word' id='word_1_462' title='bbox 2701 3116 2807 3187; x_wconf 82' lang='grc' dir='ltr'><strong>ἐμὲ</strong></span> <span class='ocrx_word' id='word_1_463' title='bbox 2836 3115 3299 3186; x_wconf 76' lang='grc' dir='ltr'>ἁμαρτάνοντες,</span> <span class='ocrx_word' id='word_1_464' title='bbox 3330 3112 3649 3169; x_wconf 79' lang='grc' dir='ltr'>ἀσεϐοῦσιν</span> <span class='ocrx_word' id='word_1_465' title='bbox 3662 3109 3729 3172; x_wconf 76' lang='grc' dir='ltr'><strong>εἰς</strong></span> 
     </span>
    </p>
   </div>
   <div class='ocr_carea' id='block_1_75' title="bbox 2185 3199 3730 3279">
    <p class='ocr_par' dir='ltr' id='par_1_75' title="bbox 2185 3199 3730 3279">
     <span class='ocr_line' id='line_1_75' title="bbox 2185 3199 3730 3279; baseline -0.006 -17"><span class='ocrx_word' id='word_1_466' title='bbox 2185 3208 2291 3275; x_wconf 82' lang='grc' dir='ltr'>τὰς</span> <span class='ocrx_word' id='word_1_467' title='bbox 2319 3206 2551 3262; x_wconf 80' lang='grc' dir='ltr'>ἑαυτῶν</span> <span class='ocrx_word' id='word_1_468' title='bbox 2577 3208 2805 3277; x_wconf 69' lang='grc' dir='ltr'>ψυχάς.</span> <span class='ocrx_word' id='word_1_469' title='bbox 2834 3208 2898 3261; x_wconf 78' lang='lat' dir='ltr'><strong>Oi</strong></span> <span class='ocrx_word' id='word_1_470' title='bbox 2925 3207 2970 3260; x_wconf 85' lang='grc' dir='ltr'>δ’</span> <span class='ocrx_word' id='word_1_471' title='bbox 2996 3206 3131 3279; x_wconf 73' lang='grc' dir='ltr'>ἐμοῦ</span> <span class='ocrx_word' id='word_1_472' title='bbox 3155 3205 3251 3261; x_wconf 84' lang='grc' dir='ltr'><strong>τοῦ</strong></span> <span class='ocrx_word' id='word_1_473' title='bbox 3274 3206 3412 3261; x_wconf 85' lang='grc' dir='ltr'>Θεοῦ</span> <span class='ocrx_word' id='word_1_474' title='bbox 3449 3206 3632 3273; x_wconf 86' lang='grc' dir='ltr'>Λόγου,</span> <span class='ocrx_word' id='word_1_475' title='bbox 3661 3199 3730 3254; x_wconf 70' lang='grc' dir='ltr'>διὰ</span> 
     </span>
    </p>
   </div>
   <div class='ocr_carea' id='block_1_76' title="bbox 2185 3292 3732 3371">
    <p class='ocr_par' dir='ltr' id='par_1_76' title="bbox 2185 3292 3732 3371">
     <span class='ocr_line' id='line_1_76' title="bbox 2185 3292 3732 3371; baseline -0.005 -18"><span class='ocrx_word' id='word_1_476' title='bbox 2185 3299 2283 3371; x_wconf 74' lang='grc' dir='ltr'>τὴν</span> <span class='ocrx_word' id='word_1_477' title='bbox 2313 3299 2421 3353; x_wconf 86' lang='grc' dir='ltr'><strong>τῶν</strong></span> <span class='ocrx_word' id='word_1_478' title='bbox 2447 3298 2636 3355; x_wconf 87' lang='grc' dir='ltr'>παθῶν</span> <span class='ocrx_word' id='word_1_479' title='bbox 2672 3299 2867 3368; x_wconf 74' lang='grc' dir='ltr'>ἄλογον</span> <span class='ocrx_word' id='word_1_480' title='bbox 2899 3298 3080 3371; x_wconf 75' lang='grc' dir='ltr'>ὄρεξιν</span> <span class='ocrx_word' id='word_1_481' title='bbox 3124 3299 3614 3370; x_wconf 79' lang='grc' dir='ltr'>ἀποτυγχάνοντες,</span> <span class='ocrx_word' id='word_1_482' title='bbox 3653 3292 3732 3354; x_wconf 82' lang='grc' dir='ltr'>τὰς</span> 
     </span>
    </p>
   </div>
   <div class='ocr_carea' id='block_1_77' title="bbox 2187 3385 3730 3464">
    <p class='ocr_par' dir='ltr' id='par_1_77' title="bbox 2187 3385 3730 3464">
     <span class='ocr_line' id='line_1_77' title="bbox 2187 3385 3730 3464; baseline 0.001 -20"><span class='ocrx_word' id='word_1_483' title='bbox 2187 3391 2393 3444; x_wconf 77' lang='grc' dir='ltr'>ἑαυτῶν</span> <span class='ocrx_word' id='word_1_484' title='bbox 2421 3391 2598 3463; x_wconf 75' lang='grc' dir='ltr'>ψυχὰς</span> <span class='ocrx_word' id='word_1_485' title='bbox 2631 3392 2728 3464; x_wconf 81' lang='grc' dir='ltr'>τῆς</span> <span class='ocrx_word' id='word_1_486' title='bbox 2753 3393 2898 3447; x_wconf 81' lang='grc' dir='ltr'>κατὰ</span> <span class='ocrx_word' id='word_1_487' title='bbox 2923 3391 3136 3463; x_wconf 77' lang='grc' dir='ltr'>μέθεξιν</span> <span class='ocrx_word' id='word_1_488' title='bbox 3157 3407 3260 3459; x_wconf 85' lang='grc' dir='ltr'><strong>μου</strong></span> <span class='ocrx_word' id='word_1_489' title='bbox 3287 3388 3541 3461; x_wconf 74' lang='grc' dir='ltr'>περοῦσι</span> <span class='ocrx_word' id='word_1_490' title='bbox 3559 3385 3730 3456; x_wconf 64' lang='grc' dir='ltr'>τιμῆς·</span> 
     </span>
    </p>
   </div>
   <div class='ocr_carea' id='block_1_78' title="bbox 2184 3474 3734 3555">
    <p class='ocr_par' dir='ltr' id='par_1_78' title="bbox 2184 3474 3734 3555">
     <span class='ocr_line' id='line_1_78' title="bbox 2184 3474 3734 3555; baseline -0.005 -19"><span class='ocrx_word' id='word_1_491' title='bbox 2184 3478 2386 3553; x_wconf 76' lang='grc' dir='ltr'>οἷάπερ</span> <span class='ocrx_word' id='word_1_492' title='bbox 2423 3483 2825 3555; x_wconf 73' lang='grc' dir='ltr'>ἀποϐαλόμενοι</span> <span class='ocrx_word' id='word_1_493' title='bbox 2870 3483 2931 3538; x_wconf 80' lang='grc' dir='ltr'>τὸ</span> <span class='ocrx_word' id='word_1_494' title='bbox 2982 3482 3105 3537; x_wconf 72' lang='grc' dir='ltr'>καθ’</span> <span class='ocrx_word' id='word_1_495' title='bbox 3152 3481 3416 3554; x_wconf 80' lang='grc' dir='ltr'>ὁμοίωσιν</span> <span class='ocrx_word' id='word_1_496' title='bbox 3471 3476 3621 3546; x_wconf 74' lang='grc' dir='ltr'>Θεοῦ,</span> <span class='ocrx_word' id='word_1_497' title='bbox 3659 3474 3734 3530; x_wconf 78' lang='grc' dir='ltr'>καὶ</span> 
     </span>
    </p>
   </div>
   <div class='ocr_carea' id='block_1_79' title="bbox 2185 3565 3734 3647">
    <p class='ocr_par' dir='ltr' id='par_1_79' title="bbox 2185 3565 3734 3647">
     <span class='ocr_line' id='line_1_79' title="bbox 2185 3565 3734 3647; baseline -0.006 -19"><span class='ocrx_word' id='word_1_498' title='bbox 2185 3574 2747 3646; x_wconf 74' lang='grc' dir='ltr'>παρασυμθληθέντες</span> <span class='ocrx_word' id='word_1_499' title='bbox 2792 3577 2906 3639; x_wconf 83' lang='grc' dir='ltr'>τοῖς</span> <span class='ocrx_word' id='word_1_500' title='bbox 2945 3575 3168 3647; x_wconf 79' lang='grc' dir='ltr'>κτήνεσι</span> <span class='ocrx_word' id='word_1_501' title='bbox 3194 3574 3308 3637; x_wconf 74' lang='grc' dir='ltr'>τοῖς</span> <span class='ocrx_word' id='word_1_502' title='bbox 3356 3565 3734 3643; x_wconf 78' lang='grc' dir='ltr'>ἀνοήτοις,καί</span> 
     </span>
    </p>
   </div>
   <div class='ocr_carea' id='block_1_80' title="bbox 2184 3666 2769 3736">
    <p class='ocr_par' dir='ltr' id='par_1_80' title="bbox 2184 3666 2769 3736">
     <span class='ocr_line' id='line_1_80' title="bbox 2184 3666 2769 3736; baseline 0 -17"><span class='ocrx_word' id='word_1_503' title='bbox 2184 3666 2544 3736; x_wconf 80' lang='grc' dir='ltr'>ὁμοιωθέντες</span> <span class='ocrx_word' id='word_1_504' title='bbox 2563 3667 2769 3730; x_wconf 79' lang='grc' dir='ltr'>αὐτοῖς.</span> 
     </span>
    </p>
   </div>
   <div class='ocr_carea' id='block_1_81' title="bbox 2264 3748 3734 3827">
    <p class='ocr_par' dir='ltr' id='par_1_81' title="bbox 2264 3748 3734 3827">
     <span class='ocr_line' id='line_1_81' title="bbox 2264 3748 3734 3827; baseline -0.009 -15"><span class='ocrx_word' id='word_1_505' title='bbox 2264 3757 2375 3812; x_wconf 75' lang='lat' dir='ltr'><strong>Kal</strong></span> <span class='ocrx_word' id='word_1_506' title='bbox 2398 3759 2452 3811; x_wconf 81' lang='grc' dir='ltr'>οἱ</span> <span class='ocrx_word' id='word_1_507' title='bbox 2475 3756 2810 3826; x_wconf 80' lang='grc' dir='ltr'>μισοῦντές</span> <span class='ocrx_word' id='word_1_508' title='bbox 2838 3773 2947 3827; x_wconf 81' lang='grc' dir='ltr'>με,</span> <span class='ocrx_word' id='word_1_509' title='bbox 2978 3756 3294 3827; x_wconf 79' lang='grc' dir='ltr'>ἀγαπῶσιν</span> <span class='ocrx_word' id='word_1_510' title='bbox 3333 3755 3614 3810; x_wconf 77' lang='grc' dir='ltr'>θάνατον.</span> <span class='ocrx_word' id='word_1_511' title='bbox 3646 3748 3734 3803; x_wconf 78' lang='grc' dir='ltr'><strong>Καὶ</strong></span> 
     </span>
    </p>
   </div>
   <div class='ocr_carea' id='block_1_82' title="bbox 2182 3846 3734 3920">
    <p class='ocr_par' dir='ltr' id='par_1_82' title="bbox 2182 3846 3734 3920">
     <span class='ocr_line' id='line_1_82' title="bbox 2182 3846 3734 3920; baseline -0.003 -19"><span class='ocrx_word' id='word_1_512' title='bbox 2182 3849 2233 3901; x_wconf 85' lang='grc' dir='ltr'>οἱ</span> <span class='ocrx_word' id='word_1_513' title='bbox 2261 3848 2736 3920; x_wconf 84' lang='grc' dir='ltr'>ἀποστρεφόμενοι</span> <span class='ocrx_word' id='word_1_514' title='bbox 2773 3865 2841 3919; x_wconf 90' lang='grc' dir='ltr'><strong>με</strong></span> <span class='ocrx_word' id='word_1_515' title='bbox 2863 3847 2964 3920; x_wconf 79' lang='grc' dir='ltr'>τὴν</span> <span class='ocrx_word' id='word_1_516' title='bbox 3005 3847 3106 3918; x_wconf 78' lang='grc' dir='ltr'><strong>τὴν</strong></span> <span class='ocrx_word' id='word_1_517' title='bbox 3136 3846 3449 3919; x_wconf 79' lang='grc' dir='ltr'>ἀνώλεθρον</span> <span class='ocrx_word' id='word_1_518' title='bbox 3473 3858 3734 3914; x_wconf 73' lang='grc' dir='ltr'>πνευματι-</span> 
     </span>
    </p>
   </div>
   <div class='ocr_carea' id='block_1_83' title="bbox 2183 3929 3733 4010">
    <p class='ocr_par' dir='ltr' id='par_1_83' title="bbox 2183 3929 3733 4010">
     <span class='ocr_line' id='line_1_83' title="bbox 2183 3929 3733 4010; baseline -0.007 -18"><span class='ocrx_word' id='word_1_519' title='bbox 2183 3937 2287 4010; x_wconf 80' lang='grc' dir='ltr'>κὴν</span> <span class='ocrx_word' id='word_1_520' title='bbox 2322 3937 2468 4009; x_wconf 80' lang='grc' dir='ltr'>ζωὴν</span> <span class='ocrx_word' id='word_1_521' title='bbox 2502 3940 2616 4001; x_wconf 80' lang='grc' dir='ltr'>τοῖς</span> <span class='ocrx_word' id='word_1_522' title='bbox 2638 3938 2852 3991; x_wconf 88' lang='grc' dir='ltr'>θέλουσι</span> <span class='ocrx_word' id='word_1_523' title='bbox 2881 3937 3262 4009; x_wconf 80' lang='grc' dir='ltr'>χαριζόμενον,</span> <span class='ocrx_word' id='word_1_524' title='bbox 3304 3936 3640 4001; x_wconf 76' lang='grc' dir='ltr'>ἀσπάζονται</span> <span class='ocrx_word' id='word_1_525' title='bbox 3661 3929 3733 3982; x_wconf 65' lang='grc' dir='ltr'>τὸν</span> 
     </span>
    </p>
   </div>
   <div class='ocr_carea' id='block_1_84' title="bbox 2184 4018 3736 4100">
    <p class='ocr_par' dir='ltr' id='par_1_84' title="bbox 2184 4018 3736 4100">
     <span class='ocr_line' id='line_1_84' title="bbox 2184 4018 3736 4100; baseline -0.005 -19"><span class='ocrx_word' id='word_1_526' title='bbox 2184 4027 2307 4081; x_wconf 81' lang='grc' dir='ltr'>καθ’</span> <span class='ocrx_word' id='word_1_527' title='bbox 2338 4029 2614 4100; x_wconf 80' lang='grc' dir='ltr'>ἁμαρτίαν</span> <span class='ocrx_word' id='word_1_528' title='bbox 2641 4027 2873 4098; x_wconf 75' lang='grc' dir='ltr'>ψυχικὸν</span> <span class='ocrx_word' id='word_1_529' title='bbox 2915 4027 3127 4083; x_wconf 79' lang='grc' dir='ltr'>ἑαυτῶν</span> <span class='ocrx_word' id='word_1_530' title='bbox 3172 4026 3397 4099; x_wconf 72' lang='grc' dir='ltr'>ὀλεθρον</span> <span class='ocrx_word' id='word_1_531' title='bbox 3417 4042 3433 4058; x_wconf 73' lang='grc'><strong>⁸</strong></span> <span class='ocrx_word' id='word_1_532' title='bbox 3465 4024 3630 4079; x_wconf 80' lang='grc' dir='ltr'>ταῦτα</span> <span class='ocrx_word' id='word_1_533' title='bbox 3665 4018 3736 4074; x_wconf 70' lang='grc' dir='ltr'>διὰ</span> 
     </span>
    </p>
   </div>
   <div class='ocr_carea' id='block_1_85' title="bbox 2186 4119 3139 4191">
    <p class='ocr_par' dir='ltr' id='par_1_85' title="bbox 2186 4119 3139 4191">
     <span class='ocr_line' id='line_1_85' title="bbox 2186 4119 3139 4191; baseline 0.001 -17"><span class='ocrx_word' id='word_1_534' title='bbox 2186 4119 2367 4191; x_wconf 70' lang='grc' dir='ltr'>πάσης</span> <span class='ocrx_word' id='word_1_535' title='bbox 2408 4122 2508 4190; x_wconf 83' lang='grc' dir='ltr'><strong>τῇς</strong></span> <span class='ocrx_word' id='word_1_536' title='bbox 2534 4119 2760 4190; x_wconf 79' lang='grc' dir='ltr'>Γραφῆς</span> <span class='ocrx_word' id='word_1_537' title='bbox 2785 4119 3139 4175; x_wconf 85' lang='grc' dir='ltr'>διδάσκουσα.</span> 
     </span>
    </p>
   </div>
   <div class='ocr_carea' id='block_1_86' title="bbox 2804 4216 3178 4272">
    <p class='ocr_par' dir='ltr' id='par_1_86' title="bbox 2804 4216 3178 4272">
     <span class='ocr_line' id='line_1_86' title="bbox 2804 4216 3178 4272; baseline 0.005 -2"><span class='ocrx_word' id='word_1_538' title='bbox 2804 4218 3057 4271; x_wconf 74' lang='grc' dir='ltr'><strong>ΚΕΦΔΛ.</strong></span> <span class='ocrx_word' id='word_1_539' title='bbox 3100 4216 3178 4272; x_wconf 80' lang='grc' dir='ltr'><strong>Θ’.</strong></span> 
     </span>
    </p>
   </div>
   <div class='ocr_carea' id='block_1_87' title="bbox 2257 4303 3738 4379">
    <p class='ocr_par' dir='ltr' id='par_1_87' title="bbox 2257 4303 3738 4379">
     <span class='ocr_line' id='line_1_87' title="bbox 2257 4303 3738 4379; baseline -0.004 -16"><span class='ocrx_word' id='word_1_540' title='bbox 2257 4315 2329 4367; x_wconf 85' lang='grc' dir='ltr'><strong>α’.</strong></span> <span class='ocrx_word' id='word_1_541' title='bbox 2361 4309 2430 4363; x_wconf 85' lang='grc' dir='ltr'><em>Ἠ</em></span> <span class='ocrx_word' id='word_1_542' title='bbox 2454 4310 2645 4379; x_wconf 73' lang='grc' dir='ltr'>σοφία</span> <span class='ocrx_word' id='word_1_543' title='bbox 2689 4308 3081 4379; x_wconf 80' lang='grc' dir='ltr'>ᾠκοδόμησεν</span> <span class='ocrx_word' id='word_1_544' title='bbox 3116 4307 3303 4377; x_wconf 77' lang='grc' dir='ltr'>ἑαυτῆ</span> <span class='ocrx_word' id='word_1_545' title='bbox 3337 4303 3531 4363; x_wconf 61' lang='grc' dir='ltr'>οἶκονι</span> <span class='ocrx_word' id='word_1_546' title='bbox 3578 4304 3636 4358; x_wconf 84' lang='grc' dir='ltr'><em>Ἦ</em></span> <span class='ocrx_word' id='word_1_547' title='bbox 3678 4304 3738 4353; x_wconf 53' lang='grc' dir='ltr'>ἐν</span> 
     </span>
    </p>
   </div>
   <div class='ocr_carea' id='block_1_88' title="bbox 494 4399 2080 4483">
    <p class='ocr_par' dir='ltr' id='par_1_88' title="bbox 494 4401 2077 4483">
     <span class='ocr_line' id='line_1_88' title="bbox 494 4401 2077 4483; baseline 0.001 -29"><span class='ocrx_word' id='word_1_548' title='bbox 494 4401 696 4483; x_wconf 28' lang='lat' dir='ltr'><strong>tiaADei</strong></span> <span class='ocrx_word' id='word_1_549' title='bbox 729 4417 793 4459; x_wconf 87' lang='lat' dir='ltr'><strong>ac</strong></span> <span class='ocrx_word' id='word_1_550' title='bbox 834 4402 1016 4460; x_wconf 84' lang='lat' dir='ltr'><strong>Patris</strong></span> <span class='ocrx_word' id='word_1_551' title='bbox 1057 4419 1154 4475; x_wconf 87' lang='lat' dir='ltr'><strong>per</strong></span> <span class='ocrx_word' id='word_1_552' title='bbox 1191 4418 1250 4459; x_wconf 91' lang='lat' dir='ltr'><strong>se</strong></span> <span class='ocrx_word' id='word_1_553' title='bbox 1278 4403 1615 4468; x_wconf 78' lang='lat' dir='ltr'><strong>subsistens,</strong></span> <span class='ocrx_word' id='word_1_554' title='bbox 1652 4404 1926 4476; x_wconf 85' lang='lat' dir='ltr'><strong>propriam</strong></span> <span class='ocrx_word' id='word_1_555' title='bbox 1976 4402 2077 4458; x_wconf 87' lang='lat' dir='ltr'><strong>sibi</strong></span> 
     </span>
    </p>
   </div>
   <div class='ocr_carea' id='block_1_89' title="bbox 2184 4399 3737 4483">
    <p class='ocr_par' dir='ltr' id='par_1_89' title="bbox 2185 4399 3737 4472">
     <span class='ocr_line' id='line_1_89' title="bbox 2185 4399 3737 4472; baseline -0.003 -19"><span class='ocrx_word' id='word_1_556' title='bbox 2185 4402 2489 4465; x_wconf 75' lang='grc' dir='ltr'>υπόσιατος</span> <span class='ocrx_word' id='word_1_557' title='bbox 2514 4401 2607 4455; x_wconf 86' lang='grc' dir='ltr'><strong>τοῦ</strong></span> <span class='ocrx_word' id='word_1_558' title='bbox 2644 4401 2782 4456; x_wconf 87' lang='grc' dir='ltr'>Θεοῦ</span> <span class='ocrx_word' id='word_1_559' title='bbox 2816 4402 2909 4456; x_wconf 77' lang='grc' dir='ltr'>καὶ</span> <span class='ocrx_word' id='word_1_560' title='bbox 2956 4401 3169 4472; x_wconf 81' lang='grc' dir='ltr'>Πατρδς</span> <span class='ocrx_word' id='word_1_561' title='bbox 3195 4400 3455 4471; x_wconf 80' lang='grc' dir='ltr'>δύναμις,</span> <span class='ocrx_word' id='word_1_562' title='bbox 3484 4399 3611 4454; x_wconf 77' lang='grc' dir='ltr'>ἴδιον</span> <span class='ocrx_word' id='word_1_563' title='bbox 3630 4411 3737 4449; x_wconf 67' lang='grc' dir='ltr'>κατ-</span> 
     </span>
    </p>
   </div>
   <div class='ocr_carea' id='block_1_90' title="bbox 492 4479 2080 4570">
    <p class='ocr_par' dir='ltr' id='par_1_90' title="bbox 492 4479 2080 4570">
     <span class='ocr_line' id='line_1_90' title="bbox 492 4479 2080 4570; baseline 0.003 -22"><span class='ocrx_word' id='word_1_564' title='bbox 492 4479 826 4565; x_wconf 59' lang='lat' dir='ltr'><strong>pini-paravit</strong></span> <span class='ocrx_word' id='word_1_565' title='bbox 858 4495 1086 4552; x_wconf 88' lang='lat' dir='ltr'><strong>domum</strong></span> <span class='ocrx_word' id='word_1_566' title='bbox 1121 4498 1443 4553; x_wconf 88' lang='lat' dir='ltr'><strong>universum</strong></span> <span class='ocrx_word' id='word_1_567' title='bbox 1475 4497 1687 4562; x_wconf 89' lang='lat' dir='ltr'><strong>orbem,</strong></span> <span class='ocrx_word' id='word_1_568' title='bbox 1740 4498 1793 4552; x_wconf 91' lang='lat' dir='ltr'><strong>in</strong></span> <span class='ocrx_word' id='word_1_569' title='bbox 1840 4513 1950 4568; x_wconf 89' lang='lat' dir='ltr'><strong>quo</strong></span> <span class='ocrx_word' id='word_1_570' title='bbox 1982 4514 2080 4570; x_wconf 91' lang='lat' dir='ltr'><strong>per</strong></span> 
     </span>
    </p>
   </div>
   <div class='ocr_carea' id='block_1_91' title="bbox 2184 4479 3723 4570">
    <p class='ocr_par' dir='ltr' id='par_1_91' title="bbox 2188 4482 3723 4566">
     <span class='ocr_line' id='line_1_91' title="bbox 2188 4482 3723 4566; baseline -0.001 -19"><span class='ocrx_word' id='word_1_571' title='bbox 2188 4494 2487 4548; x_wconf 83' lang='grc' dir='ltr'>εσκεύασεν</span> <span class='ocrx_word' id='word_1_572' title='bbox 2514 4495 2852 4566; x_wconf 79' lang='grc' dir='ltr'>οἰκητήριον,</span> <span class='ocrx_word' id='word_1_573' title='bbox 2882 4493 2977 4546; x_wconf 73' lang='grc' dir='ltr'><strong>τόν</strong></span> <span class='ocrx_word' id='word_1_574' title='bbox 3001 4510 3060 4546; x_wconf 83' lang='grc' dir='ltr'><strong>τε</strong></span> <span class='ocrx_word' id='word_1_575' title='bbox 3110 4494 3231 4547; x_wconf 83' lang='grc' dir='ltr'>ὅλον</span> <span class='ocrx_word' id='word_1_576' title='bbox 3264 4494 3496 4563; x_wconf 81' lang='grc' dir='ltr'>κόσμον,</span> <span class='ocrx_word' id='word_1_577' title='bbox 3531 4493 3587 4546; x_wconf 84' lang='grc' dir='ltr'>ὲν</span> <span class='ocrx_word' id='word_1_578' title='bbox 3622 4482 3663 4556; x_wconf 80' lang='grc' dir='ltr'>ᾧ</span> <span class='ocrx_word' id='word_1_579' title='bbox 3683 4488 3723 4539; x_wconf 75' lang='grc' dir='ltr'>οἱ</span> 
     </span>
    </p>
   </div>
   <div class='ocr_carea' id='block_1_92' title="bbox 490 4585 2082 4658">
    <p class='ocr_par' dir='ltr' id='par_1_92' title="bbox 490 4585 2082 4658">
     <span class='ocr_line' id='line_1_92' title="bbox 490 4585 2082 4658; baseline 0.001 -18"><span class='ocrx_word' id='word_1_580' title='bbox 490 4586 753 4640; x_wconf 79' lang='lat' dir='ltr'><strong>virtutem</strong></span> <span class='ocrx_word' id='word_1_581' title='bbox 773 4585 1004 4653; x_wconf 84' lang='lat' dir='ltr'><strong>habitat,</strong></span> <span class='ocrx_word' id='word_1_582' title='bbox 1028 4595 1082 4642; x_wconf 86' lang='lat' dir='ltr'><strong>et</strong></span> <span class='ocrx_word' id='word_1_583' title='bbox 1101 4588 1280 4655; x_wconf 87' lang='lat' dir='ltr'><strong>illum,</strong></span> <span class='ocrx_word' id='word_1_584' title='bbox 1299 4589 1390 4658; x_wconf 88' lang='lat' dir='ltr'><strong>qui</strong></span> <span class='ocrx_word' id='word_1_585' title='bbox 1410 4587 1476 4644; x_wconf 88' lang='lat' dir='ltr'><strong>ad</strong></span> <span class='ocrx_word' id='word_1_586' title='bbox 1500 4588 1591 4644; x_wconf 88' lang='lat' dir='ltr'><strong>Dei</strong></span> <span class='ocrx_word' id='word_1_587' title='bbox 1621 4588 1911 4658; x_wconf 75' lang='lat' dir='ltr'><strong>imaginem</strong></span> <span class='ocrx_word' id='word_1_588' title='bbox 1933 4597 1989 4641; x_wconf 90' lang='lat' dir='ltr'><strong>et</strong></span> <span class='ocrx_word' id='word_1_589' title='bbox 2006 4588 2082 4643; x_wconf 90' lang='lat' dir='ltr'><strong>si-</strong></span> 
     </span>
    </p>
   </div>
   <div class='ocr_carea' id='block_1_93' title="bbox 494 4674 2078 4743">
    <p class='ocr_par' dir='ltr' id='par_1_93' title="bbox 494 4674 2078 4743">
     <span class='ocr_line' id='line_1_93' title="bbox 494 4674 2078 4743; baseline 0.004 -16"><span class='ocrx_word' id='word_1_590' title='bbox 494 4674 867 4729; x_wconf 89' lang='lat' dir='ltr'><strong>militudinem</strong></span> <span class='ocrx_word' id='word_1_591' title='bbox 899 4684 1121 4732; x_wconf 85' lang='lat' dir='ltr'><strong>creatus</strong></span> <span class='ocrx_word' id='word_1_592' title='bbox 1147 4686 1255 4743; x_wconf 88' lang='lat' dir='ltr'><strong>est,</strong></span> <span class='ocrx_word' id='word_1_593' title='bbox 1288 4679 1492 4735; x_wconf 83' lang='lat' dir='ltr'><strong>visibili</strong></span> <span class='ocrx_word' id='word_1_594' title='bbox 1511 4690 1563 4734; x_wconf 88' lang='lat' dir='ltr'><strong>et</strong></span> <span class='ocrx_word' id='word_1_595' title='bbox 1594 4680 1858 4735; x_wconf 81' lang='lat' dir='ltr'><strong>invisibili</strong></span> <span class='ocrx_word' id='word_1_596' title='bbox 1882 4686 2078 4734; x_wconf 83' lang='lat' dir='ltr'><strong>natura</strong></span> 
     </span>
    </p>
   </div>
   <div class='ocr_carea' id='block_1_94' title="bbox 493 4774 873 4820">
    <p class='ocr_par' dir='ltr' id='par_1_94' title="bbox 493 4774 873 4820">
     <span class='ocr_line' id='line_1_94' title="bbox 493 4774 873 4820; baseline 0.003 -1"><span class='ocrx_word' id='word_1_597' title='bbox 493 4774 873 4820; x_wconf 86' lang='lat' dir='ltr'><strong>constantem.</strong></span> 
     </span>
    </p>
   </div>
   <div class='ocr_carea' id='block_1_95' title="bbox 568 4856 2077 4929">
    <p class='ocr_par' dir='ltr' id='par_1_95' title="bbox 568 4856 2077 4929">
     <span class='ocr_line' id='line_1_95' title="bbox 568 4856 2077 4929; baseline 0.004 -19"><span class='ocrx_word' id='word_1_598' title='bbox 568 4856 639 4910; x_wconf 88' lang='lat' dir='ltr'><strong>Et</strong></span> <span class='ocrx_word' id='word_1_599' title='bbox 676 4858 871 4911; x_wconf 76' lang='lat' dir='ltr'><strong>excidit</strong></span> <span class='ocrx_word' id='word_1_600' title='bbox 899 4858 1176 4914; x_wconf 81' lang='lat' dir='ltr'><strong>columnas</strong></span> <span class='ocrx_word' id='word_1_601' title='bbox 1204 4870 1420 4929; x_wconf 75' lang='lat' dir='ltr'><strong>septem.</strong></span> <span class='ocrx_word' id='word_1_602' title='bbox 1473 4862 1539 4918; x_wconf 89' lang='lat' dir='ltr'><strong>Et</strong></span> <span class='ocrx_word' id='word_1_603' title='bbox 1570 4863 1720 4919; x_wconf 90' lang='lat' dir='ltr'><strong>omni</strong></span> <span class='ocrx_word' id='word_1_604' title='bbox 1753 4869 1967 4918; x_wconf 70' lang='lat' dir='ltr'><strong>naturae</strong></span> <span class='ocrx_word' id='word_1_605' title='bbox 1994 4861 2077 4916; x_wconf 85' lang='lat' dir='ltr'><strong>vi-</strong></span> 
     </span>
    </p>
   </div>
   <div class='ocr_carea' id='block_1_96' title="bbox 490 4950 2083 5027">
    <p class='ocr_par' dir='ltr' id='par_1_96' title="bbox 490 4950 2083 5027">
     <span class='ocr_line' id='line_1_96' title="bbox 490 4950 2083 5027; baseline 0.003 -22"><span class='ocrx_word' id='word_1_606' title='bbox 490 4950 640 5007; x_wconf 83' lang='lat' dir='ltr'><strong>sibili</strong></span> <span class='ocrx_word' id='word_1_607' title='bbox 672 4951 740 5006; x_wconf 88' lang='lat' dir='ltr'><strong>ad</strong></span> <span class='ocrx_word' id='word_1_608' title='bbox 765 4952 1150 5008; x_wconf 76' lang='lat' dir='ltr'><strong>exsistendum</strong></span> <span class='ocrx_word' id='word_1_609' title='bbox 1182 4953 1336 5010; x_wconf 87' lang='lat' dir='ltr'><strong>dedit</strong></span> <span class='ocrx_word' id='word_1_610' title='bbox 1365 4956 1784 5012; x_wconf 87' lang='lat' dir='ltr'><strong>hebdomarium</strong></span> <span class='ocrx_word' id='word_1_611' title='bbox 1808 4956 2083 5027; x_wconf 83' lang='lat' dir='ltr'><strong>temporis</strong></span> 
     </span>
    </p>
   </div>
   <div class='ocr_carea' id='block_1_97' title="bbox 495 5041 2080 5117">
    <p class='ocr_par' dir='ltr' id='par_1_97' title="bbox 495 5041 2080 5117">
     <span class='ocr_line' id='line_1_97' title="bbox 495 5041 2080 5117; baseline 0.004 -22"><span class='ocrx_word' id='word_1_612' title='bbox 495 5041 816 5109; x_wconf 76' lang='lat' dir='ltr'><strong>circuitum;</strong></span> <span class='ocrx_word' id='word_1_613' title='bbox 853 5042 1065 5099; x_wconf 79' lang='lat' dir='ltr'><strong>homini</strong></span> <span class='ocrx_word' id='word_1_614' title='bbox 1118 5061 1270 5113; x_wconf 81' lang='lat' dir='ltr'><strong>vero,</strong></span> <span class='ocrx_word' id='word_1_615' title='bbox 1314 5056 1438 5117; x_wconf 88' lang='lat' dir='ltr'><strong>post</strong></span> <span class='ocrx_word' id='word_1_616' title='bbox 1497 5048 1833 5101; x_wconf 90' lang='lat' dir='ltr'><strong>creationem</strong></span> <span class='ocrx_word' id='word_1_617' title='bbox 1878 5062 2080 5102; x_wconf 89' lang='lat' dir='ltr'><strong>secun-</strong></span> 
     </span>
    </p>
   </div>
   <div class='ocr_carea' id='block_1_98' title="bbox 492 5130 2080 5205">
    <p class='ocr_par' dir='ltr' id='par_1_98' title="bbox 492 5130 2080 5205">
     <span class='ocr_line' id='line_1_98' title="bbox 492 5130 2080 5205; baseline 0.004 -20"><span class='ocrx_word' id='word_1_618' title='bbox 492 5131 622 5186; x_wconf 84' lang='lat' dir='ltr'><strong>dum</strong></span> <span class='ocrx_word' id='word_1_619' title='bbox 651 5130 931 5190; x_wconf 85' lang='lat' dir='ltr'><strong>Christum</strong></span> <span class='ocrx_word' id='word_1_620' title='bbox 979 5135 1236 5203; x_wconf 76' lang='lat' dir='ltr'><strong>formato,</strong></span> <span class='ocrx_word' id='word_1_621' title='bbox 1271 5150 1329 5193; x_wconf 88' lang='lat' dir='ltr'><strong>ut</strong></span> <span class='ocrx_word' id='word_1_622' title='bbox 1364 5137 1418 5192; x_wconf 85' lang='lat' dir='ltr'><strong>in</strong></span> <span class='ocrx_word' id='word_1_623' title='bbox 1468 5139 1615 5192; x_wconf 88' lang='lat' dir='ltr'><strong>hunc</strong></span> <span class='ocrx_word' id='word_1_624' title='bbox 1649 5137 1863 5205; x_wconf 86' lang='lat' dir='ltr'><strong>credat,</strong></span> <span class='ocrx_word' id='word_1_625' title='bbox 1894 5150 1949 5193; x_wconf 89' lang='lat' dir='ltr'><strong>et</strong></span> <span class='ocrx_word' id='word_1_626' title='bbox 1976 5138 2080 5192; x_wconf 81' lang='lat' dir='ltr'><strong>hu-</strong></span> 
     </span>
    </p>
   </div>
   <div class='ocr_carea' id='block_1_99' title="bbox 491 5225 2077 5301">
    <p class='ocr_par' dir='ltr' id='par_1_99' title="bbox 491 5225 2077 5301">
     <span class='ocr_line' id='line_1_99' title="bbox 491 5225 2077 5301; baseline 0.004 -24"><span class='ocrx_word' id='word_1_627' title='bbox 491 5225 582 5291; x_wconf 80' lang='lat' dir='ltr'><strong>jus</strong></span> <span class='ocrx_word' id='word_1_628' title='bbox 621 5225 878 5281; x_wconf 83' lang='lat' dir='ltr'><strong>mandata</strong></span> <span class='ocrx_word' id='word_1_629' title='bbox 931 5227 1214 5297; x_wconf 80' lang='lat' dir='ltr'><strong>observet,</strong></span> <span class='ocrx_word' id='word_1_630' title='bbox 1255 5230 1404 5286; x_wconf 87' lang='lat' dir='ltr'><strong>dedit</strong></span> <span class='ocrx_word' id='word_1_631' title='bbox 1447 5246 1477 5285; x_wconf 92' lang='lat' dir='ltr'><strong>e</strong></span> <span class='ocrx_word' id='word_1_632' title='bbox 1516 5229 1799 5285; x_wconf 86' lang='lat' dir='ltr'><strong>contrario</strong></span> <span class='ocrx_word' id='word_1_633' title='bbox 1868 5241 2077 5301; x_wconf 86' lang='lat' dir='ltr'><strong>septem</strong></span> 
     </span>
    </p>
   </div>
   <div class='ocr_carea' id='block_1_100' title="bbox 497 5311 2080 5389">
    <p class='ocr_par' dir='ltr' id='par_1_100' title="bbox 497 5311 2080 5389">
     <span class='ocr_line' id='line_1_100' title="bbox 497 5311 2080 5389; baseline 0.006 -23"><span class='ocrx_word' id='word_1_634' title='bbox 497 5311 737 5382; x_wconf 83' lang='lat' dir='ltr'><strong>Spiritus</strong></span> <span class='ocrx_word' id='word_1_635' title='bbox 795 5317 975 5379; x_wconf 79' lang='lat' dir='ltr'><strong>sancti</strong></span> <span class='ocrx_word' id='word_1_636' title='bbox 1033 5319 1366 5373; x_wconf 81' lang='lat' dir='ltr'><strong>charismata</strong></span> <span class='ocrx_word' id='word_1_637' title='bbox 1427 5341 1438 5375; x_wconf 92' lang='lat'><strong>:</strong></span> <span class='ocrx_word' id='word_1_638' title='bbox 1490 5321 1731 5389; x_wconf 87' lang='lat' dir='ltr'><strong>quibus,</strong></span> <span class='ocrx_word' id='word_1_639' title='bbox 1782 5321 1997 5377; x_wconf 84' lang='lat' dir='ltr'><strong>virtute</strong></span> <span class='ocrx_word' id='word_1_640' title='bbox 2049 5336 2080 5375; x_wconf 87' lang='lat' dir='ltr'><strong>a</strong></span> 
     </span>
    </p>
   </div>
   <div class='ocr_carea' id='block_1_101' title="bbox 497 5402 2077 5482">
    <p class='ocr_par' dir='ltr' id='par_1_101' title="bbox 497 5402 2077 5482">
     <span class='ocr_line' id='line_1_101' title="bbox 497 5402 2077 5482; baseline 0.006 -24"><span class='ocrx_word' id='word_1_641' title='bbox 497 5402 728 5458; x_wconf 84' lang='lat' dir='ltr'><strong>scientia</strong></span> <span class='ocrx_word' id='word_1_642' title='bbox 760 5404 1024 5472; x_wconf 81' lang='lat' dir='ltr'><strong>excitata,</strong></span> <span class='ocrx_word' id='word_1_643' title='bbox 1057 5417 1111 5462; x_wconf 90' lang='lat' dir='ltr'><strong>et</strong></span> <span class='ocrx_word' id='word_1_644' title='bbox 1143 5409 1410 5476; x_wconf 81' lang='lat' dir='ltr'><strong>vicissim,</strong></span> <span class='ocrx_word' id='word_1_645' title='bbox 1442 5409 1671 5465; x_wconf 88' lang='lat' dir='ltr'><strong>scientia</strong></span> <span class='ocrx_word' id='word_1_646' title='bbox 1695 5426 1792 5482; x_wconf 92' lang='lat' dir='ltr'><strong>per</strong></span> <span class='ocrx_word' id='word_1_647' title='bbox 1817 5412 2077 5467; x_wconf 88' lang='lat' dir='ltr'><strong>virtutem</strong></span> 
     </span>
    </p>
   </div>
   <div class='ocr_carea' id='block_1_102' title="bbox 502 5493 2079 5569">
    <p class='ocr_par' dir='ltr' id='par_1_102' title="bbox 502 5493 2079 5569">
     <span class='ocr_line' id='line_1_102' title="bbox 502 5493 2079 5569; baseline 0.008 -25"><span class='ocrx_word' id='word_1_648' title='bbox 502 5493 871 5560; x_wconf 78' lang='lat' dir='ltr'><strong>manifestata,</strong></span> <span class='ocrx_word' id='word_1_649' title='bbox 920 5498 1234 5569; x_wconf 88' lang='lat' dir='ltr'><strong>spiritualis</strong></span> <span class='ocrx_word' id='word_1_650' title='bbox 1269 5500 1433 5557; x_wconf 82' lang='lat' dir='ltr'><strong>homo</strong></span> <span class='ocrx_word' id='word_1_651' title='bbox 1468 5511 1911 5568; x_wconf 89' lang='lat' dir='ltr'><strong>consummatur,</strong></span> <span class='ocrx_word' id='word_1_652' title='bbox 1955 5502 2079 5557; x_wconf 79' lang='lat' dir='ltr'><strong>ﬁdei</strong></span> 
     </span>
    </p>
   </div>
   <div class='ocr_carea' id='block_1_103' title="bbox 494 5585 2081 5667">
    <p class='ocr_par' dir='ltr' id='par_1_103' title="bbox 494 5585 2081 5667">
     <span class='ocr_line' id='line_1_103' title="bbox 494 5585 2081 5667; baseline 0.006 -29"><span class='ocrx_word' id='word_1_653' title='bbox 494 5585 836 5651; x_wconf 79' lang='lat' dir='ltr'><strong>perfectione</strong></span> <span class='ocrx_word' id='word_1_654' title='bbox 879 5589 1128 5647; x_wconf 81' lang='lat' dir='ltr'><strong>ﬁrmatus</strong></span> <span class='ocrx_word' id='word_1_655' title='bbox 1188 5594 1241 5648; x_wconf 88' lang='lat' dir='ltr'><strong>in</strong></span> <span class='ocrx_word' id='word_1_656' title='bbox 1299 5597 1802 5667; x_wconf 84' lang='lat' dir='ltr'><strong>supernaturalium</strong></span> <span class='ocrx_word' id='word_1_657' title='bbox 1853 5596 2081 5666; x_wconf 85' lang='lat' dir='ltr'><strong>partici-</strong></span> 
     </span>
    </p>
   </div>
   <div class='ocr_carea' id='block_1_104' title="bbox 499 5676 2077 5761">
    <p class='ocr_par' dir='ltr' id='par_1_104' title="bbox 499 5676 2077 5761">
     <span class='ocr_line' id='line_1_104' title="bbox 499 5676 2077 5761; baseline 0.009 -30"><span class='ocrx_word' id='word_1_658' title='bbox 499 5676 735 5745; x_wconf 74' lang='lat' dir='ltr'><strong>patione.</strong></span> <span class='ocrx_word' id='word_1_659' title='bbox 761 5678 896 5738; x_wconf 82' lang='lat' dir='ltr'><strong>Nam</strong></span> <span class='ocrx_word' id='word_1_660' title='bbox 946 5684 1381 5754; x_wconf 84' lang='lat' dir='ltr'><strong>puriﬁcationem</strong></span> <span class='ocrx_word' id='word_1_661' title='bbox 1434 5692 1731 5748; x_wconf 84' lang='lat' dir='ltr'><strong>secundum</strong></span> <span class='ocrx_word' id='word_1_662' title='bbox 1781 5691 2077 5761; x_wconf 82' lang='lat' dir='ltr'><strong>practicam</strong></span> 
     </span>
    </p>
   </div>
   <div class='ocr_carea' id='block_1_105' title="bbox 2187 4574 3727 4656">
    <p class='ocr_par' dir='ltr' id='par_1_105' title="bbox 2187 4574 3727 4656">
     <span class='ocr_line' id='line_1_105' title="bbox 2187 4574 3727 4656; baseline -0.004 -19"><span class='ocrx_word' id='word_1_663' title='bbox 2187 4587 2275 4638; x_wconf 86' lang='grc' dir='ltr'>κεῖ</span> <span class='ocrx_word' id='word_1_664' title='bbox 2304 4586 2425 4638; x_wconf 75' lang='grc' dir='ltr'>κατ’</span> <span class='ocrx_word' id='word_1_665' title='bbox 2453 4586 2759 4656; x_wconf 74' lang='grc' dir='ltr'>ἐνέργειαν,</span> <span class='ocrx_word' id='word_1_666' title='bbox 2800 4586 2897 4638; x_wconf 72' lang='grc' dir='ltr'><strong>καί⁸</strong></span> <span class='ocrx_word' id='word_1_667' title='bbox 2923 4584 3084 4637; x_wconf 73' lang='grc' dir='ltr'>αὐτὸν</span> <span class='ocrx_word' id='word_1_668' title='bbox 3126 4584 3217 4637; x_wconf 82' lang='grc' dir='ltr'>τὸν</span> <span class='ocrx_word' id='word_1_669' title='bbox 3259 4585 3380 4638; x_wconf 85' lang='grc' dir='ltr'>κατ’</span> <span class='ocrx_word' id='word_1_670' title='bbox 3407 4583 3594 4637; x_wconf 82' lang='grc' dir='ltr'>εἰκόνα</span> <span class='ocrx_word' id='word_1_671' title='bbox 3623 4574 3727 4634; x_wconf 68' lang='grc' dir='ltr'>Θεοί</span> 
     </span>
    </p>
   </div>
   <div class='ocr_carea' id='block_1_106' title="bbox 2187 4674 3717 4748">
    <p class='ocr_par' dir='ltr' id='par_1_106' title="bbox 2187 4674 3717 4748">
     <span class='ocr_line' id='line_1_106' title="bbox 2187 4674 3717 4748; baseline -0.006 -18"><span class='ocrx_word' id='word_1_672' title='bbox 2187 4678 2281 4730; x_wconf 73' lang='grc' dir='ltr'>καὶ</span> <span class='ocrx_word' id='word_1_673' title='bbox 2302 4675 2584 4747; x_wconf 84' lang='grc' dir='ltr'>ὁμοίωσιν,</span> <span class='ocrx_word' id='word_1_674' title='bbox 2624 4676 2685 4740; x_wconf 78' lang='grc' dir='ltr'>ἐξ</span> <span class='ocrx_word' id='word_1_675' title='bbox 2728 4678 2934 4748; x_wconf 80' lang='grc' dir='ltr'>ὁρατῆς</span> <span class='ocrx_word' id='word_1_676' title='bbox 2975 4676 3073 4729; x_wconf 69' lang='grc' dir='ltr'>καὶ</span> <span class='ocrx_word' id='word_1_677' title='bbox 3116 4676 3348 4746; x_wconf 80' lang='grc' dir='ltr'>ἀοράτου</span> <span class='ocrx_word' id='word_1_678' title='bbox 3391 4674 3608 4745; x_wconf 82' lang='grc' dir='ltr'>φύσεως</span> <span class='ocrx_word' id='word_1_679' title='bbox 3643 4686 3717 4721; x_wconf 68' lang='lat' dir='ltr'><strong>xv:</strong></span> 
     </span>
    </p>
   </div>
   <div class='ocr_carea' id='block_1_107' title="bbox 2189 4766 2721 4836">
    <p class='ocr_par' dir='ltr' id='par_1_107' title="bbox 2189 4766 2721 4836">
     <span class='ocr_line' id='line_1_107' title="bbox 2189 4766 2721 4836; baseline 0.006 -18"><span class='ocrx_word' id='word_1_680' title='bbox 2189 4766 2385 4820; x_wconf 78' lang='grc' dir='ltr'>σθέντα</span> <span class='ocrx_word' id='word_1_681' title='bbox 2416 4767 2721 4836; x_wconf 85' lang='grc' dir='ltr'>ἄνθρωπον.</span> 
     </span>
    </p>
   </div>
   <div class='ocr_carea' id='block_1_108' title="bbox 2258 4851 3741 4928">
    <p class='ocr_par' dir='ltr' id='par_1_108' title="bbox 2258 4851 3741 4928">
     <span class='ocr_line' id='line_1_108' title="bbox 2258 4851 3741 4928; baseline -0.006 -15"><span class='ocrx_word' id='word_1_682' title='bbox 2258 4858 2365 4913; x_wconf 78' lang='grc' dir='ltr'><strong>Καὶ</strong></span> <span class='ocrx_word' id='word_1_683' title='bbox 2390 4858 2681 4926; x_wconf 75' lang='grc' dir='ltr'>ὐπήρεισε</span> <span class='ocrx_word' id='word_1_684' title='bbox 2728 4860 2996 4926; x_wconf 75' lang='grc' dir='ltr'>στύλους</span> <span class='ocrx_word' id='word_1_685' title='bbox 3045 4859 3215 4914; x_wconf 77' lang='grc' dir='ltr'>ἑπτά.</span> <span class='ocrx_word' id='word_1_686' title='bbox 3256 4859 3367 4913; x_wconf 79' lang='grc' dir='ltr'>Καὶ</span> <span class='ocrx_word' id='word_1_687' title='bbox 3406 4861 3475 4928; x_wconf 85' lang='grc' dir='ltr'>τῇ</span> <span class='ocrx_word' id='word_1_688' title='bbox 3534 4857 3627 4927; x_wconf 78' lang='grc' dir='ltr'>μὲν</span> <span class='ocrx_word' id='word_1_689' title='bbox 3661 4851 3741 4921; x_wconf 46' lang='grc' dir='ltr'>ὄλλ,</span> 
     </span>
    </p>
   </div>
   <div class='ocr_carea' id='block_1_109' title="bbox 2187 4947 3741 5024">
    <p class='ocr_par' dir='ltr' id='par_1_109' title="bbox 2187 4947 3741 5024">
     <span class='ocr_line' id='line_1_109' title="bbox 2187 4947 3741 5024; baseline -0.003 -19"><span class='ocrx_word' id='word_1_690' title='bbox 2187 4952 2421 5024; x_wconf 81' lang='grc' dir='ltr'>αἰσθητῇ</span> <span class='ocrx_word' id='word_1_691' title='bbox 2471 4951 2631 5021; x_wconf 76' lang='grc' dir='ltr'>φύσει</span> <span class='ocrx_word' id='word_1_692' title='bbox 2684 4950 2911 5004; x_wconf 76' lang='grc' dir='ltr'>ὑπέθετο</span> <span class='ocrx_word' id='word_1_693' title='bbox 2953 4952 3091 5023; x_wconf 80' lang='grc' dir='ltr'>πρὸς</span> <span class='ocrx_word' id='word_1_694' title='bbox 3134 4951 3387 5024; x_wconf 83' lang='grc' dir='ltr'>ὕπαρξιν,</span> <span class='ocrx_word' id='word_1_695' title='bbox 3418 4950 3519 5022; x_wconf 85' lang='grc' dir='ltr'>τὴν</span> <span class='ocrx_word' id='word_1_696' title='bbox 3542 4947 3741 5016; x_wconf 74' lang='grc' dir='ltr'>ἑϐδομα-</span> 
     </span>
    </p>
   </div>
   <div class='ocr_carea' id='block_1_110' title="bbox 2186 5032 3740 5115">
    <p class='ocr_par' dir='ltr' id='par_1_110' title="bbox 2186 5032 3740 5115">
     <span class='ocr_line' id='line_1_110' title="bbox 2186 5032 3740 5115; baseline -0.005 -18"><span class='ocrx_word' id='word_1_697' title='bbox 2186 5043 2341 5115; x_wconf 83' lang='grc' dir='ltr'>δικὴν</span> <span class='ocrx_word' id='word_1_698' title='bbox 2365 5042 2457 5096; x_wconf 89' lang='grc' dir='ltr'><strong>τοῦ</strong></span> <span class='ocrx_word' id='word_1_699' title='bbox 2470 5044 2666 5113; x_wconf 75' lang='grc' dir='ltr'>χρόνου</span> <span class='ocrx_word' id='word_1_700' title='bbox 2687 5043 2953 5114; x_wconf 83' lang='grc' dir='ltr'>περίοδον·</span> <span class='ocrx_word' id='word_1_701' title='bbox 2972 5041 3126 5115; x_wconf 79' lang='grc' dir='ltr'>αὐτῷ</span> <span class='ocrx_word' id='word_1_702' title='bbox 3142 5042 3201 5096; x_wconf 75' lang='grc' dir='ltr'>δὲ</span> <span class='ocrx_word' id='word_1_703' title='bbox 3216 5040 3296 5112; x_wconf 79' lang='grc' dir='ltr'><strong>τῷ</strong></span> <span class='ocrx_word' id='word_1_704' title='bbox 3314 5040 3411 5094; x_wconf 86' lang='grc' dir='ltr'>ἀνθ</span> <span class='ocrx_word' id='word_1_705' title='bbox 3423 5041 3606 5112; x_wconf 81' lang='grc' dir='ltr'>ρώπῳ,</span> <span class='ocrx_word' id='word_1_706' title='bbox 3622 5032 3740 5109; x_wconf 71' lang='grc' dir='ltr'>μετὰ</span> 
     </span>
    </p>
   </div>
   <div class='ocr_carea' id='block_1_111' title="bbox 2186 5129 3741 5210">
    <p class='ocr_par' dir='ltr' id='par_1_111' title="bbox 2186 5129 3741 5210">
     <span class='ocr_line' id='line_1_111' title="bbox 2186 5129 3741 5210; baseline -0.008 -20"><span class='ocrx_word' id='word_1_707' title='bbox 2186 5138 2286 5210; x_wconf 82' lang='grc' dir='ltr'>τὴν</span> <span class='ocrx_word' id='word_1_708' title='bbox 2329 5137 2540 5205; x_wconf 80' lang='grc' dir='ltr'>γένεσιν</span> <span class='ocrx_word' id='word_1_709' title='bbox 2594 5136 2735 5189; x_wconf 75' lang='grc' dir='ltr'>κατὰ</span> <span class='ocrx_word' id='word_1_710' title='bbox 2784 5137 3017 5207; x_wconf 78' lang='grc' dir='ltr'>Χριστὸν</span> <span class='ocrx_word' id='word_1_711' title='bbox 3074 5134 3402 5205; x_wconf 78' lang='grc' dir='ltr'>κτιζομένῳ,</span> <span class='ocrx_word' id='word_1_712' title='bbox 3430 5135 3491 5187; x_wconf 82' lang='grc' dir='ltr'>ἐν</span> <span class='ocrx_word' id='word_1_713' title='bbox 3544 5129 3619 5201; x_wconf 82' lang='grc' dir='ltr'><strong>τῷ</strong></span> <span class='ocrx_word' id='word_1_714' title='bbox 3668 5143 3741 5178; x_wconf 85' lang='grc' dir='ltr'>πι-</span> 
     </span>
    </p>
   </div>
   <div class='ocr_carea' id='block_1_112' title="bbox 2191 5222 3743 5298">
    <p class='ocr_par' dir='ltr' id='par_1_112' title="bbox 2191 5222 3743 5298">
     <span class='ocr_line' id='line_1_112' title="bbox 2191 5222 3743 5298; baseline -0.008 -14"><span class='ocrx_word' id='word_1_715' title='bbox 2191 5231 2403 5284; x_wconf 78' lang='grc' dir='ltr'>στεύειν</span> <span class='ocrx_word' id='word_1_716' title='bbox 2430 5227 2578 5298; x_wconf 77' lang='grc' dir='ltr'>αὑτῴ</span> <span class='ocrx_word' id='word_1_717' title='bbox 2598 5230 2693 5282; x_wconf 77' lang='grc' dir='ltr'>καὶ</span> <span class='ocrx_word' id='word_1_718' title='bbox 2718 5228 2819 5297; x_wconf 81' lang='grc' dir='ltr'>τὴν</span> <span class='ocrx_word' id='word_1_719' title='bbox 2844 5226 3011 5279; x_wconf 61' lang='grc' dir='ltr'>αὺτοῦ</span> <span class='ocrx_word' id='word_1_720' title='bbox 3040 5228 3234 5297; x_wconf 68' lang='grc' dir='ltr'>τηρεῖν</span> <span class='ocrx_word' id='word_1_721' title='bbox 3261 5225 3504 5297; x_wconf 73' lang='grc' dir='ltr'>ἐντολὴν,</span> <span class='ocrx_word' id='word_1_722' title='bbox 3534 5222 3743 5278; x_wconf 80' lang='grc' dir='ltr'>ὑπέθετο</span> 
     </span>
    </p>
   </div>
   <div class='ocr_carea' id='block_1_113' title="bbox 2188 5303 3741 5389">
    <p class='ocr_par' dir='ltr' id='par_1_113' title="bbox 2188 5303 3741 5389">
     <span class='ocr_line' id='line_1_113' title="bbox 2188 5303 3741 5389; baseline -0.002 -15"><span class='ocrx_word' id='word_1_723' title='bbox 2188 5318 2343 5384; x_wconf 66' lang='grc' dir='ltr'>αὖθις</span> <span class='ocrx_word' id='word_1_724' title='bbox 2397 5320 2465 5372; x_wconf 87' lang='grc' dir='ltr'>τὰ</span> <span class='ocrx_word' id='word_1_725' title='bbox 2512 5319 2653 5372; x_wconf 75' lang='grc' dir='ltr'>ἑπτὰ</span> <span class='ocrx_word' id='word_1_726' title='bbox 2690 5318 2783 5371; x_wconf 86' lang='grc' dir='ltr'><strong>τοῦ</strong></span> <span class='ocrx_word' id='word_1_727' title='bbox 2840 5318 3158 5388; x_wconf 82' lang='grc' dir='ltr'>Πνεύματος</span> <span class='ocrx_word' id='word_1_728' title='bbox 3201 5318 3555 5389; x_wconf 80' lang='grc' dir='ltr'>χαρίσματα’</span> <span class='ocrx_word' id='word_1_729' title='bbox 3587 5317 3642 5366; x_wconf 81' lang='grc' dir='ltr'>ὲν</span> <span class='ocrx_word' id='word_1_730' title='bbox 3672 5303 3741 5371; x_wconf 74' lang='grc' dir='ltr'><strong>οἷς</strong></span> 
     </span>
    </p>
   </div>
   <div class='ocr_carea' id='block_1_114' title="bbox 2187 5399 3743 5483">
    <p class='ocr_par' dir='ltr' id='par_1_114' title="bbox 2187 5399 3743 5483">
     <span class='ocr_line' id='line_1_114' title="bbox 2187 5399 3743 5483; baseline -0.006 -18"><span class='ocrx_word' id='word_1_731' title='bbox 2187 5412 2536 5483; x_wconf 59' lang='grc' dir='ltr'>ψυχουμένης</span> <span class='ocrx_word' id='word_1_732' title='bbox 2564 5413 2662 5482; x_wconf 72' lang='grc' dir='ltr'>τῆς</span> <span class='ocrx_word' id='word_1_733' title='bbox 2702 5412 2899 5481; x_wconf 77' lang='grc' dir='ltr'>ἀρετῆς</span> <span class='ocrx_word' id='word_1_734' title='bbox 2945 5410 3089 5464; x_wconf 74' lang='grc' dir='ltr'>κατὰ</span> <span class='ocrx_word' id='word_1_735' title='bbox 3130 5410 3351 5479; x_wconf 84' lang='grc' dir='ltr'>γνῶσιν,</span> <span class='ocrx_word' id='word_1_736' title='bbox 3395 5408 3490 5462; x_wconf 81' lang='grc' dir='ltr'>καὶ</span> <span class='ocrx_word' id='word_1_737' title='bbox 3506 5407 3603 5476; x_wconf 80' lang='grc' dir='ltr'>τῆς</span> <span class='ocrx_word' id='word_1_738' title='bbox 3627 5399 3743 5472; x_wconf 82' lang='grc' dir='ltr'><strong>γνὼ-</strong></span> 
     </span>
    </p>
   </div>
   <div class='ocr_carea' id='block_1_115' title="bbox 2191 5499 3739 5573">
    <p class='ocr_par' dir='ltr' id='par_1_115' title="bbox 2191 5499 3739 5573">
     <span class='ocr_line' id='line_1_115' title="bbox 2191 5499 3739 5573; baseline -0.008 -14"><span class='ocrx_word' id='word_1_739' title='bbox 2191 5523 2327 5569; x_wconf 80' lang='grc' dir='ltr'>σεως</span> <span class='ocrx_word' id='word_1_740' title='bbox 2374 5499 2528 5568; x_wconf 81' lang='grc' dir='ltr'>αὖθις</span> <span class='ocrx_word' id='word_1_741' title='bbox 2581 5503 3010 5572; x_wconf 78' lang='grc' dir='ltr'>σωματουμένης</span> <span class='ocrx_word' id='word_1_742' title='bbox 3060 5503 3182 5557; x_wconf 82' lang='grc' dir='ltr'>κατ’</span> <span class='ocrx_word' id='word_1_743' title='bbox 3208 5502 3427 5573; x_wconf 75' lang='grc' dir='ltr'>ἀρετὴν,</span> <span class='ocrx_word' id='word_1_744' title='bbox 3457 5503 3486 5555; x_wconf 85' lang='grc' dir='ltr'><strong>ό</strong></span> <span class='ocrx_word' id='word_1_745' title='bbox 3521 5509 3739 5564; x_wconf 73' lang='grc' dir='ltr'>πνευμαο</span> 
     </span>
    </p>
   </div>
   <div class='ocr_carea' id='block_1_116' title="bbox 2187 5586 3738 5670">
    <p class='ocr_par' dir='ltr' id='par_1_116' title="bbox 2187 5586 3738 5670">
     <span class='ocr_line' id='line_1_116' title="bbox 2187 5586 3738 5670; baseline -0.002 -19"><span class='ocrx_word' id='word_1_746' title='bbox 2187 5597 2338 5661; x_wconf 83' lang='grc' dir='ltr'>τικδς</span> <span class='ocrx_word' id='word_1_747' title='bbox 2379 5598 2743 5669; x_wconf 77' lang='grc' dir='ltr'>ἀπαρτίζεται</span> <span class='ocrx_word' id='word_1_748' title='bbox 2791 5597 3079 5670; x_wconf 82' lang='grc' dir='ltr'>ἄνθρωπος</span> <span class='ocrx_word' id='word_1_749' title='bbox 3099 5637 3113 5662; x_wconf 96' lang='grc'><strong>,</strong></span> <span class='ocrx_word' id='word_1_750' title='bbox 3145 5596 3525 5666; x_wconf 84' lang='grc' dir='ltr'>τελειούμενος</span> <span class='ocrx_word' id='word_1_751' title='bbox 3554 5590 3628 5661; x_wconf 83' lang='grc' dir='ltr'>τῷ</span> <span class='ocrx_word' id='word_1_752' title='bbox 3650 5586 3738 5654; x_wconf 81' lang='grc' dir='ltr'><strong>τῆς</strong></span> 
     </span>
    </p>
   </div>
   <div class='ocr_carea' id='block_1_117' title="bbox 2191 5674 3734 5759">
    <p class='ocr_par' dir='ltr' id='par_1_117' title="bbox 2191 5674 3734 5759">
     <span class='ocr_line' id='line_1_117' title="bbox 2191 5674 3734 5759; baseline -0.005 -18"><span class='ocrx_word' id='word_1_753' title='bbox 2191 5689 2429 5752; x_wconf 74' lang='grc' dir='ltr'>πίστεως</span> <span class='ocrx_word' id='word_1_754' title='bbox 2467 5689 2632 5754; x_wconf 78' lang='grc' dir='ltr'>τέλει,</span> <span class='ocrx_word' id='word_1_755' title='bbox 2688 5691 2752 5759; x_wconf 79' lang='grc' dir='ltr'><strong>τῇ</strong></span> <span class='ocrx_word' id='word_1_756' title='bbox 2803 5687 2910 5742; x_wconf 86' lang='grc' dir='ltr'><strong>τῶν</strong></span> <span class='ocrx_word' id='word_1_757' title='bbox 2958 5689 3098 5759; x_wconf 78' lang='grc' dir='ltr'>ὑπὲρ</span> <span class='ocrx_word' id='word_1_758' title='bbox 3163 5687 3327 5757; x_wconf 73' lang='grc' dir='ltr'>φύσιν</span> <span class='ocrx_word' id='word_1_759' title='bbox 3379 5674 3734 5757; x_wconf 71' lang='grc' dir='ltr'>μεθέξειοκιὶ</span> 
     </span>
    </p>
   </div>
   <div class='ocr_carea' id='block_1_118' title="bbox 3852 721 3858 1629">
    <p class='ocr_par' dir='ltr' id='par_1_118' title="bbox 3852 1410 3855 1629">
     <span class='ocr_line' id='line_1_118' title="bbox 3852 1410 3855 1629; baseline 0 -210"><span class='ocrx_word' id='word_1_760' title='bbox 3852 1440 3855 1629; x_wconf 22' lang='grc' dir='ltr'>ψ</span> 
     </span>
    </p>
   </div>
   <div class='ocr_carea' id='block_1_119' title="bbox 3848 1872 3856 2131">
    <p class='ocr_par' dir='ltr' id='par_1_119' title="bbox 3848 1872 3856 2131">
     <span class='ocr_line' id='line_1_119' title="bbox 3848 1872 3856 2131; baseline 0 0"><span class='ocrx_word' id='word_1_761' title='bbox 3848 1872 3856 2131; x_wconf 67' lang='lat'><strong><em>3</em></strong></span> 
     </span>
    </p>
   </div>
  </div>
