3960 6230
310 283 439 348 1301

1320 297 1854 363 COMMENTARII
1889 307 1968 365 ΙΝ
1997 309 2455 376 PROYERBIA.

3436 328 3570 392 1302

299 406 405 471 γὰρ
449 403 544 474 τὴν
580 403 677 472 μὲν
721 405 862 458 κατά
903 408 1002 477 τὴν
1049 412 1358 484 πρακτικὴν
1415 416 1731 488 φιλοσοφίας
1772 421 1859 474 κά-

299 494 436 513 ηηῗ-
485 495 691 513 νιᾼλγσν
898 501 920 513 η
1114 501 1164 513 ιο
1340 504 1379 513 -Α
1500 509 1511 513 -
1574 510 1583 513 -
1686 511 1707 513 -
1835 504 1859 513 ⁸

1976 428 2333 500 philosophia:
2363 441 2682 502 operantur,
2699 442 2751 490 et
2776 434 2959 502 timor,
2978 437 3185 495 docens
3216 442 3565 513 cupiditatem

296 494 491 566 θαρσιν
517 495 865 565 ἐργάζονται,
895 501 923 552 ὅ
965 517 1020 552 τε
1060 501 1224 569 φόϐος
1260 504 1462 559 πείθων
1491 509 1598 561 ἀπὸ
1640 511 1749 565 τῶν
1778 504 1878 566 πᾶ-

296 583 404 638 θῶν
465 586 930 657 ἑγκρατεύεσθαι,
988 591 1086 645 καὶ
1135 593 1170 662 ἡ
1220 595 1502 669 ἐπιστήμη
1561 601 1880 658 ὑποτιθεῖσα

294 677 422 740 τοὺς
465 676 566 747 τῆς
621 677 943 750 καθάρσεως
991 683 1252 754 τρόπους,
1316 689 1410 742 καὶ
1465 691 1499 760 ἡ
1557 693 1760 760 γνῶσις
1804 694 1881 767 μὴ

293 766 509 834 ἀγνοεῖν
542 768 902 838 συγχωροῦσα
930 773 1030 837 τὰς
1058 775 1357 840 ἐπιϐουλὰς
1391 780 1487 834 τοῦ
1528 783 1778 853 Ἐχθροῦ.

367 854 472 908 Τὸν
505 854 562 908 δὲ
607 856 749 910 κατά
780 859 876 930 τὴν
908 861 1147 935 φυσικὴν
1183 867 1244 919 ἐν
1283 868 1552 939 πνεύματι
1599 875 1880 946 φωτισμὸν

294 945 676 1016 κατορθοῦσιν,
694 949 729 1019 ἦ
750 965 807 1001 τε
833 953 984 1022 ἰσχὺς
1006 955 1300 1026 προθύμως
1317 961 1492 1033 όρμᾷν
1507 964 1598 1017 καὶ
1613 945 1880 1022 κινεῖσθαι

296 1037 795 1106 παρασκευάζουσα
863 1044 1002 1114 πρὸς
1045 1047 1172 1110 τοὺς
1215 1048 1407 1118 λόγους
1446 1052 1556 1108 τῶν
1608 1056 1777 1112 ὄντων
1810 1061 1880 1115 τά

292 1128 412 1182 θεῖα
450 1131 666 1194 πάντως
707 1132 1010 1204 θελήματα,
1042 1140 1164 1192 καθ’
1194 1139 1319 1195 ἆτὰ
1357 1144 1536 1201 πάντα
1583 1151 1876 1217 γεγόνασιο

290 1219 382 1271 καὶ
429 1221 461 1289 ἡ
504 1220 667 1293 βουλὴ
715 1223 1039 1296 διακρίνασα
1087 1229 1155 1283 τὰ
1183 1234 1411 1288 τοιαῦτα
1452 1239 1748 1309 πανάγαθα
1778 1245 1874 1297 τοῦ

289 1308 423 1361 Θεοῦ
457 1309 758 1380 θελήματα.
781 1313 856 1377 ὡς
879 1315 954 1386 μὴ
980 1319 1234 1388 ⁴ἢργμένα
1252 1324 1345 1377 καὶ
1371 1324 1642 1398 ἄφθαρτα,
1668 1335 1762 1384 ml.
1793 1335 1876 1388 ὲνο

287 1398 549 1468 δεχόμενα
596 1400 834 1456 νοεῖσθαι
885 1405 978 1457 καὶ
1043 1408 1322 1464 λαλεῖσθαι
1369 1416 1461 1468 καὶ
1511 1419 1873 1493 πράττεσθαι,

286 1489 394 1541 ἀπὸ
417 1488 526 1542 τῶν
561 1491 638 1562 μὴ
685 1492 940 1549 τοιούτων
964 1512 977 1525 ’
1013 1501 1108 1551 καὶ
1147 1502 1178 1570 ἡ
1213 1503 1428 1569 σύνεσις
1450 1547 1464 1570 ,
1505 1510 1642 1581 πρὸς
1677 1513 1873 1582 ταῦτα,

285 1583 379 1634 καὶ
405 1581 483 1652 μὴ
510 1583 647 1654 πρὸς
679 1584 748 1638 τὰ
775 1587 992 1642 ἐναντία
1039 1592 1272 1649 ποιοῦσα
1319 1599 1595 1654 συννεύειν
1625 1603 1720 1657 καὶ
1751 1623 1874 1658 συν-

288 1674 777 1750 διατίθεσθαιστὴν
833 1679 890 1732 δὲ
943 1683 1084 1737 κατά
1133 1684 1231 1756 τὴν
1279 1693 1546 1764 μυστικὴν
1597 1693 1875 1761 θεολογίαν

288 1765 663 1839 τελείωσιν,ή
715 1769 836 1823 θεία
889 1773 1027 1844 μόνη
1081 1776 1242 1844 σοφία
1294 1780 1608 1852 χαρίζεται,
1653 1787 1869 1855 μέθεξιν
1906 1765 1949 1819 Β

283 1857 378 1910 τοῦ
407 1857 522 1927 βίου
549 1861 922 1932 παρεχομένη.

359 1945 423 2015 β’.
454 1948 725 2017 Ἕσφαξε
753 1951 824 2006 τὰ
848 1951 1069 2023 ἑαυτῆς
1094 1956 1347 2024 θύματα.
1387 1959 1544 2017 Οὕτω
1579 1968 1690 2028 τοῖς
1729 1968 1871 2024 ἑπτὰ

282 2037 375 2091 τοῦ
411 2039 677 2109 παναγίω
707 2041 1023 2113 Πνεύματος
1062 2048 1402 2120 χαρίσμασιν
1424 2055 1453 2107 ό
1480 2055 1576 2109 τοῦ
1605 2057 1741 2113 Θεοῦ
1763 2062 1869 2115 Λό-

281 2149 378 2201 γος
405 2135 723 2207 οἰκητήριον
751 2136 929 2208 ἐαυτῷ
955 2138 1418 2214 ἀπεργασάμενος
1437 2145 1530 2200 τὸν
1558 2148 1865 2222 ἄνθρωπον,

281 2226 601 2312 ἀπέκτεινεν
631 2230 688 2283 ὲν
717 2229 868 2301 αύτῷ
901 2233 968 2302 τῇ
1009 2233 1259 2305 μαχαίρᾳ
1283 2239 1350 2307 τῇ
1394 2237 1488 2292 τοῦ
1521 2241 1864 2315 Πνεύματος,

279 2315 380 2387 τῆς
405 2309 740 2392 φαινομένης
767 2321 1000 2386 κτίσεως
1022 2323 1122 2394 τὴν
1150 2324 1366 2397 κίνησιν
1395 2331 1490 2384 καὶ
1509 2333 1579 2387 τά
1609 2309 1874 2407 σχῆματα

281 2407 375 2460 καὶ
410 2407 577 2480 αὐτὴν
598 2409 696 2481 τὴν
725 2410 832 2465 τῶν
864 2411 1033 2466 ὄντων
1061 2414 1254 2469 οὐσίαν
1277 2432 1292 2448 ⁸
1323 2420 1608 2492 νεκρὼσας
1636 2425 1734 2497 τὴν
1760 2430 1863 2500 ἑμ-

283 2499 431 2570 παθῆ
470 2503 598 2572 περὶ
630 2503 697 2556 τά
741 2504 1047 2575 φαινόμενα
1083 2506 1324 2564 διάθεσιν
1373 2513 1574 2583 αὑτοῦ,
1627 2519 1724 2574 καὶ
1769 2499 1868 2593 τὴν

281 2593 451 2665 ψευδῆ
487 2596 617 2666 περὶ
643 2595 751 2650 τῶν
776 2596 945 2652 ὄντων
973 2597 1155 2668 δόξαν,
1187 2602 1282 2657 καὶ
1314 2604 1415 2676 τὴν
1439 2607 1703 2667 πολύθεον
1734 2613 1869 2668 πλά-

282 2707 399 2762 νην.
1789 2715 1796 2724 "

363 2784 678 2852 Ἐκέριισεν
706 2789 788 2854 εἰς
826 2790 1092 2860 κρατῆρα
1135 2795 1242 2848 τὸν
1274 2796 1497 2867 ἑαυτῆς
1529 2796 1697 2856 οἶνον
1719 2820 1732 2835 ο
1767 2803 1866 2858 καί

282 2873 646 2942 ἡτοιμάσατο
678 2875 796 2944 τὴν
824 2879 1045 2950 ἑαυτῆς
1082 2883 1392 2950 τράπεζαν.
1436 2889 1544 2942 Καὶ
1569 2891 1781 2960 ἥνωσεν
1807 2897 1864 2948 ἐν

279 2964 354 3034 τῷ
385 2965 610 3037 τοιούτῳ
645 2967 952 3040 ἀνθρώπῳ,
991 2973 1047 3025 ἐν
1075 2966 1120 3042 ᾧ
1149 2973 1223 3038 ὥς
1253 2993 1358 3030 τινι
1391 2981 1626 3051 κρατῆρι
1672 2987 1862 3056 κιρνᾶ-

278 3073 366 3110 ται
398 3059 428 3128 ή
459 3059 622 3129 νοητὴ
655 3062 750 3114 καὶ
781 3064 1015 3134 αἰσθητὴ
1052 3066 1215 3136 φύσις
1262 3072 1348 3141 τῇ¹
1388 3073 1495 3125 τῶν
1521 3074 1691 3128 ὄντων
1717 3076 1860 3146 γνὼ-
1888 3108 1934 3170 c

281 3166 384 3212 σει,
419 3151 517 3222 τὴν
551 3153 745 3207 ἑαυτοῦ
779 3156 852 3219 ὡς
884 3157 1103 3212 πάντων
1132 3162 1306 3215 αίτίου
1361 3164 1694 3235 ἐπίγνωσιν,
1733 3170 1857 3240 ἥτις

279 3243 490 3308 πέφυκε
520 3243 610 3296 τὸν
641 3246 763 3300 νοῦν
830 3249 1048 3303 πάντων
1077 3251 1184 3304 τῶν
1213 3254 1351 3322 μετά
1375 3255 1510 3310 Θεὸν
1531 3258 1686 3328 δίκην
1717 3262 1862 3316 οἴνου

278 3333 524 3404 ὲξιστᾷν·
557 3337 650 3389 καὶ
685 3337 828 3392 οὕτω
858 3340 924 3392 δι’
946 3342 1165 3409 ἑαυτοῦ,
1189 3345 1354 3417 ἀρτου
1377 3349 1630 3419 οὐρανίου
1660 3355 1863 3424 τυγχά-

277 3441 490 3491 νοντος,
523 3426 699 3497 ψυχὰς
733 3432 850 3484 κατ’
877 3433 1080 3503 ἀρετὴν
1113 3435 1403 3504 τρέφοντος
1429 3478 1442 3502 ,
1483 3443 1625 3496 κατὰ
1660 3445 1860 3512 γνῶσιν

275 3516 476 3579 ταύτας
506 3520 815 3583 ποτίςοντος
841 3522 934 3576 καὶ
970 3524 1354 3593 εὐφραίνοντος
1373 3568 1389 3594 ,
1418 3531 1539 3583 τόδε
1571 3533 1632 3585 τὸ
1657 3536 1764 3586 πᾶν
1786 3535 1860 3600 ὥς

275 3625 395 3662 τινα
427 3610 750 3664 πανδαισίαν
770 3614 1091 3681 εὐτρέπισεν
1119 3618 1199 3681 είς
1226 3621 1601 3692 πνευματικὴν
1628 3626 1860 3695 εὐωχίαν

274 3701 382 3753 τῶν
416 3701 752 3772 βουλομένων
791 3705 1235 3776 μεταλαμϐάνειν
1264 3710 1451 3764 αὐτοῦ.

345 3800 414 3862 γ’.
456 3792 801 3848 Ἀπέστειλε
853 3796 993 3864 τοὺς
1039 3798 1263 3868 ἑαυτῆς
1314 3801 1578 3870 δούλους
1629 3821 1858 3874 συγκα-

272 3883 470 3940 λοῦσα
513 3885 664 3953 μετὰ
707 3887 952 3955 ὑψηλοῦ
1003 3893 1382 3960 κηρύγματος
1425 3893 1524 3946 ἐπὶ
1567 3894 1853 3964 κρατῆρα,

272 3978 558 4046 λέγουσα.
592 3980 843 4050 Ἔπεμψέ
880 3997 940 4032 τε
975 3983 1100 4044 τοὺς
1132 3982 1208 4052 τῷ
1243 3983 1370 4054 θείῳ
1399 3985 1562 4040 αὐτοῦ
1587 3987 1856 4058 θελήματι

273 4067 720 4139 λειτουργοῦντας
765 4071 1119 4137 ἀποστόλους,
1171 4076 1308 4143 μετά
1348 4075 1444 4127 τοῦ
1497 4077 1856 4147 εὐαγγελικοῦ

273 4157 757 4228 κηρύγματος,τοῦ
785 4157 934 4222 ὄντος
953 4160 1092 4230 ὑπὲρ
1123 4161 1213 4214 τὸν
1243 4163 1488 4233 γραπτὸν
1510 4166 1605 4220 καὶ
1626 4169 1856 4236 φυσικὸν

273 4247 432 4313 νόμον
462 4247 536 4310 ὠς
565 4248 968 4316 πνευματικοῦ,
1000 4252 1479 4324 προσκαλούμενος
1507 4255 1592 4324 ἐφ’
1619 4258 1814 4313 ἑαυτόν
1836 4277 1849 4291 ·

273 4335 332 4386 ὲν
350 4327 393 4400 ᾧ
412 4332 486 4395 ὥς
518 4351 624 4386 τινι
657 4335 897 4405 κρατῆρι
928 4341 1069 4392 κατᾶ
1093 4341 1152 4394 τὸ
1172 4341 1274 4412 τῆς
1297 4345 1609 4416 οἰκονομίας
1644 4350 1852 4421 μυστή-

1983 518 2292 582 continere,
2360 527 2414 574 et
2479 520 2868 591 intelligentia,
2927 526 3120 582 modos
3173 530 3568 597 puriticationis

1982 605 2305 672 ostendens,
2365 615 2418 662 et
2475 607 2730 674 scientia,
2790 609 2992 667 docens
3047 616 3322 684 quomodo
3367 618 3568 676 diaboli

1981 691 2211 751 insidias
2257 707 2636 768 recognoscat.

2053 868 2118 925 Et
2151 872 2498 942 splendorem
2556 876 2788 948 spiritus
2836 880 3144 938 naturalem
3195 883 3464 950 exaltant,
3506 899 3566 942 et

1980 961 2180 1029 virtus,
2246 964 2548 1036 disponens
2599 971 2663 1024 ad
2699 972 3054 1042 quaerendum
3091 989 3217 1029 cum
3254 975 3469 1035 fervore
3512 989 3564 1036 et

1979 1050 2424 1122 desiderandum,
2457 1059 2761 1115 secundum
2803 1077 2983 1118 rerum
3041 1065 3304 1132 rationes,
3341 1072 3564 1124 omnino

1979 1143 2197 1202 divinas
2261 1148 2595 1220 voluntates,
2647 1153 2951 1210 secundum
2999 1171 3137 1226 quas
3182 1160 3364 1214 omnia
3419 1159 3562 1215 facta

1979 1249 2135 1306 sunt,
2165 1249 2219 1296 et
2251 1243 2566 1307 consilium,
2600 1245 2926 1304 discernens
2962 1249 3030 1306 ab
3057 1250 3126 1307 iis
3153 1267 3272 1321 quae
3305 1255 3560 1310 talesuon

1979 1338 2129 1394 sunt,
2155 1333 2541 1390 sanctissimas
2567 1333 2662 1391 Dei
2692 1337 3029 1406 voluntates,
3058 1350 3316 1411 tanquam
3352 1345 3560 1400 increa-

1979 1428 2062 1475 tas
2095 1429 2148 1475 et
2175 1420 2541 1490 immortales,
2595 1436 2649 1482 et
2702 1429 2960 1500 cogitari,
3018 1439 3071 1486 et
3109 1448 3202 1488 ore
3232 1434 3464 1504 proferri
3506 1446 3561 1491 et

1977 1509 2093 1565 ﬁeri
2130 1513 2505 1582 recipientcs:
2561 1524 2616 1572 et
2651 1520 2966 1588 prudentia,
3006 1525 3322 1580 consentire
3371 1536 3426 1580 et
3467 1543 3557 1583 ac-
3603 1595 3607 1598 _

1976 1605 2265 1670 quiescere
2297 1600 2509 1660 faciens
2541 1604 2606 1660 ad
2636 1607 2775 1664 istas
2805 1616 2859 1664 et
2887 1625 2994 1666 non
3022 1614 3087 1667 ad
3127 1615 3354 1682 alteras;
3384 1619 3560 1687 perle-

1976 1693 2213 1748 ctionem
2249 1710 2381 1750 vero
2419 1713 2543 1768 quae
2574 1707 2660 1754 est
2686 1702 2989 1757 secundum
3024 1707 3312 1777 mysticam
3349 1709 3558 1765 theolo-

1977 1784 2142 1853 giam,
2173 1784 2292 1839 sola
2311 1786 2496 1841 divina
2518 1788 2684 1845 donat
2709 1793 3005 1862 sapientia,
3036 1797 3244 1853 scilicet
3278 1799 3403 1854 vitae
3429 1815 3556 1870 par-

1973 1875 2376 1943 ticipationem.

2037 1965 2206 2023 Vens.
2257 1969 2314 2024 2.
2368 1969 2674 2052 Imngolavit
2706 1977 2945 2034 victimas
2987 1996 3137 2034 suas.
3190 1979 3282 2037 Sic
3315 1999 3414 2054 per
3469 2001 3556 2042 se-

1971 2060 2118 2124 ptem
2140 2043 2528 2118 sanctisissimi
2548 2059 2788 2131 Spiritus
2813 2063 3169 2135 charismata,
3194 2069 3288 2126 Dei
3315 2043 3553 2128 Verbum

1969 2143 2076 2220 sibi
2130 2144 2464 2204 habitualem
2525 2149 2736 2206 faciens
2770 2152 3074 2222 hominem,
3120 2158 3370 2214 extendit
3403 2161 3456 2215 in
3489 2177 3552 2218 eo

1969 2235 2150 2307 gladio
2177 2239 2428 2308 spiritus,
2457 2242 2694 2299 visibilis
2747 2245 3048 2303 creationis
3102 2256 3331 2316 motum,
3355 2262 3410 2307 et
3437 2253 3554 2309 for-

1969 2343 2136 2395 mam,
2165 2339 2219 2385 et
2241 2347 2424 2387 rerum
2460 2336 2826 2392 substantiam
2858 2359 2872 2394 :
2905 2339 3246 2398 mortiﬁcans
3278 2343 3548 2400 turbatam

1969 2434 2098 2490 erga
2155 2422 2397 2478 visibilia
2439 2424 2810 2497 aﬂ‘ectionem,
2858 2437 2913 2486 et
2965 2430 3212 2492 fallacem
3269 2434 3338 2492 de
3386 2436 3549 2494 rebus

1969 2515 2350 2584 gloriationem
2385 2527 2441 2576 et
2470 2523 2821 2594 polytheismi
2847 2541 3106 2584 errorem.
3585 2517 3592 2524 ’

2038 2783 2257 2840 Miscuit
2297 2787 2348 2841 in
2378 2799 2587 2844 cratera
2615 2792 2791 2846 vinum
2831 2810 3032 2862 suum;
3068 2805 3118 2851 et
3149 2801 3358 2868 paravit
3401 2817 3546 2856 tuen-

1966 2893 2080 2930 sam
2115 2893 2286 2932 suam.
2319 2879 2385 2932 Et
2410 2882 2582 2935 univit
2613 2883 2668 2937 in
2713 2885 2802 2939 tali
2853 2886 3094 2954 homine,
3153 2889 3207 2944 in
3251 2906 3383 2960 quo,
3431 2901 3548 2947 tan-

1965 2983 2128 3038 quam
2169 2969 2220 3024 in
2256 2980 2475 3026 cratera
2509 2975 2774 3030 miscetur
2818 2979 3124 3048 Spiritualis
3153 2990 3210 3035 et
3243 2986 3546 3052 corporalis

1966 3070 2189 3127 natura»,
2271 3077 2453 3119 rerum
2544 3068 2813 3134 scientiae,
2869 3071 3134 3142 suiipsius
3192 3081 3248 3126 ut
3301 3074 3542 3129 omnium

1969 3155 2212 3209 auctoris
2242 3157 2532 3226 notitiam;
2571 3175 2692 3230 qua:
2750 3161 3162 3234 intelligentiam
3213 3163 3367 3228 facit,
3422 3177 3545 3222 tan-

1964 3261 2128 3316 quam
2153 3250 2281 3304 vino
2312 3251 2572 3306 inebriari
2603 3253 2690 3308 hic
2731 3269 2850 3324 quae
2879 3265 3010 3310 sunt
3047 3257 3195 3312 circa
3232 3258 3400 3315 Deum
3433 3280 3444 3314 :
3491 3271 3543 3317 et

1964 3341 2039 3395 ita
2068 3356 2166 3412 per
2195 3344 2465 3414 seipsum,
2497 3346 2590 3415 qui
2617 3354 2702 3400 est
2731 3349 2890 3417 panis
2925 3349 3192 3414 cmlestis,
3233 3354 3446 3408 animas
3487 3357 3539 3409 in

1965 3437 2166 3492 virtute
2193 3439 2464 3505 nutriens,
2496 3447 2550 3494 et
2593 3441 2648 3495 in
2697 3441 2950 3498 doctrina
2986 3443 3266 3501 inebrians
3309 3457 3363 3501 et
3393 3447 3541 3502 dele-

1962 3536 2141 3594 ctans,
2183 3528 2297 3584 haec
2335 3531 2517 3584 omnia
2565 3541 2622 3585 ut
2650 3533 2842 3603 epulas
2889 3534 3130 3603 disponit
3173 3537 3237 3589 ad
3258 3537 3540 3607 spirituale

1962 3619 2300 3684 convivium,
2343 3621 2470 3677 huic
2506 3625 2823 3695 participari
2860 3625 3319 3685 desiderantium.

2032 3796 2204 3852 Vens.
2253 3801 2308 3852 3.
2359 3800 2506 3854 Misit
2560 3817 2734 3856 servos
2787 3819 2910 3858 suos
2960 3821 3151 3861 vocans
3183 3824 3297 3862 cum
3342 3827 3534 3881 magna

1958 3888 2369 3955 proclamatione
2400 3891 2468 3944 ad
2507 3893 2774 3960 poculum,
2810 3894 3011 3951 dicens.
3062 3896 3208 3953 Misit
3239 3901 3536 3969 Apostolus

1959 3978 2155 4034 divinas
2195 3981 2344 4035 illius
2381 3984 2646 4037 voluntati
2673 3985 3043 4044 deservientes
3072 4005 3195 4043 eum
3225 3995 3536 4064 evangelica

1959 4072 2408 4140 proclamatione,
2439 4089 2560 4144 qum
2600 4089 2866 4146 tanquam
2899 4093 2928 4132 a
2963 4080 3162 4150 spiritu
3201 4084 3423 4137 veniens
3458 4099 3538 4141 est

1957 4176 2123 4230 super
2147 4163 2409 4233 scriptam
2438 4172 2492 4219 et
2527 4167 2840 4222 naturalem
2880 4169 3076 4240 legem,
3119 4187 3322 4229 vocans
3352 4175 3418 4229 ad
3446 4193 3536 4232 se-

1956 4253 2134 4323 ipsum
2162 4271 2177 4322 ;
2215 4255 2269 4309 in
2297 4271 2404 4326 quo
2435 4265 2493 4311 ut
2520 4259 2576 4312 in
2604 4267 2844 4324 cratera,
2874 4260 3394 4331 perlnearnationis
3422 4284 3537 4340 my—

1958 4345 2211 4412 sterium,
2245 4345 2386 4400 facta
2416 4355 2500 4403 est
2547 4348 2845 4404 secundum
2883 4350 3219 4422 hypostasim
3263 4353 3381 4409 sine
3408 4371 3545 4409 con-

275 4440 410 4493 ριον,
442 4427 475 4494 ή
509 4425 810 4496 παράδοξος
836 4430 1033 4499 κρᾶσις
1066 4432 1164 4502 τῆς
1195 4434 1346 4499 θείας
1379 4436 1593 4505 φύσεως
1625 4441 1718 4494 καὶ
1759 4445 1857 4513 τῆς

1975 4437 2178 4495 lusione
2201 4441 2473 4498 mirabilis
2500 4450 2711 4499 natura
2735 4444 2933 4500 divinae
2958 4453 3013 4502 et
3035 4445 3291 4503 humanae
3320 4450 3531 4506 mistio:

272 4513 620 4586 ἀνθρωπίνης
649 4517 971 4589 ἀσυγχύτως
999 4520 1120 4575 καθ’
1147 4524 1445 4581 ὑπόστασιν
1475 4529 1666 4598 γέγονε
1686 4548 1699 4562 ’
1725 4533 1850 4588 τάδε

271 4606 435 4658 οἱονεὶ
460 4606 527 4660 δι’
547 4608 726 4663 αὐτῶν
757 4611 986 4677 φάσκων
1014 4631 1031 4647 ’
1727 4679 1733 4683 _

348 4692 404 4749 δ’.
441 4695 545 4763 ’ος
587 4699 719 4750 ἐστι
761 4699 1004 4769 ἄφρων,
1057 4703 1388 4761 ἐκκλινάτω
1439 4712 1588 4779 πρός
1627 4731 1724 4784 με.
1753 4717 1851 4782 ’ος

269 4789 418 4842 ἐστιν
447 4789 636 4860 ἄφρων
659 4831 674 4855 ,
715 4791 802 4846 δ’ιά
833 4794 895 4847 τὸ
929 4795 1328 4866 διαλογίζεσθαι
1358 4803 1417 4856 ἐν
1449 4805 1648 4879 καρδία
1683 4810 1850 4864 αὑτοῦ

274 4880 348 4950 μὴ
377 4875 516 4936 εἶναι
550 4883 702 4950 Θεὸν,
731 4886 891 4956 ἀφεὶς
927 4887 1024 4958 τὴν
1047 4889 1258 4956 ἀθεῒαν,
1290 4875 1570 4963 ὲγγισάτω
1595 4875 1687 4969 μοι
1713 4904 1851 4957 κατά

270 4973 484 5026 πίστιν·
522 4976 617 5028 καὶ⁸
650 4975 842 5044 γνώτω
884 4995 952 5047 με
985 4978 1321 5053 δημιουργὸν
1371 4986 1464 5039 τοῦ
1519 4992 1720 5056 παντὸς
1759 4995 1850 5048 καὶ

269 5065 306 5115 Δ
316 5081 334 5114 ε
343 5065 564 5136 σπότην.

338 5155 398 5211 ε’.
433 5161 540 5212 Καὶ
563 5159 687 5226 τοῖς
705 5161 940 5218 ὲνδεέσι
956 5165 1214 5234 φρενῶν,
1233 5165 1401 5224 εἶπεν
1415 5188 1428 5201 ·
1456 5175 1722 5242 Ἐλθετε,
1741 5179 1851 5248 φά-

267 5267 400 5318 γετε
422 5251 526 5305 τὸν
553 5253 700 5321 ἐμὸν
723 5253 925 5322 ἄρτον,
955 5258 1052 5312 καί
1082 5260 1248 5315 πίετε
1270 5263 1438 5318 οἶνον
1461 5265 1532 5320 ὃν
1559 5269 1852 5340 κεκέρακα

266 5342 431 5412 ὑμῖν.
472 5345 578 5396 Καὶ
606 5348 718 5408 τοῖς
747 5347 826 5400 ἔτι
855 5349 1133 5420 δεομένοις
1158 5353 1268 5408 τῶν
1290 5353 1468 5427 ἔργων
1491 5359 1588 5429 τῆς
1613 5361 1851 5428 πίστεως

267 5436 364 5489 καὶ
408 5441 501 5510 τῆς
531 5439 617 5490 ἐπ’
641 5438 826 5501 αὐτοῖς
850 5440 1185 5512 τελειοτέρας
1223 5445 1498 5513 γνώσεως,
1527 5449 1660 5522 ἔφη·
1687 5454 1848 5509 Δεῦτε

267 5527 468 5596 φάγετε
507 5527 567 5579 τὸ
601 5531 728 5578 κατ’
778 5529 976 5600 ἀρετὴν
1036 5532 1193 5604 δίκην
1241 5536 1406 5607 ὁὶρτου
1457 5541 1658 5610 τρέφον
1706 5544 1851 5613 ὑμᾶς

269 5614 429 5684 σῶμά.
464 5631 595 5685 μου·
647 5615 742 5669 καὶ
793 5617 945 5671 πίετε
977 5619 1036 5671 τὸ
1066 5621 1207 5674 κατὰ
1239 5624 1441 5689 γνῶσιν
1502 5627 1656 5696 δίκην
1703 5630 1846 5684 οἴνου

268 5703 553 5777 εὐφραῖνον
588 5707 751 5778 ὑμᾶς,
785 5708 877 5762 καὶ
911 5711 1045 5781 πρὸς
1071 5713 1264 5768 θέωσιν
1299 5715 1520 5780 ὲξιστῶν
1551 5712 1693 5787 αἷμά
1723 5737 1843 5788 μου,

1958 4539 2012 4588 et
2044 4531 2175 4586 talia
2206 4548 2304 4603 per
2336 4549 2432 4589 eos
2477 4530 2684 4590 clamat
2719 4553 2732 4589 :

2029 4705 2198 4762 Vens.
2231 4709 2284 4763 4.
2323 4709 2428 4775 Qui
2461 4720 2536 4765 est
2562 4712 2837 4782 insipiens,
2865 4715 3038 4771 veniat
3073 4717 3142 4771 ad
3167 4734 3267 4774 me.
3318 4717 3419 4785 Qui
3453 4730 3538 4776 est

1959 4798 2248 4869 insipiens,
2291 4801 2438 4869 quod
2475 4803 2532 4856 in
2568 4803 2735 4860 corde
2769 4806 2977 4878 cogitat
3018 4805 3192 4864 Deum
3239 4825 3347 4864 non
3381 4825 3532 4876 esse,

1958 4891 2224 4960 abjiciens
2276 4894 2632 4964 impietatem,
2678 4913 2774 4968 per
2797 4897 2957 4954 ﬁdem
2991 4900 3057 4956 ad
3126 4917 3212 4957 me
3257 4903 3528 4958 declinet:

1958 4992 2012 5038 et
2038 4987 2176 5040 sciat
2204 5002 2291 5040 me
2322 5003 2444 5043 esse
2481 4991 2728 5046 omnium
2761 4992 3029 5048 factorem
3057 5005 3108 5049 et
3136 4994 3449 5049 Dominum.

2029 5163 2247 5221 γωδ.
2268 5163 2343 5219 Et
2365 5168 2431 5222 iis
2453 5171 2541 5238 qui
2565 5169 3102 5238 indigent'sapientia,
3128 5169 3254 5223 dicit
3281 5185 3299 5224 :
3331 5168 3530 5237 Ventte,

1935 5257 2278 5310 “manducata
2309 5273 2511 5311 mecum
2552 5275 2762 5326 panem,
2795 5267 2845 5312 et
2866 5259 3022 5313 bibite
3049 5260 3222 5312 vinum
3245 5261 3382 5330 quod
3407 5263 3533 5314 mis-

1959 5351 2044 5402 cui
2071 5349 2237 5405 vobis.
2273 5350 2340 5407 Et
2372 5354 2438 5409 iis
2474 5356 2566 5425 qui
2592 5354 2713 5409 ﬁdei
2745 5355 3002 5425 operibus
3033 5355 3301 5425 indigent,
3333 5368 3386 5412 et
3409 5373 3534 5427 pen

1960 5442 2213 5498 t‘ectioris
2240 5443 2296 5498 in
2323 5445 2434 5500 illis
2459 5446 2726 5502 doctrinae
2774 5448 2884 5503 sint
2916 5464 2930 5500 :
2964 5445 3178 5513 Venite,
3206 5449 3528 5512 manducau-

1959 5550 2157 5606 corpus
2215 5551 2419 5601 meum,
2478 5537 2625 5606 quod
2665 5552 2759 5594 vos
2812 5537 3113 5593 secundum
3165 5540 3420 5594 virtutem
3461 5533 3533 5602 ala

1959 5628 2133 5685 instar
2182 5629 2341 5700 panis
2384 5631 2595 5697 nutrit;
2629 5639 2681 5686 et
2747 5630 2915 5686 bibite
2965 5633 3284 5704 sanguinem
3321 5649 3512 5708 meum

1959 5722 2102 5790 quod
2131 5721 2434 5778 secundum
2475 5721 2781 5778 doctrinam
2827 5723 2894 5780 ad
2932 5723 3108 5782 instar
3137 5727 3246 5783 vini
3271 5767 3286 5794 ,
3314 5741 3409 5782 vos
3438 5726 3516 5786 ιιι
