3960 6230
471 195 612 265 13ὓ3

1790 203 2139 264 PROCOPII
2175 194 2417 266 GAzi‘EI

3564 212 3669 280 ifilli

466 296 738 377 lectat,'ct
772 308 840 367 ad
897 309 1296 366 deiﬁcationem
1359 312 1662 381 conducit;
1722 317 2034 387 sanguinem

2152 318 2180 370 ὃ
2208 322 2277 390 τῇ
2302 322 2513 391 θεότητι
2546 319 2860 391 παραδόξως
2889 322 3185 393 κεκέρακα,
3216 322 3304 378 διὰ
3326 324 3419 395 τὴν
3445 330 3669 398 σωτηρίαν

462 402 609 458 enim
660 402 821 460 modo
866 403 1102 459 mirabili
1159 402 1354 459 Deitati
1411 405 1632 475 miscui,
1689 406 1757 461 ad
1804 408 2041 465 salutem

458 503 735 550 vestram.

511 577 698 639 'Vens.
732 582 786 641 6.
831 582 1129 654 Relinquite
1157 586 1463 652 stultitiam,
1513 596 1563 642 et
1610 588 1807 643 vivatis.
1838 587 2041 644 Relin-

458 676 611 746 quite
642 677 1101 744 incredulitatem,
1134 687 1189 732 et
1218 678 1492 737 habebitis
1534 681 1833 750 spiritalem
1862 690 1917 737 et
1939 682 2042 735 im-

458 769 750 826 mortalem
776 767 965 823 vitam.

530 857 598 912 Et
631 867 848 933 quanate
866 854 1226 928 prudentiam,
1249 869 1303 914 ut
1335 861 1544 931 vivatis,
1573 873 1621 917 et
1652 866 1936 936 corrigatis
1960 867 2042 920 in-

460 949 796 1021 telligentiam
813 940 873 1006 in
897 951 1161 1009 doctrina.
1192 951 1258 1008 Et
1286 956 1514 1024 quaerite
1544 956 1891 1027 prudentiam
1911 959 2039 1015 boni

453 1041 644 1111 praxis
678 1055 941 1109 causam;
986 1050 1044 1097 ut
1074 1044 1562 1115 castigatissimam
1595 1046 1740 1100 viam
1780 1048 2041 1116 acquira-

457 1136 551 1197 tis,
589 1141 645 1186 et
688 1131 744 1185 in
776 1132 1007 1187 scientia
1037 1133 1155 1187 veri
1200 1132 1327 1187 boni
1375 1133 1700 1203 proficiatis,
1744 1135 1811 1189 ad
1847 1135 2039 1205 triplex

454 1225 684 1289 bonum,
712 1221 916 1278 animae
942 1223 1315 1301 prudentiam,
1343 1238 1507 1294 quam
1541 1239 1608 1280 ex
1641 1224 1746 1280 fide
1789 1225 2037 1296 cepistis.

527 1405 777 1469 Vens..7.
822 1409 929 1479 Qui
965 1408 1183 1479 corripit
1231 1412 1422 1475 malos,
1476 1412 1576 1465 sibi
1617 1421 1773 1487 parat
1816 1414 2041 1484 ignomi-

457 1502 628 1558 niam.
675 1499 835 1573 Quia,
871 1500 974 1570 qui
1010 1499 1138 1555 ferit
1184 1502 1436 1558 veritatis
1464 1504 1649 1563 verbis
1689 1505 1939 1562 homines
1973 1507 2039 1579 ad

454 1593 599 1647 mala
620 1607 747 1649 vere
774 1600 1221 1664 prorumpentes,
1245 1601 1299 1649 et
1326 1595 1527 1666 corrigi
1558 1597 1832 1662 nolentes,
1854 1597 2040 1651 irritat

2148 410 2323 481 ὑμῶν.

2220 594 2292 650 ς’.
2327 586 2671 643 Ἀπολίπετε
2699 588 3078 660 ἀφροσύνην,
3104 593 3203 646 καί
3227 591 3493 661 ζήσεσθε.
3527 597 3677 651 Κατα-

2142 676 2327 730 λίπετε
2376 680 2633 734 ἀπιστίαν
2660 720 2675 745 ,
2725 681 2820 735 καὶ
2871 682 2970 753 τὴν
3028 684 3400 763 πνευματικὴν
3440 681 3571 757 ζωὴν
3605 690 3679 741 καὶ

2142 766 2451 838 ἀνώλεθρον
2487 770 2661 837 ἕξετε.

2211 861 2322 915 Kal
2360 860 2652 928 ζηττήσατε
2669 864 2989 933 φρόνησιν,
3018 866 3118 919 ἵνα
3137 866 3423 935 βιώσητε,
3453 870 3543 923 καί
3575 886 3683 921 κατ-

2143 953 2446 1020 ορθώσητε
2475 955 2736 1008 σύνεσιν
2780 955 2850 1009 ἐν
2896 956 3129 1024 γνώσει.
3173 959 3282 1012 Καὶ
3316 959 3577 1031 ποθήσατε
3606 963 3684 1028 τὴν

2142 1045 2239 1115 τῆς
2268 1044 2518 1115 πράξεως
2546 1046 2638 1098 τοῦ
2669 1046 2876 1114 ἀγαθοῦ
2914 1048 3091 1102 αἰτίαν
3120 1049 3412 1120 φρόνησιν·
3444 1053 3579 1114 ὅπως
3606 1069 3685 1104 πο-

2142 1135 2348 1190 λιτείαν
2376 1137 2668 1206 ἄμεμπτον
2716 1137 3011 1209 κτήσησθε,
3044 1141 3136 1193 καὶ
3168 1142 3509 1214 ἀπαρτίσητε
3550 1143 3603 1194 ἐν
3633 1145 3687 1211 τῇ

2142 1225 2342 1295 γνώσει
2374 1225 2470 1280 τοῦ
2516 1226 2687 1307 ὅντως
2730 1228 2920 1294 καλοῦ,
2951 1231 3050 1301 τὴν
3081 1231 3219 1302 πρὸς
3248 1233 3379 1285 αὐτὸ
3408 1231 3500 1286 τοῦ
3523 1248 3693 1302 τριμε-

2148 1319 2276 1390 ροῦς
2313 1319 2414 1390 τῆς
2451 1318 2629 1390 ψυχῆς
2670 1318 2908 1384 σύνεσιν,
2942 1318 3010 1395 ἧς
3047 1324 3111 1376 ἐκ
3138 1323 3387 1387 ’πίστεως
3424 1322 3661 1394 ἧρξασθε.

2216 1413 2281 1476 ζ’.
2324 1410 2385 1464 '0
2416 1410 2718 1465 παιδεύων
2751 1413 2975 1479 κακοὺς
2999 1455 3012 1477 ,
3061 1414 3322 1484 λήψεται
3365 1412 3553 1478 ἐαυτῷ
3592 1414 3693 1466 ἀτι-

2138 1503 2303 1573 μίαν.
2333 1502 2455 1555 ’Ὁτι
2481 1501 2537 1555 δὲ
2562 1501 2592 1553 ὁ
2621 1501 2873 1572 πλήττων
2897 1504 3137 1575 ῥήμασιν
3159 1503 3419 1576 ἀληθείας
3444 1503 3565 1566 τοὺς
3581 1502 3693 1571 πρὸς

2147 1593 2344 1647 κακίαν
2369 1592 2588 1665 ἀληθῶς
2622 1594 2911 1664 ρέποντας,
2937 1596 3034 1648 καὶ
3061 1593 3406 1665 διορθοῦσθαι
3439 1593 3514 1664 μὴ
3540 1592 3693 1646 θέλον-

453 1696 551 1737 cos
579 1683 833 1752 amplius,
868 1693 921 1738 et
949 1698 1140 1738 eorum
1172 1683 1440 1740 malitiam
1495 1700 1727 1758 augens,
1781 1696 2031 1744 contem-

2151 1700 2255 1747 τας,
2297 1683 2618 1755 παροξύνων
2674 1683 2873 1754 μᾶλλον
2909 1685 3127 1749 αὐτοὺς,
3154 1685 3248 1737 καὶ
3294 1683 3574 1737 ἐπιτείνων
3612 1681 3695 1751 τὴν

452 1785 613 1849 ptum
636 1788 709 1835 ex.
734 1774 836 1829 hoc
865 1774 971 1831 sibi
997 1784 1294 1846 praeparat.

522 1957 761 2027 Arguens
803 1957 1046 2026 impium,
1095 1958 1321 2026 seipsum
1373 1961 1643 2029 corripiet.
1690 1960 2037 2020 Manifestam

454 2049 661 2105 faciens
689 2048 741 2105 ei
779 2049 874 2120 qui
912 2047 1084 2105 Deum
1118 2066 1228 2106 non
1269 2053 1532 2120 honorat,
1563 2068 1720 2108 suam
1751 2054 2034 2124 malitiam,

455 2140 560 2194 sub
591 2148 908 2214 contemptu
932 2140 1176 2211 seipsum
1207 2141 1466 2207 collocat,
1487 2149 1545 2195 ut
1579 2140 1657 2199 illi
1688 2142 2038 2214 corripiendo

455 2249 563 2287 non
593 2247 857 2309 parcens;
888 2248 999 2290 non
1029 2233 1208 2288 solum
1254 2233 1332 2287 illi
1371 2232 1670 2288 utilitatem
1708 2250 1817 2291 non
1851 2236 2035 2304 affert,

456 2325 551 2381 sed
612 2324 905 2396 plurimum
960 2333 1144 2391 nocet,
1180 2339 1392 2396 ponens
1426 2326 1593 2389 istum
1623 2325 1726 2383 sub
1761 2327 1908 2386 illius
1936 2328 2036 2384 do-

453 2417 778 2481 minatione.
1222 2476 1230 2483 ε

439 2511 443 2514 ’
528 2512 935 2584 Objurgationes
966 2512 1125 2582 impio
1154 2555 1168 2581 ,
1197 2514 1371 2584 plaga:
1420 2512 1526 2567 illi.
1556 2510 1756 2577 Verba,
1783 2511 2036 2585 impieta-

454 2614 562 2659 tem
621 2605 787 2660 Deum
863 2618 974 2659 non
1026 2604 1275 2660 timentis
1344 2601 1779 2669 manifestantia,
1864 2605 2037 2675 plagae

454 2705 585 2764 sunt
610 2698 666 2752 in
696 2696 880 2757 anima
908 2697 1407 2765 illius,inferentes
1441 2697 1521 2752 illi
1552 2695 1664 2751 odii
1700 2695 2035 2754 desiderium

451 2791 597 2861 quod
632 2789 851 2855 diliicile
885 2790 1214 2851 destruitur.

523 2881 691 2941 Vens.
719 2882 773 2936 8.
794 2875 876 2935 Ne
898 2881 1124 2953 objurga
1152 2885 1419 2951 malos,ut
1441 2904 1541 2944 non
1564 2898 1612 2944 te
1643 2888 1761 2945 odio
1784 2890 2032 2946 habeant.

453 2970 531 3026 Ne
563 2970 947 3041 objurges,his
977 2973 1070 3040 qui
1096 2974 1373 3044 propriam
1403 2980 1787 3038 rectitudinem
1802 2983 1993 3037 nolunt
2018 3026 2034 3051 ,

452 3076 551 3116 sua
578 3068 804 3132 peccata
831 3079 847 3130 ;
879 3072 938 3118 ut
965 3078 1075 3118 non
1116 3064 1173 3119 in
1204 3066 1390 3122 odium
1420 3071 1500 3125 tui
1544 3072 1670 3128 illos
1700 3072 1931 3140 excites,
1982 3084 2038 3131 et

452 3146 598 3222 inde,
631 3152 768 3227 quin
804 3167 996 3209 eorum
1043 3153 1205 3212 tollas
1247 3159 1535 3229 malitiam,
1564 3165 1738 3235 magis
1768 3164 1913 3220 illam
1943 3180 2033 3222 au-

451 3258 612 3314 gcas.

520 3332 740 3409 Corripe
787 3340 1098 3409 sapientem,
1153 3348 1203 3397 et
1255 3340 1433 3414 diliget
1495 3354 1565 3400 te.
1621 3346 1911 3416 Manifesta
1950 3364 2036 3402 sa-

453 3430 714 3499 pientiam
748 3431 971 3487 habenti
1010 3432 1290 3502 defectus,
1323 3447 1375 3490 ut
1407 3437 1605 3493 habeat
1631 3439 1879 3495 timorem
1921 3440 2032 3504 Dei,

451 3533 506 3581 ct
570 3525 720 3590 talis,
796 3527 1217 3598 correptionum
1279 3530 1540 3586 utilitatis
1596 3548 1706 3588 non
1768 3535 2031 3605 ignarus,

451 3617 684 3678 multum
722 3615 989 3678 honorem
1027 3618 1125 3674 tibi
1156 3619 1374 3677 all'eret.

525 3798 692 3856 Vens.
715 3800 769 3857 9.
796 3800 881 3855 Da
910 3802 1139 3871 sapienti
1159 3803 1506 3869 occasionem,
1529 3811 1577 3856 et
1599 3803 1889 3871 sapientior
1914 3804 2030 3858 erit.

450 3895 692 3952 Ostende
724 3893 977 3952 timorem
1010 3893 1105 3949 Dei
1150 3893 1397 3960 habenti,
1426 3902 1773 3967 peccatorum
1806 3911 2031 3952 suorum

449 3987 763 4053 scientiam,
827 3993 885 4041 ut
934 4000 1032 4059 per
1082 3986 1457 4064 expiationem
1490 3995 1543 4042 et
1579 3987 2032 4042 illuminationem

450 4077 793 4148 perficiatur,

521 4170 659 4225 Doce
713 4169 947 4240 justum,
974 4178 1023 4224 et
1051 4169 1288 4238 accipere
1322 4169 1614 4239 festinabit.
1644 4169 1925 4225 Manifesta
1958 4169 2035 4226 illi

448 4261 541 4331 qui
572 4276 667 4333 per
689 4268 1020 4317 aeternorum
1046 4260 1441 4331 suppliciorum
1464 4261 1714 4316 timorem
1761 4260 1854 4316 Dei
1901 4277 2036 4332 prm-

2142 1775 2345 1828 κακίαν
2382 1775 2584 1841 αὐτῶν,
2629 1775 2787 1846 ὕϐριν
2827 1777 3125 1828 ἐπισπᾶται
3160 1774 3247 1828 διὰ
3282 1773 3444 1827 τοῦτο
3481 1775 3557 1837 είς
3590 1775 3697 1825 ἐαυ-

2137 1869 2249 1922 τόν.

2224 1961 2522 2031 Ἐλέγχων
2564 1959 2631 2013 δὲ
2676 1960 2784 2012 τὸν
2826 1956 3020 2025 ἀσεϐῆ
3047 2000 3060 2022 ,
3099 1956 3453 2027 μωμήσεται
3481 1958 3693 2010 ἑαυτόν.

2138 2056 2383 2127 Φανεράν
2414 2053 2469 2107 δὲ
2501 2054 2669 2107 ποιῶν
2692 2052 2769 2124 τῷ
2802 2052 2877 2123 μὴ
2919 2050 3094 2122 ἔχοντι
3132 2052 3214 2114 εἰς
3241 2049 3374 2103 Θεδν
3409 2049 3592 2120 τιμὴν,
3615 2046 3698 2118 τὴν

2139 2147 2337 2201 κακίαν
2384 2144 2576 2211 αὑτοῦ,
2610 2143 2716 2197 ὑπὸ
2767 2143 2976 2213 μέμψιν
3024 2141 3350 2211 καθίστησιν
3402 2140 3608 2205 ἐαυτὸν,
3637 2138 3701 2202 ὡς

2141 2239 2217 2309 μὴ
2249 2237 2569 2308 φειδόμενος
2610 2235 2713 2306 τῆς
2750 2234 2955 2306 βλάϐης
2992 2233 3191 2287 αὐτοῦ·
3235 2233 3372 2304 πρὸς
3404 2233 3514 2303 γάρ
3539 2232 3613 2302 τῷ
3638 2228 3702 2301 μὴ

2137 2331 2373 2400 ὠφελεῖν
2399 2328 2581 2394 αὐτὸν,
2622 2320 2821 2398 μᾶλλον
2854 2327 2946 2380 καὶ
2978 2325 3228 2395 βλάπτει,
3270 2324 3592 2394 παρακινῶν
3619 2323 3701 2377 tt?)-

2136 2423 2228 2479 τὸν
2265 2423 2313 2476 εί
2353 2423 2452 2491 τὴν
2492 2422 2611 2474 κατ’
2636 2419 2803 2473 αὑτοῦ
2842 2420 3151 2491 τυραννίδα.

2135 2523 2161 2544 ν
2212 2516 2278 2569 Ol
2303 2514 2413 2583 γὰρ
2443 2513 2679 2582 ἔλεγχοι
2712 2510 2792 2579 τῷ
2823 2510 3060 2575 ἀσεϐεῖ,
3090 2510 3382 2579 μώλωπες
3421 2510 3597 2577 αὐτῷ.
3635 2511 3703 2563 Τὰ

2136 2605 2245 2676 γὰρ
2270 2602 2606 2675 φανεροποιά
2634 2602 2733 2673 τῆς
2777 2601 2978 2664 κακίας
3019 2599 3114 2653 τοῦ
3164 2600 3237 2671 μὴ
3290 2602 3561 2672 τιμῶντος
3587 2601 3705 2655 Θεὸν

2137 2697 2311 2765 λόγια,
2343 2694 2548 2767 πληγαί
2572 2695 2678 2747 εἰσι
2709 2695 2778 2765 τῇ
2805 2693 2999 2745 τούτου
3022 2692 3188 2762 ψυχῇ,
3221 2692 3559 2761 ἐμποιοῦντα
3582 2692 3702 2763 αὐτῇ

2140 2791 2331 2863 μίσους
2366 2786 2787 2854 δυσεξάλειπτον
2818 2784 3012 2848 πάθος.

2207 2885 2276 2951 η’.
2318 2879 2416 2946 Μὴ
2461 2876 2674 2948 ἔλεγχε
2713 2874 2964 2940 κακοὺς,
2996 2875 3098 2934 ἵνα
3138 2873 3222 2942 μὴ
3268 2874 3584 2942 μισήσωσί
3623 2889 3702 2928 σε.

2136 2970 2230 3042 Μὴ
2262 2968 2613 3040 φανεροποίει
2640 2969 2753 3029 τοῖς
2785 2964 2857 3037 μὴ
2885 2964 3099 3018 θέλουσι
3123 2965 3221 3034 τήν
3252 2964 3389 3017 ἰδίαν
3414 2964 3703 3034 διόρθωσιν,

2139 3064 2206 3118 τὰ
2246 3062 2452 3118 τούτων
2500 3060 2684 3127 κακὰ,
2719 3060 2867 3121 ὅπως
2912 3058 2986 3129 μὴ
3032 3060 3112 3120 είς
3148 3061 3304 3128 μῖσος
3334 3057 3395 3110 τὸ
3444 3058 3585 3111 κατά
3625 3054 3703 3109 σοῦ

2138 3156 2360 3227 ἐγείρῃς
2408 3155 2627 3217 αὐτοὺς,
2664 3149 2962 3206 κάντεῦθεν
2990 3150 3110 3204 ἀντὶ
3155 3151 3250 3204 τοῦ
3299 3150 3583 3219 περιελεῖν
3621 3148 3706 3220 τήν

2141 3249 2339 3303 κακίαν
2377 3248 2577 3312 αὐτῶν,
2623 3245 2826 3316 μᾶλλον
2868 3244 3131 3314 αὐξήσεις
3168 3244 3360 3315 αὐτήν.

2211 3342 2469 3411 Ἔλεγχε
2498 3339 2716 3409 σοφὸν,
2749 3336 2847 3391 καὶ
2876 3336 3181 3407 ἀγαπήσει
3203 3350 3297 3393 σε.
3338 3336 3561 3410 Φανερὰ
3581 3337 3706 3389 ποίει

2137 3434 2205 3486 τὰ
2235 3433 2592 3503 ἐλαττώματα
2624 3429 2702 3501 τῷ
2739 3429 3020 3501 μετέχοντι
3072 3428 3265 3499 σοφίας
3288 3470 3301 3493 ,
3351 3429 3414 3483 ἐν
3460 3429 3542 3499 τῷ
3581 3428 3708 3500 ἔχειν

2136 3525 2301 3579 αὑτὸν
2337 3523 2501 3594 φόϐον
2531 3522 2689 3585 Θεοῦ,
2721 3522 2814 3575 καὶ
2838 3522 2914 3585 ὡς
2943 3520 3018 3591 μὴ
3051 3521 3264 3589 ἀγνοῶν
3294 3522 3324 3574 ό
3353 3521 3599 3583 τοιοῦτος
3624 3520 3708 3590 τήν

2137 3619 2201 3670 ἐκ
2226 3616 2334 3670 τῶν
2365 3616 2602 3685 ἐλέγχων
2633 3614 2769 3668 ἰδίαν
2799 3613 3088 3683 ὠφέλειαν,
3104 3613 3197 3665 ἐπὶ
3217 3612 3379 3667 πλέον
3401 3613 3587 3677 καλῶς
3609 3613 3709 3667 δια-

2136 3708 2423 3779 τεθήσεται
2462 3706 2592 3778 περὶ
2634 3705 2714 3758 σέ.
2856 3699 2863 3705 ’

2207 3799 2271 3852 θ’.
2313 3797 2488 3851 Δίδου
2510 3796 2682 3866 σοφῷ
2706 3796 3004 3865 ἀφορμὴν,
3028 3795 3125 3850 καί
3156 3796 3500 3866 σοφώτερος
3531 3796 3706 3851 ἔσται.

2138 3893 2350 3962 Πάρεχε
2401 3889 2481 3960 τῷ
2529 3889 2703 3960 ἔχοντι
2750 3887 2913 3956 φόϐον
2956 3886 3113 3951 Θεοῦ,
3159 3886 3522 3957 ἐσφαλμένων
3574 3885 3709 3955 αὐτῷ

2135 3983 2430 4052 διάγνωσιν
2455 3981 2545 4034 διὰ
2573 3979 2895 4051 καθάρσεως
2918 3980 3009 4032 καὶ
3035 3977 3316 4049 φωτισμοῦ
3340 3982 3483 4049 πρὸς
3509 3977 3709 4032 τελείω-

2137 4092 2240 4129 σιν.
3403 4086 3409 4095 “

2208 4164 2461 4233 Γνώριζε
2495 4164 2735 4230 δικαίῳ,
2764 4163 2865 4217 καί
2897 4162 3232 4231 προσθήσει
3264 4161 3372 4217 τοῦ
3412 4160 3705 4230 δέχεσθαι.

2147 4261 2527 4316 Ἀνακάλυπτε
2575 4258 2655 4330 τῷ
2699 4259 2784 4312 διὰ
2829 4259 2917 4311 τὸν
2961 4258 3123 4326 φόϐον
3159 4258 3391 4311 αἰωνίων
3446 4256 3709 4310 κολάσεων

448 4360 604 4422 cepta
634 4352 898 4419 custodit,
946 4368 1135 4411 verum
1188 4353 1331 4422 quod
1387 4353 1439 4406 in
1477 4352 1556 4408 eis
1586 4360 1671 4407 est
1719 4353 1945 4419 bonum,
1983 4360 2034 4407 et

2151 4353 2400 4425 τηροῦντι
2431 4352 2529 4414 τὰς
2558 4351 2650 4404 τοῦ
2696 4350 2831 4403 Θεοῦ
2863 4348 3104 4413 ἐντολὰς,
3135 4349 3195 4402 τὸ
3237 4352 3293 4402 ἐν
3323 4349 3556 4411 ταύταις
3589 4347 3708 4414 alr,—

449 4445 544 4498 ille
580 4443 812 4514 diligens
832 4444 987 4511 illud,
1032 4452 1292 4511 tanquam
1331 4458 1647 4513 supremum
1678 4441 2026 4521 concupisci-

453 4544 463 4587 ι
489 4535 582 4599 ile,
612 4534 762 4590 illius
789 4549 1036 4615 amorem
1068 4549 1171 4610 pro
1194 4533 1391 4622 affectu
1429 4526 1670 4604 augebit.

529 4709 697 4767 Vens.
736 4711 824 4766 10.
866 4709 1196 4775 Principium
1241 4714 1535 4782 fapienliaz,
1589 4713 1747 4765 timor
1793 4711 2021 4773 Domini.

449 4803 788 4872 Principium
849 4818 1030 4859 rerum
1062 4803 1373 4858 divinarum
1421 4804 1680 4868 scientiae,
1733 4815 1814 4861 est
1864 4805 2029 4861 timor

453 4897 671 4953 Domini
702 4898 951 4956 omnium
997 4896 1111 4951 Dei.

527 4995 779 5048 Voluntas
806 5001 1113 5048 sanctorum
1138 4991 1441 5059 prudentia.
1480 4990 1545 5045 Et
1572 4992 1812 5059 illorum,
1846 4994 1938 5062 qui
1963 4995 2029 5047 ab

453 5088 599 5144 omni
662 5086 869 5142 malitia
923 5083 1134 5156 purgati
1188 5090 1341 5142 sunt.
1387 5090 1441 5137 et
1503 5082 1629 5137 inde
1670 5090 1878 5152 ponunt
1910 5084 2029 5137 sine

453 5176 845 5242 impedimento
943 5186 1279 5246 cognoscere
1346 5188 1536 5228 verum
1612 5172 1838 5237 bonum,
1914 5174 2027 5227 dis-

450 5272 624 5321 cretio
681 5267 830 5321 circa
874 5265 1010 5320 illud
1051 5276 1135 5320 est
1164 5263 1453 5335 prudentia
1496 5261 1660 5315 trium
1703 5261 1900 5331 animae
1931 5278 2030 5331 po-

453 5362 775 5428 tcntiarum,
808 5361 876 5415 ad
909 5374 1198 5415 sermones
1229 5356 1534 5425 modosque
1559 5354 1683 5408 boni
1727 5354 1797 5435 in
1824 5369 2029 5423 przece-

452 5465 565 5523 pla.

527 5542 698 5601 Nosse
746 5546 930 5613 legem,
971 5544 1122 5599 bona:
1160 5552 1236 5596 est
1290 5539 1672 5610 intelligentire.
1718 5536 2032 5610 Intelligere

457 5644 784 5713 aptent,qua
809 5637 945 5692 nihil
970 5635 1314 5707 impossibile
1343 5641 1436 5688 aut
1469 5631 1688 5699 durum,
1720 5634 1911 5702 repetit
1947 5632 2029 5689 lex

750 5736 803 5743 α...

2138 4446 2245 4510 θῶς
2272 4444 2498 4513 ἀγαθὸν,
2522 4442 2613 4496 καὶ
2643 4443 2934 4513 ἀγαπήσας
2966 4445 2993 4495 ὁ
3022 4439 3261 4504 τοιοῦτος
3285 4439 3443 4504 αὐτὸ,
3465 4440 3543 4503 ὡς
3562 4438 3710 4508 ἔσχασ-

2137 4556 2228 4590 τον
2265 4535 2516 4608 ὀρεκτὸν,
2544 4533 2642 4609 τὴν
2674 4533 2866 4587 τούτου
2897 4532 3037 4587 κατά
3065 4531 3305 4586 διάθεσιν
3338 4531 3588 4600 ἐπιτείνῃ
3618 4543 3708 4581 πα·

2140 4627 2391 4699 ραδοχήν.

2207 4724 2260 4772 ι’.
2297 4716 2480 4785 Ἀρχὴ
2510 4716 2734 4785 σοφίας
2763 4716 2947 4784 φόϐος
2985 4713 3226 4782 Κυρίου.
3263 4712 3432 4782 Ἀρχὴ
3470 4713 3577 4782 γάρ
3606 4710 3708 4761 ἐστι

2135 4810 2233 4879 τῆς
2267 4808 2427 4861 θείων
2458 4805 2804 4879 πραγμάτων
2832 4808 3141 4876 ἐπιστήμης
3163 4806 3191 4857 ὁ
3219 4803 3382 4874 φόϐος
3399 4804 3497 4856 τοῦ
3523 4801 3709 4855 Δεσπό-

2135 4917 2231 4953 του
2272 4899 2380 4951 τῶν
2415 4898 2554 4952 ὅλων
2595 4896 2752 4951 Θεοῦ.

2208 4991 2315 5045 Καὶ
2357 4990 2562 5056 βουλὴ
2603 4990 2811 5060 ἁγίων,
2842 4990 3120 5055 σύνεσις.
3160 4989 3271 5042 Καὶ
3300 4987 3409 5040 τῶν
3434 4985 3727 5055 ’κεκαθαρχ

2140 5084 2316 5154 μένων
2362 5083 2469 5136 ἀπὸ
2505 5082 2686 5152 πάσης
2721 5083 2941 5146 κακίας,
2978 5082 3072 5136 καὶ
3117 5080 3429 5150 δυναμένων
3474 5076 3708 5133 ἐντεῦθεν

2137 5173 2560 5237 ἀνεπικωλύτως
2610 5178 2892 5226 κατανοεῖν
2939 5172 3001 5224 τὸ
3046 5172 3215 5235 ὅντως
3268 5170 3497 5240 ἀγαθὸν,
3528 5171 3561 5239 ἡ
3594 5166 3707 5237 περὶ

2137 5266 2324 5321 τούτου
2346 5266 2640 5337 διάκρισις,
2663 5265 2945 5327 σύννευσίς
2965 5267 3082 5316 ἐστι
3116 5263 3227 5315 τῶν
3244 5264 3411 5335 τριῶν
3428 5263 3524 5332 τῆς
3542 5260 3705 5330 ψυχῆς

2137 5358 2420 5427 δυνάμεων
2469 5357 2603 5427 πρὸς
2632 5360 2759 5421 τοὺς
2792 5357 2911 5409 κατ’
2934 5355 3155 5426 ἐντολὴν
3186 5356 3378 5424 λόγους
3401 5372 3455 5407 τε
3479 5355 3573 5408 καὶ
3593 5352 3704 5421 τρὸ-

2139 5466 2272 5512 πους
2306 5447 2497 5500 αὑτοῦ.

2216 5540 2285 5594 Τὸ
2331 5539 2397 5591 δὲ
2440 5538 2661 5607 γνῶναι
2704 5543 2913 5610 νόμον,
2949 5541 3219 5606 διανοίας
3262 5539 3438 5593 ἐστίν
3467 5533 3701 5607 ἀγαθῆς.

2140 5632 2212 5683 Τὸ
2265 5632 2320 5685 δέ
2346 5631 2721 5699 ,κατα).α6εἴν,
2755 5634 2833 5686 ὅτι
2886 5633 3038 5687 οὐδὲν
3073 5627 3341 5686 ἀδύνατοᾷ
3381 5632 3413 5703 ἢ
3460 5626 3700 5698 σκληρὸν,
