3960 6230
301 291 439 355 1305

1377 282 1916 343 COMMENTARII
1953 284 2033 342 ΙΝ
2077 280 2532 343 PRUVERBIA.

3424 276 3563 342 i306

296 382 526 457 ἀπαιτεῖ
558 403 585 455 ὁ
613 398 747 472 πρὸς
780 397 839 453 τὸ
864 396 1032 460 ὅντως
1061 392 1266 462 ἀγαθὸν
1297 392 1507 464 ὁδηγῶν
1537 395 1684 463 ἡμᾶς
1718 392 1881 463 νόμος

2007 398 2215 469 ιρίτὶιυε
2238 411 2341 451 nos
2369 396 2435 449 ad
2464 408 2654 450 verum
2679 392 2878 447 bonum
2905 390 3244 458 conducens,
3269 401 3351 447 est
3380 394 3564 448 scien-

293 492 391 548 τοῦ
421 491 762 562 Πνεῦματος,
792 489 912 552 νοός
951 490 1069 540 ἐστι
1097 483 1536 555 διαλογιζομένου
1563 500 1621 535 τε
1656 483 1753 537 καὶ
1782 483 1880 552 ζη-

293 584 513 647 τοῦντος
536 582 669 636 αὐτὸ
691 582 752 634 τὸ
777 578 991 651 ἀληθῶς
1020 576 1247 645 ἀγαθόν.

361 670 460 731 ια’.
505 674 704 740 Τούτῳ
734 671 844 742 γὰρ
870 669 950 735 τῷ
978 670 1207 738 τρόπῳ,
1254 665 1457 723 πολὺν
1493 665 1693 735 ζήσεις
1738 663 1881 733 χρό-

292 787 425 827 νον.
467 769 555 823 Ἐν
583 767 693 838 γὰρ
739 765 817 837 τῷ
868 766 1057 835 ζητεῖν
1086 762 1148 816 τὸ
1178 761 1416 832 ἀγαθὸν,
1452 759 1883 832 προσγενήσεται

294 883 400 931 σοι,
421 865 572 926 ὅστις
603 861 670 916 ἂν
697 859 795 915 καὶ
842 858 983 930 είης,
1014 859 1049 930 ἡ
1081 852 1768 931 ἁπέραντος,πνευματικὴ
1788 853 1883 906 καὶ

295 958 416 1011 θεία
458 955 593 1024 ζωή.

259 1102 264 1106 ,
364 1045 477 1102 Kal
507 1043 982 1116 προστεθήσεται
1021 1057 1121 1097 σοι
1154 1041 1261 1110 ἐτη
1290 1037 1461 1107 ζωῆς.
1502 1037 1614 1090 Καὶ
1651 1037 1885 1089 ὲπεκτα-

293 1136 518 1211 θήσεταί
557 1153 640 1189 σοι
677 1133 749 1189 τὰ
774 1135 869 1207 τῆς
895 1133 1041 1204 ζωῆς
1079 1132 1275 1204 μέτρα,
1313 1127 1885 1202 προσεπικτησαμένῳ

291 1226 357 1295 τῇ
391 1221 643 1294 παρούσῃ
675 1222 788 1293 ζωῇ
810 1260 825 1285 ,
856 1220 945 1274 διὰ
978 1221 1074 1289 τῆς
1109 1222 1167 1273 ὲν
1210 1218 1348 1288 αὐτῇ
1396 1216 1693 1288 θεαρέστου
1730 1214 1884 1269 πολι·

291 1314 465 1378 τείας,
507 1314 605 1368 καὶ
640 1313 740 1384 τὴν
782 1313 1109 1384 μέλλουσαν.

363 1404 454 1475 ιβ’.
502 1404 633 1469 Υίέ,
664 1404 775 1459 ἐὰν
806 1404 1000 1473 σοφὸς
1049 1400 1193 1473 γένῃ
1228 1397 1501 1465 σεαυτῷ,
1536 1397 1729 1467 σοφὸς
1768 1395 1886 1467 ἔσῃ

292 1497 390 1551 καί
418 1495 544 1561 τοῖς
570 1496 841 1564 πλησίον
878 1508 1016 1549 σου.
1058 1495 1170 1562 Τῆς
1198 1491 1343 1562 ἐμῆς
1378 1488 1730 1551 διδασκαλίας
1758 1487 1888 1540 παί-

291 1589 490 1659 δευμα,
517 1590 566 1641 εἰ
598 1588 760 1656 σοφὸς
793 1586 1055 1659 ὑπάρξεις
1082 1584 1314 1654 σεαυτῷ,
1349 1582 1501 1652 φόϐῳ
1530 1580 1660 1650 θείῳ
1693 1578 1887 1632 ἑαυτὸν

294 1679 563 1751 καθάρας,
599 1682 693 1733 καὶ
725 1680 939 1732 συνέσει
961 1678 1222 1746 φωτίσας,
1251 1676 1347 1730 καὶ
1377 1673 1542 1745 σοφίᾳ
1563 1669 1882 1735 τελειώσας,

1983 488 2059 543 tia
2092 488 2214 558 ejus
2247 486 2343 557 qui
2377 485 2584 556 cogitat
2608 490 2663 537 et
2692 481 2886 552 quaerit
2921 496 3110 537 verum
3140 481 3363 537 bonum.

2055 656 2223 713 Vens.
2258 657 2347 711 il.
2388 656 2504 711 Hoc
2536 657 2676 709 enim
2702 657 2878 725 modo,
2923 658 3089 711 multo
3131 658 3264 712 vives
3312 665 3563 728 tempore.

1985 749 2291 817 Quaerendo
2318 758 2496 804 autem
2526 748 2757 814 bonum,
2813 749 3157 818 superveniet
3199 749 3320 816 tibi,
3351 750 3565 821 qualis-

1985 859 2206 915 cunque
2233 844 2430 908 fueris,
2461 841 2697 908 infinita,
2733 841 3037 913 spiritualis
3059 850 3114 897 et
3149 841 3335 897 divina
3360 844 3491 897 vita.

2059 1019 2126 1073 Et
2155 1007 2417 1074 addentur
2462 1020 2557 1073 tibi
2587 1021 2713 1074 anni
2740 1020 2882 1074 uiue.
2932 1017 2998 1071 Et
3042 1023 3275 1088 augetur
3309 1033 3572 1081 mensura

1984 1116 2111 1169 vitae
2139 1114 2258 1179 tibi,
2291 1115 2411 1183 qui,
2470 1113 2727 1184 praesenti
2767 1112 2932 1175 vitae,
2974 1110 3046 1166 ob
3095 1119 3250 1164 tuum
3286 1126 3383 1179 per
3428 1112 3569 1169 hanc

1986 1208 2269 1262 caelestem
2310 1206 2527 1261 vivendi
2556 1204 2773 1259 modum
2798 1243 2813 1268 ,
2846 1202 3105 1258 addidisti
3146 1210 3200 1257 et
3230 1201 3492 1258 futuram.

2058 1382 2225 1443 Vnus.
2253 1381 2340 1437 12.
2397 1378 2532 1446 Fili,
2580 1383 2627 1435 si
2677 1380 2891 1447 sapiens
2922 1379 3028 1432 eris
3057 1377 3151 1431 tibi
3194 1379 3317 1447 ipsi,
3356 1380 3566 1447 sapiens

1986 1474 2091 1528 eris
2111 1481 2163 1528 et
2182 1473 2447 1541 proximo.
2471 1470 2744 1526 Doctrina:
2777 1484 2912 1524 meae
2936 1468 3228 1538 discipule,
3265 1469 3311 1524 si
3346 1471 3567 1540 sapiens

1986 1565 2097 1620 eris
2128 1564 2272 1635 apud
2290 1564 2665 1633 temetipsum,
2685 1569 2850 1618 temet
2881 1561 3075 1616 timore
3115 1559 3209 1615 Dei
3244 1560 3565 1629 purificaus,

1988 1655 2279 1725 prudentia
2333 1654 2676 1719 illuminans,
2719 1660 2774 1708 et
2821 1653 3091 1720 sapientia
3144 1652 3460 1722 perliciens,
3509 1662 3565 1709 et
3626 1685 3636 1696 -

293 1772 389 1826 καὶ
409 1742 780 1840 τοῖςέγγιστά
811 1788 932 1836 σου,
968 1742 1190 1841 ζηλοῦσι
1221 1786 1317 1822 σου
1346 1769 1408 1822 τὸ
1438 1742 1625 1839 σοιρδν,
1659 1765 1883 1821 κάντεῦ-

2007 1747 2076 1799 iis
2116 1746 2213 1815 qui
2240 1744 2337 1800 tibi
2366 1745 2606 1815 proximi
2643 1752 2797 1807 sunt,
2835 1749 2891 1797 et
2921 1742 3258 1798 aemulantur
3288 1749 3440 1798 tuam
3481 1759 3566 1800 sa-

295 1864 387 1918 θεν
437 1863 781 1934 πειθομένοις
815 1864 929 1925 τοῖς
979 1861 1159 1930 λόγοις
1204 1878 1321 1925 σου,
1371 1860 1467 1914 καὶ
1519 1858 1881 1929 μιμουμένοις

293 1956 423 2018 τοὺς
462 1956 697 2027 τρόπους
747 1971 865 2020 σου,
897 1953 1163 2025 ὑπάρξεις
1190 1952 1382 2020 σοφός·
1414 1951 1492 2015 ὡς
1539 1950 1637 2005 καὶ
1683 1951 1881 2016 αὐτοὺς

200 2096 203 2099 .
297 2046 571 2117 φωτίζων,
603 2046 701 2100 καὶ
726 2046 1030 2117 καθαίρων,
1067 2045 1162 2099 καὶ
1190 2043 1435 2097 τελειῶν.

363 2157 508 2213 Ἐὰν
536 2157 603 2211 δὲ
624 2158 808 2224 κακὸς
828 2154 1085 2225 ἀποϐῆς,
1112 2157 1301 2226 μόνος
1323 2152 1652 2224 ἀντλήσεις
1679 2152 1752 2207 τὰ
1776 2168 1883 2206 κα-

296 2249 392 2305 κά.
436 2250 499 2303 Εἰ
536 2248 595 2302 δὲ
626 2252 747 2313 ταῖς
774 2249 916 2303 κατὰ
969 2249 1166 2320 μικρὸν
1195 2248 1434 2311 ἀπάταις
1474 2247 1570 2301 τοῦ
1620 2244 1882 2318 πονηροῦ,

293 2343 497 2407 κακίας
538 2342 736 2411 μεστὸς
781 2342 1150 2413 ἀποτελεσθῇς
1174 2382 1189 2407 ,
1237 2342 1296 2394 ἐν
1330 2340 1409 2412 τῷ
1445 2342 1611 2411 μηδὲν
1645 2339 1884 2409 χρηστὸν

294 2436 534 2504 ᾳρονεῖν,
568 2434 601 2503 ἢ
629 2431 833 2497 λαλεῖν,
858 2433 1021 2488 αὐτὸν
1053 2435 1133 2495 εἰς
1164 2432 1326 2485 αὑτὸν
1357 2430 1637 2498 ὲπισπάσῃ
1667 2430 1737 2481 τὰ
1762 2428 1885 2482 ταύ-

293 2541 393 2595 της
426 2525 698 2597 ἐπίχειρα,
721 2524 817 2578 καὶ
848 2527 923 2594 μή
956 2523 1102 2586 τινός
1132 2540 1216 2576 σοι
1240 2523 1415 2577 ταῦτα
1444 2523 1764 2591 ὲπαγόντος.

371 2637 471 2699 ’ος
521 2636 808 2705 ἐρείδεται
857 2635 957 2690 ἐπί
998 2637 1323 2705 ψεύδεσιν,
1380 2633 1562 2704 οὗτος
1612 2635 1893 2705 ποιμανεῖ

296 2724 574 2796 ἀνέμους.
604 2729 704 2791 ’Ός
752 2745 837 2791 τις
881 2728 991 2798 γὰρ
1021 2729 1280 2782 πέποιθεν
1311 2729 1408 2783 ἐπὶ
1438 2731 1552 2793 τοῖς
1586 2728 1902 2799 ἀπατηλοῖς.

295 2839 356 2874 τε
385 2822 479 2874 καὶ
511 2822 749 2892 ῥέουσιν,
781 2816 935 2886 οὗτος
965 2821 1293 2891 κυϐερνήσει
1322 2822 1392 2875 τὰ
1426 2821 1728 2891 ἱστάμενα,
1759 2837 1886 2874 συν-

297 2912 677 2983 αλλοιούμενος
724 2915 837 2976 τοῖς
883 2914 1230 2978 ἀλλοιωτοῖς,
1264 2915 1322 2967 ὲν
1373 2913 1450 2984 τῷ
1501 2914 1576 2985 μὴ
1623 2912 1886 2967 δύνασθαι

298 3003 491 3073 στῆσαι
522 3004 624 3073 τὴν
657 3003 863 3058 τούτων
892 3006 1086 3076 φορὰν,
1120 3004 1195 3067 ὡς
1224 3004 1334 3058 οὐδ’
1353 3004 1578 3075 ἀνέμων
1616 3006 1806 3075 πνοήν.

1988 1838 2270 1909 pientiam,
2294 1846 2348 1894 et
2366 1838 2494 1894 inde
2524 1838 2634 1893 tuis
2662 1836 2849 1892 verbis
2870 1836 3130 1902 credunt,
3156 1844 3211 1891 et
3239 1844 3363 1891 tuos
3385 1851 3567 1895 mores

1987 1931 2298 1997 imitantur,
2336 1930 2562 1999 sapiens
2608 1929 2753 1994 eris;
2808 1937 3069 1998 tanquam
3114 1927 3237 1983 illos
3266 1935 3321 1983 et
3361 1928 3567 1984 illumi-

1987 2039 2154 2089 nans,
2189 2032 2241 2078 et
2266 2021 2594 2094 purificans,
2626 2030 2681 2076 et
2715 2022 3026 2092 perliciens.

2059 2136 2119 2193 Si
2142 2139 2315 2192 malus
2347 2138 2599 2203 evaseris,
2651 2138 2796 2193 solus
2835 2138 3049 2194 haurtes
3080 2139 3247 2195 mala.
3289 2137 3345 2194 Si
3378 2141 3568 2211 paula‘

1988 2233 2091 2287 tim
2119 2231 2384 2287 daemonis
2409 2230 2673 2299 fallaciis,
2703 2232 2924 2287 malitiae
2947 2231 3141 2302 plenus
3173 2230 3447 2297 eliiciaris,
3490 2235 3565 2288 ita

1988 2332 2049 2378 ut
2103 2318 2375 2378 decentia.
2417 2337 2530 2377 non
2597 2323 2809 2393 cogites
2881 2323 2968 2378 vel
3026 2323 3288 2394 loquaris,
3345 2324 3465 2395 ipse
3512 2327 3567 2380 iu

1988 2414 2340 2485 temetipsum
2382 2415 2656 2472 attraxisti
2707 2416 2926 2475 malitiae
2978 2415 3219 2486 praemia,
3282 2425 3335 2472 et
3384 2418 3569 2474 nullus

1987 2505 2104 2561 haec
2133 2506 2229 2561 tibi
2269 2506 2519 2562 adduxit.

2059 2618 2166 2686 Qui
2219 2620 2416 2676 nititur
2444 2621 2761 2686 mendaciis,
2812 2623 2983 2691 pascit
3034 2632 3229 2678 ventos.
3258 2622 3364 2690 Qui
3393 2626 3572 2680 credit

1990 2715 2228 2772 fallaciis
2260 2727 2316 2772 et
2350 2718 2558 2785 verbis,
2601 2718 2875 2788 gubernat
2898 2718 3137 2782 stabilia,
3176 2723 3293 2788 ipse
3322 2728 3569 2775 mutatus

1989 2824 2114 2865 cum
2152 2809 2539 2877 mutabilibus,
2575 2811 2701 2880 quia
2739 2826 2847 2866 non
2881 2818 3063 2880 potest
3096 2811 3570 2867 etn'um'coliibere

1989 2902 2278 2973 impetum,
2312 2916 2424 2957 non
2462 2904 2639 2973 magis
2687 2918 2750 2957 ac
2785 2910 3072 2957 ventorum
3107 2902 3428 2972 procellam.

382 3119 444 3172 Ὀ
472 3118 526 3173 δ’
546 3120 728 3185 αὐτὸς
752 3119 1022 3183 διώξεται
1055 3118 1230 3188 ὄρνεα
1268 3119 1584 3188 πετόμενα.
1624 3120 1681 3173 '0
1708 3118 1883 3173 τοιοῦ-

2062 3118 2165 3174 Ille
2192 3120 2525 3190 persequitur
2554 3134 2672 3173 aves
2694 3118 2957 3173 uolantes.
3016 3117 3114 3172 Ille
3159 3117 3440 3173 incassum
3474 3132 3569 3173 ca-

297 3232 388 3279 τος
410 3214 466 3268 δὲ
488 3212 816 3267 καταλαϐεῖν
842 3212 1085 3283 ματαίως
1112 3212 1450 3283 ἐπιχειρήσει
1475 3211 1544 3265 τὰ
1565 3211 1721 3281 δίκην
1749 3228 1887 3283 πτη-

300 3306 406 3361 νῶν
436 3305 603 3373 όξέως
638 3306 915 3377 φερόμενα
944 3307 1009 3358 ὲκ
1041 3307 1309 3372 γενέσεως
1340 3304 1420 3368 εἰς
1450 3304 1681 3373 φθοράν.

370 3419 655 3474 Ἀπέλιπε
696 3417 809 3487 γὰρ
853 3417 1032 3483 ὀδοὺς
1086 3417 1191 3469 τοῦ
1241 3416 1459 3471 ἑαυτοῦ
1508 3416 1883 3485 ἀμπελῶνος.

299 3511 577 3567 Κατέλιπε
620 3512 730 3580 γὰρ
775 3510 875 3571 τὰς
922 3509 1042 3560 κατ’
1067 3507 1368 3574 ἐπίγνωσιν
1415 3506 1690 3575 φερούσας
1737 3507 1887 3570 θείας

299 3602 518 3665 ἐντολὰς
555 3600 635 3664 εἰς
666 3599 758 3654 τὸν
786 3598 1048 3669 εἰρηκότα
1073 3638 1088 3661 ,
1120 3597 1203 3648 ὅτι
1236 3595 1376 3664 Ἐγώ
1407 3597 1522 3665 εἰμι
1553 3597 1584 3665 ὴ
1614 3596 1885 3665 ἄμπελος,

298 3694 432 3747 Θεὸν
462 3691 659 3761 Λόγον,
689 3691 748 3744 ὲν
779 3683 824 3757 ᾧ
851 3688 1258 3759 πεφυτευμένος
1288 3687 1424 3751 ἐστὶ,
1464 3687 1608 3739 κατὰ
1662 3688 1753 3740 τὸν
1788 3688 1888 3757 τῆς

302 3787 438 3850 ἰδίας
470 3784 686 3855 φύσεως
714 3782 871 3851 λόγον
899 3773 1207 3852 ἄνθρωπος,
1235 3780 1310 3843 ῶς
1355 3797 1407 3833 τι
1434 3779 1621 3849 κλῆμα
1649 3795 1663 3810 ο
1706 3796 1888 3850 γεωρ-

298 3878 412 3948 γῶν
437 3878 537 3949 τὴν
564 3876 719 3948 δίκην
766 3874 911 3929 οἴνου
958 3874 1185 3946 καρδίαν
1240 3870 1639 3943 εὐφραίνουσαν
1687 3868 1888 3936 γνῶσιν

298 3971 411 4026 τῶν
441 3971 634 4025 ὄντων.

374 4079 525 4148 Τοὺς
561 4079 631 4133 δὲ
659 4077 884 4144 ἄξονας
925 4076 1034 4131 τοῦ
1061 4076 1213 4130 ἰδίου
1240 4075 1528 4145 γεωργίου
1566 4073 1883 4139 πεπλάνη-

299 4192 412 4228 ται.
441 4172 547 4228 Τὸν
571 4172 628 4225 δὲ
661 4170 787 4225 νοῦν
819 4170 915 4222 καὶ
939 4171 1030 4223 τὸν
1057 4168 1234 4237 λόγον,
1266 4169 1316 4221 οἳ
1343 4167 1440 4238 τὴν
1463 4166 1600 4237 μετὰ
1631 4165 1887 4234 γνώσεως

299 4267 499 4338 ἀρετὴν
527 4266 725 4318 οἰκεῖον
753 4261 1023 4333 γεώργιον
1052 4262 1297 4329 ἄγουσιν,
1334 4244 1636 4331 ὴπάτηται.

372 4378 789 4445 Διαπορεύεται
816 4374 890 4429 δι’
919 4374 1185 4443 ἀνύδρου
1215 4373 1460 4444 ἐρήμου,
1490 4374 1590 4427 καί
1622 4373 1737 4444 γῆν
1757 4374 1885 4427 δια-

284 4468 669 4543 -τεταγμένην
699 4467 767 4523 ἐν
799 4465 1148 4535 διψώδεσιν.
1210 4468 1321 4520 Καὶ
1348 4466 1687 4537 διεξέρχεται
1734 4466 1884 4535 ζωήν

303 4578 363 4614 τε
394 4560 767 4632 ἐστερημένην
802 4559 1180 4629 πνευματικῆς
1211 4557 1561 4623 διδασκαλίας
1575 4559 1731 4629 δίκην
1757 4557 1885 4612 ὕδα-

302 4670 392 4717 τος
425 4652 761 4723 ἀρδευούσης
815 4651 993 4725 ψυχὴν
1026 4653 1162 4724 πρὸς
1203 4652 1587 4723 καρποφορίαν
1619 4651 1725 4705 τῶν
1751 4653 1883 4722 ἀρε-

302 4746 433 4812 τῶν,
457 4746 550 4799 καί
583 4746 787 4814 παγίαν
824 4745 939 4811 ἕξιν
997 4745 1194 4809 κακίας
1252 4744 1659 4815 ὲφηπλωμένην
1685 4746 1743 4797 ὲν
1777 4744 1884 4813 ψυ-

302 4841 425 4912 χαῖς
452 4837 657 4892 ὲνδεέσι
686 4840 786 4908 τῆς
816 4838 1113 4909 εἰρημένης
1140 4835 1289 4899 θείας
1323 4834 1696 4897 διδασκαλίας.

374 4948 627 5018 Συνὰγει
652 4947 720 5001 δὲ
761 4948 974 5018 χερσὶν
1004 4946 1325 5016 ἀκαρπίαν.
1352 4946 1460 4999 Καὶ
1489 4944 1738 5012 συλλέγει
1766 4946 1886 4999 κατ’

305 5039 582 5111 ἐνέργειαν
612 5040 731 5102 ταῖς
763 5039 1096 5111 πρακτικαῖς
1126 5039 1224 5107 τῆς
1249 5036 1429 5106 ψυχῆς
1455 5035 1624 5089 αὐτοῦ
1650 5035 1884 5107 δυνάμε-

307 5147 391 5183 σιν
407 5130 703 5199 ἁμαρτίαν,
732 5129 767 5197 ἦ
796 5128 877 5191 τίς
906 5127 1070 5197 (ἐστι)
1096 5126 1351 5197 στέρησις
1384 5124 1477 5180 τοῦ
1517 5127 1885 5198 πνευματικοῦ

306 5221 517 5293 καρποῦ
546 5220 653 5273 τῶν
693 5219 923 5290 ἀρετῶν.
1858 5220 1863 5223 ’

381 5362 471 5424 ιγ’.
499 5356 666 5422 Γυνὴ
708 5355 913 5423 ἄφρων
941 5355 1038 5408 καὶ
1082 5353 1349 5423 θρασεῖα,
1400 5354 1614 5421 ἐνδεὴς
1676 5355 1886 5424 ψωμοῦ

310 5447 554 5516 γίνεται.
606 5447 883 5499 Φαντασία
933 5448 1041 5518 γὰρ
1100 5448 1439 5519 ἐστερημένη
1474 5448 1627 5511 θείας
1654 5450 1884 5512 ἐννοίας.

312 5540 405 5592 καὶ
458 5538 754 5608 προπετὴς,
791 5537 862 5601 ὡς
893 5539 999 5609 πρὸ
1032 5540 1129 5607 τῆς
1180 5539 1321 5591 κατὰ
1357 5539 1514 5606 λόγον
1567 5539 1802 5609 κρίσεως
1828 5540 1888 5591 τὸ

309 5628 500 5682 δοκοῦν
555 5632 692 5701 αὐτῇ
728 5629 1005 5697 κρίνουσα,
1059 5632 1440 5700 συναπτομένη
1478 5631 1773 5698 ἀλογίστως
1810 5633 1885 5701 τῷ

312 5722 657 5794 ἡπατημένῳ
691 5724 819 5794 παρ’
878 5723 1044 5793 αὐτῆς
1070 5724 1164 5795 νῴ,
1202 5725 1258 5776 ἐν
1289 5723 1361 5794 τῷ
1385 5724 1479 5795 τὴν
1514 5725 1610 5793 μὲν
1645 5723 1887 5778 σύνοικον

1988 3231 2119 3286 pere
2152 3216 2351 3272 nititur
2379 3232 2466 3282 ea,
2500 3231 2623 3287 quae
2648 3215 2806 3286 quasi
2834 3229 2986 3278 aves,
3018 3213 3284 3270 velociter
3313 3228 3343 3267 a
3367 3213 3569 3269 nativi-

1990 3318 2104 3366 tate
2135 3312 2203 3365 ad
2244 3320 2475 3367 mortem
2508 3318 2827 3380 properant.

2060 3423 2334 3493 Relinquit
2364 3424 2475 3478 vias
2500 3425 2730 3497 propria:
2770 3422 2912 3476 vitis.
2943 3418 3229 3489 Relinquit
3274 3417 3367 3472 Dei
3413 3432 3569 3471 man-

1986 3517 2115 3572 data
2138 3533 2260 3587 quae
2284 3518 2589 3571 secundum
2612 3514 3069 3585 recognitionem,
3095 3511 3308 3565 ducunt
3326 3509 3392 3564 ad
3415 3509 3569 3563 illum

1990 3610 2086 3679 qui
2120 3609 2280 3675 dixit,
2297 3607 2413 3678 Ego
2457 3622 2579 3662 sum
2618 3607 2763 3672 vitis,
2798 3604 3045 3659 divinum
3074 3602 3340 3669 Verbum,
3373 3600 3426 3653 in
3461 3614 3570 3669 quo

1989 3700 2268 3769 plantatus
2326 3708 2410 3755 est
2456 3698 2622 3754 homo
2664 3696 2963 3752 secundum
2996 3692 3282 3749 rationem
3337 3691 3571 3763 propria:

1991 3798 2221 3853 naturae,
2279 3798 2339 3844 ut
2385 3796 2766 3852 sarmentum;
2816 3787 3027 3854 colens,
3079 3799 3202 3857 quae
3242 3786 3419 3839 instar
3457 3781 3571 3839 vini

1989 3897 2086 3937 cor
2114 3882 2368 3945 delectat,
2412 3896 2594 3939 rerum
2629 3879 2942 3935 scientiam.

2060 4088 2130 4139 Et
2164 4101 2257 4154 per
2289 4087 2506 4140 sanitas
2542 4086 2627 4141 sui
2657 4086 2774 4157 agri
2812 4093 3069 4155 pererrat.
3103 4083 3379 4140 Percurrit
3410 4082 3569 4138 intel-

1989 4176 2267 4246 ligentiam
2296 4185 2351 4232 et
2384 4190 2719 4249 sermonem,
2752 4178 2870 4248 qui,
2908 4179 3169 4231 virtutem
3198 4189 3325 4230 cum
3352 4173 3570 4229 'doctri-

1989 4284 2081 4335 na,
2133 4271 2412 4340 propriam
2443 4284 2711 4333 messem,
2762 4268 3103 4324 conducunt.

2060 4383 2314 4438 Ambulat
2350 4400 2445 4454 per
2481 4384 2691 4439 deserta
2732 4384 2994 4453 inaquosa
3043 4390 3092 4436 et
3129 4390 3331 4436 terram
3374 4380 3429 4434 in
3476 4379 3569 4434 siti

1989 4478 2352 4531 constitutam.
2382 4477 2445 4530 Et
2483 4476 2784 4546 pertransit
2823 4475 2990 4529 vitam
3018 4471 3291 4543 spirituali
3320 4469 3568 4525 doctrina

1986 4554 2558 4635 egentem,’animam
2602 4565 2772 4619 ‘more
2836 4576 3103 4632 aquarum
3176 4568 3236 4613 ut
3301 4559 3570 4612 virtutum

1989 4653 2201 4710 fructus
2241 4652 2384 4709 ferat
2424 4653 2732 4725 irrigante;
2766 4661 2822 4707 et
2851 4652 3063 4706 firmam
3104 4648 3234 4702 mali
3270 4657 3571 4703 consuetu-

1988 4747 2170 4801 dinem
2202 4745 2258 4800 in
2289 4745 2566 4801 mentibus
2592 4745 2757 4815 hujus
2784 4744 2986 4798 divinae
3011 4740 3278 4799 doctrina:
3320 4737 3566 4810 experti-

1988 4838 2093 4893 bus
2121 4837 2467 4909 explicatam.

2062 4945 2282 5017 Colligit
2321 4955 2500 5002 autem
2547 4946 2793 5001 manibus
2849 4946 3206 5000 sterilitatem.
3263 4941 3569 5011 Congregat

1992 5046 2171 5094 autem
2197 5039 2379 5110 quoad
2407 5039 2701 5095 efﬁcaciam
2738 5039 2933 5092 artivis
2982 5037 3179 5090 animm
3212 5049 3326 5089 suae
3358 5033 3569 5088 viribus

1992 5139 2303 5203 peccatum,
2343 5148 2538 5204 nempe
2574 5131 2879 5203 spiritualis
2908 5130 3171 5185 virtutum
3210 5125 3422 5180 fructus
3459 5125 3571 5194 pri-

1994 5224 2291 5279 vatiouem.

2069 5356 2233 5413 Vens.
2278 5358 2363 5411 15.
2400 5355 2599 5411 Mulier
2644 5353 2807 5407 stulta
2838 5361 2886 5403 et
2919 5348 3097 5402 audax
3122 5346 3356 5400 buccella
3386 5363 3569 5401 carens

1992 5451 2231 5519 efﬁcitur.
2280 5450 2570 5503 Phantasia
2603 5447 2747 5500 enim
2772 5443 2954 5497 divina
2989 5440 3325 5511 cogitatione
3359 5440 3572 5509 privata

1992 5555 2043 5594 et
2089 5557 2352 5611 praeceps,
2405 5546 2588 5609 utpote
2637 5550 2757 5604 «pne
2793 5547 2899 5586 non
2930 5530 3230 5586 secundum
3274 5529 3568 5592 rationem,

1997 5636 2088 5685 δραι
2129 5632 2427 5684 secundum
2467 5629 2864 5695 lit-nt-plm-itum
2899 5622 3131 5691 iudicat,
3176 5630 3227 5674 et
3271 5620 3571 5673 irrationa-

1997 5725 2180 5782 L’ilitct'
2246 5724 2411 5777 menti
2464 5723 2531 5774 ali
2592 5722 2704 5788 ipsa
2740 5720 2980 5787 deceptae
3048 5715 3306 5783 adliceret,
3350 5713 3569 5783 quando
3652 5785 3656 5789 .
