3960 6230
425 303 558 368 ῙΤὊΊ

1749 288 2102 349 PROCOPII
2142 288 2385 351 GAZ.F.I

3536 283 3661 346 1338

421 429 580 472 meus
610 409 1018 487 cohlabitautem
1058 403 1383 475 sapientiam
1428 399 1656 468 deserit,
1705 409 1760 455 et
1796 415 1997 471 pravas
2028 450 2034 460 ,

2148 400 2292 467 ιφίαν
2353 396 2641 450 ἀπολιπεῖν
2698 395 2882 459 αὑτὸν,
2950 393 3068 464 μετ’
3117 390 3281 447 αὐτοῦ
3309 391 3366 445 δὶ
3400 392 3667 462 πονηροὺς

424 506 566 579 apud
618 520 678 560 se
728 500 1032 558 sententias
1078 504 1324 569 generat,
1362 496 1465 550 hac
1507 493 1721 549 ratione
1751 492 2000 563 privatur

423 614 546 670 qua:
570 597 806 660 animas,
839 605 991 645 more
1022 589 1204 659 panis,
1242 585 1416 641 nutrit
1454 600 1520 639 ac
1552 584 1751 639 ﬁrmat.

497 712 631 777 Qui:
659 726 761 765 non
814 705 953 761 novit
990 700 1376 759 verecundiam.
1415 698 1547 766 Quae
1604 695 1918 768 phantasia,
1956 694 2002 749 si

421 809 549 873 post
581 807 736 855 actus
768 804 959 867 turpes
985 793 1065 848 illi
1094 809 1161 847 ex
1192 793 1407 847 ratione
1438 789 1659 844 illuceat
1702 786 2002 858 reprehen-

429 898 533 959 sio,
571 909 681 948 non
717 886 1126 946 animadvertit.

456 1048 473 1057 -
501 1005 668 1060 Vens.
718 1001 806 1056 Η.
864 999 1013 1055 Sedit
1060 997 1113 1051 in
1162 995 1366 1065 {oribus
1395 993 1755 1047 domus'suw.
1800 986 2007 1042 Insedit

430 1099 572 1155 enim
623 1091 934 1150 istiusmodi
966 1089 1256 1160 phantasia
1306 1086 1360 1140 in
1407 1085 1474 1140 iis
1524 1097 1647 1152 quae
1689 1080 1758 1134 ad
1804 1079 2005 1147 ipsum,

430 1189 630 1246 torium
665 1187 861 1249 instar,
898 1181 1180 1236 adducunt
1210 1192 1304 1246 per
1333 1189 1531 1230 sensus
1561 1170 1858 1226 visibilium
1891 1182 2008 1222 ma-

431 1277 862 1337 nifestrtliouem,
896 1285 1093 1340 nempe
1118 1269 1174 1321 in
1204 1265 1472 1320 domicilii
1510 1262 1674 1331 hujus
1703 1257 2006 1316 secundum

431 1375 684 1421 naturam
712 1358 895 1414 carnei
949 1354 1236 1411 sensoriis.

500 1479 672 1550 Super
701 1475 889 1531 sellam
915 1469 1116 1525 excelse
1152 1471 1204 1521 in
1235 1465 1445 1535 plateis.
1493 1460 1867 1518 Substeruens
1896 1457 2005 1513 sibi

434 1590 533 1647 per
559 1568 912 1640 cupiditatem
943 1570 997 1617 et
1039 1560 1314 1623 ardorem,
1348 1565 1610 1634 tanquam
1647 1554 1885 1622 aliquem
1918 1565 2013 1603 ex-

436 1640 801 1721 celsissimum
844 1659 1124 1718 thronum,
1163 1650 1219 1703 in
1256 1650 1426 1705 vastis
1457 1647 1622 1717 hujus
1672 1647 1765 1715 qui
1800 1657 1895 1714 per
1920 1640 2015 1697 de-

436 1757 595 1814 licias
623 1759 708 1809 est
732 1748 1006 1810 interitus,
1029 1742 1135 1800 viis
1169 1740 1603 1812 intelligentiam.

394 1918 403 1935 .
512 1868 678 1924 Vens.
738 1863 824 1919 15.
877 1859 1081 1916 Vocans
1144 1862 1474 1910 transeuntes
1539 1860 1588 1907 et
1642 1857 1909 1920 pergentes
1959 1847 2015 1900 in

439 1959 715 2020 itineribus
766 1954 900 2010 suis.
966 1949 1228 2005 Alliciens
1258 1961 1353 2002 eos
1394 1943 1486 2016 qui
1530 1942 1674 2007 hanc
1713 1947 2014 1995 momenta-

441 2067 602 2110 neam
657 2030 990 2119 percurrunt
1049 2038 1240 2101 vitam,
1285 2049 1411 2099 nec,
1452 2033 1508 2087 in
1550 2031 1667 2086 suis
1708 2043 1807 2100 per
1850 2026 2016 2082 vitam

442 2118 677 2204 studiis,
692 2133 942 2193 molestis
972 2128 1304 2187 occursibus
1325 2132 1632 2191 vexantur;
1660 2129 1717 2177 et
1738 2118 2020 2192 sapientia:

443 2250 505 2293 se
533 2233 818 2288 adversam
850 2230 1101 2281 statuens
1134 2221 1252 2274 haec
1280 2217 1407 2272 illos
1438 2215 1618 2271 docet.

522 2426 684 2481 νεκε.
711 2420 800 2476 16.
837 2417 944 2486 Qui
972 2430 1038 2472 ea:
1071 2412 1214 2470 vobis
1251 2420 1330 2468 est
1365 2407 1888 2479 imprudentissimus
1927 2404 2022 2460 de-

446 2520 602 2573 clinet
653 2514 723 2569 ad
750 2527 852 2566 me.
890 2509 1218 2578 Quicunque
1259 2504 1425 2576 igitur
1487 2501 1580 2558 Dei
1637 2497 2027 2570 cogitationem

448 2610 689 2668 nondum
722 2606 831 2660 fert
861 2604 915 2658 in
951 2615 1049 2657 sua
1085 2606 1286 2663 mente,
1321 2595 1387 2652 ad
1428 2609 1515 2657 me
1543 2591 1749 2656 veniat,
1794 2589 2024 2644 deorum

459 2698 868 2758 multitudinem
907 2691 1207 2749 docendus.

523 2814 592 2868 Et
619 2813 708 2885 qui
733 2825 890 2865 sensu
912 2815 1115 2871 carent,
1143 2819 1232 2859 eos
1255 2802 1438 2856 hortor
1465 2801 1663 2855 dicens.
1720 2798 1785 2853 Et
1813 2814 1908 2854 eos
1936 2797 2028 2868 qui

451 2910 724 2964 noverunt
756 2901 975 2972 quidem
1005 2896 1198 2960 Deum,
1249 2894 1509 2948 mandata
1541 2900 1725 2947 autem
1760 2890 1880 2962 ejus
1922 2903 2030 2944 non

453 3006 699 3056 servant.
732 2991 910 3048 invito
944 2989 1202 3044 dictitans
1239 3001 1253 3038 :

2099 489 2414 544 ἀποτίκτειν
2480 485 2798 556 λογισμοὺς,
2854 487 3127 556 στερεῖται
3182 484 3276 537 τοῦ
3327 484 3485 552 ἄκην
3510 484 3668 552 ἄρτου

2101 579 2394 652 τρέφοντος
2426 578 2521 632 καὶ
2545 577 2899 648 στηρίζοντος
2920 575 3017 639 τὰς
3039 574 3221 644 ψυχὰς
3245 572 3427 641 λόγου.

2178 694 2249 747 Ἦ
2272 693 2384 746 οὐκ
2425 690 2743 745 ἐπίσταται
2774 687 3101 758 αἰσχύνην.
3138 684 3215 738 Ἦ
3244 700 3331 748 τις
3384 681 3673 752 φαντασία,

2101 785 2201 857 τῆς
2226 784 2292 837 ὲκ
2317 781 2412 838 τοῦ
2463 781 2624 850 λόγου
2674 777 3108 849 ἐπιφαινομένης
3128 776 3272 846 αὐτῇ
3301 771 3564 844 μέμψεως
3589 773 3675 825 ἐπὶ

2103 878 2216 941 τοῖς
2237 874 2485 945 αἰσχροῖς
2512 871 2935 944 ἐγχειρήμασιν,
2968 868 3070 922 οὐκ
3090 866 3435 921 αἰσθάνεται.

2178 985 2261 1040 ιδ’.
2306 982 2617 1038 Ἐκάθισεν
2646 981 2747 1036 ἐπὶ
2812 980 3019 1048 θύραις
3066 976 3174 1031 τοῦ
3220 972 3446 1042 ἐαυτῆς
3491 972 3678 1027 οῑκου.

2119 1077 2392 1150 Ἦδράσθη
2421 1076 2530 1148 γὰρ
2555 1076 2589 1147 ἡ
2618 1072 2846 1144 τοιαύτη
2890 1068 3163 1142 φαντασία
3211 1067 3305 1121 ἐπὶ
3365 1067 3482 1130 τοῖς
3534 1063 3683 1132 δίκην

2109 1174 2291 1246 θυρῶν
2316 1173 2600 1245 εἰσάγουσι
2627 1171 2765 1243 πρὸς
2797 1169 2991 1241 αὐτὴν,
3026 1167 3147 1223 κατ’
3167 1165 3442 1237 αἴσθησιν,
3470 1163 3568 1232 τὴν
3584 1161 3685 1214 τῶν

2109 1265 2321 1337 ὁρατῶν
2346 1265 2667 1335 ἐπιφάνειαν
2705 1261 3082 1334 αἰσθητηρίοις
3116 1258 3210 1312 τοῦ
3246 1256 3390 1311 κατὰ
3417 1254 3584 1325 φύσιν
3611 1254 3685 1306 oi-

2111 1376 2251 1429 κητη
2262 1358 2375 1429 ρίου
2402 1357 2607 1427 ταύτης
2626 1354 2877 1427 σαρκίον.
3256 1422 3269 1435 ⁸

2194 1470 2320 1524 Ἐπὶ
2340 1471 2553 1540 δίφρου
2593 1469 2871 1539 ἐμφανῶς
2900 1469 2972 1522 ἐν
2998 1466 3331 1530 πλατείαις.
3376 1460 3689 1532 Ὑποστρὼ-

2116 1580 2259 1618 σασα
2276 1565 2452 1639 ,ἑαυτῇ
2507 1561 2629 1615 κατ’
2674 1559 2972 1630 ἐπιθυμίαν
3004 1558 3099 1612 καὶ
3155 1555 3350 1624 θυμὸν,
3383 1554 3448 1606 τὸ
3477 1552 3686 1617 διανοη-

2114 1654 2286 1718 τικὸν,
2321 1653 2398 1716 ῶς
2426 1669 2550 1706 τινα
2586 1651 2918 1721 ὑψηλότατον
2971 1648 3181 1719 θρόνον,
3209 1649 3266 1702 ὲν
3295 1647 3418 1709 ταῖς
3452 1639 3690 1715 εὐρυχώ-

2044 1736 2092 1794 Β
2123 1764 2236 1818 ροις
2272 1746 2391 1799 καθ’
2421 1745 2755 1815 ἡδυπάθειαν
2777 1745 2875 1815 τῆς
2904 1741 3182 1805 ἀπωλείας
3214 1741 3377 1803 όδοῖς.

2191 1857 2272 1912 ιε’.
2305 1853 2818 1925 Προσκαλουμόνη
2848 1853 2990 1920 τοὺς
3042 1852 3407 1923 παριόντας,
3427 1847 3532 1903 καὶ
3560 1860 3695 1901 m-

2120 1950 2488 2014 ευθύνοντας
2506 1947 2577 2001 ἐν
2593 1946 2725 2013 ταῖς
2751 1945 2916 2013 ὁδοῖς
2933 1944 3154 2000 αὐτῶν.
3177 1941 3559 2013 Ἐφελκόμενη
3575 1939 3692 2001 τοὺς

2122 2041 2219 2113 τὴν
2252 2039 2554 2111 παροδικὴν
2585 2039 2791 2110 ταύτην
2842 2037 3290 2108 διεξερχομὲνους
3316 2033 3489 2104 ζωὴν,
3522 2031 3617 2087 καὶ
3642 2030 3698 2083 ιν

2122 2135 2237 2197 τοῖς
2266 2132 2411 2187 κατὰ
2437 2132 2532 2187 τὸν
2558 2131 2677 2203 βίον
2723 2129 3155 2204 ἐπιτηδεύμασιν
3205 2126 3410 2191 αὐτῶν,
3448 2124 3526 2196 μή
3563 2136 3697 2177 τισιν

2124 2224 2373 2295 ἀνιαροῖς
2396 2223 2822 2293 ἐντυγχάνοντας
2852 2221 3228 2293 συναντήμασι
3253 2235 3266 2250 ο
3294 2218 3392 2272 καὶ
3445 2214 3698 2275 ἐναντίως

2124 2318 2193 2390 τῆ
2221 2317 2383 2389 σοφίᾳ
2409 2316 2536 2370 τάδε
2564 2315 2777 2379 τούτοις
2799 2315 3066 2369 διδάσκει.

2201 2435 2298 2495 ις’.
2325 2429 2434 2495 ὀς
2455 2429 2628 2484 ἐστιν
2681 2426 2852 2497 ὑμῶν
2902 2426 3355 2498 ἀφρονέστατος
3373 2418 3702 2478 ἐκκλινάτω

2130 2523 2280 2592 πρός
2297 2539 2394 2591 με.
2426 2521 2525 2586 ’⁸ος
2548 2539 2632 2586 τις
2663 2516 2760 2576 οὖν
2789 2521 2999 2576 ἔννοιαν
3040 2517 3179 2573 Θεοῦ
3212 2516 3336 2588 μηδ’
3370 2512 3625 2569 ὁπωσοῦν
3649 2512 3701 2564 ἐν

2130 2617 2197 2685 τῇ
2215 2614 2386 2668 αὑτοῦ
2414 2612 2703 2685 περιφέρει
2724 2612 2891 2684 ψυχῇ,
2914 2611 3116 2667 ἐλθέτω
3144 2610 3280 2683 πρός
3306 2625 3398 2680 με,
3427 2602 3702 2660 πολυθεῒαν

2115 2707 2613 2780 ,διδαχθησόμενος.

2205 2818 2318 2873 Καὶ
2337 2817 2461 2884 τοῖς
2493 2815 2727 2871 ardeam
2780 2814 3018 2887 φρενῶν
3064 2815 3577 2883 παρακελεύομαι,
3609 2810 3700 2865 λέ-

2137 2923 2354 2981 γουσα.
2412 2911 2521 2963 Καὶ
2555 2912 2670 2972 τοῖς
2717 2909 3048 2977 γινώσκουσι
3095 2909 3194 2978 μὲν
3249 2906 3407 2968 Θεὸν,
3442 2904 3703 2968 τὰςδῚν·

2139 3002 2301 3067 τολὰς
2319 3002 2484 3058 αὐτοῦ
2515 3003 2589 3073 μὴ
2614 3001 2864 3073 τηροῦσι,
2898 3001 3149 3073 παραινῶ
3179 2998 3471 3071 φάσκουσα
3492 3015 3507 3030 ι

530 3112 694 3164 Vens.
726 3108 815 3161 Π.
847 3105 1046 3159 Panem
1073 3099 1441 3156 absconditum
1473 3097 1665 3159 capite.
1699 3095 1876 3168 Opera
1909 3110 2032 3167 quae

2210 3117 2294 3181 ιζ’.
2333 3118 2563 3186 Ἀρτων
2590 3117 2857 3186 κρυφίων
2878 3117 3139 3186 ἅψασθε.
3202 3114 3427 3186 Ἔργων
3481 3111 3589 3166 τῶν
3616 3109 3703 3179 τὴν

458 3203 681 3259 malitiae
734 3198 976 3252 habitum
1037 3204 1099 3249 ut
1162 3192 1384 3261 quidam
1438 3204 1607 3261 panes
1663 3190 1936 3255 nutriunt,
1979 3198 2034 3243 et

458 3293 651 3349 oculos
702 3289 982 3344 hominum
1050 3283 1244 3339 fallunt
1290 3291 1495 3346 tamen,
1544 3296 1669 3336 cum
1724 3280 1908 3336 laetitia
1936 3295 2035 3350 gu-

459 3394 621 3442 state.

534 3495 604 3549 Et
673 3509 863 3565 aquam
915 3490 1059 3562 furto
1105 3489 1340 3543 ablatam
1404 3495 1454 3540 et
1519 3486 1807 3541 dulciorem
1850 3484 2037 3553 \bibite.

461 3591 529 3645 Et
560 3585 905 3644 sensibilium
928 3582 1235 3646 scientiam,
1269 3587 1328 3633 ut
1361 3578 1609 3647 quaedam
1665 3572 1807 3647 aqua
1837 3576 2043 3634 excitat

463 3682 633 3741 sitim,
687 3677 1018 3731 excitantem
1058 3672 1127 3727 ad
1184 3672 1299 3727 haec
1359 3670 1797 3725 irrationabilem
1849 3669 2044 3724 animae

465 3770 909 3842 propensionem,
961 3780 1028 3820 eo
1090 3763 1239 3834 quod
1326 3778 1481 3818 mens
1514 3761 1811 3831 voluptatis
1846 3761 2045 3832 gaudio

465 3863 754 3931 arripitur,
793 3858 859 3912 ad
895 3854 1201 3911 satietatem
1244 3852 1666 3925 aggrediamini.
1698 3846 1701 3851 ’

538 3951 705 4008 Vsus.
752 3950 830 4004 l8.
878 3949 979 4004 Ille
1011 3958 1188 4003 autem
1228 3947 1443 4001 nescivit
1473 3945 1612 4016 quod
1638 3945 1873 4016 gigantes
1905 3944 2047 4013 apud

467 4063 583 4103 eam
622 4052 858 4112 pereant,
881 4051 930 4095 et
953 4042 1020 4094 ad
1053 4040 1198 4110 ligna
1216 4038 1411 4108 inferni
1448 4037 1698 4092 occurrit.
1725 4036 1829 4102 Qui
1865 4044 2048 4090 autem

468 4139 546 4195 illi
580 4136 791 4200 obedit,
824 4135 1041 4205 ignorat
1073 4147 1170 4187 eos
1204 4133 1297 4201 qui
1369 4137 1595 4185 terrena
1650 4128 1915 4198 cogitant,
1952 4142 2051 4199 per

471 4234 620 4285 illam
653 4236 885 4284 mortem
923 4224 1124 4280 animae
1173 4225 1277 4280 sibi
1328 4223 1631 4278 attrahere.
1666 4219 1793 4277 Ideo
1830 4228 1887 4277 et
1933 4221 2053 4292 ipse

472 4321 527 4373 in
562 4313 892 4388 perditionis
924 4312 1247 4367 barathrum
1285 4310 1501 4365 incidit.
1554 4306 1621 4361 Et
1665 4306 1782 4362 haec
1828 4306 2051 4377 quidem

473 4408 633 4464 ellicit
656 4418 900 4478 praeceps
945 4403 1256 4475 phantasia.
1292 4399 1373 4457 Tu
1412 4414 1542 4457 vero
1576 4397 1734 4471 longe
1761 4398 1830 4454 ab
1863 4399 1954 4453 illa
1985 4398 2053 4454 ad

475 4498 745 4553 rationem
785 4495 1127 4567 cogitatione
1154 4503 1246 4549 tua
1272 4492 1530 4551 ascende.

552 4691 656 4748 Sed
682 4689 913 4762 aufuge;
952 4706 1014 4743 ne
1049 4688 1225 4743 tardes
1255 4689 1308 4742 in
1334 4689 1450 4743 loco
1478 4688 1612 4759 ejus.
1639 4685 1719 4743 Ne
1748 4682 2059 4742 immoreris

477 4782 820 4842 sensibilium
857 4780 1020 4844 visui,
1059 4794 1222 4850 quem
1254 4780 1431 4835 solum
1470 4780 1759 4850 phantasia
1814 4777 2058 4833 cireum-

476 4878 685 4938 ferens,
710 4888 900 4929 eorum
925 4886 1057 4927 vero
1079 4871 1146 4926 ad
1179 4872 1446 4926 rationem
1469 4873 1676 4942 absque
1697 4868 2059 4942 intelligentia

476 4967 790 5038 pertingere
844 4977 955 5019 non
1001 4962 1212 5029 valens,
1246 4961 1300 5015 in
1338 4976 1419 5029 se,
1455 4970 1516 5015 ut
1553 4962 1610 5016 in
1659 4960 1885 5032 proprio
1914 4961 2056 5025 loco,

479 5058 770 5116 describit.

551 5149 634 5205 Ne
656 5148 913 5206 sustollas
952 5146 1162 5202 oculum
1197 5156 1343 5199 tuum
1394 5144 1464 5199 ad
1510 5145 1682 5200 illam.
1707 5140 1785 5198 Ne
1815 5143 2061 5199 inconsi—

479 5241 667 5296 derate
733 5240 1125 5310 intelligentem
1182 5240 1402 5293 oculum
1466 5248 1619 5291 tuum
1679 5234 1781 5304 ipsi
1838 5235 2062 5305 adaptes

478 5331 819 5404 phantasia;
856 5346 979 5387 cum
1034 5330 1217 5401 possis
1248 5346 1369 5387 eam
1406 5345 1500 5400 per
1524 5327 1913 5398 cogitationem
1955 5328 2065 5382 cir-

481 5422 847 5491 cumspicere,
867 5429 922 5476 et
945 5421 1196 5476 rationes
1253 5436 1435 5475 rerum
1468 5418 1656 5474 videre
1677 5424 1732 5473 et
1764 5416 1831 5472 ad
1862 5417 2063 5473 verita-

484 5525 591 5568 tem
620 5512 675 5567 in
712 5513 989 5568 universis
1018 5512 1353 5582 pertingere.
1432 5546 1441 5553 ο

554 5625 645 5681 Sic
679 5629 817 5681 enim
854 5629 1106 5681 transibis
1139 5644 1331 5699 aquam
1370 5628 1723 5697 peregrinam.
1759 5625 1871 5680 lloc
1902 5625 2063 5678 modo

486 5718 633 5775 enim
672 5736 779 5774 nou
809 5721 1144 5778 madefactus
1186 5724 1446 5780 transibis
1480 5723 1610 5778 illud
1652 5739 1759 5777 non
1802 5723 1870 5778 ab
1908 5722 2063 5775 initio

2141 3209 2253 3276 ἕξιν
2297 3210 2398 3279 τῆς
2446 3209 2646 3273 κακίας
2688 3209 3016 3280 τρεφόντων,
3072 3203 3162 3261 οἵά
3187 3223 3348 3261 τινων
3386 3206 3593 3278 ἄρτων,
3623 3200 3704 3255 καὶ

2142 3299 2517 3443 λανῖανόντων
2544 3299 2858 3371 ὀφθαλμοὺς
2882 3298 3208 3372 ἀνθρώπων,
3243 3298 3365 3371 μεθ’
3380 3299 3578 3370 ἡδονῆς
3598 3295 3703 3365 γεύ-

2148 3408 2250 3443 σασ
2287 3408 2334 3443 ε.

2148 3408 2334 3446 σασυε.

2217 3500 2329 3555 Καὶ
2362 3500 2580 3567 ὕδατος
2620 3500 2858 3569 κλοπῆς
2888 3500 3189 3572 γλυκεροῦ
3219 3503 3404 3557 πίστε.
3445 3500 3556 3555 Καὶ
3580 3496 3703 3568 γνὼο

2152 3608 2289 3654 σεως
2311 3591 2420 3644 τῶν
2444 3591 3246 3664 αἰσθητῶν,παραμυθουμένης
3274 3590 3365 3647 οἷά
3390 3593 3502 3664 πέρ
3517 3609 3567 3645 τι
3582 3590 3704 3655 ὕδωρ

2148 3683 2310 3754 δίψης
2339 3683 2708 3754 παραμύθιον,
2733 3685 2831 3754 τὴν
2865 3702 2932 3737 πε
2943 3684 2995 3755 pi.
3018 3684 3194 3739 ταῦτα
3214 3684 3313 3755 τῆς
3329 3685 3513 3755 ψυχῆς
3532 3682 3703 3748 ἄλογον

2152 3774 2352 3844 ὄρεξιν,
2385 3777 2449 3827 ὲκ
2473 3772 2568 3826 τοῦ
2611 3773 2942 3828 κλέπτεσθαι
2961 3775 3053 3828 τὸν
3080 3775 3206 3828 νοῦν
3233 3772 3310 3845 τῷ
3331 3774 3466 3846 λείῳ
3491 3774 3588 3843 τῆς
3610 3770 3705 3842 ἠδο-

2154 3869 2272 3936 νῆς,
2301 3866 2381 3927 εἰς
2405 3866 2567 3936 κόρον
2598 3866 2918 3936 μετάσχετε.
3312 3882 3328 3897 ⁶
3354 3858 3357 3859 ν

2227 3964 2316 4028 ιη’.
2358 3955 2423 4010 '0
2449 3955 2517 4010 δὲ
2544 3957 2657 4011 οὐκ
2681 3954 2842 4010 οϊὸεν
2867 3957 2956 4011 ὅτι
2984 3957 3257 4028 γηγενεῖς
3278 3956 3415 4027 παρ’
3435 3953 3588 4023 αὐτῇ
3614 3953 3704 4007 ὅλ-

2153 4051 2370 4103 λυνται
2393 4064 2407 4077 ο
2438 4046 2538 4100 καὶ
2567 4046 2665 4100 ἐπὶ
2689 4044 2990 4114 πέταυρον
3039 4045 3191 4113 ᾅδου
3237 4043 3536 4111 συναντᾷ.
3578 4041 3630 4095 Ὀ
3657 4036 3704 4091 δὲ

2155 4139 2334 4214 ταύτῃ
2364 4138 2711 4209 πειθόμενος,
2741 4138 2926 4207 ἀγνοεῖ
2978 4138 3061 4193 ὅτι
3101 4137 3170 4192 δι’
3191 4137 3365 4206 αὐτῆς
3384 4137 3434 4190 oi
3469 4132 3537 4189 τὰ
3567 4134 3705 4203 γήϊνα

2158 4229 2504 4303 φρονοῦντες,
2519 4229 2741 4299 δλεθρον
2757 4228 3099 4283 ἐπισπῶνται
3118 4230 3320 4299 ψυχῆς.
3341 4229 3455 4282 Καὶ
3470 4227 3553 4280 διὰ
3572 4222 3705 4277 τοῦτο

2159 4322 2255 4376 καὶ
2288 4321 2453 4387 αὐτὸς
2477 4321 2559 4385 εἰς
2591 4321 2654 4375 τὸ
2675 4321 2775 4393 τῆς
2801 4320 3082 4384 ἀπωλείας
3130 4321 3373 4391 καταντᾷ
3421 4316 3701 4389 βάραθρον·

2086 4452 2134 4511 D
2161 4415 2256 4468 καὶ
2288 4413 2464 4468 ταῦτα
2508 4411 2610 4487 μὲν
2636 4415 2671 4487 ἠ
2702 4411 2982 4485 προπετὴς
3020 4409 3295 4483 φαντασία
3327 4428 3341 4442 .
3373 4410 3512 4465 ἀλλὰ
3537 4407 3596 4461 σὺ
3624 4418 3702 4511 ﬂ:

2161 4510 2302 4581 χέως
2350 4509 2448 4563 ἀπ’
2497 4508 2670 4579 αὐτῆς
2727 4505 2974 4580 ὑψώθητι
3037 4504 3175 4578 πρὸς
3230 4504 3388 4576 λόγον
3430 4501 3569 4559 κατὰ
3612 4495 3704 4551 διά·

2162 4614 2331 4653 νοιαν.

2230 4690 2390 4747 Ἀλλ’
2420 4689 2848 4760 ἀποπήδησον,
2873 4688 2961 4760 μὴ
3000 4687 3297 4761 χρονισῃς
3319 4688 3390 4768 ἐς
3433 4687 3585 4750 τόπῳ
3615 4679 3700 4736 αὐ-

2162 4780 2293 4851 τῆς.
2320 4782 2414 4851 Μὴ
2441 4779 2785 4853 ὲμὸραδύνῃς
2802 4781 2867 4853 τῇ
2888 4780 2996 4835 τῶν
3025 4780 3298 4853 αἰσθητῶν
3330 4775 3627 4850 ἐπιφανείᾳ.
3649 4770 3701 4841 ἢν

2163 4877 2197 4948 ἡ
2232 4876 2506 4945 φαντασία
2561 4876 2940 4946 περιφέρουσα
2995 4874 3183 4946 μόνην,
3216 4873 3353 4946 πρὸς
3380 4873 3438 4927 δὲ
3463 4865 3579 4931 τοὺς
3600 4862 3701 4919 τοῦ-

2162 4985 2274 5022 των
2298 4967 2510 5035 λόγους,
2562 4966 2803 5030 διανοίας
2822 4967 2992 5038 χωρὶς
3024 4964 3277 5038 διαϐῆναι
3313 4964 3389 5037 μὴ
3409 4958 3696 5031 δυναμένης,

2165 5061 2224 5113 ὲν
2246 5060 2380 5130 αὐτῇ
2413 5056 2819 5129 περιγράφεται
2847 5056 2920 5121 ὡς
2955 5056 3012 5110 ὲν
3040 5058 3191 5127 τόπῳ
3218 5056 3353 5127 ἰδίῳ.

2239 5148 2404 5217 Μηδὲ
2447 5147 2792 5216 ἐπιστήσῃς
2839 5146 2955 5201 σὸν
3006 5146 3163 5217 ὄμμα
3190 5146 3340 5215 πρὸς
3360 5142 3562 5211 αὑτήν.
3587 5131 3698 5203 Μηδ

2164 5241 2586 5315 ἀπερισκέπτως
2622 5243 2685 5295 τὸ
2714 5241 2900 5310 νοερὸν
2927 5240 3082 5311 δμμα
3110 5256 3203 5294 σου
3250 5239 3387 5310 αὐτῇ
3452 5224 3696 5308 προσερεί·

2169 5352 2269 5406 σῃς
2297 5337 2363 5405 τῇ
2399 5334 2692 5405 φαντασίᾳ·
2724 5333 3022 5403 δυνάμενος
3071 5331 3279 5403 ταύτην
3314 5331 3457 5385 κατὰ
3501 5325 3696 5381 διάνοιαν

2166 5424 2633 5495 περισκέπτεσθαι
2658 5443 2670 5455 ·
2707 5426 2802 5478 καὶ
2830 5425 2955 5486 τοὺς
2992 5425 3184 5493 λόγους
3229 5423 3338 5477 τῶν
3383 5423 3541 5477 ὅντων
3561 5412 3693 5485 ὁρᾷνν

2168 5518 2263 5569 καὶ
2290 5517 2427 5585 πρὸς
2446 5516 2544 5588 τὴν
2574 5517 2632 5570 ὲν
2655 5516 2801 5580 ὅλοις
2824 5515 3121 5570 διαϐαίνειν
3152 5514 3439 5587 ἀλήθειαν.

2241 5630 2407 5682 Οὕτω
2431 5629 2537 5699 γὰρ
2567 5628 2829 5699 διαϐήσῃ
2857 5628 3011 5697 ὕδωρ
3039 5628 3382 5696 ἀλλότριον.
3425 5620 3564 5679 Κατὰ
3601 5607 3675 5668 τοῦ

2168 5736 2257 5773 τον
2285 5721 2394 5790 γὰρ
2412 5722 2521 5779 ,τὸν
2551 5723 2774 5791 τρόπον,
2800 5721 3050 5793 ἀϐρόχως
3079 5720 3294 5793 διέλθῃς
3331 5719 3428 5790 τὴν
3453 5719 3520 5789 μὴ
3544 5710 3593 5775 ἐξ
3615 5708 3698 5773 ἀρ’.
