3960 6230
396 221 532 286 1309

1413 227 1951 291 COMMENTARII
1981 231 2064 291 IN
2095 230 2551 294 PROVERBIA.

3493 229 3630 295 1310

388 335 488 405 χῆς
544 333 1031 405 συμπαραχθεῖσαν
1058 337 1124 406 τῇ
1168 333 1350 404 φύσει,
1406 338 1525 395 ἀλλ’
1579 341 1946 414 ἐπεγερθεϊσαε

2075 341 2129 395 in
2161 355 2358 396 natura
2397 341 2744 412 productum,
2776 337 2872 395 sed
2928 338 3223 394 excitatum
3254 348 3310 394 et
3345 354 3639 412 exaspera-

388 425 577 479 παθῶν
605 427 997 497 ἀγριαίνουσαν
1032 426 1329 484 Θάλασσαν.

456 518 562 571 Καὶ
582 517 897 587 ὑπερϐήσῃ
927 519 1198 590 ποταμὸν
1224 521 1572 591 ἀλλότριον.
1600 524 1713 577 Καὶ
1740 523 1802 577 τὸ
1823 525 1964 579 κατὰ

383 606 445 658 τὸ
468 608 796 676 φαινόμενον
813 608 916 678 τῆς
946 608 1160 678 φύσεως
1197 610 1356 679 ῥυτὸν
1387 610 1481 665 καὶ
1506 613 1817 683 παροδικδν,
1846 612 1876 667 ὃ
1897 613 1962 685 δὴ

383 695 477 749 καὶ
500 696 632 750 αὐτὸ
652 695 728 769 μὴ
758 699 877 751 κατ’
901 699 1077 770 ἀρχὰς
1110 699 1437 768 συγκτισθὲν
1485 702 1645 775 αὐτῇ,
1689 703 1771 767 είς
1799 703 1965 757 κατά-

383 804 564 857 κρισιν
593 789 679 842 διὰ
706 790 803 862 τὴν
837 791 1149 861 παράϐασιν
1178 791 1395 859 ἔλαϐεν,
1424 794 1586 867 ἀφεὶς
1616 795 1786 861 κάτω,
1818 794 1962 864 γνῶυ

381 896 470 932 ναι
494 881 718 945 φθάσεις
743 880 840 950 τὴν
857 882 1216 939 ἀναλλοίωτον
1232 884 1410 957 αὐτῆς
1426 886 1569 941 κατὰ
1592 884 1653 939 τὸ
1669 884 1963 956 νοούμενον

381 974 423 1023 δε
436 974 663 1043 αμονήν.

462 1154 593 1204 ’ὶςτδ
621 1153 691 1205 δὲ
724 1154 942 1222 ὕδατος
988 1156 1318 1225 ἀλλοτρίου
1384 1158 1690 1227 ἀπόσχου.
1731 1156 1867 1210 Ἀπὸ
1901 1157 1959 1211 δὲ

412 1262 415 1265 λ
452 1258 473 1293 .'
526 1242 769 1311 ελολερᾶς,
821 1246 913 1297 καὶ
967 1247 1112 1299 κατὰ
1163 1246 1255 1300 τὸν
1287 1247 1386 1317 τῆς
1412 1248 1630 1318 φύσεως
1657 1247 1816 1317 λόγον
1847 1247 1958 1301 ἀπὸ

380 1332 473 1398 τῆς
504 1334 611 1383 τῶν
637 1335 824 1387 παθῶν
856 1336 1054 1406 ἅλμης,
1085 1340 1158 1408 μὴ
1195 1341 1498 1411 μετάσχῃςο

448 1422 552 1475 Καὶ
596 1425 714 1478 ἀπὸ
757 1426 955 1495 πηγῆς
1005 1430 1336 1498 ἀλλοτρίας
1367 1431 1453 1501 μὴ
1512 1430 1956 1499 πίῃς.’Κα“ιάπὺ

373 1515 472 1584 τῆς
497 1518 707 1587 ὁρατῶν
736 1521 877 1574 κατὰ
909 1523 1077 1592 μόνην
1124 1523 1379 1593 αἴσθησιν
1421 1524 1697 1591 γνώσεως,
1723 1521 1955 1592 βλυστα-

374 1606 570 1677 νούσης
595 1606 690 1664 οἷά
718 1628 861 1675 τινος
902 1614 1090 1684 πηγῆς
1130 1614 1230 1686 τὴν
1264 1614 1499 1685 ῥευστὴν
1526 1613 1623 1668 καὶ
1650 1614 1956 1687 παροδικὴν

2063 441 2178 487 ttun
2204 430 2564 502 cupiditatum
2597 444 2772 484 mare.

2132 520 2200 576 Et
2223 521 2492 590 superabit:
2515 522 2708 591 ﬂumen
2732 520 3080 589 peregrinum.
3110 519 3176 574 Et
3197 519 3340 589 quod
3364 520 3419 574 in
3438 529 3634 579 natura

2064 615 2365 668 secundum
2400 628 2596 669 sensus
2622 619 2707 665 est
2727 609 2937 666 fluxum
2960 616 3014 663 et
3043 609 3461 678 transitorium;
3489 614 3637 680 quod

2063 702 2283 773 quidem
2321 717 2434 757 non
2465 703 2532 755 ab
2561 701 2720 756 initio
2759 714 2886 754 cum
2913 699 3005 753 illa
3028 708 3275 755 creatum
3309 708 3417 767 est,
3452 701 3636 775 sed_in

2064 800 2309 850 eamdem
2346 795 2616 849 rationem
2660 792 2909 847 additum
2963 799 3190 861 prepter
3232 795 3637 862 transgressio-

2063 902 2212 950 nem,
2251 884 2395 941 infra
2431 893 2484 940 te
2517 885 2822 951 dimittens,
2859 898 3089 939 noscere
3122 882 3411 941 festinabis
3439 885 3636 943 immo-

2060 977 2224 1033 bilem
2279 977 2410 1048 ejus
2486 976 2791 1034 secundum
2859 976 3247 1047 cogitationem
3295 977 3636 1047 permansio-

2060 1085 2202 1126 "BNL

2127 1160 2208 1213 Ab
2243 1175 2382 1229 aqua
2424 1159 2699 1229 peregrina
2734 1159 2958 1214 abstine.
3012 1158 3081 1214 Et
3123 1174 3249 1216 cum
3300 1160 3547 1229 turbido,
3579 1169 3636 1218 et

2058 1252 2363 1308 secundum
2407 1261 2617 1306 naturae
2659 1254 2924 1307 ratimiem
2975 1253 3342 1322 cupiditatum
3393 1255 3527 1310 mari
3567 1271 3637 1311 ne

2057 1354 2270 1414 partem
2299 1344 2524 1399 habeas.

2136 1428 2317 1501 Neque
2346 1430 2496 1487 bibas
2523 1430 2588 1487 de
2610 1430 2755 1501 fonte
2781 1432 3078 1502 peregrino.
3107 1429 3175 1485 Et
3228 1430 3296 1486 de
3335 1430 3632 1486 visibilium

2055 1541 2154 1596 per
2181 1527 2329 1581 solos
2360 1540 2559 1582 sensus
2583 1525 2810 1583 scientia
2830 1566 2846 1591 ,
2890 1524 3259 1590 scaturiente,
3295 1533 3356 1578 ut
3396 1523 3635 1593 quodam

2056 1615 2241 1682 fonte,
2268 1614 2471 1697 ﬂuxam
2497 1621 2554 1671 et
2591 1616 2973 1671 transitoriam
3012 1614 3312 1685 voluptatis
3340 1625 3394 1669 et
3429 1612 3636 1669 doloris

373 1698 496 1752 καθ’
519 1700 709 1773 ἡδονὴν
728 1703 821 1755 καὶ
832 1703 1028 1774 ὀδύνην
1050 1704 1216 1776 ζωὴν,
1243 1707 1337 1759 καὶ
1356 1705 1432 1768 ὡς
1456 1706 1664 1761 οἰκείαν
1687 1708 1753 1778 τῇ
1774 1706 1946 1776 ἀλόγῳ

2069 1706 2259 1772 vitam;
2285 1695 2450 1776 quam
2481 1719 2612 1761 vero
2643 1714 2704 1760 ut
2728 1704 3091 1761 irrationabili
3116 1712 3323 1759 natura:
3354 1703 3633 1774 propriam

374 1787 532 1856 φύσει
587 1791 1005 1866 ἁπεξενωμένης
1057 1797 1159 1865 τῆς
1210 1797 1516 1866 πεφυκυίας
1546 1796 1615 1850 τὰ
1659 1796 1789 1851 ὄντα
1811 1796 1955 1852 κατὰ

371 1879 533 1950 λόγον.
551 1882 879 1939 ἐπίστασθαι
919 1886 1143 1960 λογικῆς
1177 1887 1414 1958 φύσεως,
1448 1886 1524 1959 μή
1569 1889 1763 1962 γεύσῃ.

445 1973 579 2028 Ἵνα
617 1976 818 2031 πολὺν
848 1976 1037 2049 (riam
1061 1981 1304 2050 χρόνον.
1339 1980 1527 2044 Ὅπως
1559 1980 1786 2052 μόνιμον
1832 1978 1959 2037 κατ’

372 2062 575 2134 ἀρετὴν
611 2064 787 2138 ζήσῃς
815 2067 985 2139 ζωήν.

439 2153 552 2206 Καὶ
592 2157 1068 2226 προστεθήσεται
1087 2175 1187 2215 σοι
1213 2161 1317 2231 ἔτη
1336 2160 1505 2232 ζωῆς.
1547 2161 1950 2233 Ἐπεκταθήσε-

369 2243 535 2298 ταιδὲ
559 2262 639 2299 σοι
665 2247 732 2299 τὰ
756 2248 855 2320 τῆς
884 2252 1223 2324 προσκαίρου
1255 2252 1400 2326 ζωῆς
1430 2254 1548 2327 ἔτη,
1594 2253 1955 2326 μεταστειλά-

372 2336 511 2407 μενά
570 2354 630 2390 σε
664 2377 679 2403 ,
736 2340 824 2394 διὰ
876 2341 974 2414 τὴν
1031 2345 1089 2396 ἐν
1140 2344 1352 2408 τούτοις
1398 2345 1584 2402 ἐνθεόν
1642 2364 1737 2401 σου
1794 2345 1950 2402 πολι-

368 2429 542 2531 ⁸τείαν,
602 2432 742 2505 πρὸς
797 2434 897 2507 τὴν
953 2437 1252 2508 μέλλουσαν
1301 2441 1495 2513 ἀγήρω
1548 2441 1643 2497 καὶ
1668 2442 1949 2531 μακαρίαν

371 2521 538 2595 ζωήν.

985 2682 1239 2740 ΚΕΦΑΛ.
1285 2685 1339 2741 I'.

439 2817 507 2868 α’.
539 2814 674 2880 Υἱὸς
731 2817 927 2886 σοφὸς
963 2819 1271 2887 εὐφραίνει
1330 2821 1578 2890 πατέρα.
1610 2822 1807 2877 Ἔνθεν
1862 2840 1947 2877 τοι

368 2900 521 2971 λόγος
541 2907 690 2959 τικτό
698 2925 855 2976 μενος
884 2909 981 2978 μὲν
1005 2911 1111 2963 ἀπὸ
1133 2910 1249 2979 νοὸς
1267 2912 1408 2966 κατὰ
1433 2913 1667 2967 διάνοιαν
1688 2916 1753 2985 τῇ
1773 2913 1944 2985 ψυχῇ,

370 2994 691 3063 ἐπιστήμων
711 2997 768 3048 δὲ
790 2998 884 3050 τοῦ
909 2999 1076 3063 ὄντως
1105 3000 1294 3063 καλοῦ,
1322 3004 1610 3073 χαροποιεῖ
1639 3020 1944 3071 πνευματι-

2054 1798 2276 1869 expellit
2308 1797 2652 1853 rationabilis
2699 1807 2893 1851 natura
2934 1796 3000 1850 ad
3038 1811 3129 1853 res
3162 1795 3375 1850 ratione
3411 1810 3641 1865 cognos-

2053 1890 2261 1947 cendas
2292 1898 2440 1961 apta,
2465 1889 2577 1944 noli
2608 1896 2862 1960 gustare.

2126 1980 2196 2035 Ut
2223 1982 2450 2037 multum
2470 1981 2615 2037 vivas
2643 1987 2869 2051 tempus.
2890 1977 2960 2033 Ut
2985 1977 3236 2035 stabilem
3261 1992 3357 2048 per
3379 1979 3635 2031 virtutem

2051 2075 2208 2131 vivas
2232 2076 2426 2130 vitam.

2130 2166 2199 2220 Et
2257 2167 2517 2221 addentur
2556 2165 2651 2219 tibi
2686 2163 2813 2218 anni
2853 2164 2996 2220 vitae.
3084 2160 3469 2217 Extendentur
3530 2160 3634 2215 tibi

2050 2266 2447 2314 momentaneaa
2466 2257 2589 2313 vita:
2617 2256 2742 2310 anui
2765 2294 2781 2320 ,
2804 2263 3149 2310 arcessentes
3172 2261 3228 2308 te
3253 2258 3476 2322 propter
3499 2249 3635 2305 divi-

2051 2363 2178 2404 nam
2206 2346 2357 2404 tuam
2385 2351 2442 2404 in
2471 2348 2583 2404 illis
2603 2347 2797 2420 agendi
2832 2344 3142 2402 rationibus
3173 2342 3485 2399 adiuturam
3514 2342 3635 2399 sine

2050 2442 2160 2499 line
2186 2450 2241 2498 et
2268 2442 2485 2498 beatam
2514 2442 2705 2497 vitam.

2709 2674 2864 2732 CAP.
2908 2675 2975 2730 X.

2119 2810 2289 2869 Vens.
2325 2812 2376 2866 1.
2433 2812 2605 2867 Filius
2652 2814 2860 2881 sapiens
2932 2812 3173 2882 laetiﬁcat
3230 2820 3454 2881 patrem.
3505 2810 3634 2868 lmle

2050 2918 2183 2960 sane
2214 2903 2355 2958 ratio
2381 2918 2411 2957 a
2442 2910 2626 2958 mente
2666 2917 2765 2973 per
2806 2905 3193 2973 cogitatimiem
3232 2905 3285 2957 iu
3328 2907 3510 2957 anima
3543 2918 3634 2974 ge-

2050 3000 2259 3057 nerata,
2302 3005 2537 3046 noscens
2587 2998 2767 3045 autem
2816 2990 2966 3060 quod
3006 3006 3134 3046 vere
3177 2992 3469 3061 pulchrum
3524 2999 3630 3053 est.

368 3082 481 3147 κῶς
504 3084 593 3137 διὰ
617 3088 712 3155 τῆς
730 3087 963 3158 ἀληθοῦς
987 3090 1246 3160 περὶτῶν
1262 3068 1430 3146 ὄντων
1453 3093 1633 3164 δόξης,
1649 3093 1742 3145 τὸν
1770 3068 1942 3146 αἴτιον

2069 3098 2144 3136 ιρι·
2171 3097 2357 3137 veram
2385 3082 2455 3137 de
2487 3083 2655 3137 rebus
2678 3082 2995 3152 opinionem
3021 3098 3244 3139 causam
3277 3084 3453 3151 ipsius
3480 3097 3634 3135 men-

367 3174 531 3228 αὐτοῦ
587 3177 710 3231 νοῦν
742 3178 816 3242 ὡς
851 3181 990 3235 κατὰ
1047 3182 1204 3251 λόγον
1235 3184 1440 3255 ταύτης
1489 3185 1944 3256 ἐπιτυγχάνοντα,

366 3265 426 3320 ιν
554 3269 743 3337 ζητεῖν
766 3271 947 3325 αἰτίαν
974 3274 1031 3324 ἐν
1069 3275 1243 3328 ἆπασι
1273 3278 1392 3347 μετ’
1417 3277 1680 3347 ἐφέσεως.

444 3443 574 3507 Υιός
603 3444 671 3498 δὲ
701 3445 927 3513 ἄφρων,
953 3449 1118 3514 λύπη
1133 3448 1330 3517 μητρί.
1363 3451 1638 3522 Λογισμδς
1664 3454 1742 3520 δὲ,
1767 3459 1947 3511 τικτό-

370 3549 531 3605 μενος
555 3534 655 3605 μὲν
684 3536 806 3588 κατ’
828 3536 1131 3610 αἴσθησινῆ
1158 3542 1458 3608 φαντασίαν
1484 3546 1550 3614 τῇ
1580 3546 1948 3616 ψυχῇ,ἀνεπι-

368 3626 594 3694 στήμων
614 3627 671 3681 δὲ
693 3627 786 3682 τοῦ
815 3626 985 3691 ὅντως
1014 3629 1202 3695 καλοῦ,
1232 3629 1411 3700 λύπης
1430 3635 1603 3697 αἴτιος
1632 3624 1828 3707 ταύτῃ,
1861 3638 1948 3692 διὰ

364 3717 465 3787 τὴν
485 3717 655 3791 ψευδῆ
668 3720 777 3774 τῶν
796 3721 965 3776 ὄντων
981 3722 1138 3788 δόξαν
1162 3723 1222 3787 ἐξ
1239 3723 1685 3797 ἀποτελέσματος
1708 3728 1944 3796 γίνεταιο

367 3809 667 3882 ὀρεγομένῃ
725 3812 825 3882 μὲν
881 3813 1092 3883 ἡδονῆς,
1154 3815 1628 3888 περιτυγχανούσῃ
1656 3816 1712 3868 δὲ
1742 3817 1902 3890 ὀδύνῃ
1928 3835 1942 3851 ·

364 3899 445 3953 ὅτι
478 3902 627 3965 τέλος
652 3902 751 3972 τῆς
774 3904 895 3956 κατ’
926 3903 1182 3974 αἴσθησιν
1204 3905 1415 3976 ἡδονῆς,
1445 3909 1478 3978 ή
1510 3907 1671 3979 ὀδύνη
1698 3909 1869 3962 ἐστίν.

436 4075 502 4147 β’.
527 4079 649 4132 Οὐκ
693 4078 1087 4148 ὠφελήσουσι
1139 4080 1429 4148 θησαυροὶ
1478 4080 1762 4151 ἀνόμους.
1811 4082 1946 4137 Οὐδὲ

363 4170 473 4238 γὰρ
501 4169 927 4238 συμϐαλοῦνται,
958 4171 1094 4242 πρὸς
1128 4172 1450 4243 ἀπαλλαγὴν
1512 4173 1620 4226 τῶν
1646 4173 1941 4245 ὀδυνηρῶν,

364 4263 588 4330 1ταμιεῖα
605 4260 860 4331 πλούτου,
881 4265 991 4327 τοῖς
1018 4263 1093 4336 μὴ
1119 4263 1261 4319 κατὰ
1288 4266 1485 4336 νόμους
1519 4265 1696 4330 θείους
1721 4266 1943 4321 κενοῢσι

362 4350 538 4406 ταῦτα
551 4354 663 4416 τοῖς
688 4352 984 4424 δεομένοις.

433 4445 798 4513 Δικαιοσύνη
844 4445 914 4500 δὲ
936 4449 1145 4516 ῥύεται
1168 4449 1238 4503 ἐκ
1284 4447 1568 4504 θανάτου.
1615 4449 1681 4503 Ἢ
1705 4448 1762 4502 δὲ
1792 4452 1937 4505 κατὰ

360 4535 460 4599 τὰς
496 4534 645 4600 Θείας
672 4538 890 4603 ἐντολὰς
938 4540 1342 4612 ἀπαρέγκλιτος
1391 4541 1486 4595 τοῦ
1534 4541 1705 4596 καλοῦ
1735 4544 1939 4612 κρίσις,
1978 4604 1991 4618 γ

359 4627 455 4681 τοῦ
495 4629 616 4683 καθ’
659 4630 934 4703 ἁμαρτίαν
996 4632 1098 4704 τῆς
1146 4633 1326 4706 ψυχῆς
1382 4633 1716 4689 ἀπαλλάττει
1763 4635 1942 4689 κινδύ-

360 4733 473 4772 νου.

429 4815 500 4878 γ’.
533 4812 616 4865 Οὐ
662 4811 1089 4880 λιμοκτονήσει
1128 4811 1352 4882 ’Κύριος
1406 4812 1615 4883 ψυχὰς
1667 4813 1937 4870 δικαίων.

356 4903 467 4956 Καὶ
491 4904 552 4956 οὐ
568 4905 820 4975 στερήσει
841 4907 874 4978 ή
895 4908 1371 4978 παντοκρατορικὴ
1400 4906 1625 4978 δύναμις
1652 4908 1745 4962 τοῦ
1778 4909 1936 4977 Θεοῦ,

357 4997 385 5049 ὁ
409 4996 599 5051 τούτου
624 4998 986 5062 ὲνυπόστατος
1009 5000 1202 5068 Λόγος,
1218 5000 1320 5071 τῆς
1342 4999 1537 5055 ἑαυτοῦ
1558 5000 1937 5071 μεταλήψεως,

355 5088 520 5157 ἄρτου
548 5091 612 5142 ἐκ
634 5090 728 5143 τοῦ
753 5091 980 5162 ούρανοῦ
1009 5090 1449 5156 καταϐαίνοντος,
1489 5093 1587 5154 τὰς
1611 5091 1941 5162 πειθομένας

355 5180 527 5251 αὐτῷ,
556 5185 622 5253 τῇ
651 5183 1123 5257 αὑτοδικαιοσύνῃ,
1181 5184 1359 5255 ψυχὰς
1411 5184 1520 5237 τῶν
1568 5182 1820 5236 ἐντεῦθεν
1848 5183 1932 5235 δι-

356 5270 525 5333 καίως
550 5272 982 5345 πολιτευομένων
1007 5275 1151 5329 κατὰ
1198 5274 1399 5343 πρᾶξιν
1424 5273 1532 5329 τῶν
1562 5275 1733 5342 ἁγίων
1769 5275 1937 5328 αὐτοῦ

356 5361 615 5416 ἐντολῶν.
1224 5357 1239 5371 ’

424 5451 599 5520 Ζωὴν
623 5452 691 5506 δὲ
719 5452 958 5510 ἀσεϐῶν
975 5457 1322 5526 ἀνατρέψει.
1349 5458 1461 5530 Τὴν
1486 5458 1542 5511 δὲ
1566 5458 1814 5527 φιλόῦλον
1848 5458 1938 5512 καὶ

356 5540 637 5611 φιλήδονον
673 5542 819 5613 ζωὴν
865 5544 972 5597 τῶν
1012 5544 1087 5616 μὴ
1114 5546 1481 5600 πιστευόντων
1510 5551 1591 5611 είς
1621 5549 1805 5614 αὑτὸν,
1842 5551 1937 5602 καὶ

354 5631 577 5703 (μωδιὰ
596 5634 705 5690 τῶν
732 5637 829 5707 τῆς
855 5637 1199 5709 δικαιοσύνης
1228 5638 1404 5710 ἔργων
1435 5639 1721 5710 τιμώντων
1753 5641 1932 5705 αὑτὸν,

2046 3179 2156 3227 tem
2220 3172 2487 3238 laetificat,
2539 3187 2662 3242 quae
2714 3174 3017 3228 secundum
3069 3175 3336 3229 rationem
3408 3170 3630 3225 veritati

2048 3264 2315 3328 occurrit,
2359 3263 2489 3318 dum
2539 3263 2596 3316 in
2644 3263 2907 3318 omnibus
2956 3276 3183 3317 causam
3236 3261 3504 3328 ardenter
3549 3262 3633 3313 iu-

2047 3354 2241 3423 quirit.
2301 3323 2311 3328 ⁷
3488 3323 3541 3361 κ

2122 3444 2303 3500 Filius
2362 3461 2480 3500 vero
2531 3440 2750 3511 atauus,
2796 3445 3049 3500 mwstitia
3101 3443 3285 3497 matri.
3355 3441 3632 3514 Cogitatio

2048 3546 2252 3601 autem,
2288 3537 2593 3593 secundum
2622 3552 2821 3593 sensus
2851 3544 2945 3590 aut
2979 3534 3325 3605 phantasiam
3357 3532 3412 3587 in
3443 3532 3628 3588 anima

2048 3638 2328 3699 generata,
2355 3629 2520 3699 hujus
2535 3644 2667 3685 vero
2685 3629 2828 3698 quod
2855 3641 2980 3682 vere
3002 3625 3293 3697 pulchrum
3316 3633 3402 3680 est
3421 3625 3627 3694 ignara,

2049 3722 2325 3777 maestitiae
2346 3737 2513 3778 causa
2538 3722 2732 3776 animae
2762 3719 2818 3774 [it
2847 3734 2915 3774 ex
2943 3724 3162 3782 eventu,
3190 3724 3412 3786 propter
3437 3716 3629 3771 falsam

2048 3814 2115 3869 de
2143 3798 2306 3869 rebus
2326 3815 2668 3884 opinionem,
2702 3826 2827 3882 «pias
2868 3810 3090 3882 quidem
3122 3807 3626 3877 l.etitiam.appetit,

2047 3905 2291 3960 dolorem
2330 3920 2460 3960 vero
2500 3903 2733 3965 invenit,
2779 3903 2908 3972 quia
2957 3899 3084 3956 linis
3135 3897 3304 3968 hujus
3363 3913 3487 3968 quae
3531 3913 3629 3969 per

2048 4012 2246 4053 sensus
2275 4006 2361 4052 est
2392 3997 2610 4063 laetitias,
2638 3996 2797 4050 dolor
2822 4003 2929 4050 est.

2116 4087 2285 4144 Vens.
2332 4089 2389 4143 2.
2425 4087 2582 4142 Nihil
2629 4087 2921 4157 proderunt
2973 4085 3213 4142 thesauri
3257 4085 3459 4156 impiis.
3507 4083 3628 4140 Non

2047 4182 2192 4233 enim
2243 4180 2308 4236 ad
2360 4181 2632 4235 malorum
2670 4180 3055 4235 liberationem
3103 4179 3368 4254 adjuvant
3431 4178 3623 4232 aeraria

2046 4270 2362 4324 divitiarum
2399 4287 2493 4326 eos
2523 4271 2615 4340 qui
2642 4285 2752 4324 non
2780 4285 2844 4326 ea
2876 4271 3029 4342 juxta
3055 4270 3203 4342 leges
3232 4268 3450 4324 divinas
3478 4267 3624 4322 indi-

1975 4399 2017 4454 D
2046 4363 2299 4434 gentibus
2321 4363 2652 4435 largiuntur.

2114 4454 2343 4509 Justitia
2378 4473 2497 4511 vero
2525 4456 2770 4511 liberabit
2809 4473 2843 4511 a
2892 4464 3081 4510 morte.
3134 4452 3267 4520 Qua:
3303 4467 3434 4509 vero
3469 4452 3621 4522 juxta

2045 4545 2230 4601 divina
2261 4548 2514 4602 mandata
2537 4547 2846 4603 inﬂexibilis
2869 4555 2953 4603 est
2981 4547 3048 4602 de
3079 4545 3224 4602 bono
3254 4545 3551 4608 sententia,
3585 4560 3615 4599 a

2042 4637 2289 4707 periculo
2310 4639 2519 4708 peccati
2552 4641 2792 4693 animam
2819 4639 3035 4694 liberat.

2118 4815 2277 4872 Vens.
2312 4816 2365 4870 3.
2394 4814 2518 4870 Non
2541 4817 2732 4887 afﬂiget
2765 4815 3023 4870 Dominus
3040 4815 3182 4885 fame
3210 4815 3417 4870 animas
3441 4814 3625 4885 justo-

2044 4924 2183 4961 rum.
2240 4908 2361 4963 Non
2413 4909 2648 4977 privabit
2700 4908 2844 4963 enim
2902 4910 3253 4977 omnipotens
3310 4905 3618 4961 dominatio

2044 4998 2161 5065 Dei,
2189 5000 2662 5055 consubstantiale
2693 4999 2813 5068 ejus
2869 4997 3127 5063 Verbum,
3165 4998 3248 5051 sui
3280 4996 3613 5065 reeeptione.

2042 5105 2180 5159 pane
2204 5088 2271 5144 de
2297 5089 2435 5145 cmlo
2465 5088 2852 5149 descendente.
2887 5087 3102 5141 animas
3135 5085 3236 5154 ipsi
3263 5083 3497 5152 justitize
3529 5083 3616 5137 di-

2042 5184 2182 5238 vinae
2203 5181 2542 5248 obedientes,
2584 5196 2774 5237 eorum
2807 5180 3021 5232 animas
3055 5179 3148 5242 qui
3180 5177 3267 5230 hic
3294 5174 3445 5245 justo
3492 5190 3617 5240 cge-

2040 5284 2170 5329 runt
2205 5289 2301 5344 per
2330 5281 2650 5330 sanctorum
2690 5271 2865 5340 ipsius
2905 5266 3290 5322 mandatorum
3345 5265 3615 5336 adimplc-

2043 5367 2268 5421 Hohenn

2118 5459 2297 5513 Vitam
2326 5466 2500 5512 autem
2548 5456 2832 5524 impiorum
2879 5455 3156 5509 subvertet.
3196 5450 3369 5504 Vitam
3425 5456 3609 5502 autem

2039 5557 2352 5605 terrestrem
2377 5556 2431 5603 ct
2459 5547 2840 5614 voluptuosam
2883 5557 3075 5597 eorum
3115 5540 3206 5611 qui
3242 5554 3348 5593 non
3383 5539 3436 5591 iu
3482 5552 3611 5591 eum

2039 5636 2391 5693 crediderunt
2418 5651 2515 5689 nec
2542 5647 2637 5703 per
2665 5648 2831 5703 opera
2859 5628 3089 5703 justitiae
3124 5630 3273 5683 illum
3310 5629 3523 5691 colunt,
3559 5627 3617 5681 in
