3960 6230
479 283 606 348 1311

1730 287 2043 350 PROCOPI
2060 289 2084 347 Ι
2125 288 2364 348 G.\Z.li[

3588 288 3711 351 1312

469 396 724 450 acerbam
756 395 925 450 vitam
958 406 1275 457 convertet;
1310 396 1530 466 quando
1557 396 1777 467 quidem
1812 406 1865 453 et
1900 414 2022 467 pra:-

2139 402 2216 461 εἰς
2272 397 2538 469 ὀδυνηρὰν
2595 399 2815 463 πάντως
2870 399 3224 471 περιτρέψει·
3263 400 3323 451 ἐν
3346 398 3421 469 τῷ
3452 417 3580 453 ποτε
3622 407 3709 457 καὶ

468 486 718 543 sentibus
756 487 1119 558 privabantur
1145 498 1203 569 et
1234 487 1418 543 futura
1460 503 1569 544 non
1611 483 1998 560 assequentur.

536 681 699 742 Vens.
724 686 778 742 4.
807 688 1100 756 Paupertas
1124 686 1295 743 virum
1319 689 1587 756 deprimit.
1611 687 1821 743 Etenim
1852 688 2040 744 oriens

464 794 529 833 cx
566 779 893 849 negligentia
923 779 1294 848 spiritualium
1323 780 1480 850 juxta
1505 779 1820 834 doctrinam
1840 787 1895 834 ct
1923 780 2040 833 vir-

466 877 632 924 tutem
651 870 961 924 divitiarum
982 870 1304 939 indigentia,
1330 886 1458 926 eum
1480 872 1576 942 qui
1607 871 1772 927 homo
1816 871 2038 941 quidem

461 966 567 1022 est,
599 975 722 1013 cum
771 970 961 1015 natura
1003 962 1235 1019 sortitus
1271 964 1343 1018 sit
1374 964 1443 1018 ad
1476 963 1570 1019 Dei
1616 963 1907 1033 imaginem
1940 977 2039 1031 po-

461 1051 686 1102 tentiam
720 1054 954 1104 activam
990 1059 1044 1106 et
1076 1053 1347 1119 liberam;
1380 1068 1505 1107 eum
1530 1067 1662 1108 vero
1696 1053 1787 1122 qui
1814 1066 1922 1106 non
1955 1058 2040 1107 est

461 1137 659 1201 virilis,
695 1138 898 1208 quippe
939 1140 1032 1209 qui
1072 1156 1182 1194 non
1219 1142 1481 1211 operibus
1519 1157 1617 1197 sua
1644 1143 1916 1197 electione
1946 1157 2040 1197 os-

459 1228 699 1283 tendcrit
752 1230 820 1284 ad
879 1230 971 1284 Dei
1013 1231 1426 1287 similitudinem
1470 1233 1637 1302 hujus
1688 1232 2038 1290 rationabilis

459 1320 716 1386 potentia:
742 1321 846 1374 vim
883 1330 937 1376 et
981 1322 1309 1388 libertatem,
1355 1324 1409 1378 in
1459 1324 1917 1380 irrationabilium
1947 1339 2040 1379 cu-

457 1410 747 1477 piditatum
804 1413 1127 1467 servitutem
1162 1425 1215 1468 et
1240 1413 1480 1470 dedecus
1525 1416 1768 1485 deducit,
1802 1415 2035 1487 conjun-

457 1508 604 1555 ctum
639 1503 813 1558 brutis
855 1514 908 1557 et
937 1504 1049 1558 illis
1077 1505 1311 1560 similem
1347 1505 1576 1561 factum.

528 1592 724 1649 Manus
766 1605 941 1650 autem
990 1596 1213 1665 fortium
1263 1598 1483 1653 diuitias
1557 1608 1773 1667 parant.
1830 1598 2037 1653 Activa:

456 1689 639 1735 autem
670 1685 815 1739 vires
845 1699 1036 1739 eorum
1069 1686 1163 1756 qui
1196 1687 1457 1756 operibus
1501 1688 1886 1744 rationabilem
1934 1703 2033 1758 po-

2139 492 2246 545 τῶν
2280 492 2568 562 παρόντων
2618 492 2954 563 στερηθῆναι
2986 493 3206 559 αὐτοὺς,
3239 493 3334 546 καὶ
3359 502 3465 546 τὼν
3498 493 3712 564 μελλόν-

2142 601 2251 637 των
2276 584 2351 652 μὴ
2377 584 2681 652 ἐπιτυχεῖν.

2207 674 2269 727 δ’.
2302 673 2487 726 Πενία
2507 672 2697 742 ἄνδρα
2721 672 3009 727 ταπεινοῖ.
3057 672 3171 725 Καὶ
3192 673 3301 744 γάρ
3327 674 3360 743 ἡ
3385 673 3442 740 ἐξ
3462 672 3714 744 ἀμελείας

2140 765 2412 836 ἁποτυχία
2435 765 2530 819 τοῦ
2560 765 2705 819 κατά
2749 765 2954 835 γνῶσιν
2983 765 3080 818 καὶ
3114 765 3317 837 ἀρετὴν
3348 765 3710 835 πνευματικοῦ

2139 857 2393 925 πλούτου,
2420 857 2512 911 τὸν
2539 857 2856 929 ὑπάρχοντα
2882 857 3050 928 ἄνδρα
3088 857 3209 927 μὲν,
3236 855 3313 922 ὡς
3342 857 3500 926 φύσει
3531 875 3714 929 κεκτη-

2143 949 2302 1019 μένον
2341 949 2463 1002 κατ’
2494 947 2681 1003 είκόνα
2731 949 2866 1002 Θεοῦ
2922 949 3152 1020 δύναμιν
3192 950 3488 1021 δραστικήν
3520 967 3581 1004 τε
3624 949 3714 1004 καὶ

2139 1038 2508 1105 αὐτεξούσιον,
2533 1040 2634 1093 οὐκ
2667 1040 2912 1111 ἀνδρεῖον
2933 1040 3011 1108 δὲ,
3030 1041 3106 1104 ὡς
3135 1042 3461 1112 προαιρέσει
3490 1042 3568 1113 μὴ
3598 1044 3713 1095 ἐπι-

2138 1130 2485 1201 δεικνύμενον
2506 1130 2689 1203 έργοις
2712 1133 2835 1186 καθ’
2895 1132 3155 1204 ὁμοίωσιν
3184 1132 3320 1187 Θεοῦ
3346 1135 3405 1188 τὸ
3440 1135 3543 1205 τῆς
3570 1136 3713 1206 είρη-

2142 1221 2310 1292 μένης
2350 1221 2577 1292 λογικῆς
2640 1222 2926 1293 δυνάμεως
2978 1224 3273 1294 δραστικόν
3305 1241 3365 1278 τε
3426 1225 3519 1278 καὶ
3575 1225 3716 1278 ἐλευ-

2138 1312 2343 1383 θέριον,
2392 1313 2622 1381 κατάγει
2670 1315 2751 1378 είς
2798 1314 3046 1368 δουλείαν
3117 1315 3331 1385 ἀλόγων
3391 1316 3585 1370 παθῶν
3629 1317 3713 1371 καὶ

2137 1403 2382 1475 ἀτιμίαν,
2410 1422 2627 1478 παρασυ
2636 1405 2951 1477 μόληθέντα
2963 1409 3077 1471 τοῖς
3095 1407 3367 1476 ἀνοήτοις,
3386 1408 3713 1479 ὁμοιωθέντα

2138 1496 2346 1559 αὐτοῖς.

2205 1594 2409 1662 Χεζοες
2424 1591 2493 1646 δὲ
2507 1592 2798 1662 ἀνδρείων
2825 1593 3276 1655 πλουτίζουονιν.
3312 1594 3379 1649 Δί
3403 1594 3461 1648 δὲ
3487 1610 3710 1667 πρακτισ

2137 1684 2231 1737 καὶ
2261 1684 2521 1755 δυνάμεις
2548 1684 2659 1738 τῶν
2698 1684 2883 1757 ἔργοις
2930 1685 3391 1756 ἐπιδεικνυμένων
3422 1687 3484 1738 τὸ
3512 1686 3611 1757 τῆς
3633 1684 3711 1737 λο-

455 1775 677 1827 tentiam
706 1776 965 1832 exhibent
989 1792 1097 1833 non
1124 1778 1608 1837 irrationabilibus
1632 1780 2022 1850 cupiditatibus

2138 1774 2307 1845 γικῆς
2354 1775 2660 1847 δυνάμεως,
2693 1778 2809 1839 τοῖς
2868 1775 3086 1846 ἀλόγοις
3137 1776 3367 1830 πάθεσιν
3418 1776 3709 1830 ἀδούλωτον

454 1866 804 1931 servientem,
836 1867 931 1922 sed
981 1869 1034 1923 in
1072 1884 1168 1926 eas
1204 1877 1562 1941 pugnantem,
1612 1887 1723 1926 non
1759 1870 1921 1925 modo
1950 1871 2036 1924 in-

456 1973 629 2018 tactas
663 1963 907 2033 ipsorum
952 1965 1166 2021 animas
1209 1974 1454 2031 servant,
1489 1966 1586 2022 sed
1618 1973 1673 2021 et
1720 1965 1845 2021 aliis
1870 1965 2038 2034 spiri-

452 2054 628 2107 tuales
660 2054 961 2110 secundum
995 2056 1249 2111 virtutem
1285 2067 1337 2112 et
1364 2057 1780 2127 intelligentiam
1812 2056 2036 2113 divitias

450 2146 875 2215 impertiuntur;
913 2162 1010 2202 eos
1036 2147 1204 2214 enim,
1226 2149 1393 2203 verbo
1416 2147 1638 2218 quidem
1671 2148 1935 2203 docentes
1966 2148 2034 2202 ad

450 2238 653 2292 bonum
681 2238 946 2306 excitant,
988 2255 1018 2293 a
1043 2241 1187 2293 tnalo
1222 2250 1405 2294 autem
1439 2250 1736 2309 avertunt;
1771 2241 2035 2311 operibus

449 2345 580 2384 vero
614 2330 1003 2387 conﬁrmantes
1033 2332 1260 2386 verbum
1288 2340 1344 2388 et
1365 2334 1771 2403 persuadentes
1803 2343 1861 2389 ut
1891 2333 2034 2390 dicta

449 2422 782 2493 adimpleant
805 2437 969 2493 opera
998 2424 1260 2478 imitando
1286 2440 1300 2490 ;
1333 2424 1537 2479 etenim

521 2598 685 2655 Vsus.
710 2600 763 2655 5.
796 2599 973 2656 Filius
998 2601 1237 2658 eruditus
1269 2605 1483 2675 sapiens
1514 2605 1637 2659 erit.
1668 2602 1773 2670 Qui
1806 2604 2027 2675 quidem

444 2706 475 2745 a
509 2691 621 2748 Deo
673 2693 967 2763 adoptatus
1008 2705 1093 2752 est
1134 2695 1282 2752 ﬁlius
1338 2712 1435 2767 per
1465 2712 1760 2768 operosum
1801 2697 2027 2753 institu-

445 2794 583 2851 tum,
621 2801 649 2838 a
688 2786 908 2841 malitiae
951 2789 1181 2844 maculis
1220 2788 1526 2845 emundans
1574 2790 1837 2855 animam,
1873 2789 2026 2845 utili-

446 2879 573 2932 tatis
600 2879 808 2947 peritus
848 2880 954 2933 erit
996 2895 1119 2950 quae
1169 2881 1301 2935 oriri
1336 2882 1539 2951 poterit
1556 2897 1623 2941 ex
1670 2882 1739 2937 iis
1762 2897 1885 2952 qua:
1921 2881 2025 2952 ipsi

441 2974 640 3021 contra
664 2966 1003 3021 voluntatem
1040 2968 1462 3036 superveniunt.

517 3058 697 3113 Stulto
729 3066 927 3123 autem,
978 3068 1037 3112 ut
1085 3076 1232 3113 servo
1274 3069 1471 3114 utetur.
1520 3059 1624 3126 Qui
1670 3070 1852 3117 autem
1914 3074 2021 3115 nou

445 3151 549 3206 fert
578 3151 744 3206 Deum
787 3153 840 3205 in
887 3151 1052 3206 corde
1080 3167 1202 3217 suo,
1250 3153 1295 3207 si
1339 3151 1575 3221 sapienti
1617 3150 1944 3207 alﬂictiones
1970 3164 2025 3207 et

445 3244 665 3299 dolores
707 3242 1009 3306 induxerit,
1046 3258 1242 3298 servus
1292 3243 1443 3297 illius
1472 3243 1579 3298 erit
1624 3243 1695 3297 ad
1747 3244 2019 3311 salutem;

442 3349 679 3404 cumque
734 3334 828 3403 qui
890 3334 1067 3403 ipsum
1128 3343 1307 3399 vexat,
1358 3343 1419 3389 ut
1481 3334 1889 3392 benefactorem
1931 3338 2023 3405 ju-

442 3430 561 3478 stus
590 3424 821 3489 noverit,
851 3433 903 3480 et
935 3423 1044 3479 Deo
1080 3425 1133 3477 in
1182 3425 1438 3481 omnibus
1473 3425 1682 3497 gratias
1716 3434 1864 3498 aget,
1893 3427 2022 3496 quia

442 3530 638 3583 nempe

512 3604 762 3662 Saivatus
816 3620 894 3661 est
950 3609 1015 3661 ab
1052 3608 1243 3662 ardore
1296 3609 1443 3678 [ilius
1514 3608 1762 3678 prudens.
1830 3608 2021 3665 Invitis

442 3701 862 3773 teutatrionibus,
885 3703 978 3771 qui
1013 3702 1163 3756 novit
1187 3718 1285 3773 pro
1314 3703 1563 3758 laborum
1589 3701 1854 3772 patientia
1880 3718 2021 3757 mer-

444 3793 659 3859 cedem;
693 3802 747 3847 et
786 3794 861 3847 ita
893 3793 1004 3860 ille,
1028 3802 1089 3847 ut
1119 3794 1175 3848 in
1212 3808 1361 3859 area,
1394 3793 1654 3863 praesenti
1683 3793 1905 3857 saeculo,
1938 3793 2017 3846 la-

440 3884 667 3940 boribus
699 3886 884 3941 caruis
930 3886 1155 3941 acribus
1203 3885 1497 3956 impulsus,
1543 3900 1572 3939 a
1617 3883 2016 3955 cupiditatibus

441 3990 507 4026 ex
557 3975 841 4029 nativitate
894 3974 972 4028 illi
1025 3975 1225 4040 insitis,
1283 3983 1343 4029 ut
1392 3990 1423 4027 a
1467 3974 1798 4045 quibusdam
1842 3974 2015 4044 paleis

440 4063 797 4130 frumentum,
828 4065 1163 4132 mundatur;
1197 4075 1251 4121 et
1291 4076 1661 4136 congregatur
1695 4065 1767 4120 ab
1798 4074 2016 4121 nostra-

2138 1864 2237 1919 καὶ
2286 1865 2409 1919 κατ’
2440 1866 2621 1920 αὐτῶν
2676 1865 2995 1937 δραστικὸν,
3020 1868 3081 1921 οὐ
3112 1868 3273 1937 μόνον
3336 1866 3595 1929 ἀϐλαϐεῖς
3620 1867 3711 1929 τάς

2136 1955 2343 2010 τούτων
2374 1956 2690 2028 διατηροῦσι
2714 1956 2917 2028 ψυχάς,
2951 1958 3087 2012 ἀλλὰ
3116 1960 3211 2013 καὶ
3236 1958 3448 2030 ἑτέροις
3476 1959 3571 2013 τοῦ
3599 1960 3706 2012 κατ’

2128 2030 2339 2119 ’ἀρετὴν
2373 2049 2467 2101 καὶ
2496 2047 2698 2117 γνῶσιν
2722 2050 3098 2121 πνευματικοῦ
3140 2051 3374 2105 πλούτου
3412 2051 3712 2122 μεταδιδόα-

2139 2155 2254 2194 σιν·
2285 2141 2361 2204 ὡς
2384 2140 2606 2205 τούτους
2638 2140 2782 2213 λόγῳ
2819 2143 2918 2214 μὲν
2952 2142 3341 2214 διδασκαλικῷ,
3371 2143 3513 2210 πρὸς
3539 2141 3635 2213 μὲν
3655 2142 3708 2195 τὸ

2137 2234 2340 2302 ἀγαθὸν
2369 2234 2809 2306 προτρεπόντων,
2858 2235 2951 2288 τοῦ
2976 2235 3032 2288 δὲ
3060 2235 3233 2289 κακοῦ
3264 2236 3706 2308 ἀποτρεπόντων

2136 2327 2321 2400 ἐργοις
2338 2328 2394 2381 δέ
2429 2327 2793 2399 βεϐαιούντων
2822 2330 2913 2383 τὸν
2973 2329 3152 2399 λόγον,
3185 2330 3283 2383 καὶ
3311 2330 3609 2384 πειθόντων
3636 2331 3697 2383 τά

2134 2420 2226 2474 τοῦ
2262 2420 2421 2488 λόγου
2486 2423 2679 2486 ποιεῖν,
2716 2422 2774 2476 ἐν
2804 2419 2882 2493 τῷ
2935 2421 3319 2493 μιμεῖσθαιτά
3366 2423 3511 2494 ἔργα
3548 2438 3563 2453 ο
3619 2424 3706 2475 καὶ

2134 2514 2242 2583 γὰρ

2205 2614 2265 2661 ε’.
2307 2606 2440 2672 Υιὸς
2493 2606 2987 2677 πεπαιδευμένος,
3045 2605 3238 2676 σοφὸς
3283 2607 3485 2661 ἔσται.
3530 2606 3587 2661 '0
3613 2605 3700 2675 μὲν

2137 2699 2476 2769 νίοθετηθεὶς
2501 2698 2642 2771 Θεῷ,
2674 2699 2763 2753 διὰ
2789 2700 2890 2768 τῆς
2922 2698 3360 2772 ἐκκαθαιρούσης
3383 2699 3489 2770 τὴν
3536 2697 3700 2769 ψυχὴν

2133 2791 2241 2845 τῶν
2260 2791 2369 2845 ἀπὸ
2395 2791 2593 2856 κακίας
2630 2790 2864 2862 κηλίδων
2907 2790 3169 2844 ἐπιπόνου
3199 2790 3449 2860 ἀγωγῆς,
3474 2789 3573 2859 τῆς
3600 2788 3695 2841 ἀπὸ

2132 2882 2244 2935 τῶν
2276 2882 2662 2953 ἐπερχομένων
2702 2882 2853 2954 αὐτῷ
2892 2881 3205 2953 ἀϐουλήτως
3236 2879 3513 2950 ὠφελείας
3566 2879 3693 2950 εἰδή-

2136 2993 2253 3047 μων
2281 2975 2486 3029 ἔσεται.

2203 3062 2291 3130 Τῷ
2315 3063 2382 3117 δὲ
2404 3063 2640 3132 ἄφρονι,
2673 3062 2933 3129 διακόνῳ
2960 3061 3272 3132 χρήσεται.
3298 3060 3402 3114 Τὸν
3426 3060 3485 3114 δὲ
3518 3058 3590 3130 μὴ
3613 3074 3701 3111 πε-

2128 3156 2421 3230 ριφέροντα
2470 3155 2603 3208 Θεὸν
2632 3154 2689 3207 ἐν
2717 3153 2938 3225 καρδίᾳ,
2974 3152 3183 3222 θλίψεις
3211 3151 3360 3222 αὐτῷ
3389 3152 3489 3205 καὶ
3519 3148 3694 3211 ὀδύνας

2123 3247 2419 3316 ἐπάγοντα,
2459 3248 2743 3318 ὑπηρέτην
2800 3246 2911 3313 Eis:
2964 3245 3101 3314 πρὸς
3132 3244 3407 3314 σωτηρίαν
3430 3244 3507 3308 ὡς
3534 3242 3618 3295 τόν
3640 3257 3690 3295 τι

2121 3337 2393 3391 λυποῦντα
2428 3337 2589 3391 αὐτὸν
2620 3320 2914 3408 εὐεργέτην
2967 3335 3142 3401 εἰδὼς,
3197 3336 3289 3390 καὶ
3349 3336 3430 3407 τῷ
3474 3332 3589 3405 Θεῷ
3612 3330 3691 3385 ἐπὶ

2122 3431 2288 3483 πᾶσιν
2311 3429 2670 3500 εὐχαριστῶν·
2704 3430 2786 3483 ὅτι
2813 3445 2919 3500 περ

2192 3604 2449 3674 Διεσώθη
2480 3606 2597 3660 ἀπὸ
2629 3606 2929 3674 καύματος
2959 3605 3087 3670 υίὸς
3112 3604 3371 3674 νοήμων.
3395 3602 3682 3656 Ἀκουσίων

2121 3696 2467 3767 πειρασμῶν,
2492 3698 2521 3750 ό
2550 3697 2791 3767 εἰδήμων
2823 3696 2920 3750 τοῦ
2968 3697 3108 3766 ὑπὲρ
3140 3697 3240 3767 τῆς
3282 3694 3565 3765 ὑπομονῆς
3585 3692 3677 3745 τῶν
3828 3716 3829 3761 γ

2120 3790 2299 3843 πόνων
2350 3788 2544 3859 μισθοῦ
2574 3805 2587 3819 ·
2616 3789 2711 3842 xui.
2732 3788 2875 3842 οὓτω
2902 3789 3002 3858 μὲν
3062 3782 3217 3852 οὗτος
3246 3787 3321 3850 ὡς
3349 3787 3410 3839 ἐν
3439 3786 3594 3840 ἄλωνι
3825 3816 3827 3873 Α

2119 3882 2349 3954 παρόντι
2381 3881 2559 3948 αἰῶνι,
2592 3882 2777 3945 πόνοις
2808 3881 3016 3954 σαρκὸς
3039 3880 3188 3947 ὀξέσι
3233 3880 3581 3952 βαλλόμενος,
3605 3872 3677 3930 οἶά
3823 3894 3825 3985 Α

2116 3991 2201 4037 τις
2231 3975 2375 4036 σῖτος
2394 3971 2503 4025 τῶν
2527 3974 2592 4027 ἐκ
2634 3972 2901 4042 γενέσεως
2949 3972 3158 4038 παθῶν,
3192 3972 3267 4037 ὥς
3287 3990 3455 4026 τινων
3480 3972 3674 4043 ἀχύρων

2116 4064 2585 4136 ἀποκαθαίρεται·
2619 4065 2715 4118 καὶ
2761 4064 3052 4134 συνάγεται
3100 4063 3251 4135 παρά
3299 4062 3397 4114 τοῦ
3453 4056 3672 4132 γεωργοῦ

355 4176 363 4183 ·
442 4171 559 4209 rum
593 4159 899 4211 animarum
926 4157 1187 4227 agricola,
1232 4165 1292 4212 ut
1334 4160 1391 4213 in
1427 4158 1677 4229 quaedam
1707 4157 1929 4219 horrea.
1958 4155 2012 4210 in

2137 4157 2220 4210 τῶν
2244 4157 2528 4228 ἡμετέρων
2562 4156 2773 4226 ψυχῶν,
2804 4156 2880 4219 ὡς
2905 4157 2984 4220 εἷς
3041 4172 3195 4219 τινας
3251 4153 3540 4225 ἀποθήκας
3587 4150 3702 4211 τὰς·

436 4256 670 4301 aeternas
697 4248 914 4304 domos.

519 4337 680 4392 Vento
707 4340 1070 4409 corrumpitur
1094 4341 1146 4394 in
1180 4357 1344 4395 messe
1367 4340 1514 4411 ﬁlius
1546 4340 1836 4411 improbus.
1866 4338 2012 4395 Ven-

1996 4254 2003 4267 ’
2112 4244 2363 4307 αίωνίους
2390 4244 2582 4313 μονάς.

2183 4333 2620 4404 Ἀνεμόςρθορος
2639 4335 2708 4389 δὲ
2727 4336 2952 4405 γίνεται
2976 4336 3045 4390 ἐν
3070 4335 3273 4407 ἁμητῷ
3335 4339 3469 4404 υἱὸς
3494 4331 3661 4403 παρά-

438 4429 511 4483 tis
543 4429 909 4499 improbitatis
940 4432 1161 4499 pellitur
1208 4433 1263 4486 in
1300 4432 1529 4487 exitium
1578 4447 1676 4502 per
1714 4432 2011 4486 irrationa-

2137 4442 2318 4495 ’ομος.
2364 4426 2502 4479 Ὑπὸ
2526 4427 2637 4481 τῶν
2688 4428 3015 4499 πνευμάτων
3040 4429 3097 4483 δὲ
3119 4429 3218 4500 τῆς
3249 4431 3512 4501 πονηρίας
3533 4426 3665 4480 ἐλαύ-

434 4520 577 4575 biles
593 4521 840 4585 affectus,
863 4524 1323 4591 quemadmodum
1347 4524 1525 4581 ventis
1544 4524 1720 4592 palea.
1747 4523 1802 4577 in
1830 4523 2011 4592 ignem

437 4612 703 4666 mittenda
766 4614 964 4668 messis
1025 4630 1253 4683 operum
1306 4623 1585 4685 tempore;
1631 4616 1725 4686 qui
1774 4614 2015 4685 appellat

434 4702 657 4774 quidem
675 4701 894 4759 Patrem
922 4721 1080 4762 suum
1108 4706 1297 4773 Deum,
1320 4716 1540 4778 propter
1568 4708 1726 4763 ﬁdem
1756 4708 1808 4762 in
1836 4709 2010 4773 illum,

437 4795 843 4866 transgreditur
875 4803 1057 4852 autem
1094 4807 1285 4852 sancta
1309 4799 1430 4868 ejus
1461 4808 1756 4870 praecepta.

503 5062 668 5118 Vens.
696 5063 749 5119 6.
775 5062 1077 5118 Benedictio
1104 5062 1321 5117 Domini
1341 5078 1499 5132 super
1527 5075 1684 5131 caput
1701 5064 1860 5133 justi.
1888 5065 2010 5121 Lar-

431 5156 566 5228 gitio
592 5157 738 5211 enim
771 5158 1084 5212 sanctitatis
1136 5172 1168 5211 a
1221 5156 1454 5211 Domino
1492 5157 1739 5211 omnium
1794 5157 1902 5212 Deo
1952 5160 2006 5213 in

432 5257 599 5318 caput
629 5249 1175 5319 irreprehcnsibilitcr
1203 5251 1413 5317 agentis
1439 5251 1738 5306 secundum
1775 5252 2005 5318 gratiam

432 5339 699 5403 procedit,
728 5355 852 5393 eum
886 5349 1059 5395 totum
1086 5339 1261 5396 media
1296 5341 1350 5394 in
1385 5346 1565 5394 mente
1592 5338 1966 5395 sanctilicans.

506 5510 579 5565 Os
610 5523 784 5569 autem
834 5518 1116 5587 impiorum
1171 5522 1351 5575 obruet
1398 5523 1552 5576 dolor
1587 5523 2002 5592 intempestivus.

434 5597 657 5655 Plenam
724 5616 904 5661 autem
963 5611 1300 5679 blasphemia
1342 5614 1649 5668 doctrinam
1700 5614 1998 5683 spirituum

438 5687 653 5745 malitia:
677 5691 845 5752 Dcum
875 5714 982 5754 non
1021 5703 1337 5770 colentium,
1370 5716 1682 5762 consternat
1717 5708 1998 5775 peccanti-

2120 4534 2269 4571 νεται
2318 4516 2406 4572 διὰ
2435 4518 2543 4571 τῶν
2596 4518 2921 4589 παραλόγων
2951 4520 3140 4573 παθῶν
3189 4523 3269 4585 είς
3290 4522 3580 4584 ἀπώλειαν,
3601 4516 3662 4575 ὡς

2119 4609 2222 4661 ὐπὸ
2245 4608 2462 4677 ἀνέμων
2490 4609 2710 4679 ἄχυρον,
2742 4609 2818 4680 τῷ
2843 4628 2914 4664 πυ
2924 4611 2976 4680 pl.
2998 4611 3597 4683 παραπεμφθησόμενον
3614 4607 3658 4658 ἐν

2115 4702 2192 4770 τῷ
2221 4701 2320 4770 τῆς
2347 4701 2679 4770 συγκομιδῆς
2702 4700 2810 4755 τῶν
2832 4702 3009 4773 ἐργων
3032 4704 3231 4775 καιρῷ,
3264 4705 3291 4755 ό
3318 4700 3655 4770 ἐπικαλούμε-

2115 4809 2204 4857 νος
2232 4794 2329 4864 μέν
2364 4794 2581 4864 Πατέρα
2624 4793 2819 4846 ἐαυτοῦ
2868 4794 2959 4847 τὸν
3008 4795 3139 4848 Θεὸν
3182 4796 3270 4849 διά
3322 4797 3423 4867 τὴν
3447 4798 3524 4856 είς
3573 4794 3658 4863 αὐ)

2115 4885 2203 4938 τὸν
2249 4886 2448 4951 πίστιν,
2504 4885 2859 4957 παραϐαίνων
2886 4887 3061 4951 δὲτὰς
3114 4887 3278 4957 ἀγίας
3322 4888 3485 4942 αὐτοῦ
3526 4889 3648 4940 sm-
3806 4904 3807 4957 χ

2113 4976 2234 5042 λάς.

2185 5075 2259 5134 ς’.
2284 5068 2543 5137 Εὐλογιά
2570 5069 2791 5137 Κυρίου
2815 5068 2913 5123 ἐπὶ
2944 5069 3219 5139 κεφαλὴν
3255 5071 3505 5126 δικαίου.
3553 5063 3644 5119 Καὶ

2111 5163 2217 5233 γὰρ
2241 5163 2522 5233 μετάδοσις
2553 5164 2650 5233 μὲν
2674 5162 2945 5231 ἁγιασμοῦ
2962 5162 3116 5235 παρά
3139 5163 3236 5217 τοῦ
3268 5165 3533 5217 Δεσπότου
3556 5155 3640 5210 τῶν

2111 5255 2248 5309 ὂλων
2277 5254 2434 5320 Θεοῦ,
2467 5256 2681 5336 πρόεισι
2712 5257 2852 5311 κατά
2882 5256 3045 5327 χάριν
3078 5256 3171 5309 ἐπὶ
3206 5256 3283 5326 τῷ
3307 5254 3525 5327 ἡγεμόνι
3566 5245 3638 5300 τοῦ

2110 5346 2415 5415 ἀμέμπτως
2437 5346 3020 5417 πολιτευομένουιδλον
3037 5344 3223 5400 τοῦτον
3255 5347 3342 5400 διὰ
3369 5347 3435 5417 μέ
3444 5362 3523 5397 σου
3546 5338 3639 5398 νοὸς

2110 5435 2335 5503 ἁγιάζου
2346 5454 2433 5490 σα.

2177 5531 2374 5596 Στιῇαα
2402 5528 2469 5581 δὲ
2498 5529 2733 5582 ἀσεϐῶν
2787 5530 3046 5598 καλύψει
3086 5530 3307 5597 πένθος
3322 5529 3517 5598 ἄωρον.
3547 5522 3631 5587 Τὴν

2106 5618 2161 5670 δὲ
2196 5621 2399 5691 μεστὴν
2427 5620 2776 5690 βλασφημίας
2790 5619 3141 5675 διδασκαλίαν
3162 5621 3272 5674 τῶν
3294 5622 3364 5690 μὴ
3387 5615 3626 5689 τιμώντων

2108 5710 2237 5762 Θεὸν
2280 5713 2601 5782 πνευμάτων
2639 5713 2738 5773 τῆς
2772 5716 3052 5786 πονηρίας,
3110 5713 3624 5787 συστεὶλῃῆὲπτγινο·

3797 5317 3800 5429 l

3796 5468 3797 5539 ι

3794 5590 3795 5651 ι

3792 5678 3793 5761 l
