3960 6230
365 342 496 407 1313

1264 325 1270 333 ’
1369 354 1901 416 (ΣΟΜΜΕΝΤΛΗῘΙ
1943 357 2025 417 ιΝ
2079 359 2535 426 PROVERBIA.

3468 369 3605 433 1314

361 460 495 526 μένῃ
522 462 631 522 τοῖς
660 457 1062 531 ἀμαρτᾶνουσιν
1079 465 1142 518 ἐκ
1174 470 1534 538 μεταμελείας
1570 472 1643 542 μὴ
1669 474 1809 526 κατὰ
1835 475 1917 527 τὸν

2036 476 2131 533 bus
2153 482 2547 548 superveniens
2581 496 2690 536 non
2711 491 2958 554 tempore
2998 492 3310 555 opportuno
3349 486 3415 539 ad
3452 503 3612 541 erro-

357 550 664 618 ἐπιτήδειον
682 553 871 621 καιρόν
898 555 1033 625 πρὸς
1054 558 1152 626 τὴν
1175 558 1282 611 τῶν
1318 561 1673 631 ἐσφαλμένων
1702 561 1928 631 διόρθω-

359 656 462 705 σιν,
489 642 547 704 ὃς
576 643 722 696 ἐστιν
752 647 780 698 ὁ
807 647 1016 717 παρὼν,
1047 649 1182 703 ἀλλά
1200 650 1342 704 κατά
1363 651 1425 705 τὸ
1450 652 1646 724 μέλλον
1674 653 1929 726 διηνεκὴς

357 733 452 786 καὶ
473 733 730 805 ἀνόνητος
758 736 925 808 λύπη.

429 823 494 886 ζ’.
526 825 742 895 Μνήμη
780 828 1015 884 δικαίου
1056 810 1186 900 ᾖεθ
1223 833 1543 904 ἐγκωμίων.
1598 835 1709 887 Καὶ
1737 835 1927 888 ἀνεπί-

357 914 549 985 ληστος
597 917 696 988 μὲν
744 919 942 987 γνῶσις
971 920 1122 975 ἔσται
1151 925 1303 995 παρά
1334 924 1454 997 Θεῷ
1482 924 1589 979 τῶν
1622 924 1928 995 ἀμέμπτως

358 1007 807 1078 πολιτευομένων,
862 1013 979 1079 μετ’
1017 1014 1253 1068 ἐπαίνων
1288 1015 1635 1086 παρεχόντων
1689 1014 1927 1087 ἄρρητον

356 1096 701 1169 εὐφροσύνην
724 1100 926 1162 αὐτοῖς.

429 1190 647 1258 Ὄνομα
694 1190 764 1243 δὲ
797 1190 1031 1270 ᾀσεϐὠν
1081 1193 1423 1250 σϐέννυται.
1476 1194 1541 1248 Ἦ
1565 1196 1660 1249 ἀπ’
1685 1196 1851 1249 αὐτοῦ
1868 1197 1925 1250 δὲ

353 1278 491 1332 Θεοῦ
531 1282 871 1351 προσηγορία
899 1283 1009 1336 τῶν
1040 1285 1114 1355 μὴ
1150 1284 1439 1354 τιμώντων
1458 1287 1620 1341 αὐτὸν
1647 1288 1714 1341 δι’
1746 1287 1925 1358 ἔργων

354 1369 576 1437 ἀγαθῶν
605 1372 949 1440 ἀφανίζεται,
972 1373 1062 1427 διὰ
1085 1374 1154 1427 τὰ
1179 1375 1373 1428 τούτου
1412 1376 1673 1448 ἀλλότρια
1705 1378 1923 1448 πονηρά

353 1462 491 1533 ἔργα
533 1463 732 1530 αὐτῶν,
773 1465 1107 1537 ἀγνοουμὲνη
1162 1466 1340 1538 αὐτῷ’
1364 1467 1506 1522 κατά
1532 1467 1613 1536 τὸ,
1642 1468 1753 1522 Οὐκ
1807 1466 1926 1524 οἶδα

352 1555 495 1625 ὑμᾶς
519 1557 702 1611 λοπόν.
1240 1612 1247 1617 .

422 1647 491 1720 η’.
522 1651 721 1719 Σοφὸς
776 1651 990 1720 καρδίᾳ
1030 1651 1260 1717 δέξεται
1308 1652 1581 1720 ἐντολάς.
1623 1653 1682 1707 '0
1708 1653 1800 1706 τὸν
1827 1652 1924 1706 τοῦ

351 1742 484 1796 Θεοῦ
514 1743 672 1811 λόγον
711 1743 1031 1809 ἑνδιαθέτως
1056 1744 1319 1817 τῇναύτοῦ
1379 1745 1691 1817 περιφέρων
1751 1745 1922 1816 ψυχῇ,

2035 585 2155 624 rum
2187 572 2604 637 correctionem,
2630 575 2771 642 quod
2817 585 2897 629 est
2934 584 3149 645 tempus
3205 592 3466 648 praesens,
3515 578 3611 633 sed

2034 658 2090 713 in
2114 659 2299 717 futuro
2330 669 2592 732 perpetua
2622 671 2676 719 et
2707 664 2914 720 inutilis
2945 666 3190 721 tristitia.

2102 840 2269 898 Vsus.
2301 843 2350 895 7.
2386 841 2646 898 Memoria
2667 844 2805 912 justi
2844 861 2963 899 cum
2993 847 3262 902 laudibus.
3299 848 3363 902 Et
3401 864 3610 903 memor

2033 933 2253 1003 quidem
2292 935 2534 1004 cognitio
2578 937 2684 989 erit
2713 938 2855 1007 apud
2888 937 3052 993 Deum
3094 954 3283 993 eorum
3327 940 3418 1008 qui
3469 941 3609 993 irre-

2034 1025 2479 1094 prehensibiliter
2518 1034 2710 1097 agunt,
2768 1043 2894 1083 cum
2955 1029 3215 1084 laudibus
3277 1029 3605 1083 inetfabilem

2034 1116 2141 1172 illis
2155 1116 2392 1171 laetitiam
2412 1120 2821 1186 praestantibus.

2100 1205 2170 1259 Et
2190 1223 2375 1261 nomen
2398 1207 2679 1276 impiorum
2710 1211 3086 1279 exstinguitur.
3120 1210 3253 1266 lllud
3279 1212 3420 1281 quod
3445 1228 3473 1265 a
3497 1211 3607 1265 Dco

2031 1306 2115 1351 est
2163 1286 2360 1351 nomen
2418 1311 2608 1352 eorum
2655 1300 2750 1369 qui
2799 1301 2953 1355 illum
3000 1301 3159 1357 bonis
3203 1303 3461 1372 operibus
3497 1318 3602 1356 non

2032 1387 2241 1451 colunt,
2285 1390 2582 1456 evanescit,
2641 1405 2749 1445 non
2804 1391 2916 1460 jam
2969 1392 3077 1446 Deo
3126 1400 3336 1458 notum,
3385 1402 3606 1463 propter

2032 1480 2172 1533 mala
2196 1494 2385 1535 eorum
2403 1495 2565 1550 opera
2586 1497 2707 1552 quae
2730 1481 2839 1537 Deo
2864 1483 3091 1539 adversa
3112 1491 3261 1539 sunt.
3287 1485 3601 1540 Secundum

2032 1566 2165 1622 illud
2202 1566 2364 1622 :Jam
2399 1569 2586 1624 nescio
2608 1584 2726 1624 vos.

2101 1658 2266 1716 Vsus.
2303 1658 2356 1713 8.
2399 1659 2622 1730 Sapiens
2668 1663 2826 1716 corde
2873 1664 3121 1731 suscipiet
3161 1674 3444 1732 praecepta.
3496 1661 3600 1727 Qui

2035 1749 2128 1807 Dei
2176 1752 2400 1808 verbum
2466 1754 2614 1809 ultro
2656 1755 2712 1808 in
2757 1756 2939 1810 anima
2996 1771 3091 1811 sua
3125 1757 3251 1820 fert,
3310 1756 3597 1825 suscipiet,

353 1837 712 1909 παραδέξεται
739 1838 835 1893 καὶ
863 1839 963 1893 οὐκ
986 1837 1303 1909 ἀποπέμψει
1334 1839 1475 1894 κατά
1499 1839 1698 1913 πρᾶξιν
1718 1838 1786 1893 τὰ
1802 1837 1917 1893 τού-

2036 1861 2200 1918 neque
2226 1861 2356 1902 vero
2387 1848 2602 1918 abjicict
2628 1848 2809 1918 quoad
2843 1856 2999 1905 actus
3025 1848 3199 1919 ipsius
3230 1848 3509 1904 mandata.

348 1949 443 1985 του
476 1932 896 2004 προστάγματα.

431 2025 494 2079 '0
520 2025 589 2081 δὲ
608 2024 863 2097 ἆστεγος
902 2028 1156 2097 χείλεσι,
1200 2024 1533 2087 σκολιάζων
1598 2027 1923 2079 ὐποσκελι·

348 2118 657 2187 σθήσεται.
674 2119 732 2174 Ὅ
750 2120 808 2174 δὲ
840 2119 1179 2192 μὴὲμμένων
1204 2120 1290 2174 διὰ
1316 2119 1425 2173 τῶν
1445 2121 1546 2191 τῆς
1577 2116 1923 2187 δικαιοσύνης

352 2210 528 2284 ἔργων
566 2214 632 2284 τῇ
663 2209 729 2267 δι’
755 2212 1049 2283 ὁμολογίας
1067 2214 1200 2284 τιμῇ
1224 2210 1319 2265 τοῦ
1346 2209 1503 2274 Θεοῦ,
1532 2209 1796 2263 ἐκκλίνων
1841 2206 1923 2270 είς

345 2322 406 2358 τε
426 2305 495 2360 τά
515 2304 639 2359 κατ’
660 2303 897 2374 ἔλλειψιν
912 2304 1011 2374 τῆς
1026 2303 1232 2374 ἀρετῆς
1254 2302 1424 2373 πάθη,
1456 2302 1540 2370 ἐφ’
1569 2295 1650 2364 οἷς
1662 2300 1760 2363 τὰς
1772 2296 1920 2362 θείας

350 2399 426 2469 μὴ
457 2400 600 2452 ποιεῖ
628 2397 867 2463 ἐντολὰς,
907 2397 1001 2452 καὶ
1021 2398 1101 2460 εἰς
1120 2396 1190 2449 τὰ
1207 2395 1329 2449 καθ’
1359 2392 1687 2466 ὑπερϐολὴν,
1718 2392 1803 2461 ἐφ’
1837 2388 1921 2454 οἷς

347 2488 525 2559 ψιλοῖς
552 2490 795 2561 ῥήμασιν
812 2487 1092 2561 ὁμολογῶν
1116 2488 1297 2551 αὑτὸν,
1335 2487 1477 2557 μέγα
1502 2489 1710 2558 φρονεῖ.
1738 2501 1918 2557 παρα-

346 2583 688 2653 τραπήσεται
711 2584 808 2652 τῆς
852 2579 1128 2653 φερούσης
1173 2581 1253 2642 είς
1278 2579 1378 2650 τὴν
1403 2577 1619 2632 αίὼνιον
1649 2575 1794 2647 ζωὴν
1828 2580 1916 2630 εὐ-

348 2674 522 2740 θείας,
549 2674 671 2728 κατ’
699 2673 901 2745 ἀρετὴν
936 2672 1055 2727 ὁδοῦ
1077 2686 1091 2701 ·
1122 2673 1216 2727 καὶ
1238 2673 1347 2744 γὰρ

417 2767 482 2823 θ’.
524 2769 629 2833 Ὃς
649 2768 962 2835 πορεύεται
1007 2764 1231 2832 ἁπλῶς,
1256 2765 1567 2833 πορεύεται
1597 2761 1916 2829 πεποιθώς.

351 2860 446 2921 Ὃς
485 2857 585 2924 μὲν
616 2855 820 2911 διανύει
855 2854 955 2927 τὴν
1005 2854 1126 2909 κατ’
1158 2846 1357 2926 ἀρετὴν
1397 2855 1518 2908 ὁδὸν
1540 2853 1916 2925 ἀνυποκρίτως

344 2947 433 3001 διὰ
461 2946 615 3012 Θεὸν,
682 2946 777 3001 καὶ
835 2948 909 3017 μὴ
974 2946 1346 3017 παραμιγνύει
1392 2945 1562 3018 αὐτὴν
1605 2948 1672 3018 τῇ
1706 2946 1918 3017 πονηρᾷ

346 3040 485 3109 πρὸς
517 3038 617 3109 τὴν
636 3038 748 3092 τῶν
775 3037 985 3092 πολλῶν
1007 3038 1223 3107 ἀπάτην
1255 3037 1486 3110 διανοίᾳ,
1522 3037 1794 3109 διέρχεται
1819 3036 1917 3106 τὴν

338 3128 599 3199 τοιαύτην
631 3128 747 3182 ὁδὸν
784 3129 857 3198 μὴ
889 3127 1223 3198 πτοούμενος
1255 3126 1288 3198 ἢ
1316 3129 1446 3190 τοὺς
1476 3127 1620 3182 κατὰ
1659 3127 1720 3181 τὸ
1742 3127 1916 3198 παρὸν

345 3221 377 3290 ἢ
415 3223 539 3284 τοὺς
576 3221 716 3275 κατά
753 3220 945 3291 μέλλον
973 3219 1229 3291 ἐλέγχους
1257 3220 1356 3290 τῆς
1385 3219 1747 3292 ὑποκρίσεως.

428 3335 489 3387 '0
511 3333 577 3387 δὲ
601 3332 975 3402 διαστρέφων
1012 3332 1119 3399 τὰς
1148 3332 1328 3400 ὁδοὺς
1376 3332 1586 3398 αὑτοῦ,
1642 3330 1915 3402 γνωσθή-

345 3441 536 3478 σεται.
574 3425 634 3477 'O
663 3424 719 3476 δὲ
753 3423 861 3476 ἀπὸ
913 3422 1171 3495 ἀληθείας
1220 3424 1300 3487 είς
1344 3422 1542 3492 ψεῦδος
1572 3423 1670 3486 τὰς
1719 3421 1916 3477 ἑαυτοῦ

345 3516 578 3587 πράξεις
648 3515 1061 3586 μεταστρέφων,
1114 3514 1191 3578 ὡς
1241 3513 1476 3585 εἴρηται,
1499 3514 1912 3585 ἐλεγχθήσεται,

345 3608 450 3662 κᾶν
475 3608 549 3679 μὴ
577 3608 634 3659 ὲν
659 3605 736 3676 τῷ
766 3606 995 3676 παρόντι
1022 3605 1201 3671 αίῶνι,
1219 3605 1358 3660 ἀλλά
1386 3621 1448 3675 γε
1470 3606 1528 3659 ὲν
1556 3604 1633 3675 τῷ
1669 3604 1915 3675 μέλλοντι

346 3698 733 3771 ἀναμφιὸόλως
756 3714 770 3729 ο
805 3698 999 3769 διόπερ

418 3820 469 3867 ι’.
511 3814 565 3865 '0
589 3812 854 3867 ἐννεύων
881 3809 1211 3881 ὀφθαλμοῖς
1239 3811 1391 3881 μετὰ
1417 3810 1625 3876 δόλου,
1663 3811 1916 3880 συνάγει

344 3904 600 3974 ἀνδράσι
628 3905 850 3971 λύπας.
888 3904 949 3959 '0
973 3904 1073 3969 τὰς
1106 3903 1452 3974 θεωρητικὰς
1486 3903 1748 3974 δύναμεις
1765 3903 1915 3980 ⁸ἔχων

346 3998 765 4062 ἀποϐλεπούσας
823 3997 923 4068 μὲν
987 3996 1127 4065 πρὸς
1171 3996 1392 4061 κακίαν,
1426 3995 1830 4059 κατανευούσας
1857 3996 1916 4049 δὲ

346 4093 484 4164 πρὸς
516 4091 1002 4162 ἀσχηματισμένον
1059 4090 1263 4162 ἀρετῆς
1286 4086 1439 4162 ἦθος,
1471 4089 1723 4159 συλλέγει
1754 4089 1832 4160 τῷ
1855 4107 1927 4162 τε,

346 4185 497 4248 ἐντὸς
526 4182 821 4253 ἀνθρώπῳ,
873 4184 967 4236 καὶ
1013 4182 1091 4253 τῷ
1141 4183 1315 4247 ἐκτὸς,
1371 4183 1566 4246 πόνους
1617 4183 1911 4248 διακενεϊςο

344 4271 433 4329 οἷα
478 4272 692 4343 σώματι
761 4272 861 4342 μὲν
913 4272 1057 4326 κατὰ
1117 4273 1177 4326 τὸ
1221 4272 1396 4345 παρὸν
1421 4272 1599 4326 πονῶν
1628 4273 1760 4343 περὶ
1815 4273 1916 4342 τὴν

345 4364 545 4435 ἀρετὴν
573 4363 647 4434 μὴ
681 4362 773 4417 διὰ
818 4363 973 4428 Θεὸν,
997 4363 1141 4434 ψυχῇ
1172 4363 1228 4417 δὲ
1275 4363 1419 4417 κατὰ
1450 4364 1512 4417 τὸ
1560 4363 1753 4435 μέλλον
1786 4366 1917 4419 αἰω-

346 4445 473 4519 νίως
492 4453 828 4527 πιεζόμενος,
850 4455 1026 4526 ἐνδείᾳ
1055 4457 1150 4526 τῆς
1177 4455 1318 4509 κατὰ
1355 4455 1593 4510 διάθεσιν
1622 4456 1842 4526 ἀρετῆς.

428 4653 482 4706 Ὁ
515 4651 583 4706 δὲ
625 4652 894 4722 ἐλέγχων
938 4651 1086 4721 μετὰ
1139 4652 1498 4722 παρῤησίας,
1536 4652 1914 4721 ειρηνοποιεῖ.

357 4745 415 4798 Ὀ
442 4745 498 4798 δὲ
554 4744 927 4815 φανεροποιῶν
993 4744 1137 4798 κατὰ
1166 4743 1227 4797 τὸ
1266 4744 1507 4808 συνειδὸς
1530 4745 1919 4809 ἀνυποστόλως

347 4838 408 4906 τῇ
432 4836 601 4906 ψυχῇ,
633 4838 690 4889 ὲν
721 4836 861 4906 ἁγίῳ
886 4835 1162 4905 Πνεύματι
1196 4835 1354 4904 λόγος
1383 4836 1539 4900 Θεοῦ,
1572 4819 1632 4889 τὸ
1653 4837 1750 4907 τῆς
1781 4837 1916 4890 ὑπο-

345 4930 577 4999 κρίσεως
596 4928 871 4982 ύπὼδυνον
894 4944 953 4981 τε
983 4929 1078 4981 καὶ
1099 4929 1367 4999 ἄκαρπον,
1392 4927 1723 4982 ἀπαλλάττει
1746 4928 1916 4999 αὐτὴν

344 5020 443 5091 τῆς
472 5020 864 5091 ὲχθραινούσης
895 5020 1124 5091 ταύτην,
1163 5021 1258 5075 καὶ
1303 5022 1440 5092 πρὸς
1469 5020 1603 5074 Θεὸν
1653 5020 1747 5075 καὶ
1776 5019 1915 5093 πρὸς

346 5113 521 5184 σάρκα
548 5114 792 5185 πονηρᾶς
824 5112 1139 5174 διαθέσεως.
1382 5120 1385 5123 ’
1766 5122 1771 5125 ’

418 5231 503 5281 ια’.
527 5225 697 5295 Πηγὴ
714 5223 863 5294 ζωῆς
890 5225 961 5279 ὲν
983 5226 1132 5296 χειρί
1158 5226 1414 5280 δικαίου.
1442 5227 1515 5279 Τὸ
1546 5226 1656 5297 γὰρ
1682 5226 1915 5297 χορηγὸν

346 5317 493 5387 ζωῆς
530 5317 753 5388 Πνεῦμα
787 5317 963 5386 ἀγιον,
1003 5316 1146 5371 κατά
1180 5318 1342 5387 φύσιν
1373 5318 1471 5388 μὲν
1501 5318 1917 5372 ὲπαναπαύεται

344 5409 404 5461 ιν
446 5411 513 5479 τῇ
572 5411 1044 5480 παντοκρατορικῇ
1068 5409 1295 5479 δυνάμει
1317 5409 1413 5463 τοῦ
1446 5409 1677 5473 δικαίου,
1711 5409 1805 5462 καὶ
1834 5408 1915 5461 δι-

344 5496 634 5559 καιοσύνας
672 5497 1059 5570 ἀγαπήσαντος
1100 5499 1370 5553 Δεσπότου
1428 5499 1535 5553 τῶν
1569 5498 1705 5554 ὅλων
1743 5500 1878 5554 Θεοῦ
1900 5517 1914 5532 ο

343 5585 485 5639 κατά
515 5585 674 5657 χάριν
707 5586 781 5653 δὲ,
813 5587 872 5640 ὲν
893 5586 970 5658 τῷ
1027 5589 1316 5661 πρακτικῷ
1351 5588 1447 5642 τοῦ
1482 5589 1819 5660 διαιροῦντος
1854 5588 1916 5643 τὸ

345 5677 524 5745 χεῖρον
545 5677 653 5730 ἀπὸ
669 5676 763 5730 τοῦ
788 5678 1118 5748 κρείττονος,
1136 5679 1231 5732 καὶ
1257 5699 1320 5732 πε
1334 5679 1665 5750 ριαιροῦντος
1697 5679 1762 5732 τὰ
1790 5680 1913 5732 κατ’

348 5765 579 5834 ἔλλειψιν
600 5768 694 5838 τῆς
721 5770 919 5841 ἀρετῆς
943 5770 1035 5823 καὶ
1065 5771 1133 5823 τὰ
1163 5771 1284 5823 καθ’
1312 5772 1616 5843 ὑπερϐολὴν
1634 5772 1800 5840 πάθη,
1824 5772 1915 5825 καὶ

2092 2025 2353 2095 [nsipiens
2385 2035 2557 2081 autem
2589 2027 2748 2081 labiis
2777 2026 2984 2097 oblique
3017 2027 3260 2082 incedens
3284 2027 3602 2094 supplanta-

2025 2119 2184 2173 bitur.
2223 2119 2325 2185 Qui
2356 2135 2451 2191 per
2477 2135 2645 2188 opera
2668 2120 2896 2190 justitiae
2932 2135 3042 2175 non
3086 2127 3398 2191 perseverat
3434 2119 3599 2172 Deum

2022 2211 2372 2267 confessione
2400 2211 2651 2273 colendo,
2683 2212 2953 2267 inclinans
3003 2212 3057 2266 in
3088 2226 3182 2266 eas
3211 2227 3332 2281 quae
3358 2227 3453 2281 pe;
3489 2210 3604 2262 vir-

2023 2305 2159 2359 tutis
2208 2303 2484 2359 defectum
2537 2313 2667 2358 sunt
2701 2303 3055 2373 cupiditates,
3082 2304 3137 2357 in
3183 2302 3386 2372 quibus
3415 2301 3603 2356 divina

2022 2396 2278 2450 mandata
2312 2411 2420 2450 non
2447 2395 2681 2466 perlicit,
2711 2406 2765 2449 et
2790 2397 2843 2450 in
2870 2410 2965 2451 eas
2993 2411 3114 2466 qua:
3142 2405 3271 2450 sunt
3301 2411 3395 2461 per
3435 2408 3601 2463 exag-

2022 2480 2385 2562 gerationem,
2411 2490 2467 2543 in
2498 2490 2698 2560 quibus
2720 2479 2880 2545 Vanis
2913 2489 3096 2545 verbis
3139 2489 3379 2557 seipsum
3426 2485 3600 2540 confi-

2021 2594 2141 2638 tens
2168 2582 2439 2654 superbit,
2471 2588 2748 2637 avertetur
2785 2597 2814 2636 a
2860 2589 3011 2635 recta
3050 2581 3119 2634 in.
3147 2580 3314 2633 vitam
3338 2585 3598 2633 aeternam

2024 2674 2230 2730 ferente
2258 2687 2356 2744 per
2385 2674 2639 2729 virtutem
2673 2674 2761 2726 via
2794 2690 2808 2728 :
2836 2673 3036 2727 etenim

2089 2766 2252 2822 Vsus.
2294 2767 2347 2820 9.
2385 2765 2491 2832 Qui
2526 2765 2766 2820 ambulat
2793 2764 3123 2832 simpliciter,
3164 2761 3401 2816 ambulat
3438 2758 3600 2826 conﬁ-

2019 2859 2220 2914 denter.
2262 2856 2367 2925 Qui
2404 2859 2619 2927 quidem
2651 2874 2746 2928 per
2771 2858 3032 2912 virtutem
3067 2857 3171 2911 iter
3218 2854 3457 2910 absolvit
3488 2868 3597 2908 non

2019 2950 2428 3006 dissimulanter
2460 2955 2688 3019 pr0pter
2719 2948 2909 3010 Deum,
2944 2961 3044 3001 nec
3072 2961 3192 3001 eam
3237 2945 3304 2999 ad
3338 2944 3594 2998 multitu-

2020 3042 2168 3097 dinis
2195 3041 2572 3111 deceptionem
2613 3039 2771 3093 mala:
2798 3036 3118 3109 cogitationi
3161 3035 3455 3100 immiscet,
3490 3034 3598 3088 tale

2013 3118 2126 3188 iter
2154 3132 2430 3204 percurrit
2451 3136 2560 3185 non
2588 3130 2890 3185 formidans
2920 3136 3016 3183 aut
3051 3127 3308 3198 praesenti
3359 3134 3605 3196 tempore

2021 3223 2330 3295 hypocrisis
2356 3221 2772 3276 criminationes
2806 3228 2901 3274 aut
2935 3221 2988 3273 in
3017 3218 3286 3274 futurum.
3395 3246 3399 3251 ο

2093 3334 2198 3401 Qui
2243 3345 2419 3389 autem
2468 3334 2717 3402 depravat
2761 3333 2876 3387 vias
2922 3348 3073 3395 suas,
3114 3330 3430 3398 manifestus
3476 3329 3598 3383 erit.

2021 3426 2126 3493 Qui
2152 3434 2331 3479 autem
2364 3439 2394 3478 a
2434 3425 2661 3479 veritate
2694 3425 2747 3478 in
2788 3422 3136 3477 mendacium
3177 3436 3308 3478 suas
3352 3423 3603 3475 actiones

2019 3514 2314 3580 convertit,
2380 3521 2439 3568 ut
2480 3514 2685 3568 dictum
2729 3524 2836 3575 est,
2893 3510 3272 3575 convincetur,
3319 3510 3366 3564 si
3417 3511 3598 3564 minus

2020 3608 2272 3677 praesenti
2295 3607 2577 3673 saeculo,at
2599 3614 2744 3662 certe
2762 3605 2944 3660 futuro
2971 3601 3347 3658 indubitanter
3370 3619 3385 3667 ;
3405 3616 3599 3673 quam-

2018 3701 2205 3755 obrem

2088 3812 2253 3866 Vens.
2311 3814 2396 3865 10.
2448 3812 2554 3877 Qui
2594 3812 2782 3866 annuit
2825 3813 2993 3867 oculis
3032 3830 3149 3867 cum
3175 3812 3322 3878 dolo,
3396 3811 3598 3880 colligit

2016 3901 2311 3956 hominibus
2344 3902 2614 3956 tristitias.
2655 3901 2761 3968 Qui
2782 3903 2926 3958 enim
2962 3904 3419 3974 contemplativas
3448 3903 3596 3958 vires

2019 3994 2228 4048 habens
2254 3993 2456 4046 malum
2493 3992 2840 4063 aspicientes,
2873 3994 3166 4050 innuentes
3206 4003 3384 4049 autem
3418 3993 3482 4047 ad
3524 3994 3600 4045 si-

2018 4085 2284 4139 mulatum
2328 4084 2551 4140 virtutis
2605 4100 2833 4167 morem,
2882 4085 3089 4141 homini
3154 4093 3266 4138 tum
3324 4084 3593 4147 interiori,

2026 4184 2142 4229 tum
2217 4173 2471 4229 exteriori
2547 4188 2750 4229 vacuos
2833 4174 3049 4229 labores
3129 4173 3388 4243 colligit;
3477 4188 3602 4227 cor-

2018 4280 2151 4336 pore
2203 4266 2348 4320 enim
2408 4265 2898 4335 impraesentiarum
2950 4265 3099 4320 circa
3175 4266 3434 4322 virtutem
3486 4280 3594 4318 non

2018 4363 2244 4427 propter
2290 4355 2458 4410 Deum
2513 4356 2797 4420 laborans,
2849 4356 3031 4409 anima
3087 4370 3219 4411 vero
3291 4356 3345 4409 in
3410 4354 3594 4410 futuro

2017 4457 2221 4503 aeterne
2262 4457 2513 4514 vexatus,
2560 4449 2691 4519 quia
2749 4451 2950 4504 virtute
3000 4448 3181 4519 quoad
3209 4447 3460 4505 allectum
3508 4449 3595 4502 in-

1939 4523 1994 4583 Ῑ)
2021 4540 2189 4611 diget.

2093 4655 2199 4722 Qui
2224 4665 2402 4709 autem
2426 4655 2684 4723 vituperat
2714 4672 2833 4709 cum
2858 4657 3182 4719 sinceritate,
3210 4670 3394 4725 pacem
3439 4655 3590 4724 facit.

2017 4746 2177 4813 Quod
2215 4756 2397 4804 autem
2431 4748 2733 4804 secundum
2771 4750 3165 4804 conscientiam
3197 4750 3394 4803 anima:
3425 4749 3593 4802 libere

2019 4840 2260 4895 declarat
2293 4841 2345 4892 in
2375 4838 2581 4909 Spiritu
2615 4846 2806 4894 sancto
2830 4840 3139 4911 hypocrisis
3167 4842 3368 4894 malum
3398 4846 3451 4892 et
3474 4839 3590 4891 ina-

2018 4913 2270 4994 nitatem,
2308 4932 2538 4986 verbum
2594 4930 2711 4998 Dei,
2764 4931 2960 4987 liberat
3011 4946 3132 4987 eam
3181 4932 3274 4985 illa
3311 4945 3431 5000 quae
3471 4944 3588 4982 eam

2020 5023 2276 5079 molestat
2304 5031 2357 5078 et
2386 5018 2458 5078 'ad
2496 5022 2662 5078 Deum
2694 5030 2748 5079 et
2790 5024 2858 5079 ad
2898 5038 3141 5086 carnem,
3173 5022 3316 5076 mala
3357 5021 3589 5090 disposi-

2018 5113 2187 5170 tione.

2094 5226 2262 5283 Vsss.
2296 5228 2381 5281 ll.
2422 5226 2562 5281 Vena
2592 5230 2710 5282 vita:
2733 5227 2790 5280 in
2829 5242 2991 5280 manu
3011 5224 3172 5294 justi.
3204 5225 3407 5279 Hector
3441 5240 3585 5278 ennn

2019 5318 2144 5373 vitae
2176 5317 2417 5388 Spiritus
2451 5325 2695 5381 sanctus,
2744 5314 3047 5370 secundum
3093 5322 3343 5368 naturam
3368 5316 3588 5383 quidem

2019 5409 2319 5479 acquiescit
2350 5410 2401 5462 in
2448 5409 2585 5477 justi
2635 5404 2991 5475 omnipotenti
3038 5405 3279 5467 virtute,
3320 5416 3376 5460 et
3419 5406 3471 5458 in
3524 5422 3589 5460 eo
3650 5424 3653 5425 '

2017 5500 2111 5568 qui
2142 5499 2315 5571 diligit
2346 5498 2613 5569 justitias,
2650 5497 2879 5550 Domino
2906 5497 3292 5552 universorum
3320 5496 3462 5565 Deo;
3494 5514 3537 5567 pi
3565 5516 3589 5551 r

2016 5589 2245 5660 gratiam
2278 5598 2459 5643 autem
2516 5586 2709 5659 agendi
2757 5585 2999 5640 efficacia
3032 5586 3088 5641 in
3130 5602 3196 5642 eo
3247 5588 3339 5657 qui
3386 5589 3590 5658 pejnsa

2024 5682 2243 5736 meliore
2266 5681 2530 5757 discernit
2560 5688 2613 5735 et
2643 5680 2968 5743 cupiditates
3012 5680 3317 5736 secundum
3369 5683 3588 5735 virtutis

2020 5775 2289 5828 defectum
2327 5785 2380 5829 ct
2421 5774 2890 5846 exaggerationem
2947 5774 3169 5837 adimit,
3211 5781 3263 5827 ct
3309 5774 3443 5828 bene
3481 5770 3588 5842 agit
