3960 6230
338 378 473 445 1311
1352 369 1880 435 immENTAnn
1923 332 2497 428 IN'Pnox'EnBIA.
3461 364 3596 433 1318

337 494 437 564 μὲν
496 493 722 567 πράξεις
762 495 869 549 τῶν
914 490 1309 566 προκρινόντων
1370 486 1464 540 τοῦ
1529 483 1808 547 δοκοῦντος
1865 483 1914 567 τῇ

2031 493 2229 548 nempe
2272 492 2437 548 opera
2473 490 2663 531 eorum
2712 475 2805 547 qui
2858 489 2960 529 suo
3012 474 3359 546 beneplacito
3405 496 3595 538 verum

332 586 503 651 ὅντως
553 589 739 656 καλὸν,
805 590 1244 645 ἀπαλλάττουσαι
1303 585 1403 647 τὰς
1445 582 1625 654 ψυχὰς
1668 576 1764 633 τοῦ
1791 578 1894 632 καθ

333 676 612 749 ἁμαρτίαν
634 679 893 746 θανάτου,
919 679 1017 749 τὴν
1047 681 1105 733 ὲν
1147 678 1421 746 πνεύματι
1455 672 1734 744 μακαρίαν
1767 668 1913 737 ζωὴν

337 768 692 841 προξενοῦσιν
736 774 950 837 αὐταῖς.

404 865 636 933 Καρποι
685 867 754 921 δὲ
805 868 1062 935 ἀσεϐῶν,
1115 865 1416 938 ἁμαρτίαι.
1457 863 1539 916 Τὰ
1573 860 1620 915 δ’
1649 857 1912 914 ἀποτελέ-

339 971 521 1024 σματα
543 955 652 1010 τῶν
682 957 758 1030 μὴ
781 959 1067 1031 τιμώντων
1083 940 1250 1027 ’Θεὸν,
1278 956 1374 1012 τοῦ
1402 956 1570 1018 ὅντως
1584 952 1753 1007 καλοῦ
1776 952 1914 1006 ἀπο-

338 1046 516 1118 τυχίαι
543 1047 702 1101 εἰσίν.

413 1138 496 1204 ιζ’·
543 1137 746 1207 Ὁδοὺς
776 1139 924 1207 (inﬁt:
948 1141 1253 1212 φυλάσσει
1278 1138 1534 1197 παιδεία.
1563 1136 1673 1192 Καὶ
1698 1135 1795 1199 τὰς
1816 1134 1915 1205 μὲν

335 1225 606 1297 φερούσας
640 1226 793 1293 Θείας
816 1229 1033 1293 ἐντολὰς
1064 1231 1146 1293 είς
1181 1227 1326 1297 ζωὴν
1367 1226 1585 1282 αίώνιον
1613 1226 1708 1288 τὰς
1736 1223 1913 1295 ψυχὰς

335 1320 495 1391 τηρεῖ
518 1318 777 1383 ἐπίπονος
805 1321 924 1376 κατ’
945 1320 1375 1393 ἀρετὴν-ἀγωγὴ
1397 1334 1411 1349 ⁸
1448 1317 1590 1389 αὕτη
1621 1317 1677 1371 δὲ

406 1493 653 1549 Παιδεία
691 1494 759 1549 δὲ
817 1495 1250 1568 ἀνεξέλεγκτος
1300 1494 1622 1552 πλανᾶται.
1670 1496 1736 1551 Ἦ
1791 1496 1911 1550 κατ’

336 1585 535 1657 ἀρετὴν
556 1585 811 1650 ἐπίπονος
833 1587 1046 1660 ἀγωγὴ.
1090 1590 1140 1641 εί
1194 1588 1269 1658 μὴ
1296 1587 1606 1659 δοκιμασθῇ
1643 1588 1712 1642 δι’
1746 1588 1913 1642 ἀκου-

338 1675 468 1728 σίων
520 1675 867 1747 πειρασμῶν,
917 1679 1012 1731 καὶ
1047 1678 1170 1731 καθ’
1193 1677 1308 1742 ἕξιν
1351 1679 1418 1749 τῇ
1446 1680 1593 1749 ψυχῇ
1626 1695 1912 1747 πεπαγιω·

339 1764 473 1837 μένη
503 1769 668 1838 φανῇ,
699 1767 1025 1839 ἐκτρέπεται
1041 1768 1140 1840 τῆς
1158 1769 1444 1839 ἀληθείας,
1471 1771 1530 1824 ὲν
1561 1771 1910 1842 προσχήματι

2020 566 2222 621 bonum
2273 570 2631 634 anteponunt,
2684 563 2896 618 animas
2951 576 2981 616 a
3027 569 3203 618 morte
3264 581 3360 637 per
3399 582 3597 637 pecca-

2014 662 2131 709 tum
2152 654 2441 710 liberantia
2458 654 2670 708 beatam
2702 653 2759 708 in
2793 654 2991 724 spiritu
3022 653 3160 725 ipsis
3193 655 3361 710 vitam
3393 661 3596 714 conci-

2015 748 2171 805 liant.

2086 837 2322 893 Fructus
2391 845 2566 892 autem
2640 837 2961 909 impiorum,
3039 849 3276 908 peccata.
3358 842 3599 901 Eﬂeclus

2015 942 2199 990 autem
2250 947 2361 988 non
2416 930 2718 987 colentium
2767 930 2964 997 Deum,
3022 934 3135 989 veri
3181 934 3315 991 boni
3361 938 3597 1007 privatio

2014 1032 2121 1080 est.

2085 1115 2254 1172 Vens.
2285 1114 2374 1171 i7.
2412 1112 2540 1169 Viae
2569 1113 2690 1169 vitae
2724 1112 2953 1168 custodit
2968 1100 3295 1186 ‘disciplina.
3318 1116 3381 1172 Et
3414 1116 3599 1174 divina

2014 1210 2232 1280 quidem
2270 1208 2525 1263 mandata
2561 1222 2683 1278 quur
2716 1208 2928 1262 animas
2963 1207 3029 1262 ad
3052 1210 3216 1265 vitam
3241 1209 3445 1274 lerunt,
3477 1224 3600 1265 ser-

2013 1309 2106 1354 vat
2141 1314 2377 1371 operosa
2417 1301 2719 1355 secundum
2755 1300 3013 1353 virtutem
3047 1301 3246 1371 agendi
3311 1302 3482 1368 ratio;
3532 1318 3593 1357 ea

2013 1398 2193 1445 autem

2087 1478 2380 1550 Disciplina
2402 1497 2518 1552 qua:
2555 1482 2939 1548 increpatione:
2966 1481 3195 1550 repellit,
3243 1495 3410 1561 errat.
3456 1485 3597 1557 Ope-

2012 1588 2135 1627 rosa
2173 1573 2475 1629 secundum
2504 1573 2765 1629 virtutem
2784 1573 3115 1643 disciplina,
3150 1576 3259 1631 nisi
3297 1592 3394 1646 per
3440 1579 3598 1633 invo-

2012 1664 2280 1721 iuntarias
2309 1664 2644 1720 tentationes
2686 1666 2970 1734 probetur,
2999 1674 3055 1722 et
3087 1668 3392 1722 secundum
3432 1668 3593 1723 habi-

2014 1762 2128 1809 tum
2164 1755 2217 1809 in
2256 1756 2439 1810 anima
2492 1755 2707 1809 ﬁrmata
2754 1766 3038 1827 appareat,
3069 1772 3099 1811 a
3129 1758 3357 1813 veritate
3399 1762 3598 1816 averti-

335 1830 591 1928 ἐναρέτου
617 1830 921 1928 πολιτείας,
947 1861 1028 1926 είς
1056 1830 1362 1927 κενοδοξίαν
1387 1830 1739 1932 ἐμπίπτουσα
1757 1830 1914 1915 ξ’ὲπεὶ

2031 1854 2137 1910 tur,
2173 1848 2356 1917 specie
2374 1855 2536 1903 rectae
2568 1843 2695 1903 vitae
2736 1852 2789 1903 in
2827 1865 3023 1905 vanam
3044 1851 3271 1919 gloriam
3299 1853 3590 1909 decidens:

333 1950 391 2003 δὲ
438 1951 533 2004 καὶ
578 1950 644 2005 δι’
673 1952 975 2023 ἀνθρώπων
1028 1955 1079 2006 οἱ
1110 1953 1246 2025 πρὸς
1293 1953 1623 2024 δοκιμασίαν
1671 1953 1916 2008 ἀκούσιοι

335 2045 631 2115 πειρασμοὶ
656 2032 1144 2116 ὶπισυμϐαίνουσι,
1195 2045 1271 2118 μὴ
1330 2046 1710 2115 φυλαττόντων
1751 2047 1916 2101 τινῶν

333 2140 436 2208 τὴν
489 2137 830 2209 ἀκραιότητα
881 2138 981 2208 τῆς
1017 2137 1216 2209 ψυχῆς,
1273 2136 1370 2190 καὶ⁵
1415 2138 1497 2201 είς
1558 2140 1714 2207 μῖσος
1747 2139 1912 2208 ὲμπι-

337 2225 602 2281 πτόντων.

412 2324 503 2388 ιη’.
529 2317 965 2371 Καλύπτουσιν
1015 2317 1241 2387 ἔχθραν
1291 2318 1468 2389 χείλη
1499 2316 1717 2371 δίκαια.
1764 2316 1915 2389 Κρύ-

338 2425 532 2463 πτουσι
568 2408 667 2477 μὲν
692 2407 752 2462 τὸ
783 2409 960 2477 μῖσος,
994 2407 1134 2478 ὅπερ
1178 2407 1237 2474 ἐξ
1262 2409 1557 2480 ὀλιγωρίας
1592 2411 1915 2479 παρανομή-

341 2516 482 2554 σασα
531 2498 674 2553 κατὰ
722 2498 963 2553 διάθεσιν
1003 2500 1036 2571 ἠ
1078 2499 1224 2571 ψυχὴ
1270 2501 1558 2572 ἐκτήσατο,
1598 2500 1748 2569 λόγοι
1784 2500 1913 2572 θείῳ

232 2660 239 2663 η
340 2596 489 2666 νόμῳ
538 2591 898 2659 δουλεύοντες,
944 2593 1038 2648 καὶ
1078 2595 1158 2657 είς
1211 2592 1478 2665 λοιδορίας
1534 2594 1611 2664 μὴ
1653 2594 1913 2666 ἐκτρεπό-

346 2704 515 2832 μῧιῖ
536 2775 606 2831 δὲ
669 2774 1030 2846 ἐμφέροντες
1104 2773 1427 2844 λοιδορίας,
1476 2774 1914 2844 ἀφρονέστατοι

342 2873 523 2925 εἰσιν.
575 2871 637 2924 Οί
694 2869 752 2922 δὲ
791 2867 1223 2938 ὲκφανεροῦντες
1271 2866 1334 2920 τὸ
1372 2866 1580 2920 ἑαυτῶν
1612 2869 1767 2938 μῖσος
1795 2868 1912 2932 ταῖς

342 2962 451 3047 τῶν
490 2961 831 3033 μισουμένων
857 2960 1132 3024 διαϐολαῖς
1170 2957 1468 3033 ἄνθρωποι,
1494 2958 1614 3014 λίαν
1634 2960 1911 3033 ὑπάρχου-

329 3069 429 3116 ⁸σιν
446 3052 519 3121 ἀφ
529 3051 780 3123 ρονες,ὼς
801 3051 925 3114 τοὺς
947 3048 1376 3114 κακοποιοῦντας
1405 3050 1600 3113 αὐτοὺς
1632 3050 1725 3106 ἐπὶ
1748 3050 1910 3104 πλέον

345 3144 466 3199 καθ’
506 3142 712 3198 ἑαυτῶν
749 3143 1131 3217 διεγείροντες,
1163 3144 1220 3198 ὲν
1257 3142 1335 3214 τῷ
1362 3141 1549 3213 ψόγοις
1578 3142 1792 3214 βάλλειν
1820 3143 1912 3199 αὐ-
1936 3184 1983 3247 C

342 3238 469 3302 τοὺς
499 3237 704 3292 λοιπόν.
1596 3304 1599 3307 ἰ

416 3328 502 3383 ιθ’.
555 3330 659 3383 Ἐκ
727 3330 1097 3398 πολυλογίας
1155 3332 1266 3384 οὐκ
1298 3330 1565 3401 ἐκφεύξῃ
1602 3329 1916 3401 ἁμαρτίαν.

355 3419 488 3473 Ἀπὸ
518 3419 616 3490 μὲν
643 3418 736 3473 τοῦ
769 3421 1143 3490 μακρηγορεῖν
1205 3421 1266 3473 οὑ
1308 3420 1580 3493 διαφύγῃς
1606 3421 1668 3476 τὸ
1693 3423 1919 3476 πταῖσαι

343 3510 479 3581 πρὸς
508 3510 709 3580 Θεὸν,ῆ
733 3510 870 3582 πρὸς
892 3508 1214 3582 ἀνθρώπους
1235 3528 1250 3542 ο
1277 3513 1373 3566 καὶ
1401 3515 1511 3584 γὰρ
1546 3512 1621 3584 μὴ
1650 3513 1920 3584 προμελε-

341 3602 451 3657 τῶν
482 3603 552 3656 τὰ
574 3600 725 3673 παρά
776 3600 871 3656 σοῦ
899 3601 1190 3673 λεγόμενα,
1226 3605 1608 3676 παροργίσεις,
1636 3603 1669 3674 ἢ
1697 3603 1830 3657 Θεὸν
1858 3604 1918 3657 ἐν

341 3691 420 3764 τῷ
451 3690 762 3763 ψεύδεσθαι,
791 3692 824 3763 ἢ
867 3690 1190 3763 ἀνθρώπους
1215 3693 1273 3745 ὲν
1310 3692 1390 3764 τῷ
1422 3692 1757 3762 φθέγγεσθαί
1777 3710 1830 3747 τι
1858 3691 1919 3758 ἐξ

344 3780 675 3856 ἀπροσεξίας
702 3782 840 3855 πρὸς
879 3781 1086 3855 βλάϐην
1117 3782 1318 3836 αὐτῶν.

413 3896 770 3966 Φειδόμενος
814 3894 885 3951 δὲ
902 3894 1175 3965 χειλέων,
1214 3894 1457 3966 romam
1502 3895 1638 3964 ἔσῃ.
1690 3897 1919 3967 Ἐγκρα-

340 3989 631 4058 τευόμενος
673 3987 729 4041 δὲ
781 3989 840 4042 ὲν
879 3987 1082 4058 λόγοις,
1116 3988 1319 4058 γνῶσιν
1361 3988 1503 4055 ἕξεις
1538 3987 1649 4042 τῶν
1690 3989 1917 4043 δεόντων

341 4079 619 4152 λεχθῆναι,
643 4080 718 4142 ὡς
735 4080 999 4152 πρότερον
1022 4079 1280 4145 ἐξετάσας
1302 4081 1469 4134 ταῦτα
1488 4081 1627 4134 κατά
1655 4079 1913 4145 διάνοιαν,

343 4177 437 4230 καὶ
470 4174 793 4248 καταλαβὼν
825 4176 961 4245 μήτε
1005 4176 1142 4247 πρὸς
1198 4177 1328 4228 Θεὸν
1361 4176 1497 4246 μήτε
1542 4174 1678 4246 πρὸς
1702 4174 1915 4248 ἀνθρώ-

343 4281 477 4327 πους
532 4245 971 4332 προσκρούοντα·
1035 4259 1136 4316 εἶθ’
1163 4264 1338 4326 οὕτως
1369 4264 1750 4333 ἀνεπισφαλῶς
1785 4282 1917 4335 προ-

343 4357 524 4424 φέρων
556 4354 717 4408 αὐτά.

412 4473 481 4520 κ’.
527 4467 820 4535 ’Λργυρος
881 4467 1307 4537 πεπυρωμένος
1360 4468 1609 4541 γλῶσσα
1658 4470 1911 4525 δικαίου.

2018 1945 2307 2007 postquam
2341 1954 2469 1993 vero
2496 1947 2550 1994 et
2580 1954 2675 2009 per
2695 1940 2945 1996 homines
2976 1943 3356 1997 involuntaria:
3383 1944 3447 1998 ad
3475 1960 3597 2014 pro-

2017 2027 2291 2084 bationem
2340 2028 2588 2084 incidunt
2622 2031 2978 2101 tentationes,
3009 2048 3119 2088 non
3155 2036 3595 2091 custodientibus

2015 2119 2339 2189 quibusdam
2370 2122 2566 2175 animte
2592 2124 2961 2178 summitatem
2985 2131 3040 2178 ct
3064 2126 3118 2178 in
3140 2125 3323 2181 odium
3346 2126 3591 2182 inciden-

2016 2211 2179 2265 tibus.

2088 2301 2250 2358 \'I-:ns.
2292 2303 2376 2359 l8.
2401 2303 2743 2359 Abscondunt
2776 2307 2953 2361 odium
2972 2307 3118 2363 labia
3141 2310 3312 2378 iusta.
3342 2312 3592 2368 Abscon-

2014 2391 2148 2444 dunt
2176 2391 2397 2462 quidem
2435 2394 2619 2448 odium
2657 2396 2801 2465 quod
2832 2412 2897 2450 ex
2931 2402 3341 2468 contemptione
3384 2402 3595 2471 injuste

2014 2496 2179 2552 agens
2202 2500 2296 2554 per
2326 2485 2743 2556 dispositionem
2783 2492 2965 2544 anima
2997 2493 3275 2561 concepit,
3313 2497 3473 2549 verba
3510 2496 3595 2548 di-

2016 2574 2153 2629 vinae
2209 2575 2314 2647 legi
2346 2576 2673 2646 obedientia,
2713 2590 2765 2636 et
2813 2584 2868 2635 in
2900 2584 3251 2654 opprobrium
3300 2602 3409 2641 non
3461 2602 3595 2642 con-

2016 2678 2195 2719 versa.

2087 2754 2193 2822 Qui
2226 2768 2402 2812 autem
2432 2759 2667 2829 inferunt
2689 2763 2945 2829 convicia,
2978 2765 3285 2821 stultissimi
3310 2778 3451 2822 sunt.
3490 2771 3593 2837 Qui

2013 2856 2190 2904 autem
2221 2851 2513 2910 calumniis
2547 2855 2602 2909 in
2632 2870 2727 2911 eos
2755 2857 2847 2926 qui
2915 2859 3065 2928 ipsos
3115 2860 3351 2915 oderunt
3405 2863 3591 2918 odium

2012 2954 2173 2997 suum
2207 2941 2584 3011 manifestam,
2611 2947 2777 3002 nimis
2816 2948 2971 3003 stulti
3019 2959 3170 3015 sunt,
3213 2966 3339 3005 cum
3388 2952 3596 3024 injuste

2011 3032 2163 3105 ipsos
2214 3046 2608 3109 persequentes
2649 3041 2822 3113 magis
2857 3057 2920 3097 ac
2942 3044 3115 3114 magis
3146 3053 3335 3101 contra
3367 3063 3425 3102 se
3447 3049 3597 3103 exci-

2011 3131 2150 3193 tent,
2179 3126 2306 3183 dum
2338 3144 2434 3185 eos
2463 3132 2728 3189 conviciis
2767 3132 2834 3189 de
2865 3144 3062 3190 caetero
3087 3145 3308 3192 vexant.

2085 3304 2252 3361 Vens.
2290 3305 2374 3361 l9.
2410 3305 2479 3361 In
2532 3309 2864 3381 multiloquio
2892 3329 2996 3366 non
3041 3314 3260 3385 elfugies
3298 3330 3594 3383 peccatum.

2017 3396 2076 3452 Si
2101 3399 2245 3452 enim
2269 3398 2501 3453 multum
2536 3398 2803 3470 loqueris,
2840 3417 2951 3456 non
2982 3406 3193 3473 poteris
3242 3407 3374 3475 quin
3421 3408 3596 3465 Deum

2017 3497 2110 3545 aut
2142 3487 2392 3546 homines
2423 3488 2667 3547 oﬂ‘endas
2698 3508 2714 3559 ;
2750 3494 2855 3549 nisi
2893 3494 3037 3549 enim
3070 3511 3192 3567 quae
3210 3497 3363 3554 dices
3388 3515 3600 3569 praeca-

2014 3593 2167 3646 veas,
2189 3580 2253 3636 ad
2279 3580 2419 3636 ir’am
2450 3582 2754 3640 concitahis
2791 3585 2907 3640 sive
2928 3584 3122 3652 Deum,
3157 3590 3490 3658 mentiendo,
3520 3594 3595 3649 si-

2015 3685 2081 3725 ve
2118 3671 2372 3728 homines
2398 3673 2604 3745 aliquid
2641 3690 2702 3730 ea
2735 3677 3069 3748 negligentia
3102 3679 3157 3735 in
3190 3695 3382 3738 eorum
3426 3684 3597 3741 detri-

2016 3767 2261 3815 mentum
2295 3761 2642 3832 prol‘crendo.
3416 3786 3419 3789 '

2088 3871 2377 3930 Moderans
2402 3885 2580 3931 autem
2628 3877 2795 3944 labia,
2836 3881 3067 3950 prudens
3104 3885 3231 3938 eris.
3258 3883 3597 3957 Temperans

2015 3973 2197 4019 autem
2250 3967 2454 4034 verbis,
2488 3968 2912 4040 intelligentiam
2960 3972 3189 4030 habebis
3232 3991 3423 4031 eorum
3474 3996 3597 4048 quae

2017 4053 2124 4108 dici
2168 4058 2498 4126 conveniat;
2541 4059 2742 4131 quippe
2782 4067 2876 4132 qui
2928 4071 2983 4118 et
3021 4065 3353 4135 cogitatione
3386 4084 3595 4137 praeca-

2017 4148 2184 4212 veris,
2202 4156 2259 4204 et
2281 4165 2344 4204 ea
2368 4153 2648 4220 acceperis
2672 4169 2792 4221 quae
2815 4170 2993 4222 neque
3018 4155 3183 4211 Deum
3212 4174 3388 4227 neque
3420 4159 3597 4213 haud.

2015 4255 2114 4295 nes
2145 4239 2445 4297 offendant.
2487 4242 2696 4298 Deinde
2729 4245 2819 4299 illa
2854 4247 3065 4317 absque
3098 4249 3293 4305 timore
3320 4250 3592 4320 proferes.

2088 4456 2256 4516 Vens.
2290 4458 2382 4515 20.
2411 4432 2700 4530 Argentum
2736 4461 2855 4531 igne
2894 4474 3180 4534 purgatum
3231 4464 3414 4536 lingua
3434 4468 3594 4537 justi.

342 4556 451 4609 Καὶ
473 4556 580 4626 γὰρ
601 4551 688 4609 οἷα
726 4557 826 4627 μέν
859 4573 943 4619 τις
998 4557 1239 4630 ἄργυρος
1273 4562 1405 4631 πυρὶ
1432 4561 1909 4633 δεδοκιμασμένος,

2031 4547 2235 4604 Etenim
2261 4556 2523 4619 tanquam
2568 4559 2855 4622 argentum
2893 4554 3019 4624 igne
3046 4555 3336 4625 probatum
3365 4566 3448 4612 est
3472 4575 3597 4614 ver-

339 4648 488 4699 ἐστὶν
520 4648 548 4700 ό
579 4645 737 4716 λόγος
770 4645 865 4701 τοῦ
925 4646 1065 4717 μετά
1113 4647 1347 4718 κρίσεως
1390 4649 1695 4720 ἀμέμπτως
1747 4649 1910 4705 αὑτὸν

338 4738 733 4810 προφέροντοςο
763 4736 840 4802 ὡς
870 4737 1139 4809 πρότερον
1171 4741 1236 4810 τῇ
1258 4741 1402 4794 κατά
1427 4740 1677 4795 διάνοιαν
1694 4741 1913 4812 βασάνῳ

337 4828 742 4899 δξεταζόμενος,
773 4829 867 4882 καὶ
887 4829 995 4882 πᾶν
1018 4828 1141 4882 εἴτι
1163 4829 1417 4901 κίϐδηλον
1440 4830 1879 4902 ἀποόαλλόμενος
1895 4871 1909 4898 ,

337 4920 432 4975 καὶ
460 4921 762 4993 εἰλικρινὴς
790 4921 1228 4993 προφερόμενος.

408 5032 629 5101 Καρδία
651 5030 720 5087 δὲ
740 5032 1002 5100 ἀσεϐοῦς
1027 5033 1318 5104 ἐκλείψει,
1356 5034 1517 5107 Ψυχὴ
1544 5035 1621 5102 δὲ,
1655 5037 1714 5101 ἐξ
1738 5030 1805 5107 ἧς
1834 5035 1913 5107 τῷ

339 5122 551 5197 σώματι
577 5126 610 5195 ἡ
641 5123 756 5197 ζωὴ
781 5124 874 5180 τοῦ
922 5126 996 5198 μὴ
1038 5127 1386 5194 ἀγαθοποιοϊς
1434 5122 1610 5194 λόγοις
1653 5127 1912 5199 ἀληθείας

338 5216 601 5287 τιμῶντος
640 5216 797 5283 Θεὸν,
848 5219 1101 5290 ἀτονήσει
1146 5218 1282 5289 πρὸς
1336 5218 1435 5290 τὴν
1500 5220 1601 5290 τῆς
1651 5219 1912 5292 ἀληθείας

338 5306 662 5378 ἀπάντησιν,
695 5308 1009 5381 ἐλεγχθεῖσα
1049 5308 1140 5365 ὑπ’
1162 5311 1333 5382 αὐτῆς
1364 5310 1692 5382 ψευδομένη.

408 5428 480 5475 κ’.
505 5422 688 5489 Χείλη
737 5422 984 5477 δικαίων
1048 5423 1369 5479 ἐπίσταται
1412 5423 1646 5494 ὑψηλά.
1702 5426 1814 5480 Καὶ
1860 5427 1911 5480 οἱ

342 5508 440 5579 μὲν
474 5509 844 5564 διδασκαλικοὶ
877 5511 1008 5565 θεῖοι
1034 5512 1184 5579 λόγοι
1213 5509 1322 5564 τῶν
1347 5512 1411 5565 ὲκ
1447 5511 1758 5583 πρακτικῆς
1788 5513 1911 5565 πεί-

341 5617 439 5673 ρας
471 5600 608 5671 μετὰ
627 5601 860 5672 κρίσεως
877 5602 1257 5675 ἀνεπιλήπτως
1277 5603 1661 5674 προφερόντων
1691 5604 1911 5668 αὐτοὺς,

339 5689 438 5763 τὴν
475 5694 674 5762 γνῶσιν
735 5695 1083 5766 ἐπιφέρονται
1137 5693 1249 5748 τῶν
1292 5693 1615 5766 θελημάτων
1646 5694 1739 5750 τοῦ
1776 5695 1912 5752 Θεοῦ

353 5781 443 5837 τοῦ
469 5785 883 5856 ὑπερουρανίου.

2013 4641 2142 4697 bum
2180 4641 2305 4712 ejus
2330 4641 2426 4712 qui
2468 4641 2605 4698 illud
2633 4658 2757 4699 cum
2804 4644 3016 4714 judicio
3063 4655 3118 4702 et
3148 4648 3356 4718 alesque
3412 4665 3599 4721 repre-

2013 4734 2282 4791 hensione
2310 4735 2514 4790 emittit
2553 4736 2763 4806 :‘prius
2821 4736 2966 4790 enim
2996 4739 3350 4809 cogitationis
3382 4743 3598 4812 experi-

2014 4838 2197 4886 mento
2223 4833 2526 4907 perlectum
2543 4838 2647 4895 est,
2676 4842 2730 4887 et
2752 4832 2820 4887 ab
2851 4833 3002 4889 omni
3029 4837 3211 4891 scoria
3249 4839 3595 4903 mundatum,

2013 4932 2064 4976 et
2082 4925 2299 4977 sincere
2335 4921 2623 4977 emissum.

2083 5032 2190 5089 Cor
2209 5043 2387 5088 autem
2432 5033 2585 5102 impii
2631 5033 2858 5101 deﬁciet.
2893 5035 3088 5090 Anima
3125 5044 3328 5101 autem,
3365 5052 3428 5091 ex
3486 5054 3593 5105 qua

2011 5134 2094 5182 est
2117 5126 2225 5180 vita
2251 5124 2493 5196 corpori,
2513 5125 2745 5196 ejusqui
2782 5124 2953 5180 Deum
2983 5139 3092 5180 non
3135 5127 3274 5181 bene
3302 5130 3594 5197 agentibus

2012 5219 2195 5274 verbis
2224 5217 2376 5282 colit,
2413 5217 2481 5271 ad
2524 5231 2823 5272 occursum
2880 5216 3129 5271 veritatis
3188 5233 3297 5272 non
3369 5219 3591 5289 vigebit,

2012 5309 2263 5363 cdnvieta
2285 5307 2354 5362 ab
2379 5307 2495 5376 ipsa
2519 5304 2813 5360 mendacii.

2083 5418 2253 5475 Vsus.
2275 5419 2367 5473 2L
2396 5416 2569 5471 Labia
2605 5416 2880 5485 justorum
2902 5413 3075 5467 sciunt
3109 5415 3337 5472 erccelsa.
3371 5417 3437 5472 Et
3467 5419 3594 5490 qui.

2013 5513 2134 5569 dem
2173 5513 2357 5567 divina
2392 5511 2459 5564 ad
2491 5510 2802 5564 doctrinam
2830 5506 3167 5578 pertinentia
3208 5510 3370 5564 verba
3401 5527 3590 5568 eorum

2013 5608 2105 5678 qui
2140 5606 2233 5659 illa
2270 5620 2335 5660 ex
2377 5602 2560 5658 activo
2589 5608 2791 5655 conatu
2845 5613 2971 5653 cum
3000 5600 3211 5668 judicio
3243 5601 3593 5672 irrcprelien-

2013 5698 2247 5753 sibilitcr
2286 5694 2592 5765 proferunt,
2625 5690 3047 5760 intelligentiam
3081 5692 3319 5748 alierunt
3354 5696 3445 5751 Dei
3477 5711 3590 5752 cae-

2018 5793 2169 5843 lestis
2208 5789 2576 5843 voluntatum.

3815 4272 3836 4322 δ
