3960 6230
477 387 618 452 1319
1813 381 2158 442 rnocorn
2207 380 2445 440 0mm

551 501 654 569 Qui
672 507 847 556 autem
871 501 1023 556 stulti
1036 509 1180 567 sunt,
1201 500 1253 554 in
1273 481 1498 572 egestate
1523 501 1843 556 moriuntur.
1869 499 2054 554 llomi-
2081 509 2115 562 Α

2225 496 2372 552 Οίδὲ
2404 495 2663 566 ἄφρονες
2689 494 2760 549 ἐν
2811 495 3012 563 ἐνδείᾳ
3073 497 3465 554 τελευτῶσιν.
3499 498 3562 554 Oi
3589 501 3630 554 δ’
3660 505 3708 554 ἐν

477 606 576 647 nes
598 605 780 646 autem
815 591 910 663 qui
944 590 1109 646 Deum
1141 606 1250 647 non
1294 591 1478 648 ferunt
1511 595 1564 647 in
1617 592 1783 648 corde
1835 607 1955 656 suo,
1989 593 2041 646 in

2147 589 2346 659 καρδία
2366 589 2499 642 Θεὸν
2526 589 2601 660 μὴ
2637 589 3024 660 περιφέροντες
3051 590 3345 661 ἄνθρωποι,
3384 595 3448 646 ἐν
3478 596 3707 662 στερήσει

475 684 789 756 privatione
829 699 1016 738 earum
1047 700 1168 753 qum
1191 687 1492 740 secundum
1526 688 1784 741 virtutem
1809 693 1859 740 et
1885 683 2039 738 intel-

2145 679 2241 732 τοῦ
2258 681 2378 734 κατ’
2407 681 2606 751 ἀρετὴν
2636 681 2732 734 καὶ
2749 683 2952 750 γνῶσιν
2979 685 3346 754 πνευματικοῦ
3361 685 3600 738 πλούτου
3627 687 3709 756 τὴν

475 775 760 844 ligentiam
813 781 939 828 sunt
968 773 1282 828 divitiarum
1322 776 1597 846 propriam
1625 775 1793 840 vitam
1825 773 2039 828 finiunt.

1714 789 1793 840 am
1825 773 2042 828 finiunt.
2149 767 2285 823 ἰδίαν
2308 769 2452 840 ζωὴν
2481 771 2864 825 καταλύουσιν.
3271 830 3278 837 ε

547 864 708 920 Vens.
731 863 822 917 23.
847 862 1147 917 Benedictio
1193 863 1410 918 Domini
1467 880 1622 934 super
1672 874 1830 934 caput
1885 863 2037 928 iusti.

2216 860 2320 932 κβ’.
2348 863 2611 931 Εὑλογία
2634 864 2856 932 Κυρίου
2900 863 2999 918 ἐπὶ
3039 865 3318 932 κεφαλὴν
3352 865 3619 922 δικαίου.
3654 856 3709 921 Ἦ

470 954 689 1024 Optima
747 955 893 1010 enim
946 955 1196 1010 doctrina
1242 954 1459 1012 Domini
1511 957 1756 1012 omnium
1810 955 1905 1010 Dei
1977 955 2034 1008 ad

2146 948 2256 1020 γάρ
2286 952 2596 1020 πανάγαθος
2625 952 2944 1007 διδασκαλία
2992 953 3088 1008 τοῦ
3136 955 3413 1009 Ascraei-ou
3448 958 3556 1010 τῶν
3590 959 3708 1011 ὅλων

471 1046 668 1100 ducem
721 1055 958 1100 mentem
997 1045 1244 1116 procedit
1273 1047 1415 1117 apud
1440 1061 1564 1101 eum
1589 1046 1684 1116 qui
1718 1060 1815 1115 per
1871 1043 2035 1098 adim-

2149 1039 2304 1108 Θεοῦ,
2360 1044 2608 1114 πρόεισιν
2667 1046 2760 1099 ἐπὶ
2815 1047 2908 1100 τὸν
2956 1048 3201 1116 ἡγεμόνα
3269 1047 3399 1100 νοῦν
3450 1047 3546 1101 τοῦ
3591 1053 3713 1102 κατὰ

469 1135 765 1205 plntipnem
821 1133 1136 1190 divinorum
1205 1135 1584 1190 mandatorum
1641 1134 2033 1206 irreprehensi-

2149 1132 2347 1202 πρᾶξιν
2374 1134 2482 1188 τῶν
2508 1135 2666 1189 θείων
2695 1137 2925 1192 ἐντολῶν
2947 1138 3252 1207 ἀμέμπτως
3280 1138 3713 1209 πολιτευομένου,

469 1227 655 1281 biliter
693 1227 848 1296 agit;
901 1226 1032 1294 quia
1080 1227 1556 1296 contemplationis
1620 1222 2033 1278 fundamentum

1957 1238 2041 1278 um
2151 1223 2228 1288 ὼς
2256 1225 2355 1294 τὴν
2383 1225 2584 1297 πρᾶξιν
2619 1229 2946 1298 ποιουμένου
2975 1227 3208 1300 θεωρίας
3234 1229 3521 1282 ἐπίϐασιν.

469 1319 742 1373 actionem
775 1317 990 1372 statuit.

538 1409 646 1463 Illa
669 1408 858 1463 divites
901 1409 1054 1479 facit.
1090 1407 1418 1480 Huiusmodi
1452 1407 1705 1463 doctrina
1755 1407 2045 1464 abundan-

2216 1397 2378 1465 Αὕτη
2413 1398 2732 1459 πλουτίζει.
2775 1399 2840 1452 Ἡ
2869 1398 3091 1470 τοιαύτη
3121 1397 3452 1454 διδασκαλία
3512 1401 3715 1470 ἀνενδεῆ

466 1503 575 1551 tem
614 1497 744 1551 facit
775 1497 1164 1567 spiritualibus
1201 1497 1508 1552 secundum
1561 1497 1820 1552 virtutem
1860 1507 1914 1553 et
1958 1498 2030 1554 in-

2152 1493 2292 1541 ποιεί
2311 1487 2405 1541 τοῦ
2430 1491 2550 1542 κατ’
2588 1491 2789 1560 ἀρετὴν
2813 1493 2906 1542 καὶ
2931 1491 3133 1558 γνῶσιν
3161 1493 3546 1562 πνευματικοῦ
3571 1494 3716 1547 πλού·

467 1588 826 1658 telligcntiam
858 1589 1088 1656 divitiis,
1116 1605 1242 1644 eum
1269 1589 1364 1658 qui
1401 1590 1508 1658 ipsi
1539 1589 1746 1644 obedit.

1401 1590 1508 1658 ipsi
1539 1589 1746 1644 obedit,
2143 1595 2237 1632 του
2264 1580 2358 1632 τὸν
2381 1580 2549 1652 ταύτῃ
2584 1582 2928 1652 πειθόμενον.

543 1679 723 1752 Neque
747 1681 974 1737 addetur
1003 1682 1091 1737 illi
1113 1683 1167 1736 in
1199 1683 1356 1736 corde
1382 1683 1626 1736 tristitia.
1658 1680 1722 1735 Et
1763 1682 1809 1737 si
1850 1681 2044 1752 hujus-

2217 1671 2325 1724 Καί
2367 1673 2439 1726 οὐ
2475 1673 2563 1741 μὴ
2615 1671 2920 1742 προστεθῇ
2963 1671 3120 1742 αὐτῇ
3183 1675 3352 1743 λύπη
3387 1675 3466 1728 ἐν
3499 1675 3714 1744 καρδίᾳ.

467 1772 613 1828 modi
661 1773 873 1829 laborat
925 1788 1156 1844 corpore
1195 1774 1340 1829 circa
1390 1774 1665 1838 virtutem,
1704 1781 1885 1826 tamen
1935 1789 2031 1827 non

2150 1763 2258 1817 Καὶ
2301 1765 2350 1816 εί
2376 1765 2404 1817 ό
2433 1765 2673 1829 τοιοῦτος
2695 1767 2851 1818 πονεῖ
2879 1767 3022 1818 κατὰ
3044 1764 3204 1836 σῶμα
3234 1767 3364 1838 περὶ
3379 1766 3484 1838 τὴν
3512 1767 3714 1838 ἀρετὴν,

467 1865 666 1920 sentiet
693 1879 791 1935 per
823 1865 1130 1920 doctrinam
1169 1865 1223 1920 in
1255 1879 1356 1920 sua
1391 1865 1573 1919 anima
1613 1864 1856 1920 tristitiae
1887 1865 2031 1920 addi-

2151 1856 2260 1910 ἀλλ’
2298 1858 2358 1911 οὐ
2387 1857 2601 1922 δέξεται
2627 1858 2948 1930 προσθήκην
2984 1857 3164 1928 λύπης
3191 1857 3552 1924 διδασκαλίας
3586 1863 3639 1914 ἐν
3660 1863 3715 1930 τῇ

463 1959 688 2024 tionem,
722 1972 820 2029 spe
852 1957 1050 2014 futurae
1071 1959 1341 2014 mercedis
1363 1957 1685 2014 delectatus.

2153 1947 2315 2002 αὑτοῦ
2343 1949 2513 2021 ψυχῇ,
2543 1952 2610 2021 τῇ
2633 1949 2806 2003 ἐλπίδι
2827 1950 2927 2020 τῆς
2955 1947 3258 2020 μελλούσης
3304 1951 3717 2023 μισθαποδοσίας

2145 2041 2664 2114 ἐπευφραινόμενος.

535 2139 706 2198 Vens.
732 2142 824 2197 25.
849 2140 918 2198 In
941 2143 1056 2197 risu
1079 2142 1272 2197 stultus
1290 2141 1424 2212 facit
1449 2141 1613 2196 mala.
1645 2141 1711 2196 Et
1742 2155 1867 2197 cum
1899 2141 2042 2197 lmti-

2215 2138 2320 2202 κγ’.
2359 2134 2457 2186 Ἐν
2494 2133 2706 2203 γέλωτι
2731 2132 2936 2202 ἄφρων
2969 2135 3232 2206 πράσσει
3264 2136 3445 2193 κακά.
3471 2136 3582 2190 Καὶ
3615 2136 3718 2206 μετ’

463 2234 540 2288 tia
577 2234 797 2302 quidem
825 2235 920 2305 qui
971 2251 1081 2290 non
1112 2235 1284 2289 Deum
1314 2233 1418 2289 fert
1447 2234 1503 2288 in
1556 2234 1723 2290 corde
1761 2249 1885 2300 suo,
1913 2233 2027 2289 facil

2152 2224 2482 2298 εὐφροσύνης
2547 2225 2668 2295 μὲν,
2725 2227 2753 2280 ό
2781 2227 2914 2280 Θεὸν
2942 2228 3001 2280 ἐν
3041 2229 3243 2300 καρδία
3278 2231 3354 2301 μὴ
3384 2231 3716 2302 περιφέρων,

466 2336 712 2396 peccata,
747 2329 875 2398 quia
905 2342 1014 2382 non
1045 2327 1218 2383 tristis
1246 2325 1474 2382 elfectus
1512 2336 1597 2382 est
1627 2326 1898 2382 minarum
1921 2327 2030 2398 ejus

2153 2319 2295 2370 ποιεῖ
2355 2317 2655 2390 ἁμαρτίας,
2675 2319 2758 2373 ὅτι
2804 2321 2938 2391 μηδέ
2983 2322 3274 2391 στυγνάζει
3322 2323 3404 2394 τῷ
3445 2323 3597 2394 φόϐῳ
3623 2321 3717 2374 τῶν

463 2421 688 2482 timore.
711 2419 767 2473 in
802 2418 870 2475 iis
903 2420 958 2474 in
986 2419 1189 2490 quibus
1213 2418 1505 2488 delinquit.

2143 2409 2311 2464 αὑτοῦ
2344 2410 2606 2475 ἀπειλῶν,
2638 2413 2723 2480 ἐφ’
2754 2407 2836 2476 οἷς
2863 2414 3201 2486 πλημμελεῖ.

535 2511 809 2580 Sapientia
878 2522 1054 2566 autem
1086 2512 1197 2565 viro
1251 2519 1464 2582 generat
1488 2509 1844 2579 prudentiam.
1888 2511 2041 2567 Divi-

2225 2500 2288 2555 'H
2316 2500 2386 2554 δὲ
2411 2502 2600 2571 σοφία
2657 2502 2831 2572 ἀνδρί
2852 2507 3036 2560 τίκτει
3064 2507 3385 2576 φρόνησιν.
3418 2507 3478 2561 Ὀ
3507 2506 3565 2560 δέ
3593 2505 3715 2568 θεῖος

465 2618 592 2656 num
619 2612 802 2657 autem
853 2603 1080 2658 verbum
1121 2602 1200 2657 illi
1235 2604 1326 2674 qui
1363 2607 1415 2656 in
1442 2617 1574 2657 suos
1619 2601 1847 2657 affectus
1876 2618 2029 2674 gene-

2151 2592 2318 2662 λόγος,
2340 2593 2418 2664 τῷ
2476 2593 2618 2648 κατά
2661 2595 2770 2648 τῶν
2800 2596 2990 2650 παθῶν
3039 2599 3413 2670 ἀνδριζομένῳ
3442 2602 3715 2656 ἀποτίκτει

465 2710 590 2748 rose
618 2702 840 2766 pugnat.
873 2695 925 2749 in
952 2695 1178 2766 agendis
1203 2693 1751 2766 circumspectionem
1778 2704 2029 2766 generat:

1876 2704 2038 2752 ιει-ειιε
2141 2687 2242 2760 τὴν
2263 2687 2321 2741 ἐν
2343 2689 2455 2752 τοῖς
2487 2687 2784 2760 πρακτέοις
2817 2689 3102 2746 εὐϐουλίαν
3121 2707 3136 2723 ο
3171 2693 3262 2746 καὶ
3294 2693 3440 2766 γὰρ,

465 2787 706 2854 Etenim,

537 2876 808 2933 Vansﬂl.
846 2874 913 2930 In
957 2877 1175 2932 interitu
1213 2877 1404 2948 impius
1447 2877 1807 2948 perturbatur.
1830 2877 1891 2932 In
1924 2879 2038 2950 pri-

2215 2869 2315 2924 κδ’.
2363 2871 2468 2924 Ἐν
2495 2870 2764 2937 ἀπωλείᾳ
2801 2869 3033 2939 ἀσεϐὴς
3069 2871 3476 2942 περιφέρεται,
3503 2874 3563 2928 ἐν
3588 2873 3708 2926 ἀπο-

463 2968 684 3024 vatione
706 2967 804 3024 Dei
835 2987 850 3035 ;
885 2969 976 3037 qui
1007 2982 1133 3023 eum
1161 2982 1272 3022 non
1305 2969 1436 3023 colit
1467 2970 1767 3024 secundum
1799 2982 2027 3026 contcm'

2147 2960 2310 3031 τυχία
2331 2959 2494 3015 Θεοῦ·
2527 2962 2556 3013 ό
2579 2961 2654 3033 μὴ
2681 2953 2857 3031 τιμῶν
2885 2962 3070 3045 αὑτὸν,
3098 2965 3239 3019 κατά
3269 2963 3507 3038 θεωρίαν
3535 2965 3627 3036 μὲν
3649 2964 3711 3026 ὡς

464 3059 758 3132 plationem
790 3059 1012 3128 quidem
1060 3065 1123 3112 ut
1171 3058 1482 3124 veritatem,
1523 3061 1826 3115 secundum
1879 3061 2028 3116 actio

2144 3053 2425 3124 ἀλήθειαν,
2471 3055 2611 3108 κατά
2665 3055 2864 3125 πρᾶξιν
2912 3054 2971 3108 δὲ
3032 3054 3109 3119 ὡς
3166 3056 3391 3124 ἀγαθὸν,
3436 3061 3554 3122 τοῖς
3605 3057 3707 3109 κατ’

463 3168 588 3210 nem
644 3159 828 3208 autem
886 3158 944 3206 ut
999 3151 1227 3218 bonum,
1284 3155 1637 3224 perturbatur
1698 3153 1754 3208 in
1799 3153 1870 3212 iis
1921 3170 2027 3225 qua

2146 3144 2384 3216 ἔλλειψιν
2421 3147 2519 3219 τῆς
2539 3146 2864 3220 ἀρετῆς-’καὶ
2895 3146 3204 3220 ὑπερϐολὴν
3243 3149 3445 3204 πάθεσι
3472 3147 3706 3222 περιτρέ-

464 3244 769 3302 secundum
811 3243 1082 3299 defectum
1113 3243 1339 3302 virtutis
1392 3253 1488 3301 aut
1538 3261 1826 3304 excessum
1885 3256 2038 3314 sunt,
2070 3216 2112 3273 δ
2147 3255 2328 3296 πεται·

463 3336 880 3406 cupiditatibus.
3351 3395 3364 3407 ς

538 3428 869 3484 Desiderium
911 3439 1087 3483 autem
1145 3429 1286 3500 justi
1346 3440 1643 3502 acceptum.
1697 3431 2040 3490 Desiderium

2228 3421 2544 3491 Ἐπιθυμία
2590 3419 2659 3475 δὲ
2687 3420 2923 3478 δικαίου
2965 3422 3170 3490 δεκτή.
3217 3422 3278 3477 Ἦ
3315 3422 3510 3493 ἔφεσις
3547 3423 3600 3476 δὲ
3624 3419 3701 3474 τοῦ

461 3530 642 3576 autem
676 3521 820 3577 illius
849 3521 943 3592 qui
976 3537 1073 3592 per
1099 3533 1304 3576 rectam
1349 3524 1518 3580 vitam
1564 3525 1734 3581 Deum
1776 3528 1932 3592 colit,
1967 3529 2025 3583 vi

2142 3515 2211 3569 δι’
2236 3515 2492 3588 ἐναρέτου
2523 3513 2798 3578 πολιτείας
2820 3515 3090 3587 τιμῶντος
3119 3515 3273 3580 Θεὸν,
3325 3515 3532 3588 δηλαδὴ
3553 3518 3580 3570 ό
3612 3513 3703 3584 πρὸ

460 3615 658 3668 delicet
685 3613 751 3668 ad
781 3629 902 3668 eum
940 3628 1052 3682 prae
1105 3615 1320 3672 caeteris
1361 3617 1618 3674 omnibus
1646 3619 1835 3686 ardor,
1875 3635 2024 3676 acce-

2139 3605 2250 3659 τῶν
2273 3605 2478 3660 λοιπῶν
2518 3606 2735 3660 πάντων
2765 3605 2902 3677 πρὸς
2925 3607 3087 3660 αὑτὸν
3111 3606 3296 3673 πόθος,
3326 3607 3703 3680 εὐπρόσδεκτος

460 3706 774 3778 ptissimum
802 3705 912 3762 Dco
943 3716 1051 3763 est.

953 3716 1051 3763 est.
2139 3695 2316 3767 τούτῳ
2349 3696 2517 3751 ἐστίν.

532 3796 698 3854 Vens.
722 3798 812 3854 25.
863 3799 1106 3855 Procella
1139 3811 1470 3864 transeunte,
1504 3802 1766 3856 evanescit
1820 3803 2038 3868 impius.

2213 3795 2311 3842 κε’.
2345 3788 2923 3860 Παραπορευομένης
2960 3787 3300 3860 καταιγίδος
3319 3831 3333 3854 ,
3381 3786 3698 3860 ἀφανίζεται

459 3887 526 3944 Et
552 3891 778 3946 minima
815 3891 1036 3962 quidem
1074 3895 1387 3950 tentatione
1425 3894 1546 3949 sive
1578 3894 1887 3950 voluntaria
1921 3895 2023 3950 sive

2136 3879 2385 3949 ἀσεϐής.
2410 3879 2520 3934 Καὶ
2574 3879 2804 3950 μερικοῦ
2861 3879 2962 3950 τῆς
2993 3879 3310 3950 πειρασμοῦ
3344 3879 3446 3932 εἷθ’
3471 3879 3694 3933 ἑκουσίου

459 3980 833 4037 inroluntaria
861 3997 928 4038 ex
971 3983 1271 4055 improviso
1300 3985 1731 4055 superveniente
1755 3999 1786 4038 a
1806 3985 2023 4041 malitia

2141 3971 2241 4024 εἴτ’
2273 3969 2555 4034 ἀκουσίου,
2614 3969 3040 4042 ἀπροσδοκήτως
3085 3969 3459 4040 ἐπερχομένου
3506 3968 3603 4022 ὑπὸ
3620 3968 3695 4017 τοῦ

458 4074 682 4144 spiritu,
735 4075 1006 4146 perditur,
1040 4077 1134 4147 qui
1187 4091 1297 4132 non
1338 4091 1437 4148 per
1512 4078 1930 4148 temperantiam
1983 4090 2022 4132 el

458 4166 778 4206 nationlinm
820 4170 986 4206 limum
1020 4167 1148 4206 r-nlir

2141 4063 2241 4133 τῆς
2281 4061 2546 4140 πονηρίας
2573 4061 2882 4133 πνεύματος
2901 4101 2916 4126 ,
2953 4061 3248 4114 ἀπόλλυται
3276 4062 3305 4114 ό
3337 4060 3412 4132 μὴ
3430 4061 3498 4115 δι’
3527 4062 3696 4129 ἐγκρα-

2141 4156 2290 4206 τείας
2322 4154 2418 4206 καὶ
2442 4155 2722 4206 ὑπομονῆς
2753 4153 2928 4206 τιμῶν
2949 4153 3040 4206 τὸν
3061 4153 3216 4206 Θεόν.

457 4166 778 4236 patientiam
818 4170 986 4220 Deum
1020 4167 1172 4222 colit.

2141 4156 2290 4218 τείας
2322 4154 2418 4208 καὶ
2442 4155 2722 4226 ὑπομονῆς
2753 4153 2928 4224 τιμῶν
2949 4153 3215 4240 τὸνθεόν.

415 4238 420 4244 ’
511 4253 696 4308 Justus
750 4264 924 4308 autem
961 4255 1234 4311 declinans
1273 4257 1512 4311 salvatur
1541 4259 1596 4311 in
1627 4264 1902 4311 aeternum.
1933 4255 1979 4324 Q

2210 4245 2447 4310 Δίκαιος
2479 4243 2548 4297 δὲ
2603 4244 2912 4309 ἐκκλίνας,
2953 4238 3197 4304 σώζεται
3239 4246 3328 4310 είς
3372 4245 3482 4300 τὸν
3513 4242 3689 4299 αίῶνα.

456 4352 642 4399 autem
673 4353 998 4418 temperata
1029 4347 1358 4404 voluntariis
1387 4363 1486 4418 per
1513 4348 1852 4418 voluptatem
1877 4349 2019 4418 cupi-

455 4435 744 4493 ditatibus.
787 4438 1028 4493 sustinet
1089 4447 1274 4493 autem
1313 4437 1620 4493 secundum
1675 4437 1920 4493 dolorem
1953 4437 2019 4492 in-

2155 4337 2214 4390 Ὀ
2275 4336 2332 4389 δὲ
2391 4335 2862 4407 ἐγκρατευόμενος
2897 4334 2996 4405 μὲν
3037 4335 3145 4388 τῶν
3177 4335 3301 4389 καθ’
3331 4336 3524 4408 ἡδονὴν
3562 4335 3693 4388 ἑκουο

2143 4423 2274 4477 σίων
2297 4422 2504 4490 παθῶν,
2538 4423 2826 4493 ὑπομένων
2877 4423 2936 4477 δέ
2985 4423 3054 4477 τὰ
3092 4423 3216 4478 κατ’
3244 4425 3438 4493 ὀδύνην
3469 4423 3690 4481 ἀκούσια,

499 4437 744 4500 itatibus,
787 4438 1028 4494 sustinet
1089 4447 1274 4494 autem
1313 4437 1620 4494 secundum
1675 4437 1920 4493 dolorem
1953 4437 2038 4492 in-

2143 4437 2274 4477 σιων
2297 4437 2504 4490 παυων,
2538 4437 2826 4494 ῡπομενων
2877 4437 2936 4477 σε
2985 4437 3054 4477 τα
3092 4437 3214 4478 κατ
3244 4437 3438 4495 Otii)qu
3469 4437 3689 4481 ἀκούσια,

456 4530 794 4596 voluntaria,
821 4529 1038 4602 fugiens
1073 4532 1208 4587 illud
1241 4531 1389 4603 quod
1445 4531 1748 4587 secmidum
1795 4531 2020 4585 animant

2143 4513 2230 4567 τὸν
2255 4512 2396 4566 κατά
2417 4512 2594 4584 ψυχὴν
2623 4511 2902 4583 διαφυγὼν
2933 4511 3198 4585 κίνδυνον,
3246 4514 3436 4587 ῥύεται
3465 4517 3557 4588 τῆς
3580 4514 3689 4568 αίω-

456 4631 541 4677 est
575 4625 911 4692 periculum,
941 4627 1011 4680 ab
1047 4637 1258 4682 aeterno
1293 4627 1570 4698 supplicio
1596 4627 1886 4684 liberatur.

2059 4583 2114 4642 D
2139 4603 2254 4658 νίου
2289 4583 2582 4668 κολάσεως.
3182 4583 3190 4585 ν
3246 4583 3259 4587 1

531 4712 696 4770 Vens.
731 4715 824 4770 26.
857 4715 1012 4772 Sicut
1044 4727 1254 4772 acetum
1306 4695 1546 4773 dentibus
1571 4720 1834 4786 nocivum,
1867 4727 1914 4773 et
1945 4719 2034 4786 fn-

2213 4702 2326 4762 κς’.
2354 4696 2584 4778 Ὥσπερ
2620 4695 2819 4766 ὄμφαε
2857 4697 3070 4752 ὀδοῦσι
3106 4697 3438 4767 βλαϐερὸν,
3482 4695 3574 4754 καί
3604 4709 3688 4748 κα-

455 4821 571 4859 mus
608 4807 796 4871 oculis,
815 4807 893 4859 ita
928 4807 1278 4878 transgressio
1295 4809 1557 4863 utentibus
1588 4809 1722 4877 ipsa.
1754 4807 1820 4862 Et
1840 4823 2019 4875 quem-

2139 4790 2292 4854 πνός
2333 4789 2616 4859 ὄμμασιν,
2673 4789 2828 4844 οὕτω
2857 4792 3200 4860 παρανομία
3228 4790 3353 4857 τοῖς
3395 4788 3685 4860 χρωμένοις

455 4894 748 4949 admodum
787 4895 1001 4950 fructus
1031 4877 1362 4951 iinmaturus
1377 4896 1622 4973 dentium
1645 4897 1898 4952 cilicaciaa
1917 4896 2019 4952 otti-

2137 4877 2313 4947 αὐτῇ.
2346 4879 2454 4932 Καὶ
2481 4877 2669 4951 ῶσπερ
2699 4879 2912 4950 καρπὸς
2935 4879 3034 4950 μὲν
3059 4881 3236 4948 ἄωρος
3260 4883 3326 4952 τῇ
3355 4879 3464 4934 τῶν
3492 4879 3683 4933 ὀδόντων

454 4985 548 5052 cit,
575 4986 862 5042 oculorum
888 4993 1072 5040 autem
1091 4986 1349 5043 etllcaciae
1383 4969 1589 5052 fumus,
1622 4988 1694 5042 ita
1725 4989 2018 5043 activarum

2137 4969 2392 5041 ἐνεργείᾳ
2440 4969 2782 5038 λυμαίνεται,
2820 4971 3030 5035 καπνὸς
3061 4970 3117 5024 δὲ
3145 4973 3210 5043 τῇ
3239 4971 3350 5025 τῶν
3399 4969 3678 5064 ὀφθαλμῶν.

454 5088 548 5133 aut
575 5077 1127 5147 contemplativarum
1165 5079 1362 5132 animae
1412 5079 1678 5132 virtutum
1731 5078 2018 5132 irrationa-

2137 5059 2281 5113 οὕτω
2328 5059 2438 5113 τῶν
2486 5061 2587 5131 τῆς
2635 5060 2817 5132 ψυχῆς
2865 5061 3190 5132 πρακτικῶν
3226 5061 3324 5117 καὶ
3365 5059 3680 5134 θεωρητικῶν

453 5169 581 5225 bilis
615 5168 759 5224 circa
786 5168 1047 5240 Jugitiva
1085 5185 1220 5225 usus
1273 5169 1325 5224 in
1357 5184 1424 5225 eo
1477 5184 1580 5225 usu
1628 5169 2017 5240 perseveranti-

2136 5149 2437 5222 δυνάμεων,
2470 5153 2503 5222 ἡ
2542 5151 2856 5223 παράλογος
2881 5153 3012 5224 περὶ
3056 5152 3126 5206 τὰ
3155 5152 3474 5235 πρόσκαιρα
3492 5149 3675 5224 χρῆσις.

454 5260 723 5331 bus;qui
755 5261 978 5332 quidem
1027 5262 1237 5318 activas
1269 5276 1460 5318 eorum
1513 5262 1662 5315 vires
1719 5275 1816 5330 per
1867 5260 2018 5328 inop-

2135 5243 2249 5304 τοῖς
2273 5243 2404 5314 περὶ
2436 5243 2642 5311 ταύτην
2695 5244 3148 5313 κατατινομένοις
3175 5259 3189 5274 ’
3213 5243 3290 5310 ὡς
3311 5243 3408 5308 τὰς
3433 5244 3533 5315 μὲν
3561 5251 3672 5307 πρα-

455 5325 741 5420 portunam
773 5325 1108 5422 beneplaciti
1137 5351 1456 5408 fruitioncm
1487 5351 1552 5406 ad
1595 5325 1737 5406 veri-
1758 5351 1885 5405 boni
1933 5325 2019 5420 0—p-

2136 5329 2330 5391 κτικάς
2361 5329 2568 5384 τούτων
2599 5331 2880 5400 δυνάμεις,
2902 5325 2991 5386 οἷά
3012 5333 3116 5403 πέρ
3133 5351 3286 5398 τινας
3306 5333 3525 5396 ὀδόντας
3537 5330 3675 5422 aint»:

455 5417 761 5512 portunam,
796 5455 856 5502 ut
882 5417 1152 5520 quosdam
1219 5448 1414 5504 dentes
1469 5447 1742 5502 inhabiles
1800 5445 2019 5506 reddit:

2134 5420 2252 5491 διᾷν
2283 5421 2534 5486 ποιοῦσα.
2559 5423 2696 5494 πρὸς
2731 5421 2825 5494 τὴν
2854 5424 2997 5478 κατά
3018 5424 3210 5496 καιρὸν
3233 5425 3327 5480 τοῦ
3347 5425 3518 5490 ὄντως
3542 5417 3672 5476 καλοῦ

453 5537 899 5606 contemplativis
935 5546 1145 5601 autem,
1178 5553 1331 5594 more
1364 5536 1520 5600 fumi,
1546 5537 1804 5592 tenebras
1852 5535 2017 5590 obdu-

2137 5513 2457 5576 ἀπόλαυσιν,
2487 5513 2575 5568 διά
2606 5514 2704 5585 τὴν
2734 5515 2882 5588 παρὰ
2921 5519 3115 5587 καιρὸν
3139 5516 3230 5571 τοῦ
3247 5516 3558 5581 δοκοῦντος*
3583 5507 3673 5606 ταῖς

455 5622 529 5673 cit
561 5638 579 5685 ;
611 5633 658 5676 et
695 5641 818 5679 cum
852 5627 1158 5698 abigeudus
1181 5635 1324 5682 esset
1366 5643 1462 5698 per
1495 5629 1908 5698 intelligentiam
1971 5627 2019 5680 in

2137 5603 2191 5657 δὲ
2219 5605 2606 5676 θεωρητικαῖς,
2625 5606 2784 5677 δίκην
2817 5608 3048 5673 καπνοῦ,
3073 5609 3458 5675 ἐπισκοτοῦσα,
3484 5606 3570 5662 καὶ
3595 5593 3672 5668 πρδ

456 5713 672 5775 ειιξιὶιιι,
715 5729 818 5768 non
871 5727 1103 5784 possunt
1126 5733 1221 5772 eos
1253 5718 1502 5774 veritatis
1537 5718 1718 5772 radios
1755 5717 2020 5786 aspicere.

2137 5696 2229 5749 τοῦ
2263 5698 2600 5767 ἀπελαθῆναι
2623 5698 2792 5769 αὐτὴν
2814 5699 2902 5753 διὰ
2933 5701 3032 5770 τῆς
3054 5702 3110 5753 ἐν
3139 5701 3411 5770 πνεύματι
3438 5699 3668 5768 γνώσεως.

2143 5786 2218 5855 μὴ
2247 5789 2636 5859 συγχωροῦσιν,
2664 5791 2892 5854 ταύταις
2931 5791 3171 5864 καθορᾷν
3205 5793 3302 5856 τὰς
3335 5791 3431 5862 τῆς
3460 5781 3670 5863 ἀληθείας

2142 5899 2335 5948 αυγαξ.
