3960 6230
455 340 590 406 1393

1121 434 1272 491 CAP.
1303 431 1394 486 Xl.

525 541 695 591 Vens.
733 537 780 588 l.
814 531 1031 585 Statera
1065 528 1272 590 dolosa,
1303 524 1634 578 abomitiatio
1677 532 1802 576 ante
1851 519 2030 573 Domi-

454 647 602 685 :tum.
630 627 694 680 Et
725 624 946 696 quidem
980 619 1046 671 ad
1071 618 1336 670 virtutum
1365 613 1610 668 delectus
1639 613 1720 666 vel
1747 625 2026 672 excessus,

457 726 522 776 ad
550 722 867 774 alterutram
904 716 1111 781 partem
1135 716 1426 778 vergentes
1459 705 1655 758 anima:
1703 701 2030 774 dispositioa

459 831 576 875 nes,
613 809 845 865 odibilcs
877 811 1005 859 sunt
1034 806 1160 854 ante
1186 797 1384 853 faciem
1439 796 1594 850 illius
1641 795 1736 866 qui
1780 793 2032 865 prohibet

459 926 525 962 ne
552 905 894 961 declinemus
930 892 998 947 ad
1035 893 1341 955 dexteram,
1369 889 1454 946 vel
1476 889 1543 946 ad
1592 888 1897 950 sinistram,
1930 883 2033 938 Do-

456 999 588 1058 mini
613 994 854 1051 omnium
882 989 994 1052 Dei,
1026 995 1137 1040 uta
1164 1000 1291 1040 vero
1307 985 1449 1040 bono
1475 992 1531 1040 et
1575 981 1835 1051 utrinque
1880 979 2034 1032 aber-

457 1103 666 1149 rantes.

527 1183 745 1236 Pondus
773 1195 900 1234 vero.
927 1191 1132 1253 (equum
1164 1180 1456 1240 acceptum,
1478 1167 1581 1222 illi.
1606 1167 1738 1232 Quae
1767 1165 1820 1218 in
1853 1160 2033 1216 medio

455 1275 675 1329 virtutis
712 1269 1100 1340 contemplans
1161 1280 1270 1319 non
1312 1261 1554 1318 declinat
1591 1257 1656 1312 ad
1700 1254 2034 1326 cupiditates
2070 1302 2076 1310 .

457 1365 758 1423 secundum
800 1361 1022 1416 virtutis
1071 1356 1344 1412 defectum
1411 1361 1506 1406 aut
1550 1347 2032 1421 exaggerationem

455 1460 650 1512 animae
679 1453 989 1524 dispositio,
1007 1448 1084 1503 illi
1107 1448 1247 1504 bene
1272 1450 1496 1515 accepta
1525 1448 1610 1496 est
1631 1457 1648 1506 ;
1669 1439 1876 1509 quippe
1901 1449 2025 1506 qua:

453 1563 583 1602 vero
615 1548 760 1601 bono
789 1542 1029 1599 Studeat.

521 1640 690 1694 Vsus.
726 1634 782 1691 ε.
817 1635 934 1702 Quo
976 1633 1218 1702 ingressa
1251 1627 1354 1682 erit
1383 1621 1722 1685 contumelia,
1753 1620 1826 1674 ibi
1866 1628 1912 1673 et
1941 1618 2030 1672 de-

1766 323 2110 384 PROCOPI]
2152 323 2393 384 GAZJ‘ZI

2055 449 2098 490 Λ

3571 317 3688 383 1324

2737 425 2987 480 ΚΕΦΑΛ.
3013 423 3074 478 ΙΑ
3095 463 3108 477 .

2195 529 2266 575 α’.
2297 522 2476 592 Ζυγοὶ
2490 518 3036 588 δόλιοι,,ϐδέλυγμα
3059 516 3316 570 ἐνώπιον
3339 515 3575 582 Κυρίου.
3597 515 3700 567 Καὶ

2130 617 2185 668 al
2221 615 2316 684 μὲν
2351 614 2487 684 πρὸς
2517 611 2616 676 τὰς
2647 610 2914 678 ἐλλείψεις
2940 609 3048 662 τῶν
3080 608 3293 678 ἀρετῶν
3319 605 3521 669 καὶτὰς
3542 607 3688 676 ὑπερ·

2131 706 2314 769 ϐολὰς,
2354 705 2740 777 ἑτερορρεπεῖς
2787 701 2888 771 τῆς
2933 701 3112 772 ψυχῆς
3144 700 3432 762 διαθέσεις,
3470 715 3690 767 μεμιση-

2133 799 2294 869 μέναι
2324 797 2464 850 εἰσὶν
2509 793 2823 865 ἔμπροσθεν
2861 791 2954 845 τοῦ
2993 790 3378 859 ὲντελλομένου
3429 789 3507 858 μὴ
3539 789 3700 841 ἐκκλί-

2131 907 2242 944 νειν
2271 889 2420 960 ἡμᾶς
2462 886 2585 958 μήτ’
2623 888 2704 948 εἰς
2745 885 2812 938 τὰ
2840 883 3012 950 δεξιὰ,
3041 882 3168 954 μήτ’
3205 883 3285 946 εἱς
3333 883 3380 935 τ’
3424 881 3700 950 ἀριστερὰ,

2130 982 2401 1033 Δεσπότου
2449 977 2558 1030 τῶν
2584 978 2724 1031 ὅλων
2751 974 2910 1041 Θεοῦ,
2961 973 3037 1036 ὡς
3080 972 3176 1026 τοῦ
3219 973 3390 1036 ὅντως
3421 969 3589 1025 καλοῦ
3618 972 3702 1024 καὶ

2083 1066 2087 1068 ’
2133 1069 2528 1143 ἀμφοτέρωθεν
2563 1066 2998 1139 ἁμαρτάνουσαι.

2203 1160 2503 1231 Στάθμιον
2555 1158 2624 1212 δὲ
2663 1158 2919 1224 δίκαιον,
2968 1155 3184 1211 δεκτόν
3230 1153 3411 1218 αὐτῷ.
3461 1154 3526 1206 Ἦ
3562 1153 3617 1204 ὲν
3643 1153 3705 1224 τῇ

2137 1253 2396 1326 μεσότητι
2427 1252 2486 1305 δὲ
2533 1251 2635 1322 τῆς
2682 1251 2884 1321 ἀρετῆς
2919 1247 3270 1318 θεωρουμένη
3301 1243 3554 1318 ἀῤῥεπὴς
3582 1243 3705 1312 πρὸς

2131 1352 2202 1403 τά
2231 1348 2354 1404 κατ’
2392 1347 2631 1418 ἔλλειψιν
2666 1344 2876 1416 ταύτης
2919 1345 3016 1398 καὶ
3063 1340 3371 1414 ὑπερϐολὴν
3417 1338 3571 1406 πάθη
3601 1336 3706 1390 διὰ-

2135 1443 2286 1506 θεσις
2323 1441 2422 1511 τῆς
2473 1439 2674 1510 ψυχῆς,
2725 1437 3124 1509 εὐπρόσδεκτος
3163 1436 3402 1506 ὑπάρχει
3458 1431 3608 1502 αὑτῷ
3642 1429 3705 1493 ὡς

2133 1532 2226 1587 τοῦ
2254 1533 2424 1597 ὅντως
2452 1531 2755 1602 ὁρεγομένη
2785 1530 2980 1584 καλοῦ.
3141 1591 3149 1600 ,

2206 1623 2272 1695 β’.
2317 1618 2401 1679 Οὗ
2453 1623 2564 1676 ἐὰν
2617 1621 2862 1690 εἰσέλθῃ
2909 1622 3114 1690 ὕϐρις,
3163 1619 3292 1674 ἐκεῖ
3339 1619 3440 1672 καὶ
3494 1617 3706 1687 ἀτιμία.

454 1735 632 1788 decus.
681 1729 958 1798 Etsuper
995 1739 1146 1787 eum,
1197 1721 1252 1776 in
1285 1734 1446 1791 quem
1477 1719 1786 1788 ingressum
1823 1714 1929 1767 erit
1965 1727 2030 1765 ex

2158 1716 2246 1769 {at
2277 1715 2362 1782 ἐφ’
2397 1713 2458 1768 ὃν
2486 1713 2586 1784 μὲν
2620 1712 2686 1767 ἂν
2712 1711 3080 1766 εἰσελεύσεται
3119 1712 3178 1778 ἐξ
3205 1710 3588 1780 ὑπερηφανίας
3616 1708 3710 1778 μῶ-

455 1825 773 1896 arrogantia
807 1821 1068 1892 probrum
1107 1821 1297 1874 contra
1331 1810 1667 1884 proximum,
1705 1807 1876 1861 irruet
1911 1819 2022 1874 per-

2158 1825 2238 1870 ιος
2273 1805 2417 1862 κατά
2469 1805 2564 1858 τοῦ
2603 1805 2796 1872 πέλας,
2829 1803 2976 1874 πάθη
3004 1803 3230 1874 ἀτιμίας
3255 1799 3400 1857 κατά
3433 1799 3708 1870 συγχώρη-

455 1921 627 1974 missu
679 1916 865 1972 divino
915 1910 1206 1966 dedecoris
1251 1907 1432 1974 dolor,
1465 1901 1910 1960 utbumilitatem
1942 1896 2028 1952 di-

455 2020 592 2066 ερειι.
1816 2038 1826 2045 .

530 2104 690 2157 \‘Ens.
733 2101 786 2155 5.
833 2096 905 2154 Os
962 2103 1139 2148 autem
1181 2087 1463 2144 humilium
1496 2093 1651 2138 curat
1691 2079 2026 2148 sapientiam.

455 2195 656 2249 Eoum
692 2200 870 2246 autem
910 2183 1172 2257 cogitatio
1217 2179 1312 2252 qui
1360 2192 1483 2234 sese
1530 2175 1598 2231 de
1637 2174 1754 2230 suis
1788 2169 2030 2243 peccatis

459 2273 886 2358 reprehendunt,
911 2280 1079 2336 discit
1103 2273 1450 2348 sapientiam,
1475 2269 1694 2324 initium
1725 2265 1848 2336 ejus
1881 2263 2032 2318 timo—
2064 2304 2074 2313 .

457 2397 571 2434 rem
597 2377 813 2432 Domini
836 2373 1065 2428 iaciens.

479 2512 486 2520 .
526 2471 694 2526 Vens.
719 2469 766 2523 ι.
787 2467 1027 2522 Mortuus
1033 2463 1212 2534 justus
1236 2457 1446 2528 reliquit
1459 2453 1840 2524 paenitentiam.
1859 2447 2033 2530 Eloc-

455 2566 604 2618 cisus
638 2559 860 2632 quidem
883 2557 977 2628 qui
1023 2547 1580 2623 irreprehensibiliter
1599 2543 1812 2614 agebat,
1837 2539 1917 2596 eis
1939 2538 2030 2610 qui

459 2660 513 2726 ip
529 2670 635 2707 ~um
655 2629 996 2710 occiderunt,
1019 2639 1396 2714 paenitentiam
1423 2636 1648 2706 reliquit
1664 2633 1810 2688 deiis
1835 2645 1957 2701 quae
1975 2629 2032 2684 in

459 2750 634 2817 ipsum
663 2743 1026 2804 admiserunt,
1048 2733 1304 2806 ιιι-πειθηιὶ
1337 2727 1559 2800 quidem
1609 2733 1858 2794 tempore
1907 2735 2034 2776 con-

458 2839 744 2918 scientiam
783 2833 1208 2906 percutientein,
1243 2825 1429 2882 futuro
1459 2826 1644 2878 autem
1678 2807 1884 2872 saeculo
1915 2827 2036 2884 per-

465 2941 628 3003 pi-tuo
649 2929 991 3002 punientem.

536 2998 858 3090 Repentinus
909 3023 1088 3068 autem
1133 3009 1331 3065 accidit
1357 3015 1407 3062 et
1427 3002 1698 3076 jucundus
1753 2998 2036 3068 impiorum

469 3116 739 3167 interitus.
769 3108 886 3162 Non
915 3103 1183 3159 inhibitus
1224 3107 1402 3154 autem
1437 3095 1640 3151 accidit
1663 3100 1718 3146 et
1759 3088 2035 3160 jucuu'lus

417 3215 420 3218 ’
463 3207 604 3260 male
639 3201 922 3272 agentium
947 3206 1002 3252 et
1028 3197 1151 3252 ideo
1185 3208 1293 3248 non
1319 3189 1616 3246 colentium
1647 3185 1816 3240 Deum
1843 3179 2041 3235 interi-

465 3311 591 3362 tus;
631 3295 760 3366 quia
811 3301 864 3348 et
905 3303 1095 3362 punias
1150 3286 1229 3340 illi
1284 3282 1427 3338 male
1486 3286 1736 3334 actorum
1785 3272 2043 3346 praasenti

463 3401 713 3459 tempore
741 3385 1036 3446 dederunt,
1071 3388 1126 3436 et
1156 3377 1224 3432 ab
1273 3374 1385 3430 illis
1413 3371 1620 3442 injuste
1671 3367 1867 3432 habiti,
1897 3378 2047 3420 acce-

465 3482 572 3552 ptis
597 3480 666 3535 ab
707 3475 901 3532 iisdem
927 3470 1150 3543 injuriis
1201 3465 1418 3523 liberati
1443 3469 1593 3522 sunt.

537 3659 700 3714 Vnus.
719 3659 771 3712 5.
797 3654 1022 3710 Iustitia
1038 3649 1290 3729 simplicis
1301 3645 1480 3717 dirigit
1497 3644 1622 3698 vias.
1637 3639 1851 3695 Etenim
1865 3638 2050 3692 immo-

465 3761 580 3808 tum
629 3751 696 3806 de
717 3747 943 3819 agendis
977 3743 1246 3815 judicium
1305 3732 1861 3808 irreprehensibiliter
1893 3744 2053 3800 agen-

469 3851 537 3904 tis
578 3812 908 3901 inﬂexibiles
927 3812 994 3893 ad
1015 3836 1344 3908 cupiditates
1361 3829 1661 3888 secundum
1681 3821 2054 3879 virtutisdele-
2081 3812 2084 3816 ’

469 3954 616 3996 ctum
651 3947 744 3992 aut
777 3947 1059 3991 excessum
1124 3929 1253 3983 facit
1285 3925 1406 3996 ejus
1461 3921 1762 3980 secundum
1793 3916 2050 3971 virtutem

470 4033 692 4090 semitas
725 4047 739 4094 ς
780 4029 832 4082 in
863 4025 1066 4096 quibus
1120 4029 1243 4092 post
1287 4019 1464 4088 ipsum
1501 4012 1848 4070 ambulantes
1871 4007 2054 4062 salute

470 4123 616 4195 digni
657 4121 953 4176 habentur.

546 4237 610 4291 In
640 4234 912 4300 impietate
941 4235 1117 4281 autem
1135 4231 1344 4279 corruet
1376 4219 1586 4287 impius.
1609 4215 1664 4270 lu
1700 4209 2052 4284 ignominiam

477 4331 566 4384 liei
601 4343 695 4400 per
718 4299 953 4380 maliti-.e
991 4333 1159 4390 opera
1187 4313 1382 4370 incidit
1409 4313 1502 4384 qui
1535 4306 1923 4382 mandatorum
1960 4299 2054 4355 Dei

477 4424 647 4491 legent
687 4417 966 4488 reprobat.
988 4413 1225 4476 Etenim,

544 4533 712 4589 Vens.
747 4533 798 4586 6.
827 4528 1051 4585 Iustitia
1097 4528 1196 4582 viri
1248 4521 1375 4578 recti
1409 4517 1649 4573 liberabit
1679 4529 1787 4569 cos.
1814 4509 2056 4580 Irrepre-
2083 4491 2132 4551 ο

433 4687 437 4692 ,
475 4627 764 4683 heusibilis
791 4623 1011 4694 quidem
1045 4635 1234 4675 eorum
1263 4617 1372 4670 vita
1404 4613 1500 4684 qui
1530 4621 1792 4681 generose
1823 4606 1878 4660 in
1911 4601 2060 4672 cupi-

477 4721 677 4775 ditates
723 4726 988 4788 pugnant,
1043 4721 1098 4768 et
1145 4707 1494 4765 inﬂexibilem
1533 4701 1600 4757 ad
1655 4697 1854 4755 malum
1892 4695 2060 4750 virtu-

477 4814 552 4870 tis
587 4787 815 4866 cursum
846 4807 1077 4868 lar-inut,
1109 4818 1206 4858 eos
1243 4799 1440 4869 eripiet
1489 4796 1556 4850 ah
1587 4808 1652 4848 eo
1684 4787 1828 4860 quod
1859 4801 2058 4844 secun-

478 4903 608 4958 dttm
637 4901 878 4956 animam
905 4912 999 4966 per
1021 4891 1354 4962 cupiditates
1369 4887 1524 4958 juxta
1547 4875 2058 4940 delectumvirtutis

481 5004 577 5049 aut
596 5005 888 5048 excessum
911 4995 1014 5052 est,
1061 4981 1325 5056 periculo,

557 5106 844 5178 Impietate
871 5111 1051 5156 autent
1083 5115 1181 5154 sua
1214 5095 1495 5164 capiuntur
1546 5095 1862 5158 peccatores.
1890 5081 2060 5137 Deum

483 5198 784 5255 secundum
833 5197 1072 5250 animam
1124 5208 1233 5246 non
1287 5189 1666 5252 colentesgsua
1702 5175 2062 5248 dispositione

485 5293 799 5361 capiuntur,
846 5290 938 5358 qui
993 5286 1309 5340 divinorum
1347 5276 1732 5336 mandatorum
1767 5273 1935 5339 legem
1978 5281 2062 5320 t‘e-

487 5385 743 5454 probant.

559 5497 727 5553 Vsus.
783 5497 834 5552 7.
875 5494 1084 5549 Mortuo
1141 5491 1347 5546 homine
1391 5494 1562 5559 justo,
1597 5499 1703 5536 non
1759 5477 1895 5548 perit
1925 5490 2058 5543 spes.

499 5588 565 5643 Et
597 5571 813 5642 mortuo
838 5587 1057 5654 quidem
1093 5586 1184 5638 illo
1207 5583 1298 5654 qui
1334 5583 1390 5635 in
1422 5575 1754 5647 cupiditates
1795 5581 2062 5639 generose

493 5677 763 5749 pugnavit
797 5687 848 5730 et
878 5693 906 5730 a
952 5676 1174 5729 virtutis
1223 5671 1508 5729 laboribus
1564 5681 1674 5721 non
1725 5662 1982 5718 cessavit.
2015 5671 2066 5713 et

491 5768 892 5826 momentaneis
925 5779 1126 5821 arterna
1161 5762 1510 5835 anteposuit,
1540 5771 1868 5815 :etcrnorum
1895 5755 2057 5810 bono-
2084 5777 2089 5784 ο

2139 1915 2223 1951 σιν
2265 1897 2418 1950 Θείαν
2453 1893 2870 1965 καταλαμϐάνει
2919 1892 3102 1958 αὑτὸν,
3142 1892 3210 1946 ἵν’
3255 1889 3594 1958 ὲκπαιδευθῇ
3623 1905 3704 1940 τα·

2137 1989 2531 2060 πεινοφρονεῖν.

2207 2081 2278 2151 γ’.
2299 2081 2496 2150 Στόμα
2518 2079 2586 2133 δὲ
2599 2077 2898 2133 ταπεινῶν
2914 2075 3138 2148 μελετᾷ
3177 2078 3424 2148 σοφίαν.
3439 2066 3508 2130 Ἦ
3534 2075 3589 2130 δὲ
3608 2075 3715 2130 διά·-

2137 2192 2253 2228 νοια
2279 2173 2388 2227 τῶν
2411 2171 2879 2244 ἐπιμεμφομένων
2907 2172 3123 2233 ἑαυτοῖς
3151 2170 3246 2224 ἐπὶ
3283 2172 3396 2234 τοῖς
3423 2167 3719 2240 παραπτών

2141 2283 2292 2338 μασι,
2315 2265 2578 2336 μανθάνει
2609 2262 2820 2334 σοφίαν·
2849 2263 3024 2336 ἀρχὴν
3049 2261 3256 2335 ταύτης
3272 2261 3364 2315 τὸν
3390 2261 3488 2316 τοῦ
3519 2259 3712 2332 Κυρίου

2139 2357 2304 2428 φόϐον
2331 2357 2650 2427 ποιουμένη.

2207 2451 2268 2505 δ’.
2311 2446 2662 2504 Ἀποθανὼν
2696 2447 2928 2514 δίκαιος
2974 2445 3146 2501 ἔλιπε
3191 2445 3560 2516 μετάμελον.
3603 2444 3706 2496 Καὶ

2142 2539 2420 2611 φονευθεὶς
2457 2538 2555 2609 μὲν
2588 2539 2618 2592 ὁ
2653 2537 2961 2607 ἀμέμπτως
2981 2522 3425 2605 πολιτευόμενος,
3466 2534 3711 2588 κατέλιπε

2139 2636 2252 2696 τοῖς
2282 2632 2446 2686 αὑτὸν
2481 2629 2878 2693 θανατώσασιν,
2921 2631 3008 2699 ἐφ’
3036 2621 3122 2693 οἷς
3151 2629 3232 2692 είς
3267 2627 3434 2682 αὑτὸν
3464 2627 3710 2696 πεπλημ-

2145 2727 2438 2798 μελήκασι,
2484 2723 2872 2797 μεταμέλειαν,
2917 2721 3016 2794 τὴν
3059 2720 3284 2776 κατὰτὸ
3319 2721 3501 2791 παρδν
3535 2719 3632 2790 μὲν
3659 2718 3710 2770 τὸ

2145 2817 2382 2880 συνειδὸς
2442 2817 2808 2888 πλήττουσαν,
2855 2815 3000 2871 κατὰ
3036 2815 3098 2868 τὺ
3137 2813 3330 2886 μέλλον
3354 2813 3414 2866 δὲ
3458 2811 3709 2884 διηνεκῶς
3848 2885 3849 2892 γ

2142 2911 2370 2976 κολάζου
2377 2927 2494 2968 σαν.

2214 3004 2538 3073 Πρόχειρος
2585 3001 2654 3056 δὲ
2685 3003 2912 3074 γίνεται
2969 3001 3069 3054 καὶ
3118 3001 3448 3069 ἐπίχαρτος
3493 2997 3710 3054 ἀσεϐῶν

2144 3093 2433 3151 ἀπώλεια.
2484 3093 2789 3157 Ἀκὼλυτος
2821 3093 2879 3147 δὲ
2925 3091 3136 3163 γίνεται
3163 3091 3257 3146 καὶ
3299 3091 3651 3162 εὑφρὸσυνος,
3683 3091 3708 3142 6

2145 3185 2254 3240 τῶν
2279 3183 2628 3258 ικακοποιῶν,
2664 3185 2758 3240 καὶ
2787 3183 2876 3238 διὰ
2919 3183 3077 3238 τοῦτο
3123 3181 3200 3254 μὴ
3242 3181 3533 3255 τιμώντων
3571 3183 3706 3242 Θεὸν,

2147 3274 2398 3346 ὄλεθροςο
2436 3273 2532 3357 ’ὅτι
2569 3291 2630 3328 τε
2662 3274 2762 3338 τὰς
2799 3273 2954 3336 δίκας
2995 3265 3141 3328 οὗτοι
3185 3273 3294 3328 τῶν
3323 3273 3517 3337 αὑτοῖς
3545 3269 3708 3334 κακῶς

2150 3367 2578 3440 πεπραγμένων,
2624 3367 2766 3422 κατὰ
2812 3367 2873 3422 τὸ
2926 3366 3114 3438 παρὸν·
3153 3365 3481 3432 ἀπέδωκαν,
3533 3365 3623 3419 καὶ
3667 3362 3708 3415 ol

2151 3459 2280 3531 παρ’
2307 3457 2487 3512 αὑτῶν
2508 3457 2876 3530 τκακούμενοι.
2913 3457 3022 3513 τῶν
3055 3457 3187 3531 παρ’
3213 3456 3396 3514 αὐτῶν
3435 3459 3708 3512 κακώσεων

2150 3549 2570 3622 ἀπηλλάγησαν.
2678 3552 2683 3557 ’

2222 3649 2284 3698 ε’.
2317 3643 2680 3712 Δικαιοσύνη
2727 3641 2973 3714 ἀμώμου
3025 3641 3334 3711 ὁρθοτομεῖ
3367 3641 3568 3708 ὁδούς.
3617 3638 3707 3694 Καὶ

2151 3735 2258 3806 γάρ
2275 3738 2308 3806 ἡ
2340 3735 2588 3807 ἀρρεπὴς
2613 3735 2706 3789 ἐπὶ
2733 3739 2848 3798 τοῖς
2881 3735 3178 3806 πρακτέοις
3213 3733 3394 3806 κρίσις
3420 3735 3518 3788 τοῦ
3547 3731 3708 3804 ἀμέμ-

2155 3845 2306 3892 πτως
2337 3828 2786 3900 πολιτευομένου,
2824 3827 3262 3900 ἀπαρεγκλίτους
3313 3829 3455 3898 πρὸς
3505 3828 3570 3880 τὰ
3606 3822 3708 3880 κατ’

2154 3919 2391 3992 ἔλλειψιν
2409 3921 2511 3992 τῆς
2547 3921 2752 3992 ἀρετῆς
2785 3922 2878 3974 καὶ¹
2917 3919 3224 3990 ὑπερϐολὴν
3253 3917 3403 3990 πάθη
3453 3920 3594 3972 ποιεῖ
3627 3915 3708 3978 τὰς

2155 4013 2276 4067 κατ’
2309 4013 2512 4084 ἀρετὴν
2554 4013 2780 4085 τρίϐους
2817 4011 2981 4068 αὑτοῦ
3013 4029 3029 4045 ο
3067 4011 3132 4077 ἃς
3159 4013 3212 4066 ol
3239 4012 3522 4082 ἑπομένως
3558 4011 3706 4078 τούτῳ

2157 4105 2454 4170 ὁδεύοντες,
2489 4106 2766 4178 σωτηρίας
2798 4105 3103 4174 ἀξιοῦνται,

2239 4219 2504 4286 Ἇσεϐεἰᾳ
2539 4218 2610 4273 δὲ
2644 4219 2984 4288 περιπίπτει
3011 4219 3254 4288 ἄνομος.
3297 4217 3390 4282 Et;
3428 4213 3704 4288 ἀτιμίανᾶ

2158 4310 2318 4376 Θεοῦ,
2345 4311 2434 4366 διὰ
2457 4311 2566 4365 τῶν
2595 4311 2694 4384 τῆς
2733 4311 2934 4374 κακίας
2963 4309 3160 4382 ἔργων,
3187 4310 3454 4382 ἐμπίπτει
3474 4313 3504 4366 ὁ
3527 4307 3705 4364 ἀθετῶν

2158 4404 2250 4458 τὸν
2273 4403 2437 4476 νόμον
2457 4402 2568 4458 τῶν
2590 4402 2684 4456 τοῦ
2708 4402 2842 4456 Θεοῦ
2863 4403 3116 4457 ἐντολῶν.
3145 4402 3255 4456 Καὶ
3284 4403 3421 4474 γὰρ,

2233 4526 2306 4584 ς’.
2339 4521 2704 4588 Δικαιοσύνη
2737 4517 2973 4588 ἀνδρῶν
2994 4518 3186 4587 ὀρθῶν
3205 4519 3461 4588 ῥύσεται
3491 4516 3702 4579 αὐτούς.

2174 4607 2238 4686 Ἡ
2291 4609 2392 4679 μὲν
2437 4609 2728 4680 ἄμεμπτος
2761 4608 3011 4662 πολιτεία
3045 4606 3152 4662 τῶν
3199 4607 3339 4662 κατά
3381 4607 3493 4661 τῶν
3547 4603 3704 4659 παθῶν

2160 4700 2584 4772 ἀνδριζομένων,
2617 4702 2714 4754 καὶ
2745 4701 3146 4772 ἀπαρέγκλιτον
3170 4699 3307 4771 πρὸς
3328 4699 3527 4754 κακίαν
3548 4712 3702 4750 ποιου·

2164 4794 2344 4867 μένων
2391 4794 2484 4846 τὸν
2532 4793 2732 4865 δρόμον
2795 4797 2895 4866 τῆς
2949 4794 3172 4866 ἀρετῆς,
3216 4792 3481 4858 ὲξελείται
3511 4789 3701 4845 τούτους

2159 4883 2255 4937 τοῦ
2289 4883 2434 4938 κατά
2462 4883 2662 4956 ψυχὴν,
2713 4883 2802 4938 διὰ
2829 4884 2938 4937 τῶν
2973 4885 3096 4938 κατ’
3124 4883 3359 4952 ἔλλειψιν
3407 4883 3504 4952 τῆς
3533 4877 3706 4951 ἀρετῆς

2163 4975 2260 5031 καὶ
2293 4975 2602 5047 ὑπερϐολὴν
2641 4974 2851 5041 παθῶν,
2892 4973 3163 5030 κινδύνου.
3573 4970 3587 4985 “

2240 5089 2325 5158 Τῇ
2367 5089 2437 5144 δὲ
2467 5091 2715 5158 ἀσεϐείᾳ
2754 5089 2956 5144 αὐτῶν
2987 5089 3349 5144 ἁλίσκονται
3381 5085 3693 5154 παράνομα.

2164 5185 2243 5254 Τῇ
2282 5183 2338 5236 δὲ
2380 5183 2456 5254 μὴ
2497 5183 2632 5237 Θεὸν
2668 5183 2885 5254 τιμώσῃ
2931 5183 3074 5236 κατά
3121 5181 3300 5252 ψυχὴν
3332 5180 3562 5234 διαθέσει
3603 5175 3698 5226 ἑαυ-

2163 5276 2296 5336 τῶν,
2352 5266 2674 5345 κατέχονται
2730 5275 2777 5325 οἱ
2827 5273 2918 5326 τὸν
2953 5274 3114 5344 νόμον
3155 5274 3263 5326 τῶν
3301 5271 3460 5325 θείων
3507 5261 3696 5320 ἐντολῶν

2164 5363 2506 5428 ἀθετοῦντες.

2239 5478 2304 5543 ζ’·
2339 5478 2825 5544 Τελευτήσαντος
2839 5475 3058 5544 ἀνδρὸς
3077 5477 3334 5538 δικαίου,
3358 5475 3466 5529 οὐκ
3486 5471 3693 5524 ὄλλυται

2165 5572 2362 5637 ἐλπίς.
2383 5572 2494 5624 Καὶ
2511 5570 2872 5632 ἀποθανόντος
2904 5570 3001 5639 μὲν
3023 5568 3115 5622 τοῦ
3139 5567 3280 5620 κατά
3297 5566 3406 5620 τῶν
3421 5562 3588 5617 παθῶν
3599 5571 3694 5624 γενο

2167 5663 2330 5724 ναίως
2381 5661 2800 5731 ἀνδρισαμένου,
2842 5662 2936 5714 καὶ
2977 5659 3113 5730 πρὸς
3141 5659 3204 5712 τὺ
3247 5661 3348 5729 τῆς
3383 5653 3569 5728 ἀρετῆς
3597 5643 3692 5700 ἐπε·

2168 5769 2328 5804 πονον
2399 5751 2677 5806 ἀνενδότου
2702 5794 2716 5817 ,
2783 5757 2877 5808 καὶ
2926 5751 3036 5806 τῶν
3109 5751 3458 5820 προσκαίρων
3504 5731 3689 5810 προκρίο
