3960 6230
325 323 460 390 i325

1338 330 1877 413 (ΣΟΜΜΕΝΤΑΗΠ
1899 330 1977 390 ΙΝ
2013 323 2470 393 ῬΒΟΥΕΒΒΙᾹ.

3429 318 3560 395 ιιιι

321 455 502 500 ναντος
563 439 629 492 τὰ
678 439 894 506 αίώνια,
947 438 1195 510 διαμένει
1256 442 1288 509 ἡ
1341 441 1435 493 ἐπὶ
1483 443 1594 502 τοῖς
1659 440 1896 502 αἰωνίοις

2019 455 2119 493 'um
2153 457 2279 511 spes
2314 443 2366 496 in
2403 458 2470 498 eo
2505 453 2825 512 perseverat
2861 446 3216 515 exspectante
3259 457 3356 513 pro
3411 446 3567 500 labos

315 529 538 598 ἀγαθοῖς
583 530 770 585 τούτου
815 531 994 596 ἐλπὶς,
1026 531 1466 602 ἀπεκδεχομένου
1491 532 1582 584 τὸν
1613 531 1754 601 ὑπὲρ
1796 533 1894 601 τῆς

315 620 593 690 ὑπομονῆς
612 619 721 674 τῶν
749 621 923 674 πόνων
948 619 1159 690 μισθόν.

397 711 468 764 Τὸ
505 711 574 764 δὲ
608 711 888 780 καύχημα
925 711 1044 764 τῶν
1096 703 1357 765 ἀσεϐῶν’
1389 711 1661 764 ὄλλυται.
1721 710 1794 762 Τὸ
1837 709 1895 762 δὲ

314 803 404 857 ἐπί
433 821 491 856 τε
520 805 585 874 τῇ
611 803 845 874 διακένῳ
881 804 1008 874 δόξῃ
1043 803 1137 856 καὶ
1177 803 1255 875 τῷ
1291 803 1638 874 φθειρομένῳ
1677 801 1895 871 πλούτῳ

314 895 579 966 φρύατμα
605 895 716 950 τῶν
767 898 842 967 μὴ
879 882 949 949 δι’
981 894 1352 966 ἁγαθοεργίας
1394 893 1678 965 τιμώντων
1725 893 1890 956 Θεὸν,

313 990 392 1051 είς
426 988 488 1041 τὸ
514 986 679 1057 μηδὲν
703 989 1072 1057 περιίσταται,
1099 987 1174 1051 ῶς
1203 987 1409 1041 τούτων
1444 985 1650 1056 ταχέως
1677 986 1890 1039 διαλυο‹

317 1078 514 1148 μένων,
535 1078 630 1132 καὶ
663 1079 743 1142 είς
765 1079 826 1131 τὸ
854 1079 1020 1150 μηδὲν
1048 1078 1504 1150 περιισταμένων.

383 1197 454 1260 η’.
488 1182 722 1256 Δίκαιος
761 1191 830 1244 ἐκ
875 1189 1062 1260 θήρας
1087 1191 1349 1247 ἐκδύνει.
1384 1191 1494 1244 Καὶ
1519 1191 1548 1243 ὁ
1583 1189 1681 1260 μὲν
1701 1187 1896 1242 ἀπονέ-

315 1299 432 1350 μων
468 1283 528 1352 τῇ
563 1281 757 1336 ἑαυτοῦ
803 1283 948 1354 ψυχῇ
993 1283 1218 1354 ἀρετὰς,
1265 1283 1360 1336 καὶ
1392 1284 1458 1354 τῇ
1499 1281 1664 1350 σαρκὶ
1693 1280 1896 1350 αὖτάρ’

309 1391 428 1436 κεις
451 1375 654 1445 τροφὰς
690 1375 784 1428 καὶ
809 1375 1195 1445 σκεπάσματα,
1236 1375 1334 1438 τὰς
1370 1375 1488 1428 κατ’
1527 1371 1764 1440 ἔλλειψιν
1794 1373 1895 1441 τῆς

312 1466 512 1536 ἀρετῆς
540 1466 634 1520 καὶ
667 1467 976 1538 ὑπερϐολὴν
1035 1467 1272 1536 παγίδας
1324 1468 1418 1521 τοῦ
1467 1463 1734 1537 θηρευτοῦ
1781 1465 1894 1518 τῶν

312 1560 592 1629 ἡμετέρων
629 1559 818 1630 ψυχῶν
852 1559 1238 1632 διαδιδράσκει.

385 1667 540 1722 ’Art’
571 1668 759 1724 αὑτοῦ
790 1668 860 1722 δὲ
883 1669 1272 1738 παραδίδοται
1313 1669 1558 1736 ἀσεόήςνε
1592 1669 1740 1722 Ἀντί
1768 1667 1889 1722 τού-
1915 1701 1919 1705 -

1999 547 2117 585 rutn
2152 531 2472 588 sulIercntia
2507 533 2842 591 mercedem.

2068 703 2331 762 Gloriatio
2376 717 2554 763 autem
2611 709 2890 776 impiorum
2913 710 3068 780 perit.
3102 709 3158 764 In
3195 724 3335 765 vana
3385 714 3567 765 autem

1995 796 2167 866 gloria
2199 805 2252 850 et
2287 799 2746 868 corruptibilibus
2780 798 2990 854 divitiis
3022 800 3333 868 arrogantia
3375 814 3568 852 eorum

1995 890 2087 958 qui
2119 887 2292 943 Deum
2317 905 2413 960 per
2437 891 2579 946 bona
2609 907 2777 961 opera
2833 907 2943 944 non
2991 889 3182 944 colunt
3227 889 3282 944 in
3339 891 3568 944 nihilum

1996 979 2539 1053 redigitur;quippe
2595 998 2716 1053 qua:
2773 981 2938 1038 citius
2988 974 3366 1038 dissolvantur
3411 990 3464 1036 ct
3519 983 3571 1035 in

1994 1071 2229 1126 nihilum
2258 1073 2606 1144 redigantur.

2073 1185 2236 1242 Vens.
2267 1187 2320 1243 8.
2361 1187 2553 1244 Justus
2581 1190 2646 1244 de
2695 1189 2964 1244 tendicula
3002 1188 3288 1259 egreditur.
3319 1189 3424 1254 Qui
3457 1187 3570 1240 dis-

1997 1280 2194 1336 tribuit
2243 1281 2464 1351 quidem
2505 1299 2618 1337 suae
2673 1283 2872 1338 anima:
2919 1283 3148 1338 virtutes
3167 1290 3222 1337 et
3245 1281 3398 1336 carni
3429 1281 3574 1335 solii-

1995 1373 2202 1429 cientes
2229 1374 2386 1430 cibos
2431 1387 2486 1430 et
2514 1376 2807 1439 velamina,
2840 1375 3144 1430 secundum
3179 1374 3399 1429 virtutis
3423 1373 3574 1428 del'ea

1995 1474 2146 1520 ctum
2181 1474 2276 1520 aut
2311 1482 2601 1522 excessum
2638 1477 2956 1524 nostrarum
2987 1467 3294 1522 animarum
3349 1474 3573 1520 renatos

1994 1559 2073 1614 ris
2106 1561 2238 1614 retia
2265 1560 2474 1631 eﬂ'ugil.

2067 1671 2178 1727 Pro
2211 1690 2270 1727 eo
2289 1681 2465 1728 autem
2497 1673 2730 1728 traditur
2754 1676 2969 1744 irnpius.
3001 1673 3108 1728 Pro
3123 1688 3188 1728 eo
3212 1689 3370 1744 quem
3399 1671 3576 1726 malus

311 1777 404 1812 του
431 1761 490 1814 δὲ
515 1761 574 1814 ὃν
597 1761 818 1815 σπεύδει
842 1762 1096 1834 θηρεύειν
1126 1765 1154 1816 ὁ
1182 1763 1438 1835 πονηρὸς,
1463 1761 1728 1832 ἐμπίπτει
1747 1761 1887 1840 κατὰ

2019 1764 2289 1819 renatione
2326 1775 2526 1836 capere
2565 1775 2761 1831 tentat,
2793 1767 2846 1820 in
2879 1767 3024 1821 dicta
3059 1765 3194 1820 retia
3231 1781 3324 1834 per
3349 1762 3576 1827 εἰει·ιὶοδ

311 1851 624 1920 προαίρεσιν
677 1854 758 1916 είς
805 1853 906 1916 τὰς
955 1854 1364 1924 προειρημένας
1416 1853 1647 1920 παγίδας
1680 1893 1694 1916 ,
1729 1855 1756 1906 ό
1811 1853 1886 1922 μὴ

311 1941 378 1994 δι’
411 1942 729 2011 ἐμπράκτου
757 1943 1015 2012 γνώσεως
1054 1943 1230 2015 τιμῶν
1261 1943 1353 1996 τὸν
1379 1943 1532 1996 Θεόν.

381 2050 446 2105 θ’.
487 2053 591 2110 Ἐν
635 2057 888 2126 στόματι
921 2055 1178 2121 ἀσεϐῶν,
1222 2055 1402 2126 παγίς
1443 2055 1732 2121 πολίταις.
1783 2054 1890 2108 Καὶ

307 2144 419 2214 γὶρ
471 2147 530 2199 ἐν
596 2146 696 2218 μὲν
753 2149 820 2218 τῇ
872 2147 1126 2219 ἀπατηλῇ
1179 2147 1424 2220 ὑποθήκῃ
1467 2147 1574 2201 τῶν
1635 2148 1708 2217 μὴ
1757 2145 1890 2200 Θεὸν

311 2237 616 2308 τιμώντων,
664 2239 801 2293 ἀλλὰ
843 2241 941 2309 τὴν
976 2241 1234 2310 πρόνοιαν
1283 2239 1448 2293 αὑτοῦ
1476 2238 1892 2294 διαϐαλλόντων

315 2332 643 2402 πνευμάτων
695 2331 798 2402 τῆς
834 2332 1118 2403 πονηρίας,
1154 2332 1413 2396 ἀπιστίας
1444 2349 1503 2384 τε
1529 2331 1624 2384 καὶ
1667 2329 1894 2385 ἀνελπι-

313 2423 466 2484 στίας
503 2420 696 2493 βρόχος
723 2424 1199 2487 κατασκευάζεται
1221 2425 1332 2485 τοῖς
1365 2421 1439 2492 μὴ
1469 2423 1525 2474 ὲν
1550 2420 1627 2492 τῷ
1655 2419 1918 2492 ούρανῷ,’

313 2510 425 2563 ἀλλ’
456 2511 515 2563 ἐν
551 2513 616 2582 τῇ
643 2513 714 2581 γῇ
732 2511 793 2564 τὸ
822 2511 1124 2581 πολίτευμα
1156 2511 1516 2583 κεκτημένοις
1541 2508 1852 2581 ἀνθρώποις
1872 2525 1887 2540 ·

311 2606 383 2668 tit;
419 2602 484 2658 ἂν
518 2602 595 2675 τῷ
649 2603 876 2674 τοιούτῳ
907 2602 1016 2656 τῶν
1047 2602 1325 2656 κολάσεων
1359 2602 1509 2672 φόϐῳ
1557 2604 1692 2674 μήτε
1730 2603 1894 2674 ἐκρυ-

310 2700 448 2765 γεῖν,
501 2697 637 2768 μήτε
683 2695 820 2766 πρὸς
865 2695 936 2748 τὰ
963 2694 1096 2750 ’ἄνω
1127 2693 1382 2766 βραδεῖα,
1437 2693 1516 2764 τῷ
1570 2693 1707 2766 πρὸς
1756 2693 1894 2746 αὐτὰ

317 2791 468 2860 πόθῳ
505 2789 732 2862 δραμεῖν
767 2789 888 2842 κατ’
920 2789 1122 2861 ἀρετὴν
1151 2789 1419 2843 δύναιντο.
1693 2817 1696 2820 ‹

385 2903 682 2970 Αίσθησις
729 2902 798 2956 δὲ
823 2903 1072 2957 δικαίων
1101 2903 1356 2970 εὖοδος.’
1379 2902 1446 2956 Ἠ
1481 2903 1540 2956 δὲ
1565 2901 1764 2972 γνῶσις
1785 2901 1894 2957 τῶν

317 2997 588 3068 ὲναρέτων
637 2994 871 3067 ἀνδρῶν,
918 2995 1168 3067 ἀπλανής
1219 2998 1391 3064 ἐστιν,
1450 2995 1526 3059 ὡς
1567 2995 1669 3066 τὴν
1698 2994 1895 3065 πρᾶξιν

317 3089 654 3160 ποιουμένων
682 3087 916 3160 Θεωρίας
947 3088 1223 3143 ἐπίϐασιν.

387 3210 439 3256 ι’.
488 3203 590 3258 Ἐν
619 3203 863 3273 ἀγαθοῖς
889 3203 1138 3258 δικαίων
1184 3202 1537 3271 κατώρθωσε
1566 3205 1770 3257 πόλιν.
1788 3203 1900 3257 Καὶ

315 3297 427 3358 τοῖς
465 3295 648 3359 καλοῖς
686 3293 784 3364 μὲν
817 3295 1000 3364 ἔργοις
1029 3295 1123 3348 καὶ
1159 3294 1342 3364 λόγοις
1379 3295 1488 3349 τῶν
1511 3293 1771 3348 τοιούτων
1800 3296 1900 3348 ἀν·

317 3388 478 3459 δρῶν,
526 3387 796 3457 ἁπήρτισε
848 3388 948 3456 τὴν
993 3389 1192 3456 ἑαυτῆς
1253 3387 1530 3458 σωτηρίαν
1575 3386 1722 3458 ψυχὴ
1772 3381 1898 3461 ἑνῇ

318 3478 557 3531 πλεῖστοι
615 3476 1008 3548 ἐνδιατρίϐουσι
1039 3478 1307 3550 λογισμοί.

388 3591 497 3646 Καὶ
523 3589 594 3644 ἐν
630 3589 900 3656 ἀπωλείᾳ
925 3578 1162 3644 ἀσεϐεῖν
1213 3589 1578 3660 ἁγαλλίαμα.
1619 3590 1710 3642 Ἐν
1729 3590 1786 3642 δὲ
1821 3589 1900 3660 τῷ

319 3683 413 3736 ἀπ’
436 3679 608 3750 αὐτῆς
633 3679 929 3750 ἀφανισμῷ
950 3677 1061 3732 τῶν
1091 3676 1167 3750 μὴ
1187 3678 1473 3748 τιμώντων
1495 3676 1630 3730 Θεδν
1646 3676 1900 3748 πονηρῶν

319 3770 596 3842 λογισμῶν
622 3810 638 3837 ,
688 3769 1057 3843 προσγέγονεν
1115 3769 1254 3840 αὐτῇ
1297 3765 1613 3840 εὐφροσύνη
1651 3785 1900 3838 πνευμα-

320 3865 464 3934 τικὴ.

394 3960 484 4008 ια’.
532 3955 635 4008 Ἐν
682 3952 930 4022 εὐλογίᾳ
986 3951 1216 4006 ε-ὑθέων
1265 3947 1655 4019 ὑψωθήσεται
1701 3948 1895 4014 πόλις.

321 4047 430 4099 Καὶ
461 4047 568 4117 γὰρ
605 4049 664 4100 ἐν
696 4047 792 4114 μὲν
833 4047 898 4115 τῇ
929 4043 1108 4112 ἀγαθῇ
1149 4041 1474 4113 διδασκαλίᾳ
1503 4040 1614 4096 τῶν
1643 4041 1900 4106 ἀπλανῶς

319 4139 678 4192 διδασκόντων
717 4139 807 4192 τὸν
852 4137 1008 4204 λόγον
1051 4137 1150 4206 τῆς
1180 4134 1464 4206 ἀληθείας,
1507 4135 1806 4206 ἀρθήσεται
1829 4138 1895 4208 τῇ

323 4233 525 4302 φυσικῇ
583 4231 641 4282 ἐν
692 4229 964 4300 πνεύματι
1009 4227 1254 4299 θεωρίᾳ,
1317 4229 1396 4290 είς
1448 4226 1546 4298 τὴν
1599 4229 1897 4282 ἄπταιστον

321 4321 522 4388 γνῶσιν
569 4320 680 4374 τῶν
713 4320 819 4375 ὑπὸ
863 4319 1025 4390 φύσιν
1079 4320 1176 4374 καὶ
1214 4318 1423 4390 χρόνον,
1453 4318 1603 4390 ψυχὴ
1631 4321 1689 4370 ὲν
1779 4319 1894 4372 διά-

323 4430 478 4483 φοροι
508 4411 865 4483 περιπολοῦστ
891 4411 1162 4483 λογισμοί.

1995 1865 2118 1908 nem
2151 1855 2344 1912 incidit
2374 1855 2657 1928 qttiDeutn
2691 1858 2824 1912 colit
2858 1867 2954 1929 per
2977 1858 3214 1912 activam
3259 1856 3574 1927 intelligat-'-

1993 1948 2148 2002 tiam.

2063 2061 2234 2120 Vnus.
2293 2064 2344 2119 9.
2414 2065 2478 2120 In
2539 2081 2629 2120 ore
2692 2067 2979 2136 impiorum
3031 2065 3298 2119 tendicula
3352 2061 3574 2117 civibus;

1996 2156 2211 2210 Etenim
2241 2156 2297 2210 in
2353 2155 2546 2212 doloso
2589 2174 2700 2213 non
2757 2159 3053 2214 colentium
3093 2158 3258 2212 Deum
3319 2156 3572 2217 consilio.

1993 2247 2086 2302 sed
2115 2247 2235 2316 ejus
2274 2249 2670 2318 providentiam
2711 2249 3163 2306 calumniantium
3218 2248 3438 2302 malitia:
3464 2247 3576 2316 spio-

1994 2339 2224 2406 rituum,
2283 2340 2624 2398 inﬁdelitatis
2669 2351 2722 2398 et
2767 2341 3170 2412 desperationis
3219 2340 3451 2410 laqueus
3505 2339 3573 2392 iis

1995 2439 2220 2501 paratur
2252 2433 2346 2502 qui
2373 2447 2480 2488 non
2506 2433 2561 2488 in
2591 2434 2754 2499 etelo,
2786 2435 2882 2490 sed
2911 2434 2964 2487 in
2991 2442 3136 2488 terra
3168 2432 3364 2504 agendi
3390 2431 3573 2486 ratio-

1997 2537 2118 2577 nem
2152 2520 2437 2592 possident
2469 2543 2483 2580 :
2517 2523 2718 2595 quippe
2759 2524 2852 2598 qni
2907 2523 3004 2576 tati
3043 2537 3328 2594 pmnarum
3385 2521 3578 2574 timore

1994 2629 2175 2684 neque
2197 2614 2438 2687 eﬂugere
2465 2631 2651 2687 neque
2696 2615 2764 2671 ad
2812 2631 3054 2684 superna
3103 2612 3326 2684 praemia
3383 2628 3574 2668 eorum

1995 2707 2272 2763 desiderio
2303 2708 2608 2764 secundum
2643 2709 2897 2764 virtutem
2922 2722 3148 2764 currere
3175 2705 3410 2778 possint.

2070 2906 2313 2964 Scientia
2352 2917 2532 2962 autem
2551 2907 2825 2978 justorum
2865 2909 3064 2978 pervia.
3115 2905 3358 2961 Scientia
3391 2913 3574 2960 autent

1962 3003 2246 3057 'virorum
2309 3001 2514 3058 virtute
2557 3002 2913 3072 pra‘ditorum
2953 3016 3063 3056 non
3107 3009 3288 3066 errat;
3315 2999 3576 3069 quonlant

2003 3095 2276 3150 actionem
2314 3095 2734 3152 fundamentum
2776 3093 3262 3166 contemplationis
3303 3101 3574 3150 statuunt.

2073 3205 2240 3262 Vens.
2276 3205 2362 3263 10.
2391 3206 2458 3262 In
2479 3207 2630 3262 bonis
2659 3206 2936 3276 justorum
2967 3206 3244 3260 constituit
3281 3205 3572 3259 civitatem.

2001 3297 2068 3351 Et
2100 3298 2262 3352 bonis
2307 3297 2526 3369 quidem
2563 3299 2824 3370 operibus
2872 3308 2927 3354 et
2973 3299 3329 3354 sermonibus
3385 3297 3577 3371 talium

2004 3390 2285 3444 hominum
2336 3405 2492 3444 suam
2544 3390 2776 3446 salutem
2836 3391 3018 3444 anima
3081 3388 3331 3459 perfecit,
3361 3387 3414 3442 in
3471 3405 3580 3458 qua

2003 3487 2174 3541 multa
2215 3475 2566 3556 reperiuntur
2597 3483 2917 3539 ratiocinia.

2073 3595 2144 3650 Et
2165 3597 2217 3651 in
2249 3595 2541 3662 perditione
2568 3597 2854 3666 impiorum
2891 3591 3202 3650 exsultatio.
3240 3593 3319 3648 Ex
3357 3593 3577 3676 destrin-

2004 3683 2187 3738 ctione
2241 3686 2384 3754 apud
2418 3684 2592 3756 ipsam
2633 3699 2744 3740 non
2785 3683 3079 3738 colentium
3114 3681 3281 3738 Deum
3311 3681 3578 3736 nialortlm

2002 3773 2438 3839 ratiociniorum,
2469 3772 2692 3828 advenit
2725 3771 2805 3826 illi
2837 3771 3140 3843 spiritualis
3171 3771 3378 3826 laetitia.

2073 3965 2240 4023 Vens.
2277 3970 2365 4026 Η.
2401 3967 2468 4024 1η
2503 3969 2860 4024 benedictione
2887 3977 3152 4024 rectorum
3193 3969 3427 4040 erigetur
3452 3969 3580 4022 civi-

2003 4071 2110 4118 tas.
2155 4062 2373 4116 Etenim
2409 4063 2465 4118 in
2491 4062 2635 4118 bona
2663 4061 2920 4118 doctrina
2969 4076 3158 4117 eorum
3210 4061 3307 4133 qui
3369 4061 3580 4131 absque

2002 4170 2194 4211 errore
2228 4155 2452 4212 verbum
2485 4155 2736 4210 veritatis
2770 4155 2990 4218 docent,
3041 4153 3288 4225 erigetur
3343 4154 3578 4208 naturali

2003 4245 2056 4298 in
2092 4245 2294 4315 spiritu
2345 4246 2814 4316 contemplatione
2849 4245 2902 4300 in
2936 4259 3189 4300 securam
3224 4259 3417 4300 eorum
3447 4259 3572 4314 qtne

2001 4335 2066 4390 ad
2099 4345 2354 4391 naturam
2383 4344 2435 4391 et
2469 4336 2537 4390 ad
2577 4347 2796 4406 tempus
2841 4337 3116 4406 pertinent
3160 4335 3574 4406 intelligentiam

2002 4429 2185 4484 anima
2225 4431 2281 4484 in
2315 4443 2424 4500 qua
2453 4429 2678 4484 diversa
2707 4441 3002 4484 versantur
3023 4428 3337 4483 ratiocinia.
3429 4435 3444 4448 ‘

395 4525 594 4594 Στόμα
653 4526 722 4579 δὲ
787 4527 1024 4580 ἀσεϐῶν
1083 4527 1640 4596 κατασκαφήσεται.
1707 4527 1797 4579 Ἐν
1837 4525 1894 4580 δὲ

2077 4543 2151 4599 Os
2185 4553 2364 4598 autem
2389 4544 2672 4614 impiorum
2693 4543 3013 4599 destruetur.
3047 4541 3106 4598 in
3144 4543 3351 4598 dolosis
3399 4552 3576 4596 autem

323 4620 442 4680 ταῖς
468 4619 674 4688 ἀπάτη)
687 4621 774 4684 αἶς
817 4619 1126 4689 ὑποθήκαις
1161 4619 1270 4673 τῶν
1332 4619 1419 4690 μὴ.
1451 4617 1740 4689 τιμώντων
1766 4618 1900 4672 Θεὸν

322 4709 648 4779 πνευμάτων
670 4709 770 4780 τῆς
808 4710 1094 4780 πονηρίας,
1137 4712 1216 4774 εἰς
1245 4709 1566 4780 ἀλογίστους
1604 4710 1900 4781 ἐπιθυμίας

323 4802 804 4872 κατενεχθήσεται.

397 4910 486 4983 ιβ’.
522 4912 875 4981 Μυκτηρίζει
917 4913 1168 4978 πολίτας
1209 4910 1430 4979 ἐνδεὴς
1470 4909 1727 4988 φρενῶν.
1792 4910 1902 4962 Καὶ

319 5003 592 5068 διαπαίζει
622 5005 721 5075 μὲν
739 5004 1084 5074 κατακρίνων
1115 5003 1242 5066 τοὺς
1271 5004 1330 5055 ὲν
1351 5001 1430 5073 τῷ
1455 5001 1692 5072 παρόντι
1713 5000 1902 5071 κόσμῳ

324 5095 398 5166 μὴ
419 5095 594 5166 ὀρθῶς
613 5096 1062 5166 πολιτευομένους
1078 5093 1423 5164 ἀνθρώπους,
1449 5093 1477 5146 ὁ
1505 5093 1560 5144 ὲν
1583 5089 1662 5161 τῷ
1689 5089 1764 5160 μὴ
1783 5091 1902 5143 ἑπι-

321 5187 609 5254 γινώσκειν
625 5187 723 5259 τὴν
751 5189 958 5242 οἰκείαν
977 5187 1284 5252 ἀσθενείαν,
1313 5183 1535 5255 ἐλλιπὴς
1563 5182 1898 5254 φρονήσεως·

404 5279 576 5350 Ἀνὴρ
623 5281 692 5333 δὲ
728 5285 1016 5352 φρόνιμος
1059 5279 1330 5348 ἡσυχίαν
1369 5277 1520 5346 ἄγει.
1558 5278 1616 5328 Ὀ
1646 5275 1704 5328 δὲ
1736 5278 1794 5328 ὲν
1823 5274 1902 5346 τῷ

321 5371 524 5442 ταύτην
551 5371 937 5440 ἐπιγινώσκειν
988 5372 1192 5435 τέλειος
1223 5373 1346 5434 ταῖς
1391 5369 1575 5439 φρεσὶ,
1616 5367 1901 5438 προσέχων

323 5463 521 5534 ἑαυτῷ,
559 5465 807 5536 σχολάζει
833 5481 845 5494 ·
899 5466 1035 5536 μόνα
1067 5466 1136 5518 τά
1173 5465 1348 5517 οἰκεῖα
1383 5461 1674 5532 σφάλματα
1716 5460 1902 5524 ἐξετά-

323 5557 430 5620 ζων
457 5557 550 5610 καὶ
577 5557 980 5628 διορθούμενος.

395 5655 481 5715 ιγ’.
530 5648 700 5716 Ἀνὴρ
743 5647 1088 5716 δίγλωσσος
1129 5645 1538 5702 ἀποκαλύπτει
1568 5641 1806 5708 ,ϐουλὰς
1833 5643 1890 5695 ἐν

324 5740 638 5810 συνεδρίῳ.
674 5737 783 5794 Καὶ
813 5739 1097 5810 ἄνθρωπος
1123 5740 1222 5808 μὲν
1251 5737 1386 5808 πρὸς
1417 5733 1633 5802 ἀπάτην
1667 5734 1894 5804 πολλῶν,

2003 4635 2256 4691 consiliis
2299 4649 2488 4690 eorum
2525 4637 2618 4706 qui
2687 4634 2853 4690 Deum
2917 4650 3025 4689 non
3089 4635 3281 4702 colunt
3362 4635 3579 4688 malitiae

2003 4717 2324 4796 spirituum;
2350 4725 2404 4780 itt
2435 4725 2837 4781 irrationabilia
2865 4725 3134 4781 desideria
3170 4723 3462 4782 deferetur.

2077 4921 2242 4978 Vens.
2276 4922 2363 4979 ΙΞ.
2401 4916 2558 4978 Ridet
2603 4927 2736 4978 cives
2767 4926 2916 4994 inops
2949 4929 3159 4983 mentis.
3198 4928 3266 4982 Et
3297 4929 3578 4996 ridetan-

2005 5013 2128 5068 dcm
2155 5016 2424 5070 damnans
2454 5031 2550 5070 cos
2585 5015 2676 5086 qui
2717 5018 2975 5085 prmsenti
3011 5028 3254 5086 tempore
3286 5031 3394 5070 non
3433 5029 3582 5072 recte

2003 5113 2191 5174 agunt,
2218 5106 2308 5175 qui
2337 5114 2517 5162 mente
2547 5107 2754 5174 tlelicit,
2791 5108 2844 5161 in
2873 5122 2940 5162 eo
2971 5109 3118 5176 quod
3165 5107 3445 5177 propriam
3495 5108 3580 5161 in-

2006 5195 2318 5250 ﬁrmitatem
2348 5212 2460 5250 non
2483 5197 2656 5250 novit.

2090 5283 2178 5340 Vir
2211 5294 2388 5340 autem
2421 5296 2666 5341 semotus
2691 5301 2873 5354 pacem
2911 5286 3044 5355 agit.-
3097 5284 3201 5351 Qui
3240 5294 3420 5342 autem
3456 5302 3576 5342 eam

2007 5395 2239 5438 noscens
2299 5379 2577 5451 perfectus
2629 5389 2812 5434 mente
2861 5389 2967 5446 est,
2994 5379 3100 5434 sibi
3151 5379 3256 5449 ipsi
3289 5381 3580 5450 invigilans

2007 5471 2278 5540 quiescit;
2307 5488 2438 5526 suos
2472 5471 2728 5542 proprios
2755 5471 2943 5542 lapsus
2996 5471 3348 5528 solummodo
3377 5487 3607 5530 curans.

2005 5572 2060 5615 ct
2097 5563 2409 5632 corrigens.

2077 5650 2238 5706 Vens.
2275 5653 2360 5706 i3.
2413 5651 2503 5706 Vir
2528 5654 2723 5722 duplex
2752 5654 2934 5724 lingua
2966 5653 3156 5710 revelat
3182 5655 3493 5709 sententia»:
3523 5645 3579 5710 in

2005 5743 2250 5798 consilio.
2289 5738 2355 5800 Et
2390 5747 2552 5800 lton'to
2585 5743 2805 5817 quidem
2844 5747 2912 5802 ad
2959 5746 3258 5805 multorum
3305 5747 3577 5816 deceptus
