3960 6230
346 380 480 445 1333

1393 383 1928 446 COMMENTARII
1964 387 2047 446 ΙΝ
2081 385 2533 448 PROVERBIA.

3448 382 3465 444 1
3478 374 3584 445 334

335 499 392 554 δὲ
425 496 723 552 σπεύδοντα
754 497 1103 560 κακοποιεῖν,
1136 496 1422 569 καταλάϐῃ
1450 497 1676 562 δικαίως
1706 500 1767 551 τὸ
1804 500 1911 552 πά-

2047 498 2150 553 ζιιιη
2181 499 2276 569 qui
2316 498 2456 552 male
2494 510 2655 567 agere
2713 494 2960 562 festinat,
3016 495 3167 566 juste
3219 493 3585 560 comprehen-

339 610 485 663 σχειν
531 590 738 654 κακῶς,
765 591 877 643 εἴτε
923 589 1063 645 κατὰ
1103 589 1166 643 τὸ
1208 590 1384 660 παρὸν
1432 591 1571 662 πρὸς
1600 590 1906 662 διόρθωσιν,

338 685 450 737 εἴτε
485 681 626 737 κατὰ
655 680 716 734 τδ
751 680 943 750 μέλλον
973 681 1108 752 πρὸς
1142 681 1431 752 τιμωρίαν.

410 775 517 846 κη’.
552 775 614 828 Ὀ
644 771 937 839 πεποιθὼς
970 772 1070 826 ἐπὶ
1093 772 1333 838 πλούτῳ
1355 774 1563 840 αὑτοῦ,
1592 768 1770 838 οὗτος
1803 786 1912 825 πε-

338 869 549 922 σεῖται.
590 865 700 918 Καὶ
728 865 756 916 6
791 864 887 934 μὲν
913 862 1133 935 θαρῤῶν
1165 865 1256 917 ἐπὶ
1290 864 1437 927 ἰδίοις
1469 863 1579 917 εἴτε
1612 866 1912 934 χρήμασιν,

340 959 451 1011 εἴτε
480 954 890 1026 κατορθώμασι,
920 955 1013 1008 καὶ
1063 953 1139 1025 μὴ
1167 953 1261 1007 ἐπὶ
1303 953 1381 1025 τῷ
1413 954 1551 1025 Θεῷ,
1605 958 1634 1007 6
1674 955 1916 1018 τοιοῦτος

342 1046 797 1117 κατενεχθήσεται
842 1047 906 1098 ἐκ
954 1044 1101 1109 θείας
1145 1044 1608 1114 ἐγκαταλείψεως,
1649 1047 1759 1099 εἴτε
1808 1045 1916 1099 τῶν

342 1136 638 1208 χρημάτων
666 1134 1059 1207 διαρρυέντων,
1091 1134 1198 1187 εἴτε
1226 1134 1414 1188 τούτου
1449 1134 1741 1205 σφαλέντος
1775 1136 1916 1190 κατὰ

344 1229 497 1296 λόγον
524 1225 557 1297 ἦ
585 1226 801 1295 πρᾶξιν.
1588 1242 1593 1245 ’

426 1319 489 1370 '0
515 1317 585 1370 δὲ
607 1317 1190 1387 ἀντιλαμϐανόμενος
1214 1317 1477 1385 δικαίων,
1501 1313 1680 1387 οὗτος
1710 1319 1922 1375 ἀνατε-

345 1407 455 1465 λεῖ.
497 1407 553 1461 '0
582 1408 639 1461 δὲ
662 1407 1104 1478 ἀντιποιούμενος
1129 1407 1249 1462 καθ’
1270 1408 1383 1474 ἕξιν
1409 1427 1467 1462 τε
1493 1411 1588 1463 καὶ
1616 1410 1916 1481 ἐνέργειαν,

347 1497 455 1551 τῶν
487 1495 910 1567 ἁποτρεπουσῶν
962 1497 1061 1566 μὲν
1108 1496 1203 1549 τοῦ
1253 1497 1458 1564 κακοῦ,
1496 1499 1920 1569 προτρεπουσῶν

347 1590 404 1643 δὲ
446 1590 525 1652 είς
566 1587 627 1641 τὸ
655 1587 877 1657 ἀγαθὸν,
895 1587 1052 1640 θείων
1082 1588 1310 1642 ἐντολῶν
1330 1629 1347 1652 ,
1379 1590 1473 1643 καὶ
1493 1588 1568 1651 ὡς
1591 1588 1691 1660 τὴν
1717 1589 1921 1643 οἰκείαν

349 1679 728 1748 ἐπιγινώσκων
775 1678 1061 1733 ἀσθένειαν
1082 1719 1096 1744 ,
1124 1682 1204 1744 είς
1240 1680 1400 1751 μόνον
1435 1679 1671 1744 ἐλπίζων
1705 1681 1859 1745 Θεὸν,
1894 1682 1921 1733 6

348 1771 586 1836 τοιοῦτος
620 1770 882 1843 διαφανὴς
920 1771 1211 1842 γενήσεται
1250 1771 1368 1825 κατ’
1421 1772 1622 1843 ἀρετὴν
1655 1775 1747 1827 καὶ
1784 1773 1922 1842 λαμο

351 1864 510 1934 πρός.

420 1954 522 2008 κθ’.
563 1955 626 2008 ὐ
654 1953 739 2025 μὴ
771 1957 1365 2025 συμπεριφερόμενος
1409 1954 1489 2021 τῷ
1530 1955 1748 2009 ἑαυτοῦ
1777 1955 1925 2022 οἴκῳ

349 2047 795 2116 κληρονομήσει
825 2045 1104 2116 ἀνέμους.
1147 2046 1258 2101 Καὶ
1292 2049 1320 2101 6
1355 2048 1429 2118 μὴ
1460 2050 1579 2110 ταῖς
1621 2047 1925 2109 ἀσθενείαις

350 2136 456 2191 τῶν
501 2139 560 2190 ἐν
604 2138 683 2208 τῷ
717 2138 830 2209 ίδίῳ
860 2137 996 2209 οἴκῳ
1028 2140 1452 2209 συγγνωμονῶν,
1499 2139 1592 2191 καὶ
1643 2136 1925 2207 βαστάζων

351 2227 553 2292 ταύτας
599 2228 674 2294 ώς
719 2229 966 2290 δυνατὸν,
997 2231 1057 2283 τὸ
1084 2232 1316 2285 ἄστατον
1339 2231 1438 2300 τῆς
1469 2230 1675 2283 τούτων
1703 2230 1927 2300 γνώμης

353 2321 640 2392 κερδήσει,
681 2323 777 2375 καὶ
830 2322 951 2393 οὐχὶ
998 2321 1221 2386 τούτους
1270 2323 1350 2385 εἰς
1402 2322 1461 2375 τὸ
1499 2321 1796 2377 ὑπακούειν
1834 2323 1929 2375 αύ-

354 2429 467 2465 του.

425 2506 750 2560 Δουλεύσει
804 2506 873 2560 δὲ
918 2505 1123 2576 ἄφρων
1175 2508 1841 2580 φρονίμῳ.Ὑπηρετήσει
1874 2508 1929 2560 δὲ

356 2594 433 2661 τῷ
458 2595 710 2667 ἐχέφρονι
740 2600 767 2650 6
800 2599 873 2668 μὴ
901 2599 1149 2671 ἐχέφρων
1170 2639 1183 2665 ,
1217 2600 1602 2671 μετερχομένῳ
1626 2600 1812 2654 τοῦτον
1839 2599 1930 2653 εὐ-

359 2684 530 2752 φυῶς,
555 2688 648 2737 καὶ
680 2686 864 2754 ἄγοντι
897 2689 976 2749 είς
1008 2688 1068 2740 τὸ
1103 2689 1239 2760 πρὸς
1268 2689 1328 2742 τὸ
1354 2689 1533 2759 ἐαυτῷ
1562 2690 1841 2759 βουλητόν.

428 2776 492 2830 λ’.
551 2777 647 2830 Ἐκ
695 2779 927 2846 καρποῦ
978 2778 1370 2847 δικαιοσύνης
1424 2783 1635 2850 φύεται
1680 2780 1934 2849 δένδρον

358 2862 521 2931 ζωῆς.
567 2868 674 2919 Καὶ
720 2866 779 2931 ἐξ
823 2869 1023 2938 ἀρετῆς
1069 2869 1165 2937 μὲν
1192 2872 1609 2941 καρπευομένης
1652 2871 1803 2942 παρὰ
1837 2874 1935 2942 τῆς

359 2959 493 3011 κατὰ
528 2958 725 3029 νόμους
766 2960 912 3024 θείας
949 2960 1242 3024 πολιτείας,
1277 2961 1562 3032 βλαστάνει
1593 2965 1649 3015 ἐν
1679 2964 1745 3033 τῇ
1784 2962 1932 3035 ψυχῇ

358 3051 385 3102 6
432 3050 636 3121 ταύτην
686 3054 969 3124 συντηρῶν
1016 3053 1172 3122 λόγος
1220 3054 1321 3124 τῆς
1347 3054 1686 3126 διακρίσεως,
1722 3055 1841 3108 καθ’
1875 3055 1935 3108 ὃν

357 3143 683 3211 φυλάττεται
713 3147 820 3200 ἀπὸ
852 3147 944 3201 τοῦ
981 3147 1100 3201 καθ’
1125 3148 1399 3219 ἁμαρτίαν
1430 3149 1696 3213 θανάτουῄ
1726 3148 1803 3213 ώς
1835 3144 1935 3218 μὲν

356 3235 541 3289 καλῶν
594 3238 701 3289 τῶν
752 3239 994 3308 μονίμων
1028 3240 1388 3312 ἀντεχομένη,
1419 3240 1495 3304 ὠς
1540 3241 1601 3299 δὲ,
1633 3239 1804 3293 κακοῦ
1836 3243 1934 3311 τῆς
1958 3222 2002 3284 C

357 3330 483 3397 περὶ
520 3329 589 3381 τὰ
626 3330 940 3401 πρόσκαιρα
979 3332 1221 3401 σχέσεως
1262 3332 1601 3403 ἀπεχομένη.

439 3421 845 3489 Ἀφαιροῦνται
912 3423 980 3475 δὲ
1046 3422 1226 3490 ἄωροι
1296 3425 1491 3493 ψυχαὶ
1554 3426 1932 3495 παρανόμων.

368 3510 811 3581 Ἀφαρπάζονται
840 3513 895 3565 δὲ
922 3512 1021 3580 τῆς
1044 3514 1383 3583 προσκαίρου
1409 3513 1563 3582 ζωῆς,
1585 3514 1690 3583 πρὸ
1716 3512 1934 3583 καιροῦ,

355 3600 524 3671 ψυχαὶ
554 3602 661 3656 τῶν
696 3604 772 3672 μὴ
798 3602 1111 3674 τηρούντων
1140 3602 1238 3667 τὰς
1267 3604 1360 3658 τοῦ
1394 3592 1529 3657 Θεοῦ
1557 3605 1798 3671 ἐντολάς,
1831 3607 1937 3659 τῶν

358 3694 579 3765 ἡμερῶν
628 3698 725 3766 τῆς
772 3695 972 3757 κακίας
1017 3695 1197 3754 αὐτῶν
1243 3697 1671 3770 κολοϐουμένων,
1701 3702 1787 3755 διὰ
1811 3703 1936 3766 τοὺς

356 3790 665 3847 ἐκλεκτούς.
852 3790 863 3799 ’
1338 3840 1341 3845 .

428 3874 529 3930 λα’.
577 3878 643 3931 El
670 3879 703 3930 ό
726 3876 844 3946 μὲν
870 3877 1098 3943 δίκαιος
1122 3880 1298 3947 μόλις
1325 3877 1567 3939 σώζεται
1594 3920 1608 3945 ,
1640 3884 1671 3934 ό
1711 3882 1940 3949 ἀσεϐὴς

357 3969 456 4023 καὶ
482 3970 828 4038 ἁμαρτωλὸς
857 3972 975 4026 ποῦ
1012 3972 1322 4041 φανεῖται;
1362 3973 1424 4025 Εἰ
1453 3973 1563 4044 γὰρ
1597 3976 1690 4027 καὶ
1723 3975 1883 4039 αὐτὸς
1912 3978 1940 4028 ὁ

356 4063 455 4126 τὰς
483 4061 629 4125 θείας
662 4063 847 4134 τηρῶν
874 4063 1092 4127 ἐντολάς
1118 4064 1207 4137 διὰ
1231 4064 1445 4116 πολλῶν
1482 4065 1715 4128 σώζεται
1766 4066 1938 4137 μαθη-

361 4156 565 4223 μάτων,
592 4155 700 4207 τῶν
735 4156 832 4223 μὲν
866 4155 988 4208 καθ’
1008 4150 1202 4226 ἡδονὴν
1234 4156 1499 4210 ἑκουσίων
1532 4158 1715 4210 παθῶν
1747 4161 1941 4229 ἐγκρα-

356 4246 673 4315 τευόμενος,
703 4247 829 4308 τοὺς
861 4246 916 4298 δὲ
956 4246 1077 4299 κατ’
1104 4245 1298 4314 ὀδύνην
1332 4249 1675 4318 πειρασμοὺς
1723 4250 1943 4320 εὐχαρί-

361 4352 500 4397 στως
544 4335 866 4405 ὑπομένων
905 4353 924 4386 ι
950 4336 1030 4389 ὅτι
1071 4335 1265 4407 βιαστή
1297 4339 1444 4391 ἐστιν
1484 4340 1517 4408 ἠ
1563 4338 1808 4408 βασιλεία
1832 4341 1941 4394 τῶν

358 4426 622 4494 οὐρανῶν,
653 4429 746 4479 καὶ
772 4427 993 4495 βιασταὶ
1016 4428 1354 4498 ἁρπάζουσιν
1401 4431 1601 4501 αὐτήν·
1636 4449 1654 4481 ι
1685 4433 1713 4484 6
1750 4434 1823 4500 μὴ
1865 4433 1942 4486 δι’

2013 589 2143 645 dent
2174 604 2371 659 preme,
2409 590 2525 644 sive
2567 589 2822 659 praesenti
2857 598 3103 656 tempore
3161 585 3226 638 ad
3286 583 3587 637 correctio-

2015 698 2163 745 nem,
2193 682 2311 737 sive
2352 682 2541 736 futuro
2574 680 2643 735 ad
2682 680 2967 735 ultionem.

2087 771 2251 827 Vsus.
2284 773 2374 828 28.
2408 772 2513 838 Qui
2533 772 2748 842 conﬁdit
2786 773 2839 825 in
2889 770 3084 825 divitiis
3109 770 3243 833 suis,
3277 769 3367 823 ille
3419 767 3589 822 cadet.

2016 862 2080 916 Et
2116 867 2207 934 qui
2246 864 2474 919 conlidit
2528 865 2746 935 quidem
2794 864 2846 916 in
2910 861 3148 932 propriis
3209 860 3325 915 sive
3363 859 3586 915 diViti‘S.

2017 950 2132 1006 sive
2166 951 2539 1015 successibus,
2564 959 2619 1006 et
2649 966 2758 1005 non
2793 950 2845 1002 in
2869 949 2999 1015 Deo,
3027 948 3341 1017 bujusmodi
3382 946 3591 1000 labetur

2016 1056 2046 1095 a
2096 1041 2204 1097 Deo
2246 1041 2561 1106 derelictus,
2628 1044 2744 1097 sive
2786 1042 2995 1097 divitiis
3045 1040 3424 1104 emuentibus,
3481 1039 3594 1094 sive

2017 1135 2142 1206 quia
2167 1135 2470 1192 secundum
2504 1137 2730 1192 verbum
2764 1145 2858 1190 aut
2880 1137 3151 1192 actionem
3184 1134 3412 1192 errabit.

2091 1317 2195 1385 Qui
2228 1326 2403 1373 autem
2460 1319 2744 1387 susceperit
2791 1318 2965 1388 juxta,
2998 1319 3080 1372 hic
3108 1318 3333 1372 orietur.
3365 1315 3466 1382 Qui
3498 1330 3596 1369 au-

2022 1417 2128 1464 tem
2178 1409 2481 1479 impleverit
2528 1410 2828 1465 secundum
2888 1410 3136 1485 habitum
3190 1418 3245 1464 et
3300 1407 3599 1475 ellicaciam

2021 1500 2205 1554 divina
2263 1501 2521 1555 mandata
2591 1516 2712 1571 quae
2774 1516 2801 1554 a
2853 1502 2995 1555 malo
3041 1509 3318 1564 avertunt,
3387 1499 3453 1553 ad
3502 1499 3599 1554 bo-

2023 1608 2152 1647 num
2205 1602 2387 1647 autem
2441 1601 2794 1656 convertunt,
2840 1602 2894 1647 et
2939 1600 3132 1661 utpote
3186 1592 3277 1662 qui
3319 1591 3598 1661 propriam

2024 1683 2175 1738 novit
2206 1682 2584 1737 inﬁrmitatem
2613 1683 2669 1737 in
2702 1684 2877 1738 solum
2907 1681 3077 1737 Deum
3120 1698 3374 1753 sperans,
3405 1680 3600 1747 hujus-

2026 1774 2167 1829 modi
2190 1774 2277 1830 liel
2295 1775 2597 1830 secundum
2621 1776 2877 1829 virtutem
2898 1775 3270 1829 translucidus
3291 1776 3343 1829 ét
3366 1772 3599 1843 fulgens.

2094 1970 2261 2027 Vsus.
2292 1971 2379 2027 29.
2433 1971 2537 2039 Qui
2569 1989 2675 2027 non
2700 1972 2939 2043 invigilat
2966 1990 3078 2029 sum
3111 1972 3294 2028 domui
3322 1971 3606 2025 luci-edita-

2025 2067 2098 2118 bit
2134 2075 2337 2119 ventos.
2383 2063 2448 2120 Et
2487 2065 2582 2133 qui
2633 2080 2740 2120 non
2780 2065 3029 2136 indulget
3084 2064 3387 2120 inﬁrmitati
3416 2079 3602 2119 eorum

2025 2157 2116 2225 qui
2152 2155 2204 2209 in
2238 2157 2458 2226 propria
2489 2157 2653 2212 domo
2697 2165 2845 2223 sunt,
2874 2174 2977 2213 nec
3004 2173 3124 2213 eam
3151 2157 3387 2212 sustinet
3439 2169 3615 2225 quau-

2028 2259 2138 2302 tum
2175 2250 2434 2318 possibile
2453 2258 2555 2314 est,
2588 2250 2899 2307 instabilem
2933 2266 3128 2305 eorum
3164 2252 3491 2307 sententiam
3520 2247 3605 2300 lu-

2026 2339 2292 2405 erabitur,
2329 2356 2507 2412 neque
2532 2358 2628 2398 eos
2659 2343 2725 2399 ad
2772 2343 3137 2399 obediendum
3192 2343 3295 2414 ipsi
3348 2340 3602 2397 adducet.

2102 2512 2302 2571 Serviet
2331 2526 2508 2573 autem
2540 2518 2737 2574 stultus
2760 2520 3010 2589 sapienti.
3050 2507 3383 2573 MiniStrabit
3422 2521 3605 2570 autem

2033 2607 2284 2677 prudenti
2334 2610 2677 2681 imprudens,
2717 2604 2919 2667 leuiter
2958 2612 3109 2665 illum
3153 2610 3396 2675 adeunti,
3431 2614 3485 2661 et
3542 2604 3610 2659 ad

2032 2714 2185 2753 suam
2216 2701 2548 2757 voluntatem
2577 2704 2890 2758 adducenti.

2107 2790 2271 2849 Vnus.
2310 2794 2400 2850 50.
2432 2794 2510 2849 De
2540 2796 2718 2864 fructu
2752 2796 2982 2865 justitim
3013 2796 3253 2849 nascitur
3279 2792 3438 2847 arbor
3469 2793 3606 2846 citra.

2037 2882 2098 2937 Et
2123 2884 2190 2938 de
2207 2885 2407 2941 virtute
2437 2887 2657 2956 quidem
2690 2888 2917 2942 collecta
2952 2904 3014 2943 ex
3052 2888 3236 2942 divina
3263 2903 3383 2958 qua:
3415 2900 3613 2941 secun-

2035 2976 2163 3030 dum
2189 2977 2333 3047 leges
2368 2988 2452 3033 est
2475 2980 2892 3049 gubernatione,
2920 2980 3259 3050 germinatin
3290 2978 3470 3033 anitra
3518 2975 3612 3045 qui

2035 3088 2152 3128 eam
2186 3084 2478 3131 conservat
2504 3092 2688 3132 sermo
2716 3076 3091 3146 discretionis,
3120 3090 3216 3145 per
3238 3090 3396 3145 quem
3427 3079 3615 3127 custo-

2036 3164 2183 3218 ditur
2225 3181 2254 3219 a
2304 3169 2511 3238 peccati
2550 3177 2747 3232 morte,
2787 3182 2855 3224 eo
2887 3166 3033 3236 quod
3060 3167 3188 3221 hinc
3221 3165 3439 3236 quidem
3472 3165 3612 3218 bona

2039 3260 2311 3312 manentia
2368 3260 2587 3324 retinet,
2650 3260 2776 3314 inde
2824 3276 2952 3316 vero
3000 3263 3141 3314 mala
3181 3260 3246 3313 ad
3295 3258 3615 3327 temporalia

2036 3349 2399 3417 dispositione
2430 3366 2490 3407 se
2521 3354 2790 3407 continet.

2107 3437 2443 3505 Auferuntur
2496 3450 2674 3493 autent
2736 3441 3116 3507 intempestiva:
3166 3439 3359 3492 anima!
3411 3440 3617 3508 iniquo-

2039 3543 2177 3582 rum.
2215 3527 2583 3596 Abripiuntur
2639 3544 2667 3581 a
2715 3530 3001 3598 temporali
3045 3530 3153 3581 vita
3206 3537 3331 3582 ante
3384 3537 3615 3597 tempus,

2041 3621 2237 3675 anima!
2269 3635 2459 3675 eorum
2490 3622 2581 3690 qui
2612 3638 2718 3676 non
2754 3631 2976 3676 servant
3010 3620 3102 3675 Dei
3130 3622 3406 3684 mandata,
3426 3602 3619 3676 diebus

2043 3713 2260 3767 malitia:
2294 3729 2482 3767 eortnn
2521 3714 2879 3779 abbreviatis,
2911 3723 3133 3785 propter
3164 3716 3386 3769 elecms.

2114 3884 2278 3941 Vens.
2311 3888 2398 3941 δι.
2434 3886 2492 3941 Si
2508 3888 2689 3957 justus
2717 3889 2926 3959 quidem
2959 3890 3043 3943 vix
3068 3888 3328 3955 salvutur,
3358 3888 3549 3955 impius
3570 3899 3618 3939 et

2040 3990 2285 4041 peccator
2344 3980 2435 4034 ubi
2464 3980 2774 4042 parebunt?
2807 3981 2864 4037 Si
2897 3983 3040 4037 enim
3075 3992 3127 4037 et
3160 3983 3275 4051 ipse
3302 3982 3401 4051 'qui
3435 3982 3619 4035 divina

2044 4080 2228 4125 servat
2262 4072 2542 4136 mandata,
2602 4089 2698 4142 per
2740 4075 2941 4130 multas
2986 4075 3231 4129 salvatur
3274 4072 3618 4142 disciplinas.

2040 4160 2407 4230 jucundarum
2437 4165 2734 4233 voluptatis
2772 4166 3093 4236 passionum
3134 4180 3363 4236 compos
3419 4164 3621 4229 factus,

2044 4253 2251 4309 doloris
2314 4271 2443 4311 vero
2481 4257 2865 4325 probationum
2924 4258 3160 4313 libenter
3210 4259 3440 4327 patiens,
3492 4258 3617 4327 quia

2050 4366 2067 4398 ι
2117 4362 2342 4416 regnum
2388 4350 2654 4403 caelorum
2714 4352 2820 4404 vim
2880 4352 3106 4421 patitur,
3153 4360 3207 4406 et
3258 4334 3482 4405 violenti
3531 4367 3620 4405 ra-

2045 4438 2203 4507 piunt
2238 4439 2368 4493 illud
2395 4440 2450 4506 ¹;
2501 4460 2520 4492 ι
2583 4443 2675 4511 qui
2699 4458 2806 4497 non
2838 4459 2945 4535 per
2986 4458 3154 4513 opera
3187 4444 3415 4514 iustitia:
3454 4442 3622 4497 Deum

358 4514 534 4585 ἔργων
563 4516 909 4585 δικαιοσύνης
931 4517 1106 4587 τιμῶν
1126 4518 1216 4570 τὸν
1241 4518 1393 4581 Θεὸν,
1423 4520 1514 4571 καὶ
1545 4520 1930 4591 ἀποτυγχάνων

2049 4531 2300 4594 honorat,
2335 4542 2388 4585 et
2426 4547 2493 4586 eo
2528 4514 3137 4603 voluntarie‘privatur,
3177 4543 3268 4588 aut
3291 4535 3442 4588 nullo
3465 4534 3626 4588 modo

358 4604 548 4657 τούτου
579 4606 717 4658 κατὰ
745 4607 1005 4673 διάθεσιν,
1036 4607 1069 4678 ἢ
1100 4608 1352 4677 οὐδαμῶς
1374 4611 1748 4682 εὑρεθήσεται,
1777 4631 1942 4672 κατα-

360 4696 568 4766 κριθε“ις
597 4699 697 4769 τὴν
723 4698 826 4751 ἀπὸ
856 4699 947 4753 τοῦ
971 4700 1108 4753 Θεοῦ
1132 4700 1229 4754 τοῦ
1255 4703 1530 4774 πανταχοῦ
1562 4705 1826 4776 παρόντος
1849 4710 1942 4760 καὶ

358 4788 423 4838 τά
450 4789 624 4853 πάντα
654 4789 1006 4861 πληροῦντος,
1034 4790 1307 4845 ἔκπτωσιν
1327 4810 1339 4823 ’
1371 4793 1447 4857 ὡς
1497 4795 1759 4866 μηδαμῶς
1803 4800 1944 4852 κατὰ

357 4878 417 4932 τὸ
446 4875 505 4932 εὖ
551 4876 689 4933 εἷναι
720 4880 1006 4934 ἀπολαύων
1034 4882 1220 4948 αὐτοῦ,
1259 4885 1399 4954 ἦπου
1449 4887 1506 4938 ἐν
1546 4888 1690 4957 μόνῳ
1726 4889 1942 4953 πάντως

356 4969 431 5039 τῷ
461 4964 634 5023 εἶναι’
678 4970 753 5033 ώς
798 4976 941 5025 κατὰ
972 4971 1131 5026 τοῦτο
1168 4976 1328 5044 μόνον
1361 4974 1606 5046 μετέχων
1638 4976 1824 5039 αὐτοῦ,
1855 4978 1943 5032 διὰ

293 5096 297 5100 -
357 5062 416 5111 τὸ
446 5062 881 5127 ἀνταλλάξασθαι
908 5067 1048 5120 κατὰ
1072 5066 1319 5138 γνώμην,
1348 5066 1442 5119 τοῦ
1476 5063 1535 5120 εὖ
1570 5064 1708 5122 εἶναι
1738 5068 1844 5132 ἀεὶ,
1879 5070 1938 5121 τὸ

360 5152 459 5218 φεῦ
499 5149 637 5207 εἶναι
676 5155 783 5209 ἀεί.
1483 5175 1486 5178 ’

951 5284 1203 5372 unam.
1247 5319 1346 5372 nr.

429 5435 495 5483 α’.
537 5430 599 5481 '0
632 5428 881 5497 ἀγαπῶν
908 5431 1202 5497 παιδείαν,
1234 5430 1435 5503 ἀγαπᾷ
1478 5433 1787 5498 αἴσθησιν.
1832 5438 1940 5491 Καὶ

356 5523 464 5591 γὰρ
501 5524 535 5574 6r
560 5521 699 5591 ἐρῶν
732 5522 830 5590 τῆς
876 5524 1011 5593 πρὸς
1061 5526 1335 5594 σωτηρίαν
1376 5524 1440 5576 δι’
1470 5525 1798 5594 ἐγκρατείας
1848 5529 1941 5581 καὶ

359 5614 635 5683 ὑπομονῆς
664 5616 922 5667 ἐπιπόνου
951 5619 1015 5687 τῇ
1047 5617 1190 5688 ψυχῇ
1223 5617 1465 5687 ἀγωγῆς,
1490 5618 1588 5688 ἐρᾷ
1618 5618 1943 5692 διακρίσεως

434 5790 450 5821 ¹
485 5789 673 5847 Matth.
711 5810 786 5851 xu.
828 5795 905 5848 l2.

2049 4622 2377 4686 invenietur,
2430 4639 2553 4678 cmn
2616 4625 2913 4681 damnatus
2970 4626 3043 4679 sit
3078 4627 3144 4679 ad
3178 4626 3547 4681 exclusionem
3595 4642 3623 4677 ιι

2053 4715 2161 4768 Deo
2188 4714 2280 4784 qui
2308 4714 2508 4784 ubique
2530 4714 2684 4771 adest
2729 4726 2783 4771 ct
2826 4717 3007 4771 omnia
3046 4718 3254 4787 implet,
3283 4718 3357 4771 ita
3394 4727 3453 4770 ut
3475 4719 3625 4771 nullo

2050 4807 2213 4860 modo
2246 4807 2314 4861 ad
2345 4807 2737 4863 beatitudinem
2760 4823 2913 4863 suam
2949 4824 3015 4863 eo
3044 4808 3298 4874 fruatur;
3333 4817 3425 4861 aut
3457 4824 3622 4862 unum

2048 4900 2276 4953 omnino
2308 4915 2432 4955 esse
2464 4901 2796 4963 invenietur,
2835 4901 2909 4954 ita
2947 4910 3006 4953 ut
3036 4903 3088 4954 in
3122 4901 3225 4955 hoc
3256 4908 3466 4952 tantmn
3495 4913 3621 4966 par-

2048 4993 2218 5062 ticeps
2244 4993 2314 5047 sit
2345 4993 2466 5063 ejus
2507 4992 2667 5063 (Dei),
2692 5010 2756 5049 en
2786 4997 2930 5064 quod
2954 5005 3149 5063 sponte
3178 4991 3620 5049 commutaverit.

2049 5097 2147 5151 pro
2174 5082 2309 5138 bene
2330 5099 2452 5138 esse
2480 5098 2728 5157 semper;
2758 5085 2896 5137 male
2925 5098 3141 5151 semper
3165 5099 3304 5135 esse.

2594 5288 2599 5299 ’
2688 5327 2840 5383 CAP.
2878 5326 2991 5380 xu.

2122 5442 2285 5498 Vnus.
2324 5444 2370 5497 ι.
2406 5444 2509 5508 Qui
2564 5443 2740 5512 diligit
2782 5440 3143 5510 disciplinam,
3175 5440 3347 5509 diligit
3391 5459 3621 5495 sensum.

2051 5529 2261 5585 Etenim
2293 5532 2385 5600 qui
2449 5539 2594 5584 amat
2625 5532 2689 5583 ad
2734 5529 2964 5582 salutem
3022 5545 3115 5597 per
3171 5530 3520 5583 sobrietatem
3571 5541 3624 5584 rt
3704 5566 3711 5573 ι

2053 5623 2370 5693 patientiam
2411 5622 2605 5675 animae
2648 5620 2889 5680 «litlicilrs
2940 5620 3134 5676 adduci
3186 5629 3354 5689 amat,
3412 5622 3625 5677 discre-
3710 5674 3713 5677 .
