3960 6230
279 412 410 474 ιτς-ιι

1301 410 1453 471 COM
1465 411 1718 472 MENTA
1730 409 1842 470 RII
1879 409 1960 468 ΙΝ
2001 411 2458 499 PROVERBlA.

3407 406 3545 472 1342

275 521 584 592 πτώμασιν,
617 521 739 575 ἐπεὶ
765 521 888 592 μηδ’
923 521 1084 584 αὐτὸς
1125 523 1190 576 τὰ
1227 521 1334 576 τῶν
1369 523 1545 577 ἄλλων
1595 525 1812 594 ἔκρινεν
1837 541 1848 551 ·

2003 536 2184 580 curata
2227 544 2334 582 non
2395 527 2747 599 judicaverit,
2801 527 2898 582 sed
2956 541 3151 582 omnes
3201 524 3453 583 homines
3479 542 3546 580 ex

275 613 413 666 ἀλλὰ
464 611 672 675 πάντας
711 610 1056 681 ἀνθρώπους,
1079 609 1139 675 ἐξ
1180 611 1299 664 ῐσου
1343 611 1619 684 ἠγάπησε,
1645 610 1732 664 διὰ
1756 611 1848 662 τὸν

274 705 372 757 ἕνα
399 703 556 770 λόγον
585 702 684 772 τῆς
713 702 890 756 αὐτῶν
925 701 1161 771 φύσεως.

357 815 420 868 ⁸ο
445 814 514 867 δὲ
547 814 868 870 συναντῶν
899 815 969 867 ὲν
1018 815 1260 880 πύλαις,
1305 815 1582 883 ἐκθλίψει
1622 800 1879 882 ψυχάς.’

289 907 348 960 '0
369 905 426 960 δέ
455 907 574 968 ταῖς
599 905 708 959 τῶν
743 904 976 968 πολλῶν,
1009 906 1149 959 κατὰ
1175 906 1237 958 τὸ
1278 906 1628 976 φαινόμενον,
1670 903 1854 958 ἀνισό-

275 1016 403 1072 τησι
433 1000 551 1052 κατ’
606 997 860 1068 αἴσθησιν
895 998 1168 1062 ὑπαντῶν,
1211 1001 1269 1052 ἐν
1302 1001 1414 1062 τοῖς
1449 999 1611 1068 δίκην
1669 997 1854 1052 πυλῶν

278 1090 584 1160 πεφυκόσιν
613 1089 856 1156 εἰσάγειν
887 1090 1024 1160 πρὸς
1049 1089 1228 1160 ψυχὴν
1255 1089 1352 1152 τὰς
1377 1088 1487 1142 τῶν
1506 1088 1720 1159 ὁρατῶν
1739 1090 1856 1140 ἐπι-

279 1181 500 1252 φανείας
542 1179 944 1250 αἰσθητηρίοις,
981 1180 1076 1234 καὶ
1125 1180 1277 1250 παρὰ
1316 1178 1424 1232 τῶν
1450 1177 1706 1233 τοιούτων
1759 1178 1856 1229 ἀν-

283 1275 542 1343 ισοτήτων
569 1271 993 1342 ἐμποδιζόμενος
1021 1271 1274 1342 διαϐῆναι
1300 1271 1439 1324 κατὰ
1456 1269 1581 1324 νοῦν
1609 1269 1742 1340 πρὸς
1769 1270 1857 1322 τὸν

277 1364 374 1415 ἐνα
399 1361 498 1430 τῆς
532 1361 642 1412 τῶν
669 1359 977 1430 ἀνθρώπων
1006 1359 1223 1428 φύσεως
1263 1361 1442 1427 λόγον,
1475 1359 1718 1412 ἐκπιέσει
1755 1358 1860 1429 diu-

281 1457 402 1522 χὰς,
439 1453 718 1516 ἀκουσίοις
753 1455 936 1516 πόνοις
975 1453 1314 1523 ἀποσμήχων
1334 1453 1528 1516 αὐτὰς,
1556 1451 1700 1505 κατὰ
1722 1469 1859 1520 συμ-

282 1542 541 1614 6ε6ηκὸς,
571 1542 668 1596 τοῦ
700 1543 874 1616 ῥύπου
903 1544 1012 1598 τῶν
1049 1543 1455 1614 ἡμαρτημένων
1478 1544 1669 1605 αὑταῖς
1696 1558 1710 1571 ·
1737 1543 1860 1595 ἀκό-

280 1634 466 1689 λουθον
485 1634 545 1688 δέ
559 1635 778 1700 πάντως
800 1635 1058 1712 κριθῆναι
1081 1637 1177 1689 καὶ
1200 1637 1407 1698 τοῦτον,
1429 1635 1616 1706 ἐπειδὴ
1639 1635 1822 1703 ἔκρινε
1845 1648 1860 1663 ⁸

282 1726 378 1780 καὶ
410 1730 556 1779 πιεῖν
584 1726 692 1779 τῶν
721 1726 817 1780 τοῦ
842 1726 976 1779 Θεοῦ
1005 1727 1299 1798 χριμάτων
1328 1727 1388 1779 τὸ
1427 1725 1694 1797 ἁψίνθιον,
1729 1724 1864 1796 πρὸς

285 1817 554 1888 κάθαρσιν
582 1816 692 1870 τῶν
733 1817 1142 1888 ἡμαρτημένων
1172 1817 1339 1889 αὐτῷ.

353 1926 435 1980 ιδ’.
480 1927 615 1981 Ἀπὸ
644 1928 892 1996 καρπῶν
913 1928 1234 1997 στόματος,
1253 1927 1424 1997 ψυχὴ
1451 1927 1672 1995 ἀνδρὸς
1707 1931 1862 1993 πλη·
1897 1884 1944 1945 Β

285 2017 578 2085 σθήσεται
607 2017 869 2088 ἀγαθῶν.
904 2019 1015 2074 Καὶ
1041 2022 1106 2072 ἐκ
1135 2019 1234 2090 μὲν
1278 2019 1386 2072 τῶν
1418 2019 1700 2091 τροφίμων
1726 2017 1868 2084 κατὰ

285 2110 462 2184 ψυχὴν
487 2110 665 2180 λόγων
695 2111 794 2180 τῆς
841 2111 1193 2174 διδασκαλίας
1227 2111 1320 2166 τοῦ
1361 2110 1431 2164 τὰ
1481 2111 1599 2164 θεῖα
1648 2110 1868 2174 πάντως

288 2203 568 2273 θελήματα
598 2203 1080 2272 καταγγέλλοντος,
1104 2206 1138 2274 ἡ
1161 2203 1308 2274 ψυχὴ
1331 2202 1424 2256 τοῦ
1449 2202 1588 2256 κατὰ
1620 2201 1733 2256 τῶν
1759 2219 1866 2255 πα-

289 2297 396 2351 θῶν
425 2298 834 2370 ἀνδριζομένου,
865 2298 1286 2369 πληρωθήσεται
1312 2297 1547 2370 ἀρετῶν.

372 2407 781 2477 Ἀνταπόδομα
797 2407 865 2460 δὲ
875 2407 1324 2476 χειλέωναὺτοῦ
1343 2407 1665 2474 δοθήσεται
1683 2407 1866 2474 αὐτῷ.

302 2501 637 2570 Ἀντιμισθία
661 2500 718 2552 δὲ
752 2500 852 2568 τῆς
880 2501 1090 2569 ἀγαθῆς
1123 2499 1314 2553 τούτου
1357 2500 1709 2563 διδασκαλίας
1767 2517 1872 2554 πα·

295 2594 690 2663 ρασχεθήσεται
709 2593 854 2662 αὐτῷ
883 2592 1030 2664 παρὰ
1054 2592 1149 2646 τοῦ
1184 2592 1586 2664 μισθαποδὸτου
1609 2592 1771 2658 Θεοῦ,
1791 2593 1873 2646 ὅτι

294 2685 474 2753 ἐξάγει
499 2685 650 2750 ἄξιον
683 2684 744 2750 ἐξ
771 2686 1013 2752 ἀναξίου.

367 2794 444 2848 ιε’.
491 2795 648 2848 Ὀδοὶ
681 2795 958 2866 ἀφρόνων
979 2793 1143 2864 ὀρθαὶ
1198 2794 1458 2848 ἐνώπιον
1508 2792 1730 2848 αὐτῶν.
1764 2794 1876 2848 Καὶ

295 2887 360 2940 τὰ
389 2888 484 2958 μὲν
515 2885 652 2957 ἔργα
678 2887 784 2940 τῶν
816 2885 1196 2956 ἐστερημένων
1233 2887 1572 2958 φρονήσεως,
1629 2886 1876 2957 ἀπαρέγ-

296 2983 454 3036 κλιτα
477 2981 571 3036 τοῦ
623 2982 828 3051 ἀγαθοῦ
884 2982 1134 3036 δοκοῦσιν
1183 2983 1369 3046 αὐτοῖς
1390 2997 1403 3010 ·
1424 2982 1500 3045 ὡς
1527 2983 1744 3045 ἑαυτοῖς
1782 2999 1875 3033 πι-

299 3073 574 3138 στεύουσι,
618 3075 714 3128 καὶ
756 3073 830 3144 μὴ
863 3073 1277 3142 ἀνατιθεμένοις
1299 3073 1366 3126 τὰ
1401 3074 1611 3128 ἑαυτῶν
1669 3074 1878 3143 ἐτέροις

297 3165 572 3234 ἐχὲρροσι,
614 3163 734 3233 μηδ’
763 3163 1131 3216 ὑπακούουσιν
1171 3163 1379 3225 αὐτοῖς.

365 3271 686 3324 Εὶσακούει
725 3269 793 3322 δὲ
852 3272 1233 3339 συμϐουλίας
1287 3271 1502 3340 σοφός.
1583 3267 1879 3324 ’Υπακούει

299 3362 355 3415 δὲ
382 3359 613 3429 ἀγαθαῖς
644 3359 972 3430 ὑποθήκαις,
1001 3359 1029 3408 ὁ
1052 3359 1208 3422 εἰδὼς
1233 3359 1315 3412 ὅτι
1348 3358 1597 3428 φυσικῶς
1622 3359 1881 3429 πρόσκει-

301 3473 388 3508 ται
436 3455 543 3515 πᾶς
597 3453 711 3514 τοῖς
741 3450 987 3513 οἰκείοις,
1013 3450 1118 3502 κᾶν
1151 3450 1224 3520 μὴ
1252 3446 1355 3504 ὦσι
1385 3452 1546 3505 καλά’
1584 3451 1882 3506 κάντεῦθεν

304 3546 521 3616 ἐτέρους
549 3541 820 3597 καθιστῶν
851 3541 962 3593 τῶν
1009 3540 1227 3592 οἰκείων
1276 3541 1662 3610 βουλευμάτων
1695 3541 1884 3606 ἐξετα-

306 3638 455 3702 στὰς,
484 3639 679 3706 μήπως
697 3637 778 3698 είς
809 3633 962 3688 κενὸν
993 3633 1163 3706 τρέχῃ
1191 3632 1222 3703 ἢ
1252 3632 1510 3702 ἔδραμεν.
1827 3629 1850 3643 ⁹

378 3753 471 3810 ις’.
509 3747 766 3814 Ἄφρων,
791 3741 1134 3810 αὐθημερὸν
1173 3739 1526 3809 ἐξαγγέλλει
1559 3737 1751 3808 ὀργὴν
1779 3740 1887 3793 αὐ-

307 3839 433 3893 τοῦ.
465 3839 616 3891 Καὶὸ
647 3835 746 3908 μὲν
769 3836 844 3906 μὴ
877 3835 1021 3905 λόγῳ
1049 3833 1268 3904 κρατῶν
1303 3833 1400 3885 τοῦ
1436 3831 1632 3899 θυμοῦ,
1668 3831 1783 3900 ἅμα
1811 3829 1891 3901 τῷ

307 3930 496 3984 τοῦτον
525 3930 604 3992 εἱς
628 3928 800 3998 ὀργὴν
839 3925 1152 3997 κινηθῆναι,
1185 3924 1438 3994 ἐκφαίνει
1498 3923 1684 3988 αὑτὸν,
1721 3923 1772 3975 εί
1799 3921 1892 3975 56'-

311 4039 465 4076 ναται
489 4020 694 4090 ἔργοις,
727 4018 831 4072 εἴτ’
855 4016 950 4071 οῦν
985 4017 1187 4085 λόγοις.

385 4126 736 4199 Κρύπτειδὲ
788 4127 904 4195 τὴν
947 4127 1169 4180 ἑαυτοῦ
1219 4128 1463 4196 ἀτιμίαν
1522 4125 1891 4194 πανοῦργος.

314 4225 426 4277 Οὐκ
456 4225 518 4290 ἐᾷ
561 4222 617 4275 δέ
643 4219 767 4273 οὔτε
796 4219 977 4292 ἔργοις
1001 4219 1126 4272 οὔτε
1165 4218 1272 4291 μὴν
1299 4219 1479 4288 λόγοις
1509 4219 1897 4290 φανερωθῆναι

313 4316 382 4368 τὰ
400 4314 694 4384 ἁτιμοποιὰ
711 4312 879 4383 πάθη,
905 4330 978 4381 φη
989 4311 1047 4380 μὶ
1060 4311 1124 4383 δὴ
1149 4311 1248 4383 τὴν
1267 4311 1560 4384 ἐπιθυμίαν
1585 4313 1678 4365 καὶ
1694 4311 1784 4363 τὸν
1811 4311 1900 4364 ἐκ·

314 4408 462 4460 δίκον
478 4405 678 4474 ταύτης
703 4405 894 4474 θυμδν,
913 4405 942 4457 ὁ
995 4405 1172 4458 πάντα
1201 4407 1457 4474 πράττων
1490 4405 1624 4474 μετὰ
1644 4421 1709 4456 πε
1720 4402 1902 4470 ρισκέ-

315 4501 461 4566 ψεως
489 4513 502 4526 ·
543 4496 688 4566 λόγῳ
716 4495 921 4549 τούτων
949 4495 1206 4566 κρατῶν“,
1241 4497 1344 4559 ἕως
1374 4496 1438 4548 ἂν
1461 4495 1712 4566 νεκρώσῃ
1739 4495 1898 4546 αὐτὰ.

390 4697 470 4762 ιζ’.
547 4695 1072 4764 Ἰῖπιδεικνυμέιητν
1137 4697 1344 4750 πίστιν
1393 4695 1752 4763 ἀναγγέλλει
1805 4693 1888 4746 δί’-

315 4787 624 4856 καιοςχΚαὶ
650 4787 1061 4856 φανερουμένην
1099 4787 1198 4856 μὲν
1225 4785 1484 4856 δι’ἔργων
1517 4787 1612 4856 τὴν
1645 4787 1723 4849 είς
1759 4787 1893 4840 Θεὸν

317 4876 478 4930 αὐτοῦ
511 4877 694 4928 πῖστιν
725 4875 1093 4944 ἀνακηρύττει
1144 4877 1172 4927 ὁ
1202 4877 1506 4946 ἀμέμπτως
1541 4877 1892 4944 πολιτευόμει

317 4985 427 5030 νος,
493 4968 566 5031 ὡς
606 4969 698 5020 καὶ
761 4967 821 5019 οὐ
859 4967 1088 5037 νεκρὰν,
1139 4965 1274 5020 ἀλλὰ
1322 4965 1500 5031 ζῶσαν
1563 4967 1898 5037 κεκτημένος

320 5061 509 5128 αῢτήν.

405 5167 457 5216 '0
485 5165 552 5217 δὲ
569 5165 800 5234 μάρτυς
835 5163 956 5217 τῶν
983 5165 1230 5229 ἀδίκων,
1263 5165 1486 5232 δόλιος.
1506 5167 1562 5219 ’0
1583 5167 1639 5218 δέ
1667 5165 1900 5236 βεϐαιῶν

323 5259 504 5330 ἔργοις
520 5258 586 5311 τὰ
609 5259 756 5328 παρὰ
771 5257 870 5329 τὴν
896 5257 1064 5326 ὀρθὴν
1087 5258 1274 5328 κρίσιν
1303 5259 1498 5310 ἑαυτοῦ
1527 5257 1899 5328 βουλεύματα,

321 5350 384 5401 τδ
418 5348 654 5419 καθαρὸν
699 5349 797 5418 τῆς
825 5349 1064 5412 πίστεως
1102 5349 1536 5427 καταρρυπαίνει
1567 5353 1680 5414 τοῖς
1731 5350 1901 5404 πάθε-

327 5458 431 5494 σιν.

395 5568 486 5643 ιη’.
517 5570 703 5636 Εἱσὶη
722 5568 777 5622 οἳ
804 5570 1087 5638 λέγοντες
1109 5568 1548 5636 τιτρώσκουσιν
1577 5571 1656 5634 ὡς
1682 5569 1902 5639 μάχαι-

317 5680 439 5734 ραι.
474 5662 582 5714 Καὶ
640 5661 948 5729 ὑπάρχουσι
987 5662 1082 5730 μὲν
1118 5663 1317 5725 οἵτινες
1382 5662 1695 5730 ὁμιλοῦντες
1735 5663 1906 5731 μηδὲν

326 5751 622 5821 εἰρηνικὸν,
659 5751 1094 5820 πλήττουσιτοὺς
1121 5751 1419 5814 ἀκούοντας
1433 5751 1520 5804 διὰ
1541 5751 1651 5804 τῶν
1688 5752 1904 5805 οἰκείων

325 5843 610 5927 ῥημάτων,
631 5841 705 5906 ὡς
727 5842 792 5894 δι’
819 5841 997 5896 ὅπλων
1018 5845 1075 5894 ἐν
1098 5843 1244 5912 μάχῃ
1272 5842 1579 5912 αἰρομένων
1613 5843 1742 5912 πρὸς
1763 5843 1902 5911 ἄμυ-

1957 632 2116 689 ιιξιιυο
2155 620 2428 684 dilexerit,
2473 635 2581 674 una
2608 622 2826 675 ratione
2862 619 3048 674 habita
3086 628 3298 674 naturae
3325 633 3541 673 eorum.

2033 824 2142 890 Qui
2191 834 2364 880 autem
2410 825 2639 880 occurrit
2687 824 2742 879 in
2792 824 2996 893 portis,
3042 823 3249 878 vexabit
3309 821 3542 880 animas.

1962 915 2067 982 Qui
2095 923 2281 994 autem
2313 925 2612 972 notaturns
2663 922 2995 986 apparentes
3034 913 3278 982 plurium
3305 913 3544 980 inzequa-

1963 1005 2164 1070 litates,
2178 1005 2423 1059 occurrit
2447 1005 2500 1058 in
2521 1003 2782 1059 sensibus
2812 1002 2968 1071 quasi
3002 1001 3176 1070 portis
3210 998 3280 1055 ad
3308 1000 3546 1053 animant

1967 1091 2299 1149 ducentibus
2317 1091 2618 1147 visibilium
2646 1105 2827 1145 rerum
2851 1090 3087 1159 species,
3115 1087 3277 1158 etqui
3308 1086 3394 1141 his
3422 1087 3551 1138 inae«

1966 1187 2332 1259 qualitatibus
2359 1185 2663 1256 impeditur
2705 1201 2773 1239 ne
2804 1191 2984 1238 mente
3018 1189 3279 1251 assurgat
3313 1179 3380 1232 ad
3418 1194 3550 1232 con-

1966 1278 2352 1334 siderationem
2417 1277 2582 1330 unius
2645 1274 2932 1328 hominum
2985 1281 3228 1334 naturae,
3279 1267 3550 1338 opprimet

1969 1367 2204 1428 animas,
2238 1363 2439 1418 invitas
2485 1359 2822 1431 extergendo
2852 1359 3024 1428 ipsas,
3057 1365 3116 1410 ιιι
3151 1357 3330 1421 decet,
3371 1369 3398 1407 a
3432 1367 3552 1408 sor-

1970 1457 2134 1512 dibus
2170 1463 2517 1526 peccatorum
2552 1467 2813 1516 suorum;
2861 1457 2914 1504 et
2947 1462 3296 1517 consequens
3326 1444 3552 1499 omnino

1971 1561 2051 1606 est
2078 1548 2312 1620 judicari
2339 1562 2485 1610 eum,
2527 1545 2786 1614 quoniam
2830 1540 3122 1611 judicavit,
3155 1549 3209 1593 et
3251 1537 3437 1592 bibere
3468 1535 3553 1588 di-

1973 1643 2221 1694 vinorum
2251 1638 2590 1708 jndiciorutn
2624 1633 2996 1697 absinthium,
3038 1640 3097 1686 ut
3127 1628 3446 1702 puriﬁcetur
3486 1638 3554 1680 at)

1974 1731 2060 1788 his
2096 1745 2218 1801 qua:
2257 1729 2310 1784 in
2351 1728 2520 1784 Deum
2557 1727 2830 1798 peccavit.

2048 1931 2216 1986 Vsus.
2239 1930 2327 1983 Η.
2363 1928 2438 1983 De
2473 1927 2735 1998 fructibus
2770 1927 2898 1991 oris,
2921 1926 3102 1978 anima
3122 1924 3223 1978 riri
3255 1921 3555 1991 impiebitur

1970 2023 2140 2078 bonis.
2173 2021 2236 2074 Et
2251 2037 2316 2076 ex
2337 2019 2705 2074 nutrientibus
2725 2018 2963 2070 animam
2984 2013 3335 2072 sermonibus
3356 2011 3557 2065 doctri-

1970 2129 2054 2168 nze
2083 2113 2204 2182 ejus
2245 2113 2336 2182 qui
2361 2109 2606 2166 divinam
2633 2109 2968 2163 voluntatem
3019 2105 3309 2160 annuntiat
3335 2144 3348 2168 ,
3374 2102 3555 2164 anima

1969 2209 2090 2277 ejus
2121 2207 2212 2277 qui
2249 2221 2346 2276 per
2397 2204 2684 2274 passiones
2727 2199 3049 2262 invalescit,
3094 2196 3412 2268 implebitur
3441 2195 3553 2247 vir-

1971 2299 2208 2354 tutibus.

2045 2406 2341 2464 Retributio
2365 2403 2624 2458 (abierunt
2653 2401 2768 2470 eius
2801 2399 3022 2453 dabitur
3048 2399 3116 2452 ei.
3149 2392 3562 2450 Remuneratio-

1974 2519 2096 2557 nt-m
2129 2515 2256 2554 vero
2310 2498 2470 2552 bona:
2510 2510 2622 2550 sua:
2660 2495 2926 2547 doctrinae
2977 2488 3199 2542 habebit
3246 2489 3356 2546 ille.
3410 2501 3438 2537 a
3471 2500 3562 2536 re-

1976 2602 2332 2646 muneratore
2359 2587 2490 2650 Deo,
2520 2601 2642 2640 cum
2671 2589 2923 2638 secernet
2949 2580 3177 2650 dignum
3205 2577 3276 2632 ab
3307 2575 3557 2644 indigno.

2051 2785 2322 2844 \’Ens.i5.
2367 2785 2478 2840 Via!
2514 2782 2876 2853 insipientium
2908 2789 3064 2834 rectm
3108 2793 3284 2831 coram
3315 2774 3466 2844 ipsis.
3503 2770 3561 2823 Et

1979 2899 2140 2954 opera
2195 2893 2383 2936 eorum
2443 2875 2535 2944 qui
2599 2888 2762 2929 sensu
2817 2871 3118 2934 orbantur,
3185 2863 3563 2934 irrepreltensa

1982 2973 2235 3025 videntur
2263 2967 2418 3037 ipsis,
2457 2964 2586 3032 quia
2617 2963 2719 3016 sibi
2753 2961 2946 3023 fidunt,
2973 2973 3073 3012 nec
3098 2972 3197 3009 stta
3234 2955 3566 3008 submittunt

1983 3064 2106 3118 aliis
2148 3060 2278 3114 viris
2319 3055 2696 3128 prudentibus,
2732 3051 2936 3122 quibus
2969 3047 3250 3103 obediant.

2060 3280 2293 3338 Exaudit
2366 3287 2538 3332 autem
2597 3276 2822 3330 consilia
2860 3273 3093 3341 sapiens.
3151 3255 3346 3323 Obedit
3415 3264 3571 3319 bonis

1987 3373 2270 3431 consiliis,
2295 3368 2388 3438 qui
2419 3367 2524 3421 scit
2555 3365 2878 3418 naturaliter
2920 3361 3198 3415 adhaerere
3221 3373 3414 3410 omnes
3434 3359 3573 3414 suis,

1983 3461 2195 3518 etiam~i
2239 3474 2347 3512 non
2395 3456 2579 3518 bonis,
2623 3464 2676 3509 et
2725 3453 2864 3507 alios
2901 3451 3191 3506 conStitnit
3225 3447 3571 3516 prepriarntn

1991 3556 2170 3624 ipsius
2229 3548 2628 3619 cogitationum
2686 3545 3069 3613 inspectores,
3127 3555 3194 3593 ne
3247 3538 3300 3591 in
3344 3551 3574 3590 vacuum

1995 3651 2182 3699 ettrrat
2210 3649 2305 3696 aut
2331 3637 2664 3694 cucurrerit.

2064 3751 2227 3804 Vsus.
2286 3747 2372 3802 16.
2419 3743 2755 3811 Imprudens,
2805 3738 2981 3794 eadem
3013 3739 3098 3792 die
3148 3737 3386 3791 enuntiat
3441 3736 3574 3786 iram

1992 3857 2169 3895 suam.
2194 3837 2259 3890 Et
2281 3837 2372 3906 qui
2406 3850 2512 3889 non
2541 3833 2754 3886 ratione
2771 3845 3000 3900 compos
3031 3837 3114 3882 est
3137 3828 3230 3880 ine
3261 3841 3392 3880 sure.
3415 3825 3495 3876 si:
3525 3822 3576 3873 ttl

1995 3945 2059 3984 ac
2089 3931 2142 3982 in
2195 3929 2330 3982 iram
2364 3931 2634 3986 movetur,
2685 3923 3002 3976 manifestat
3047 3934 3187 3983 eam,
3235 3917 3482 3977 actibus,
3535 3915 3576 3967 si

1996 4020 2194 4092 possit,
2236 4026 2328 4072 aut
2364 4016 2732 4073 sermonibus.

2070 4132 2356 4191 [incendit
2391 4140 2564 4184 autem
2596 4127 3056 4182 inhonoratiouem
3090 4123 3168 4175 vir
3199 4128 3428 4171 astutus.
3467 4115 3580 4166 Non

1999 4227 2130 4282 sinit
2169 4242 2345 4294 neque
2369 4223 2585 4278 actibus
2631 4234 2808 4287 neque
2843 4219 2976 4286 ipsis
3029 4211 3376 4269 sermonibus
3411 4209 3582 4258 n-ani-

2005 4319 2194 4374 feslari
2226 4318 2620 4372 inhmtorantes
2673 4311 3028 4380 cnpldita'es,
3079 4298 3582 4371 concupiSt-entia-u

2005 4414 2130 4465 dico
2172 4419 2225 4464 ct
2269 4409 2433 4476 hujus
2468 4407 2718 4459 ultricem
2741 4403 2895 4469 .iram
2920 4440 2935 4462 ,
2981 4399 3072 4468 qui
3107 4395 3446 4452 ontniacum
3474 4391 3582 4441 cir-

2008 4496 2424 4567 cumspectione
2452 4495 2583 4563 agit,
2617 4506 2742 4546 cum
2773 4491 2981 4542 ratione
3009 4501 3196 4539 earum
3239 4496 3462 4548 compos
3493 4480 3586 4541 sit;

1935 4569 1974 4621 D
2006 4593 2182 4645 donec
2211 4588 2622 4642 mortiﬁcaverit
2657 4601 2770 4639 eas.

2078 4699 2238 4753 VEBS.
2273 4698 2360 4752 Π.
2394 4695 2616 4750 Planum
2646 4693 2800 4763 fidem
2839 4687 3116 4745 annuntiat
3137 4686 3340 4756 justus.
3373 4681 3435 4735 Et
3463 4699 3574 4733 ma-

2007 4791 2316 4847 nifestatum
2349 4805 2445 4859 per
2471 4803 2634 4857 opera
2663 4786 2818 4840 Iidem
2841 4797 2996 4839 suam
3028 4782 3082 4835 in
3119 4781 3281 4834 Deum
3305 4777 3587 4830 annuntiat

2007 4886 2098 4956 qui
2137 4884 2684 4953 irrcpreltensibiliter
2731 4897 2791 4936 se
2835 4880 2994 4950 gerit,
3041 4879 3171 4948 quia
3206 4891 3314 4930 non
3345 4881 3584 4933 mut-tua,

2009 4980 2102 5034 sed
2146 4978 2265 5031 viva
2297 4977 2370 5030 illi
2406 4984 2508 5030 est.

2084 5161 2256 5216 Testis
2290 5170 2464 5214 autem
2501 5159 2844 5223 iuiustornm,
2881 5155 3116 5206 dolosas.
3155 5149 3258 5214 Qui
3304 5162 3435 5201 vero
3466 5161 3592 5214 opu

2011 5254 2168 5309 ribus
2245 5250 2534 5306 co‘nlirmat
2633 5247 2870 5316 cogitata
2938 5257 3035 5296 sua
3115 5247 3307 5293 contra
3385 5247 3590 5292 rectum

2006 5341 2312 5414 judicium,
2365 5339 2486 5395 lidei
2548 5338 2836 5406 puritatem
2899 5329 3291 5400 cupiditatibus
3340 5327 3455 5384 suis
3507 5328 3593 5380 in-

2012 5433 2227 5504 qttinat.

2093 5563 2260 5617 \‘t-Ltts.
2293 5559 2377 5612 18.
2420 5557 2555 5612 Sunt
2576 5555 2664 5624 qui
2685 5551 2916 5606 dicentes
2948 5550 3222 5604 vulnerant
3243 5549 3382 5602 sicut
3414 5560 3584 5602 enses.

2015 5655 2245 5721 Quidam
2268 5656 2396 5705 sunt
2412 5649 2501 5718 qui
2530 5646 2662 5701 nihil
2681 5645 2961 5716 paciiimtm
2982 5643 3374 5711 colloquentes,
3399 5641 3590 5694 I'erinnl

2017 5745 2318 5800 audicntes
2343 5743 2457 5796 suis
2483 5740 2867 5803 sermonibus,
2911 5734 3071 5804 quasi
3107 5735 3275 5788 armis
3321 5733 3375 5787 itt
3415 5749 3589 5802 pugna

2017 5836 2250 5904 sumptis
2277 5835 2340 5890 ad
2366 5834 2736 5890 defensionem
2761 5833 2930 5902 aequis
2964 5846 2978 5896 ;
3015 5826 3592 5890 feriuntautemillos,
3644 5881 3651 5886 _
