  <div class='ocr_page' id='page_1' title='image "/cluster/home/n/w/nwhite01/storage/ocr_20150623/87 pt.1/mdp.39015032856539/711.png"; bbox 0 0 3960 6230; ppageno 0'>
   <div class='ocr_carea' id='block_1_1' title="bbox 461 256 2118 380">
    <p class='ocr_par' dir='ltr' id='par_1_1' title="bbox 539 308 2114 380">
     <span class='ocr_line' id='line_1_1' title="bbox 539 308 2114 380; baseline -0.008 0"><span class='ocrx_word' id='word_1_1' title='bbox 539 316 664 380; x_wconf 70' lang='grc'><strong>1341</strong></span> <span class='ocrx_word' id='word_1_2' title='bbox 1823 308 2114 370; x_wconf 80' lang='lat' dir='ltr'><strong>PROCOP</strong></span> 
     </span>
    </p>
   </div>
   <div class='ocr_carea' id='block_1_2' title="bbox 2226 256 3776 380">
    <p class='ocr_par' dir='ltr' id='par_1_2' title="bbox 2226 298 3776 367">
     <span class='ocr_line' id='line_1_2' title="bbox 2226 298 3776 367; baseline -0.012 0"><span class='ocrx_word' id='word_1_3' title='bbox 2226 306 2462 367; x_wconf 64' lang='lat' dir='ltr'><strong>GAZEI</strong></span> <span class='ocrx_word' id='word_1_4' title='bbox 3669 298 3776 366; x_wconf 52' lang='grc' dir='ltr'><strong>ιδιά</strong></span> 
     </span>
    </p>
   </div>
   <div class='ocr_carea' id='block_1_3' title="bbox 533 411 2118 498">
    <p class='ocr_par' dir='ltr' id='par_1_3' title="bbox 533 421 2118 498">
     <span class='ocr_line' id='line_1_3' title="bbox 533 421 2118 498; baseline -0.008 -16"><span class='ocrx_word' id='word_1_5' title='bbox 533 445 656 498; x_wconf 58' lang='lat' dir='ltr'><strong>«tua:</strong></span> <span class='ocrx_word' id='word_1_6' title='bbox 682 427 748 481; x_wconf 83' lang='lat' dir='ltr'><strong>ab</strong></span> <span class='ocrx_word' id='word_1_7' title='bbox 774 426 884 482; x_wconf 83' lang='lat' dir='ltr'><strong>illis</strong></span> <span class='ocrx_word' id='word_1_8' title='bbox 915 425 1066 480; x_wconf 82' lang='lat' dir='ltr'><strong>illata</strong></span> <span class='ocrx_word' id='word_1_9' title='bbox 1096 433 1178 480; x_wconf 86' lang='lat' dir='ltr'><strong>est</strong></span> <span class='ocrx_word' id='word_1_10' title='bbox 1205 424 1258 478; x_wconf 91' lang='lat' dir='ltr'><strong>in</strong></span> <span class='ocrx_word' id='word_1_11' title='bbox 1279 423 1450 494; x_wconf 90' lang='lat' dir='ltr'><strong>ipsos,</strong></span> <span class='ocrx_word' id='word_1_12' title='bbox 1483 421 1692 476; x_wconf 88' lang='lat' dir='ltr'><strong>ducunt</strong></span> <span class='ocrx_word' id='word_1_13' title='bbox 1719 435 1837 485; x_wconf 85' lang='lat' dir='ltr'><strong>eos,</strong></span> <span class='ocrx_word' id='word_1_14' title='bbox 1869 431 2118 488; x_wconf 67' lang='lat' dir='ltr'><strong>tanquan‘</strong></span> 
     </span>
    </p>
   </div>
   <div class='ocr_carea' id='block_1_4' title="bbox 2226 411 3775 498">
    <p class='ocr_par' dir='ltr' id='par_1_4' title="bbox 2238 411 3775 486">
     <span class='ocr_line' id='line_1_4' title="bbox 2238 411 3775 486; baseline -0.002 -16"><span class='ocrx_word' id='word_1_15' title='bbox 2238 417 2368 486; x_wconf 76' lang='grc' dir='ltr'>παρ’</span> <span class='ocrx_word' id='word_1_16' title='bbox 2399 413 2580 468; x_wconf 84' lang='grc' dir='ltr'>αὐτῶν</span> <span class='ocrx_word' id='word_1_17' title='bbox 2616 413 2693 478; x_wconf 79' lang='grc' dir='ltr'>εἰς</span> <span class='ocrx_word' id='word_1_18' title='bbox 2719 413 2934 477; x_wconf 67' lang='grc' dir='ltr'>αὐτοὺς,</span> <span class='ocrx_word' id='word_1_19' title='bbox 2976 413 3173 482; x_wconf 77' lang='grc' dir='ltr'>ἄγουσι</span> <span class='ocrx_word' id='word_1_20' title='bbox 3227 413 3449 476; x_wconf 73' lang='grc' dir='ltr'>τούτους</span> <span class='ocrx_word' id='word_1_21' title='bbox 3477 411 3551 475; x_wconf 78' lang='grc' dir='ltr'>ὡς</span> <span class='ocrx_word' id='word_1_22' title='bbox 3584 413 3775 481; x_wconf 61' lang='lat' dir='ltr'><strong>ciete-.1-</strong></span> 
     </span>
    </p>
   </div>
   <div class='ocr_carea' id='block_1_5' title="bbox 535 503 2118 591">
    <p class='ocr_par' dir='ltr' id='par_1_5' title="bbox 535 511 2118 591">
     <span class='ocr_line' id='line_1_5' title="bbox 535 511 2118 591; baseline -0.008 -17"><span class='ocrx_word' id='word_1_23' title='bbox 535 530 694 591; x_wconf 81' lang='lat' dir='ltr'><strong>longe</strong></span> <span class='ocrx_word' id='word_1_24' title='bbox 725 518 936 574; x_wconf 84' lang='lat' dir='ltr'><strong>alienos</strong></span> <span class='ocrx_word' id='word_1_25' title='bbox 963 533 994 572; x_wconf 88' lang='lat' dir='ltr'><strong>a</strong></span> <span class='ocrx_word' id='word_1_26' title='bbox 1027 516 1296 572; x_wconf 86' lang='lat' dir='ltr'><strong>charitate</strong></span> <span class='ocrx_word' id='word_1_27' title='bbox 1327 528 1450 585; x_wconf 70' lang='lat' dir='ltr'><strong>qtae</strong></span> <span class='ocrx_word' id='word_1_28' title='bbox 1471 527 1663 567; x_wconf 90' lang='lat' dir='ltr'><strong>omnes</strong></span> <span class='ocrx_word' id='word_1_29' title='bbox 1697 511 1935 566; x_wconf 88' lang='lat' dir='ltr'><strong>virtutes</strong></span> <span class='ocrx_word' id='word_1_30' title='bbox 1967 525 2118 581; x_wconf 78' lang='lat' dir='ltr'><strong>gene-</strong></span> 
     </span>
    </p>
   </div>
   <div class='ocr_carea' id='block_1_6' title="bbox 2226 503 3778 591">
    <p class='ocr_par' dir='ltr' id='par_1_6' title="bbox 2234 503 3778 578">
     <span class='ocr_line' id='line_1_6' title="bbox 2234 503 3778 578; baseline -0.003 -19"><span class='ocrx_word' id='word_1_31' title='bbox 2234 507 2434 577; x_wconf 78' lang='grc' dir='ltr'>μένους</span> <span class='ocrx_word' id='word_1_32' title='bbox 2471 505 2692 578; x_wconf 76' lang='grc' dir='ltr'>μακρὰν</span> <span class='ocrx_word' id='word_1_33' title='bbox 2724 505 2824 574; x_wconf 80' lang='grc' dir='ltr'>τῆς</span> <span class='ocrx_word' id='word_1_34' title='bbox 2855 505 3049 559; x_wconf 87' lang='grc' dir='ltr'>πασῶν</span> <span class='ocrx_word' id='word_1_35' title='bbox 3077 503 3187 558; x_wconf 86' lang='grc' dir='ltr'><strong>τῶν</strong></span> <span class='ocrx_word' id='word_1_36' title='bbox 3215 505 3424 576; x_wconf 80' lang='grc' dir='ltr'><strong>ἀρετῶν</strong></span> <span class='ocrx_word' id='word_1_37' title='bbox 3450 507 3778 576; x_wconf 67' lang='grc' dir='ltr'>γενικωτάτης</span> 
     </span>
    </p>
   </div>
   <div class='ocr_carea' id='block_1_7' title="bbox 533 595 2118 678">
    <p class='ocr_par' dir='ltr' id='par_1_7' title="bbox 533 611 2118 678">
     <span class='ocr_line' id='line_1_7' title="bbox 533 611 2118 678; baseline -0.005 -14"><span class='ocrx_word' id='word_1_38' title='bbox 533 621 640 678; x_wconf 81' lang='lat' dir='ltr'><strong>rat,</strong></span> <span class='ocrx_word' id='word_1_39' title='bbox 681 612 734 666; x_wconf 90' lang='lat' dir='ltr'><strong>in</strong></span> <span class='ocrx_word' id='word_1_40' title='bbox 784 611 981 666; x_wconf 60' lang='lat' dir='ltr'><strong>anima:</strong></span> <span class='ocrx_word' id='word_1_41' title='bbox 1025 616 1424 676; x_wconf 68' lang='lat' dir='ltr'><strong>mortem,qute</strong></span> <span class='ocrx_word' id='word_1_42' title='bbox 1455 612 1542 662; x_wconf 90' lang='lat' dir='ltr'><strong>est</strong></span> <span class='ocrx_word' id='word_1_43' title='bbox 1583 612 1889 676; x_wconf 84' lang='lat' dir='ltr'><strong>peccatum,</strong></span> <span class='ocrx_word' id='word_1_44' title='bbox 1924 617 2019 658; x_wconf 90' lang='lat' dir='ltr'><strong>seu</strong></span> <span class='ocrx_word' id='word_1_45' title='bbox 2052 616 2118 657; x_wconf 81' lang='lat' dir='ltr'><strong>se</strong></span> 
     </span>
    </p>
   </div>
   <div class='ocr_carea' id='block_1_8' title="bbox 2226 595 3780 678">
    <p class='ocr_par' dir='ltr' id='par_1_8' title="bbox 2229 595 3780 668">
     <span class='ocr_line' id='line_1_8' title="bbox 2229 595 3780 668; baseline -0.017 -3"><span class='ocrx_word' id='word_1_46' title='bbox 2229 598 2476 668; x_wconf 82' lang='grc' dir='ltr'>ἀγάπης,</span> <span class='ocrx_word' id='word_1_47' title='bbox 2503 598 2582 660; x_wconf 70' lang='grc' dir='ltr'>εἰς</span> <span class='ocrx_word' id='word_1_48' title='bbox 2602 598 2695 650; x_wconf 75' lang='grc' dir='ltr'>τὸν</span> <span class='ocrx_word' id='word_1_49' title='bbox 2720 596 2821 666; x_wconf 79' lang='grc' dir='ltr'><strong>τῆς</strong></span> <span class='ocrx_word' id='word_1_50' title='bbox 2846 595 3028 666; x_wconf 71' lang='grc' dir='ltr'>ψυχῆς</span> <span class='ocrx_word' id='word_1_51' title='bbox 3051 595 3301 650; x_wconf 85' lang='grc' dir='ltr'>θάνατον·</span> <span class='ocrx_word' id='word_1_52' title='bbox 3328 595 3384 657; x_wconf 81' lang='grc' dir='ltr'>ὃς</span> <span class='ocrx_word' id='word_1_53' title='bbox 3414 595 3618 666; x_wconf 77' lang='grc' dir='ltr'>ἐστινὴ</span> <span class='ocrx_word' id='word_1_54' title='bbox 3643 595 3780 668; x_wconf 75' lang='grc' dir='ltr'>ἁμαρ.</span> 
     </span>
    </p>
   </div>
   <div class='ocr_carea' id='block_1_9' title="bbox 535 686 2118 774">
    <p class='ocr_par' dir='ltr' id='par_1_9' title="bbox 535 699 1301 774">
     <span class='ocr_line' id='line_1_9' title="bbox 535 699 1301 774; baseline 0 -22"><span class='ocrx_word' id='word_1_55' title='bbox 535 704 748 774; x_wconf 68' lang='grc' dir='ltr'>μινὶὶιὶο</span> <span class='ocrx_word' id='word_1_56' title='bbox 782 719 810 756; x_wconf 85' lang='lat' dir='ltr'><strong>a</strong></span> <span class='ocrx_word' id='word_1_57' title='bbox 845 703 974 768; x_wconf 85' lang='lat' dir='ltr'><strong>Deo,</strong></span> <span class='ocrx_word' id='word_1_58' title='bbox 1003 699 1115 755; x_wconf 87' lang='lat' dir='ltr'><strong>vita</strong></span> <span class='ocrx_word' id='word_1_59' title='bbox 1151 715 1301 753; x_wconf 87' lang='lat' dir='ltr'><strong>vera.</strong></span> 
     </span>
    </p>
   </div>
   <div class='ocr_carea' id='block_1_10' title="bbox 2226 686 3588 774">
    <p class='ocr_par' dir='ltr' id='par_1_10' title="bbox 2230 686 3588 761">
     <span class='ocr_line' id='line_1_10' title="bbox 2230 686 3588 761; baseline -0.003 -17"><span class='ocrx_word' id='word_1_60' title='bbox 2230 689 2341 753; x_wconf 84' lang='grc' dir='ltr'>τία,</span> <span class='ocrx_word' id='word_1_61' title='bbox 2365 689 2441 754; x_wconf 84' lang='grc' dir='ltr'>ὡς</span> <span class='ocrx_word' id='word_1_62' title='bbox 2464 689 2746 761; x_wconf 74' lang='grc' dir='ltr'>χωρισμὸς</span> <span class='ocrx_word' id='word_1_63' title='bbox 2775 688 2884 743; x_wconf 78' lang='grc' dir='ltr'><strong>ἀπὸ</strong></span> <span class='ocrx_word' id='word_1_64' title='bbox 2915 688 3052 743; x_wconf 83' lang='grc' dir='ltr'>Θεοῦ</span> <span class='ocrx_word' id='word_1_65' title='bbox 3091 689 3190 758; x_wconf 78' lang='grc' dir='ltr'>τῆς</span> <span class='ocrx_word' id='word_1_66' title='bbox 3218 688 3386 752; x_wconf 81' lang='grc' dir='ltr'>ὅντως</span> <span class='ocrx_word' id='word_1_67' title='bbox 3420 686 3588 757; x_wconf 75' lang='grc' dir='ltr'>ζωῆς.</span> 
     </span>
    </p>
   </div>
   <div class='ocr_carea' id='block_1_11' title="bbox 1166 833 2118 897">
    <p class='ocr_par' dir='ltr' id='par_1_11' title="bbox 1166 840 1499 897">
     <span class='ocr_line' id='line_1_11' title="bbox 1166 840 1499 897; baseline 0 0"><span class='ocrx_word' id='word_1_68' title='bbox 1166 841 1321 897; x_wconf 74' lang='lat' dir='ltr'><strong>CAP.</strong></span> <span class='ocrx_word' id='word_1_69' title='bbox 1362 840 1499 897; x_wconf 79' lang='lat' dir='ltr'>XIII.</span> 
     </span>
    </p>
   </div>
   <div class='ocr_carea' id='block_1_12' title="bbox 2226 833 3214 897">
    <p class='ocr_par' dir='ltr' id='par_1_12' title="bbox 2828 833 3214 889">
     <span class='ocr_line' id='line_1_12' title="bbox 2828 833 3214 889; baseline 0.005 -3"><span class='ocrx_word' id='word_1_70' title='bbox 2828 833 3082 889; x_wconf 81' lang='grc' dir='ltr'><strong>ΚΕΦΔΛ.</strong></span> <span class='ocrx_word' id='word_1_71' title='bbox 3113 833 3214 888; x_wconf 68' lang='lat' dir='ltr'><strong>II‘.</strong></span> 
     </span>
    </p>
   </div>
   <div class='ocr_carea' id='block_1_13' title="bbox 608 960 2118 1035">
    <p class='ocr_par' dir='ltr' id='par_1_13' title="bbox 608 965 2118 1035">
     <span class='ocr_line' id='line_1_13' title="bbox 608 965 2118 1035; baseline -0.001 -12"><span class='ocrx_word' id='word_1_72' title='bbox 608 971 774 1026; x_wconf 65' lang='lat' dir='ltr'><strong>Vsus.</strong></span> <span class='ocrx_word' id='word_1_73' title='bbox 825 972 876 1024; x_wconf 81' lang='lat' dir='ltr'><strong>l.</strong></span> <span class='ocrx_word' id='word_1_74' title='bbox 913 967 1085 1024; x_wconf 71' lang='lat' dir='ltr'><strong>Filius</strong></span> <span class='ocrx_word' id='word_1_75' title='bbox 1119 981 1353 1033; x_wconf 88' lang='lat' dir='ltr'><strong>astutus,</strong></span> <span class='ocrx_word' id='word_1_76' title='bbox 1400 968 1643 1024; x_wconf 86' lang='lat' dir='ltr'><strong>obediens</strong></span> <span class='ocrx_word' id='word_1_77' title='bbox 1690 970 1851 1035; x_wconf 84' lang='lat' dir='ltr'><strong>patri.</strong></span> <span class='ocrx_word' id='word_1_78' title='bbox 1907 966 1982 1021; x_wconf 76' lang='lat' dir='ltr'><strong>Ex</strong></span> <span class='ocrx_word' id='word_1_79' title='bbox 2042 965 2118 1022; x_wconf 74' lang='lat' dir='ltr'><strong>hit</strong></span> 
     </span>
    </p>
   </div>
   <div class='ocr_carea' id='block_1_14' title="bbox 2226 960 3783 1035">
    <p class='ocr_par' dir='ltr' id='par_1_14' title="bbox 2299 960 3783 1031">
     <span class='ocr_line' id='line_1_14' title="bbox 2299 960 3783 1031; baseline -0.002 -14"><span class='ocrx_word' id='word_1_80' title='bbox 2299 969 2368 1017; x_wconf 88' lang='grc' dir='ltr'><strong>α’.</strong></span> <span class='ocrx_word' id='word_1_81' title='bbox 2402 962 2539 1029; x_wconf 81' lang='grc' dir='ltr'>Υἱὸς</span> <span class='ocrx_word' id='word_1_82' title='bbox 2595 961 2962 1031; x_wconf 78' lang='grc' dir='ltr'>πανοῦργος,</span> <span class='ocrx_word' id='word_1_83' title='bbox 2993 960 3268 1026; x_wconf 77' lang='grc' dir='ltr'><em>ὑπήκοος</em></span> <span class='ocrx_word' id='word_1_84' title='bbox 3322 960 3528 1030; x_wconf 78' lang='grc' dir='ltr'>πατρί.</span> <span class='ocrx_word' id='word_1_85' title='bbox 3568 960 3671 1014; x_wconf 81' lang='grc' dir='ltr'><strong>Καὶ</strong></span> <span class='ocrx_word' id='word_1_86' title='bbox 3699 962 3783 1016; x_wconf 80' lang='grc' dir='ltr'><strong>τῶν</strong></span> 
     </span>
    </p>
   </div>
   <div class='ocr_carea' id='block_1_15' title="bbox 533 1054 2118 1134">
    <p class='ocr_par' dir='ltr' id='par_1_15' title="bbox 533 1058 2118 1134">
     <span class='ocr_line' id='line_1_15' title="bbox 533 1058 2118 1134; baseline -0.004 -17"><span class='ocrx_word' id='word_1_87' title='bbox 533 1064 626 1134; x_wconf 93' lang='lat' dir='ltr'><strong>qui</strong></span> <span class='ocrx_word' id='word_1_88' title='bbox 650 1062 891 1132; x_wconf 86' lang='lat' dir='ltr'><strong>adoptati</strong></span> <span class='ocrx_word' id='word_1_89' title='bbox 936 1068 1064 1116; x_wconf 88' lang='lat' dir='ltr'><strong>sunt</strong></span> <span class='ocrx_word' id='word_1_90' title='bbox 1091 1075 1186 1130; x_wconf 87' lang='lat' dir='ltr'><strong>per</strong></span> <span class='ocrx_word' id='word_1_91' title='bbox 1212 1061 1394 1124; x_wconf 91' lang='lat' dir='ltr'><strong>lidem,</strong></span> <span class='ocrx_word' id='word_1_92' title='bbox 1423 1059 1518 1128; x_wconf 92' lang='lat' dir='ltr'><strong>qui</strong></span> <span class='ocrx_word' id='word_1_93' title='bbox 1541 1059 1725 1113; x_wconf 87' lang='lat' dir='ltr'><strong>omnia</strong></span> <span class='ocrx_word' id='word_1_94' title='bbox 1753 1058 1936 1113; x_wconf 87' lang='lat' dir='ltr'><strong>divina</strong></span> <span class='ocrx_word' id='word_1_95' title='bbox 1971 1070 2118 1110; x_wconf 86' lang='lat' dir='ltr'><strong>man-</strong></span> 
     </span>
    </p>
   </div>
   <div class='ocr_carea' id='block_1_16' title="bbox 2226 1054 3786 1134">
    <p class='ocr_par' dir='ltr' id='par_1_16' title="bbox 2231 1054 3786 1127">
     <span class='ocr_line' id='line_1_16' title="bbox 2231 1054 3786 1127; baseline -0.001 -18"><span class='ocrx_word' id='word_1_96' title='bbox 2231 1057 2331 1127; x_wconf 85' lang='grc' dir='ltr'>μὲν</span> <span class='ocrx_word' id='word_1_97' title='bbox 2373 1055 2803 1126; x_wconf 78' lang='grc' dir='ltr'>υἱοθετηθέντων</span> <span class='ocrx_word' id='word_1_98' title='bbox 2830 1055 2917 1108; x_wconf 82' lang='grc' dir='ltr'><strong>διὰ</strong></span> <span class='ocrx_word' id='word_1_99' title='bbox 2949 1055 3208 1120; x_wconf 80' lang='grc' dir='ltr'>πίστεως,</span> <span class='ocrx_word' id='word_1_100' title='bbox 3237 1056 3266 1107; x_wconf 80' lang='grc' dir='ltr'>ὁ</span> <span class='ocrx_word' id='word_1_101' title='bbox 3297 1054 3483 1118; x_wconf 74' lang='grc' dir='ltr'>πάσας</span> <span class='ocrx_word' id='word_1_102' title='bbox 3513 1055 3612 1118; x_wconf 79' lang='grc' dir='ltr'>τὰς</span> <span class='ocrx_word' id='word_1_103' title='bbox 3664 1055 3786 1117; x_wconf 79' lang='grc' dir='ltr'>θείας</span> 
     </span>
    </p>
   </div>
   <div class='ocr_carea' id='block_1_17' title="bbox 531 1145 2118 1220">
    <p class='ocr_par' dir='ltr' id='par_1_17' title="bbox 531 1149 2118 1218">
     <span class='ocr_line' id='line_1_17' title="bbox 531 1149 2118 1218; baseline -0.003 -13"><span class='ocrx_word' id='word_1_104' title='bbox 531 1155 657 1208; x_wconf 85' lang='lat' dir='ltr'><strong>data</strong></span> <span class='ocrx_word' id='word_1_105' title='bbox 723 1153 999 1217; x_wconf 85' lang='lat' dir='ltr'><strong>observat,</strong></span> <span class='ocrx_word' id='word_1_106' title='bbox 1051 1151 1311 1206; x_wconf 87' lang='lat' dir='ltr'><strong>obediens</strong></span> <span class='ocrx_word' id='word_1_107' title='bbox 1341 1159 1426 1206; x_wconf 87' lang='lat' dir='ltr'><strong>est</strong></span> <span class='ocrx_word' id='word_1_108' title='bbox 1482 1149 1590 1205; x_wconf 87' lang='lat' dir='ltr'><strong>Deo</strong></span> <span class='ocrx_word' id='word_1_109' title='bbox 1646 1159 1701 1205; x_wconf 90' lang='lat' dir='ltr'><strong>et</strong></span> <span class='ocrx_word' id='word_1_110' title='bbox 1753 1149 1903 1204; x_wconf 86' lang='lat' dir='ltr'><strong>Patri</strong></span> <span class='ocrx_word' id='word_1_111' title='bbox 1949 1163 1978 1202; x_wconf 88' lang='lat' dir='ltr'><strong>a</strong></span> <span class='ocrx_word' id='word_1_112' title='bbox 2017 1161 2118 1218; x_wconf 87' lang='lat' dir='ltr'><strong>quo</strong></span> 
     </span>
    </p>
   </div>
   <div class='ocr_carea' id='block_1_18' title="bbox 2226 1145 3782 1220">
    <p class='ocr_par' dir='ltr' id='par_1_18' title="bbox 2227 1145 3782 1220">
     <span class='ocr_line' id='line_1_18' title="bbox 2227 1145 3782 1220; baseline -0.001 -17"><span class='ocrx_word' id='word_1_113' title='bbox 2227 1148 2395 1203; x_wconf 83' lang='grc' dir='ltr'>αὑτοῦ</span> <span class='ocrx_word' id='word_1_114' title='bbox 2425 1148 2652 1212; x_wconf 75' lang='grc' dir='ltr'>ἐντολὰς</span> <span class='ocrx_word' id='word_1_115' title='bbox 2701 1146 3091 1220; x_wconf 75' lang='grc' dir='ltr'>ἐργαζόμενος,</span> <span class='ocrx_word' id='word_1_116' title='bbox 3128 1145 3394 1216; x_wconf 83' lang='grc' dir='ltr'>εὐπειθής</span> <span class='ocrx_word' id='word_1_117' title='bbox 3427 1149 3546 1200; x_wconf 84' lang='grc' dir='ltr'>ἐστι</span> <span class='ocrx_word' id='word_1_118' title='bbox 3566 1147 3640 1218; x_wconf 79' lang='grc' dir='ltr'>τῷ</span> <span class='ocrx_word' id='word_1_119' title='bbox 3668 1150 3782 1202; x_wconf 69' lang='grc' dir='ltr'>κατὰ</span> 
     </span>
    </p>
   </div>
   <div class='ocr_carea' id='block_1_19' title="bbox 535 1239 2118 1317">
    <p class='ocr_par' dir='ltr' id='par_1_19' title="bbox 535 1242 2118 1317">
     <span class='ocr_line' id='line_1_19' title="bbox 535 1242 2118 1317; baseline -0.003 -17"><span class='ocrx_word' id='word_1_120' title='bbox 535 1247 833 1317; x_wconf 87' lang='lat' dir='ltr'><strong>adoptatus</strong></span> <span class='ocrx_word' id='word_1_121' title='bbox 866 1246 969 1299; x_wconf 81' lang='lat' dir='ltr'><strong>fuit</strong></span> <span class='ocrx_word' id='word_1_122' title='bbox 1017 1246 1320 1300; x_wconf 79' lang='lat' dir='ltr'><strong>secundum</strong></span> <span class='ocrx_word' id='word_1_123' title='bbox 1372 1247 1626 1314; x_wconf 78' lang='lat' dir='ltr'><strong>gratiam,</strong></span> <span class='ocrx_word' id='word_1_124' title='bbox 1674 1252 1727 1298; x_wconf 91' lang='lat' dir='ltr'><strong>et</strong></span> <span class='ocrx_word' id='word_1_125' title='bbox 1760 1244 1851 1312; x_wconf 86' lang='lat' dir='ltr'><strong>qui</strong></span> <span class='ocrx_word' id='word_1_126' title='bbox 1883 1242 2118 1313; x_wconf 66' lang='lat' dir='ltr'><strong>praecipit</strong></span> 
     </span>
    </p>
   </div>
   <div class='ocr_carea' id='block_1_20' title="bbox 2226 1239 3787 1317">
    <p class='ocr_par' dir='ltr' id='par_1_20' title="bbox 2226 1239 3787 1316">
     <span class='ocr_line' id='line_1_20' title="bbox 2226 1239 3787 1316; baseline -0.003 -18"><span class='ocrx_word' id='word_1_127' title='bbox 2226 1243 2384 1316; x_wconf 80' lang='grc' dir='ltr'>χάριν</span> <span class='ocrx_word' id='word_1_128' title='bbox 2416 1243 2866 1316; x_wconf 80' lang='grc' dir='ltr'>υἰοθετησαμένῳ</span> <span class='ocrx_word' id='word_1_129' title='bbox 2915 1241 3099 1306; x_wconf 81' lang='grc' dir='ltr'>αὐτὸν,</span> <span class='ocrx_word' id='word_1_130' title='bbox 3134 1242 3318 1294; x_wconf 76' lang='grc' dir='ltr'>καὶτὰ</span> <span class='ocrx_word' id='word_1_131' title='bbox 3362 1239 3504 1306; x_wconf 81' lang='grc' dir='ltr'>πρὸς</span> <span class='ocrx_word' id='word_1_132' title='bbox 3553 1242 3787 1314; x_wconf 64' lang='grc' dir='ltr'>σωτηρίαν</span> 
     </span>
    </p>
   </div>
   <div class='ocr_carea' id='block_1_21' title="bbox 533 1334 2118 1408">
    <p class='ocr_par' dir='ltr' id='par_1_21' title="bbox 533 1335 1212 1408">
     <span class='ocr_line' id='line_1_21' title="bbox 533 1335 1212 1408; baseline -0.003 -16"><span class='ocrx_word' id='word_1_133' title='bbox 533 1355 658 1408; x_wconf 85' lang='lat' dir='ltr'><strong>quae</strong></span> <span class='ocrx_word' id='word_1_134' title='bbox 697 1348 829 1392; x_wconf 90' lang='lat' dir='ltr'><strong>sunt</strong></span> <span class='ocrx_word' id='word_1_135' title='bbox 855 1335 923 1390; x_wconf 89' lang='lat' dir='ltr'><strong>ad</strong></span> <span class='ocrx_word' id='word_1_136' title='bbox 961 1336 1212 1391; x_wconf 81' lang='lat' dir='ltr'><strong>salutem.</strong></span> 
     </span>
    </p>
   </div>
   <div class='ocr_carea' id='block_1_22' title="bbox 2226 1334 3088 1408">
    <p class='ocr_par' dir='ltr' id='par_1_22' title="bbox 2227 1334 3088 1408">
     <span class='ocr_line' id='line_1_22' title="bbox 2227 1334 3088 1408; baseline 0 -18"><span class='ocrx_word' id='word_1_137' title='bbox 2227 1335 2596 1408; x_wconf 72' lang='grc' dir='ltr'><strong>ἐντειλαμένῳ</strong></span> <span class='ocrx_word' id='word_1_138' title='bbox 2624 1334 2744 1403; x_wconf 84' lang='grc' dir='ltr'><strong>Θεῷ</strong></span> <span class='ocrx_word' id='word_1_139' title='bbox 2778 1335 2870 1389; x_wconf 74' lang='grc' dir='ltr'><strong>καὶ</strong></span> <span class='ocrx_word' id='word_1_140' title='bbox 2894 1334 3088 1406; x_wconf 86' lang='grc' dir='ltr'>Πατρί.</span> 
     </span>
    </p>
   </div>
   <div class='ocr_carea' id='block_1_23' title="bbox 607 1425 2118 1500">
    <p class='ocr_par' dir='ltr' id='par_1_23' title="bbox 607 1425 2118 1500">
     <span class='ocr_line' id='line_1_23' title="bbox 607 1425 2118 1500; baseline -0.001 -18"><span class='ocrx_word' id='word_1_141' title='bbox 607 1429 711 1500; x_wconf 80' lang='lat' dir='ltr'><strong>Qui</strong></span> <span class='ocrx_word' id='word_1_142' title='bbox 760 1437 936 1482; x_wconf 86' lang='lat' dir='ltr'><strong>autem</strong></span> <span class='ocrx_word' id='word_1_143' title='bbox 973 1441 1076 1481; x_wconf 86' lang='lat' dir='ltr'><strong>non</strong></span> <span class='ocrx_word' id='word_1_144' title='bbox 1108 1425 1374 1492; x_wconf 84' lang='lat' dir='ltr'><strong>obcdiens,</strong></span> <span class='ocrx_word' id='word_1_145' title='bbox 1401 1429 1456 1482; x_wconf 89' lang='lat' dir='ltr'><strong>in</strong></span> <span class='ocrx_word' id='word_1_146' title='bbox 1477 1427 1791 1496; x_wconf 80' lang='lat' dir='ltr'><strong>perditione.</strong></span> <span class='ocrx_word' id='word_1_147' title='bbox 1823 1426 1918 1483; x_wconf 92' lang='lat' dir='ltr'><strong>Ille</strong></span> <span class='ocrx_word' id='word_1_148' title='bbox 1941 1434 2118 1482; x_wconf 86' lang='lat' dir='ltr'><strong>autem</strong></span> 
     </span>
    </p>
   </div>
   <div class='ocr_carea' id='block_1_24' title="bbox 2226 1425 3788 1500">
    <p class='ocr_par' dir='ltr' id='par_1_24' title="bbox 2312 1425 3788 1498">
     <span class='ocr_line' id='line_1_24' title="bbox 2312 1425 3788 1498; baseline -0.004 -14"><span class='ocrx_word' id='word_1_149' title='bbox 2312 1429 2364 1484; x_wconf 88' lang='lat'><strong>&#39;0</strong></span> <span class='ocrx_word' id='word_1_150' title='bbox 2389 1429 2458 1483; x_wconf 83' lang='grc' dir='ltr'><em>δὲ</em></span> <span class='ocrx_word' id='word_1_151' title='bbox 2485 1429 2775 1498; x_wconf 83' lang='grc' dir='ltr'>ἀνήκοος,</span> <span class='ocrx_word' id='word_1_152' title='bbox 2801 1427 2870 1481; x_wconf 81' lang='grc' dir='ltr'><strong>ἐν</strong></span> <span class='ocrx_word' id='word_1_153' title='bbox 2895 1428 3183 1495; x_wconf 71' lang='grc' dir='ltr'>ἀπωλείᾳ.</span> <span class='ocrx_word' id='word_1_154' title='bbox 3227 1427 3288 1479; x_wconf 86' lang='lat'><strong>&#39;0</strong></span> <span class='ocrx_word' id='word_1_155' title='bbox 3314 1428 3371 1480; x_wconf 84' lang='grc' dir='ltr'><strong>δὲ</strong></span> <span class='ocrx_word' id='word_1_156' title='bbox 3400 1428 3480 1498; x_wconf 79' lang='grc' dir='ltr'>μὴ</span> <span class='ocrx_word' id='word_1_157' title='bbox 3507 1425 3788 1496; x_wconf 74' lang='grc' dir='ltr'><strong>πειθόμενος</strong></span> 
     </span>
    </p>
   </div>
   <div class='ocr_carea' id='block_1_25' title="bbox 534 1515 2118 1593">
    <p class='ocr_par' dir='ltr' id='par_1_25' title="bbox 534 1515 2118 1591">
     <span class='ocr_line' id='line_1_25' title="bbox 534 1515 2118 1591; baseline -0.003 -17"><span class='ocrx_word' id='word_1_158' title='bbox 534 1523 624 1591; x_wconf 89' lang='lat' dir='ltr'><strong>qui</strong></span> <span class='ocrx_word' id='word_1_159' title='bbox 675 1521 784 1575; x_wconf 77' lang='lat' dir='ltr'><strong>Deo</strong></span> <span class='ocrx_word' id='word_1_160' title='bbox 829 1533 939 1573; x_wconf 89' lang='lat' dir='ltr'><strong>non</strong></span> <span class='ocrx_word' id='word_1_161' title='bbox 983 1527 1070 1572; x_wconf 89' lang='lat' dir='ltr'><strong>est</strong></span> <span class='ocrx_word' id='word_1_162' title='bbox 1101 1515 1388 1582; x_wconf 88' lang='lat' dir='ltr'><strong>obediens,</strong></span> <span class='ocrx_word' id='word_1_163' title='bbox 1431 1518 1485 1571; x_wconf 91' lang='lat' dir='ltr'><strong>in</strong></span> <span class='ocrx_word' id='word_1_164' title='bbox 1530 1517 1874 1573; x_wconf 88' lang='lat' dir='ltr'><strong>observanda</strong></span> <span class='ocrx_word' id='word_1_165' title='bbox 1934 1527 2118 1574; x_wconf 83' lang='lat' dir='ltr'><strong>sancta</strong></span> 
     </span>
    </p>
   </div>
   <div class='ocr_carea' id='block_1_26' title="bbox 2226 1515 3788 1593">
    <p class='ocr_par' dir='ltr' id='par_1_26' title="bbox 2226 1518 3788 1593">
     <span class='ocr_line' id='line_1_26' title="bbox 2226 1518 3788 1593; baseline -0.002 -18"><span class='ocrx_word' id='word_1_166' title='bbox 2226 1521 2363 1593; x_wconf 83' lang='grc' dir='ltr'>Θεῷ,</span> <span class='ocrx_word' id='word_1_167' title='bbox 2401 1524 2480 1587; x_wconf 81' lang='grc' dir='ltr'><strong>είς</strong></span> <span class='ocrx_word' id='word_1_168' title='bbox 2508 1523 2568 1574; x_wconf 72' lang='grc' dir='ltr'>τὸ</span> <span class='ocrx_word' id='word_1_169' title='bbox 2600 1519 2776 1575; x_wconf 84' lang='grc' dir='ltr'>ποιεῖν</span> <span class='ocrx_word' id='word_1_170' title='bbox 2799 1523 2897 1584; x_wconf 82' lang='grc' dir='ltr'>τὰς</span> <span class='ocrx_word' id='word_1_171' title='bbox 2935 1521 3098 1589; x_wconf 80' lang='grc' dir='ltr'>ἁγίας</span> <span class='ocrx_word' id='word_1_172' title='bbox 3132 1519 3297 1574; x_wconf 84' lang='grc' dir='ltr'>αὑτοῦ</span> <span class='ocrx_word' id='word_1_173' title='bbox 3331 1519 3574 1584; x_wconf 72' lang='grc' dir='ltr'>ἐντολὰς,</span> <span class='ocrx_word' id='word_1_174' title='bbox 3606 1519 3698 1573; x_wconf 74' lang='grc' dir='ltr'>κᾶν</span> <span class='ocrx_word' id='word_1_175' title='bbox 3723 1518 3788 1572; x_wconf 75' lang='grc' dir='ltr'><strong>διὰ</strong></span> 
     </span>
    </p>
   </div>
   <div class='ocr_carea' id='block_1_27' title="bbox 533 1609 2118 1690">
    <p class='ocr_par' dir='ltr' id='par_1_27' title="bbox 533 1609 2118 1690">
     <span class='ocr_line' id='line_1_27' title="bbox 533 1609 2118 1690; baseline -0.001 -23"><span class='ocrx_word' id='word_1_176' title='bbox 533 1615 650 1678; x_wconf 73' lang='lat' dir='ltr'><strong>ejus</strong></span> <span class='ocrx_word' id='word_1_177' title='bbox 683 1609 959 1677; x_wconf 84' lang='lat' dir='ltr'><strong>mandata,</strong></span> <span class='ocrx_word' id='word_1_178' title='bbox 1006 1611 1108 1666; x_wconf 93' lang='lat' dir='ltr'><strong>etsi</strong></span> <span class='ocrx_word' id='word_1_179' title='bbox 1136 1617 1354 1680; x_wconf 86' lang='lat' dir='ltr'><strong>propter</strong></span> <span class='ocrx_word' id='word_1_180' title='bbox 1387 1624 1594 1664; x_wconf 88' lang='lat' dir='ltr'><strong>meram</strong></span> <span class='ocrx_word' id='word_1_181' title='bbox 1633 1610 1793 1690; x_wconf 82' lang='lat' dir='ltr'><strong>[idem</strong></span> <span class='ocrx_word' id='word_1_182' title='bbox 1835 1611 1980 1666; x_wconf 87' lang='lat' dir='ltr'><strong>[ilius</strong></span> <span class='ocrx_word' id='word_1_183' title='bbox 2003 1611 2118 1680; x_wconf 73' lang='lat' dir='ltr'><strong>ejus</strong></span> 
     </span>
    </p>
   </div>
   <div class='ocr_carea' id='block_1_28' title="bbox 2226 1609 3789 1690">
    <p class='ocr_par' dir='ltr' id='par_1_28' title="bbox 2226 1609 3789 1686">
     <span class='ocr_line' id='line_1_28' title="bbox 2226 1609 3789 1686; baseline -0.003 -20"><span class='ocrx_word' id='word_1_184' title='bbox 2226 1613 2391 1686; x_wconf 81' lang='grc' dir='ltr'>ψιλῆς</span> <span class='ocrx_word' id='word_1_185' title='bbox 2421 1614 2658 1676; x_wconf 82' lang='grc' dir='ltr'>πίστεως</span> <span class='ocrx_word' id='word_1_186' title='bbox 2689 1612 2802 1676; x_wconf 78' lang='grc' dir='ltr'>υἱὸς</span> <span class='ocrx_word' id='word_1_187' title='bbox 2835 1611 3104 1683; x_wconf 79' lang='grc' dir='ltr'>κληθῆναι</span> <span class='ocrx_word' id='word_1_188' title='bbox 3163 1610 3372 1682; x_wconf 68' lang='grc' dir='ltr'>ἠξιώθη</span> <span class='ocrx_word' id='word_1_189' title='bbox 3409 1609 3598 1674; x_wconf 83' lang='grc' dir='ltr'>αὑτοῦ,</span> <span class='ocrx_word' id='word_1_190' title='bbox 3632 1612 3703 1673; x_wconf 78' lang='grc' dir='ltr'>εἱς</span> <span class='ocrx_word' id='word_1_191' title='bbox 3718 1610 3789 1662; x_wconf 72' lang='grc' dir='ltr'><strong>τὸν</strong></span> 
     </span>
    </p>
   </div>
   <div class='ocr_carea' id='block_1_29' title="bbox 532 1700 2118 1784">
    <p class='ocr_par' dir='ltr' id='par_1_29' title="bbox 532 1700 2118 1774">
     <span class='ocr_line' id='line_1_29' title="bbox 532 1700 2118 1774; baseline -0.001 -16"><span class='ocrx_word' id='word_1_192' title='bbox 532 1707 623 1774; x_wconf 92' lang='lat' dir='ltr'><strong>qui</strong></span> <span class='ocrx_word' id='word_1_193' title='bbox 673 1713 898 1758; x_wconf 86' lang='lat' dir='ltr'><strong>vocetur</strong></span> <span class='ocrx_word' id='word_1_194' title='bbox 967 1703 1216 1756; x_wconf 84' lang='lat' dir='ltr'><strong>videatur</strong></span> <span class='ocrx_word' id='word_1_195' title='bbox 1258 1700 1480 1772; x_wconf 80' lang='lat' dir='ltr'><strong>dignus,</strong></span> <span class='ocrx_word' id='word_1_196' title='bbox 1528 1703 1582 1756; x_wconf 92' lang='lat' dir='ltr'><strong>in</strong></span> <span class='ocrx_word' id='word_1_197' title='bbox 1635 1701 1730 1758; x_wconf 88' lang='lat' dir='ltr'><strong>Dei</strong></span> <span class='ocrx_word' id='word_1_198' title='bbox 1783 1703 2118 1758; x_wconf 73' lang='lat' dir='ltr'><strong>eversionem</strong></span> 
     </span>
    </p>
   </div>
   <div class='ocr_carea' id='block_1_30' title="bbox 2226 1700 3453 1784">
    <p class='ocr_par' dir='ltr' id='par_1_30' title="bbox 2226 1705 3453 1784">
     <span class='ocr_line' id='line_1_30' title="bbox 2226 1705 3453 1784; baseline -0.001 -23"><span class='ocrx_word' id='word_1_199' title='bbox 2226 1707 2321 1761; x_wconf 79' lang='grc' dir='ltr'>ἀπ’</span> <span class='ocrx_word' id='word_1_200' title='bbox 2350 1706 2516 1760; x_wconf 87' lang='grc' dir='ltr'>αὐτοῦ</span> <span class='ocrx_word' id='word_1_201' title='bbox 2541 1705 2764 1770; x_wconf 83' lang='grc' dir='ltr'>ἀσώτως</span> <span class='ocrx_word' id='word_1_202' title='bbox 2791 1707 2958 1776; x_wconf 77' lang='grc' dir='ltr'>χωρεῖ</span> <span class='ocrx_word' id='word_1_203' title='bbox 2983 1706 3326 1784; x_wconf 52' lang='grc' dir='ltr'>μακρύσμόν.</span> <span class='ocrx_word' id='word_1_204' title='bbox 3424 1735 3453 1753; x_wconf 81' lang='lat'><strong>-</strong></span> 
     </span>
    </p>
   </div>
   <div class='ocr_carea' id='block_1_31' title="bbox 533 1782 2196 1850">
    <p class='ocr_par' dir='ltr' id='par_1_31' title="bbox 533 1782 2196 1850">
     <span class='ocr_line' id='line_1_31' title="bbox 533 1782 2196 1850; baseline -0.008 0"><span class='ocrx_word' id='word_1_205' title='bbox 533 1797 750 1850; x_wconf 79' lang='lat' dir='ltr'><strong>lum-ste</strong></span> <span class='ocrx_word' id='word_1_206' title='bbox 781 1794 950 1849; x_wconf 85' lang='lat' dir='ltr'><strong>cadit.</strong></span> <span class='ocrx_word' id='word_1_207' title='bbox 2153 1782 2196 1836; x_wconf 86' lang='grc' dir='ltr'><strong>Β</strong></span> 
     </span>
    </p>
   </div>
   <div class='ocr_carea' id='block_1_32' title="bbox 605 1881 2123 1955">
    <p class='ocr_par' dir='ltr' id='par_1_32' title="bbox 605 1881 2123 1955">
     <span class='ocr_line' id='line_1_32' title="bbox 605 1881 2123 1955; baseline 0.003 -19"><span class='ocrx_word' id='word_1_208' title='bbox 605 1883 769 1939; x_wconf 75' lang='lat' dir='ltr'><strong>Vsus.</strong></span> <span class='ocrx_word' id='word_1_209' title='bbox 809 1884 863 1939; x_wconf 78' lang='grc'><strong>2.</strong></span> <span class='ocrx_word' id='word_1_210' title='bbox 935 1881 984 1937; x_wconf 87' lang='grc' dir='ltr'><strong><em>Ε</em></strong></span> <span class='ocrx_word' id='word_1_211' title='bbox 1033 1882 1293 1950; x_wconf 79' lang='lat' dir='ltr'><strong>fructibus</strong></span> <span class='ocrx_word' id='word_1_212' title='bbox 1339 1884 1575 1954; x_wconf 77' lang='lat' dir='ltr'><strong>justitia:</strong></span> <span class='ocrx_word' id='word_1_213' title='bbox 1615 1885 1784 1939; x_wconf 82' lang='lat' dir='ltr'><strong>alitur</strong></span> <span class='ocrx_word' id='word_1_214' title='bbox 1833 1885 1994 1955; x_wconf 75' lang='lat' dir='ltr'><strong>filius.</strong></span> <span class='ocrx_word' id='word_1_215' title='bbox 2034 1885 2123 1940; x_wconf 79' lang='lat' dir='ltr'><strong>bo-</strong></span> 
     </span>
    </p>
   </div>
   <div class='ocr_carea' id='block_1_33' title="bbox 534 1973 2124 2048">
    <p class='ocr_par' dir='ltr' id='par_1_33' title="bbox 534 1973 2124 2048">
     <span class='ocr_line' id='line_1_33' title="bbox 534 1973 2124 2048; baseline 0.003 -20"><span class='ocrx_word' id='word_1_216' title='bbox 534 1993 654 2029; x_wconf 83' lang='lat' dir='ltr'><strong>nus.</strong></span> <span class='ocrx_word' id='word_1_217' title='bbox 695 1975 765 2028; x_wconf 68' lang='lat' dir='ltr'><strong>lix</strong></span> <span class='ocrx_word' id='word_1_218' title='bbox 793 1973 1102 2031; x_wconf 80' lang='lat' dir='ltr'><strong>t‘ructil‘eris</strong></span> <span class='ocrx_word' id='word_1_219' title='bbox 1134 1977 1456 2044; x_wconf 80' lang='lat' dir='ltr'><strong>virtutibus,</strong></span> <span class='ocrx_word' id='word_1_220' title='bbox 1490 1993 1586 2048; x_wconf 82' lang='lat' dir='ltr'><strong>per</strong></span> <span class='ocrx_word' id='word_1_221' title='bbox 1623 1979 1935 2034; x_wconf 82' lang='lat' dir='ltr'><strong>divinorum</strong></span> <span class='ocrx_word' id='word_1_222' title='bbox 1969 1994 2124 2033; x_wconf 90' lang='lat' dir='ltr'><strong>man-</strong></span> 
     </span>
    </p>
   </div>
   <div class='ocr_carea' id='block_1_34' title="bbox 532 2068 2120 2135">
    <p class='ocr_par' dir='ltr' id='par_1_34' title="bbox 532 2068 2120 2135">
     <span class='ocr_line' id='line_1_34' title="bbox 532 2068 2120 2135; baseline 0.002 -14"><span class='ocrx_word' id='word_1_223' title='bbox 532 2068 784 2121; x_wconf 75' lang='lat' dir='ltr'><strong>datorum</strong></span> <span class='ocrx_word' id='word_1_224' title='bbox 810 2069 1217 2123; x_wconf 84' lang='lat' dir='ltr'><strong>observantiam</strong></span> <span class='ocrx_word' id='word_1_225' title='bbox 1239 2070 1514 2124; x_wconf 83' lang='lat' dir='ltr'><strong>nutrietur</strong></span> <span class='ocrx_word' id='word_1_226' title='bbox 1533 2070 1835 2125; x_wconf 88' lang='lat' dir='ltr'><strong>secundum</strong></span> <span class='ocrx_word' id='word_1_227' title='bbox 1858 2071 2120 2135; x_wconf 89' lang='lat' dir='ltr'><strong>animam,</strong></span> 
     </span>
    </p>
   </div>
   <div class='ocr_carea' id='block_1_35' title="bbox 533 2159 2126 2232">
    <p class='ocr_par' dir='ltr' id='par_1_35' title="bbox 533 2159 2126 2232">
     <span class='ocr_line' id='line_1_35' title="bbox 533 2159 2126 2232; baseline 0.004 -22"><span class='ocrx_word' id='word_1_228' title='bbox 533 2160 625 2213; x_wconf 89' lang='lat' dir='ltr'><strong>ille</strong></span> <span class='ocrx_word' id='word_1_229' title='bbox 654 2159 746 2229; x_wconf 85' lang='lat' dir='ltr'><strong>qui</strong></span> <span class='ocrx_word' id='word_1_230' title='bbox 781 2173 936 2213; x_wconf 87' lang='lat' dir='ltr'><strong>suam</strong></span> <span class='ocrx_word' id='word_1_231' title='bbox 968 2159 1316 2228; x_wconf 75' lang='lat' dir='ltr'><strong>Spiritualem</strong></span> <span class='ocrx_word' id='word_1_232' title='bbox 1352 2159 1656 2216; x_wconf 88' lang='lat' dir='ltr'><strong>secundum</strong></span> <span class='ocrx_word' id='word_1_233' title='bbox 1700 2162 1929 2232; x_wconf 73' lang='lat' dir='ltr'><strong>gratiam</strong></span> <span class='ocrx_word' id='word_1_234' title='bbox 1960 2161 2126 2232; x_wconf 84' lang='lat' dir='ltr'><strong>adop-</strong></span> 
     </span>
    </p>
   </div>
   <div class='ocr_carea' id='block_1_36' title="bbox 533 2243 2122 2325">
    <p class='ocr_par' dir='ltr' id='par_1_36' title="bbox 533 2243 2122 2325">
     <span class='ocr_line' id='line_1_36' title="bbox 533 2243 2122 2325; baseline 0.003 -21"><span class='ocrx_word' id='word_1_235' title='bbox 533 2255 734 2305; x_wconf 86' lang='lat' dir='ltr'><strong>tionem</strong></span> <span class='ocrx_word' id='word_1_236' title='bbox 781 2252 835 2305; x_wconf 92' lang='lat' dir='ltr'><strong>in</strong></span> <span class='ocrx_word' id='word_1_237' title='bbox 887 2243 1033 2306; x_wconf 86' lang='lat' dir='ltr'><strong>omni</strong></span> <span class='ocrx_word' id='word_1_238' title='bbox 1074 2253 1395 2310; x_wconf 89' lang='lat' dir='ltr'><strong>obedientia</strong></span> <span class='ocrx_word' id='word_1_239' title='bbox 1442 2262 1736 2310; x_wconf 88' lang='lat' dir='ltr'><strong>conservat</strong></span> <span class='ocrx_word' id='word_1_240' title='bbox 1769 2253 2122 2325; x_wconf 86' lang='lat' dir='ltr'><strong>irreprehen-</strong></span> 
     </span>
    </p>
   </div>
   <div class='ocr_carea' id='block_1_37' title="bbox 533 2333 1199 2398">
    <p class='ocr_par' dir='ltr' id='par_1_37' title="bbox 533 2333 1199 2398">
     <span class='ocr_line' id='line_1_37' title="bbox 533 2333 1199 2398; baseline -0.002 0"><span class='ocrx_word' id='word_1_241' title='bbox 533 2345 771 2398; x_wconf 78' lang='lat' dir='ltr'><strong>sibilent.</strong></span> <span class='ocrx_word' id='word_1_242' title='bbox 1193 2333 1199 2340; x_wconf 70' lang='grc'><em>’</em></span> 
     </span>
    </p>
   </div>
   <div class='ocr_carea' id='block_1_38' title="bbox 602 2437 2126 2507">
    <p class='ocr_par' dir='ltr' id='par_1_38' title="bbox 602 2437 2126 2507">
     <span class='ocr_line' id='line_1_38' title="bbox 602 2437 2126 2507; baseline 0.001 -19"><span class='ocrx_word' id='word_1_243' title='bbox 602 2438 810 2492; x_wconf 72' lang='lat' dir='ltr'><strong>Anima:</strong></span> <span class='ocrx_word' id='word_1_244' title='bbox 836 2447 1013 2491; x_wconf 86' lang='lat' dir='ltr'><strong>autem</strong></span> <span class='ocrx_word' id='word_1_245' title='bbox 1067 2437 1542 2507; x_wconf 77' lang='lat' dir='ltr'><strong>prteraricatorum</strong></span> <span class='ocrx_word' id='word_1_246' title='bbox 1576 2447 1790 2505; x_wconf 87' lang='lat' dir='ltr'><strong>pereunt</strong></span> <span class='ocrx_word' id='word_1_247' title='bbox 1837 2445 1959 2490; x_wconf 82' lang='lat' dir='ltr'><strong>ante</strong></span> <span class='ocrx_word' id='word_1_248' title='bbox 1995 2444 2126 2490; x_wconf 85' lang='lat' dir='ltr'><strong>tem-</strong></span> 
     </span>
    </p>
   </div>
   <div class='ocr_carea' id='block_1_39' title="bbox 530 2529 2122 2600">
    <p class='ocr_par' dir='ltr' id='par_1_39' title="bbox 530 2529 2122 2600">
     <span class='ocr_line' id='line_1_39' title="bbox 530 2529 2122 2600; baseline -0.001 -18"><span class='ocrx_word' id='word_1_249' title='bbox 530 2545 651 2597; x_wconf 87' lang='lat' dir='ltr'><strong>pus.</strong></span> <span class='ocrx_word' id='word_1_250' title='bbox 677 2531 887 2585; x_wconf 73' lang='lat' dir='ltr'><strong>Anima:</strong></span> <span class='ocrx_word' id='word_1_251' title='bbox 910 2545 1038 2585; x_wconf 86' lang='lat' dir='ltr'><strong>vero</strong></span> <span class='ocrx_word' id='word_1_252' title='bbox 1055 2530 1272 2584; x_wconf 92' lang='lat' dir='ltr'><strong>illorum</strong></span> <span class='ocrx_word' id='word_1_253' title='bbox 1299 2530 1392 2600; x_wconf 87' lang='lat' dir='ltr'><strong>qui</strong></span> <span class='ocrx_word' id='word_1_254' title='bbox 1417 2529 1600 2583; x_wconf 80' lang='lat' dir='ltr'><strong>divina</strong></span> <span class='ocrx_word' id='word_1_255' title='bbox 1619 2529 1874 2582; x_wconf 72' lang='lat' dir='ltr'><strong>Illalldala</strong></span> <span class='ocrx_word' id='word_1_256' title='bbox 1896 2529 2122 2591; x_wconf 89' lang='lat' dir='ltr'><strong>violant,</strong></span> 
     </span>
    </p>
   </div>
   <div class='ocr_carea' id='block_1_40' title="bbox 531 2619 2126 2692">
    <p class='ocr_par' dir='ltr' id='par_1_40' title="bbox 531 2619 2126 2692">
     <span class='ocr_line' id='line_1_40' title="bbox 531 2619 2126 2692; baseline 0.003 -19"><span class='ocrx_word' id='word_1_257' title='bbox 531 2621 839 2675; x_wconf 78' lang='lat' dir='ltr'><strong>voluntarie</strong></span> <span class='ocrx_word' id='word_1_258' title='bbox 899 2623 1002 2677; x_wconf 85' lang='lat' dir='ltr'><strong>sibi</strong></span> <span class='ocrx_word' id='word_1_259' title='bbox 1073 2633 1370 2692; x_wconf 82' lang='lat' dir='ltr'><strong>procurant</strong></span> <span class='ocrx_word' id='word_1_260' title='bbox 1431 2619 1942 2686; x_wconf 68' lang='lat' dir='ltr'><strong>Dei,aversiouem,</strong></span> <span class='ocrx_word' id='word_1_261' title='bbox 2000 2630 2126 2677; x_wconf 78' lang='lat' dir='ltr'><strong>ante</strong></span> 
     </span>
    </p>
   </div>
   <div class='ocr_carea' id='block_1_41' title="bbox 532 2713 1484 2782">
    <p class='ocr_par' dir='ltr' id='par_1_41' title="bbox 532 2713 1484 2782">
     <span class='ocr_line' id='line_1_41' title="bbox 532 2713 1484 2782; baseline 0.002 -18"><span class='ocrx_word' id='word_1_262' title='bbox 532 2723 748 2780; x_wconf 86' lang='lat' dir='ltr'><strong>tempus</strong></span> <span class='ocrx_word' id='word_1_263' title='bbox 769 2714 966 2782; x_wconf 89' lang='lat' dir='ltr'><strong>judicii</strong></span> <span class='ocrx_word' id='word_1_264' title='bbox 993 2721 1048 2768; x_wconf 88' lang='lat' dir='ltr'><strong>et</strong></span> <span class='ocrx_word' id='word_1_265' title='bbox 1078 2713 1484 2769; x_wconf 87' lang='lat' dir='ltr'><strong>retributionis.</strong></span> 
     </span>
    </p>
   </div>
   <div class='ocr_carea' id='block_1_42' title="bbox 607 2796 2125 2873">
    <p class='ocr_par' dir='ltr' id='par_1_42' title="bbox 607 2796 2125 2873">
     <span class='ocr_line' id='line_1_42' title="bbox 607 2796 2125 2873; baseline -0.001 -13"><span class='ocrx_word' id='word_1_266' title='bbox 607 2805 770 2860; x_wconf 71' lang='lat' dir='ltr'><strong>Vens.</strong></span> <span class='ocrx_word' id='word_1_267' title='bbox 803 2809 856 2861; x_wconf 81' lang='grc'><strong>5.</strong></span> <span class='ocrx_word' id='word_1_268' title='bbox 902 2805 1008 2872; x_wconf 82' lang='lat' dir='ltr'><strong>Qui</strong></span> <span class='ocrx_word' id='word_1_269' title='bbox 1054 2807 1282 2861; x_wconf 76' lang='lat' dir='ltr'><strong>custodit</strong></span> <span class='ocrx_word' id='word_1_270' title='bbox 1311 2796 1564 2873; x_wconf 82' lang='lat' dir='ltr'><strong>ossuum,</strong></span> <span class='ocrx_word' id='word_1_271' title='bbox 1598 2805 1830 2859; x_wconf 80' lang='lat' dir='ltr'><strong>custodit</strong></span> <span class='ocrx_word' id='word_1_272' title='bbox 1887 2805 2125 2858; x_wconf 84' lang='lat' dir='ltr'><strong>animam</strong></span> 
     </span>
    </p>
   </div>
   <div class='ocr_carea' id='block_1_43' title="bbox 530 2899 2128 2969">
    <p class='ocr_par' dir='ltr' id='par_1_43' title="bbox 530 2899 2128 2969">
     <span class='ocr_line' id='line_1_43' title="bbox 530 2899 2128 2969; baseline -0.001 -15"><span class='ocrx_word' id='word_1_273' title='bbox 530 2917 702 2954; x_wconf 82' lang='lat' dir='ltr'><strong>suam.</strong></span> <span class='ocrx_word' id='word_1_274' title='bbox 744 2899 849 2966; x_wconf 87' lang='lat' dir='ltr'><strong>Qui</strong></span> <span class='ocrx_word' id='word_1_275' title='bbox 892 2901 1093 2969; x_wconf 68' lang='lat' dir='ltr'><strong>linguae</strong></span> <span class='ocrx_word' id='word_1_276' title='bbox 1139 2915 1252 2954; x_wconf 76' lang='lat' dir='ltr'><strong>suae</strong></span> <span class='ocrx_word' id='word_1_277' title='bbox 1305 2901 1644 2965; x_wconf 86' lang='lat' dir='ltr'><strong>dominatur,</strong></span> <span class='ocrx_word' id='word_1_278' title='bbox 1690 2901 1762 2954; x_wconf 85' lang='lat' dir='ltr'><strong>ita</strong></span> <span class='ocrx_word' id='word_1_279' title='bbox 1795 2909 1854 2952; x_wconf 90' lang='lat' dir='ltr'><strong>ut</strong></span> <span class='ocrx_word' id='word_1_280' title='bbox 1887 2899 2128 2954; x_wconf 86' lang='lat' dir='ltr'><strong>inconsi-</strong></span> 
     </span>
    </p>
   </div>
   <div class='ocr_carea' id='block_1_44' title="bbox 531 2989 2126 3060">
    <p class='ocr_par' dir='ltr' id='par_1_44' title="bbox 531 2989 2126 3060">
     <span class='ocr_line' id='line_1_44' title="bbox 531 2989 2126 3060; baseline 0.001 -16"><span class='ocrx_word' id='word_1_281' title='bbox 531 2993 720 3044; x_wconf 79' lang='lat' dir='ltr'><strong>derate</strong></span> <span class='ocrx_word' id='word_1_282' title='bbox 765 3005 874 3044; x_wconf 84' lang='lat' dir='ltr'><strong>non</strong></span> <span class='ocrx_word' id='word_1_283' title='bbox 930 2991 1194 3060; x_wconf 89' lang='lat' dir='ltr'><strong>loquatur</strong></span> <span class='ocrx_word' id='word_1_284' title='bbox 1245 3006 1367 3060; x_wconf 81' lang='lat' dir='ltr'><strong>quae</strong></span> <span class='ocrx_word' id='word_1_285' title='bbox 1397 2991 1451 3044; x_wconf 90' lang='lat' dir='ltr'><strong>in</strong></span> <span class='ocrx_word' id='word_1_286' title='bbox 1507 2990 1677 3044; x_wconf 83' lang='lat' dir='ltr'><strong>Deum</strong></span> <span class='ocrx_word' id='word_1_287' title='bbox 1735 2997 1829 3044; x_wconf 88' lang='lat' dir='ltr'><strong>aut</strong></span> <span class='ocrx_word' id='word_1_288' title='bbox 1881 2989 2126 3045; x_wconf 84' lang='lat' dir='ltr'><strong>homines</strong></span> 
     </span>
    </p>
   </div>
   <div class='ocr_carea' id='block_1_45' title="bbox 531 3077 2126 3140">
    <p class='ocr_par' dir='ltr' id='par_1_45' title="bbox 531 3077 2126 3140">
     <span class='ocr_line' id='line_1_45' title="bbox 531 3077 2126 3140; baseline 0.003 -8"><span class='ocrx_word' id='word_1_289' title='bbox 531 3078 841 3140; x_wconf 81' lang='lat' dir='ltr'><strong>oll&#39;endunl,</strong></span> <span class='ocrx_word' id='word_1_290' title='bbox 874 3077 1118 3133; x_wconf 92' lang='lat' dir='ltr'><strong>custodit</strong></span> <span class='ocrx_word' id='word_1_291' title='bbox 1145 3079 1383 3132; x_wconf 87' lang='lat' dir='ltr'><strong>animam</strong></span> <span class='ocrx_word' id='word_1_292' title='bbox 1419 3094 1574 3135; x_wconf 90' lang='lat' dir='ltr'><strong>suam</strong></span> <span class='ocrx_word' id='word_1_293' title='bbox 1613 3087 1784 3132; x_wconf 88' lang='lat' dir='ltr'><strong>tutam</strong></span> <span class='ocrx_word' id='word_1_294' title='bbox 1810 3079 1879 3134; x_wconf 91' lang='lat' dir='ltr'><strong>ah</strong></span> <span class='ocrx_word' id='word_1_295' title='bbox 1909 3079 2126 3136; x_wconf 88' lang='lat' dir='ltr'><strong>insidiis</strong></span> 
     </span>
    </p>
   </div>
   <div class='ocr_carea' id='block_1_46' title="bbox 530 3169 2119 3242">
    <p class='ocr_par' dir='ltr' id='par_1_46' title="bbox 530 3169 2119 3242">
     <span class='ocr_line' id='line_1_46' title="bbox 530 3169 2119 3242; baseline 0.002 -19"><span class='ocrx_word' id='word_1_296' title='bbox 530 3171 925 3224; x_wconf 68' lang='lat' dir='ltr'><strong>(Lemoniormn</strong></span> <span class='ocrx_word' id='word_1_297' title='bbox 953 3179 1008 3224; x_wconf 88' lang='lat' dir='ltr'><strong>et</strong></span> <span class='ocrx_word' id='word_1_298' title='bbox 1042 3169 1328 3224; x_wconf 87' lang='lat' dir='ltr'><strong>hominum</strong></span> <span class='ocrx_word' id='word_1_299' title='bbox 1357 3170 1724 3242; x_wconf 70' lang='lat' dir='ltr'><strong>quaerentium</strong></span> <span class='ocrx_word' id='word_1_300' title='bbox 1771 3172 2119 3228; x_wconf 85' lang='lat' dir='ltr'><strong>occasionem</strong></span> 
     </span>
    </p>
   </div>
   <div class='ocr_carea' id='block_1_47' title="bbox 532 3259 1269 3331">
    <p class='ocr_par' dir='ltr' id='par_1_47' title="bbox 532 3259 1269 3331">
     <span class='ocr_line' id='line_1_47' title="bbox 532 3259 1269 3331; baseline 0 -17"><span class='ocrx_word' id='word_1_301' title='bbox 532 3259 698 3330; x_wconf 89' lang='lat' dir='ltr'><strong>bujus</strong></span> <span class='ocrx_word' id='word_1_302' title='bbox 726 3259 1269 3331; x_wconf 72' lang='lat' dir='ltr'><strong>coinprebendendze.</strong></span> 
     </span>
    </p>
   </div>
   <div class='ocr_carea' id='block_1_48' title="bbox 2300 1889 3787 1964">
    <p class='ocr_par' dir='ltr' id='par_1_48' title="bbox 2300 1889 3787 1964">
     <span class='ocr_line' id='line_1_48' title="bbox 2300 1889 3787 1964; baseline -0.004 -16"><span class='ocrx_word' id='word_1_303' title='bbox 2300 1893 2365 1964; x_wconf 86' lang='grc' dir='ltr'><strong>β’.</strong></span> <span class='ocrx_word' id='word_1_304' title='bbox 2427 1893 2570 1948; x_wconf 81' lang='grc' dir='ltr'><strong>Ἀπὸ</strong></span> <span class='ocrx_word' id='word_1_305' title='bbox 2626 1889 2872 1960; x_wconf 81' lang='grc' dir='ltr'><strong>καρπῶν</strong></span> <span class='ocrx_word' id='word_1_306' title='bbox 2926 1892 3322 1959; x_wconf 74' lang='grc' dir='ltr'><strong>δικαιοσύνης</strong></span> <span class='ocrx_word' id='word_1_307' title='bbox 3378 1889 3628 1962; x_wconf 73' lang='grc' dir='ltr'>φάγεται</span> <span class='ocrx_word' id='word_1_308' title='bbox 3683 1890 3787 1955; x_wconf 72' lang='grc' dir='ltr'>υίὸς</span> 
     </span>
    </p>
   </div>
   <div class='ocr_carea' id='block_1_49' title="bbox 2225 1985 3784 2060">
    <p class='ocr_par' dir='ltr' id='par_1_49' title="bbox 2225 1985 3784 2060">
     <span class='ocr_line' id='line_1_49' title="bbox 2225 1985 3784 2060; baseline -0.006 -15"><span class='ocrx_word' id='word_1_309' title='bbox 2225 1991 2468 2060; x_wconf 75' lang='grc' dir='ltr'>ἀγαθός.</span> <span class='ocrx_word' id='word_1_310' title='bbox 2494 1988 2604 2042; x_wconf 80' lang='grc' dir='ltr'>Καὶ</span> <span class='ocrx_word' id='word_1_311' title='bbox 2624 1988 2732 2040; x_wconf 70' lang='grc' dir='ltr'>ἀπὸ</span> <span class='ocrx_word' id='word_1_312' title='bbox 2764 1989 2862 2056; x_wconf 86' lang='grc' dir='ltr'>μὲν</span> <span class='ocrx_word' id='word_1_313' title='bbox 2886 1985 2996 2040; x_wconf 82' lang='grc' dir='ltr'><strong>τῶν</strong></span> <span class='ocrx_word' id='word_1_314' title='bbox 3013 2003 3370 2059; x_wconf 79' lang='grc' dir='ltr'>καρποφορου</span> <span class='ocrx_word' id='word_1_315' title='bbox 3380 1987 3562 2058; x_wconf 82' lang='grc' dir='ltr'>μένων</span> <span class='ocrx_word' id='word_1_316' title='bbox 3588 1985 3784 2055; x_wconf 83' lang='grc' dir='ltr'>ἀρετῶν,</span> 
     </span>
    </p>
   </div>
   <div class='ocr_carea' id='block_1_50' title="bbox 2225 2078 3784 2150">
    <p class='ocr_par' dir='ltr' id='par_1_50' title="bbox 2225 2078 3784 2150">
     <span class='ocr_line' id='line_1_50' title="bbox 2225 2078 3784 2150; baseline -0.004 -16"><span class='ocrx_word' id='word_1_317' title='bbox 2225 2080 2314 2134; x_wconf 79' lang='grc' dir='ltr'><strong>διὰ</strong></span> <span class='ocrx_word' id='word_1_318' title='bbox 2369 2080 2470 2150; x_wconf 80' lang='grc' dir='ltr'>τῆς</span> <span class='ocrx_word' id='word_1_319' title='bbox 2526 2079 2636 2132; x_wconf 85' lang='grc' dir='ltr'><strong>τῶν</strong></span> <span class='ocrx_word' id='word_1_320' title='bbox 2663 2078 2825 2132; x_wconf 83' lang='grc' dir='ltr'>θείων</span> <span class='ocrx_word' id='word_1_321' title='bbox 2877 2078 3108 2132; x_wconf 77' lang='grc' dir='ltr'>ἐντολῶν</span> <span class='ocrx_word' id='word_1_322' title='bbox 3145 2078 3434 2150; x_wconf 75' lang='grc' dir='ltr'>ἐργασίας,</span> <span class='ocrx_word' id='word_1_323' title='bbox 3479 2078 3784 2149; x_wconf 77' lang='grc' dir='ltr'><strong>τραφήσεται</strong></span> 
     </span>
    </p>
   </div>
   <div class='ocr_carea' id='block_1_51' title="bbox 2226 2169 3780 2243">
    <p class='ocr_par' dir='ltr' id='par_1_51' title="bbox 2226 2169 3780 2243">
     <span class='ocr_line' id='line_1_51' title="bbox 2226 2169 3780 2243; baseline -0.004 -17"><span class='ocrx_word' id='word_1_324' title='bbox 2226 2173 2366 2227; x_wconf 78' lang='grc' dir='ltr'>κατὰ</span> <span class='ocrx_word' id='word_1_325' title='bbox 2437 2171 2640 2243; x_wconf 80' lang='grc' dir='ltr'>ψυχὴν,</span> <span class='ocrx_word' id='word_1_326' title='bbox 2669 2173 2697 2225; x_wconf 71' lang='grc' dir='ltr'>ὁ</span> <span class='ocrx_word' id='word_1_327' title='bbox 2719 2171 2827 2242; x_wconf 78' lang='grc' dir='ltr'><strong>τὴν</strong></span> <span class='ocrx_word' id='word_1_328' title='bbox 2857 2173 2920 2224; x_wconf 70' lang='grc' dir='ltr'><strong>ἐν</strong></span> <span class='ocrx_word' id='word_1_329' title='bbox 2947 2171 3222 2242; x_wconf 86' lang='grc' dir='ltr'>πνεύματι</span> <span class='ocrx_word' id='word_1_330' title='bbox 3269 2171 3413 2225; x_wconf 77' lang='grc' dir='ltr'>κατὰ</span> <span class='ocrx_word' id='word_1_331' title='bbox 3439 2171 3604 2242; x_wconf 73' lang='grc' dir='ltr'>χάριν</span> <span class='ocrx_word' id='word_1_332' title='bbox 3633 2169 3780 2224; x_wconf 76' lang='grc' dir='ltr'>υἱοθε-</span> 
     </span>
    </p>
   </div>
   <div class='ocr_carea' id='block_1_52' title="bbox 2229 2263 3574 2338">
    <p class='ocr_par' dir='ltr' id='par_1_52' title="bbox 2229 2263 3574 2338">
     <span class='ocr_line' id='line_1_52' title="bbox 2229 2263 3574 2338; baseline -0.001 -19"><span class='ocrx_word' id='word_1_333' title='bbox 2229 2265 2350 2320; x_wconf 86' lang='grc' dir='ltr'>σίαν</span> <span class='ocrx_word' id='word_1_334' title='bbox 2379 2264 2548 2319; x_wconf 86' lang='grc' dir='ltr'>αὐτοῦ</span> <span class='ocrx_word' id='word_1_335' title='bbox 2573 2265 2630 2318; x_wconf 82' lang='grc' dir='ltr'><strong>ὲν</strong></span> <span class='ocrx_word' id='word_1_336' title='bbox 2651 2265 2799 2338; x_wconf 73' lang='grc' dir='ltr'>πάσῃ</span> <span class='ocrx_word' id='word_1_337' title='bbox 2829 2264 3113 2336; x_wconf 79' lang='grc' dir='ltr'><strong>εὐπειθείᾳ</strong></span> <span class='ocrx_word' id='word_1_338' title='bbox 3140 2264 3322 2336; x_wconf 80' lang='grc' dir='ltr'>τηρῶν</span> <span class='ocrx_word' id='word_1_339' title='bbox 3348 2263 3574 2334; x_wconf 80' lang='grc' dir='ltr'>ἀψογον.</span> 
     </span>
    </p>
   </div>
   <div class='ocr_carea' id='block_1_53' title="bbox 2304 2442 3782 2514">
    <p class='ocr_par' dir='ltr' id='par_1_53' title="bbox 2304 2442 3782 2514">
     <span class='ocr_line' id='line_1_53' title="bbox 2304 2442 3782 2514; baseline -0.003 -15"><span class='ocrx_word' id='word_1_340' title='bbox 2304 2443 2503 2514; x_wconf 75' lang='grc' dir='ltr'>Ψυχαὶ</span> <span class='ocrx_word' id='word_1_341' title='bbox 2542 2443 2612 2498; x_wconf 80' lang='grc' dir='ltr'><strong>δὲ</strong></span> <span class='ocrx_word' id='word_1_342' title='bbox 2644 2445 3006 2514; x_wconf 80' lang='grc' dir='ltr'>παρανόμων</span> <span class='ocrx_word' id='word_1_343' title='bbox 3077 2444 3362 2500; x_wconf 76' lang='grc' dir='ltr'>ὀλοῦνται</span> <span class='ocrx_word' id='word_1_344' title='bbox 3419 2445 3622 2512; x_wconf 76' lang='grc' dir='ltr'>ἄωροι.</span> <span class='ocrx_word' id='word_1_345' title='bbox 3657 2442 3716 2496; x_wconf 80' lang='lat' dir='ltr'><strong>Al</strong></span> <span class='ocrx_word' id='word_1_346' title='bbox 3740 2443 3782 2496; x_wconf 83' lang='grc' dir='ltr'><strong>δὲ</strong></span> 
     </span>
    </p>
   </div>
   <div class='ocr_carea' id='block_1_54' title="bbox 2226 2535 3782 2607">
    <p class='ocr_par' dir='ltr' id='par_1_54' title="bbox 2226 2535 3782 2607">
     <span class='ocr_line' id='line_1_54' title="bbox 2226 2535 3782 2607; baseline -0.001 -19"><span class='ocrx_word' id='word_1_347' title='bbox 2226 2536 2396 2607; x_wconf 79' lang='grc' dir='ltr'>ψυχαὶ</span> <span class='ocrx_word' id='word_1_348' title='bbox 2423 2535 2533 2589; x_wconf 91' lang='grc' dir='ltr'><strong>τῶν</strong></span> <span class='ocrx_word' id='word_1_349' title='bbox 2555 2536 2654 2598; x_wconf 81' lang='grc' dir='ltr'>τὰς</span> <span class='ocrx_word' id='word_1_350' title='bbox 2671 2535 2824 2600; x_wconf 84' lang='grc' dir='ltr'><strong>θείας</strong></span> <span class='ocrx_word' id='word_1_351' title='bbox 2852 2535 3071 2599; x_wconf 72' lang='grc' dir='ltr'>ἐντολὰς</span> <span class='ocrx_word' id='word_1_352' title='bbox 3104 2536 3557 2606; x_wconf 77' lang='grc' dir='ltr'>παραϐαινόντων</span> <span class='ocrx_word' id='word_1_353' title='bbox 3583 2535 3782 2604; x_wconf 69' lang='grc' dir='ltr'>ὑποστή-</span> 
     </span>
    </p>
   </div>
   <div class='ocr_carea' id='block_1_55' title="bbox 2229 2625 3780 2700">
    <p class='ocr_par' dir='ltr' id='par_1_55' title="bbox 2229 2625 3780 2700">
     <span class='ocr_line' id='line_1_55' title="bbox 2229 2625 3780 2700; baseline -0.003 -18"><span class='ocrx_word' id='word_1_354' title='bbox 2229 2647 2414 2683; x_wconf 90' lang='grc' dir='ltr'>σονται</span> <span class='ocrx_word' id='word_1_355' title='bbox 2441 2628 2708 2692; x_wconf 75' lang='grc' dir='ltr'><strong>ἑκουσίως</strong></span> <span class='ocrx_word' id='word_1_356' title='bbox 2741 2628 2834 2681; x_wconf 83' lang='grc' dir='ltr'>τὸν</span> <span class='ocrx_word' id='word_1_357' title='bbox 2862 2629 2972 2682; x_wconf 82' lang='grc' dir='ltr'><strong>ἀπὸ</strong></span> <span class='ocrx_word' id='word_1_358' title='bbox 3000 2628 3136 2682; x_wconf 83' lang='grc' dir='ltr'><strong>Θεοῦ</strong></span> <span class='ocrx_word' id='word_1_359' title='bbox 3177 2629 3528 2700; x_wconf 77' lang='grc' dir='ltr'>μακρυσμὸν,</span> <span class='ocrx_word' id='word_1_360' title='bbox 3563 2628 3664 2700; x_wconf 71' lang='grc' dir='ltr'>πρὸ</span> <span class='ocrx_word' id='word_1_361' title='bbox 3709 2625 3780 2679; x_wconf 80' lang='grc' dir='ltr'><strong>τοῦ</strong></span> 
     </span>
    </p>
   </div>
   <div class='ocr_carea' id='block_1_56' title="bbox 2228 2718 3533 2792">
    <p class='ocr_par' dir='ltr' id='par_1_56' title="bbox 2228 2718 3533 2792">
     <span class='ocr_line' id='line_1_56' title="bbox 2228 2718 3533 2792; baseline 0 -18"><span class='ocrx_word' id='word_1_362' title='bbox 2228 2718 2423 2792; x_wconf 78' lang='grc' dir='ltr'>καιροῦ</span> <span class='ocrx_word' id='word_1_363' title='bbox 2457 2718 2558 2789; x_wconf 81' lang='grc' dir='ltr'>τῆς</span> <span class='ocrx_word' id='word_1_364' title='bbox 2581 2719 2814 2790; x_wconf 83' lang='grc' dir='ltr'>κρίσεως</span> <span class='ocrx_word' id='word_1_365' title='bbox 2845 2718 2940 2770; x_wconf 78' lang='grc' dir='ltr'><strong>καὶ</strong></span> <span class='ocrx_word' id='word_1_366' title='bbox 2971 2720 3069 2787; x_wconf 81' lang='grc' dir='ltr'><strong>τῆς</strong></span> <span class='ocrx_word' id='word_1_367' title='bbox 3101 2719 3533 2784; x_wconf 63' lang='grc' dir='ltr'>ἀντατωδὸσεως.</span> 
     </span>
    </p>
   </div>
   <div class='ocr_carea' id='block_1_57' title="bbox 2291 2807 3778 2881">
    <p class='ocr_par' dir='ltr' id='par_1_57' title="bbox 2291 2807 3778 2881">
     <span class='ocr_line' id='line_1_57' title="bbox 2291 2807 3778 2881; baseline 0.014 -27"><span class='ocrx_word' id='word_1_368' title='bbox 2291 2816 2368 2866; x_wconf 69' lang='grc' dir='ltr'>γ’,</span> <span class='ocrx_word' id='word_1_369' title='bbox 2411 2811 2516 2876; x_wconf 80' lang='grc' dir='ltr'>Ὃς</span> <span class='ocrx_word' id='word_1_370' title='bbox 2550 2807 2857 2878; x_wconf 68' lang='grc' dir='ltr'>φυλάσσει</span> <span class='ocrx_word' id='word_1_371' title='bbox 2888 2811 2956 2862; x_wconf 86' lang='grc' dir='ltr'>τὸ</span> <span class='ocrx_word' id='word_1_372' title='bbox 2989 2809 3210 2875; x_wconf 75' lang='grc' dir='ltr'>ἑαυτοῦ</span> <span class='ocrx_word' id='word_1_373' title='bbox 3245 2813 3466 2880; x_wconf 80' lang='grc' dir='ltr'><strong>στόμα,</strong></span> <span class='ocrx_word' id='word_1_374' title='bbox 3511 2808 3671 2881; x_wconf 78' lang='grc' dir='ltr'>τηρεῖ</span> <span class='ocrx_word' id='word_1_375' title='bbox 3691 2807 3778 2874; x_wconf 74' lang='grc' dir='ltr'><strong>τὴν</strong></span> 
     </span>
    </p>
   </div>
   <div class='ocr_carea' id='block_1_58' title="bbox 2227 2889 3776 2969">
    <p class='ocr_par' dir='ltr' id='par_1_58' title="bbox 2227 2889 3776 2969">
     <span class='ocr_line' id='line_1_58' title="bbox 2227 2889 3776 2969; baseline -0.004 -15"><span class='ocrx_word' id='word_1_376' title='bbox 2227 2898 2446 2954; x_wconf 82' lang='grc' dir='ltr'>ἑαυτοῦ</span> <span class='ocrx_word' id='word_1_377' title='bbox 2498 2896 2732 2968; x_wconf 67' lang='grc' dir='ltr'><strong>ψυχήν.</strong></span> <span class='ocrx_word' id='word_1_378' title='bbox 2796 2897 2906 2950; x_wconf 77' lang='grc' dir='ltr'><strong>Καὶ</strong></span> <span class='ocrx_word' id='word_1_379' title='bbox 2934 2897 3086 2960; x_wconf 84' lang='grc' dir='ltr'>ὅστις</span> <span class='ocrx_word' id='word_1_380' title='bbox 3125 2898 3224 2968; x_wconf 84' lang='grc' dir='ltr'><strong>μὲν</strong></span> <span class='ocrx_word' id='word_1_381' title='bbox 3271 2901 3470 2968; x_wconf 80' lang='grc' dir='ltr'>κρατεῖ</span> <span class='ocrx_word' id='word_1_382' title='bbox 3490 2899 3590 2969; x_wconf 84' lang='grc' dir='ltr'>τῆς</span> <span class='ocrx_word' id='word_1_383' title='bbox 3617 2889 3776 2951; x_wconf 71' lang='grc' dir='ltr'>ἑαυτοῦ</span> 
     </span>
    </p>
   </div>
   <div class='ocr_carea' id='block_1_59' title="bbox 2229 2985 3778 3062">
    <p class='ocr_par' dir='ltr' id='par_1_59' title="bbox 2229 2985 3778 3062">
     <span class='ocr_line' id='line_1_59' title="bbox 2229 2985 3778 3062; baseline -0.003 -18"><span class='ocrx_word' id='word_1_384' title='bbox 2229 2989 2497 3062; x_wconf 82' lang='grc' dir='ltr'><strong>γλώττης,</strong></span> <span class='ocrx_word' id='word_1_385' title='bbox 2555 2989 2700 3043; x_wconf 83' lang='grc' dir='ltr'>ὥστε</span> <span class='ocrx_word' id='word_1_386' title='bbox 2744 2990 3172 3060; x_wconf 80' lang='grc' dir='ltr'><strong>ἀπερισκέπτως</strong></span> <span class='ocrx_word' id='word_1_387' title='bbox 3210 2990 3285 3061; x_wconf 81' lang='grc' dir='ltr'>μὴ</span> <span class='ocrx_word' id='word_1_388' title='bbox 3350 2989 3680 3060; x_wconf 81' lang='grc' dir='ltr'>φθέγγεσθαι</span> <span class='ocrx_word' id='word_1_389' title='bbox 3724 2985 3778 3040; x_wconf 71' lang='grc' dir='ltr'>τὰ</span> 
     </span>
    </p>
   </div>
   <div class='ocr_carea' id='block_1_60' title="bbox 2231 3079 3770 3153">
    <p class='ocr_par' dir='ltr' id='par_1_60' title="bbox 2231 3079 3770 3153">
     <span class='ocr_line' id='line_1_60' title="bbox 2231 3079 3770 3153; baseline -0.003 -17"><span class='ocrx_word' id='word_1_390' title='bbox 2231 3083 2367 3153; x_wconf 80' lang='grc' dir='ltr'>πρὸς</span> <span class='ocrx_word' id='word_1_391' title='bbox 2397 3080 2586 3152; x_wconf 77' lang='grc' dir='ltr'>Θεὸνῆ</span> <span class='ocrx_word' id='word_1_392' title='bbox 2621 3080 2758 3153; x_wconf 82' lang='grc' dir='ltr'>πρὸς</span> <span class='ocrx_word' id='word_1_393' title='bbox 2786 3079 3108 3152; x_wconf 83' lang='grc' dir='ltr'>ἀνθρώπους</span> <span class='ocrx_word' id='word_1_394' title='bbox 3137 3082 3572 3153; x_wconf 85' lang='grc' dir='ltr'>προσκρούοντα,</span> <span class='ocrx_word' id='word_1_395' title='bbox 3601 3079 3770 3151; x_wconf 77' lang='grc' dir='ltr'>φυλάτ-</span> 
     </span>
    </p>
   </div>
   <div class='ocr_carea' id='block_1_61' title="bbox 2229 3173 3772 3248">
    <p class='ocr_par' dir='ltr' id='par_1_61' title="bbox 2229 3173 3772 3248">
     <span class='ocr_line' id='line_1_61' title="bbox 2229 3173 3772 3248; baseline -0.003 -18"><span class='ocrx_word' id='word_1_396' title='bbox 2229 3195 2314 3230; x_wconf 88' lang='grc' dir='ltr'><strong>τει</strong></span> <span class='ocrx_word' id='word_1_397' title='bbox 2346 3176 2443 3248; x_wconf 84' lang='grc' dir='ltr'>τὴν</span> <span class='ocrx_word' id='word_1_398' title='bbox 2473 3175 2652 3247; x_wconf 78' lang='grc' dir='ltr'>ψυχὴν</span> <span class='ocrx_word' id='word_1_399' title='bbox 2675 3174 2869 3229; x_wconf 79' lang='grc' dir='ltr'>ἑαυτοῦ</span> <span class='ocrx_word' id='word_1_400' title='bbox 2919 3176 3374 3231; x_wconf 77' lang='grc' dir='ltr'>ἀνεπιϐούλευτον</span> <span class='ocrx_word' id='word_1_401' title='bbox 3403 3177 3516 3230; x_wconf 71' lang='grc' dir='ltr'><strong>ἀπὸ</strong></span> <span class='ocrx_word' id='word_1_402' title='bbox 3539 3173 3772 3246; x_wconf 74' lang='grc' dir='ltr'>δαιμόνων</span> 
     </span>
    </p>
   </div>
   <div class='ocr_carea' id='block_1_62' title="bbox 2225 3263 3770 3339">
    <p class='ocr_par' dir='ltr' id='par_1_62' title="bbox 2225 3263 3770 3339">
     <span class='ocr_line' id='line_1_62' title="bbox 2225 3263 3770 3339; baseline -0.003 -19"><span class='ocrx_word' id='word_1_403' title='bbox 2225 3267 2260 3339; x_wconf 83' lang='grc' dir='ltr'><strong>ἢ</strong></span> <span class='ocrx_word' id='word_1_404' title='bbox 2289 3265 2614 3338; x_wconf 79' lang='grc' dir='ltr'>ἀνθρώπων,</span> <span class='ocrx_word' id='word_1_405' title='bbox 2660 3265 2769 3318; x_wconf 88' lang='grc' dir='ltr'><strong>τῶν</strong></span> <span class='ocrx_word' id='word_1_406' title='bbox 2820 3264 3128 3336; x_wconf 77' lang='grc' dir='ltr'>ζητούντων</span> <span class='ocrx_word' id='word_1_407' title='bbox 3178 3265 3434 3336; x_wconf 61' lang='grc' dir='ltr'>ἀφορμὴν</span> <span class='ocrx_word' id='word_1_408' title='bbox 3474 3264 3670 3336; x_wconf 82' lang='grc' dir='ltr'>ταύτην</span> <span class='ocrx_word' id='word_1_409' title='bbox 3697 3263 3770 3315; x_wconf 78' lang='grc' dir='ltr'><strong>λα-</strong></span> 
     </span>
    </p>
   </div>
   <div class='ocr_carea' id='block_1_63' title="bbox 2226 3360 2362 3414">
    <p class='ocr_par' dir='ltr' id='par_1_63' title="bbox 2226 3360 2362 3414">
     <span class='ocr_line' id='line_1_63' title="bbox 2226 3360 2362 3414; baseline 0.015 -2"><span class='ocrx_word' id='word_1_410' title='bbox 2226 3360 2362 3414; x_wconf 70' lang='grc' dir='ltr'>δεῖν.</span> 
     </span>
    </p>
   </div>
   <div class='ocr_carea' id='block_1_64' title="bbox 2308 3445 3768 3523">
    <p class='ocr_par' dir='ltr' id='par_1_64' title="bbox 2308 3445 3768 3523">
     <span class='ocr_line' id='line_1_64' title="bbox 2308 3445 3768 3523; baseline -0.004 -18"><span class='ocrx_word' id='word_1_411' title='bbox 2308 3451 2361 3505; x_wconf 88' lang='lat'><strong>&#39;0</strong></span> <span class='ocrx_word' id='word_1_412' title='bbox 2391 3452 2460 3508; x_wconf 84' lang='grc' dir='ltr'><em>δὲ</em></span> <span class='ocrx_word' id='word_1_413' title='bbox 2487 3454 2790 3521; x_wconf 79' lang='grc' dir='ltr'>προπετὴς</span> <span class='ocrx_word' id='word_1_414' title='bbox 2835 3453 3092 3523; x_wconf 81' lang='grc' dir='ltr'><strong>χείλεσι,</strong></span> <span class='ocrx_word' id='word_1_415' title='bbox 3130 3451 3384 3522; x_wconf 83' lang='grc' dir='ltr'>πτοήσει</span> <span class='ocrx_word' id='word_1_416' title='bbox 3414 3453 3619 3506; x_wconf 80' lang='grc' dir='ltr'><strong>αὐτόν.</strong></span> <span class='ocrx_word' id='word_1_417' title='bbox 3666 3447 3716 3500; x_wconf 86' lang='grc' dir='ltr'><strong>Ὀ</strong></span> <span class='ocrx_word' id='word_1_418' title='bbox 3733 3445 3768 3497; x_wconf 83' lang='grc' dir='ltr'><strong>δ’</strong></span> 
     </span>
    </p>
   </div>
   <div class='ocr_carea' id='block_1_65' title="bbox 2226 3542 3769 3622">
    <p class='ocr_par' dir='ltr' id='par_1_65' title="bbox 2226 3542 3769 3622">
     <span class='ocr_line' id='line_1_65' title="bbox 2226 3542 3769 3622; baseline -0.008 -18"><span class='ocrx_word' id='word_1_419' title='bbox 2226 3549 2651 3622; x_wconf 77' lang='grc' dir='ltr'>ἀπερισκέπτως</span> <span class='ocrx_word' id='word_1_420' title='bbox 2673 3547 3067 3617; x_wconf 76' lang='grc' dir='ltr'><strong>φθεγγόμενος,</strong></span> <span class='ocrx_word' id='word_1_421' title='bbox 3096 3547 3176 3609; x_wconf 73' lang='grc' dir='ltr'><strong>εἰς</strong></span> <span class='ocrx_word' id='word_1_422' title='bbox 3206 3545 3370 3614; x_wconf 73' lang='grc' dir='ltr'>φόϐον</span> <span class='ocrx_word' id='word_1_423' title='bbox 3394 3545 3589 3600; x_wconf 73' lang='grc' dir='ltr'>ἑαυτὸν</span> <span class='ocrx_word' id='word_1_424' title='bbox 3631 3542 3769 3611; x_wconf 54' lang='lat' dir='ltr'><strong>iuba.</strong></span> 
     </span>
    </p>
   </div>
   <div class='ocr_carea' id='block_1_66' title="bbox 2225 3633 3766 3711">
    <p class='ocr_par' dir='ltr' id='par_1_66' title="bbox 2225 3633 3766 3711">
     <span class='ocr_line' id='line_1_66' title="bbox 2225 3633 3766 3711; baseline -0.005 -17"><span class='ocrx_word' id='word_1_425' title='bbox 2225 3643 2306 3696; x_wconf 84' lang='grc' dir='ltr'><strong>λεῖ</strong></span> <span class='ocrx_word' id='word_1_426' title='bbox 2327 3659 2338 3673; x_wconf 83' lang='grc'><em>’</em></span> <span class='ocrx_word' id='word_1_427' title='bbox 2373 3641 2449 3706; x_wconf 81' lang='grc' dir='ltr'>ὡς</span> <span class='ocrx_word' id='word_1_428' title='bbox 2518 3640 2883 3711; x_wconf 59' lang='grc' dir='ltr'>’,φθεγξάμενός</span> <span class='ocrx_word' id='word_1_429' title='bbox 2911 3657 2963 3693; x_wconf 88' lang='grc' dir='ltr'><strong>τι</strong></span> <span class='ocrx_word' id='word_1_430' title='bbox 2995 3640 3256 3709; x_wconf 73' lang='grc' dir='ltr'>ὲπιφέρον</span> <span class='ocrx_word' id='word_1_431' title='bbox 3316 3637 3469 3709; x_wconf 78' lang='grc' dir='ltr'>αὐτῷ</span> <span class='ocrx_word' id='word_1_432' title='bbox 3517 3633 3766 3709; x_wconf 77' lang='grc' dir='ltr'>ψυχικδνῆ</span> 
     </span>
    </p>
   </div>
   <div class='ocr_carea' id='block_1_67' title="bbox 604 3447 2120 3519">
    <p class='ocr_par' dir='ltr' id='par_1_67' title="bbox 604 3447 2120 3519">
     <span class='ocr_line' id='line_1_67' title="bbox 604 3447 2120 3519; baseline 0.001 -19"><span class='ocrx_word' id='word_1_433' title='bbox 604 3448 708 3512; x_wconf 82' lang='lat' dir='ltr'><strong>Qui</strong></span> <span class='ocrx_word' id='word_1_434' title='bbox 731 3457 908 3502; x_wconf 88' lang='lat' dir='ltr'><strong>autem</strong></span> <span class='ocrx_word' id='word_1_435' title='bbox 945 3459 1176 3517; x_wconf 67' lang='lat' dir='ltr'><strong>praeceps</strong></span> <span class='ocrx_word' id='word_1_436' title='bbox 1227 3457 1304 3502; x_wconf 86' lang='lat' dir='ltr'><strong>est</strong></span> <span class='ocrx_word' id='word_1_437' title='bbox 1361 3447 1541 3512; x_wconf 87' lang='lat' dir='ltr'><strong>labiis,</strong></span> <span class='ocrx_word' id='word_1_438' title='bbox 1598 3449 1814 3503; x_wconf 85' lang='lat' dir='ltr'><strong>terrebit</strong></span> <span class='ocrx_word' id='word_1_439' title='bbox 1867 3449 2120 3519; x_wconf 82' lang='lat' dir='ltr'><strong>seipsum.</strong></span> 
     </span>
    </p>
   </div>
   <div class='ocr_carea' id='block_1_68' title="bbox 529 3537 2120 3610">
    <p class='ocr_par' dir='ltr' id='par_1_68' title="bbox 529 3537 2120 3610">
     <span class='ocr_line' id='line_1_68' title="bbox 529 3537 2120 3610; baseline 0.001 -18"><span class='ocrx_word' id='word_1_440' title='bbox 529 3542 630 3608; x_wconf 78' lang='lat' dir='ltr'><strong>Qui</strong></span> <span class='ocrx_word' id='word_1_441' title='bbox 665 3554 845 3595; x_wconf 83' lang='lat' dir='ltr'><strong>autent</strong></span> <span class='ocrx_word' id='word_1_442' title='bbox 883 3537 1590 3608; x_wconf 79' lang='lat' dir='ltr'><strong>inconsiderateloquitur,</strong></span> <span class='ocrx_word' id='word_1_443' title='bbox 1634 3553 1694 3595; x_wconf 89' lang='lat' dir='ltr'><strong>se</strong></span> <span class='ocrx_word' id='word_1_444' title='bbox 1749 3540 1867 3610; x_wconf 88' lang='lat' dir='ltr'><strong>ipse</strong></span> <span class='ocrx_word' id='word_1_445' title='bbox 1906 3540 1962 3594; x_wconf 90' lang='lat' dir='ltr'><strong>in</strong></span> <span class='ocrx_word' id='word_1_446' title='bbox 2009 3553 2120 3593; x_wconf 88' lang='lat' dir='ltr'><strong>me-</strong></span> 
     </span>
    </p>
   </div>
   <div class='ocr_carea' id='block_1_69' title="bbox 531 3629 2123 3700">
    <p class='ocr_par' dir='ltr' id='par_1_69' title="bbox 531 3629 2123 3700">
     <span class='ocr_line' id='line_1_69' title="bbox 531 3629 2123 3700; baseline 0.001 -18"><span class='ocrx_word' id='word_1_447' title='bbox 531 3640 645 3684; x_wconf 90' lang='lat' dir='ltr'><strong>tum</strong></span> <span class='ocrx_word' id='word_1_448' title='bbox 672 3629 870 3698; x_wconf 87' lang='lat' dir='ltr'><strong>injicit,</strong></span> <span class='ocrx_word' id='word_1_449' title='bbox 910 3635 1176 3698; x_wconf 86' lang='lat' dir='ltr'><strong>tanquam</strong></span> <span class='ocrx_word' id='word_1_450' title='bbox 1213 3629 1432 3682; x_wconf 89' lang='lat' dir='ltr'><strong>locutus</strong></span> <span class='ocrx_word' id='word_1_451' title='bbox 1467 3629 1622 3698; x_wconf 79' lang='lat' dir='ltr'><strong>quod‘</strong></span> <span class='ocrx_word' id='word_1_452' title='bbox 1667 3631 1770 3700; x_wconf 90' lang='lat' dir='ltr'><strong>ipsi</strong></span> <span class='ocrx_word' id='word_1_453' title='bbox 1808 3629 1969 3684; x_wconf 74' lang='lat' dir='ltr'><strong>aﬂert</strong></span> <span class='ocrx_word' id='word_1_454' title='bbox 2004 3631 2123 3684; x_wconf 90' lang='lat' dir='ltr'><strong>ani-</strong></span> 
     </span>
    </p>
   </div>
   <div class='ocr_carea' id='block_1_70' title="bbox 532 3720 2118 3804">
    <p class='ocr_par' dir='ltr' id='par_1_70' title="bbox 532 3720 1405 3790">
     <span class='ocr_line' id='line_1_70' title="bbox 532 3720 1405 3790; baseline -0.001 -14"><span class='ocrx_word' id='word_1_455' title='bbox 532 3738 632 3776; x_wconf 73' lang='lat' dir='ltr'><strong>ma:</strong></span> <span class='ocrx_word' id='word_1_456' title='bbox 662 3731 755 3775; x_wconf 86' lang='lat' dir='ltr'><strong>aut</strong></span> <span class='ocrx_word' id='word_1_457' title='bbox 784 3722 1034 3790; x_wconf 85' lang='lat' dir='ltr'><strong>corporis</strong></span> <span class='ocrx_word' id='word_1_458' title='bbox 1080 3720 1405 3790; x_wconf 74' lang='lat' dir='ltr'><strong>periculum.</strong></span> 
     </span>
    </p>
   </div>
   <div class='ocr_carea' id='block_1_71' title="bbox 2226 3720 2838 3804">
    <p class='ocr_par' dir='ltr' id='par_1_71' title="bbox 2226 3732 2838 3804">
     <span class='ocr_line' id='line_1_71' title="bbox 2226 3732 2838 3804; baseline 0 -17"><span class='ocrx_word' id='word_1_459' title='bbox 2226 3732 2540 3804; x_wconf 75' lang='grc' dir='ltr'>σωματικὸν</span> <span class='ocrx_word' id='word_1_460' title='bbox 2568 3732 2838 3787; x_wconf 85' lang='grc' dir='ltr'>κίνδυνον.</span> 
     </span>
    </p>
   </div>
   <div class='ocr_carea' id='block_1_72' title="bbox 601 3810 2118 3894">
    <p class='ocr_par' dir='ltr' id='par_1_72' title="bbox 601 3810 2118 3884">
     <span class='ocr_line' id='line_1_72' title="bbox 601 3810 2118 3884; baseline 0.002 -19"><span class='ocrx_word' id='word_1_461' title='bbox 601 3813 766 3868; x_wconf 72' lang='lat' dir='ltr'><strong>Vsus.</strong></span> <span class='ocrx_word' id='word_1_462' title='bbox 797 3812 850 3866; x_wconf 71' lang='grc'><strong>4.</strong></span> <span class='ocrx_word' id='word_1_463' title='bbox 879 3810 945 3865; x_wconf 83' lang='grc' dir='ltr'><em>1η</em></span> <span class='ocrx_word' id='word_1_464' title='bbox 987 3811 1266 3866; x_wconf 79' lang='lat' dir='ltr'><strong>desideriis</strong></span> <span class='ocrx_word' id='word_1_465' title='bbox 1297 3821 1374 3866; x_wconf 85' lang='lat' dir='ltr'><strong>est</strong></span> <span class='ocrx_word' id='word_1_466' title='bbox 1422 3812 1591 3866; x_wconf 87' lang='lat' dir='ltr'><strong>onmis</strong></span> <span class='ocrx_word' id='word_1_467' title='bbox 1639 3814 1864 3868; x_wconf 90' lang='lat' dir='ltr'><strong>otiosus.</strong></span> <span class='ocrx_word' id='word_1_468' title='bbox 1905 3813 2118 3884; x_wconf 88' lang='lat' dir='ltr'><strong>Cupidi-</strong></span> 
     </span>
    </p>
   </div>
   <div class='ocr_carea' id='block_1_73' title="bbox 2226 3810 3767 3894">
    <p class='ocr_par' dir='ltr' id='par_1_73' title="bbox 2295 3820 3767 3894">
     <span class='ocr_line' id='line_1_73' title="bbox 2295 3820 3767 3894; baseline 0.001 -16"><span class='ocrx_word' id='word_1_469' title='bbox 2295 3827 2356 3880; x_wconf 85' lang='grc' dir='ltr'><strong>δ’.</strong></span> <span class='ocrx_word' id='word_1_470' title='bbox 2396 3827 2498 3880; x_wconf 79' lang='grc' dir='ltr'><strong>Ἐν</strong></span> <span class='ocrx_word' id='word_1_471' title='bbox 2522 3824 2858 3894; x_wconf 79' lang='grc' dir='ltr'><strong>ἐπιθυμίαις</strong></span> <span class='ocrx_word' id='word_1_472' title='bbox 2884 3825 3017 3879; x_wconf 78' lang='grc' dir='ltr'>ἐστὶ</span> <span class='ocrx_word' id='word_1_473' title='bbox 3063 3823 3182 3890; x_wconf 79' lang='grc' dir='ltr'>πιῖς</span> <span class='ocrx_word' id='word_1_474' title='bbox 3208 3825 3444 3894; x_wconf 75' lang='grc' dir='ltr'>ἀερτός.</span> <span class='ocrx_word' id='word_1_475' title='bbox 3479 3824 3585 3879; x_wconf 73' lang='grc' dir='ltr'>Καὶ</span> <span class='ocrx_word' id='word_1_476' title='bbox 3599 3820 3767 3894; x_wconf 76' lang='grc' dir='ltr'><strong>ὀρέξεις</strong></span> 
     </span>
    </p>
   </div>
   <div class='ocr_carea' id='block_1_74' title="bbox 528 3899 2118 3991">
    <p class='ocr_par' dir='ltr' id='par_1_74' title="bbox 528 3899 2118 3976">
     <span class='ocr_line' id='line_1_74' title="bbox 528 3899 2118 3976; baseline 0.001 -18"><span class='ocrx_word' id='word_1_477' title='bbox 528 3915 668 3960; x_wconf 86' lang='lat' dir='ltr'><strong>tates</strong></span> <span class='ocrx_word' id='word_1_478' title='bbox 709 3905 812 3959; x_wconf 82' lang='lat' dir='ltr'><strong>sibi</strong></span> <span class='ocrx_word' id='word_1_479' title='bbox 853 3899 1129 3974; x_wconf 68' lang='lat' dir='ltr'><strong>comparat</strong></span> <span class='ocrx_word' id='word_1_480' title='bbox 1182 3904 1614 3968; x_wconf 80' lang='lat' dir='ltr'><strong>irrationabiles,</strong></span> <span class='ocrx_word' id='word_1_481' title='bbox 1661 3905 1841 3960; x_wconf 91' lang='lat' dir='ltr'><strong>omnis</strong></span> <span class='ocrx_word' id='word_1_482' title='bbox 1887 3909 1978 3976; x_wconf 90' lang='lat' dir='ltr'><strong>qui</strong></span> <span class='ocrx_word' id='word_1_483' title='bbox 2027 3921 2118 3974; x_wconf 85' lang='lat' dir='ltr'><strong>per</strong></span> 
     </span>
    </p>
   </div>
   <div class='ocr_carea' id='block_1_75' title="bbox 2226 3899 3763 3991">
    <p class='ocr_par' dir='ltr' id='par_1_75' title="bbox 2228 3914 3763 3991">
     <span class='ocr_line' id='line_1_75' title="bbox 2228 3914 3763 3991; baseline 0 -18"><span class='ocrx_word' id='word_1_484' title='bbox 2228 3919 2326 3990; x_wconf 83' lang='grc' dir='ltr'>μὲν</span> <span class='ocrx_word' id='word_1_485' title='bbox 2344 3919 2610 3990; x_wconf 83' lang='grc' dir='ltr'>κέκτηται</span> <span class='ocrx_word' id='word_1_486' title='bbox 2629 3918 3002 3990; x_wconf 73' lang='grc' dir='ltr'>παραλόγους,</span> <span class='ocrx_word' id='word_1_487' title='bbox 3031 3918 3178 3981; x_wconf 71' lang='grc' dir='ltr'>ἅπας</span> <span class='ocrx_word' id='word_1_488' title='bbox 3203 3918 3296 3972; x_wconf 71' lang='grc' dir='ltr'><strong>διὰ</strong></span> <span class='ocrx_word' id='word_1_489' title='bbox 3318 3918 3590 3991; x_wconf 78' lang='grc' dir='ltr'>ῥᾳθυμίαν</span> <span class='ocrx_word' id='word_1_490' title='bbox 3611 3914 3763 3984; x_wconf 59' lang='grc' dir='ltr'>ἀργὸς.</span> 
     </span>
    </p>
   </div>
   <div class='ocr_carea' id='block_1_76' title="bbox 530 3997 2118 4083">
    <p class='ocr_par' dir='ltr' id='par_1_76' title="bbox 530 3997 2118 4068">
     <span class='ocr_line' id='line_1_76' title="bbox 530 3997 2118 4068; baseline 0.001 -18"><span class='ocrx_word' id='word_1_491' title='bbox 530 3998 802 4068; x_wconf 72' lang='lat' dir='ltr'><strong>p‘gritiam</strong></span> <span class='ocrx_word' id='word_1_492' title='bbox 823 4006 908 4050; x_wconf 86' lang='lat' dir='ltr'><strong>est</strong></span> <span class='ocrx_word' id='word_1_493' title='bbox 935 3997 1164 4061; x_wconf 88' lang='lat' dir='ltr'><strong>otiosus,</strong></span> <span class='ocrx_word' id='word_1_494' title='bbox 1194 3997 1340 4066; x_wconf 91' lang='lat' dir='ltr'><strong>quod</strong></span> <span class='ocrx_word' id='word_1_495' title='bbox 1359 4011 1418 4051; x_wconf 81' lang='lat' dir='ltr'><strong>se</strong></span> <span class='ocrx_word' id='word_1_496' title='bbox 1440 4011 1550 4051; x_wconf 93' lang='lat' dir='ltr'><strong>non</strong></span> <span class='ocrx_word' id='word_1_497' title='bbox 1571 4008 1804 4068; x_wconf 81' lang='lat' dir='ltr'><strong>occupat</strong></span> <span class='ocrx_word' id='word_1_498' title='bbox 1837 3997 1892 4051; x_wconf 89' lang='lat' dir='ltr'><strong>in</strong></span> <span class='ocrx_word' id='word_1_499' title='bbox 1925 4012 2118 4068; x_wconf 90' lang='lat' dir='ltr'><strong>opera-</strong></span> 
     </span>
    </p>
   </div>
   <div class='ocr_carea' id='block_1_77' title="bbox 2226 3997 3762 4083">
    <p class='ocr_par' dir='ltr' id='par_1_77' title="bbox 2226 4008 3762 4083">
     <span class='ocr_line' id='line_1_77' title="bbox 2226 4008 3762 4083; baseline -0.005 -19"><span class='ocrx_word' id='word_1_500' title='bbox 2226 4010 2297 4075; x_wconf 80' lang='grc' dir='ltr'>ὡς</span> <span class='ocrx_word' id='word_1_501' title='bbox 2331 4010 2406 4083; x_wconf 82' lang='grc' dir='ltr'>μὴ</span> <span class='ocrx_word' id='word_1_502' title='bbox 2439 4009 2763 4082; x_wconf 89' lang='grc' dir='ltr'>ἀπασχολῶν</span> <span class='ocrx_word' id='word_1_503' title='bbox 2794 4012 2983 4064; x_wconf 68' lang='grc' dir='ltr'>ἑαυτὸν</span> <span class='ocrx_word' id='word_1_504' title='bbox 3001 4013 3059 4064; x_wconf 84' lang='grc' dir='ltr'>ὲν</span> <span class='ocrx_word' id='word_1_505' title='bbox 3089 4013 3209 4075; x_wconf 85' lang='grc' dir='ltr'>ταῖς</span> <span class='ocrx_word' id='word_1_506' title='bbox 3233 4011 3526 4083; x_wconf 70' lang='grc' dir='ltr'>ἐργασίαις</span> <span class='ocrx_word' id='word_1_507' title='bbox 3550 4008 3636 4063; x_wconf 85' lang='grc' dir='ltr'><strong>τοῦ</strong></span> <span class='ocrx_word' id='word_1_508' title='bbox 3661 4009 3762 4074; x_wconf 78' lang='grc' dir='ltr'>ἀγα·</span> 
     </span>
    </p>
   </div>
   <div class='ocr_carea' id='block_1_78' title="bbox 529 4087 2118 4156">
    <p class='ocr_par' dir='ltr' id='par_1_78' title="bbox 529 4087 952 4142">
     <span class='ocr_line' id='line_1_78' title="bbox 529 4087 952 4142; baseline 0.007 -2"><span class='ocrx_word' id='word_1_509' title='bbox 529 4090 680 4141; x_wconf 91' lang='lat' dir='ltr'><strong>tioue</strong></span> <span class='ocrx_word' id='word_1_510' title='bbox 709 4087 952 4142; x_wconf 87' lang='lat' dir='ltr'><strong>virtutis.</strong></span> 
     </span>
    </p>
   </div>
   <div class='ocr_carea' id='block_1_79' title="bbox 2226 4087 2381 4156">
    <p class='ocr_par' dir='ltr' id='par_1_79' title="bbox 2226 4102 2381 4156">
     <span class='ocr_line' id='line_1_79' title="bbox 2226 4102 2381 4156; baseline 0 0"><span class='ocrx_word' id='word_1_511' title='bbox 2226 4102 2381 4156; x_wconf 86' lang='grc' dir='ltr'>θοῦ.·</span> 
     </span>
    </p>
   </div>
   <div class='ocr_carea' id='block_1_80' title="bbox 600 4177 2118 4266">
    <p class='ocr_par' dir='ltr' id='par_1_80' title="bbox 600 4177 2118 4236">
     <span class='ocr_line' id='line_1_80' title="bbox 600 4177 2118 4236; baseline 0.003 -5"><span class='ocrx_word' id='word_1_512' title='bbox 600 4177 794 4232; x_wconf 75' lang='lat' dir='ltr'><strong>Manus</strong></span> <span class='ocrx_word' id='word_1_513' title='bbox 816 4190 991 4232; x_wconf 86' lang='lat' dir='ltr'><strong>autem</strong></span> <span class='ocrx_word' id='word_1_514' title='bbox 1027 4183 1262 4234; x_wconf 79' lang='lat' dir='ltr'><strong>virorum</strong></span> <span class='ocrx_word' id='word_1_515' title='bbox 1283 4178 1336 4233; x_wconf 86' lang='lat' dir='ltr'><strong>in</strong></span> <span class='ocrx_word' id='word_1_516' title='bbox 1363 4180 1672 4236; x_wconf 82' lang='lat' dir='ltr'><strong>sedulitate.</strong></span> <span class='ocrx_word' id='word_1_517' title='bbox 1702 4181 1906 4236; x_wconf 67' lang='lat' dir='ltr'><strong>Activae</strong></span> <span class='ocrx_word' id='word_1_518' title='bbox 1935 4191 2118 4236; x_wconf 90' lang='lat' dir='ltr'><strong>autem</strong></span> 
     </span>
    </p>
   </div>
   <div class='ocr_carea' id='block_1_81' title="bbox 2226 4177 3760 4266">
    <p class='ocr_par' dir='ltr' id='par_1_81' title="bbox 2293 4194 3760 4266">
     <span class='ocr_line' id='line_1_81' title="bbox 2293 4194 3760 4266; baseline -0.005 -17"><span class='ocrx_word' id='word_1_519' title='bbox 2293 4197 2498 4264; x_wconf 80' lang='grc' dir='ltr'>Χεῖρες</span> <span class='ocrx_word' id='word_1_520' title='bbox 2525 4194 2595 4249; x_wconf 76' lang='grc' dir='ltr'><strong>δὲ</strong></span> <span class='ocrx_word' id='word_1_521' title='bbox 2634 4195 2873 4264; x_wconf 79' lang='grc' dir='ltr'>ἀνδρῶν</span> <span class='ocrx_word' id='word_1_522' title='bbox 2919 4196 2990 4249; x_wconf 78' lang='grc' dir='ltr'><strong>ἐν</strong></span> <span class='ocrx_word' id='word_1_523' title='bbox 3037 4196 3368 4266; x_wconf 77' lang='grc' dir='ltr'>ἐπιμελείᾳ.</span> <span class='ocrx_word' id='word_1_524' title='bbox 3403 4197 3472 4251; x_wconf 77' lang='lat' dir='ltr'><strong>Al</strong></span> <span class='ocrx_word' id='word_1_525' title='bbox 3493 4196 3549 4250; x_wconf 82' lang='grc' dir='ltr'><strong>δὲ</strong></span> <span class='ocrx_word' id='word_1_526' title='bbox 3581 4207 3760 4266; x_wconf 81' lang='grc' dir='ltr'>πρακτι-</span> 
     </span>
    </p>
   </div>
   <div class='ocr_carea' id='block_1_82' title="bbox 531 4266 2118 4360">
    <p class='ocr_par' dir='ltr' id='par_1_82' title="bbox 531 4266 2118 4339">
     <span class='ocr_line' id='line_1_82' title="bbox 531 4266 2118 4339; baseline 0.006 -19"><span class='ocrx_word' id='word_1_527' title='bbox 531 4266 825 4323; x_wconf 69' lang='grc' dir='ltr'>ίςιρυιιίιιεε</span> <span class='ocrx_word' id='word_1_528' title='bbox 854 4271 1052 4324; x_wconf 85' lang='lat' dir='ltr'><strong>horum</strong></span> <span class='ocrx_word' id='word_1_529' title='bbox 1085 4271 1179 4339; x_wconf 87' lang='lat' dir='ltr'><strong>qui</strong></span> <span class='ocrx_word' id='word_1_530' title='bbox 1224 4271 1466 4326; x_wconf 87' lang='lat' dir='ltr'><strong>viriliter</strong></span> <span class='ocrx_word' id='word_1_531' title='bbox 1497 4273 1767 4328; x_wconf 89' lang='lat' dir='ltr'><strong>resistunt</strong></span> <span class='ocrx_word' id='word_1_532' title='bbox 1795 4275 2118 4330; x_wconf 81' lang='lat' dir='ltr'><strong>voluntariis</strong></span> 
     </span>
    </p>
   </div>
   <div class='ocr_carea' id='block_1_83' title="bbox 2226 4266 3757 4360">
    <p class='ocr_par' dir='ltr' id='par_1_83' title="bbox 2226 4285 3757 4360">
     <span class='ocr_line' id='line_1_83' title="bbox 2226 4285 3757 4360; baseline 0.003 -22"><span class='ocrx_word' id='word_1_533' title='bbox 2226 4286 2316 4339; x_wconf 75' lang='grc' dir='ltr'><strong>καὶ</strong></span> <span class='ocrx_word' id='word_1_534' title='bbox 2368 4286 2652 4358; x_wconf 75' lang='grc' dir='ltr'>δυνάμεις,</span> <span class='ocrx_word' id='word_1_535' title='bbox 2679 4287 2788 4342; x_wconf 72' lang='grc' dir='ltr'><strong>⁶τῶν</strong></span> <span class='ocrx_word' id='word_1_536' title='bbox 2816 4287 3081 4355; x_wconf 85' lang='grc' dir='ltr'>γενναίως</span> <span class='ocrx_word' id='word_1_537' title='bbox 3125 4289 3542 4360; x_wconf 79' lang='grc' dir='ltr'>ἀνθισταμένων</span> <span class='ocrx_word' id='word_1_538' title='bbox 3567 4289 3654 4360; x_wconf 77' lang='grc' dir='ltr'>μὲν</span> <span class='ocrx_word' id='word_1_539' title='bbox 3670 4285 3757 4342; x_wconf 82' lang='grc' dir='ltr'>τοῖς</span> 
     </span>
    </p>
   </div>
   <div class='ocr_carea' id='block_1_84' title="bbox 531 4363 2118 4452">
    <p class='ocr_par' dir='ltr' id='par_1_84' title="bbox 531 4363 2116 4433">
     <span class='ocr_line' id='line_1_84' title="bbox 531 4363 2116 4433; baseline 0.006 -19"><span class='ocrx_word' id='word_1_540' title='bbox 531 4363 696 4415; x_wconf 85' lang='lat' dir='ltr'><strong>animi</strong></span> <span class='ocrx_word' id='word_1_541' title='bbox 722 4365 1095 4433; x_wconf 83' lang='lat' dir='ltr'><strong>passionibus,</strong></span> <span class='ocrx_word' id='word_1_542' title='bbox 1117 4364 1386 4419; x_wconf 78' lang='lat' dir='ltr'><strong>salierunt</strong></span> <span class='ocrx_word' id='word_1_543' title='bbox 1411 4374 1591 4421; x_wconf 89' lang='lat' dir='ltr'><strong>autem</strong></span> <span class='ocrx_word' id='word_1_544' title='bbox 1620 4366 2039 4425; x_wconf 88' lang='lat' dir='ltr'><strong>involuntarias.</strong></span> <span class='ocrx_word' id='word_1_545' title='bbox 2062 4369 2116 4423; x_wconf 93' lang='lat' dir='ltr'><strong>ln</strong></span> 
     </span>
    </p>
   </div>
   <div class='ocr_carea' id='block_1_85' title="bbox 2226 4363 3757 4452">
    <p class='ocr_par' dir='ltr' id='par_1_85' title="bbox 2226 4377 3757 4452">
     <span class='ocr_line' id='line_1_85' title="bbox 2226 4377 3757 4452; baseline -0.002 -20"><span class='ocrx_word' id='word_1_546' title='bbox 2226 4378 2487 4442; x_wconf 75' lang='grc' dir='ltr'>ἑκουσίοις</span> <span class='ocrx_word' id='word_1_547' title='bbox 2514 4380 2766 4441; x_wconf 77' lang='grc' dir='ltr'>πάθεσιν.</span> <span class='ocrx_word' id='word_1_548' title='bbox 2821 4380 3206 4452; x_wconf 78' lang='grc' dir='ltr'>ὑπομενόντων</span> <span class='ocrx_word' id='word_1_549' title='bbox 3235 4382 3294 4436; x_wconf 81' lang='grc' dir='ltr'><strong>δὲ</strong></span> <span class='ocrx_word' id='word_1_550' title='bbox 3323 4384 3392 4438; x_wconf 81' lang='grc' dir='ltr'>τὰ</span> <span class='ocrx_word' id='word_1_551' title='bbox 3421 4383 3658 4438; x_wconf 80' lang='grc' dir='ltr'>ἀκούσια.</span> <span class='ocrx_word' id='word_1_552' title='bbox 3691 4377 3757 4429; x_wconf 75' lang='grc' dir='ltr'>Ἐν</span> 
     </span>
    </p>
   </div>
   <div class='ocr_carea' id='block_1_86' title="bbox 529 4455 2118 4544">
    <p class='ocr_par' dir='ltr' id='par_1_86' title="bbox 529 4455 2116 4527">
     <span class='ocr_line' id='line_1_86' title="bbox 529 4455 2116 4527; baseline 0.006 -22"><span class='ocrx_word' id='word_1_553' title='bbox 529 4455 677 4506; x_wconf 91' lang='lat' dir='ltr'><strong>omni</strong></span> <span class='ocrx_word' id='word_1_554' title='bbox 721 4455 916 4510; x_wconf 81' lang='lat' dir='ltr'><strong>ardore</strong></span> <span class='ocrx_word' id='word_1_555' title='bbox 950 4457 1238 4527; x_wconf 87' lang='lat' dir='ltr'><strong>perliciuul</strong></span> <span class='ocrx_word' id='word_1_556' title='bbox 1273 4458 1500 4526; x_wconf 88' lang='lat' dir='ltr'><strong>bonum,</strong></span> <span class='ocrx_word' id='word_1_557' title='bbox 1543 4459 1614 4512; x_wconf 90' lang='lat' dir='ltr'><strong>ita</strong></span> <span class='ocrx_word' id='word_1_558' title='bbox 1649 4469 1707 4514; x_wconf 91' lang='lat' dir='ltr'><strong>ut</strong></span> <span class='ocrx_word' id='word_1_559' title='bbox 1739 4461 1966 4515; x_wconf 81' lang='lat' dir='ltr'><strong>omnino</strong></span> <span class='ocrx_word' id='word_1_560' title='bbox 1999 4476 2116 4515; x_wconf 81' lang='lat' dir='ltr'><strong>ma-</strong></span> 
     </span>
    </p>
   </div>
   <div class='ocr_carea' id='block_1_87' title="bbox 2226 4455 3753 4544">
    <p class='ocr_par' dir='ltr' id='par_1_87' title="bbox 2226 4468 3753 4544">
     <span class='ocr_line' id='line_1_87' title="bbox 2226 4468 3753 4544; baseline 0 -22"><span class='ocrx_word' id='word_1_561' title='bbox 2226 4473 2374 4544; x_wconf 79' lang='grc' dir='ltr'>πάσῃ</span> <span class='ocrx_word' id='word_1_562' title='bbox 2404 4473 2612 4543; x_wconf 83' lang='grc' dir='ltr'>σπουδῇ</span> <span class='ocrx_word' id='word_1_563' title='bbox 2645 4471 2976 4542; x_wconf 77' lang='grc' dir='ltr'>ἐργάζονται</span> <span class='ocrx_word' id='word_1_564' title='bbox 3002 4473 3066 4527; x_wconf 83' lang='grc' dir='ltr'><strong>τὸ</strong></span> <span class='ocrx_word' id='word_1_565' title='bbox 3091 4473 3321 4540; x_wconf 85' lang='grc' dir='ltr'>ἀγαθὸν,</span> <span class='ocrx_word' id='word_1_566' title='bbox 3351 4474 3494 4529; x_wconf 84' lang='grc' dir='ltr'>ὥστε</span> <span class='ocrx_word' id='word_1_567' title='bbox 3522 4468 3753 4529; x_wconf 81' lang='grc' dir='ltr'>παντελῶς</span> 
     </span>
    </p>
   </div>
   <div class='ocr_carea' id='block_1_88' title="bbox 529 4543 958 4618">
    <p class='ocr_par' dir='ltr' id='par_1_88' title="bbox 529 4543 958 4618">
     <span class='ocr_line' id='line_1_88' title="bbox 529 4543 958 4618; baseline 0.009 -20"><span class='ocrx_word' id='word_1_568' title='bbox 529 4543 640 4598; x_wconf 88' lang='lat' dir='ltr'><strong>lum</strong></span> <span class='ocrx_word' id='word_1_569' title='bbox 674 4546 958 4618; x_wconf 75' lang='lat' dir='ltr'><strong>ell‘ugiant.</strong></span> 
     </span>
    </p>
   </div>
   <div class='ocr_carea' id='block_1_89' title="bbox 601 4635 2118 4713">
    <p class='ocr_par' dir='ltr' id='par_1_89' title="bbox 601 4635 2118 4713">
     <span class='ocr_line' id='line_1_89' title="bbox 601 4635 2118 4713; baseline 0.009 -26"><span class='ocrx_word' id='word_1_570' title='bbox 601 4635 766 4693; x_wconf 72' lang='lat' dir='ltr'><strong>Vens.</strong></span> <span class='ocrx_word' id='word_1_571' title='bbox 823 4639 876 4693; x_wconf 86' lang='lat'><strong>5.</strong></span> <span class='ocrx_word' id='word_1_572' title='bbox 933 4638 1158 4694; x_wconf 86' lang='lat' dir='ltr'><strong>Verbum</strong></span> <span class='ocrx_word' id='word_1_573' title='bbox 1200 4642 1440 4713; x_wconf 86' lang='lat' dir='ltr'><strong>iniquum</strong></span> <span class='ocrx_word' id='word_1_574' title='bbox 1468 4641 1649 4712; x_wconf 88' lang='lat' dir='ltr'><strong>justus</strong></span> <span class='ocrx_word' id='word_1_575' title='bbox 1693 4643 2006 4698; x_wconf 85' lang='lat' dir='ltr'><strong>detestatur.</strong></span> <span class='ocrx_word' id='word_1_576' title='bbox 2031 4645 2118 4700; x_wconf 81' lang='lat' dir='ltr'><strong>Ab</strong></span> 
     </span>
    </p>
   </div>
   <div class='ocr_carea' id='block_1_90' title="bbox 524 4733 2115 4806">
    <p class='ocr_par' dir='ltr' id='par_1_90' title="bbox 524 4733 2115 4806">
     <span class='ocr_line' id='line_1_90' title="bbox 524 4733 2115 4806; baseline 0.001 -18"><span class='ocrx_word' id='word_1_577' title='bbox 524 4733 673 4789; x_wconf 92' lang='lat' dir='ltr'><strong>omni</strong></span> <span class='ocrx_word' id='word_1_578' title='bbox 712 4733 986 4786; x_wconf 86' lang='lat' dir='ltr'><strong>sententia</strong></span> <span class='ocrx_word' id='word_1_579' title='bbox 1025 4733 1217 4803; x_wconf 87' lang='lat' dir='ltr'><strong>iniqua</strong></span> <span class='ocrx_word' id='word_1_580' title='bbox 1253 4736 1511 4791; x_wconf 87' lang='lat' dir='ltr'><strong>abhorret</strong></span> <span class='ocrx_word' id='word_1_581' title='bbox 1540 4737 1632 4806; x_wconf 90' lang='lat' dir='ltr'><strong>qui</strong></span> <span class='ocrx_word' id='word_1_582' title='bbox 1657 4737 1916 4793; x_wconf 84' lang='lat' dir='ltr'><strong>observat</strong></span> <span class='ocrx_word' id='word_1_583' title='bbox 1943 4739 2115 4806; x_wconf 83' lang='lat' dir='ltr'><strong>legem</strong></span> 
     </span>
    </p>
   </div>
   <div class='ocr_carea' id='block_1_91' title="bbox 522 4821 2118 4896">
    <p class='ocr_par' dir='ltr' id='par_1_91' title="bbox 522 4821 2118 4896">
     <span class='ocr_line' id='line_1_91' title="bbox 522 4821 2118 4896; baseline 0.001 -20"><span class='ocrx_word' id='word_1_584' title='bbox 522 4821 620 4876; x_wconf 80' lang='lat' dir='ltr'><strong>Dei</strong></span> <span class='ocrx_word' id='word_1_585' title='bbox 659 4821 1070 4884; x_wconf 78' lang='lat' dir='ltr'><strong>mandatorum,</strong></span> <span class='ocrx_word' id='word_1_586' title='bbox 1112 4823 1186 4875; x_wconf 86' lang='lat' dir='ltr'><strong>ita</strong></span> <span class='ocrx_word' id='word_1_587' title='bbox 1221 4831 1282 4876; x_wconf 91' lang='lat' dir='ltr'><strong>ut</strong></span> <span class='ocrx_word' id='word_1_588' title='bbox 1314 4839 1381 4878; x_wconf 91' lang='lat' dir='ltr'><strong>ne</strong></span> <span class='ocrx_word' id='word_1_589' title='bbox 1408 4827 1675 4881; x_wconf 79' lang='lat' dir='ltr'><strong>extremis</strong></span> <span class='ocrx_word' id='word_1_590' title='bbox 1706 4826 1924 4896; x_wconf 86' lang='lat' dir='ltr'><strong>quidem</strong></span> <span class='ocrx_word' id='word_1_591' title='bbox 1967 4828 2118 4882; x_wconf 84' lang='lat' dir='ltr'><strong>auri-</strong></span> 
     </span>
    </p>
   </div>
   <div class='ocr_carea' id='block_1_92' title="bbox 521 4912 1331 4970">
    <p class='ocr_par' dir='ltr' id='par_1_92' title="bbox 521 4912 1331 4970">
     <span class='ocr_line' id='line_1_92' title="bbox 521 4912 1331 4970; baseline 0.001 -1"><span class='ocrx_word' id='word_1_592' title='bbox 521 4913 626 4969; x_wconf 86' lang='lat' dir='ltr'><strong>bus</strong></span> <span class='ocrx_word' id='word_1_593' title='bbox 657 4912 789 4966; x_wconf 85' lang='lat' dir='ltr'><strong>velit</strong></span> <span class='ocrx_word' id='word_1_594' title='bbox 830 4913 980 4966; x_wconf 90' lang='lat' dir='ltr'><strong>illam</strong></span> <span class='ocrx_word' id='word_1_595' title='bbox 1016 4912 1331 4970; x_wconf 84' lang='lat' dir='ltr'><strong>admittere.</strong></span> 
     </span>
    </p>
   </div>
   <div class='ocr_carea' id='block_1_93' title="bbox 588 5005 2112 5084">
    <p class='ocr_par' dir='ltr' id='par_1_93' title="bbox 588 5005 2112 5084">
     <span class='ocr_line' id='line_1_93' title="bbox 588 5005 2112 5084; baseline 0.005 -23"><span class='ocrx_word' id='word_1_596' title='bbox 588 5005 792 5076; x_wconf 85' lang='lat' dir='ltr'><strong>]mpius</strong></span> <span class='ocrx_word' id='word_1_597' title='bbox 847 5015 1023 5059; x_wconf 90' lang='lat' dir='ltr'><strong>autem</strong></span> <span class='ocrx_word' id='word_1_598' title='bbox 1057 5005 1338 5073; x_wconf 82' lang='lat' dir='ltr'><strong>erubescit,</strong></span> <span class='ocrx_word' id='word_1_599' title='bbox 1366 5016 1416 5063; x_wconf 86' lang='lat' dir='ltr'><strong>et</strong></span> <span class='ocrx_word' id='word_1_600' title='bbox 1464 5026 1565 5064; x_wconf 87' lang='lat' dir='ltr'><strong>non</strong></span> <span class='ocrx_word' id='word_1_601' title='bbox 1605 5011 1812 5066; x_wconf 82' lang='lat' dir='ltr'><strong>habebit</strong></span> <span class='ocrx_word' id='word_1_602' title='bbox 1858 5015 2112 5084; x_wconf 80' lang='lat' dir='ltr'><strong>ﬁduciam</strong></span> 
     </span>
    </p>
   </div>
   <div class='ocr_carea' id='block_1_94' title="bbox 518 5096 2112 5176">
    <p class='ocr_par' dir='ltr' id='par_1_94' title="bbox 518 5096 2112 5176">
     <span class='ocr_line' id='line_1_94' title="bbox 518 5096 2112 5176; baseline 0.007 -27"><span class='ocrx_word' id='word_1_603' title='bbox 518 5096 786 5167; x_wconf 83' lang='lat' dir='ltr'><strong>loquendi.</strong></span> <span class='ocrx_word' id='word_1_604' title='bbox 831 5096 935 5164; x_wconf 85' lang='lat' dir='ltr'><strong>Qui</strong></span> <span class='ocrx_word' id='word_1_605' title='bbox 974 5109 1156 5154; x_wconf 88' lang='lat' dir='ltr'><strong>autem</strong></span> <span class='ocrx_word' id='word_1_606' title='bbox 1192 5099 1361 5156; x_wconf 85' lang='lat' dir='ltr'><strong>Deum</strong></span> <span class='ocrx_word' id='word_1_607' title='bbox 1411 5117 1522 5156; x_wconf 89' lang='lat' dir='ltr'><strong>non</strong></span> <span class='ocrx_word' id='word_1_608' title='bbox 1581 5102 1835 5172; x_wconf 80' lang='lat' dir='ltr'><strong>honorat,</strong></span> <span class='ocrx_word' id='word_1_609' title='bbox 1889 5107 2112 5176; x_wconf 90' lang='lat' dir='ltr'><strong>quando</strong></span> 
     </span>
    </p>
   </div>
   <div class='ocr_carea' id='block_1_95' title="bbox 519 5191 2110 5268">
    <p class='ocr_par' dir='ltr' id='par_1_95' title="bbox 519 5191 2110 5268">
     <span class='ocr_line' id='line_1_95' title="bbox 519 5191 2110 5268; baseline 0.007 -25"><span class='ocrx_word' id='word_1_610' title='bbox 519 5191 742 5260; x_wconf 66' lang='lat' dir='ltr'><strong>praafuta</strong></span> <span class='ocrx_word' id='word_1_611' title='bbox 803 5191 1099 5260; x_wconf 78' lang='lat' dir='ltr'><strong>exponitur</strong></span> <span class='ocrx_word' id='word_1_612' title='bbox 1145 5195 1417 5248; x_wconf 85' lang='lat' dir='ltr'><strong>sententia</strong></span> <span class='ocrx_word' id='word_1_613' title='bbox 1483 5211 1671 5250; x_wconf 88' lang='lat' dir='ltr'><strong>coram</strong></span> <span class='ocrx_word' id='word_1_614' title='bbox 1723 5211 1792 5251; x_wconf 89' lang='lat' dir='ltr'><strong>eo</strong></span> <span class='ocrx_word' id='word_1_615' title='bbox 1821 5199 1914 5268; x_wconf 91' lang='lat' dir='ltr'><strong>qui</strong></span> <span class='ocrx_word' id='word_1_616' title='bbox 1968 5200 2110 5254; x_wconf 81' lang='lat' dir='ltr'><strong>hanc</strong></span> 
     </span>
    </p>
   </div>
   <div class='ocr_carea' id='block_1_96' title="bbox 519 5283 2108 5355">
    <p class='ocr_par' dir='ltr' id='par_1_96' title="bbox 519 5283 2108 5355">
     <span class='ocr_line' id='line_1_96' title="bbox 519 5283 2108 5355; baseline 0.008 -20"><span class='ocrx_word' id='word_1_617' title='bbox 519 5297 628 5336; x_wconf 89' lang='lat' dir='ltr'><strong>non</strong></span> <span class='ocrx_word' id='word_1_618' title='bbox 689 5283 950 5350; x_wconf 86' lang='lat' dir='ltr'><strong>admittit,</strong></span> <span class='ocrx_word' id='word_1_619' title='bbox 988 5284 1196 5355; x_wconf 90' lang='lat' dir='ltr'><strong>pudore</strong></span> <span class='ocrx_word' id='word_1_620' title='bbox 1257 5285 1598 5342; x_wconf 82' lang='lat' dir='ltr'><strong>sull‘unditur</strong></span> <span class='ocrx_word' id='word_1_621' title='bbox 1650 5303 1752 5343; x_wconf 89' lang='lat' dir='ltr'><strong>nec</strong></span> <span class='ocrx_word' id='word_1_622' title='bbox 1803 5303 1900 5345; x_wconf 88' lang='lat' dir='ltr'><strong>ore</strong></span> <span class='ocrx_word' id='word_1_623' title='bbox 1933 5291 2108 5348; x_wconf 74' lang='lat' dir='ltr'><strong>libero</strong></span> 
     </span>
    </p>
   </div>
   <div class='ocr_carea' id='block_1_97' title="bbox 518 5375 1463 5446">
    <p class='ocr_par' dir='ltr' id='par_1_97' title="bbox 518 5375 1463 5446">
     <span class='ocr_line' id='line_1_97' title="bbox 518 5375 1463 5446; baseline 0.004 -16"><span class='ocrx_word' id='word_1_624' title='bbox 518 5375 717 5430; x_wconf 87' lang='lat' dir='ltr'><strong>similia</strong></span> <span class='ocrx_word' id='word_1_625' title='bbox 748 5377 998 5446; x_wconf 87' lang='lat' dir='ltr'><strong>prolerre</strong></span> <span class='ocrx_word' id='word_1_626' title='bbox 1032 5379 1175 5434; x_wconf 88' lang='lat' dir='ltr'><strong>valet</strong></span> <span class='ocrx_word' id='word_1_627' title='bbox 1211 5397 1224 5433; x_wconf 89' lang='lat'><strong>:</strong></span> <span class='ocrx_word' id='word_1_628' title='bbox 1260 5380 1463 5436; x_wconf 89' lang='lat' dir='ltr'><strong>etenim</strong></span> 
     </span>
    </p>
   </div>
   <div class='ocr_carea' id='block_1_98' title="bbox 589 5559 2094 5625">
    <p class='ocr_par' dir='ltr' id='par_1_98' title="bbox 589 5559 2094 5625">
     <span class='ocr_line' id='line_1_98' title="bbox 589 5559 2094 5625; baseline 0.007 -11"><span class='ocrx_word' id='word_1_629' title='bbox 589 5559 754 5617; x_wconf 68' lang='lat' dir='ltr'><strong>Vsus.</strong></span> <span class='ocrx_word' id='word_1_630' title='bbox 777 5563 830 5618; x_wconf 90' lang='lat'><strong>6.</strong></span> <span class='ocrx_word' id='word_1_631' title='bbox 867 5563 1101 5619; x_wconf 71' lang='lat' dir='ltr'><strong>Iustitia</strong></span> <span class='ocrx_word' id='word_1_632' title='bbox 1123 5566 1353 5621; x_wconf 88' lang='lat' dir='ltr'><strong>custodit</strong></span> <span class='ocrx_word' id='word_1_633' title='bbox 1382 5568 1706 5624; x_wconf 84' lang='lat' dir='ltr'><strong>innocentes.</strong></span> <span class='ocrx_word' id='word_1_634' title='bbox 1732 5570 2094 5625; x_wconf 79' lang='lat' dir='ltr'><strong>Observantia</strong></span> 
     </span>
    </p>
   </div>
   <div class='ocr_carea' id='block_1_99' title="bbox 518 5651 2100 5735">
    <p class='ocr_par' dir='ltr' id='par_1_99' title="bbox 518 5651 2100 5735">
     <span class='ocr_line' id='line_1_99' title="bbox 518 5651 2100 5735; baseline 0.012 -33"><span class='ocrx_word' id='word_1_635' title='bbox 518 5651 610 5703; x_wconf 81' lang='lat' dir='ltr'><strong>Dei</strong></span> <span class='ocrx_word' id='word_1_636' title='bbox 655 5655 1038 5712; x_wconf 78' lang='lat' dir='ltr'><strong>mandatorum</strong></span> <span class='ocrx_word' id='word_1_637' title='bbox 1082 5673 1374 5716; x_wconf 86' lang='lat' dir='ltr'><strong>conservat</strong></span> <span class='ocrx_word' id='word_1_638' title='bbox 1427 5662 1481 5717; x_wconf 90' lang='lat' dir='ltr'><strong>in</strong></span> <span class='ocrx_word' id='word_1_639' title='bbox 1529 5661 1674 5718; x_wconf 86' lang='lat' dir='ltr'><strong>bono</strong></span> <span class='ocrx_word' id='word_1_640' title='bbox 1709 5675 1994 5735; x_wconf 75' lang='lat' dir='ltr'><strong>esetnptos</strong></span> <span class='ocrx_word' id='word_1_641' title='bbox 2031 5667 2100 5721; x_wconf 86' lang='lat' dir='ltr'><strong>ab</strong></span> 
     </span>
    </p>
   </div>
   <div class='ocr_carea' id='block_1_100' title="bbox 521 5744 1036 5802">
    <p class='ocr_par' dir='ltr' id='par_1_100' title="bbox 521 5744 1036 5802">
     <span class='ocr_line' id='line_1_100' title="bbox 521 5744 1036 5802; baseline 0.016 -6"><span class='ocrx_word' id='word_1_642' title='bbox 521 5744 666 5796; x_wconf 64' lang='lat' dir='ltr'><strong>anz-ui</strong></span> <span class='ocrx_word' id='word_1_643' title='bbox 705 5747 936 5802; x_wconf 76' lang='lat' dir='ltr'><strong>malitia.</strong></span> <span class='ocrx_word' id='word_1_644' title='bbox 1031 5779 1036 5785; x_wconf 94' lang='lat'><strong><em>-</em></strong></span> 
     </span>
    </p>
   </div>
   <div class='ocr_carea' id='block_1_101' title="bbox 304 5933 654 6125">
    <p class='ocr_par' dir='ltr' id='par_1_101' title="bbox 641 6081 654 6104">
     <span class='ocr_line' id='line_1_101' title="bbox 641 6081 654 6104; baseline 0 -10"><span class='ocrx_word' id='word_1_645' title='bbox 641 6081 654 6104; x_wconf 39' lang='grc' dir='ltr'>ς</span> 
     </span>
    </p>
   </div>
   <div class='ocr_carea' id='block_1_102' title="bbox 2221 4565 2773 4633">
    <p class='ocr_par' dir='ltr' id='par_1_102' title="bbox 2221 4565 2773 4633">
     <span class='ocr_line' id='line_1_102' title="bbox 2221 4565 2773 4633; baseline 0.002 -15"><span class='ocrx_word' id='word_1_646' title='bbox 2221 4567 2479 4633; x_wconf 69' lang='grc' dir='ltr'>ἐκφυγεῖν</span> <span class='ocrx_word' id='word_1_647' title='bbox 2503 4565 2563 4618; x_wconf 80' lang='grc' dir='ltr'><strong>τὸ</strong></span> <span class='ocrx_word' id='word_1_648' title='bbox 2583 4565 2773 4620; x_wconf 85' lang='grc' dir='ltr'>κακόν.</span> 
     </span>
    </p>
   </div>
   <div class='ocr_carea' id='block_1_103' title="bbox 2289 4655 3749 4730">
    <p class='ocr_par' dir='ltr' id='par_1_103' title="bbox 2289 4655 3749 4730">
     <span class='ocr_line' id='line_1_103' title="bbox 2289 4655 3749 4730; baseline -0.003 -22"><span class='ocrx_word' id='word_1_649' title='bbox 2289 4663 2351 4710; x_wconf 82' lang='grc' dir='ltr'><strong>ε’.</strong></span> <span class='ocrx_word' id='word_1_650' title='bbox 2375 4659 2570 4726; x_wconf 82' lang='grc' dir='ltr'>Λόγον</span> <span class='ocrx_word' id='word_1_651' title='bbox 2594 4657 2806 4712; x_wconf 75' lang='grc' dir='ltr'>ἄδικον</span> <span class='ocrx_word' id='word_1_652' title='bbox 2827 4658 3000 4728; x_wconf 84' lang='grc' dir='ltr'>μισεῖ</span> <span class='ocrx_word' id='word_1_653' title='bbox 3030 4658 3282 4726; x_wconf 83' lang='grc' dir='ltr'>δίκαιος.</span> <span class='ocrx_word' id='word_1_654' title='bbox 3337 4660 3450 4714; x_wconf 74' lang='grc' dir='ltr'><strong>Καὶ</strong></span> <span class='ocrx_word' id='word_1_655' title='bbox 3479 4655 3749 4730; x_wconf 81' lang='grc' dir='ltr'>παραίνεσιν</span> 
     </span>
    </p>
   </div>
   <div class='ocr_carea' id='block_1_104' title="bbox 2165 4744 3748 4825">
    <p class='ocr_par' dir='ltr' id='par_1_104' title="bbox 2165 4744 3748 4825">
     <span class='ocr_line' id='line_1_104' title="bbox 2165 4744 3748 4825; baseline -0.002 -23"><span class='ocrx_word' id='word_1_656' title='bbox 2165 4809 2184 4816; x_wconf 42' lang='grc'><strong>,</strong></span> <span class='ocrx_word' id='word_1_657' title='bbox 2221 4748 2319 4818; x_wconf 71' lang='grc' dir='ltr'>μὲν</span> <span class='ocrx_word' id='word_1_658' title='bbox 2353 4749 2668 4821; x_wconf 82' lang='grc' dir='ltr'>παράνομον</span> <span class='ocrx_word' id='word_1_659' title='bbox 2701 4752 3154 4825; x_wconf 80' lang='grc' dir='ltr'>ἁποστρέφεταιὸ</span> <span class='ocrx_word' id='word_1_660' title='bbox 3174 4753 3359 4824; x_wconf 84' lang='grc' dir='ltr'>τηρῶν</span> <span class='ocrx_word' id='word_1_661' title='bbox 3391 4753 3484 4808; x_wconf 77' lang='grc' dir='ltr'><strong>τὸν</strong></span> <span class='ocrx_word' id='word_1_662' title='bbox 3511 4744 3748 4822; x_wconf 79' lang='grc' dir='ltr'>νόμοντῶν</span> 
     </span>
    </p>
   </div>
   <div class='ocr_carea' id='block_1_105' title="bbox 2215 4838 3746 4916">
    <p class='ocr_par' dir='ltr' id='par_1_105' title="bbox 2215 4838 3746 4916">
     <span class='ocr_line' id='line_1_105' title="bbox 2215 4838 3746 4916; baseline 0.003 -24"><span class='ocrx_word' id='word_1_663' title='bbox 2215 4840 2308 4892; x_wconf 88' lang='grc' dir='ltr'><strong>τοῦ</strong></span> <span class='ocrx_word' id='word_1_664' title='bbox 2339 4840 2474 4894; x_wconf 83' lang='grc' dir='ltr'>Θεοῦ</span> <span class='ocrx_word' id='word_1_665' title='bbox 2522 4843 2774 4910; x_wconf 79' lang='grc' dir='ltr'>ἐντολῶν,</span> <span class='ocrx_word' id='word_1_666' title='bbox 2806 4843 2881 4908; x_wconf 84' lang='grc' dir='ltr'>ὡς</span> <span class='ocrx_word' id='word_1_667' title='bbox 2925 4845 3048 4916; x_wconf 78' lang='grc' dir='ltr'><strong>μηδ’</strong></span> <span class='ocrx_word' id='word_1_668' title='bbox 3078 4845 3270 4916; x_wconf 82' lang='grc' dir='ltr'>ἄκροις</span> <span class='ocrx_word' id='word_1_669' title='bbox 3302 4845 3407 4899; x_wconf 74' lang='grc' dir='ltr'>ὠσὶ</span> <span class='ocrx_word' id='word_1_670' title='bbox 3435 4846 3597 4900; x_wconf 86' lang='grc' dir='ltr'>θέλων</span> <span class='ocrx_word' id='word_1_671' title='bbox 3616 4838 3746 4905; x_wconf 68' lang='grc' dir='ltr'>αὐτὴν</span> 
     </span>
    </p>
   </div>
   <div class='ocr_carea' id='block_1_106' title="bbox 2217 4919 2644 5003">
    <p class='ocr_par' dir='ltr' id='par_1_106' title="bbox 2217 4919 2644 5003">
     <span class='ocr_line' id='line_1_106' title="bbox 2217 4919 2644 5003; baseline 0.007 -18"><span class='ocrx_word' id='word_1_672' title='bbox 2217 4919 2644 5003; x_wconf 72' lang='grc' dir='ltr'>παραδέξασθαι.</span> 
     </span>
    </p>
   </div>
   <div class='ocr_carea' id='block_1_107' title="bbox 2299 5025 3744 5101">
    <p class='ocr_par' dir='ltr' id='par_1_107' title="bbox 2299 5025 3744 5101">
     <span class='ocr_line' id='line_1_107' title="bbox 2299 5025 3744 5101; baseline 0.001 -22"><span class='ocrx_word' id='word_1_673' title='bbox 2299 5025 2542 5092; x_wconf 77' lang='grc' dir='ltr'>Ἆσεόὴς</span> <span class='ocrx_word' id='word_1_674' title='bbox 2571 5025 2642 5079; x_wconf 81' lang='grc' dir='ltr'><strong>δὲ</strong></span> <span class='ocrx_word' id='word_1_675' title='bbox 2674 5028 3049 5097; x_wconf 73' lang='grc' dir='ltr'>αἰσχύνεται,</span> <span class='ocrx_word' id='word_1_676' title='bbox 3095 5031 3196 5084; x_wconf 79' lang='grc' dir='ltr'>καὶ</span> <span class='ocrx_word' id='word_1_677' title='bbox 3239 5033 3352 5101; x_wconf 81' lang='grc' dir='ltr'><strong>οὐχ</strong></span> <span class='ocrx_word' id='word_1_678' title='bbox 3402 5031 3524 5097; x_wconf 75' lang='grc' dir='ltr'><strong>ἕξει</strong></span> <span class='ocrx_word' id='word_1_679' title='bbox 3568 5025 3744 5094; x_wconf 73' lang='grc' dir='ltr'>πορῤη·</span> 
     </span>
    </p>
   </div>
   <div class='ocr_carea' id='block_1_108' title="bbox 2213 5117 3742 5196">
    <p class='ocr_par' dir='ltr' id='par_1_108' title="bbox 2213 5117 3742 5196">
     <span class='ocr_line' id='line_1_108' title="bbox 2213 5117 3742 5196; baseline 0.007 -25"><span class='ocrx_word' id='word_1_680' title='bbox 2213 5120 2378 5172; x_wconf 75' lang='lat' dir='ltr'><strong>alar.</strong></span> <span class='ocrx_word' id='word_1_681' title='bbox 2458 5119 2516 5174; x_wconf 90' lang='lat'><strong>&#39;0</strong></span> <span class='ocrx_word' id='word_1_682' title='bbox 2563 5119 2608 5172; x_wconf 76' lang='grc' dir='ltr'><strong>δ’</strong></span> <span class='ocrx_word' id='word_1_683' title='bbox 2661 5122 2720 5173; x_wconf 81' lang='grc' dir='ltr'>ὲν</span> <span class='ocrx_word' id='word_1_684' title='bbox 2774 5120 2854 5192; x_wconf 84' lang='grc' dir='ltr'>τῷ</span> <span class='ocrx_word' id='word_1_685' title='bbox 2911 5123 3293 5193; x_wconf 82' lang='grc' dir='ltr'>προτείνεσθαι</span> <span class='ocrx_word' id='word_1_686' title='bbox 3344 5123 3443 5196; x_wconf 82' lang='grc' dir='ltr'>τὴν</span> <span class='ocrx_word' id='word_1_687' title='bbox 3502 5117 3742 5194; x_wconf 72' lang='grc' dir='ltr'><strong>εἰρημένην</strong></span> 
     </span>
    </p>
   </div>
   <div class='ocr_carea' id='block_1_109' title="bbox 2213 5203 3739 5287">
    <p class='ocr_par' dir='ltr' id='par_1_109' title="bbox 2213 5203 3739 5287">
     <span class='ocr_line' id='line_1_109' title="bbox 2213 5203 3739 5287; baseline -0.004 -24"><span class='ocrx_word' id='word_1_688' title='bbox 2213 5209 2554 5281; x_wconf 73' lang='grc' dir='ltr'>παραίνεσιν,</span> <span class='ocrx_word' id='word_1_689' title='bbox 2578 5211 2713 5266; x_wconf 83' lang='grc' dir='ltr'>Θεὸν</span> <span class='ocrx_word' id='word_1_690' title='bbox 2745 5213 2821 5284; x_wconf 79' lang='grc' dir='ltr'><strong>μὴ</strong></span> <span class='ocrx_word' id='word_1_691' title='bbox 2849 5213 3046 5284; x_wconf 88' lang='grc' dir='ltr'>τιμῶν,</span> <span class='ocrx_word' id='word_1_692' title='bbox 3081 5215 3401 5287; x_wconf 76' lang='grc' dir='ltr'>αἰσχύνεται</span> <span class='ocrx_word' id='word_1_693' title='bbox 3437 5216 3526 5270; x_wconf 78' lang='grc' dir='ltr'>τὸν</span> <span class='ocrx_word' id='word_1_694' title='bbox 3549 5213 3614 5286; x_wconf 85' lang='grc' dir='ltr'>μὴ</span> <span class='ocrx_word' id='word_1_695' title='bbox 3641 5203 3739 5261; x_wconf 76' lang='grc' dir='ltr'><strong>ταὺ-</strong></span> 
     </span>
    </p>
   </div>
   <div class='ocr_carea' id='block_1_110' title="bbox 2209 5297 3742 5375">
    <p class='ocr_par' dir='ltr' id='par_1_110' title="bbox 2209 5297 3742 5375">
     <span class='ocr_line' id='line_1_110' title="bbox 2209 5297 3742 5375; baseline -0.008 -15"><span class='ocrx_word' id='word_1_696' title='bbox 2209 5319 2312 5371; x_wconf 75' lang='grc' dir='ltr'><strong>την</strong></span> <span class='ocrx_word' id='word_1_697' title='bbox 2335 5303 2810 5375; x_wconf 82' lang='grc' dir='ltr'>παραδεχόμενον,</span> <span class='ocrx_word' id='word_1_698' title='bbox 2841 5305 2936 5360; x_wconf 78' lang='grc' dir='ltr'><strong>καὶ</strong></span> <span class='ocrx_word' id='word_1_699' title='bbox 2958 5306 3058 5360; x_wconf 81' lang='grc' dir='ltr'>οὐκ</span> <span class='ocrx_word' id='word_1_700' title='bbox 3082 5307 3164 5361; x_wconf 77' lang='grc' dir='ltr'>ἔτι</span> <span class='ocrx_word' id='word_1_701' title='bbox 3197 5307 3425 5363; x_wconf 87' lang='grc' dir='ltr'>δύναται</span> <span class='ocrx_word' id='word_1_702' title='bbox 3450 5307 3656 5362; x_wconf 73' lang='grc' dir='ltr'>ἐνώπιον</span> <span class='ocrx_word' id='word_1_703' title='bbox 3670 5297 3742 5352; x_wconf 73' lang='grc' dir='ltr'><strong>αὖ·</strong></span> 
     </span>
    </p>
   </div>
   <div class='ocr_carea' id='block_1_111' title="bbox 2211 5390 3738 5474">
    <p class='ocr_par' dir='ltr' id='par_1_111' title="bbox 2211 5390 3738 5474">
     <span class='ocr_line' id='line_1_111' title="bbox 2211 5390 3738 5474; baseline 0.002 -29"><span class='ocrx_word' id='word_1_704' title='bbox 2211 5393 2304 5446; x_wconf 80' lang='grc' dir='ltr'><strong>τοῦ</strong></span> <span class='ocrx_word' id='word_1_705' title='bbox 2335 5396 2851 5468; x_wconf 76' lang='grc' dir='ltr'>παῤῥησιασθῆναι,</span> <span class='ocrx_word' id='word_1_706' title='bbox 2888 5399 2985 5454; x_wconf 74' lang='grc' dir='ltr'>καὶ</span> <span class='ocrx_word' id='word_1_707' title='bbox 3015 5401 3084 5454; x_wconf 83' lang='grc' dir='ltr'>τὰ</span> <span class='ocrx_word' id='word_1_708' title='bbox 3116 5403 3280 5472; x_wconf 80' lang='grc' dir='ltr'>ὅμοια</span> <span class='ocrx_word' id='word_1_709' title='bbox 3315 5402 3648 5474; x_wconf 76' lang='grc' dir='ltr'>φθέγξασθαι·</span> <span class='ocrx_word' id='word_1_710' title='bbox 3670 5390 3738 5448; x_wconf 73' lang='grc' dir='ltr'><strong>καὶ</strong></span> 
     </span>
    </p>
   </div>
   <div class='ocr_carea' id='block_1_112' title="bbox 2209 5486 2372 5558">
    <p class='ocr_par' dir='ltr' id='par_1_112' title="bbox 2209 5486 2372 5558">
     <span class='ocr_line' id='line_1_112' title="bbox 2209 5486 2372 5558; baseline 0.031 -5"><span class='ocrx_word' id='word_1_711' title='bbox 2209 5486 2320 5558; x_wconf 70' lang='grc' dir='ltr'><strong>γὰρ</strong></span> <span class='ocrx_word' id='word_1_712' title='bbox 2369 5507 2372 5511; x_wconf 71' lang='lat'><strong><em>&#39;</em></strong></span> 
     </span>
    </p>
   </div>
   <div class='ocr_carea' id='block_1_113' title="bbox 2281 5577 3734 5661">
    <p class='ocr_par' dir='ltr' id='par_1_113' title="bbox 2281 5577 3734 5661">
     <span class='ocr_line' id='line_1_113' title="bbox 2281 5577 3734 5661; baseline 0.01 -31"><span class='ocrx_word' id='word_1_713' title='bbox 2281 5577 2356 5642; x_wconf 83' lang='grc' dir='ltr'><strong>ς’.</strong></span> <span class='ocrx_word' id='word_1_714' title='bbox 2391 5582 2758 5649; x_wconf 76' lang='grc' dir='ltr'>Δικαιοσύνη</span> <span class='ocrx_word' id='word_1_715' title='bbox 2783 5582 3097 5652; x_wconf 73' lang='grc' dir='ltr'>φυλάσσει</span> <span class='ocrx_word' id='word_1_716' title='bbox 3117 5587 3405 5654; x_wconf 80' lang='grc' dir='ltr'>ἀκάκους.</span> <span class='ocrx_word' id='word_1_717' title='bbox 3424 5591 3484 5644; x_wconf 88' lang='grc' dir='ltr'><strong><em>Ἠ</em></strong></span> <span class='ocrx_word' id='word_1_718' title='bbox 3505 5591 3590 5661; x_wconf 82' lang='grc' dir='ltr'>μὲν</span> <span class='ocrx_word' id='word_1_719' title='bbox 3617 5579 3734 5644; x_wconf 75' lang='grc' dir='ltr'>ποίη·</span> 
     </span>
    </p>
   </div>
   <div class='ocr_carea' id='block_1_114' title="bbox 2210 5670 3736 5754">
    <p class='ocr_par' dir='ltr' id='par_1_114' title="bbox 2210 5670 3736 5754">
     <span class='ocr_line' id='line_1_114' title="bbox 2210 5670 3736 5754; baseline 0.008 -33"><span class='ocrx_word' id='word_1_720' title='bbox 2210 5685 2292 5730; x_wconf 79' lang='lat' dir='ltr'><strong>at;</strong></span> <span class='ocrx_word' id='word_1_721' title='bbox 2326 5670 2433 5722; x_wconf 84' lang='grc' dir='ltr'><strong>τῶν</strong></span> <span class='ocrx_word' id='word_1_722' title='bbox 2474 5671 2570 5723; x_wconf 81' lang='grc' dir='ltr'><strong>τοῦ</strong></span> <span class='ocrx_word' id='word_1_723' title='bbox 2621 5673 2756 5726; x_wconf 74' lang='grc' dir='ltr'>Θεοῦ</span> <span class='ocrx_word' id='word_1_724' title='bbox 2810 5675 3040 5730; x_wconf 81' lang='grc' dir='ltr'>ἐντολῶν</span> <span class='ocrx_word' id='word_1_725' title='bbox 3085 5683 3242 5752; x_wconf 87' lang='grc' dir='ltr'><strong>τηρεί</strong></span> <span class='ocrx_word' id='word_1_726' title='bbox 3272 5682 3330 5734; x_wconf 80' lang='grc' dir='ltr'><strong>ἐν</strong></span> <span class='ocrx_word' id='word_1_727' title='bbox 3353 5682 3430 5754; x_wconf 80' lang='grc' dir='ltr'>τῷ</span> <span class='ocrx_word' id='word_1_728' title='bbox 3450 5678 3622 5752; x_wconf 81' lang='grc' dir='ltr'>ἀγαθῷ</span> <span class='ocrx_word' id='word_1_729' title='bbox 3642 5671 3736 5728; x_wconf 56' lang='grc' dir='ltr'><strong>τοδδί</strong></span> 
     </span>
    </p>
   </div>
   <div class='ocr_carea' id='block_1_115' title="bbox 2205 5762 3125 5840">
    <p class='ocr_par' dir='ltr' id='par_1_115' title="bbox 2205 5762 3125 5840">
     <span class='ocr_line' id='line_1_115' title="bbox 2205 5762 3125 5840; baseline 0.014 -28"><span class='ocrx_word' id='word_1_730' title='bbox 2205 5762 2659 5835; x_wconf 72' lang='grc' dir='ltr'>ἀπηλλαγμένους</span> <span class='ocrx_word' id='word_1_731' title='bbox 2687 5770 2868 5840; x_wconf 80' lang='grc' dir='ltr'>πάσης</span> <span class='ocrx_word' id='word_1_732' title='bbox 2903 5769 3125 5834; x_wconf 85' lang='grc' dir='ltr'>κακίας.</span> 
     </span>
    </p>
   </div>
  </div>
