3960 6230
260 338 393 404 1349

1295 284 1835 399 ΕΟΜΜΕΝΤᾸΒῙΙ
1884 333 1965 393 1N
2008 333 2463 394 PROVEBBIA.

3304 409 3311 413 ν
3376 338 3510 402 1350

330 452 477 516 Τοὺς
509 452 572 505 δὲ
600 451 859 518 ἀσεϐεῖς,
887 452 1160 520 φαύλους
1196 449 1356 503 ποιεῖ
1383 448 1658 518 ἁμαρτία.
1688 448 1827 508 Τοὺς

2005 443 2206 514 Impios
2238 454 2411 497 autem
2434 458 2623 511 pravos
2649 442 2778 510 facit
2803 453 3095 511 peccatum.
3116 440 3219 508 Qui
3250 459 3377 497 vero
3401 460 3506 497 non

254 541 308 592 δέ
343 541 416 610 μὴ
441 540 507 591 δι’
531 541 791 611 ἐργασίας
823 540 930 592 τῶν
961 539 1122 592 θείων
1185 537 1413 607 ἐντολῶν
1438 536 1713 606 τιμῶντας
1739 539 1831 587 τὸν

254 627 627 695 ἐντειλάμενον
689 627 895 689 ταύτας
925 627 1084 693 Θεὸν,
1135 628 1341 689 κακοὺς
1389 624 1830 695 ἀπεργάζεταιὴ

257 717 396 769 κατὰ
424 718 742 786 προαίρεσιν
769 718 1038 788 ἀποτυχία
1069 717 1162 770 τοῦ
1184 717 1412 784 ἀγαθοῦ.
1476 776 1489 784 ,

327 806 390 871 ζ’,
418 808 590 861 εἰσὶν
611 811 665 862 οι
694 809 1119 875 πλουτίζοντες
1144 808 1418 873 ἑαυτοὺς,
1444 805 1640 876 μηδὲν
1663 805 1835 873 ἔχον-

257 917 372 966 τες.
442 902 551 954 Καὶ
606 902 911 971 ὑπάρχουσι
972 901 1074 971 μὲν
1144 902 1341 964 οἵτινες
1418 898 1831 966 περιποιοῦνται

258 994 472 1055 ἑαυτοῖς
499 993 590 1044 τὸν
620 992 743 1045 κατ’
773 992 975 1064 ἀρετὴν
1025 991 1396 1062 πνευματικὸν
1435 989 1665 1043 πλοῦτον
1691 1005 1705 1019 ⁸
1738 987 1836 1040 εἴτ’

259 1086 316 1134 ἐν
350 1083 659 1153 ὑποκρίσει,
694 1082 769 1145 ὡς
796 1083 942 1136 κατὰ
973 1083 1216 1137 διάθεσιν
1255 1079 1614 1158 ἐστερημένοι
1648 1078 1833 1134 αὑτοῦ·

261 1175 357 1225 εἴτ’
387 1173 732 1238 ἐνδιαθὲτως,
773 1174 847 1238 ὼς
874 1174 968 1227 τοῦ
1004 1175 1316 1243 σωματικοῦ
1361 1171 1713 1243 ἀποροῦντες,
1746 1173 1840 1225 καὶ

258 1269 325 1318 τὰ
357 1266 603 1319 ἐντεῦθεν
647 1268 1059 1336 προσπίπτοντα
1087 1267 1310 1338 θλιόερά
1343 1265 1684 1336 εὐχαρίστως
1712 1267 1842 1320 ὑπο-

263 1359 536 1424 μένοντες.

340 1450 444 1502 Καὶ
484 1450 642 1504 εισὶν
687 1454 741 1503 οἱ
789 1429 1213 1517 ταπεινοῦντες
1257 1448 1510 1516 ἑαυτοὺς
1539 1449 1608 1503 ἐν
1635 1449 1842 1513 πολλῷ

262 1543 519 1608 πλούτῳ.
556 1541 722 1606 Αὖθις
768 1543 825 1597 δέ
862 1544 1221 1614 ὑπάρχουσιν,
1268 1544 1464 1608 οἵτινες
1511 1543 1841 1612 κατάγουσιν

260 1636 507 1701 ἑαυτοὺς,
570 1636 678 1690 εἴτε
730 1639 1042 1708 πράγματι,
1097 1640 1160 1691 ἐκ
1205 1639 1302 1708 τῆς
1348 1637 1496 1700 Θείας
1538 1637 1705 1706 τιμῆς
1748 1634 1841 1690 τοῦ

262 1729 379 1779 κατ’
424 1727 608 1780 εἰκόνα
641 1729 699 1782 ἐν
729 1728 807 1797 τῷ
864 1727 1132 1782 ἀπολέσαι
1180 1729 1242 1781 τὸ
1285 1727 1405 1781 καθ’
1449 1727 1726 1797 ὁμοίωσιν,
1755 1726 1846 1780 διά

1939 550 2035 605 per
2053 535 2467 591 observantiam
2489 535 2798 588 divinorum
2834 534 3215 588 mandatorum
3243 534 3512 588 honorant

1939 637 2220 680 auctorem
2252 627 2476 680 illorum
2508 623 2695 689 Deum,
2729 624 2827 677 hos
2852 625 3025 679 malos
3054 624 3213 678 ellicit
3241 624 3331 677 illa
3350 640 3511 694 quam

1941 717 2235 779 intendunt
2261 718 2532 787 neglectio
2563 717 2712 771 boni.

2012 806 2177 861 Vens.
2224 810 2271 861 7.
2312 806 2447 861 Sunt
2485 807 2574 875 qui
2614 807 2793 859 ditant
2823 809 3045 874 seipsos,
3073 807 3205 859 nihil
3244 806 3511 861 habentes.

1944 896 2082 953 Sunt
2115 900 2208 967 qui
2237 898 2342 951 sibi
2370 903 2629 966 arrogant
2653 898 2969 967 spirituales
3018 898 3318 961 secundum
3344 901 3517 951 virtu-

1948 1002 2052 1047 tem
2078 989 2300 1043 divitias
2325 1003 2339 1055 ;
2368 989 2482 1043 sive
2512 988 2791 1055 simulate,
2829 990 2984 1058 quasi
3010 988 3204 1044 affectu
3232 989 3316 1044 his
3334 989 3515 1058 priva-

1944 1081 2020 1146 ti;
2065 1080 2179 1134 sive
2213 1079 2449 1141 sincere,
2490 1079 2582 1147 qui
2609 1078 2738 1131 dum
2765 1077 3144 1147 corporalibus
3184 1077 3393 1131 divitiis
3426 1091 3519 1130 ca-

1945 1176 2105 1223 reant
2153 1166 2280 1219 inde
2314 1166 2697 1235 contingentes
2750 1178 3026 1220 aerumnas
3053 1179 3181 1218 cum
3217 1165 3518 1234 gratiarum

1946 1262 2163 1315 actione
2194 1260 2503 1314 sustinent.

2022 1441 2087 1494 Et
2121 1449 2246 1495 sunt
2287 1440 2628 1494 humiliantes
2660 1456 2711 1493 se
2744 1441 2798 1493 in
2832 1439 3014 1493 multis
3048 1438 3279 1493 divitiis.
3314 1438 3517 1493 lterum

1949 1545 2097 1598 sunt,
2144 1532 2237 1603 qui
2292 1547 2351 1586 se
2398 1532 2730 1597 bumiliant;
2782 1531 2896 1585 sive
2919 1546 3001 1596 re,
3042 1529 3210 1584 Deum
3248 1529 3521 1584 exteriore

1949 1634 2159 1679 tantum
2215 1625 2426 1679 honore
2459 1624 2724 1688 colentes,
2763 1623 3044 1693 perdemlo
3072 1620 3215 1691 quod
3241 1621 3376 1674 nihil
3412 1620 3519 1674 nisi

1953 1718 2191 1787 Speciem
2227 1719 2421 1781 habet,
2452 1733 2547 1787 per
2595 1718 2827 1769 abusum
2863 1714 3312 1784 superﬂuentium
3342 1721 3393 1767 et
3428 1729 3523 1766 su-

260 1820 358 1886 τῆς
383 1820 785 1890 παραχρήσεως
810 1820 904 1873 τοῦ
936 1820 1194 1889 περιττοῦ
1225 1821 1321 1874 καὶ
1353 1819 1494 1891 ὑπὲρ
1521 1820 1620 1889 τὴν
1644 1820 1835 1891 χρείαν

1971 1826 2039 1864 ,γει
2067 1812 2447 1865 necessitatem
2480 1810 2865 1863 exsistentiuui
2906 1806 3267 1875 corporalium
3293 1805 3524 1859 divitia-

265 1910 576 1980 σωματικοῦ
615 1910 870 1975 πλούτου,
925 1912 1018 1964 καὶ
1062 1913 1174 1973 τοῖς
1216 1911 1434 1979 ἀλόγοις
1485 1908 1835 1980 συμφυρῆναι

263 2003 533 2055 πάθεσινο
584 2002 695 2054 εἴτε
749 2004 1078 2074 φρονήματι,
1130 2005 1187 2055 ἐν
1244 2001 1322 2072 τῷ
1369 2000 1695 2071 πληρώματι
1741 2000 1836 2052 τοῦ

263 2094 401 2148 κατά
421 2093 623 2162 γνῶσιν
655 2097 749 2148 καὶ
785 2096 985 2166 ἀρετὴν
1018 2093 1394 2164 πνευματικοῦ
1427 2093 1841 2155 πλούτου,’ἐαυ-

263 2187 387 2249 τοὺς
413 2186 666 2253 ἀναξίους
694 2187 829 2240 Θεοῦ
858 2185 1221 2258 λογιζόμενοι.

332 2285 402 2347 η’.
437 2278 670 2345 Λύτρον
726 2277 931 2348 ψυχῆς
988 2277 1228 2346 ἀνδρὸς,
1280 2280 1312 2331 ό
1357 2277 1506 2343 ἴδιος
1554 2276 1835 2340 πλοῦτος.

266 2370 376 2422 Καὶ
427 2368 711 2440 ἐλευθερία
747 2369 848 2439 μέν
898 2369 1014 2421 ἐστι
1063 2370 1161 2438 τῆς
1207 2367 1386 2438 ψυχῆς
1435 2366 1532 2419 τοῦ
1578 2365 1841 2435 γενναίως

266 2460 406 2513 κατά
441 2460 552 2512 τῶν
602 2460 793 2514 παθῶν
825 2454 1239 2531 ἀνδριζομένου,
1273 2458 1371 2512 εἴθ’
1408 2460 1436 2511 ὁ
1472 2454 1843 2528 γνησιώτατος

265 2555 331 2622 τῇ
364 2551 529 2605 αὑτοῦ
561 2551 726 2621 ψυχῇ
755 2551 897 2604 κατὰ
933 2551 1135 2620 γνῶσιν
1170 2550 1265 2603 καὶ
1308 2548 1511 2620 ἀρετὴν
1547 2563 1841 2616 πνευματι-

267 2642 359 2704 κὸς
390 2641 637 2704 πλοῦτος,
669 2641 745 2704 ὡς
776 2642 954 2711 πάσης
983 2640 1205 2709 ἀγνοίας
1236 2640 1327 2692 καὶ
1349 2639 1546 2700 κακίας
1572 2637 1845 2691 ἀπαλλάτ-

267 2750 375 2786 των
403 2734 573 2804 αὐτήν
600 2750 612 2763 ·
649 2734 751 2786 εἴθ’
792 2735 819 2785 ὁ
870 2733 929 2797 ἐξ
968 2733 1115 2786 ίδίων
1157 2734 1336 2785 πόνων
1368 2730 1655 2800 συναχθεὶς
1695 2727 1843 2799 αὑτῷ

272 2826 578 2896 σωματικὸς
601 2825 683 2887 εἰς
712 2825 950 2895 πένητας
994 2825 1444 2895 σκορπιζόμενος,
1489 2821 1623 2892 πρὸς
1651 2820 1845 2889 λύτρον

271 2917 376 2970 τῶν
401 2916 820 2989 ἁμαρτημάτων
844 2916 1030 2971 αὑτοῦ.

342 3013 581 3080 Πτωχὸς
609 3011 676 3064 δὲ
698 3013 810 3079 οὐχ
841 3011 1165 3080 ὑφίσταται
1213 3008 1491 3075 ἀπειλήν.
1536 3009 1593 3063 '0
1621 3011 1847 3084 ἐστερη-

275 3104 435 3172 μένος
464 3104 520 3157 δὲ
551 3103 803 3169 πλούτου,
848 3103 960 3156 εἴτε
1002 3101 1340 3173 σωματικοῦ,
1388 3103 1497 3154 εἴτε
1548 3119 1846 3173 πνευματι-
1877 3158 1917 3175 η

272 3196 391 3261 κοῦ,
433 3198 492 3249 οὐ
531 3199 776 3264 φοϐεῖται
819 3196 1049 3266 ἀπειλὴν
1076 3196 1175 3266 τῆς
1214 3194 1513 3266 μελλούσης
1551 3195 1845 3262 κολάσεως,

272 3291 354 3342 ὅτι
385 3288 588 3357 ταύτης
613 3289 676 3340 δι’
709 3289 1018 3360 ἀφροσύνην
1050 3292 1403 3360 καταφρονεῖ.

347 3380 407 3434 θ’.
444 3379 571 3445 Φῶς
593 3378 843 3445 δικαίοις
866 3378 964 3432 διὰ
985 3381 1231 3445 παντός.
1252 3381 1359 3432 Καὶ
1387 3381 1445 3433 τὸ
1476 3382 1573 3451 μὲν
1597 3384 1695 3451 τῆς
1730 3382 1849 3434 θεο-

275 3469 510 3537 γνωσίας
559 3469 695 3538 φῶς,
724 3471 788 3520 ἐκ
834 3466 927 3519 τοῦ
971 3466 1074 3536 τῆς
1114 3467 1457 3538 δικαιοσύνης
1491 3470 1691 3535 Ἡλίου,
1739 3473 1849 3534 τοῖς

277 3559 414 3613 κατὰ
440 3558 532 3611 τὸν
576 3558 717 3611 θεῖον
750 3556 912 3628 νόμον
955 3554 1063 3608 τῶν
1115 3556 1344 3610 ἐντολῶν
1392 3558 1846 3628 πολιτευομένοις,

218 3700 223 3709 ,
275 3652 349 3715 ὡς
375 3652 542 3704 ἀΐδιον
592 3649 891 3720 ἐπιλάμπει
937 3648 1182 3710 ἀδύτως·
1237 3647 1378 3701 κατά
1424 3648 1521 3717 μὲν
1560 3649 1622 3701 τὸ
1653 3650 1849 3719 παρὸν,

277 3743 642 3813 ἀμυδρότερον
667 3759 680 3772 ⁸
715 3741 854 3795 κατά
882 3739 938 3793 δέ
969 3740 1030 3793 τὸ
1072 3739 1284 3811 μέλλον,
1319 3739 1645 3811 τρανότερον
1677 3757 1733 3792 τε
1758 3739 1851 3792 καὶ

279 3834 685 3905 καθαρώτερον.

347 3943 476 4008 Φῶς
509 3943 576 3995 δὲ
610 3942 846 3997 ἀσεϐῶν
898 3943 1244 3997 σϐέννυται.
1284 3941 1359 3993 Τὸ
1400 3939 1458 3992 δὲ
1507 3940 1603 4011 τῆς
1634 3941 1759 4009 περὶ
1786 3939 1853 3993 τά

280 4034 495 4104 φθαρτὰ
541 4034 663 4088 κατ’
701 4033 954 4100 αἴσθησιν
1005 4029 1260 4100 γνώσεως
1292 4028 1570 4098 ἀπατηλὸν
1602 4028 1715 4098 φῶς
1745 4029 1853 4081 τῶν

281 4126 356 4195 μὴ
383 4125 448 4178 δι’
478 4125 653 4196 ἔργων
696 4123 1042 4194 δικαιοσύνης
1087 4121 1371 4193 τιμώντων
1403 4120 1556 4185 Θεὸν,
1599 4121 1735 4190 ταχὺ
1778 4119 1854 4179 ὡς

282 4219 616 4288 πρόσκαιρον
672 4215 1013 4285 ἀφανίζεται.

356 4309 552 4377 Ψυχαὶ
613 4307 802 4362 δόλιοι
860 4305 1204 4361 πλανῶνται
1250 4306 1321 4359 ἐν
1372 4306 1701 4374 ἁμαρτίαις.
1746 4304 1855 4358 Καὶ

283 4401 448 4470 ψυχαὶ
481 4401 602 4471 μὲν,
636 4401 691 4453 αἱ
721 4398 910 4470 βόθρον
937 4401 1049 4462 τοῖς
1079 4398 1307 4468 πλησίον
1335 4399 1685 4469 ὀρύσσουσαι,
1713 4401 1857 4451 ἀπα-

1946 1917 2065 1955 rum
2092 1941 2107 1965 ,
2163 1910 2218 1953 et
2258 1898 2739 1953 irrationabilibus
2783 1897 3077 1951 turbantur
3124 1894 3520 1963 passionibus;

1947 1998 2061 2053 sive
2088 2004 2286 2061 mente,
2314 1994 2663 2049 cumulantes
2685 1990 3000 2061 spirituales
3013 1988 3315 2043 secundum
3339 1988 3521 2043 scien-

1946 2090 2074 2145 tiam
2119 2097 2173 2146 et
2217 2089 2476 2143 virtutem
2511 2086 2754 2154 divitias,
2813 2101 2872 2141 se
2906 2085 3164 2154 indignos
3213 2084 3322 2140 Deo
3366 2098 3525 2152 repu-

1949 2189 2090 2237 tant.

2021 2272 2189 2328 Vsas.
2215 2272 2267 2326 8.
2315 2270 2621 2340 Redemptio
2652 2270 2849 2323 anima:
2887 2268 3012 2332 viri,
3047 2267 3276 2337 propria:
3301 2266 3521 2319 divitiu’.

1949 2364 2206 2419 Libertas
2236 2371 2319 2417 est
2353 2363 2550 2416 animae
2569 2361 2690 2430 ejus
2718 2360 2811 2430 qui
2845 2361 3075 2413 viriliter
3098 2366 3291 2413 contra
3312 2358 3525 2427 passio-

1953 2470 2049 2512 nes
2079 2458 2344 2521 luetatur,
2397 2456 2512 2510 sive
2545 2455 2803 2524 legitimae
2833 2453 2955 2523 ejus
2987 2451 3524 2524 animm'sccundum

1953 2548 2241 2603 scientiam
2276 2554 2330 2601 et
2361 2546 2619 2623 virtutem
2663 2543 2979 2613 spirituales
3010 2540 3235 2606 divitiae,
3270 2540 3338 2595 ab
3377 2541 3525 2593 omni

1955 2634 2262 2704 ignorantia
2302 2640 2358 2687 et
2411 2631 2621 2689 malitia
2662 2630 2899 2684 liberant
2937 2643 3096 2693 eum;
3149 2629 3264 2681 sive
3292 2628 3527 2697 propriis

1955 2727 2239 2780 laboribus
2274 2725 2524 2779 collecta:
2571 2722 2888 2792 corporales
2927 2720 3134 2774 divitiae
3166 2721 3219 2774 in
3261 2734 3527 2790 pauperes

1954 2819 2358 2883 dillunduntur,
2386 2818 2452 2870 ad
2484 2798 2827 2871 liberandum
2857 2830 2884 2868 a
2918 2815 3037 2870 suis
3066 2830 3190 2870 eum
3219 2814 3476 2885 peccatis.

2025 3000 2304 3056 Hendicus
2323 3016 2426 3053 non
2456 2999 2681 3053 sustinet
2709 2999 3191 3052 comminationem.
3216 2996 3318 3063 Qui
3347 3007 3528 3052 autem

1956 3095 2205 3162 privatus
2256 3099 2341 3145 est
2385 3090 2617 3153 divitiis,
2664 3090 2781 3143 sive
2832 3089 3106 3157 corporis,
3151 3089 3268 3143 sive
3311 3091 3527 3153 animae,

1956 3201 2067 3240 non
2100 3182 2419 3239 reformidat
2458 3183 2639 3237 minas
2684 3182 2899 3235 venturi
2937 3180 3214 3251 supplicii,
3247 3181 3375 3250 quia
3410 3181 3531 3233 illas

1958 3277 2027 3333 ob
2055 3276 2253 3331 mentis
2278 3274 2652 3342 insipientiam
2682 3272 2937 3342 despicit.
3124 3256 3127 3259 ’
3379 3278 3382 3280 ’

2029 3366 2194 3420 Vens.
2231 3366 2284 3420 9.
2313 3364 2432 3418 Lua:
2449 3365 2616 3433 justis
2647 3379 2870 3429 semper.
2889 3362 3005 3414 Lux
3032 3360 3233 3416 divinae
3264 3359 3529 3423 scientiae,

1956 3475 1986 3515 e
2010 3459 2136 3515 Sole
2165 3458 2395 3528 iustitia:
2423 3464 2564 3519 orta,
2591 3455 2675 3509 bis
2719 3455 2813 3524 qui
2849 3451 3151 3507 secundum
3188 3451 3357 3519 legem
3394 3449 3534 3503 divi-1

1959 3567 2081 3606 nam
2108 3552 2490 3605 mandatorum
2505 3549 2730 3618 degunt,
2756 3554 2963 3600 aeterna
2989 3552 3042 3598 et
3064 3541 3531 3612 inexstinguibilis
3580 3610 3584 3614 _

1959 3642 2167 3713 fulget;
2215 3645 2267 3697 in
2319 3657 2564 3712 praesens
2606 3639 2938 3704 obscurior;
2986 3636 3041 3689 in
3086 3635 3331 3695 futurum
3379 3650 3530 3702 vero,

1958 3736 2160 3812 clarior
2182 3744 2236 3790 et
2266 3736 2478 3805 purior.

2030 3939 2148 3994 Lua:
2199 3950 2376 3993 autem
2425 3939 2709 4006 impiorum
2747 3939 3127 4008 exstinguitur.
3180 3937 3299 3993 Lux
3352 3945 3530 3992 autem

1960 4033 2194 4088 mendax
2230 4047 2415 4085 rerum
2469 4031 2916 4099 corruptibilium
2957 4016 3529 4085 secundum-sensum

1960 4122 2229 4188 scientiae,
2264 4122 2319 4176 in
2341 4121 2428 4175 bis
2451 4120 2543 4190 qui
2572 4135 2678 4175 non
2704 4136 2799 4190 per
2820 4136 3047 4191 operum
3063 4121 3334 4191 justitiam
3363 4120 3528 4173 bono-

1964 4225 2083 4270 rant
2123 4214 2313 4280 Deum,
2346 4214 2494 4269 brevi
2529 4212 2756 4284 fugitiva
2792 4214 3091 4268 evanescit.

2032 4310 2237 4363 Anima:
2276 4307 2475 4362 dolosa:
2527 4315 2710 4361 errant
2755 4308 2809 4359 in
2854 4306 3104 4374 peccatis.
3153 4308 3381 4373 Animae,
3412 4325 3533 4379 qua!

1964 4400 2165 4455 fossam
2201 4400 2450 4469 proximo
2482 4398 2762 4464 foderunt,
2791 4398 3164 4466 decipiuntur,
3199 4399 3417 4455 sibimet
3447 4401 3531 4454 af-

280 4493 502 4557 τῶνται,
536 4494 753 4556 ἑαυταῖς
810 4491 1168 4563 πρεξενοῦσαι
1220 4475 1514 4555 ἀπώλειαν,
1550 4493 1607 4544 ἐν
1651 4485 1730 4554 οἷς
1759 4492 1847 4562 τὴν

1971 4491 2201 4546 ferentes
2220 4491 2607 4561 perditionem,
2636 4491 2692 4545 in
2716 4490 2805 4545 his
2825 4490 3027 4560 quibus
3059 4490 3289 4545 aliorum
3315 4493 3529 4547 ruinam

280 4582 390 4635 τῶν
424 4583 627 4654 ἐτέρων
664 4581 871 4654 βλάϐην
902 4583 1367 4653 ἐπιτεχνάζονται.

351 4675 573 4728 Δίκαιοι
598 4673 667 4727 δὲ
689 4675 1053 4743 οἱκτείρουσι
1074 4675 1173 4729 καὶ
1201 4673 1501 4728 ἐλεοῦσιν.
1531 4675 1594 4727 Οἱ
1619 4675 1687 4727 δι’
1717 4675 1854 4743 ἀγά-

281 4784 389 4838 πης
433 4766 490 4819 δὲ
522 4767 612 4820 τὸν
654 4768 796 4820 θεῖον
840 4768 1004 4836 νόμον
1030 4766 1388 4838 πληροῦντες,
1435 4761 1613 4821 οἶκτον
1639 4766 1852 4837 λαμϐά-

281 4875 432 4911 νουσι
457 4859 565 4911 τῶν
609 4858 1049 4924 δυσπαθούντων,
1099 4859 1193 4912 καὶ
1238 4857 1632 4927 θεραπεύουσιν
1657 4860 1854 4922 αὐτοὺς

282 4953 424 5003 κατά
454 4949 679 5019 δύναμιν
699 4967 712 4981 ·
746 4949 845 5021 τὴν
869 4948 1076 5002 ἑαυτῶν
1108 4948 1361 5001 ἐντεῦθεν
1395 4951 1856 5020 πραγματευόμε-

282 5059 361 5094 νοι
398 5042 690 5111 σωτηρίαν.

355 5138 405 5184 ι’.
454 5132 648 5197 Κακὸς
677 5132 806 5201 μεθ’
843 5133 1063 5202 ὕϐρεως
1092 5131 1353 5200 πράσσει
1381 5131 1553 5185 κακά.
1589 5132 1645 5185 '0
1673 5134 1854 5204 πάσης

282 5224 476 5286 κακίας
508 5225 946 5294 μεμεστωμένος,
980 5225 1348 5294 ἀναισχύντως
1389 5223 1616 5294 πράττει
1661 5225 1728 5277 τὰ
1760 5242 1855 5277 πο-

286 5316 444 5385 νηρά.

351 5407 417 5457 Ol
465 5403 532 5457 δὲ
565 5404 763 5459 αὐτῶν
817 5407 1237 5476 ἐπιγνώμονες,
1287 5408 1485 5476 σοφοί.
1515 5409 1577 5460 Oi
1610 5406 1653 5458 δ’
1680 5407 1736 5457 ὲν
1773 5401 1855 5469 οἷς

286 5494 456 5547 ταῦτα
525 5497 854 5565 πράττουσιν
886 5537 900 5559 ,
976 5497 1428 5566 ἐπιγινώσκοντες
1491 5498 1589 5568 τὴν
1650 5498 1855 5549 οἰκείαν

287 5587 595 5651 ἀσθένειαν,
631 5589 723 5641 καὶ
749 5590 1320 5658 ταπεινοφρονοῦντες,
1366 5591 1486 5643 κατ’
1515 5590 1644 5642 αὐτὸ
1675 5588 1853 5653 τοῦτο,

291 5679 505 5750 μέτοχοί
534 5697 674 5743 τινος
706 5683 897 5750 σοφίας
927 5683 1080 5734 εἰσίν.

364 5771 449 5824 ια’.
488 5773 770 5843 ’Ύπαρξις
808 5773 1359 5845 ἐπισπουδαζομένη
1404 5772 1554 5843 μετὰ
1582 5773 1853 5843 ἀνομίας,

1962 4585 2366 4638 machinantnr.

2027 4676 2176 4731 Justi
2205 4686 2382 4730 autem
2413 4678 2731 4730 miserentur
2757 4684 2808 4729 et
2835 4674 3191 4744 opitulantur.
3226 4673 3329 4741 Qui
3353 4683 3530 4731 autent

1961 4783 2056 4838 per
2084 4769 2410 4823 cbaritatem
2437 4767 2610 4837 legem
2654 4766 2894 4820 divinam
2940 4765 3259 4834 aditnplent,
3296 4766 3532 4820 infortu-

1962 4874 2215 4913 natorum
2251 4860 2603 4925 miserentur,
2643 4869 2696 4913 et
2725 4858 3068 4927 opitulantur
3100 4858 3209 4912 illis
3231 4873 3330 4927 pro
3360 4859 3534 4914 iacul-

1961 4952 2194 5013 tatibus,
2224 4950 2449 5006 sibimet
2479 4948 2608 5005 inde
2644 4957 3009 5020 procurantes
3032 4949 3287 5003 salutem.

2031 5133 2201 5189 Vens.
2237 5135 2326 5188 10.
2364 5132 2546 5188 Malus
2578 5151 2694 5199 cum
2714 5132 3034 5187 contumelia
3061 5130 3189 5198 facit
3222 5128 3384 5182 mala.
3427 5128 3531 5195 Qui

1960 5227 2109 5280 omni
2161 5226 2370 5281 malitia
2420 5227 2656 5282 satiatus
2704 5234 2808 5289 est,
2871 5224 2995 5278 sine
3037 5221 3238 5276 rubore
3276 5223 3385 5286 agit
3417 5240 3533 5276 ma-

1963 5318 2129 5388 ligna.

1968 5436 1985 5459 ι
2034 5410 2138 5474 Qui
2166 5418 2342 5463 autem
2373 5409 2455 5462 sui
2494 5409 2729 5475 ipsorum
2751 5403 3047 5473 cognitores
3078 5412 3221 5463 sunt,
3248 5405 3530 5472 sapientes.

1962 5502 2042 5556 Illi
2070 5517 2201 5556 vero
2233 5501 2287 5554 in
2312 5501 2512 5570 quibus
2536 5499 2665 5552 talia
2694 5508 2886 5567 agunt,
2920 5504 3215 5549 noscentes
3255 5497 3532 5564 propriam

1963 5590 2359 5653 inﬁrmitatem,
2394 5597 2447 5642 et
2473 5588 2752 5642 humiliter
2782 5590 3103 5653 sentientes,
3135 5589 3205 5641 ob
3240 5588 3291 5641 id
3333 5590 3532 5657 ipsum,

1962 5684 2259 5753 participes
2299 5680 2533 5749 alicujus
2566 5679 2850 5750 sapientia:
2884 5680 3039 5734 ﬁunt.

2041 5773 2212 5829 Vens.
2246 5773 2332 5828 11.
2374 5771 2663 5843 Opulentia
2688 5772 2940 5842 festinata
2970 5789 3087 5826 cum
3112 5772 3400 5842 injustitia,
3436 5774 3537 5826 mi-
