3960 6230
262 305 405 374 1353

1323 296 1861 364 (ΣΟΜΜΕΝΤΑΒΠ
1901 297 1982 360 ΙΝ
2023 284 2480 360 PROVERBIA.

3394 309 3525 374 1354

341 421 395 474 '0
423 419 492 475 δὲ
522 420 707 488 ἄνους
734 421 855 476 ὑπὸ
909 417 1155 490 παγίδος
1184 418 1472 474 θανεῖται.
1507 419 1567 472 '0
1587 418 1644 472 δὲ
1673 418 1835 489 άνόηο

2015 414 2225 470 Stultus
2277 425 2456 469 autem
2497 415 2594 469 sub
2636 414 2822 485 laqueo
2889 418 3166 474 morietur.
3210 417 3525 478 lnsensatus

255 528 348 573 τος
381 510 664 580 συσχεθεὶς
714 511 790 573 ὡς
842 509 948 563 ὑπὸ
996 509 1222 578 παγίδος
1261 509 1430 577 τινὸς,
1468 509 1570 579 τῆς
1607 509 1735 578 περὶ
1775 507 1844 560 τά

257 600 417 656 ὕλικὰ
438 601 558 654 κατ’
584 600 838 671 αἴσθησιν
865 600 1098 672 πλάνης,
1133 599 1212 671 τῷ
1245 600 1368 654 καθ’
1398 599 1676 671 ἁμαρτίαν
1701 599 1842 651 ὀλεῖ-

255 711 348 747 ται
387 693 626 763 Θανάτῳ.

329 812 410 860 ιε’.
446 807 704 872 Σύνεσις
741 805 932 875 ἀγαθὴ
997 804 1210 860 δίδωσι
1259 800 1566 875 accipin-'1!
1611 801 1722 856 τῶν
1769 803 1847 857 δι-

255 897 564 952 δασκόντων
596 896 907 969 τελειοτέρα
955 897 1090 968 περὶ
1129 896 1197 950 τά
1228 896 1347 950 θεῖα
1393 891 1672 965 ὲπισέήμη
1733 894 1847 956 τοῖς

255 988 662 1051 διδασκομένοις
685 987 837 1054 θείας
869 987 1130 1059 γνώσεως
1160 987 1505 1060 μεταδίδωσι.

331 1100 405 1151 Τὸ
449 1097 520 1150 δέ
551 1095 775 1161 γνῶναι
799 1099 992 1167 νόμον
1050 1096 1318 1161 διανοίας
1366 1094 1540 1148 ἐστίν
1593 1091 1844 1161 ἀγαθῆς.

257 1189 334 1243 Τὸ
363 1187 410 1242 δ’
439 1169 640 1252 αὑτόυς
668 1186 798 1252 τοὺς
854 1186 1336 1259 μαθητευομένους
1365 1182 1692 1238 καταλαϐεῖν
1738 1181 1849 1236 τῶν

257 1281 668 1352 διδασκομένων
700 1281 886 1344 αὐτοῖς
925 1278 1085 1332 θείων
1116 1276 1347 1331 ἐντολῶν
1378 1276 1478 1339 τὰς
1505 1273 1701 1340 αίτίας,
1737 1272 1851 1329 δια-

258 1371 407 1436 νοίας
432 1372 584 1426 ἐστὶν
614 1370 1064 1442 εύθυδρομούσης
1095 1370 1234 1441 πρὸς
1257 1369 1358 1438 τὴν
1387 1366 1666 1437 ἀλήθειαν.

340 1481 500 1536 Ὀδοὶ
530 1481 600 1536 δὲ
627 1480 1190 1551 καταφρονούντων,
1222 1477 1594 1544 eranum/tela.
1621 1475 1685 1530 Al
1715 1474 1853 1546 πρά-

261 1571 372 1638 ξεις
403 1573 462 1626 δὲ
503 1572 613 1626 τῶν
652 1574 786 1646 περὶ
824 1574 925 1636 τὰς
973 1572 1126 1635 θείας
1162 1569 1384 1633 ἐντολὰς
1428 1567 1644 1640 ἀμελῶς
1681 1568 1852 1622 διατι-

261 1665 529 1734 θεμένων,
569 1666 700 1736 περὶ
734 1665 796 1718 τὸ
831 1664 1000 1736 μηδὲν
1045 1662 1462 1733 καταγίνονταιο
1513 1661 1572 1715 ἐν
1597 1660 1708 1732 γὰρ
1737 1660 1851 1724 τοῖς

261 1751 382 1810 οὖσι
411 1755 474 1809 τὸ
505 1757 677 1810 κακὸν
707 1756 809 1809 οὐκ
831 1754 1004 1809 ἔστιν.

302 1871 433 1929 -ις’.
474 1863 598 1931 Πᾶς
637 1865 978 1936 πανοῦργος
1027 1862 1290 1934 πράσσει
1329 1862 1480 1933 μετὰ
1543 1861 1840 1933 γνώσεως.

262 1956 444 2019 ’Δπας
478 1957 506 2009 ὁ
529 1955 628 2026 τὴν
666 1956 1026 2028 ἐνεργητικὴν
1049 1955 1242 2010 πασῶν
1266 1955 1374 2008 τῶν
1401 1955 1611 2026 ἀρετῶν
1641 1971 1843 2024 κεκτη-

265 2049 424 2119 μένος
464 2048 752 2118 φρόνησιν,
815 2047 1047 2119 πράττει
1096 2049 1197 2112 τὰς
1239 2047 1440 2120 ἀρετὰς
1493 2047 1632 2119 μετά
1659 2047 1842 2116 λόγου,

258 2143 556 2212 διακρίνων
580 2143 688 2198 άπὸ
721 2143 815 2197 τοῦ
848 2143 1056 2214 ἀγαθοῦ
1087 2145 1149 2200 τὸ
1177 2146 1371 2212 κακὸν,
1399 2146 1492 2200 καὶ
1519 2143 1664 2200 οῦτω
1687 2143 1847 2199 τοῦτο

257 2253 457 2293 εποαυν.

345 2346 408 2399 '0
447 2344 518 2398 δὲ
549 2344 756 2416 ἄφρων
815 2345 1142 2411 ἐξεπέτασε
1190 2347 1304 2416 τὴν
1353 2347 1572 2403 ἑαυτοῦ
1603 2346 1843 2402 κακίαν.

275 2436 336 2492 ⁸0
371 2437 428 2492 δὲ
461 2439 690 2508 ἀνόητος
715 2439 777 2492 τὸ
805 2441 948 2494 κατὰ
977 2439 1216 2495 διάθεσιν
1255 2439 1584 2511 ὲνδομυχοῦν
1615 2443 1674 2495 ὲν
1697 2441 1848 2511 αὑτῷ

255 2527 434 2582 κακὸν
487 2525 800 2597 ὲξήπλωσε,
833 2527 924 2581 διὰ
952 2528 1207 2599 πράξεως
1253 2532 1332 2592 είς
1360 2529 1422 2583 τὸ
1450 2529 1682 2600 φανερὸν
1711 2530 1847 2597 άγα-

254 2620 398 2691 γῶν.
1829 2621 1840 2636 ’

339 2731 424 2795 ιζ’.
477 2730 777 2798 Βασιλεὺς
823 2731 1053 2801 θρασὺς
1118 2732 1394 2803 ἐμπίπτει
1437 2737 1524 2802 είς
1566 2733 1740 2790 κακά.
1789 2733 1847 2788 ὀ

251 2823 358 2878 τοῦ
411 2826 534 2878 ὃλου
594 2822 886 2896 ἀνθρώπου
939 2826 1292 2896 ἡγεμονεύων
1339 2827 1484 2892 νοῦς,
1533 2829 1581 2882 εί
1631 2827 1706 2900 μὴ
1746 2827 1847 2897 τὴν

257 2918 587 2988 σωματικὴν
628 2917 1014 2987 ἐπιγινώσκων
1058 2919 1340 2975 ἀσθένειαν
1363 2961 1379 2987 ,
1421 2921 1846 2990 συγκαταϐαίνει

259 3011 426 3082 αὐτῇ,
455 3010 870 3082 διεξερχρμενος
895 3013 997 3081 τὴν
1033 3014 1156 3066 κατ’
1201 3013 1402 3084 ἀρετὴν
1430 3015 1721 3086 μεσότητα,
1769 3011 1847 3078 ὡς

1953 517 2135 561 autem
2190 505 2488 577 impeditus
2531 506 2680 562 velut
2723 507 2778 562 in
2813 508 3144 578 quibusdam
3185 512 3417 576 retibus,
3467 515 3522 566 in

1950 614 2054 654 suo
2087 598 2234 654 circa
2276 599 2524 654 carnalia
2545 600 2850 655 secundum
2884 617 3109 657 sensum
3143 619 3354 671 errore,
3385 619 3527 658 mor-

1951 699 2002 746 te
2044 691 2346 747 secundum
2378 690 2661 763 peccatum
2686 692 2938 763 disperit.

2022 798 2186 856 Vens.
2231 801 2320 856 l5.
2358 799 2617 858 Doctrina
2639 803 2776 858 bona
2807 803 2904 857 dat
2933 806 3184 874 gratiam.
3229 804 3533 864 Perfec1ior

1950 890 2264 946 docentium
2283 891 2435 947 circa
2469 907 2559 948 res
2581 893 2800 950 divinas
2838 893 3113 958 doctrina,
3149 895 3250 951 hos
3277 897 3374 966 qui
3421 898 3536 954 edi-

1953 989 2115 1036 scunt
2139 979 2338 1036 divina:
2365 981 2615 1038 scientiae
2639 982 2936 1054 participes
2968 983 3118 1038 facit.

2026 1086 2358 1159 Cognoscere
2396 1098 2575 1144 autem
2627 1091 2810 1162 legem,
2845 1093 3210 1162 intelligentia:
3247 1104 3324 1148 est
3361 1095 3531 1151 bona.

1950 1178 2188 1244 Quando
2235 1187 2419 1235 autem
2471 1179 2577 1249 ipsi
2620 1181 2882 1251 discipuli
2917 1183 3398 1252 comprehendunt
3439 1187 3534 1243 Dei

1951 1269 2339 1325 mandatorum
2387 1285 2508 1340 quae
2539 1271 2649 1328 illis
2688 1273 2963 1328 docentur
3005 1288 3224 1338 causas,
3267 1275 3533 1330 iudicium

1953 1369 2042 1419 est
2071 1361 2452 1432 intelligentia:
2473 1378 2596 1434 quas
2627 1372 2777 1420 recta
2805 1367 2981 1420 tendit
3011 1367 3078 1419 ad
3115 1368 3426 1423 veritatem.

2032 1470 2147 1526 γεω
2169 1481 2345 1526 autem
2376 1481 2800 1542 contemptorum
2835 1474 2891 1528 in
2926 1473 3242 1543 perditione.
3272 1475 3534 1531 Actiones

1953 1565 2174 1621 illorum
2207 1567 2506 1637 qui-circa
2562 1565 2747 1621 divina
2798 1565 3058 1621 mandata
3099 1569 3438 1638 negligenter
3474 1584 3536 1625 se

1956 1660 2182 1722 habent,
2225 1659 2376 1715 circa
2417 1657 2650 1715 nihilum
2701 1665 3022 1725 morantur;
3055 1658 3112 1714 in
3149 1660 3351 1715 talibus
3385 1661 3529 1716 enim

1875 1767 1922 1824 Β
1950 1752 2152 1808 malum
2186 1768 2295 1808 non
2325 1761 2432 1808 est.

2022 1861 2195 1919 Vens.
2251 1860 2342 1916 16.
2400 1860 2589 1917 Omnis
2630 1871 2842 1916 astutus
2883 1861 2996 1932 agit
3035 1878 3157 1916 cum
3201 1861 3533 1934 cognitione.

1948 1957 2142 2012 Omnis
2171 1955 2266 2027 qui
2316 1955 2532 2026 plenam
2575 1955 2825 2011 omnium
2875 1955 3137 2010 virtutum
3191 1955 3423 2026 adeptus
3453 1961 3538 2009 est

1949 2049 2394 2120 intelligentiam.
2443 2048 2680 2104 virtutes
2719 2055 2944 2104 exercet
2976 2063 3102 2102 cum
3175 2048 3412 2115 ratione,
3449 2049 3535 2104 di-

1947 2139 2186 2196 scrimen
2234 2152 2403 2211 agens
2425 2138 2553 2194 boni
2585 2145 2642 2194 et
2679 2139 2831 2205 mali,
2855 2198 2857 2200 ,
2881 2138 3072 2208 sicque
3108 2139 3242 2194 illud
3303 2139 3532 2196 faciens.

2020 2345 2128 2412 Qui
2159 2353 2340 2399 autem
2379 2343 2580 2397 stultus
2612 2349 2716 2408 est,
2747 2341 2998 2412 patefecit
3029 2359 3186 2398 suam
3223 2344 3534 2414 nequitiam.

1947 2437 2266 2494 lnsensatus
2330 2443 2514 2491 autem
2572 2435 2916 2492 reconditum
2978 2437 3033 2492 in
3088 2437 3276 2492 animo
3333 2442 3534 2492 malum

1951 2531 2241 2603 patefacit,
2280 2545 2378 2600 per
2405 2529 2678 2586 actio‘nem
2721 2529 2854 2584 illud
2887 2529 3068 2601 palam
3118 2531 3436 2586 ostendens.

2019 2728 2192 2786 Vens.
2244 2730 2330 2786 Π.
2366 2727 2480 2784 Rea:
2510 2730 2697 2783 audax
2741 2729 2886 2782 cadit
2917 2728 2972 2782 in
3012 2728 3181 2784 mala.
3218 2727 3371 2786 Mens
3415 2745 3538 2802 qua

1948 2827 2126 2876 totum
2183 2821 2456 2876 hominem
2474 2822 2632 2890 regit,
2651 2819 2758 2874 nisi
2791 2820 3040 2890 corporis
3057 2819 3345 2888 debilitati,
3369 2835 3535 2891 quam

1952 2911 2260 2984 cognoscit,
2291 2913 2824 2976 consulat,mediam
2850 2913 2906 2968 in
2938 2913 3149 2989 virtute
3171 2913 3315 2968 viam
3347 2928 3534 2970 recur-

1949 3020 2101 3072 rens,
2149 3020 2214 3060 ex
2265 3003 2437 3058 nimia
2481 3003 2714 3058 audacia
2762 3003 2915 3059 cadit
2955 3005 3009 3058 in
3057 3005 3408 3062 dillicultates
3463 3007 3536 3063 ob

264 3103 580 3174 παράϐολος
607 3103 932 3174 περιπίπτει
954 3105 1070 3168 τοῖς
1100 3103 1225 3158 καθ’
1253 3105 1564 3178 ὑπερϐολὴν
1587 3106 1686 3177 τῆς
1711 3106 1842 3178 ἀρε-

1971 3097 2422 3170 :xaggerationem
2444 3097 2662 3154 virtutis
2689 3105 2860 3153 ortas.
2961 3116 2974 3125 ε

261 3193 368 3262 τῆς
406 3193 658 3246 πάθεσιν.

342 3302 626 3370 Ἀγγελος
655 3302 723 3356 δὲ
747 3304 940 3373 σοφὸς
994 3307 1204 3373 ῥύεται
1237 3306 1444 3361 αὐτόν.
1488 3302 1850 3361 Ἀπαλλάττει

267 3394 328 3448 δὲ
357 3394 518 3448 αὐτὸν
544 3393 640 3448 τοῦ
672 3396 922 3450 τοιούτου
958 3397 1233 3462 κινδύνου,
1264 3400 1292 3451 ὀ
1319 3398 1418 3467 τῆς
1443 3398 1687 3467 μεγάλης
1729 3397 1854 3468 βου-

265 3486 368 3555 λῆς
394 3484 490 3538 τοῦ
524 3485 740 3557 Πατρδς
773 3485 1041 3554 Ἀγγελος
1073 3502 1089 3518 ·
1119 3489 1148 3539 ὁ
1167 3486 1328 3555 σοφδς
1359 3486 1546 3558 ἰατρὸς
1569 3487 1678 3541 τῶν
1710 3488 1853 3558 ἡμε-

269 3577 446 3650 τέρων
471 3577 662 3649 ψυχῶν
711 3577 847 3642 Θεὸς
883 3578 1076 3646 Λόγος,
1131 3578 1432 3650 συγχωρῶν
1466 3579 1630 3633 αὐτὸν
1666 3581 1850 3635 ποικί-

269 3669 386 3736 λοις
409 3673 730 3743 περιπεσεῖν
769 3670 1039 3726 πάθεσιν·
1081 3671 1169 3724 ἵνα
1200 3669 1346 3742 μάθῃ
1382 3674 1848 3743 ταπεινοφρονεῖν,

276 3763 369 3818 καὶ
407 3762 484 3832 μὴ
508 3765 576 3834 τῇ
615 3762 856 3834 διακένῳ
890 3761 1018 3834 δόξῃ
1045 3760 1466 3832 ὲμματαιάζειν.

346 3877 438 3942 ιη’.
493 3873 716 3926 Πενίαν
770 3871 872 3925 καί
927 3866 1167 3942 ἀτιμίαν
1210 3869 1541 3939 ἀφαιρεῖται
1592 3867 1848 3926 παιδεία.

285 3961 348 4015 Ἦ
401 3961 510 4014 τῶν
553 3961 824 4016 ἀκουσίων
875 3961 1053 4015 πόνων
1117 3961 1382 4031 ἐπαγωγὴ
1411 4001 1428 4025 ,
1468 3959 1565 4031 τὴν
1627 3959 1853 4032 σύντρο-

275 4076 373 4126 φον
410 4061 476 4130 τῇ
524 4057 649 4112 καθ’
697 4056 891 4128 ἡδονὴν
936 4054 1195 4110 στενὼσει
1219 4055 1495 4127 στέρησιν
1534 4054 1629 4108 τοῦ
1684 4071 1852 4108 πνευ-

274 4145 506 4216 ματικοῦ
578 4145 812 4200 πλούτου
833 4183 850 4209 ,
927 4146 1024 4199 καὶ⁹
1079 4145 1148 4200 τά
1205 4144 1502 4216 άτιμοποιά
1552 4144 1701 4216 πάθη
1753 4161 1852 4198 πε-

277 4239 520 4308 ριαιρεῑ·
579 4237 640 4290 τὸ
685 4235 926 4301 συνειδὸς
973 4235 1322 4306 διεγείρουσα
1372 4235 1451 4299 είς
1491 4233 1712 4306 ἔλεγχον
1756 4233 1851 4290 τοῦ

273 4345 470 4382 κάκου.

2029 3301 2266 3356 Nuntius
2301 3311 2480 3356 autem
2508 3302 2718 3369 sapiens
2753 3301 2940 3356 liberat
2963 3318 3102 3358 eum.
3133 3303 3388 3360 Custodit
3417 3322 3476 3363 se
3502 3324 3530 3361 a

1952 3390 2118 3446 simili
2155 3389 2401 3460 periculo
2437 3389 2621 3458 magni
2653 3390 2871 3444 consilii
2906 3392 3083 3460 patris
3116 3392 3397 3463 Angelus;
3445 3411 3534 3453 sa-

1951 3484 2110 3555 piens
2139 3491 2456 3538 nostrarum
2493 3483 2804 3537 animarum
2821 3482 3096 3547 medicus,
3119 3483 3264 3541 Deus
3283 3487 3530 3554 verbum,

1956 3574 2283 3642 permittens
2313 3588 2372 3629 se
2402 3573 2576 3628 variis
2619 3571 2857 3628 motibus
2883 3573 3104 3644 agitari,
3133 3585 3190 3629 ut
3211 3575 3406 3632 doceat
3432 3593 3534 3635 nos

1957 3663 2245 3722 humiliter
2285 3663 2516 3729 sentire,
2547 3679 2727 3734 neque
2757 3663 2906 3716 inani
2945 3664 3118 3733 gloria
3149 3665 3350 3721 inﬂari.

2024 3865 2199 3922 Vens.
2235 3867 2323 3923 18.
2363 3865 2753 3936 Paupertatem
2779 3876 2829 3921 et
2859 3868 3206 3939 ignominiaa:
3247 3868 3422 3938 aufert
3448 3871 3535 3926 di-

1955 3958 2202 4028 sciplina.
2242 3957 2530 4014 Erumna:
2555 3973 2677 4029 quae
2719 3959 2983 4015 invadunt
3026 3961 3248 4028 invitos,
3292 3963 3533 4020 animam

1959 4049 2162 4120 gaudio
2198 4049 2364 4106 simul
2395 4051 2781 4120 spiritualibus
2823 4049 3031 4108 divitiis
3068 4053 3342 4122 privatam
3393 4056 3537 4112 dite-

1955 4151 2141 4206 scunt,
2195 4141 2509 4211 vilibusque
2556 4151 2794 4212 purgant
2838 4145 3215 4214 passionibus,
3246 4148 3536 4204 conscien-

1953 4232 2088 4287 tiam
2121 4231 2415 4288 excitando
2460 4233 2514 4288 in
2547 4234 3036 4305 reprehensionem
3065 4238 3216 4292 mali.

355 4435 419 4488 '0
467 4435 536 4488 δὲ
596 4433 937 4504 φυλάσσων
995 4433 1284 4504 ἐλέγχους
1305 4475 1320 4501 ,
1382 4434 1845 4502 δοξασθήσεται.

2027 4430 2135 4497 Qui
2159 4440 2335 4486 autem
2366 4431 2795 4502 reprehensiones
2829 4435 3092 4500 observat,
3122 4436 3534 4506 gloriﬁcabitur.

289 4522 351 4577 '0
382 4524 439 4578 δὲ
487 4526 616 4588 τοὺς
666 4525 775 4578 τῶν
809 4525 988 4579 πόνων
1033 4525 1310 4595 ἐλέγχους,
1360 4525 1435 4596 μὴ
1468 4525 1536 4578 δι’
1560 4525 1849 4596 ὀλιγωρίαν

275 4614 549 4678 ἀπόλλων,
596 4615 732 4669 ἀλλὰ
792 4615 1072 4688 συπηρῶν
1117 4615 1338 4677 τούτους
1396 4616 1524 4688 παρ’
1558 4615 1734 4686 ἑαυτῷ
1782 4616 1851 4670 δι’

272 4705 598 4779 εὐχαρίστου
645 4707 946 4779 ὑπομονῆς,
997 4707 1096 4778 τῆς
1147 4706 1300 4779 παρὰ
1340 4706 1461 4778 Θεῷ
1490 4705 1736 4772 τεύξεται
1768 4706 1849 4760 δό·

273 4796 393 4868 ξης.

345 4906 432 4961 ιθ¹.
498 4906 839 4975 Ἐπιθυμίαι
911 4905 1197 4974 εὐσεϐῶν,
1255 4906 1552 4975 ἡδύνουσι
1617 4906 1851 4976 ψυχήν.

271 4998 340 5051 Al.
373 4996 503 5068 περὶ
550 4997 612 5049 τὸ
664 4997 872 5067 ἀγαθὸν
918 4997 1136 5067 ἐφέσεις
1184 4997 1293 5052 τῶν
1337 4997 1729 5068 ἀγαθοεργίαις
1769 5015 1852 5050 τι-

279 5087 505 5160 μώντων
533 5087 689 5155 Θεὸν,
719 5091 786 5160 τῇ
837 5087 1030 5142 τούτου
1062 5090 1319 5160 ὲπιτυχίᾳ
1353 5089 1708 5160 εὐφραίνουσι
1746 5088 1853 5159 ψυ·

275 5199 396 5252 χην.

350 5271 538 5343 Ἔργα
601 5272 670 5327 δὲ
739 5273 977 5330 ἀσεϐῶν
999 5315 1016 5341 ,
1091 5279 1326 5344 μακρὰν
1381 5273 1500 5330 ἀπὸ
1557 5273 1853 5343 γνώσεως.

272 5366 341 5420 Δί
391 5366 446 5418 δὲ
499 5365 726 5436 πράξεις
801 5366 912 5420 τῶν
971 5366 1046 5438 μὴ
1112 5367 1254 5422 οὕτω
1305 5366 1593 5438 τιμώντων
1657 5367 1851 5432 αὑτὸν,

275 5460 465 5532 πόρρω
526 5458 625 5528 τῆς
660 5457 757 5512 τοῦ
806 5459 1014 5528 ἀγαθοῦ
1056 5463 1163 5514 eis:
1215 5460 1491 5530 γνώσεως,
1549 5461 1624 5525 ὼς
1670 5461 1854 5529 άλογοι

274 5551 369 5603 καὶ
435 5549 652 5620 ἀπάτης
710 5551 906 5620 μεσταί
933 5567 947 5582 ο
1003 5552 1296 5605 κάντεῦθεν
1351 5554 1567 5616 πάντως
1625 5553 1712 5607 διά
1757 5553 1855 5625 τὴν

275 5638 369 5694 τοῦ
414 5637 586 5693 κακοῦ
637 5641 877 5710 πεῖρανλ
906 5639 1178 5694 θλίϐουσιν
1237 5641 1302 5692 ὲκ
1355 5639 1716 5712 μεταμελείας
1750 5639 1854 5709 ψυ-

275 5732 396 5803 χήν.
607 5823 884 5886 Ριτιιοι..
933 5823 1048 5885 Gn.
1095 5821 1455 5906 LXXXVII.

1956 4521 2060 4588 Qui
2106 4525 2371 4580 arumnis
2403 4525 2677 4581 excitatos
2713 4527 3080 4584 conscientiae
3119 4530 3373 4587 stimulos
3423 4547 3536 4589 non

1957 4616 2365 4687 parvipendens
2403 4619 2686 4689 Opprimit,
2722 4618 2818 4682 sed
2856 4620 3001 4690 apud
3033 4635 3094 4678 se
3127 4620 3275 4678 fovet
3307 4634 3462 4693 grato
3482 4635 3537 4682 et

1956 4709 2514 4775 constantianimo,
2573 4709 2678 4765 sibi
2729 4711 2873 4781 apud
2941 4712 3114 4769 Deum
3189 4718 3538 4786 comparabit

1953 4800 2191 4856 laudem.
2254 4838 2263 4844 -

2025 4909 2195 4964 Vens.
2237 4909 2325 4965 l9.
2379 4909 2653 4967 Desideria
2699 4914 2910 4982 piarum
2952 4913 3232 4985 laniﬁcam
3273 4919 3533 4973 animam.

1955 4998 2137 5053 Animi
2181 5000 2237 5054 in
2273 5000 2479 5055 bonum
2523 5003 2766 5075 impetus
2809 5005 2864 5059 in
2906 5005 2995 5060 his
3026 5007 3120 5074 qui
3158 5006 3319 5078 bonis
3353 5007 3534 5076 operi-

1955 5092 2063 5147 bus
2116 5093 2390 5149 honorant
2444 5093 2648 5162 Deum,
2700 5096 2846 5152 felici
2899 5097 3050 5153 exitu
3095 5097 3368 5153 delectant
3417 5100 3536 5153 ani-

1957 5199 2122 5238 IDﬂﬂL

2029 5275 2204 5345 Opera
2250 5287 2426 5332 autem
2454 5278 2736 5350 impiorum
2775 5277 2925 5350 longe
2946 5295 2978 5332 a
3007 5279 3245 5334 scientia.
3277 5281 3535 5348 Actiones

1956 5380 2086 5421 vero
2133 5367 2351 5422 illorum
2396 5369 2488 5440 qui
2563 5385 2674 5423 non
2710 5368 2785 5422 ita
2824 5369 3097 5423 honorant
3145 5368 3340 5436 Deum,
3374 5373 3536 5442 longe

1957 5464 2091 5510 sunt
2119 5470 2150 5510 a
2181 5457 2492 5526 cognitione
2529 5457 2680 5522 boni,
2730 5464 2991 5528 tanquam
3027 5459 3238 5515 ratione
3286 5473 3537 5518 carentes

1957 5555 2006 5600 el
2039 5561 2225 5601 errore
2256 5548 2469 5616 plenae;
2502 5558 2556 5601 et
2587 5547 2710 5603 ideo
2739 5548 2810 5603 ob
2841 5550 3196 5606 tentationem
3220 5551 3370 5619 mali,
3394 5571 3541 5612 scm-

1961 5654 2060 5708 per
2093 5649 2386 5697 conterunt
2416 5640 2657 5696 animam
2695 5641 3036 5714 pmnitentia.

3136 5832 3212 5898 43
