3900 6228
448 322 473 386 1
487 323 591 386 355

1792 305 2138 366 PROCOI’ll
2172 305 2416 390 GAZAZI

3585 301 3700 371 1350

520 429 688 487 Vens.
719 432 812 486 20.
858 427 967 495 Qui
1009 422 1255 478 ambulat
1295 436 1414 474 cum
1446 417 1793 487 sapientibus,
1826 417 2033 485 sapiens

2210 419 2276 476 κ’.
2323 421 2375 473 '0
2404 420 2938 490 συμπορευόμενος
2972 421 3185 491 σοφοῖς
3205 458 3222 486 ,
3269 421 3464 492 σοφὸς
3508 421 3700 476 ἔσται·

443 527 546 578 erit
571 523 695 594 ;qui
723 531 898 575 autem
923 517 1160 571 ambulat
1194 529 1311 566 cum
1336 509 1646 576 insensatis,
1671 517 2032 579 eognoscetur.

447 617 552 682 Qui
583 616 648 670 ad
689 611 1087 684 perfectionem
1116 611 1430 678 praeeuntes
1451 600 2028 673 magistrosimitatur,

447 708 741 782 perfccms
771 705 936 761 etiam
967 701 1096 765 erit,
1130 697 1494 755 assimilando
1523 711 1584 752 se
1608 709 1735 750 cum
1765 692 1899 749 illis.
1929 689 2035 758 Qui

442 816 583 858 vero
614 813 740 855 cum
793 793 1094 850 insensatis
1122 800 1295 857 errat,
1345 791 1447 846 etsi
1488 785 1760 843 occultari
1801 785 2032 848 nitatur,

455 908 626 965 Opera
664 888 1015 945 tenebrarum
1053 882 1286 949 iaciens,
1341 892 1627 950 nunquam
1679 875 1908 930 omnino
1942 887 2036 928 oc-

458 963 645 1039 cultus
671 995 795 1036 esse
820 976 1066 1050 poterit;
1092 968 1684 1043 divulgabunturenim
1711 966 1833 1038 ejus
1858 963 2034 1019 actio-

454 1091 554 1132 nes
591 1075 647 1128 in
683 1069 979 1128 metuendo
1013 1066 1302 1124 tribunali.

514 1279 688 1335 Vsus.
721 1279 814 1334 2|.
838 1275 1156 1331 Peccatores
1182 1269 1518 1342 persequitur
1535 1264 1760 1320 malum.
1788 1260 1901 1318 Hos
1937 1259 2035 1331 qui

441 1372 630 1426 divina
676 1367 936 1423 mandata
980 1361 1547 1436 praetergrediuntur,
1588 1363 1792 1413 aeterna
1839 1365 2034 1424 perse-

441 1471 689 1535 quentur
724 1459 1018 1531 supplicia.

511 1572 687 1625 Justis
712 1577 890 1623 autem
919 1564 1284 1620 retribuentur
1311 1561 1469 1615 bona.
1501 1557 1614 1615 Hos
1646 1571 1781 1614 vero
1804 1554 1900 1626 qui
1935 1553 2033 1608 illa

443 1670 712 1727 servant,
756 1671 964 1716 aeterna
1011 1657 1161 1712 bona
1200 1653 1516 1724 excipient;
1576 1650 1793 1722 quando
1845 1649 2032 1719 justus

441 1753 616 1810 Judcx
661 1753 965 1810 secundum
989 1750 1188 1805 merita
1220 1748 1423 1820 cuique
1460 1741 1806 1801 retribuerit.

513 1961 688 2019 \‘lns.
726 1961 816 2016 22.
861 1960 1048 2016 Bonus
1071 1960 1154 2014 vir
1181 1957 1498 2014 luereditare
1528 1953 1687 2026 faciet
1719 1953 1860 2023 ﬁlios
1889 1951 2036 2022 ﬁlio-

447 2073 588 2113 rum.
622 2056 726 2123 Qui
768 2065 964 2111 natura
1022 2063 1108 2110 est
1141 2054 1340 2119 bonus,
1371 2060 1634 2121 tanquam
1658 2047 2039 2118 Dcus,unige—

444 2152 593 2205 nitus
627 2149 800 2205 Filius
831 2157 885 2204 et
908 2147 1146 2204 Verbum
1186 2146 1279 2202 Dei
1317 2152 1370 2200 et
1407 2143 1586 2199 Patris
1617 2150 1836 2208 natura,
1859 2138 2037 2195 factus

448 2245 634 2308 homo,
669 2241 978 2311 possidebit
1003 2240 1147 2294 lilios
1177 2236 1501 2308 spirituales
1527 2235 1728 2290 divina:
1759 2246 1873 2288 suae
1895 2245 2038 2301 prae-

449 2332 768 2396 dicalionis,
810 2341 1036 2387 sanctos
1073 2329 1285 2383 scilicet
1314 2325 1619 2396 discipulos
1644 2337 1777 2380 suos
1810 2332 1867 2377 et
1901 2335 2036 2392 apo-

452 2425 654 2489 stolos,
695 2432 749 2479 et
793 2423 1012 2478 illorum
1047 2421 1213 2485 ﬁlios,
1254 2434 1397 2490 quos
1426 2419 1516 2474 isti
1553 2432 1650 2489 per
1679 2413 2036 2485 Evangelium

447 2527 797 2590 genuerunt;
832 2531 958 2571 cum
993 2517 1067 2569 ita
1094 2513 1483 2568 transmissum
1509 2510 1582 2566 sit
1605 2509 1808 2564 bonum
1827 2521 1894 2560 ex
1915 2505 2038 2574 ipso

447 2626 545 2681 per
575 2610 988 2666 successionem
1024 2606 1079 2660 in
1110 2621 1302 2660 outnes
1332 2603 1628 2658 credentes
1656 2600 1712 2656 in
1743 2599 1947 2670 ipsum,
1985 2603 2040 2651 et

447 2703 812 2758 observantes
835 2708 1030 2756 sancta
1066 2697 1241 2769 ipsius
1270 2695 1546 2750 mandata.
1599 2720 1604 2725 -

520 2883 983 2937 Tltesaurizantur
1027 2887 1204 2933 autem
1249 2877 1419 2948 justis
1469 2877 1672 2931 divitia:
1727 2879 2036 2948 impiorum.

447 2975 596 3042 Quos
657 2985 717 3030 ut
777 2974 1040 3046 quasdam
1097 2967 1321 3028 divitias
1380 2972 1748 3041 possederunt
1796 2973 2038 3042 pessima

448 3069 620 3123 Deum
657 3085 768 3122 non
817 3066 1059 3122 colentia
1100 3065 1394 3130 damonia,
1419 3078 1675 3133 quosque
1713 3079 1810 3134 per
1842 3065 2030 3120 dolum

447 3162 553 3218 sibi
588 3160 980 3222 conciliarunt,
1013 3169 1067 3213 et
1087 3157 1289 3228 quibus
1324 3163 1553 3209 utuntur
1588 3157 1654 3210 ad
1688 3171 1906 3211 onmem
1935 3173 2028 3212 νο·
2058 3149 2101 3207 C

445 3254 682 3310 luntatis
717 3269 832 3310 suae
868 3253 1110 3315 libitum,
1135 3252 1188 3305 hi
1228 3248 1436 3304 sanetis
1469 3247 1723 3305 Patribus
1753 3258 1808 3304 et
1839 3251 2036 3306 docto-

447 3349 602 3404 ribus
651 3345 1162 3416 adjudicabuntur,
1197 3341 1272 3395 ita
1313 3348 1374 3394 ut
1421 3340 1819 3398 daemoniorum
1857 3344 2035 3398 servi-

449 3449 562 3495 tute
605 3439 656 3494 vi
707 3438 1023 3492 eximantur
1062 3433 1293 3500 abillis,
1323 3433 1398 3486 ita
1441 3433 1672 3490 ditiores
1705 3434 2036 3491 facientibus

447 3548 584 3588 suos
615 3531 948 3602 discipulos,
975 3536 1030 3582 et
1071 3526 1138 3582 ad
1173 3526 1346 3581 Deum
1381 3525 1815 3582 adducentibus.

517 3643 686 3699 Vens.
731 3641 822 3696 25.
856 3637 1005 3692 Justi
1036 3636 1237 3708 facient
1277 3639 1334 3692 in
1381 3637 1583 3692 divitiis
1619 3655 1785 3693 annos
1815 3639 2034 3695 multos.

452 3736 646 3808 [liqui
682 3733 986 3790 secundum
1037 3732 1258 3790 divinas
1312 3732 1459 3804 leges
1503 3732 1728 3803 degunt,
1779 3734 2037 3788 incorru-

456 3828 681 3900 ptiltiles
725 3822 1028 3880 secundum
1075 3823 1333 3878 virtutem
1365 3829 1420 3876 et
1477 3822 1764 3877 scientiam
1810 3820 2036 3878 divitias

449 3921 658 3994 adepti,
695 3920 750 3974 in
776 3918 993 3974 inllnita
1020 3917 1223 3973 saecula
1250 3915 1374 3970 illas
1397 3924 1748 3970 conservant.

527 4146 728 4217 lnjusti
779 4152 956 4199 autem
992 4142 1210 4212 perdent
1242 4139 1498 4194 celeriter.
1531 4137 1635 4206 Qui
1671 4149 1875 4209 autem,
1905 4142 2033 4197 dum

450 4243 554 4297 bos
575 4239 925 4302 insimulant,
953 4237 1006 4288 in
1038 4235 1154 4290 sola
1174 4232 1559 4303 corruptibilis
1584 4239 1759 4287 totum
1783 4235 2034 4291 ardorem

449 4341 743 4394 exercent,
780 4327 938 4385 brevi
975 4340 1073 4396 per
1101 4330 1330 4378 mortem
1383 4320 1612 4376 caducis
1649 4324 2034 4393 privabuntur,

459 4425 672 4479 divitiis
696 4431 750 4477 et
780 4421 884 4492 ipsi
917 4414 1446 4475 condemnabuntur
1470 4411 1540 4468 ad
1568 4415 1961 4484 perditionem.

516 4641 692 4696 ‘V’ens.
725 4637 817 4692 24.
853 4637 960 4705 Qui
984 4638 1157 4707 parcit
1185 4651 1300 4690 sua:
1320 4635 1502 4706 virgae,
1529 4632 1641 4688 odit
1669 4633 1839 4703 [ilium
1859 4649 2031 4686 suum.

449 4737 554 4804 Qui
588 4734 760 4788 tilium
806 4745 972 4786 suum
996 4745 1122 4784 cum
1170 4729 1390 4782 ratione
1430 4741 1542 4782 non
1592 4725 1844 4796 castigat,
1884 4725 2037 4796 virga

451 4826 794 4886 conﬁrmans
827 4837 955 4878 cum
999 4821 1053 4875 in
1074 4821 1243 4886 bono,
1279 4818 1420 4874 male
1444 4833 1504 4876 se
1531 4817 1701 4874 habet
1733 4833 1862 4889 erga
1884 4833 2034 4885 eum,

427 4921 580 4994 -quia
617 4914 856 4988 negliget
887 4909 1037 4984 quod
1077 4908 1126 4965 ei
1150 4908 1395 4980 prodest.

503 5122 626 5192 iQui
647 5132 826 5178 autem
851 5113 1332 5184 amat,-diligenter
1352 5110 1549 5168 erudit.
1574 5109 1676 5180 Qui
1709 5121 1889 5168 autem
1907 5124 2035 5182 erga

452 5219 627 5273 ﬁlium
662 5217 803 5270 bene
845 5228 904 5268 se
932 5210 1123 5276 habet,
1152 5206 1390 5264 sollicite
1415 5205 1564 5276 angit
1587 5221 1712 5260 eum
1748 5213 1804 5259 ut
1827 5211 2038 5260 avertat

456 5328 486 5367 a
527 5311 710 5376 malis,
742 5317 797 5364 et
837 5305 1021 5378 arguit
1060 5311 1121 5359 ut
1148 5300 1389 5357 adducat
1417 5299 1482 5354 ad
1513 5299 1678 5354 bona.

543 5504 703 5561 Vens.
741 5505 833 5562 ‘25.
869 5504 1058 5560 Justus
1089 5504 1364 5558 comedens
1395 5500 1578 5570 implet
1601 5500 1838 5553 animam
1861 5515 2035 5554 suam.

460 5599 566 5666 Qui
620 5599 921 5654 secundum
968 5598 1115 5666 leges
1164 5596 1382 5651 divinas
1427 5593 1597 5664 degit,
1646 5607 1784 5662 pane
1827 5593 2038 5647 cmlesti

459 5689 723 5758 nutritus,
770 5689 1067 5746 satiabitur
1091 5703 1216 5745 cum
1253 5686 1576 5759 apparuerit
1605 5686 1685 5745 illi
1715 5685 1887 5758 gloria
1919 5684 2036 5742 Dei.

2137 516 2170 568 ό
2197 514 2265 567 δὲ
2311 514 2844 584 συμπορευόμενος
2885 514 3131 584 ἄφροσι,
3178 515 3611 584 γνωσθήσεται.
3657 518 3707 572 Ὀ

2135 607 2266 672 τοὺς
2299 609 2381 671 εἰς
2416 607 2737 679 τελειότητα
2779 607 3096 678 φθάσαντας
3126 607 3483 673 διδασκάλους
3525 612 3707 681 μιμού-

2137 719 2320 773 μενος,
2350 702 2557 765 τέλειος
2587 702 2681 754 καὶ
2706 701 2869 764 αὐτὸς
2906 701 3078 763 ἔσται,
3111 700 3454 772 ἀφομοιώσει
3497 705 3561 773 τῇ
3589 704 3710 776 πρὸς

2135 793 2367 859 αὐτούς·
2399 797 2427 848 ό
2470 793 2528 848 δὲ
2581 795 2695 858 τοῖς
2745 793 3030 857 άσυνέτοις
3081 793 3568 864 συναπατιῖιμενος,
3620 796 3710 849 κᾶν

2134 885 2426 942 λανθάνειν
2471 886 2753 955 ἐπιχειρῇ,
2801 885 2868 938 τὰ
2913 884 3054 954 ἔργα
3102 884 3199 938 τοῦ
3252 884 3484 949 σκότους
3527 886 3710 951 ποιῶν,

2133 978 2250 1033 ἀλλ’
2276 978 2380 1032 οὐκ
2427 979 2509 1041 είς
2560 978 2711 1032 ἆπαν
2753 976 2939 1030 λαθεῖν
2992 975 3232 1047 δυνηθῇ·
3265 976 3710 1049 δημοσιευθήσον-

2133 1089 2224 1124 ται
2256 1071 2365 1143 γὰρ
2411 1071 2468 1124 αἱ
2499 1069 2695 1125 τούτου
2743 1070 2975 1143 πράξεις
3020 1069 3115 1123 ἐπὶ
3143 1069 3242 1122 τοῦ
3279 1069 3522 1142 φοϐεροῦ
3552 1069 3715 1141 βήμα-

2133 1181 2246 1229 τος.

2202 1271 2312 1328 κα’.
2371 1269 2844 1342 Ἀμαρτάνοντας
2893 1269 3322 1336 καταδιὼξεται
3368 1270 3553 1326 κακά.
3603 1272 3718 1335 Τοῖς

2132 1364 2231 1425 τὰς
2257 1363 2411 1427 Θείας
2451 1363 2675 1427 ἐντολάς
2721 1361 3158 1434 παραϐαίνουσιν
3187 1363 3244 1416 αἱ
3276 1361 3496 1417 αἰώνιοι
3526 1365 3716 1418 ἐπακο-

2132 1457 2459 1529 λουθήσουσι
2483 1455 2760 1520 κολάσεις.

2207 1567 2356 1635 Τοὺς
2377 1566 2446 1621 δὲ
2472 1566 2748 1633 δικαίους
2783 1562 3200 1633 καταλήψεται
3245 1560 3467 1634 ἀγαθά.
3507 1563 3644 1628 Τοὺς
3666 1565 3716 1618 δὲ

2135 1657 2435 1730 τηροῦντας
2465 1657 2747 1723 αὑτὰς,τὰ
2789 1657 2988 1713 αἰώνια
3023 1654 3210 1724 ἀγαθὰ
3246 1653 3565 1725 καταλάϐῃ,
3595 1656 3716 1708 ὅταν

2054 1783 2104 1845 Β
2133 1751 2354 1814 πάντως
2384 1753 2412 1805 ὁ
2462 1743 2675 1814 δίκαιος
2719 1749 2915 1820 κριτὴς
2958 1748 3079 1802 κατ’
3109 1747 3270 1814 ἀξίαν
3298 1745 3557 1818 ὑπονέμῃ
3600 1745 3718 1798 ἑκά-

2139 1863 2268 1920 στῳ.
2616 1897 2621 1918 ἰ

2208 1960 2312 2032 κβ’.
2353 1959 2590 2031 Ἀγαθός
2648 1959 2805 2031 ἀνὴρ
2849 1957 3298 2028 κληρονομήσει
3337 1955 3518 2022 υἱοὺς
3565 1952 3715 2009 υἱῶν.

2152 2052 2211 2109 '0
2238 2053 2397 2125 φύσει
2421 2053 2649 2123 ἀγαθὸς,
2675 2052 2751 2118 ὡς
2773 2045 2927 2118 Θεὸς,
2954 2052 3250 2124 μονογενὴς
3280 2049 3413 2113 Υἱὸς
3444 2049 3542 2102 καὶ
3563 2048 3719 2116 Λόγος

2137 2149 2231 2204 τοῦ
2274 2148 2412 2204 Θεοῦ
2447 2149 2543 2202 καὶ
2587 2148 2806 2219 Πατρδς
2849 2146 3032 2217 φύσει,
3084 2147 3374 2216 γενόμενος
3417 2143 3718 2214 ἅνθρωπος,

2138 2242 2404 2314 κτήσεται
2455 2240 2623 2294 τέκνα
2667 2257 2727 2294 τε
2761 2239 3110 2310 πνευματικὰ
3141 2239 3243 2307 τῆς
3295 2235 3589 2302 θειοτάτης
3632 2232 3720 2285 αὖ·

2138 2334 2230 2388 τοῦ
2283 2333 2659 2398 διδασκαλίας,
2710 2333 2838 2395 τοὺς
2884 2331 3072 2400 ἁγίους
3119 2327 3288 2383 αὑτοῦ
3343 2327 3602 2398 μαθητὰς
3634 2323 3718 2378 καὶ

2137 2429 2493 2492 ἀποστόλους,
2539 2427 2635 2481 καὶ
2685 2427 2894 2480 τούτων
2939 2427 3128 2487 τέκνα,
3171 2421 3263 2486 οὓς
3311 2421 3541 2484 πάντως
3586 2412 3717 2471 οὗτοι

2138 2518 2226 2574 διὰ
2249 2519 2344 2573 τοῦ
2367 2519 2703 2588 Εὑαγγελίου
2728 2518 3027 2587 ἐγέννησαν
3051 2530 3066 2543 '
3083 2512 3456 2584 διαδιδομένου
3481 2509 3574 2564 τοῦ
3596 2509 3717 2576 άγα·

2139 2611 2233 2665 θοῦ
2269 2611 2328 2675 ἐξ
2360 2610 2549 2676 αὑτοῦ,
2599 2609 2743 2663 κατὰ
2792 2607 3045 2677 διαδοχὰς
3084 2606 3167 2670 είς
3213 2604 3429 2665 πάντας
3479 2600 3606 2662 τοὺς
3635 2615 3714 2650 πιο

2140 2704 2432 2767 στεύοντάς
2467 2721 2526 2757 τε
2555 2704 2635 2767 εἰς
2659 2701 2841 2768 αὑτὸν,
2873 2703 2966 2754 καὶ
2993 2697 3297 2771 τηροῦντας
3320 2695 3424 2759 τὰς
3453 2695 3613 2762 ἁγίας
3637 2690 3714 2743 αὖ·

2139 2798 2232 2852 τοῦ
2261 2798 2500 2860 ἐντολάς.
2924 2849 2927 2853 ,

2213 2904 2639 2975 Θησαυρίζεται
2688 2903 2756 2958 δὲ
2817 2902 3075 2968 δικαίοις
3125 2899 3396 2965 πλοῦτος
3464 2893 3705 2952 ἀσεϐῶν.

2140 3000 2245 3064 Οὓς
2273 3000 2318 3053 δ’
2345 2999 2421 3062 ὥς
2441 3016 2562 3052 τινα
2591 2995 2820 3050 πλοῦτον
2849 2995 3153 3064 ἐκτήσαντο
3174 2994 3223 3045 οἱ
3250 2992 3382 3045 Θεὸν
3425 2991 3502 3062 μὴ
3525 2987 3708 3058 τιμῶν-

2140 3109 2232 3157 τες
2263 3091 2627 3161 πονηρότατοι
2655 3088 2932 3158 δαίμονες,
2953 3082 3369 3154 οίκειωσάμενοί
3409 3099 3474 3134 τε
3502 3080 3569 3133 δι’
3591 3077 3708 3132 disd-

2138 3203 2256 3255 της,
2285 3186 2379 3238 καὶ
2406 3185 2682 3255 χρώμενοι
2720 3180 2933 3242 τούτοις
2972 3178 3108 3250 πρὸς
3137 3179 3245 3230 πᾶν
3278 3176 3339 3229 τὸ
3375 3176 3567 3236 αὐτοῖς
3603 3173 3709 3242 βον-

2139 3279 2322 3349 λητδν,
2359 3279 2407 3332 οἱ
2435 3276 2666 3331 τοιοῦτοι
2699 3277 2814 3338 τοῖς
2853 3272 3030 3342 ἁγίοις
3063 3271 3310 3341 Πατράσι
3349 3268 3450 3322 καὶ
3475 3262 3708 3320 διδασκά-

2137 3372 2250 3435 λοις
2283 3371 2752 3441 άποταμιεύονται
2773 3386 2787 3400 '
2841 3367 2983 3421 ὥστε
3032 3368 3132 3437 τῆς
3171 3364 3281 3418 τῶν
3310 3361 3588 3432 δαιμόνων
3613 3357 3708 3409 δου-

2138 3466 2289 3529 λείας
2329 3464 2763 3537 ἀφαρπασθῆναι
2803 3463 2869 3516 δι’
2913 3460 3130 3515 αὐτῶν·
3179 3456 3604 3527 πλουτησάντων
3626 3449 3706 3504 αὐ·

2137 3559 2264 3622 τοὺς
2301 3555 2573 3629 μαθητὰς,
2608 3556 2707 3610 καὶ
2738 3552 3208 3626 προσαγαγόντων
3237 3547 3376 3618 Θεῷ.

2207 3678 2315 3741 κγ’.
2346 3670 2570 3724 Δίκαιοι
2600 3667 2971 3735 ποιήσουσιν
2995 3665 3065 3718 ἐν
3090 3663 3334 3725 πλούτῳ
3355 3659 3467 3726 ἐτη
3503 3653 3700 3712 πολλὰ.

2137 3765 2203 3819 Οἱ
2248 3764 2390 3818 κατὰ
2447 3764 2574 3825 τοὺς
2627 3759 2806 3823 θείους
2878 3758 3079 3828 νόμους
3138 3753 3582 3822 πολιτευόμενοι,
3629 3747 3701 3799 τὸν

2137 3858 2262 3912 κατ’
2333 3855 2538 3928 ἀρετὴν
2603 3855 2699 3908 καὶ
2761 3851 2964 3921 γνῶσιν
3005 3848 3313 3920 ’ἄφθαρτον
3383 3844 3699 3914 κτησάμενοι

2137 3950 2392 4013 πλοῦτον,
2424 3951 2506 4011 είς
2538 3945 2878 4019 ἀπεράντους
2922 3942 3125 4006 αἰῶνας
3173 3939 3306 4011 παρ’
3337 3931 3700 4009 αὐτῷ’ὃιαμεί·

2139 4060 2325 4098 νωσιν.

2213 4149 2440 4206 Ἀδικοι
2482 4145 2552 4200 δὲ
2597 4143 2968 4201 ἀπολοῦνται
3015 4139 3350 4210 συντόμως.
3389 4140 3454 4193 Οἱ
3502 4137 3556 4191 δὲ
3597 4131 3696 4187 τεύ-

2137 4261 2264 4307 τους
2299 4239 2647 4305 ἀθετοῦντες,
2687 4237 2762 4302 ὡς
2802 4236 2930 4308 περὶ
2964 4236 3031 4290 τὰ
3061 4233 3279 4305 φθαρτὰ
3309 4232 3450 4302 μόνα
3480 4229 3576 4300 τὴν
3609 4225 3692 4278 πᾶ-

2141 4353 2240 4390 σαν
2277 4333 2517 4404 σπουδὴν
2549 4332 2890 4402 ποιούμενοι,
2922 4327 3132 4398 ταχέως
3161 4327 3238 4398 τῷ
3263 4325 3504 4394 Θανάτῳ,
3541 4318 3624 4373 τοῦ
3649 4333 3694 4370 τε

2141 4428 2409 4500 ὲπικήρου
2445 4424 2870 4497 στερηθήσονται
2915 4417 3174 4485 πλούτου,
3209 4417 3304 4470 καὶ
3345 4414 3500 4470 αὐτοὶ
3538 4425 3687 4479 παρα-

2057 4497 2114 4561 D
2141 4497 2560 4592 πεμφθήσονται
2595 4516 2674 4579 εἰς
2692 4513 2989 4569 ἀπώλειαν.

2210 4631 2307 4684 κδ’.
2355 4630 2461 4695 Ὃς
2488 4626 2753 4698 φείδεται
2791 4623 2902 4692 τῆς
2929 4619 3149 4676 ἑαυτοῦ
3182 4618 3534 4686 βακτηρίας,
3554 4605 3694 4684 μισεῖ

2139 4722 2247 4777 τὸν
2271 4719 2490 4775 ἑαυτοῦ
2514 4719 2667 4773 υἱόν.
2712 4717 2810 4778 Ὃς
2841 4713 2915 4786 μὴ
2949 4711 3238 4780 ὲπιστύφει
3263 4709 3354 4764 τὸν
3390 4706 3576 4762 ἑαυτοῦ
3599 4700 3688 4755 υίὺν

2137 4815 2225 4868 διὰ
2258 4813 2441 4882 λόγου,
2480 4811 2637 4882 δίκην
2670 4807 2973 4880 βακτηρίας
2999 4806 3272 4876 στηρίζων
3313 4803 3506 4856 τοῦτον
3547 4799 3618 4860 εις
3640 4793 3686 4846 τὺ

2141 4907 2370 4976 ἀγαθὸν,
2407 4905 2597 4968 κακῶς
2629 4902 2896 4956 διάκειται
2949 4899 3084 4970 πρὸς
3125 4897 3309 4966 αὑτὸν,
3343 4896 3420 4961 ὡς
3447 4893 3534 4949 τοῦ
3577 4902 3686 4958 συμ-

2141 5001 2400 5074 φέροντος
2429 4996 2605 5068 τούτῳ
2639 4991 3070 5065 καταρᾳθυμῶν.

2206 5111 2285 5165 .'0
2313 5109 2382 5164 δὲ
2433 5105 2705 5180 ἀγαπῶν,
2746 5101 3046 5174 ἐπιμελῶς
3079 5099 3370 5154 παιδεύει.
3407 5097 3464 5150 '0
3490 5095 3541 5148 δὲ
3571 5088 3682 5162 πρὸς

2136 5204 2328 5258 τοῦτον
2374 5201 2554 5264 καλῶς
2603 5196 2966 5268 διακείμενος,
3023 5190 3516 5264 μεαεριμνημένως
3542 5195 3679 5253 προσ-

2139 5296 2329 5348 κόπτει
2381 5309 2442 5345 τε
2492 5289 2656 5343 αὐτὸν
2703 5287 3032 5356 ἀποτρέπων
3079 5298 3190 5337 των
3225 5281 3298 5352 μὴ
3345 5280 3580 5340 δεόντων,
3607 5269 3679 5323 καὶ

2136 5387 2381 5441 νουθετεῖ
2411 5381 2855 5456 προτρεπόμενος
2889 5377 3028 5449 πρὸς
3055 5375 3123 5429 τὰ
3157 5374 3367 5430 δέοντα.

2209 5504 2307 5553 κε’.
2344 5495 2583 5559 Δίκαιος
2621 5491 2840 5546 ἐσθίων
2903 5486 3204 5558 ἐμπλήσει
3252 5483 3465 5555 ψυχὴν
3505 5470 3675 5536 αὐτοῦς

2153 5592 2210 5645 '0
2242 5587 2387 5643 κατὰ
2415 5586 2613 5656 νόμους
2663 5581 2842 5642 θείους
2871 5576 3312 5648 πολιτευόμενος,
3341 5569 3537 5642 τροφὴν
3565 5565 3674 5656 ἔχων

2138 5683 2231 5736 τὸν
2261 5680 2514 5752 οὐράνιον
2561 5675 2746 5746 ἄρτον,
2797 5668 3235 5744 χορτασθήσεται
3278 5668 3340 5723 ὲν
3371 5662 3444 5736 τῷ
3483 5655 3674 5732 ὀφθῆναι

2139 5772 2286 5844 αὐτῷ
2311 5772 2410 5842 τὴν
2439 5767 2596 5835 δόξαν
2627 5764 2721 5820 τοῦ
2750 5761 2910 5819 Θεοῦ.
