3900 6228
301 364 434 428 1357

1287 355 1822 422 COMMENTARII
1852 353 1934 414 ΙΝ
1975 351 2408 414 PROVERBIA
2428 360 2456 412 .'

3397 349 3538 422 13353

370 472 564 542 Ψυχαὶ
595 470 664 526 δὲ
686 471 943 539 ἀσεϐῶν,
974 469 1221 538 ἐνδεεῖς.
1256 471 1322 524 Δί
1351 468 1524 539 ψυχαὶ
1548 468 1604 522 δὲ
1651 465 1760 519 τῶν
1792 463 1866 535 μὴ

2039 461 2248 515 Anima
2274 469 2447 515 autem
2482 458 2764 528 impiorum
2795 457 3110 530 indigentes.
3131 457 3342 514 Animae
3363 470 3545 516 autem

287 564 356 618 δι’
407 565 775 636 ἀγαθοεργίας
821 567 1108 636 τιμώντων
1158 564 1250 618 τὸν
1297 561 1454 626 Θεὸν,
1511 559 1603 614 τοῦ
1653 556 1863 626 ἀγαθοῦ

2001 565 2154 605 orum
2201 550 2295 620 qui
2328 564 2425 620 per
2455 549 2628 603 bonos
2670 555 2826 602 actus
2869 563 2978 602 non
3021 547 3303 603 honorant
3349 547 3542 614 Deum,

288 657 650 727 ἐστερημέναι
681 657 986 729 ὑπάρχουσι
1013 673 1027 690 ο
1050 656 1144 709 καὶ
1163 654 1270 709 ῦπδ
1293 653 1392 724 τῆς
1418 652 1608 708 τούτου
1635 647 1863 712 ἐνδείας,

287 745 364 812 ὡς
393 746 500 801 ὑπό
525 764 667 811 τινος
688 747 860 802 δεινοῦ
890 747 1081 818 λοιμοῦ
1115 747 1428 818 τρύχονται.

876 909 1128 963 ΚΕΦΑΛ.
1172 910 1271 962 1Δ’.

357 1041 428 1089 α’.
457 1035 645 1104 Σοφαὶ
671 1033 952 1104 γυναῖκες
980 1033 1379 1105 ᾠκοδόμησαν
1438 1033 1662 1100 οῑκους.
1689 1033 1756 1088 Ai
1780 1033 1868 1090 διὰ

288 1126 348 1179 τὸ
392 1128 578 1197 τηρεῖν
608 1125 699 1180 τὸν
749 1126 876 1180 καθ’
915 1126 982 1180 ’ὃν
1029 1125 1188 1194 λόγον
1219 1123 1502 1194 γεγόνασι,
1545 1124 1736 1193 σοφίας
1790 1123 1868 1194 μὴ

288 1216 616 1289 ἀμοιροῦσαι
647 1216 842 1288 ψυχαὶ,
877 1215 1208 1287 εὐτρέπισαν
1249 1216 1494 1281 ἑαυταῖς,
1542 1215 1685 1271 κατὰ
1733 1219 1869 1290 πρᾶ-

289 1310 391 1375 ξιν,
417 1309 516 1373 τὰς
543 1309 702 1382 δίκην
729 1308 896 1364 οἴκων
925 1308 1034 1363 ἀπὸ
1061 1307 1156 1362 τοῦ
1184 1307 1455 1380 χειμῶνος
1485 1310 1581 1364 καὶ
1615 1309 1709 1364 τοῦ
1735 1310 1870 1365 καύ-

291 1417 458 1465 σωνος
483 1403 592 1454 τῶν
622 1399 812 1454 παθῶν
845 1398 1186 1469 φυλακτικάς
1225 1401 1446 1472 ἀρετάς.

373 1529 442 1585 Ἠ
465 1528 533 1582 δὲ
556 1529 763 1599 ἄφρων
790 1529 1106 1600 γενομένη,
1140 1531 1491 1600 κατέσκαψε
1518 1533 1733 1601 χερσίν
1763 1534 1870 1588 αὐ-

289 1621 418 1688 τῆς.
463 1621 528 1674 Ἢ
551 1620 608 1674 δὲ
631 1621 772 1692 πρὸς
800 1621 1028 1691 ἀλογίαν
1054 1623 1326 1695 τραφεῖσα
1352 1621 1522 1694 ψυχὴ,
1552 1623 1649 1686 τάς
1679 1623 1868 1677 τοιαύ-

287 1731 388 1777 τας
452 1712 760 1785 διέφθειρεν
807 1713 1043 1784 ἀρετάς’
1098 1713 1423 1786 χρησαμένη
1477 1714 1617 1786 πρὸς
1672 1713 1869 1769 κακίαν

1973 640 2118 696 bono
2147 639 2453 709 indigentes
2485 638 2658 704 lium;
2682 644 2737 692 et
2769 637 2872 692 hac
2895 637 3022 692 boni
3072 638 3394 708 indigentia,
3424 647 3546 692 tan-

1970 746 2133 801 quam
2170 730 2423 786 horribili
2454 728 2692 800 quadam
2728 727 2873 784 fame
2910 735 3260 800 torquentur.

2596 895 2747 952 CAP.
2790 894 2927 951 XIV.

2054 1025 2222 1079 Vens.
2254 1024 2306 1079 l.
2342 1022 2618 1094 Sapientes
2655 1021 2904 1077 mulieres
2922 1021 3318 1092 wdi/icrwerunt
3341 1023 3546 1080 domos.

1979 1113 2112 1181 Quae
2165 1113 2466 1170 observant
2515 1113 2810 1178 rationem,
2851 1127 2958 1182 qua
2993 1112 3124 1183 ipsa:
3155 1120 3434 1177 constant,
3464 1128 3550 1168 sa-

1970 1204 2177 1277 pientia
2237 1217 2348 1258 non
2379 1210 2636 1274 expertes
2693 1201 2913 1270 animae,
2969 1201 3073 1258 sibi
3106 1211 3442 1272 paraverunt
3484 1204 3550 1258 ad

1973 1295 2246 1368 agendum
2287 1294 2524 1355 virtutes
2558 1293 2761 1365 quibus
2802 1293 3093 1348 domorum
3142 1293 3317 1349 instar
3363 1301 3550 1364 prote-

1978 1394 2178 1460 gantur
2212 1393 2409 1442 contra
2450 1385 2659 1458 frigora
2685 1394 2739 1441 et
2769 1384 2999 1441 ardores
3027 1385 3372 1456 passionum.

2049 1513 2318 1587 Insipiens
2363 1521 2542 1569 autem
2602 1514 2752 1584 facta
2817 1513 3081 1568 destruxit
3129 1514 3241 1568 suis
3285 1512 3548 1566 manibus.

1977 1606 2255 1664 Conversa
2282 1618 2466 1664 autem
2501 1607 2570 1663 ad
2613 1606 2906 1663 stultitiam
2942 1606 3127 1660 anima
3153 1605 3288 1660 tales
3323 1605 3552 1660 virtutes

1975 1703 2244 1772 corrupit,
2297 1715 2364 1756 eo
2415 1698 2564 1770 quod
2608 1713 2710 1754 usa
2749 1705 2834 1753 est
2880 1697 2947 1752 ad
2996 1697 3257 1752 malitiam
3300 1696 3444 1766 aptis
3483 1694 3550 1749 ad

288 1807 409 1869 ταῖς
443 1804 586 1876 πρὸς
613 1805 878 1876 ἐργασίαν
905 1806 999 1860 τοῦ
1038 1805 1246 1875 ἀγαθοῦ
1279 1804 1510 1871 οἰκείαις
1538 1806 1831 1877 δυνάμεσιν
1857 1821 1871 1838 ·

1998 1807 2182 1847 tonum
2226 1789 2656 1862 perpetrandum
2704 1787 3085 1852 facultatibus,
3113 1787 3257 1842 unde
3283 1802 3342 1842 se
3374 1786 3554 1841 omni-

288 1897 413 1950 ὅθεν
477 1895 697 1960 πάντως
755 1897 955 1952 πάθεσι
1040 1899 1398 1970 χειμάζεσθαι
1457 1897 1874 1970 παρεσκεύασεν

289 1985 508 2056 ἑαυτήν.

360 2115 424 2186 β’.
479 2116 541 2169 '0
590 2115 995 2186 πορευόμενος
1043 2117 1248 2186 ὀρθῶς,
1298 2117 1562 2188 φοϐεῖται
1606 2117 1712 2172 τὸν
1763 2120 1874 2172 Κυ-

279 2225 436 2276 ριον.
486 2206 546 2262 '0
609 2207 686 2278 μὴ
734 2208 1135 2280 ἐκτρεπόμενος
1200 2209 1310 2265 ἀπὸ
1350 2209 1448 2279 τῆς
1501 2208 1623 2262 κατ’
1671 2208 1873 2279 ἀρετὴν

290 2299 506 2364 εὐθείας
557 2298 703 2366 ὀδοῦ,
743 2299 836 2355 τὸν
878 2300 1074 2354 ἑαυτοῦ
1115 2301 1394 2372 Δεσπότην
1423 2301 1669 2371 φοϐεῖται
1697 2300 1829 2353 Θεόν
1854 2316 1868 2330 ·

285 2391 367 2464 τῷ
395 2392 506 2464 γὰρ
538 2391 691 2464 φόϐῳ
716 2392 926 2466 Κυρίου
960 2393 1204 2447 ἐκκλίνει
1237 2394 1345 2457 πᾶς
1375 2392 1484 2446 ἀπὸ
1512 2391 1708 2448 κακοῦ.

371 2517 438 2572 '0
468 2516 538 2571 δὲ
567 2516 904 2580 σκολιόζων
930 2517 1061 2584 ταῖς
1090 2518 1254 2586 ὁδοῖς
1303 2518 1511 2584 αὐτοῦ,
1545 2517 1874 2588 ἀτιμασθή-

289 2624 480 2664 σεται.
533 2609 592 2663 '0
634 2609 680 2663 δ’
733 2611 814 2675 είς
859 2610 929 2664 τὰ
962 2610 1084 2665 κατ’
1127 2609 1365 2679 ἔλλειψιν
1405 2610 1506 2680 τῆς
1535 2611 1738 2682 ἀρετῆς
1780 2611 1875 2664 καὶ

289 2700 596 2773 ὑπερϐολὴν
653 2701 802 2773 πάθη
847 2703 1350 2777 περιτρεπόμενος,
1403 2704 1503 2774 τῆς
1552 2703 1706 2775 παρά
1753 2704 1875 2776 Θεῷ

287 2793 454 2864 τιμῆς
507 2794 940 2866 στερηθήσεταιο
993 2794 1092 2862 τῆς
1143 2793 1295 2859 θείας
1339 2793 1618 2866 βασιλείας
1670 2795 1870 2848 ἀποτυο

291 2886 424 2957 χὼν,
456 2887 550 2942 καὶ
571 2886 929 2960 κατακριθεὶς
956 2887 1036 2951 είς
1059 2887 1306 2956 γέενναν.

359 3017 428 3086 Υ.
466 3017 567 3072 Ἐκ
589 3017 886 3086 στόματος
905 3015 1186 3085 ἀφρόνων
1221 2997 1523 3084 ,ϐακτηρία
1544 3015 1784 3084 ὕϐρεως.
1816 3015 1873 3070 Ὀ

1977 1896 2048 1937 no
2077 1880 2432 1953 passionibus
2468 1879 2780 1953 agitandam
2815 1877 3088 1950 permisit.

2047 2098 2214 2154 Vens.
2251 2096 2307 2152 2.
2343 2096 2449 2162 Qui
2488 2087 2727 2151 ambulat
2765 2105 2900 2151 recte
2932 2095 3078 2148 timet
3106 2094 3415 2149 Dominum.
3449 2093 3552 2160 Qui

1976 2204 2084 2244 non
2111 2188 2380 2243 avertitur
2410 2203 2439 2242 a
2469 2196 2619 2243 rccta
2643 2187 2946 2243 secundum
2979 2186 3239 2241 virtutem
3261 2186 3370 2250 via,
3394 2201 3554 2240 suum

1975 2279 2268 2335 Dominum
2311 2280 2468 2337 timet
2494 2279 2702 2347 Deum;
2735 2279 2930 2335 timore
2952 2281 3102 2334 enim
3136 2278 3351 2334 Domini
3385 2280 3554 2334 decli-

1978 2382 2074 2427 nat
2105 2372 2288 2427 omnis
2329 2371 2494 2427 homo
2527 2372 2741 2426 amalo.

2049 2500 2154 2568 Qui
2201 2510 2374 2556 autem
2409 2500 2581 2556 deuiat
2626 2503 2680 2555 in
2724 2502 2837 2556 suis
2871 2501 2989 2565 riis,
3040 2517 3140 2555 non
3185 2499 3552 2554 honorabitur.

1975 2594 2080 2660 Qui
2125 2603 2306 2649 autem
2340 2594 2684 2650 convertitur
2722 2595 2788 2648 ad
2822 2595 3110 2665 passiones
3139 2593 3342 2664 quibus
3385 2592 3554 2663 negli-

1977 2687 2127 2758 gitur
2162 2686 2340 2741 virtus
2363 2694 2416 2741 et
2439 2685 2712 2753 tardatur,
2738 2685 2946 2742 honore
2974 2685 3118 2760 apud
3159 2683 3327 2740 Deum
3373 2685 3553 2753 priva-

1988 2777 2160 2843 bitur,
2193 2794 2222 2834 e
2257 2777 2445 2833 divino
2475 2792 2643 2848 regno
2691 2778 2883 2848 pulsus
2917 2785 2971 2833 et
3008 2778 3301 2832 damnatus
3346 2777 3412 2830 ad
3459 2791 3554 2846 ge-

1979 2872 2237 2927 bennam.

2047 2997 2220 3054 Vens.
2258 2999 2315 3053 5.
2359 2996 2444 3050 Ea:
2479 3013 2569 3051 ore
2595 2997 2884 3051 stultorum
2926 2995 3148 3051 baculus
3197 2994 3549 3049 contumeliw.

289 3111 398 3164 τῶν
428 3110 680 3181 ἀφρόνων
709 3109 891 3178 λόγος.
924 3108 1024 3178 οὐχ
1059 3101 1153 3160 οἷα
1199 3107 1396 3177 ῥάϐδος
1419 3105 1519 3179 τὴν
1543 3107 1652 3161 τῶν
1682 3105 1871 3160 παθῶν

1998 3091 2286 3146 Stultorum
2314 3104 2518 3152 sermo,
2543 3103 2653 3143 non
2688 3088 2866 3160 qualis
2893 3087 3047 3159 virga
3080 3087 3395 3156 passionum
3419 3101 3554 3142 con-

291 3157 462 3270 ιξριξ
473 3157 768 3269 Ioles—tes};
785 3157 904 3252 Et}
931 3157 1024 3262 ag;
1034 3157 1871 3270 τὶζβὲπέἐτῆῥῖεἑὲηᾶξεῖέέάῄζ

1998 3183 2258 3244 .utncliam
2320 3182 2592 3254 ﬂagellat,
2646 3157 2742 3238 sed
2801 3157 3261 3251 quasiﬁbaculus
3329 3179 3550 3250 quidam

291 3293 381 3346 λον
413 3291 583 3362 αὐτήν
615 3307 628 3321 ·
676 3291 751 3356 ὡς
792 3293 922 3354 ¹τοὺς
975 3291 1277 3356 ἀκούοντας
1331 3289 1408 3364 μὴ
1455 3291 1868 3364 διορθούμενος,

293 3382 407 3437 ἀλλ’
439 3381 682 3453 έδράζων
717 3382 775 3434 ὲν
806 3385 918 3445 τοῖς
953 3383 1164 3446 κακοῖς.

362 3509 544 3575 Χείλη
578 3507 644 3560 δὲ
676 3505 886 3576 σοφῶν
921 3506 1231 3576 φυλάσσει
1280 3508 1522 3574 αὐτούς,
1555 3508 1675 3562 Τῶν
1704 3509 1763 3562 δὲ
1789 3525 1874 3562 σο-

295 3599 413 3670 φῶν
459 3598 509 3652 οί
557 3597 706 3666 λόγοι
763 3597 824 3650 οὐ
893 3597 1052 3667 μόνον
1110 3597 1448 3669 διορθοῦνται
1494 3601 1620 3666 τοῦς
1667 3600 1872 3654 τούτων

292 3689 698 3761 ἀκροωμένους,
754 3688 892 3742 ἀλλά
930 3688 1024 3743 καὶ
1072 3690 1273 3753 αὐτοὺς
1314 3689 1578 3762 τηροῦσιν
1626 3690 1766 3744 ὥστε
1799 3690 1874 3762 μὴ

296 3783 616 3852 περιπεσεῖν
660 3773 743 3843 οἷς
785 3778 940 3834 αὐτοὶ
969 3779 1376 3850 ἀποτρέπονται
1401 3800 1415 3814 ο
1466 3773 1642 3850 ἑνηοίς
1670 3780 1777 3850 γὰρ
1825 3782 1874 3832 ot

297 3873 508 3928 συνετοὶ
538 3872 786 3944 διορθοῦν
829 3872 1053 3945 ἐτέρους
1093 3873 1484 3944 ἐπιχειροῦσιν,
1542 3871 1878 3940 κατασφαλι-

295 3963 476 4029 ζονται
509 3964 757 4031 ἑαυτοὺς,
801 3963 877 4036 μὴ
914 3963 982 4018 τά
1012 3965 1174 4035 ὃμοια
1202 3963 1433 4027 ἐκείνοις
1467 3962 1678 4019 παθεῖν.

366 4099 418 4147 ι’.
456 4087 540 4149 Οὗ
573 4092 654 4162 μή
689 4095 809 4147 εισι
841 4093 1010 4158 βόες,
1041 4092 1258 4162 φάτναι
1282 4093 1554 4162 καθαραί.
1589 4090 1758 4147 Ἔνθα
1777 4091 1876 4162 οὐχ

294 4184 630 4255 ὑπάρχουσιν
660 4183 843 4253 ἄλογοι
873 4183 1162 4254 ἐπιθυμίαι
1193 4182 1302 4238 τῶν
1322 4183 1533 4255 ὁρατῶν
1551 4225 1566 4250 ,
1595 4185 1711 4238 ἐκεῖ
1737 4183 1878 4237 είσιν

293 4274 713 4345 ἀπηλλαγμέναι
743 4274 932 4330 παθῶν
970 4275 1264 4344 φαντασίαι
1295 4288 1309 4302 ·
1338 4276 1396 4328 ὲν
1437 4269 1526 4339 αἷς
1557 4275 1876 4330 ἀποτίθεται

298 4369 334 4438 ἡ
373 4366 478 4420 τῶν
507 4365 720 4436 ὁρατῶν
751 4367 1064 4437 ἐπιφάνεια,
1099 4367 1174 4430 ὡς
1203 4365 1297 4422 τοῦ
1333 4365 1529 4436 ἀλόγου
1565 4368 1664 4439 τῆς
1696 4366 1877 4439 ψυχῆς

297 4458 498 4528 μέρους
531 4458 726 4529 τροφήν
1202 4483 1204 4485 ·

359 4577 441 4638 Οὖ
478 4581 548 4635 δὲ
580 4581 782 4637 πολλά
811 4583 1170 4654 γεννήματα,
1213 4584 1440 4654 φανερὰ
1461 4585 1613 4653 ,ϐοὸς
1665 4585 1865 4654 ἰσχύς.

294 4670 469 4728 Ὅπου
525 4671 582 4726 δὲ
612 4673 659 4726 οἱ
691 4672 939 4744 διάφοροι
991 4673 1140 4742 λόγοι
1170 4674 1281 4728 τῶν
1320 4675 1556 4747 ὁρατῶν,
1601 4676 1744 4730 κατὰ
1771 4675 1870 4748 τὴν

292 4766 351 4820 ὲν
372 4765 644 4835 πνεύματι
668 4764 902 4834 φυσικὴν
933 4764 1190 4836 θεωρίαν,
1213 4767 1532 4836 γνωστικῶς
1563 4766 1871 4837 γεωργοῦν-

292 4872 403 4919 ται,
427 4855 545 4909 ἐκεῖ
580 4855 715 4926 δήλη
747 4856 868 4909 ἐστὶ
886 4855 986 4926 τῆς
1009 4855 1306 4926 ἐπιθυμίας
1331 4858 1366 4928 ἡ
1398 4858 1540 4912 κατά
1581 4857 1742 4927 λόγον
1782 4857 1871 4911 δύ-

292 4962 454 5015 ναμις
471 4961 484 4975 ·
521 4945 643 4999 καθ’
667 4946 726 4999 ὃν
757 4944 1000 5018 ἠδυνήθη
1023 4946 1115 5000 τὸν
1141 4948 1262 5000 κατ’
1283 4946 1536 5018 αἴσθησιν
1567 4948 1870 5018 σκεδασμὸν

291 5036 564 5108 διαϐῆναι,
589 5037 683 5092 καὶ
715 5036 918 5106 φθάσαι
944 5039 1084 5109 πρὸς
1109 5037 1207 5109 τὴν
1235 5041 1373 5094 κατά
1397 5039 1648 5108 νοῦν-τῆς
1677 5041 1734 5095 ὲν
1758 5043 1871 5104 τοῖς

292 5128 434 5194 ὅλοις
458 5128 722 5200 ἀληθείας
757 5129 1009 5203 ἑνότητα.

364 5371 426 5417 ε’.
465 5362 709 5431 Μάρτυς
735 5365 948 5430 πιστὸς
973 5367 1046 5420 οὐ
1074 5332 1383 5435 ψεύσεται.
1437 5366 1495 5421 '0
1518 5366 1654 5431 Θεὸς
1675 5369 1866 5437 Λόγος,

292 5457 326 5528 ὴ
359 5455 743 5526 αὑτοαλήθεια,
768 5455 869 5529 τὴν
903 5458 1036 5529 περὶ
1065 5458 1133 5512 τὰ
1165 5459 1470 5530 φαινόμενα
1497 5459 1683 5530 σχέσιν
1711 5460 1870 5529 ἡμῶν

291 5548 509 5621 ἀπάτης
553 5549 778 5621 μεστὴν,
810 5552 876 5620 τῇ
905 5550 1111 5604 τούτων
1151 5551 1329 5622 φθορᾷ
1359 5550 1672 5622 διελέγχων,
1703 5551 1870 5622 ἀψευ-

290 5639 385 5712 δής
405 5641 574 5710 ἐστιν.

375 5783 624 5840 Ἑκκαὶει
653 5784 723 5840 δὲ
753 5785 972 5855 ψευδῆ,
1001 5784 1232 5856 μάρτυς
1264 5786 1488 5854 ἄδικος.
1528 5787 1868 5846 ’Υπανάπτει

1980 3278 2124 3332 hanc
2160 3275 2336 3346 magis
2365 3276 2643 3340 oblirmat,
2678 3272 2826 3346 quod
2856 3271 3136 3330 auditores
3161 3289 3272 3328 non
3306 3272 3551 3337 instruit,

1977 3366 2073 3426 sed
2099 3366 2292 3423 statuit
2325 3365 2378 3419 in
2418 3363 2580 3418 malo.

2054 3493 2226 3548 Labia
2256 3491 2577 3562 sapientium
2606 3487 2912 3543 custodiunt
2942 3503 3052 3545 eos.
3086 3484 3431 3556 Sapientium
3456 3501 3555 3540 an-

1980 3598 2088 3644 tem
2127 3601 2438 3652 sermones,
2471 3599 2582 3641 non
2610 3584 2786 3640 solum
2821 3583 3105 3638 instruunt
3140 3595 3237 3636 eos
3277 3580 3373 3650 qui
3406 3580 3553 3650 ipsos

1981 3681 2234 3747 audiunt,
2276 3680 2369 3736 sed
2395 3678 2560 3734 etiam
2596 3683 2819 3732 servant
2845 3689 2941 3730 eos
2974 3688 3045 3730 ne
3082 3672 3282 3728 cadant
3322 3673 3378 3727 in
3413 3673 3553 3727 mala

1980 3788 2009 3826 a
2048 3774 2248 3842 quibus
2277 3771 2383 3842 ipsi
2414 3775 2761 3825 avertuntur.
2791 3767 2850 3822 ln
2875 3767 2962 3822 liis
2991 3766 3141 3821 enim
3177 3765 3382 3836 quibus
3421 3779 3555 3835 pru-

1979 3865 2172 3919 dentes
2217 3863 2494 3917 instruere
2526 3867 2760 3916 caeteros
2806 3859 3084 3926 nituntur,
3127 3859 3338 3929 seipsos
3371 3859 3554 3914 delen-

1979 3955 2116 4011 dunt
2144 3969 2212 4009 ne
2241 3951 2430 4009 eadem
2469 3967 2533 4008 ac
2566 3951 2657 4009 isti
2687 3952 2988 4022 patiantur.

2050 4083 2218 4139 Vens.
2247 4082 2303 4137 4.
2345 4079 2445 4135 Ubi
2483 4097 2586 4136 non
2631 4091 2754 4135 sunt
2810 4081 2980 4144 boves,
3034 4081 3294 4150 praesepia
3327 4079 3550 4134 munda.

1980 4174 2084 4233 Ubi
2119 4191 2228 4230 non
2256 4182 2384 4231 sunt
2418 4173 2823 4230 irrationabiles
2854 4172 3183 4244 cupiditates
3212 4186 3401 4226 eorum
3435 4187 3556 4242 quae

1977 4268 2256 4334 videntur,
2289 4268 2364 4322 ibi
2403 4267 2656 4324 exsulant
2685 4268 3006 4337 passionum
3036 4265 3328 4335 imagines,
3355 4265 3406 4319 in
3438 4265 3556 4336 qui-

1979 4362 2085 4418 bus
2114 4359 2394 4416 invenitur
2419 4373 2612 4414 eorum
2655 4373 2776 4428 quae
2819 4357 3078 4413 videntur
3115 4356 3349 4426 species,
3389 4356 3552 4427 hujus

1986 4454 2231 4524 expertis
2255 4453 2472 4508 ratione
2500 4452 2674 4523 partis
2701 4450 2900 4506 animae
2927 4448 3272 4504 alimentum.

2054 4579 2155 4635 Ubi
2185 4587 2365 4633 autem
2420 4577 2592 4632 multa
2633 4576 2923 4647 genimina,
2959 4574 3245 4647 manifesta
3290 4583 3370 4628 est
3409 4575 3554 4628 boris

1981 4673 2176 4728 virtus.
2210 4669 2440 4736 Quando
2465 4677 2646 4724 autem
2691 4663 2926 4722 diversae
2958 4665 3203 4721 rationes
3227 4680 3408 4720 rerum
3433 4681 3556 4736 qua:

1981 4765 2259 4828 videntur,
2282 4761 2588 4818 secundum
2611 4761 2918 4815 naturalem
2950 4759 3152 4814 mentis
3179 4759 3355 4814 visum
3383 4759 3556 4829 perite

1981 4861 2316 4918 tractantur,
2351 4864 2485 4909 tunc
2537 4849 2828 4908 manifesta
2855 4858 2939 4906 est
2966 4850 3285 4922 cupiditatis
3320 4850 3402 4905 vis
3433 4864 3555 4919 quae

1979 4959 2062 5004 est
2095 4945 2401 5003 secundum
2434 4943 2729 5010 rationem,
2760 4943 2921 5013 cujus
2953 4957 3057 5012 ope
3088 4942 3180 4996 illa
3207 4941 3384 5010 potuit
3410 4939 3552 4994 divi-

1983 5041 2196 5096 sionem
2231 5037 2538 5095 secundum
2587 5051 2811 5093 sensum
2861 5033 3196 5104 transgredi,
3247 5039 3301 5086 et
3333 5031 3554 5085 tendere

1877 5194 1886 5206 ο
1977 5132 2044 5186 ad
2081 5131 2396 5203 generalem
2421 5129 2672 5187 veritatis
2704 5143 2827 5198 quae
2861 5126 3164 5182 secundum
3193 5123 3449 5196 spiritum
3466 5133 3553 5179 est

1978 5224 2263 5278 unitatem.

2050 5369 2219 5426 Vens.
2266 5371 2317 5425 5.
2358 5367 2527 5422 Testis
2571 5364 2746 5436 ﬁdelis
2781 5378 2883 5417 non
2919 5359 3217 5415 mentietur.
3259 5358 3402 5414 Deus
3429 5358 3553 5414 Ver-

1978 5465 2130 5528 bum,
2161 5463 2366 5517 veritas
2401 5460 2541 5528 ipsa,
2583 5453 2807 5528 quando
2841 5462 3092 5509 nostrum
3124 5454 3270 5508 circa
3293 5465 3563 5523 apparen-

1981 5555 2053 5608 tia
2099 5554 2348 5608 liabitum
2396 5563 2586 5605 errore
2640 5550 2859 5618 plenum
2915 5543 3134 5601 illorum
3178 5542 3552 5601 destructione

1978 5644 2275 5708 convincit,
2315 5655 2483 5697 verax
2519 5648 2624 5696 est.

2048 5787 2298 5842 Accendit
2325 5794 2500 5841 autem
2536 5782 2814 5840 mendacia
2859 5779 3006 5838 testis
3041 5779 3298 5851 injustus.
3337 5781 3550 5838 Excitat
