3900 6228
459 357 593 418 Ῑῖὶῖιθ

1747 349 2105 413 ῘἮΟΟΟΡΙῙ
2143 351 2386 415 ΕΑΖᾸΞῙ

3560 355 3677 417 13ὗο

453 489 580 530 vero
619 476 671 526 in
701 471 858 528 nobis
891 469 1205 526 mendacem
1241 467 1307 524 de
1357 467 1576 524 illorum
1610 466 2022 536 pulchritudine

2137 470 2168 522 5’
2196 471 2255 524 ἐν
2282 473 2414 542 ἡμῖν
2435 469 2533 540 τὴν
2563 471 2693 541 περὶ
2711 470 2883 526 ταῦτα
2901 471 3070 543 ψευδῆ
3102 471 3193 526 τοῦ
3222 468 3384 526 καλοῦ
3406 469 3677 541 ὑπόληψιν,

451 565 807 634 opinionem,
849 563 936 616 hic
986 564 1076 631 qui
1128 575 1224 630 per
1263 575 1382 615 eam
1427 559 1682 631 decipere
1727 575 1828 616 nos
1877 561 2023 616 omni

2137 563 2152 614 5
2183 562 2271 615 διά
2293 561 2500 634 ταύτης
2531 563 2745 636 ἀπατᾷν
2800 565 2951 636 ἡμᾶς
2995 563 3150 636 παρά
3197 565 3374 620 πάντα
3422 564 3576 635 λόγον
3603 567 3684 622 ἀεὶ

452 657 664 711 ratione
697 671 912 726 semper
943 653 1306 708 machinatur.
1333 669 1338 672 ·

533 785 695 837 Vens.
728 783 779 836 6.
821 783 1035 848 Quwres
1067 782 1388 852 sapientiam
1433 781 1574 851 apud
1618 781 1810 846 malos,
1840 788 2019 835 etnon

449 876 698 928 invenies.
738 873 1086 929 Scrutaberis
1124 875 1412 940 rationem,
1440 881 1665 944 propter
1703 887 1870 942 quam
1904 886 2024 927 ma-

2127 655 2537 726 μηχανώμενος.

2197 786 2272 844 ς’.
2308 782 2602 850 Ζητήσεις
2623 784 2850 854 σοφίαν
2881 786 3042 855 παρά
3074 787 3300 855 κακοῖς,
3330 787 3431 843 καὶ
3458 789 3570 860 οὐχ
3595 793 3685 846 εὐ-

2115 870 2352 939 ρήσεις.
2384 874 2750 947 Ψηλαφήσεις
2795 877 2976 948 λόγον,
3025 879 3148 934 καθ’
3174 880 3234 934 δν
3260 881 3311 934 οε
3343 882 3687 954 ἐργαζόμενα

450 967 558 1018 lum
616 976 784 1034 agunt
814 964 907 1033 qui
944 964 1086 1020 male
1147 972 1338 1036 agunt,
1376 979 1558 1036 neque
1598 964 1874 1031 invenies,
1900 979 2023 1019 cum

2137 963 2182 1016 τὸ
2226 965 2399 1017 κακὸν
2427 967 2675 1022 ποιοῦσιν
2700 969 2852 1038 αὐτὸ,
2888 972 2984 1026 καὶ
3030 973 3127 1042 οὐχ
3177 973 3434 1044 εὑρήσεις
3461 989 3477 1005 ο
3514 975 3688 1045 ἐπειδὴ

446 1056 593 1110 nulla
645 1058 902 1112 exsistat.
936 1055 1066 1123 Quae
1110 1057 1255 1113 enim
1286 1056 1379 1114 isti
1425 1063 1614 1130 agunt,
1661 1057 1782 1114 sine
1817 1058 2028 1112 ratione

444 1160 630 1219 agunt.

517 1277 712 1332 Sensus
739 1287 914 1333 autem
941 1279 1379 1349 intelligentibus,
1405 1279 1608 1349 facilis.
1633 1279 1843 1347 Quibus
1868 1295 2023 1337 mens

441 1369 607 1430 inest,
646 1370 931 1426 distinctio
966 1371 1095 1425 boni
1130 1379 1184 1426 et
1221 1372 1349 1426 mali
1386 1372 1534 1426 haud
1570 1373 1768 1436 ardua,
1799 1388 1923 1427 cum
1955 1389 2021 1428 ex

444 1469 641 1514 natura
672 1461 789 1531 ipsa
827 1462 989 1516 talem
1026 1462 1322 1532 impulsum
1357 1463 1617 1516 habeant.
1652 1461 1850 1517 Malum
1875 1463 2020 1519 enim

443 1552 648 1615 sciunt,
693 1561 752 1605 ut
797 1551 1014 1606 caeteris
1057 1567 1166 1604 non
1217 1550 1422 1605 faciant
1465 1551 1612 1622 quod
1655 1551 1724 1607 ab
1765 1553 1874 1608 illis
1910 1552 2023 1623 pati

442 1643 643 1697 nolunt
682 1658 695 1696 ε
743 1642 946 1698 bonum
982 1650 1186 1709 autem,
1215 1650 1278 1698 ut
1309 1642 1435 1698 aliis
1473 1641 1678 1698 faciant
1725 1642 1872 1714 quod
1917 1644 2023 1702 sibi

439 1737 507 1788 ab
542 1735 734 1790 iisdem
771 1736 962 1791 volunt
994 1737 1249 1794 retribui.

510 1949 680 2009 Vitas.
723 1951 776 2006 7.
821 1951 1017 2008 Omnia
1067 1954 1296 2008 adversa
1331 1952 1530 2008 homini
1561 1950 1778 2008 stolido.
1824 1947 2022 2006 Omnia

438 2045 584 2100 enim
631 2053 686 2100 et
731 2045 974 2116 jucunda
1026 2055 1081 2102 et
1135 2060 1319 2101 amara
1363 2046 1418 2100 in
1460 2045 1852 2101 detrimentum
1893 2059 2021 2099 eve-

437 2139 598 2192 niunt
650 2138 861 2192 homini
913 2138 1123 2208 absque
1174 2139 1428 2208 ingenio,
1477 2139 1573 2207 qui
1613 2138 1666 2192 in
1707 2137 1913 2191 talibus
1963 2150 2023 2192 se

440 2229 582 2282 male
613 2228 798 2282 habet.
827 2226 1107 2284 .Jucundis
1159 2228 1441 2297 sapienter
1475 2241 1583 2280 non
1622 2226 1816 2292 utitur,
1849 2223 2020 2295 quod,

437 2321 580 2376 belle
631 2321 920 2391 navigans,
962 2318 1305 2389 tempestatis
1345 2318 1726 2381 obliviscitur;
1763 2315 2021 2371 dolorosa

439 2430 547 2470 non
591 2414 802 2479 sutl'erl,
838 2414 968 2484 quia
1013 2429 1080 2468 ex
1128 2412 1216 2467 his
1265 2411 1650 2466 liberationem
1691 2425 1801 2464 non
1836 2417 2022 2478 sperat

440 2521 620 2575 neque
653 2506 986 2574 mercedem,
1025 2519 1211 2576 quam,
1250 2503 1553 2560 tolerandis
1587 2503 1788 2559 exinde
1816 2500 2020 2574 pinnis,

441 2597 696 2667 recipiet.

510 2725 678 2778 Arma
709 2741 918 2790 sensus,
953 2723 1099 2778 labia
1130 2724 1418 2794 sapientia.
1445 2721 1518 2778 Ut
1545 2721 1838 2780 stultitiam
1865 2733 2022 2778 suam

440 2815 692 2886 abjiciat,
722 2831 875 2870 arma
915 2815 1163 2870 scientiae
1197 2824 1328 2870 sunt
1365 2814 1554 2880 verba,
1585 2803 1708 2884 quae
1734 2814 2022 2868 veritatem

441 2908 725 2978 perlucide
757 2907 1093 2962 annuntiant
1119 2913 1174 2961 et
1206 2905 1567 2962 domesticam
1599 2905 1766 2960 vitam
1796 2903 1863 2959 ad
1893 2918 2023 2958 nor-

442 3016 595 3054 mam
631 2999 878 3053 rationis
899 2998 1174 3069 redigunt.

2125 1055 2249 1126 μηδ’
2274 1057 2513 1130 ὑπάρχει
2535 1076 2551 1092 ο
2579 1058 2616 1114 ἀ
2644 1059 2754 1132 γὰρ
2779 1057 2924 1118 οὗτοι
2955 1064 3222 1133 ποιοῦσιν,
3260 1065 3474 1136 ἀλόγως
3519 1067 3690 1120 ποιοῦο

2124 1165 2228 1206 σιν.

2195 1279 2497 1349 Δίσθησις
2533 1281 2601 1336 δὲ
2630 1283 2791 1352 παρὰ
2819 1284 3150 1354 φρονίμοις,
3185 1282 3468 1356 εὐχερής.
3506 1287 3628 1352 Τοῖς
3651 1289 3690 1342 δ’

2123 1373 2411 1445 ἐχέφροσιν
2437 1378 2470 1446 ἡ
2498 1375 2594 1430 τοῦ
2629 1376 2797 1431 καλοῦ
2827 1378 2924 1432 καὶ
2946 1378 3040 1432 τοῦ
3069 1379 3242 1435 κακοῦ
3285 1379 3565 1452 διάκρισις
3596 1384 3688 1452 pa-

2121 1467 2207 1520 δία
2231 1469 2398 1534 ἐστὶν,
2424 1469 2483 1536 ἐξ
2512 1470 2684 1540 αὐτῆς
2712 1470 2813 1542 τῆς
2841 1469 3056 1541 φύσεως
3082 1471 3183 1536 τὰς
3211 1474 3470 1545 ἀφορμὰς
3491 1475 3688 1544 ἔχουσι,

2122 1561 2218 1614 καὶ
2241 1561 2406 1616 εἰδόσι
2427 1563 2594 1616 κακὸν
2627 1563 2725 1635 μὲν
2753 1563 2815 1616 τδ
2842 1567 3017 1618 ποιεῖν
3047 1567 3127 1630 είς
3154 1567 3375 1638 ἐτέρους
3426 1567 3457 1620 δ
3493 1567 3566 1638 μὴ
3595 1567 3687 1622 πάι

2124 1670 2275 1724 σχειν
2303 1654 2458 1708 αὐτοὶ
2479 1656 2611 1727 παρ’
2633 1657 2700 1708 αὖ
2710 1657 2815 1710 τῶν
2842 1656 3155 1727 βούλονται·
3178 1659 3342 1713 καλὸν
3363 1659 3424 1712 δὲ
3446 1660 3509 1712 τὺ
3531 1662 3692 1712 ποιεῖν

2124 1748 2204 1809 εἰς
2230 1745 2470 1811 ἐκείνους
2527 1747 2556 1801 ὃ
2592 1747 2688 1802 καὶ
2719 1750 2876 1804 αὐτοὶ
2904 1751 3133 1823 πάσχειν
3162 1752 3313 1822 παρά
3343 1753 3555 1806 τούτων
3585 1750 3690 1804 ἐθέ-

2040 1807 2084 1866 B
2122 1838 2328 1894 λουσιν.

2193 1948 2259 2015 ζ’.
2287 1947 2491 2004 Πάντα
2516 1947 2762 2004 ἐναντία
2784 1949 2953 2019 ἀνδρὶ
2986 1951 3221 2022 ἄφρονι.
3253 1950 3509 2008 Ἀπαντα
3546 1952 3612 2007 τά
3636 1971 3688 2006 τι

2121 2041 2250 2113 ἡδέα
2284 2042 2380 2095 καὶ
2406 2040 2474 2094 τά
2499 2041 2722 2110 ἀλγεινά
2773 2044 2852 2106 είς
2881 2043 3084 2114 βλάϐην
3113 2046 3402 2100 ἀποϐαίνει
3433 2046 3512 2116 τῷ
3542 2047 3692 2118 ἀνοή-

2119 2148 2218 2202 τῳ,
2252 2131 2441 2194 κακῶς
2487 2132 2546 2185 ἐν
2573 2132 2785 2196 τούτοις
2830 2133 3022 2188 ἑαυτὸν
3071 2135 3370 2204 διεξάγοντι
3397 2153 3412 2168 ·
3456 2137 3534 2200 ὡς
3565 2139 3688 2208 μήτε

2121 2225 2232 2285 τοῖς
2253 2222 2405 2294 ἡδέσι
2434 2223 2724 2294 σωφρόνως
2748 2225 3038 2295 χρωμένῳ,
3065 2225 3152 2278 διὰ
3175 2226 3238 2279 τὺ
3267 2226 3342 2297 μὴ
3373 2227 3455 2280 ὅτ’
3486 2228 3693 2280 εὐπλοεῖ

2123 2312 2292 2382 ζάλης
2325 2315 2635 2385 μεμνῆσθαι
2659 2353 2675 2379 ,
2725 2316 2853 2386 μήθ’
2876 2316 3204 2387 ὑποφέροντι
3233 2317 3301 2370 τά
3331 2318 3583 2386 ἀλγεινὰ,
3612 2317 3690 2372 διὰ

2121 2409 2182 2461 τὸ
2219 2408 2294 2480 μὴ
2328 2409 2570 2474 ἐλπίζειν
2617 2411 2772 2465 λύσιν
2813 2413 3038 2477 τούτων,
3083 2413 3177 2467 καὶ
3215 2413 3570 2477 ἀντιμισθίαν
3603 2415 3690 2484 τῆς

2121 2496 2228 2554 τῶν
2257 2499 2343 2552 ἐπ’
2375 2501 2558 2564 αὐτοῖς
2584 2502 2762 2556 πόνων
2797 2502 3099 2574 ὑπομονῆς.
3373 2497 3380 2503 ’

2193 2721 2389 2777 Ὅπλα
2435 2722 2504 2776 δὲ
2550 2724 2894 2792 αἰσθήσεως
2943 2728 3117 2795 χείλη
3157 2726 3338 2797 σοφά.
3379 2729 3529 2801 Πρὸς
3562 2728 3688 2784 sto

2122 2812 2452 2868 καταϐαλεῖν
2490 2813 2592 2884 τὴν
2616 2815 2806 2868 τούτου
2841 2816 3049 2881 ἄνοιαν,
3077 2814 3330 2883 γνώσεως
3367 2817 3535 2879 ὅπλα,
3558 2815 3687 2884 λόγοι

2121 2903 2184 2957 τὸ
2211 2904 2408 2974 ἀληθὲς
2424 2905 2639 2977 τρανῶς
2667 2906 3123 2975 ἀπαγγέλλοντες,
3152 2908 3294 2961 κατά
3327 2907 3490 2977 λόγον
3514 2907 3606 2980 τὴν
3623 2907 3687 2961 ol-

2116 2997 2276 3054 κείαν
2307 2998 2486 3070 βιοτὴν
2517 2999 2877 3067 διεξάγοντες.

514 3123 684 3178 Vens.
721 3121 773 3177 8.
815 3120 1091 3190 Sapientia
1123 3121 1438 3175 callidorum
1493 3126 1764 3190 cognoscet
1789 3117 1902 3172 vias
1932 3133 2023 3172 eo-

2194 3126 2266 3197 η’.
2305 3129 2495 3197 Σοφία
2541 3129 2895 3216 πανούργων
2941 3129 3334 3199 ἐπιγνώσεται
3384 3131 3499 3197 τὰς
3527 3129 3686 3195 ὀδοὺς

448 3233 590 3272 ηιιη.
617 3215 720 3281 Qui
753 3214 895 3268 bona
922 3214 1106 3269 indole
1139 3229 1236 3284 per
1264 3213 1446 3268 omnia
1487 3210 1798 3268 evenientia
1841 3209 2024 3264 trans-

443 3307 790 3379 grediuntur,
825 3315 878 3362 et
910 3307 1020 3363 illis
1055 3307 1122 3362 ad
1169 3306 1515 3361 commodum
1557 3313 1808 3373 utuntur,
1842 3305 2026 3360 sciunt

445 3401 723 3472 quomodo
763 3401 1044 3456 ambulent
1077 3418 1090 3456 :
1127 3401 1323 3456 exinde
1365 3410 1418 3456 et
1462 3401 1761 3470 pendentes
1805 3398 2026 3454 malitiae

445 3495 710 3565 scopulos
740 3502 795 3547 et
826 3493 1086 3548 barathra
1127 3493 1415 3564 effugiunt,
1449 3491 1758 3562 iritlcxoque
1787 3490 1924 3561 pede
1956 3489 2024 3545 ad

444 3589 706 3643 ultimum
740 3587 1017 3642 tramitem
1047 3587 1333 3642 festinant.
1419 3657 1429 3664 .

523 3715 772 3772 Stultitia
807 3715 1171 3784 insipientium
1200 3716 1256 3769 in
1284 3729 1483 3770 errore.
1523 3713 1628 3780 Qui
1660 3711 1782 3769 sine
1811 3712 2026 3767 ratione

445 3805 664 3870 vivunt,
701 3814 892 3860 errant
920 3819 951 3859 a
990 3805 1220 3860 veritate
1250 3812 1306 3860 et
1340 3807 1408 3859 ad
1439 3803 1642 3860 bonum
1673 3818 1782 3858 non
1815 3803 2024 3875 pertin-

445 3906 602 3969 gunt.

523 4021 690 4077 Vens.
723 4022 778 4078 9.
819 4018 1023 4076 Domus
1072 4021 1374 4093 iniquorum
1412 4024 1780 4094 puriﬁcatione
1822 4022 2025 4093 indige-

448 4115 599 4168 bunt.
670 4113 864 4168 Divina
921 4114 1180 4178 mandata
1229 4113 1691 4186 perfringentium
1753 4128 2021 4184 corpora,

447 4207 563 4270 ubi,
591 4221 690 4261 ceu
720 4207 775 4260 in
804 4205 1131 4276 quibusdam
1163 4205 1439 4271 domibus,
1464 4207 1529 4260 ad
1564 4214 1794 4261 mortem
1825 4221 2020 4276 usque,

423 4305 796 4367 ‘permancnt,
824 4298 952 4367 quia
985 4311 1218 4367 cor-pora
1250 4297 1341 4350 illa
1368 4296 1524 4365 juxta
1552 4297 1700 4352 viros
1738 4313 1870 4353 suos
1901 4314 2024 4366 pas-

449 4389 703 4444 sionibus
739 4390 1125 4460 inquinantur,
1169 4389 1428 4459 operibus
1467 4389 1548 4444 vel
1597 4397 1789 4460 sponte
1829 4405 2023 4446 susce-

449 4482 558 4551 ptis
593 4482 677 4537 vel
707 4482 985 4552 impositis
1015 4481 1293 4551 puriticari
1328 4481 1548 4537 debent.

517 4628 720 4684 Domus
775 4639 950 4685 autem
1012 4633 1287 4700 justorunt
1349 4633 1715 4703 acceptabiles.
1778 4632 2022 4703 Corpora

420 4739 663 4790 a-eorum,
698 4723 792 4792 qui
822 4724 941 4778 sine
971 4723 1274 4780 oﬂensione
1301 4735 1719 4791 conversantur,
1761 4742 1857 4798 per
1889 4741 2020 4797 ope-

435 4818 719 4871 .rationem
757 4815 1107 4870 deducuntur
1136 4817 1203 4870 ad
1254 4816 1422 4870 Deum
1475 4827 1529 4872 et
1571 4819 1647 4872 illi
1689 4829 1818 4874 sunt
1853 4818 2025 4875 sacri-

421 4909 636 4964 licium
669 4907 906 4962 multum
937 4907 1294 4976 acceptabilc.

525 5035 690 5092 Vens.
718 5036 807 5091 10.
841 5036 944 5092 Cor
968 5034 1194 5090 hominis
1230 5035 1478 5090 sensibile
1501 5037 1805 5092 dolorosum
1833 5038 2024 5091 anilitas

421 5129 634 5195 'ipsius.
668 5128 776 5184 Cor
809 5129 1073 5195 hominis,
1106 5157 1177 5170 ——
1204 5129 1350 5198 quod
1381 5129 1507 5184 hinc
1538 5131 1801 5185 sensitive
1823 5131 2026 5200 jucun-

445 5222 554 5286 dis,
583 5222 688 5278 sibi
725 5237 754 5275 a
796 5222 994 5292 spiritu
1027 5221 1384 5277 circumfusis
1415 5234 1683 5288 versatur,
1714 5231 1767 5276 et
1799 5222 2026 5276 irratio-

451 5315 690 5370 nabilem
723 5315 928 5370 excitat
959 5315 1307 5386 cupidinem;
1342 5314 1492 5369 illinc
1527 5323 1729 5377 autem,
1762 5314 2027 5384 sanguine

449 5407 506 5461 in
551 5406 870 5476 pectoribus
907 5405 1174 5472 fervente,
1223 5408 1405 5462 denuo
1455 5406 1732 5460 dolorosis
1765 5422 1860 5476 per
1895 5422 2025 5461 sen-

438 5513 572 5554 sum
604 5497 845 5554 adhazrct
878 5508 931 5554 et
963 5515 1151 5570 parem
1187 5508 1396 5554 motum
1432 5499 1656 5561 excitat,
1689 5523 1757 5537 --—
1786 5498 2025 5551 animam

447 5591 762 5644 istiusmodi
792 5591 1036 5646 hominis
1070 5601 1126 5647 et
1155 5590 1514 5648 conscientia:
1570 5589 1797 5662 probris
1827 5605 2029 5660 angere

444 5682 759 5745 consuevit,
798 5682 1024 5752 insuper
1057 5690 1112 5739 et
1142 5682 1313 5740 variis
1345 5681 1477 5740 inde
1510 5683 1860 5755 surgentibus
1890 5684 2027 5739 irrc-

434 5771 513 5825 (tit
539 5771 958 5841 cupiditatibus.

2123 3218 2342 3274 αὐτῶν.
2374 3221 2434 3274 Oi
2466 3215 2644 3273 πάντα
2669 3220 2882 3288 εὐφυῶς
2907 3219 2975 3273 τὰ
3009 3220 3424 3290 προσπίπτοντα
3452 3221 3685 3291 μετερχόδ

2123 3329 2303 3384 μενοι,
2333 3311 2429 3366 καὶ
2476 3313 2683 3376 τούτοις
2723 3312 2861 3382 πρὸς
2895 3313 3163 3382 ὠφέλειαν
3202 3313 3499 3385 χρώμενοι,
3534 3315 3683 3367 oram

2124 3401 2243 3464 πῶς
2285 3401 2682 3473 περιπατοῦσι·
2711 3402 3004 3457 κάντεῦθεν
3039 3404 3138 3474 τῆς
3169 3405 3363 3466 κακίας
3407 3407 3534 3469 τοὺς
3570 3423 3684 3476 κρη-

2127 3493 2292 3564 μνοὺς
2320 3494 2416 3546 καὶ
2442 3494 2511 3547 τά
2551 3493 2798 3566 βάραθρα
2832 3495 3234 3564 διαφεύγοντες,
3267 3499 3681 3570 ἀμετάστρεπτοι

2124 3583 2264 3655 πρὸς
2290 3584 2352 3637 τὸ
2379 3583 2606 3656 ἔσχατον
2634 3584 2944 3656 ἐπείγονται
2965 3589 3207 3654 ὀρεκτόν.

2198 3709 2395 3765 ’Δνοια
2418 3707 2486 3764 δὲ
2506 3710 2785 3780 ἀφρόνων
2802 3710 2873 3764 ἐν
2892 3712 3115 3782 πλάνῃ.
3140 3713 3202 3766 Oi
3232 3713 3278 3767 δ’
3297 3713 3511 3784 ἀλόγως
3533 3713 3679 3785 βιοῦνσ

2123 3811 2236 3862 τες,
2267 3797 2685 3855 ἀποπλανῶνται
2714 3799 2814 3871 τῆς
2840 3799 3117 3873 ἀληθείας,
3144 3803 3238 3859 καὶ
3265 3803 3678 3876 ἀποτυγχάνουσι

2121 3889 2217 3942 τοῦ
2239 3890 2469 3960 ἀγαθοῦ.

2195 4012 2260 4066 θ’.
2293 4014 2480 4068 Obstat
2505 4016 2864 4086 παρανόμων
2886 4016 3286 4086 ὀφειλήσουσι
3308 4018 3670 4088 καθαρισμόν.

2125 4103 2207 4158 Τά
2239 4104 2349 4157 τῶν
2383 4105 2482 4168 τάς
2513 4106 2663 4170 θείας
2690 4109 2910 4173 ἐντολὰς
2958 4111 3410 4179 παραϐαινόντων
3454 4111 3670 4180 σώματα.

2125 4197 2184 4250 ἐν
2218 4194 2300 4260 οἷς
2331 4198 2389 4252 αί
2412 4197 2618 4252 τούτων
2649 4199 2837 4271 ψυχαὶ,
2863 4202 2968 4266 ἓως
2995 4202 3246 4266 θανάτου,
3272 4205 3348 4268 ῶς
3377 4222 3514 4258 τισιν
3543 4203 3673 4272 οίιιήο

2128 4307 2261 4360 μασι
2291 4293 2722 4363 παραμένουσιν,
2759 4294 2948 4364 ἐπειδὴ
2990 4298 3104 4360 τοῖς
3136 4297 3258 4350 κατ’
3285 4298 3559 4368 ἐνέργειαν
3591 4311 3666 4366 μοι

2125 4381 2370 4437 λύνονται
2426 4384 2644 4450 πάθεσι,
2700 4385 3056 4458 δεηθήσονται
3104 4387 3204 4459 τῆς
3254 4389 3320 4442 δι’
3351 4389 3599 4444 ἑκουσίων
3641 4385 3667 4455 ἢ

2050 4493 2098 4554 D
2125 4475 2396 4531 ἀκουσίων
2429 4477 2608 4532 πόνων
2637 4478 2980 4552 καθάρσεως.

2189 4627 2380 4680 Οίκίαι
2413 4627 2480 4681 δὲ
2508 4629 2754 4682 δικαίων
2792 4630 3014 4684 δεκταί.
3042 4630 3124 4684 Τά
3164 4631 3220 4684 δέ
3252 4630 3362 4685 τῶν
3396 4631 3664 4702 ἀμέμπτως

2123 4721 2558 4793 πολιτευομένων
2590 4723 2839 4793 σώματα,
2868 4725 3010 4778 κατά
3049 4727 3247 4796 πρᾶξιν
3271 4725 3392 4798 Θεῷ
3426 4720 3666 4798 προσαγό-

2126 4831 2287 4884 μενα,
2324 4814 2485 4868 θυσία
2517 4815 2915 4887 εὐπρόσδεκτος
2941 4815 3115 4887 τούτῳ
3139 4816 3494 4888 ὑπάρχουσιν.

2196 5051 2249 5099 ι’.
2275 5045 2497 5114 καρδία
2516 5045 2737 5114 ἀνδρὸς
2764 5047 3104 5115 αἰσθητικὴ,
3133 5049 3372 5117 λυπηρὰ
3395 5046 3556 5119 ψυχῇ
3576 5044 3658 5097 ab-

2123 5137 2252 5194 τοῦ.
2301 5137 2611 5208 Ἀνθρώπου
2648 5139 2864 5210 καρδία,
2898 5140 2992 5192 ἐπὶ
3028 5141 3126 5209 μὲν
3151 5143 3265 5205 τοῖς
3294 5142 3417 5196 κατ’
3448 5139 3658 5204 αἴσθησιν

2125 5227 2274 5298 ἡδέσι
2299 5228 2544 5299 διάχυσιν
2566 5229 2658 5282 τοῦ
2684 5231 2813 5300 περὶ
2836 5229 3005 5298 αὐτὴν
3036 5232 3348 5303 πνεύματος
3377 5230 3653 5300 ποιουμένη.

2126 5320 2219 5372 καὶ
2247 5319 2344 5389 τὴν
2370 5320 2564 5388 ἄλογον
2593 5319 2888 5390 ἐπιθυμίαν
2917 5322 3220 5392 ὐφιστῶσα,
3249 5323 3341 5376 ἐπὶ
3367 5324 3421 5378 δὲ
3443 5325 3540 5383 τοῖς
3562 5313 3654 5370 κατ’

2114 5410 2378 5483 ,αἴσθησιν
2421 5411 2708 5480 ἀλγεινοῖς,
2761 5412 2908 5477 ζέσιν
2946 5412 3038 5466 τοῦ
3089 5415 3214 5480 περὶ
3253 5414 3417 5485 αὐτὴν
3466 5413 3653 5479 αἵματος

2125 5501 2279 5564 αὖθις
2335 5505 2656 5573 ποιουμένη,
2701 5507 2796 5557 καὶ
2842 5504 2932 5556 τὸν
2976 5506 3160 5574 ὅμοιον
3196 5507 3364 5576 θυμὸν
3397 5499 3649 5574 ύφιστῶσιν

2125 5592 2317 5647 λυπεῖν
2351 5594 2510 5646 εἴωθε
2541 5595 2634 5647 τοῦ
2665 5594 2906 5648 τοιούτου
2940 5596 3130 5666 ἀνδρὸς
3150 5597 3249 5668 τὴν
3277 5598 3467 5667 ψυχὴν,
3495 5591 3559 5658 τῷ
3577 5583 3649 5640 τοί

2129 5685 2430 5746 συνειδότος
2465 5686 2692 5758 ἐλέγχῳ,
2744 5687 2827 5756 ἐφ’
2864 5682 2946 5750 οἷς
2987 5687 3236 5744 ἐντεῦθεν
3276 5686 3531 5747 παντοίοις
3558 5675 3647 5735 ἀλί-

2130 5791 2317 5830 σχεται
2352 5775 2599 5832 πάθεσιν.
2665 5771 2672 5777 ’
