  <div class='ocr_page' id='page_1' title='image "/cluster/home/n/w/nwhite01/storage/ocr_20150623/87 pt.1/mdp.39015032856539/718.png"; bbox 0 0 3900 6228; ppageno 0'>
   <div class='ocr_carea' id='block_1_1' title="bbox 301 374 429 440">
    <p class='ocr_par' dir='ltr' id='par_1_1' title="bbox 301 374 429 440">
     <span class='ocr_line' id='line_1_1' title="bbox 301 374 429 440; baseline -0.031 0"><span class='ocrx_word' id='word_1_1' title='bbox 301 374 429 440; x_wconf 76' lang='grc'>1361</span> 
     </span>
    </p>
   </div>
   <div class='ocr_carea' id='block_1_2' title="bbox 1292 381 2435 446">
    <p class='ocr_par' dir='ltr' id='par_1_2' title="bbox 1292 381 2435 446">
     <span class='ocr_line' id='line_1_2' title="bbox 1292 381 2435 446; baseline 0.003 -4"><span class='ocrx_word' id='word_1_2' title='bbox 1292 381 1829 443; x_wconf 81' lang='lat' dir='ltr'><strong>COMMENTARII</strong></span> <span class='ocrx_word' id='word_1_3' title='bbox 1869 382 1951 445; x_wconf 80' lang='grc' dir='ltr'><strong>ΙΝ</strong></span> <span class='ocrx_word' id='word_1_4' title='bbox 1974 382 2435 446; x_wconf 83' lang='lat' dir='ltr'><strong>PROVERBIA.</strong></span> 
     </span>
    </p>
   </div>
   <div class='ocr_carea' id='block_1_3' title="bbox 3427 376 3564 442">
    <p class='ocr_par' dir='ltr' id='par_1_3' title="bbox 3427 376 3564 442">
     <span class='ocr_line' id='line_1_3' title="bbox 3427 376 3564 442; baseline -0.022 0"><span class='ocrx_word' id='word_1_5' title='bbox 3427 376 3564 442; x_wconf 75' lang='lat'><strong>1362</strong></span> 
     </span>
    </p>
   </div>
   <div class='ocr_carea' id='block_1_4' title="bbox 370 485 1873 565">
    <p class='ocr_par' dir='ltr' id='par_1_4' title="bbox 370 486 1872 562">
     <span class='ocr_line' id='line_1_4' title="bbox 370 486 1872 562; baseline 0.004 -22"><span class='ocrx_word' id='word_1_6' title='bbox 370 487 557 542; x_wconf 83' lang='grc' dir='ltr'>ὀταν</span> <span class='ocrx_word' id='word_1_7' title='bbox 599 486 651 541; x_wconf 78' lang='grc' dir='ltr'>δ’</span> <span class='ocrx_word' id='word_1_8' title='bbox 691 489 1105 559; x_wconf 72' lang='grc' dir='ltr'><strong>εὐφραίνηται,</strong></span> <span class='ocrx_word' id='word_1_9' title='bbox 1139 491 1250 545; x_wconf 82' lang='grc' dir='ltr'>οὐκ</span> <span class='ocrx_word' id='word_1_10' title='bbox 1280 492 1658 562; x_wconf 69' lang='grc' dir='ltr'>ἐπιμίτνυται</span> <span class='ocrx_word' id='word_1_11' title='bbox 1696 493 1872 561; x_wconf 78' lang='grc' dir='ltr'>ὕϐρε-</span> 
     </span>
    </p>
   </div>
   <div class='ocr_carea' id='block_1_5' title="bbox 1994 485 3564 565">
    <p class='ocr_par' dir='ltr' id='par_1_5' title="bbox 2050 485 3564 564">
     <span class='ocr_line' id='line_1_5' title="bbox 2050 485 3564 564; baseline -0.005 -17"><span class='ocrx_word' id='word_1_12' title='bbox 2050 493 2188 548; x_wconf 88' lang='lat' dir='ltr'><strong>Dum</strong></span> <span class='ocrx_word' id='word_1_13' title='bbox 2246 493 2477 564; x_wconf 76' lang='lat' dir='ltr'><strong><em>gaudent</em></strong></span> <span class='ocrx_word' id='word_1_14' title='bbox 2537 506 2592 547; x_wconf 81' lang='lat' dir='ltr'><strong>se</strong></span> <span class='ocrx_word' id='word_1_15' title='bbox 2637 506 2740 544; x_wconf 88' lang='lat' dir='ltr'><strong>non</strong></span> <span class='ocrx_word' id='word_1_16' title='bbox 2780 488 3085 544; x_wconf 84' lang='lat' dir='ltr'><strong>immiscunt</strong></span> <span class='ocrx_word' id='word_1_17' title='bbox 3139 485 3378 558; x_wconf 77' lang='lat' dir='ltr'><strong>injuriis.</strong></span> <span class='ocrx_word' id='word_1_18' title='bbox 3426 487 3564 542; x_wconf 84' lang='lat' dir='ltr'><strong>Cum</strong></span> 
     </span>
    </p>
   </div>
   <div class='ocr_carea' id='block_1_6' title="bbox 297 580 1876 656">
    <p class='ocr_par' dir='ltr' id='par_1_6' title="bbox 297 580 1876 656">
     <span class='ocr_line' id='line_1_6' title="bbox 297 580 1876 656; baseline 0.004 -23"><span class='ocrx_word' id='word_1_19' title='bbox 297 594 420 634; x_wconf 83' lang='grc' dir='ltr'>σιν.</span> <span class='ocrx_word' id='word_1_20' title='bbox 455 581 583 634; x_wconf 85' lang='grc' dir='ltr'>Ὅτε</span> <span class='ocrx_word' id='word_1_21' title='bbox 612 580 669 635; x_wconf 76' lang='grc' dir='ltr'>δὲ</span> <span class='ocrx_word' id='word_1_22' title='bbox 710 584 744 653; x_wconf 80' lang='grc' dir='ltr'><strong>ἡ</strong></span> <span class='ocrx_word' id='word_1_23' title='bbox 778 583 926 654; x_wconf 74' lang='grc' dir='ltr'><strong>ψυχὴ</strong></span> <span class='ocrx_word' id='word_1_24' title='bbox 954 583 1335 655; x_wconf 79' lang='grc' dir='ltr'>πνευματικὴν</span> <span class='ocrx_word' id='word_1_25' title='bbox 1369 584 1635 654; x_wconf 85' lang='grc' dir='ltr'>κέκτηται</span> <span class='ocrx_word' id='word_1_26' title='bbox 1675 585 1876 656; x_wconf 80' lang='grc' dir='ltr'>εὐφρο-</span> 
     </span>
    </p>
   </div>
   <div class='ocr_carea' id='block_1_7' title="bbox 298 671 1876 748">
    <p class='ocr_par' dir='ltr' id='par_1_7' title="bbox 298 671 1876 748">
     <span class='ocr_line' id='line_1_7' title="bbox 298 671 1876 748; baseline 0.004 -25"><span class='ocrx_word' id='word_1_27' title='bbox 298 671 484 742; x_wconf 85' lang='grc' dir='ltr'>σύνην,</span> <span class='ocrx_word' id='word_1_28' title='bbox 516 672 915 746; x_wconf 80' lang='grc' dir='ltr'>ἁπηλλαγμένη</span> <span class='ocrx_word' id='word_1_29' title='bbox 953 674 1050 746; x_wconf 69' lang='grc' dir='ltr'>τῆς</span> <span class='ocrx_word' id='word_1_30' title='bbox 1082 675 1192 730; x_wconf 85' lang='grc' dir='ltr'>τῶν</span> <span class='ocrx_word' id='word_1_31' title='bbox 1223 675 1412 732; x_wconf 84' lang='grc' dir='ltr'>παθῶν</span> <span class='ocrx_word' id='word_1_32' title='bbox 1449 675 1674 748; x_wconf 77' lang='grc' dir='ltr'><strong>ἀτιμίας</strong></span> <span class='ocrx_word' id='word_1_33' title='bbox 1707 676 1876 730; x_wconf 75' lang='grc' dir='ltr'>ἐστίν.</span> 
     </span>
    </p>
   </div>
   <div class='ocr_carea' id='block_1_8' title="bbox 370 799 1881 876">
    <p class='ocr_par' dir='ltr' id='par_1_8' title="bbox 370 799 1881 876">
     <span class='ocr_line' id='line_1_8' title="bbox 370 799 1881 876; baseline 0.007 -26"><span class='ocrx_word' id='word_1_34' title='bbox 370 805 460 852; x_wconf 80' lang='grc' dir='ltr'>ια’.</span> <span class='ocrx_word' id='word_1_35' title='bbox 495 800 687 854; x_wconf 72' lang='grc' dir='ltr'>οἰκίαι</span> <span class='ocrx_word' id='word_1_36' title='bbox 712 799 952 855; x_wconf 77' lang='grc' dir='ltr'><em>ἀσεϐῶν</em></span> <span class='ocrx_word' id='word_1_37' title='bbox 972 801 1512 871; x_wconf 75' lang='grc' dir='ltr'>ἀφανισθήσονται.</span> <span class='ocrx_word' id='word_1_38' title='bbox 1541 804 1625 861; x_wconf 82' lang='grc' dir='ltr'>Τὰ</span> <span class='ocrx_word' id='word_1_39' title='bbox 1651 803 1881 876; x_wconf 86' lang='grc' dir='ltr'>σώματα</span> 
     </span>
    </p>
   </div>
   <div class='ocr_carea' id='block_1_9' title="bbox 295 888 1882 965">
    <p class='ocr_par' dir='ltr' id='par_1_9' title="bbox 295 888 1882 965">
     <span class='ocr_line' id='line_1_9' title="bbox 295 888 1882 965; baseline 0.006 -24"><span class='ocrx_word' id='word_1_40' title='bbox 295 888 406 941; x_wconf 85' lang='grc' dir='ltr'>τῶν</span> <span class='ocrx_word' id='word_1_41' title='bbox 446 889 520 961; x_wconf 78' lang='grc' dir='ltr'>μὴ</span> <span class='ocrx_word' id='word_1_42' title='bbox 555 891 624 945; x_wconf 87' lang='grc' dir='ltr'>δι’</span> <span class='ocrx_word' id='word_1_43' title='bbox 654 891 1022 964; x_wconf 84' lang='grc' dir='ltr'>ἀγαθοεργίας</span> <span class='ocrx_word' id='word_1_44' title='bbox 1057 893 1342 965; x_wconf 83' lang='grc' dir='ltr'><strong>τιμώντων</strong></span> <span class='ocrx_word' id='word_1_45' title='bbox 1373 895 1527 961; x_wconf 78' lang='grc' dir='ltr'>Θεὸν,</span> <span class='ocrx_word' id='word_1_46' title='bbox 1581 897 1676 952; x_wconf 78' lang='grc' dir='ltr'>καὶ</span> <span class='ocrx_word' id='word_1_47' title='bbox 1707 899 1736 950; x_wconf 83' lang='grc' dir='ltr'>ὁ</span> <span class='ocrx_word' id='word_1_48' title='bbox 1785 898 1882 950; x_wconf 90' lang='grc' dir='ltr'>κό-</span> 
     </span>
    </p>
   </div>
   <div class='ocr_carea' id='block_1_10' title="bbox 299 975 1906 1061">
    <p class='ocr_par' dir='ltr' id='par_1_10' title="bbox 299 975 1906 1061">
     <span class='ocr_line' id='line_1_10' title="bbox 299 975 1906 1061; baseline 0.007 -29"><span class='ocrx_word' id='word_1_49' title='bbox 299 996 435 1049; x_wconf 84' lang='grc' dir='ltr'>σμος</span> <span class='ocrx_word' id='word_1_50' title='bbox 484 975 636 1061; x_wconf 55' lang='grc' dir='ltr'>οὗτος</span> <span class='ocrx_word' id='word_1_51' title='bbox 683 983 742 1036; x_wconf 79' lang='grc' dir='ltr'><strong>ἐν</strong></span> <span class='ocrx_word' id='word_1_52' title='bbox 783 975 829 1051; x_wconf 82' lang='grc' dir='ltr'><strong>ᾧ</strong></span> <span class='ocrx_word' id='word_1_53' title='bbox 874 984 944 1038; x_wconf 78' lang='grc' dir='ltr'>δι’</span> <span class='ocrx_word' id='word_1_54' title='bbox 971 985 1160 1061; x_wconf 77' lang='grc' dir='ltr'><strong>¹αὐτῶν</strong></span> <span class='ocrx_word' id='word_1_55' title='bbox 1202 985 1263 1040; x_wconf 80' lang='grc' dir='ltr'>τὸ</span> <span class='ocrx_word' id='word_1_56' title='bbox 1310 986 1614 1059; x_wconf 87' lang='grc' dir='ltr'>πολίτευμα</span> <span class='ocrx_word' id='word_1_57' title='bbox 1655 989 1906 1059; x_wconf 44' lang='grc' dir='ltr'>ἔχουσι·-</span> 
     </span>
    </p>
   </div>
   <div class='ocr_carea' id='block_1_11' title="bbox 297 1058 1881 1152">
    <p class='ocr_par' dir='ltr' id='par_1_11' title="bbox 297 1058 1881 1152">
     <span class='ocr_line' id='line_1_11' title="bbox 297 1058 1881 1152; baseline 0.008 -30"><span class='ocrx_word' id='word_1_58' title='bbox 297 1071 427 1140; x_wconf 76' lang='grc' dir='ltr'>περὶ</span> <span class='ocrx_word' id='word_1_59' title='bbox 458 1071 495 1124; x_wconf 79' lang='grc' dir='ltr'>ἃ</span> <span class='ocrx_word' id='word_1_60' title='bbox 519 1058 617 1141; x_wconf 80' lang='grc' dir='ltr'><strong>οὐχ</strong></span> <span class='ocrx_word' id='word_1_61' title='bbox 646 1072 721 1136; x_wconf 84' lang='grc' dir='ltr'><strong>ὡς</strong></span> <span class='ocrx_word' id='word_1_62' title='bbox 749 1058 1040 1146; x_wconf 76' lang='grc' dir='ltr'>παροδικὰ,</span> <span class='ocrx_word' id='word_1_63' title='bbox 1071 1075 1186 1129; x_wconf 82' lang='grc' dir='ltr'>ἀλλ’</span> <span class='ocrx_word' id='word_1_64' title='bbox 1215 1075 1292 1140; x_wconf 84' lang='grc' dir='ltr'>ὡς</span> <span class='ocrx_word' id='word_1_65' title='bbox 1318 1076 1514 1132; x_wconf 79' lang='grc' dir='ltr'><strong>αἰώνια</strong></span> <span class='ocrx_word' id='word_1_66' title='bbox 1541 1058 1881 1152; x_wconf 81' lang='grc' dir='ltr'>κατοικητή-</span> 
     </span>
    </p>
   </div>
   <div class='ocr_carea' id='block_1_12' title="bbox 298 1154 1882 1240">
    <p class='ocr_par' dir='ltr' id='par_1_12' title="bbox 298 1154 1882 1240">
     <span class='ocr_line' id='line_1_12' title="bbox 298 1154 1882 1240; baseline 0.008 -27"><span class='ocrx_word' id='word_1_67' title='bbox 298 1177 392 1232; x_wconf 87' lang='grc' dir='ltr'><strong>ρια</strong></span> <span class='ocrx_word' id='word_1_68' title='bbox 424 1154 570 1216; x_wconf 76' lang='grc' dir='ltr'>οὗτοι</span> <span class='ocrx_word' id='word_1_69' title='bbox 601 1164 926 1231; x_wconf 81' lang='grc' dir='ltr'><strong>διάκεινται,</strong></span> <span class='ocrx_word' id='word_1_70' title='bbox 945 1169 1009 1237; x_wconf 84' lang='grc' dir='ltr'>τῇ</span> <span class='ocrx_word' id='word_1_71' title='bbox 1043 1167 1220 1238; x_wconf 84' lang='grc' dir='ltr'>φθορᾷ</span> <span class='ocrx_word' id='word_1_72' title='bbox 1246 1169 1750 1240; x_wconf 75' lang='grc' dir='ltr'>παραδοθήσονταιο</span> <span class='ocrx_word' id='word_1_73' title='bbox 1784 1172 1882 1226; x_wconf 81' lang='grc' dir='ltr'><strong>σὺν</strong></span> 
     </span>
    </p>
   </div>
   <div class='ocr_carea' id='block_1_13' title="bbox 296 1253 1882 1337">
    <p class='ocr_par' dir='ltr' id='par_1_13' title="bbox 296 1253 1882 1337">
     <span class='ocr_line' id='line_1_13' title="bbox 296 1253 1882 1337; baseline 0.01 -32"><span class='ocrx_word' id='word_1_74' title='bbox 296 1253 509 1319; x_wconf 87' lang='grc' dir='ltr'><strong>τούτοις</strong></span> <span class='ocrx_word' id='word_1_75' title='bbox 531 1256 576 1308; x_wconf 86' lang='grc' dir='ltr'>δ’</span> <span class='ocrx_word' id='word_1_76' title='bbox 603 1259 653 1315; x_wconf 80' lang='grc' dir='ltr'><strong>οἱ</strong></span> <span class='ocrx_word' id='word_1_77' title='bbox 686 1258 919 1312; x_wconf 83' lang='grc' dir='ltr'>τοιοῦτοι</span> <span class='ocrx_word' id='word_1_78' title='bbox 944 1260 1161 1325; x_wconf 85' lang='grc' dir='ltr'>πάντως</span> <span class='ocrx_word' id='word_1_79' title='bbox 1186 1262 1278 1315; x_wconf 84' lang='grc' dir='ltr'><strong>καὶ</strong></span> <span class='ocrx_word' id='word_1_80' title='bbox 1303 1261 1404 1327; x_wconf 84' lang='grc' dir='ltr'><strong>τὰς</strong></span> <span class='ocrx_word' id='word_1_81' title='bbox 1437 1265 1687 1330; x_wconf 75' lang='grc' dir='ltr'><strong>αἰωνίους</strong></span> <span class='ocrx_word' id='word_1_82' title='bbox 1715 1265 1882 1337; x_wconf 80' lang='grc' dir='ltr'>μονὰς</span> 
     </span>
    </p>
   </div>
   <div class='ocr_carea' id='block_1_14' title="bbox 294 1344 682 1401">
    <p class='ocr_par' dir='ltr' id='par_1_14' title="bbox 294 1344 682 1401">
     <span class='ocr_line' id='line_1_14' title="bbox 294 1344 682 1401; baseline 0.013 -5"><span class='ocrx_word' id='word_1_83' title='bbox 294 1344 682 1401; x_wconf 82' lang='grc' dir='ltr'><strong>ἀπολέσουσιν.</strong></span> 
     </span>
    </p>
   </div>
   <div class='ocr_carea' id='block_1_15' title="bbox 363 1472 1878 1551">
    <p class='ocr_par' dir='ltr' id='par_1_15' title="bbox 363 1472 1878 1551">
     <span class='ocr_line' id='line_1_15' title="bbox 363 1472 1878 1551; baseline 0.008 -26"><span class='ocrx_word' id='word_1_84' title='bbox 363 1473 588 1539; x_wconf 78' lang='grc' dir='ltr'>Σκηναί</span> <span class='ocrx_word' id='word_1_85' title='bbox 618 1472 686 1527; x_wconf 80' lang='grc' dir='ltr'>δὲ</span> <span class='ocrx_word' id='word_1_86' title='bbox 710 1475 1162 1543; x_wconf 82' lang='grc' dir='ltr'>κατορθούντων</span> <span class='ocrx_word' id='word_1_87' title='bbox 1194 1477 1549 1547; x_wconf 80' lang='grc' dir='ltr'>στήσονται.</span> <span class='ocrx_word' id='word_1_88' title='bbox 1575 1481 1878 1551; x_wconf 81' lang='grc' dir='ltr'>Στήσονται</span> 
     </span>
    </p>
   </div>
   <div class='ocr_carea' id='block_1_16' title="bbox 292 1561 1883 1644">
    <p class='ocr_par' dir='ltr' id='par_1_16' title="bbox 292 1561 1883 1644">
     <span class='ocr_line' id='line_1_16' title="bbox 292 1561 1883 1644; baseline 0.008 -30"><span class='ocrx_word' id='word_1_89' title='bbox 292 1562 348 1615; x_wconf 79' lang='grc' dir='ltr'>δὲ</span> <span class='ocrx_word' id='word_1_90' title='bbox 371 1561 432 1616; x_wconf 80' lang='grc' dir='ltr'><strong>τὸ</strong></span> <span class='ocrx_word' id='word_1_91' title='bbox 456 1565 680 1636; x_wconf 78' lang='grc' dir='ltr'>σαρκίον</span> <span class='ocrx_word' id='word_1_92' title='bbox 700 1583 760 1620; x_wconf 89' lang='grc' dir='ltr'><strong>τε</strong></span> <span class='ocrx_word' id='word_1_93' title='bbox 777 1567 871 1621; x_wconf 63' lang='grc' dir='ltr'><strong>καὶ⁸</strong></span> <span class='ocrx_word' id='word_1_94' title='bbox 891 1570 919 1621; x_wconf 89' lang='grc' dir='ltr'>ὁ</span> <span class='ocrx_word' id='word_1_95' title='bbox 942 1568 1146 1640; x_wconf 87' lang='grc' dir='ltr'>κόσμος</span> <span class='ocrx_word' id='word_1_96' title='bbox 1185 1573 1298 1634; x_wconf 79' lang='grc' dir='ltr'>τοῖς</span> <span class='ocrx_word' id='word_1_97' title='bbox 1318 1571 1394 1635; x_wconf 80' lang='grc' dir='ltr'>ὥς</span> <span class='ocrx_word' id='word_1_98' title='bbox 1410 1589 1562 1636; x_wconf 88' lang='grc' dir='ltr'>τινας</span> <span class='ocrx_word' id='word_1_99' title='bbox 1579 1571 1883 1644; x_wconf 83' lang='grc' dir='ltr'>παροδικὰς</span> 
     </span>
    </p>
   </div>
   <div class='ocr_carea' id='block_1_17' title="bbox 295 1653 1886 1732">
    <p class='ocr_par' dir='ltr' id='par_1_17' title="bbox 295 1653 1886 1732">
     <span class='ocr_line' id='line_1_17' title="bbox 295 1653 1886 1732; baseline 0.008 -27"><span class='ocrx_word' id='word_1_100' title='bbox 295 1653 497 1724; x_wconf 81' lang='grc' dir='ltr'>σκηνάς</span> <span class='ocrx_word' id='word_1_101' title='bbox 522 1654 696 1711; x_wconf 83' lang='grc' dir='ltr'>ταῦτα</span> <span class='ocrx_word' id='word_1_102' title='bbox 727 1656 1100 1730; x_wconf 79' lang='grc' dir='ltr'>λογιζομένοις</span> <span class='ocrx_word' id='word_1_103' title='bbox 1118 1700 1133 1726; x_wconf 89' lang='grc'><strong>,</strong></span> <span class='ocrx_word' id='word_1_104' title='bbox 1161 1660 1358 1716; x_wconf 85' lang='grc' dir='ltr'>εἰδόσιν</span> <span class='ocrx_word' id='word_1_105' title='bbox 1383 1662 1464 1716; x_wconf 84' lang='grc' dir='ltr'><strong>ὅτι</strong></span> <span class='ocrx_word' id='word_1_106' title='bbox 1485 1661 1553 1715; x_wconf 80' lang='grc' dir='ltr'>τὰ</span> <span class='ocrx_word' id='word_1_107' title='bbox 1584 1662 1886 1732; x_wconf 76' lang='grc' dir='ltr'>φαινόμενα</span> 
     </span>
    </p>
   </div>
   <div class='ocr_carea' id='block_1_18' title="bbox 294 1745 1883 1823">
    <p class='ocr_par' dir='ltr' id='par_1_18' title="bbox 294 1745 1883 1823">
     <span class='ocr_line' id='line_1_18' title="bbox 294 1745 1883 1823; baseline 0.005 -25"><span class='ocrx_word' id='word_1_108' title='bbox 294 1745 472 1801; x_wconf 85' lang='grc' dir='ltr'>πάντα</span> <span class='ocrx_word' id='word_1_109' title='bbox 535 1747 722 1802; x_wconf 83' lang='grc' dir='ltr'>στάσιν</span> <span class='ocrx_word' id='word_1_110' title='bbox 749 1748 853 1820; x_wconf 78' lang='grc' dir='ltr'><strong>τὴν</strong></span> <span class='ocrx_word' id='word_1_111' title='bbox 879 1749 936 1804; x_wconf 81' lang='grc' dir='ltr'>ὲν</span> <span class='ocrx_word' id='word_1_112' title='bbox 962 1749 1176 1818; x_wconf 79' lang='grc' dir='ltr'>γενέσει</span> <span class='ocrx_word' id='word_1_113' title='bbox 1221 1752 1318 1805; x_wconf 76' lang='grc' dir='ltr'>καὶ</span> <span class='ocrx_word' id='word_1_114' title='bbox 1361 1751 1539 1823; x_wconf 77' lang='grc' dir='ltr'>φθορᾷ</span> <span class='ocrx_word' id='word_1_115' title='bbox 1577 1751 1761 1822; x_wconf 78' lang='grc' dir='ltr'>έχουσι</span> <span class='ocrx_word' id='word_1_116' title='bbox 1795 1751 1883 1806; x_wconf 89' lang='grc' dir='ltr'>κί-</span> 
     </span>
    </p>
   </div>
   <div class='ocr_carea' id='block_1_19' title="bbox 1982 579 3566 656">
    <p class='ocr_par' dir='ltr' id='par_1_19' title="bbox 1982 579 3566 656">
     <span class='ocr_line' id='line_1_19' title="bbox 1982 579 3566 656; baseline -0.004 -18"><span class='ocrx_word' id='word_1_117' title='bbox 1982 585 2164 640; x_wconf 89' lang='lat' dir='ltr'><strong>anima</strong></span> <span class='ocrx_word' id='word_1_118' title='bbox 2203 584 2492 655; x_wconf 89' lang='lat' dir='ltr'><strong>spirituale</strong></span> <span class='ocrx_word' id='word_1_119' title='bbox 2537 581 2788 656; x_wconf 79' lang='lat' dir='ltr'><strong>possidet</strong></span> <span class='ocrx_word' id='word_1_120' title='bbox 2833 580 3118 652; x_wconf 77' lang='lat' dir='ltr'><strong>gaudium,</strong></span> <span class='ocrx_word' id='word_1_121' title='bbox 3165 594 3194 634; x_wconf 90' lang='lat' dir='ltr'><strong>a</strong></span> <span class='ocrx_word' id='word_1_122' title='bbox 3241 579 3566 650; x_wconf 79' lang='lat' dir='ltr'><strong>passionum</strong></span> 
     </span>
    </p>
   </div>
   <div class='ocr_carea' id='block_1_20' title="bbox 1981 667 3634 746">
    <p class='ocr_par' dir='ltr' id='par_1_20' title="bbox 1981 667 3634 746">
     <span class='ocr_line' id='line_1_20' title="bbox 1981 667 3634 746; baseline -0.004 -16"><span class='ocrx_word' id='word_1_123' title='bbox 1981 675 2282 746; x_wconf 79' lang='lat' dir='ltr'><strong>ignominia</strong></span> <span class='ocrx_word' id='word_1_124' title='bbox 2313 676 2488 732; x_wconf 89' lang='lat' dir='ltr'><strong>libera</strong></span> <span class='ocrx_word' id='word_1_125' title='bbox 2517 682 2625 732; x_wconf 90' lang='lat' dir='ltr'><strong>est.</strong></span> <span class='ocrx_word' id='word_1_126' title='bbox 3613 667 3634 680; x_wconf 82' lang='lat'><strong><em>’</em></strong></span> 
     </span>
    </p>
   </div>
   <div class='ocr_carea' id='block_1_21' title="bbox 2057 793 3568 870">
    <p class='ocr_par' dir='ltr' id='par_1_21' title="bbox 2057 793 3568 870">
     <span class='ocr_line' id='line_1_21' title="bbox 2057 793 3568 870; baseline -0.008 -14"><span class='ocrx_word' id='word_1_127' title='bbox 2057 801 2223 859; x_wconf 66' lang='lat' dir='ltr'><strong>Vens.</strong></span> <span class='ocrx_word' id='word_1_128' title='bbox 2259 803 2348 857; x_wconf 86' lang='grc'><strong>11.</strong></span> <span class='ocrx_word' id='word_1_129' title='bbox 2383 801 2588 857; x_wconf 85' lang='lat' dir='ltr'><strong>Domus</strong></span> <span class='ocrx_word' id='word_1_130' title='bbox 2623 800 2913 870; x_wconf 84' lang='lat' dir='ltr'><strong>impiorum</strong></span> <span class='ocrx_word' id='word_1_131' title='bbox 2952 804 3288 853; x_wconf 70' lang='lat' dir='ltr'><strong>evanescunt.</strong></span> <span class='ocrx_word' id='word_1_132' title='bbox 3321 793 3568 862; x_wconf 78' lang='lat' dir='ltr'><strong>Corpora</strong></span> 
     </span>
    </p>
   </div>
   <div class='ocr_carea' id='block_1_22' title="bbox 1983 887 3566 963">
    <p class='ocr_par' dir='ltr' id='par_1_22' title="bbox 1983 887 3566 963">
     <span class='ocr_line' id='line_1_22' title="bbox 1983 887 3566 963; baseline -0.008 -17"><span class='ocrx_word' id='word_1_133' title='bbox 1983 907 2199 956; x_wconf 89' lang='lat' dir='ltr'><strong>eorum,</strong></span> <span class='ocrx_word' id='word_1_134' title='bbox 2229 893 2322 963; x_wconf 89' lang='lat' dir='ltr'><strong>qui</strong></span> <span class='ocrx_word' id='word_1_135' title='bbox 2371 891 2541 948; x_wconf 90' lang='lat' dir='ltr'><strong>Deum</strong></span> <span class='ocrx_word' id='word_1_136' title='bbox 2590 906 2688 961; x_wconf 90' lang='lat' dir='ltr'><strong>per</strong></span> <span class='ocrx_word' id='word_1_137' title='bbox 2729 890 2875 945; x_wconf 91' lang='lat' dir='ltr'><strong>bona</strong></span> <span class='ocrx_word' id='word_1_138' title='bbox 2917 903 3084 958; x_wconf 86' lang='lat' dir='ltr'><strong>opera</strong></span> <span class='ocrx_word' id='word_1_139' title='bbox 3119 902 3230 943; x_wconf 91' lang='lat' dir='ltr'><strong>non</strong></span> <span class='ocrx_word' id='word_1_140' title='bbox 3271 887 3566 943; x_wconf 81' lang='lat' dir='ltr'><strong>honorant,</strong></span> 
     </span>
    </p>
   </div>
   <div class='ocr_carea' id='block_1_23' title="bbox 1984 981 3569 1062">
    <p class='ocr_par' dir='ltr' id='par_1_23' title="bbox 1984 981 3569 1062">
     <span class='ocr_line' id='line_1_23' title="bbox 1984 981 3569 1062; baseline -0.01 -18"><span class='ocrx_word' id='word_1_141' title='bbox 1984 999 2039 1044; x_wconf 92' lang='lat' dir='ltr'><strong>et</strong></span> <span class='ocrx_word' id='word_1_142' title='bbox 2069 988 2307 1044; x_wconf 90' lang='lat' dir='ltr'><strong>mundus</strong></span> <span class='ocrx_word' id='word_1_143' title='bbox 2355 988 2467 1056; x_wconf 89' lang='lat' dir='ltr'><strong>hic,</strong></span> <span class='ocrx_word' id='word_1_144' title='bbox 2510 990 2564 1062; x_wconf 89' lang='lat' dir='ltr'><strong>in</strong></span> <span class='ocrx_word' id='word_1_145' title='bbox 2598 1001 2710 1059; x_wconf 89' lang='lat' dir='ltr'><strong>quo</strong></span> <span class='ocrx_word' id='word_1_146' title='bbox 2751 999 2945 1041; x_wconf 86' lang='lat' dir='ltr'><strong>eorum</strong></span> <span class='ocrx_word' id='word_1_147' title='bbox 2976 981 3281 1053; x_wconf 82' lang='lat' dir='ltr'><strong>corporalis</strong></span> <span class='ocrx_word' id='word_1_148' title='bbox 3317 988 3400 1034; x_wconf 85' lang='lat' dir='ltr'><strong>est</strong></span> <span class='ocrx_word' id='word_1_149' title='bbox 3437 992 3569 1031; x_wconf 92' lang='lat' dir='ltr'><strong>con-</strong></span> 
     </span>
    </p>
   </div>
   <div class='ocr_carea' id='block_1_24' title="bbox 1982 1066 3566 1148">
    <p class='ocr_par' dir='ltr' id='par_1_24' title="bbox 1982 1066 3566 1148">
     <span class='ocr_line' id='line_1_24' title="bbox 1982 1066 3566 1148; baseline -0.006 -18"><span class='ocrx_word' id='word_1_150' title='bbox 1982 1080 2246 1138; x_wconf 75' lang='lat' dir='ltr'><strong>versatio.</strong></span> <span class='ocrx_word' id='word_1_151' title='bbox 2268 1109 2337 1119; x_wconf 91' lang='lat'><strong>—</strong></span> <span class='ocrx_word' id='word_1_152' title='bbox 2353 1079 2484 1148; x_wconf 86' lang='lat' dir='ltr'><strong>quia</strong></span> <span class='ocrx_word' id='word_1_153' title='bbox 2508 1080 2719 1148; x_wconf 87' lang='lat' dir='ltr'><strong>seipsos</strong></span> <span class='ocrx_word' id='word_1_154' title='bbox 2740 1077 2914 1132; x_wconf 89' lang='lat' dir='ltr'><strong>relate</strong></span> <span class='ocrx_word' id='word_1_155' title='bbox 2937 1073 3007 1129; x_wconf 90' lang='lat' dir='ltr'><strong>ad</strong></span> <span class='ocrx_word' id='word_1_156' title='bbox 3027 1074 3165 1138; x_wconf 65' lang='lat' dir='ltr'><strong>haec,</strong></span> <span class='ocrx_word' id='word_1_157' title='bbox 3192 1086 3303 1126; x_wconf 90' lang='lat' dir='ltr'><strong>non</strong></span> <span class='ocrx_word' id='word_1_158' title='bbox 3327 1069 3468 1124; x_wconf 92' lang='lat' dir='ltr'><strong>sicut</strong></span> <span class='ocrx_word' id='word_1_159' title='bbox 3500 1066 3566 1121; x_wconf 86' lang='lat' dir='ltr'><strong>ad</strong></span> 
     </span>
    </p>
   </div>
   <div class='ocr_carea' id='block_1_25' title="bbox 1982 1163 3569 1239">
    <p class='ocr_par' dir='ltr' id='par_1_25' title="bbox 1982 1163 3569 1239">
     <span class='ocr_line' id='line_1_25' title="bbox 1982 1163 3569 1239; baseline -0.008 -14"><span class='ocrx_word' id='word_1_160' title='bbox 1982 1171 2188 1225; x_wconf 86' lang='lat' dir='ltr'><strong>viatica</strong></span> <span class='ocrx_word' id='word_1_161' title='bbox 2222 1169 2446 1235; x_wconf 84' lang='lat' dir='ltr'><strong>habent,</strong></span> <span class='ocrx_word' id='word_1_162' title='bbox 2479 1170 2575 1225; x_wconf 89' lang='lat' dir='ltr'><strong>sed</strong></span> <span class='ocrx_word' id='word_1_163' title='bbox 2610 1178 2869 1239; x_wconf 84' lang='lat' dir='ltr'><strong>tanquam</strong></span> <span class='ocrx_word' id='word_1_164' title='bbox 2911 1167 2976 1223; x_wconf 88' lang='lat' dir='ltr'><strong>ad</strong></span> <span class='ocrx_word' id='word_1_165' title='bbox 3019 1163 3372 1221; x_wconf 89' lang='lat' dir='ltr'><strong>tabernacula</strong></span> <span class='ocrx_word' id='word_1_166' title='bbox 3413 1168 3569 1216; x_wconf 83' lang='lat' dir='ltr'><strong>acter-</strong></span> 
     </span>
    </p>
   </div>
   <div class='ocr_carea' id='block_1_26' title="bbox 1985 1251 3570 1335">
    <p class='ocr_par' dir='ltr' id='par_1_26' title="bbox 1985 1251 3570 1335">
     <span class='ocr_line' id='line_1_26' title="bbox 1985 1251 3570 1335; baseline -0.009 -16"><span class='ocrx_word' id='word_1_167' title='bbox 1985 1280 2077 1328; x_wconf 90' lang='lat' dir='ltr'><strong>na,</strong></span> <span class='ocrx_word' id='word_1_168' title='bbox 2110 1291 2180 1306; x_wconf 88' lang='lat'><strong>-—</strong></span> <span class='ocrx_word' id='word_1_169' title='bbox 2215 1263 2560 1335; x_wconf 89' lang='lat' dir='ltr'><strong>corruptioni</strong></span> <span class='ocrx_word' id='word_1_170' title='bbox 2593 1262 2914 1328; x_wconf 84' lang='lat' dir='ltr'><strong>tradentur;</strong></span> <span class='ocrx_word' id='word_1_171' title='bbox 2953 1275 3078 1316; x_wconf 86' lang='lat' dir='ltr'><strong>eum</strong></span> <span class='ocrx_word' id='word_1_172' title='bbox 3122 1257 3210 1313; x_wconf 87' lang='lat' dir='ltr'><strong>his</strong></span> <span class='ocrx_word' id='word_1_173' title='bbox 3252 1251 3570 1325; x_wconf 77' lang='lat' dir='ltr'><strong>temporali-</strong></span> 
     </span>
    </p>
   </div>
   <div class='ocr_carea' id='block_1_27' title="bbox 1983 1351 3064 1424">
    <p class='ocr_par' dir='ltr' id='par_1_27' title="bbox 1983 1351 3064 1424">
     <span class='ocr_line' id='line_1_27' title="bbox 1983 1351 3064 1424; baseline -0.006 -13"><span class='ocrx_word' id='word_1_174' title='bbox 1983 1356 2087 1411; x_wconf 86' lang='lat' dir='ltr'><strong>bus</strong></span> <span class='ocrx_word' id='word_1_175' title='bbox 2115 1364 2168 1411; x_wconf 92' lang='lat' dir='ltr'><strong>et</strong></span> <span class='ocrx_word' id='word_1_176' title='bbox 2195 1363 2430 1411; x_wconf 74' lang='lat' dir='ltr'><strong>aeternas</strong></span> <span class='ocrx_word' id='word_1_177' title='bbox 2460 1355 2780 1410; x_wconf 83' lang='lat' dir='ltr'><strong>mansiones</strong></span> <span class='ocrx_word' id='word_1_178' title='bbox 2812 1351 3064 1424; x_wconf 85' lang='lat' dir='ltr'><strong>perdent.</strong></span> 
     </span>
    </p>
   </div>
   <div class='ocr_carea' id='block_1_28' title="bbox 2058 1473 3566 1550">
    <p class='ocr_par' dir='ltr' id='par_1_28' title="bbox 2058 1473 3566 1550">
     <span class='ocr_line' id='line_1_28' title="bbox 2058 1473 3566 1550; baseline -0.009 -10"><span class='ocrx_word' id='word_1_179' title='bbox 2058 1484 2430 1540; x_wconf 85' lang='lat' dir='ltr'><strong>Tabernacula</strong></span> <span class='ocrx_word' id='word_1_180' title='bbox 2468 1494 2647 1540; x_wconf 86' lang='lat' dir='ltr'><strong>autem</strong></span> <span class='ocrx_word' id='word_1_181' title='bbox 2685 1490 2829 1536; x_wconf 83' lang='lat' dir='ltr'><strong>recta</strong></span> <span class='ocrx_word' id='word_1_182' title='bbox 2869 1479 3136 1550; x_wconf 80' lang='lat' dir='ltr'><strong>agentium</strong></span> <span class='ocrx_word' id='word_1_183' title='bbox 3165 1475 3398 1531; x_wconf 86' lang='lat' dir='ltr'><strong>stabunt.</strong></span> <span class='ocrx_word' id='word_1_184' title='bbox 3439 1473 3566 1529; x_wconf 87' lang='lat' dir='ltr'><strong>Sta-</strong></span> 
     </span>
    </p>
   </div>
   <div class='ocr_carea' id='block_1_29' title="bbox 1983 1565 3564 1639">
    <p class='ocr_par' dir='ltr' id='par_1_29' title="bbox 1983 1565 3564 1639">
     <span class='ocr_line' id='line_1_29' title="bbox 1983 1565 3564 1639; baseline -0.01 -7"><span class='ocrx_word' id='word_1_185' title='bbox 1983 1575 2124 1632; x_wconf 86' lang='lat' dir='ltr'><strong>bunt</strong></span> <span class='ocrx_word' id='word_1_186' title='bbox 2154 1583 2210 1631; x_wconf 91' lang='lat' dir='ltr'><strong>et</strong></span> <span class='ocrx_word' id='word_1_187' title='bbox 2240 1589 2370 1630; x_wconf 88' lang='lat' dir='ltr'><strong>caro</strong></span> <span class='ocrx_word' id='word_1_188' title='bbox 2400 1581 2456 1630; x_wconf 90' lang='lat' dir='ltr'><strong>et</strong></span> <span class='ocrx_word' id='word_1_189' title='bbox 2485 1574 2726 1630; x_wconf 90' lang='lat' dir='ltr'><strong>mundus</strong></span> <span class='ocrx_word' id='word_1_190' title='bbox 2754 1572 2882 1636; x_wconf 88' lang='lat' dir='ltr'><strong>illis,</strong></span> <span class='ocrx_word' id='word_1_191' title='bbox 2913 1570 3007 1639; x_wconf 85' lang='lat' dir='ltr'><strong>qui</strong></span> <span class='ocrx_word' id='word_1_192' title='bbox 3045 1571 3159 1624; x_wconf 80' lang='lat' dir='ltr'><strong>haec</strong></span> <span class='ocrx_word' id='word_1_193' title='bbox 3185 1582 3284 1622; x_wconf 91' lang='lat' dir='ltr'><strong>ceu</strong></span> <span class='ocrx_word' id='word_1_194' title='bbox 3315 1565 3564 1635; x_wconf 81' lang='lat' dir='ltr'><strong>quaedam</strong></span> 
     </span>
    </p>
   </div>
   <div class='ocr_carea' id='block_1_30' title="bbox 1985 1658 3566 1730">
    <p class='ocr_par' dir='ltr' id='par_1_30' title="bbox 1985 1658 3566 1730">
     <span class='ocr_line' id='line_1_30' title="bbox 1985 1658 3566 1730; baseline -0.008 -11"><span class='ocrx_word' id='word_1_195' title='bbox 1985 1664 2188 1720; x_wconf 89' lang='lat' dir='ltr'><strong>viatica</strong></span> <span class='ocrx_word' id='word_1_196' title='bbox 2233 1665 2591 1720; x_wconf 86' lang='lat' dir='ltr'><strong>tabernacula</strong></span> <span class='ocrx_word' id='word_1_197' title='bbox 2631 1660 3006 1718; x_wconf 85' lang='lat' dir='ltr'><strong>considerant.</strong></span> <span class='ocrx_word' id='word_1_198' title='bbox 3055 1658 3250 1712; x_wconf 87' lang='lat' dir='ltr'><strong>Sciunt</strong></span> <span class='ocrx_word' id='word_1_199' title='bbox 3297 1669 3566 1730; x_wconf 82' lang='lat' dir='ltr'><strong>apparen-</strong></span> 
     </span>
    </p>
   </div>
   <div class='ocr_carea' id='block_1_31' title="bbox 1987 1747 3566 1824">
    <p class='ocr_par' dir='ltr' id='par_1_31' title="bbox 1987 1747 3566 1824">
     <span class='ocr_line' id='line_1_31' title="bbox 1987 1747 3566 1824; baseline -0.006 -16"><span class='ocrx_word' id='word_1_200' title='bbox 1987 1755 2061 1808; x_wconf 89' lang='lat' dir='ltr'><strong>tia</strong></span> <span class='ocrx_word' id='word_1_201' title='bbox 2084 1755 2269 1810; x_wconf 86' lang='lat' dir='ltr'><strong>omnia</strong></span> <span class='ocrx_word' id='word_1_202' title='bbox 2296 1769 2458 1811; x_wconf 88' lang='lat' dir='ltr'><strong>suum</strong></span> <span class='ocrx_word' id='word_1_203' title='bbox 2491 1754 2546 1809; x_wconf 92' lang='lat' dir='ltr'><strong>in</strong></span> <span class='ocrx_word' id='word_1_204' title='bbox 2573 1753 2792 1824; x_wconf 79' lang='lat' dir='ltr'><strong>origine</strong></span> <span class='ocrx_word' id='word_1_205' title='bbox 2817 1758 3021 1806; x_wconf 88' lang='lat' dir='ltr'><strong>statum</strong></span> <span class='ocrx_word' id='word_1_206' title='bbox 3052 1757 3107 1804; x_wconf 91' lang='lat' dir='ltr'><strong>et</strong></span> <span class='ocrx_word' id='word_1_207' title='bbox 3134 1749 3186 1802; x_wconf 93' lang='lat' dir='ltr'><strong>in</strong></span> <span class='ocrx_word' id='word_1_208' title='bbox 3215 1747 3566 1816; x_wconf 78' lang='lat' dir='ltr'><strong>corruptione</strong></span> 
     </span>
    </p>
   </div>
   <div class='ocr_carea' id='block_1_32' title="bbox 289 1838 1873 1915">
    <p class='ocr_par' dir='ltr' id='par_1_32' title="bbox 289 1838 1873 1914">
     <span class='ocr_line' id='line_1_32' title="bbox 289 1838 1873 1914; baseline 0.005 -24"><span class='ocrx_word' id='word_1_209' title='bbox 289 1853 444 1908; x_wconf 86' lang='grc' dir='ltr'>νησιν</span> <span class='ocrx_word' id='word_1_210' title='bbox 468 1876 484 1902; x_wconf 95' lang='grc'><strong>,</strong></span> <span class='ocrx_word' id='word_1_211' title='bbox 521 1838 618 1893; x_wconf 76' lang='grc' dir='ltr'><strong>καὶ</strong></span> <span class='ocrx_word' id='word_1_212' title='bbox 655 1840 783 1912; x_wconf 82' lang='grc' dir='ltr'>μήτ’</span> <span class='ocrx_word' id='word_1_213' title='bbox 815 1841 908 1894; x_wconf 71' lang='grc' dir='ltr'><strong>ἐπὶ</strong></span> <span class='ocrx_word' id='word_1_214' title='bbox 930 1843 998 1912; x_wconf 81' lang='grc' dir='ltr'>τῇ</span> <span class='ocrx_word' id='word_1_215' title='bbox 1029 1842 1243 1910; x_wconf 84' lang='grc' dir='ltr'>γενέσει</span> <span class='ocrx_word' id='word_1_216' title='bbox 1273 1843 1480 1898; x_wconf 90' lang='grc' dir='ltr'>τούτων</span> <span class='ocrx_word' id='word_1_217' title='bbox 1514 1843 1873 1914; x_wconf 83' lang='grc' dir='ltr'>εὐφραινομέ-</span> 
     </span>
    </p>
   </div>
   <div class='ocr_carea' id='block_1_33' title="bbox 1994 1838 3562 1915">
    <p class='ocr_par' dir='ltr' id='par_1_33' title="bbox 1994 1840 3562 1915">
     <span class='ocr_line' id='line_1_33' title="bbox 1994 1840 3562 1915; baseline -0.007 -14"><span class='ocrx_word' id='word_1_218' title='bbox 1994 1857 2192 1902; x_wconf 88' lang='lat' dir='ltr'><strong>motum</strong></span> <span class='ocrx_word' id='word_1_219' title='bbox 2235 1847 2467 1915; x_wconf 86' lang='lat' dir='ltr'><strong>habere;</strong></span> <span class='ocrx_word' id='word_1_220' title='bbox 2508 1848 2634 1902; x_wconf 90' lang='lat' dir='ltr'><strong>ideo</strong></span> <span class='ocrx_word' id='word_1_221' title='bbox 2677 1860 2778 1901; x_wconf 91' lang='lat' dir='ltr'><strong>nec</strong></span> <span class='ocrx_word' id='word_1_222' title='bbox 2829 1844 2884 1898; x_wconf 91' lang='lat' dir='ltr'><strong>in</strong></span> <span class='ocrx_word' id='word_1_223' title='bbox 2934 1843 3148 1913; x_wconf 80' lang='lat' dir='ltr'><strong>origine</strong></span> <span class='ocrx_word' id='word_1_224' title='bbox 3189 1840 3562 1911; x_wconf 76' lang='lat' dir='ltr'><strong>iucundorum</strong></span> 
     </span>
    </p>
   </div>
   <div class='ocr_carea' id='block_1_34' title="bbox 287 1930 1874 2006">
    <p class='ocr_par' dir='ltr' id='par_1_34' title="bbox 287 1930 1874 2006">
     <span class='ocr_line' id='line_1_34' title="bbox 287 1930 1874 2006; baseline 0.006 -25"><span class='ocrx_word' id='word_1_225' title='bbox 287 1946 398 1993; x_wconf 82' lang='grc' dir='ltr'>νοις</span> <span class='ocrx_word' id='word_1_226' title='bbox 447 1930 603 2000; x_wconf 79' lang='grc' dir='ltr'>(μήτ“</span> <span class='ocrx_word' id='word_1_227' title='bbox 643 1931 736 1986; x_wconf 78' lang='grc' dir='ltr'><strong>ἐπὶ</strong></span> <span class='ocrx_word' id='word_1_228' title='bbox 779 1935 845 2004; x_wconf 69' lang='grc' dir='ltr'>τῇ</span> <span class='ocrx_word' id='word_1_229' title='bbox 892 1932 1072 2006; x_wconf 85' lang='grc' dir='ltr'>φθορᾷ</span> <span class='ocrx_word' id='word_1_230' title='bbox 1107 1935 1522 2006; x_wconf 85' lang='grc' dir='ltr'>λυπουμένων)·</span> <span class='ocrx_word' id='word_1_231' title='bbox 1578 1934 1874 1990; x_wconf 82' lang='grc' dir='ltr'>κάντεῦθεν</span> 
     </span>
    </p>
   </div>
   <div class='ocr_carea' id='block_1_35' title="bbox 289 2021 1692 2093">
    <p class='ocr_par' dir='ltr' id='par_1_35' title="bbox 289 2021 1692 2093">
     <span class='ocr_line' id='line_1_35' title="bbox 289 2021 1692 2093; baseline 0.006 -19"><span class='ocrx_word' id='word_1_232' title='bbox 289 2021 530 2093; x_wconf 85' lang='grc' dir='ltr'>στάσιμα</span> <span class='ocrx_word' id='word_1_233' title='bbox 555 2023 623 2079; x_wconf 81' lang='grc' dir='ltr'>τὰ</span> <span class='ocrx_word' id='word_1_234' title='bbox 644 2024 855 2082; x_wconf 73' lang='grc' dir='ltr'>ἄστατα</span> <span class='ocrx_word' id='word_1_235' title='bbox 884 2025 943 2080; x_wconf 84' lang='grc' dir='ltr'>ὲν</span> <span class='ocrx_word' id='word_1_236' title='bbox 972 2027 1188 2092; x_wconf 79' lang='grc' dir='ltr'>ἑαυτοῖς</span> <span class='ocrx_word' id='word_1_237' title='bbox 1220 2027 1692 2083; x_wconf 81' lang='grc' dir='ltr'>ἀποδεικνύουσιν.</span> 
     </span>
    </p>
   </div>
   <div class='ocr_carea' id='block_1_36' title="bbox 361 2147 1875 2225">
    <p class='ocr_par' dir='ltr' id='par_1_36' title="bbox 361 2147 1875 2225">
     <span class='ocr_line' id='line_1_36' title="bbox 361 2147 1875 2225; baseline 0.005 -23"><span class='ocrx_word' id='word_1_238' title='bbox 361 2147 449 2220; x_wconf 82' lang='grc' dir='ltr'>ιβ’.</span> <span class='ocrx_word' id='word_1_239' title='bbox 483 2151 692 2206; x_wconf 82' lang='grc' dir='ltr'>Ἔστιν</span> <span class='ocrx_word' id='word_1_240' title='bbox 715 2153 876 2221; x_wconf 82' lang='grc' dir='ltr'>ὁδὸς,</span> <span class='ocrx_word' id='word_1_241' title='bbox 899 2151 936 2222; x_wconf 75' lang='grc' dir='ltr'><em>ἢ</em></span> <span class='ocrx_word' id='word_1_242' title='bbox 960 2153 1133 2209; x_wconf 78' lang='grc' dir='ltr'>δοκεῖ</span> <span class='ocrx_word' id='word_1_243' title='bbox 1149 2153 1294 2224; x_wconf 83' lang='grc' dir='ltr'>ὀρθὴ</span> <span class='ocrx_word' id='word_1_244' title='bbox 1316 2150 1467 2209; x_wconf 77' lang='grc' dir='ltr'>εἶναι</span> <span class='ocrx_word' id='word_1_245' title='bbox 1490 2154 1628 2223; x_wconf 86' lang='grc' dir='ltr'>παρ’</span> <span class='ocrx_word' id='word_1_246' title='bbox 1650 2156 1875 2225; x_wconf 80' lang='grc' dir='ltr'>ἀνθρώ-</span> 
     </span>
    </p>
   </div>
   <div class='ocr_carea' id='block_1_37' title="bbox 285 2241 1871 2320">
    <p class='ocr_par' dir='ltr' id='par_1_37' title="bbox 285 2241 1871 2320">
     <span class='ocr_line' id='line_1_37' title="bbox 285 2241 1871 2320; baseline 0.006 -27"><span class='ocrx_word' id='word_1_247' title='bbox 285 2254 442 2308; x_wconf 82' lang='grc' dir='ltr'>ποις.</span> <span class='ocrx_word' id='word_1_248' title='bbox 490 2241 548 2297; x_wconf 81' lang='lat'>&#39;0</span> <span class='ocrx_word' id='word_1_249' title='bbox 586 2245 847 2316; x_wconf 69' lang='grc' dir='ltr'>σαρκικὸς</span> <span class='ocrx_word' id='word_1_250' title='bbox 887 2248 982 2300; x_wconf 72' lang='grc' dir='ltr'>καὶ</span> <span class='ocrx_word' id='word_1_251' title='bbox 1028 2248 1314 2318; x_wconf 82' lang='grc' dir='ltr'>ἀνειμένος</span> <span class='ocrx_word' id='word_1_252' title='bbox 1351 2247 1486 2318; x_wconf 81' lang='grc' dir='ltr'>βίος,</span> <span class='ocrx_word' id='word_1_253' title='bbox 1517 2247 1604 2302; x_wconf 79' lang='grc' dir='ltr'><strong>διὰ</strong></span> <span class='ocrx_word' id='word_1_254' title='bbox 1650 2248 1712 2301; x_wconf 78' lang='grc' dir='ltr'>τὸ</span> <span class='ocrx_word' id='word_1_255' title='bbox 1743 2249 1871 2320; x_wconf 79' lang='grc' dir='ltr'>ἡδυ-</span> 
     </span>
    </p>
   </div>
   <div class='ocr_carea' id='block_1_38' title="bbox 284 2333 1874 2412">
    <p class='ocr_par' dir='ltr' id='par_1_38' title="bbox 284 2333 1874 2412">
     <span class='ocr_line' id='line_1_38' title="bbox 284 2333 1874 2412; baseline 0.005 -26"><span class='ocrx_word' id='word_1_256' title='bbox 284 2333 457 2396; x_wconf 59' lang='lat' dir='ltr'><strong>«aes;</strong></span> <span class='ocrx_word' id='word_1_257' title='bbox 486 2335 671 2403; x_wconf 79' lang='grc' dir='ltr'>αὐτοῦ,</span> <span class='ocrx_word' id='word_1_258' title='bbox 702 2336 865 2399; x_wconf 85' lang='grc' dir='ltr'>καλὸς</span> <span class='ocrx_word' id='word_1_259' title='bbox 894 2338 1024 2409; x_wconf 84' lang='grc' dir='ltr'>παρ’</span> <span class='ocrx_word' id='word_1_260' title='bbox 1048 2337 1358 2410; x_wconf 80' lang='grc' dir='ltr'>ἀνθρώποις</span> <span class='ocrx_word' id='word_1_261' title='bbox 1387 2338 1688 2410; x_wconf 73' lang='grc' dir='ltr'>νομίζεται,</span> <span class='ocrx_word' id='word_1_262' title='bbox 1713 2339 1874 2412; x_wconf 82' lang='grc' dir='ltr'>ἄχρις</span> 
     </span>
    </p>
   </div>
   <div class='ocr_carea' id='block_1_39' title="bbox 282 2423 1122 2502">
    <p class='ocr_par' dir='ltr' id='par_1_39' title="bbox 282 2423 1122 2502">
     <span class='ocr_line' id='line_1_39' title="bbox 282 2423 1122 2502; baseline 0.008 -24"><span class='ocrx_word' id='word_1_263' title='bbox 282 2423 349 2480; x_wconf 79' lang='grc' dir='ltr'>ἂν</span> <span class='ocrx_word' id='word_1_264' title='bbox 372 2424 585 2491; x_wconf 80' lang='grc' dir='ltr'>τούτοις</span> <span class='ocrx_word' id='word_1_265' title='bbox 611 2431 762 2500; x_wconf 85' lang='grc' dir='ltr'>χωρῇ</span> <span class='ocrx_word' id='word_1_266' title='bbox 793 2429 940 2484; x_wconf 86' lang='grc' dir='ltr'>κατὰ</span> <span class='ocrx_word' id='word_1_267' title='bbox 971 2429 1122 2502; x_wconf 81' lang='grc' dir='ltr'>ῥοῦν.</span> 
     </span>
    </p>
   </div>
   <div class='ocr_carea' id='block_1_40' title="bbox 275 2547 1872 2629">
    <p class='ocr_par' dir='ltr' id='par_1_40' title="bbox 275 2547 1872 2629">
     <span class='ocr_line' id='line_1_40' title="bbox 275 2547 1872 2629; baseline 0.004 -22"><span class='ocrx_word' id='word_1_268' title='bbox 275 2547 279 2562; x_wconf 85' lang='grc'><em>’</em></span> <span class='ocrx_word' id='word_1_269' title='bbox 358 2549 440 2607; x_wconf 85' lang='grc' dir='ltr'><strong>Τὰ</strong></span> <span class='ocrx_word' id='word_1_270' title='bbox 482 2551 552 2606; x_wconf 78' lang='grc' dir='ltr'>δὲ</span> <span class='ocrx_word' id='word_1_271' title='bbox 591 2555 905 2609; x_wconf 74' lang='grc' dir='ltr'>τελευταῖα</span> <span class='ocrx_word' id='word_1_272' title='bbox 949 2555 1143 2626; x_wconf 82' lang='grc' dir='ltr'>αὐτῆς</span> <span class='ocrx_word' id='word_1_273' title='bbox 1193 2556 1431 2628; x_wconf 73' lang='grc' dir='ltr'>ἔρχεται</span> <span class='ocrx_word' id='word_1_274' title='bbox 1475 2560 1565 2626; x_wconf 82' lang='grc' dir='ltr'>εις</span> <span class='ocrx_word' id='word_1_275' title='bbox 1598 2557 1872 2629; x_wconf 77' lang='grc' dir='ltr'>πυθμένα</span> 
     </span>
    </p>
   </div>
   <div class='ocr_carea' id='block_1_41' title="bbox 283 2640 1869 2718">
    <p class='ocr_par' dir='ltr' id='par_1_41' title="bbox 283 2640 1869 2718">
     <span class='ocr_line' id='line_1_41' title="bbox 283 2640 1869 2718; baseline 0.005 -26"><span class='ocrx_word' id='word_1_276' title='bbox 283 2640 450 2708; x_wconf 76' lang='grc' dir='ltr'>ᾅδου,</span> <span class='ocrx_word' id='word_1_277' title='bbox 499 2643 574 2697; x_wconf 84' lang='grc' dir='ltr'><strong>Τὸ</strong></span> <span class='ocrx_word' id='word_1_278' title='bbox 628 2644 686 2698; x_wconf 83' lang='grc' dir='ltr'>δὲ</span> <span class='ocrx_word' id='word_1_279' title='bbox 734 2646 890 2709; x_wconf 82' lang='grc' dir='ltr'>τέλος</span> <span class='ocrx_word' id='word_1_280' title='bbox 943 2646 1106 2699; x_wconf 83' lang='grc' dir='ltr'>αὑτοῦ</span> <span class='ocrx_word' id='word_1_281' title='bbox 1153 2648 1396 2718; x_wconf 77' lang='grc' dir='ltr'>καταντᾷ</span> <span class='ocrx_word' id='word_1_282' title='bbox 1440 2649 1521 2712; x_wconf 82' lang='grc' dir='ltr'><strong>είς</strong></span> <span class='ocrx_word' id='word_1_283' title='bbox 1569 2646 1869 2714; x_wconf 81' lang='grc' dir='ltr'>ἀπώλειαν,</span> 
     </span>
    </p>
   </div>
   <div class='ocr_carea' id='block_1_42' title="bbox 283 2731 1461 2806">
    <p class='ocr_par' dir='ltr' id='par_1_42' title="bbox 283 2731 1461 2806">
     <span class='ocr_line' id='line_1_42' title="bbox 283 2731 1461 2806; baseline 0.005 -20"><span class='ocrx_word' id='word_1_284' title='bbox 283 2731 474 2806; x_wconf 66' lang='grc' dir='ltr'>ἔπειδὴ</span> <span class='ocrx_word' id='word_1_285' title='bbox 501 2733 705 2805; x_wconf 77' lang='grc' dir='ltr'>ἀπάγει</span> <span class='ocrx_word' id='word_1_286' title='bbox 734 2736 924 2790; x_wconf 87' lang='grc' dir='ltr'>τούτου</span> <span class='ocrx_word' id='word_1_287' title='bbox 959 2736 1053 2790; x_wconf 83' lang='grc' dir='ltr'>τοῦ</span> <span class='ocrx_word' id='word_1_288' title='bbox 1079 2737 1248 2803; x_wconf 76' lang='grc' dir='ltr'>ὅντως</span> <span class='ocrx_word' id='word_1_289' title='bbox 1272 2737 1461 2793; x_wconf 83' lang='grc' dir='ltr'>καλοῦ.</span> 
     </span>
    </p>
   </div>
   <div class='ocr_carea' id='block_1_43' title="bbox 353 2859 1866 2936">
    <p class='ocr_par' dir='ltr' id='par_1_43' title="bbox 353 2859 1866 2936">
     <span class='ocr_line' id='line_1_43' title="bbox 353 2859 1866 2936; baseline 0.007 -24"><span class='ocrx_word' id='word_1_290' title='bbox 353 2865 444 2928; x_wconf 88' lang='grc' dir='ltr'>ιγ’.</span> <span class='ocrx_word' id='word_1_291' title='bbox 492 2859 594 2916; x_wconf 82' lang='grc' dir='ltr'><strong>Ἑν</strong></span> <span class='ocrx_word' id='word_1_292' title='bbox 625 2862 1034 2931; x_wconf 70' lang='grc' dir='ltr'>εὐφροσύναις</span> <span class='ocrx_word' id='word_1_293' title='bbox 1077 2865 1150 2921; x_wconf 87' lang='grc' dir='ltr'>οὐ</span> <span class='ocrx_word' id='word_1_294' title='bbox 1189 2865 1634 2936; x_wconf 74' lang='grc' dir='ltr'>προσμίγνυται</span> <span class='ocrx_word' id='word_1_295' title='bbox 1677 2867 1866 2936; x_wconf 72' lang='grc' dir='ltr'>λύπη.</span> 
     </span>
    </p>
   </div>
   <div class='ocr_carea' id='block_1_44' title="bbox 283 2950 1870 3029">
    <p class='ocr_par' dir='ltr' id='par_1_44' title="bbox 283 2950 1870 3029">
     <span class='ocr_line' id='line_1_44' title="bbox 283 2950 1870 3029; baseline 0.008 -27"><span class='ocrx_word' id='word_1_296' title='bbox 283 2950 347 3002; x_wconf 86' lang='grc' dir='ltr'><strong>υί</strong></span> <span class='ocrx_word' id='word_1_297' title='bbox 381 2953 492 3016; x_wconf 80' lang='grc' dir='ltr'>τοῖς</span> <span class='ocrx_word' id='word_1_298' title='bbox 522 2956 884 3028; x_wconf 84' lang='grc' dir='ltr'>προσκαίροις</span> <span class='ocrx_word' id='word_1_299' title='bbox 910 2957 1318 3028; x_wconf 77' lang='grc' dir='ltr'>προσκείμενοι,</span> <span class='ocrx_word' id='word_1_300' title='bbox 1343 2958 1449 3022; x_wconf 74' lang='grc' dir='ltr'>ἕως</span> <span class='ocrx_word' id='word_1_301' title='bbox 1472 2958 1538 3014; x_wconf 81' lang='grc' dir='ltr'><strong>ἂν</strong></span> <span class='ocrx_word' id='word_1_302' title='bbox 1563 2960 1870 3029; x_wconf 81' lang='grc' dir='ltr'>ὲπευφραί-</span> 
     </span>
    </p>
   </div>
   <div class='ocr_carea' id='block_1_45' title="bbox 284 3046 1870 3123">
    <p class='ocr_par' dir='ltr' id='par_1_45' title="bbox 284 3046 1870 3123">
     <span class='ocr_line' id='line_1_45' title="bbox 284 3046 1870 3123; baseline 0.008 -29"><span class='ocrx_word' id='word_1_303' title='bbox 284 3059 463 3098; x_wconf 88' lang='grc' dir='ltr'>νονται</span> <span class='ocrx_word' id='word_1_304' title='bbox 509 3046 742 3117; x_wconf 86' lang='grc' dir='ltr'>τούτοις,</span> <span class='ocrx_word' id='word_1_305' title='bbox 790 3047 891 3102; x_wconf 82' lang='grc' dir='ltr'>οὐκ</span> <span class='ocrx_word' id='word_1_306' title='bbox 929 3047 1278 3105; x_wconf 79' lang='grc' dir='ltr'>αἰσθάνονται</span> <span class='ocrx_word' id='word_1_307' title='bbox 1325 3048 1525 3123; x_wconf 81' lang='grc' dir='ltr'>λύπης,</span> <span class='ocrx_word' id='word_1_308' title='bbox 1574 3049 1642 3105; x_wconf 89' lang='grc' dir='ltr'>δι’</span> <span class='ocrx_word' id='word_1_309' title='bbox 1674 3050 1870 3123; x_wconf 76' lang='grc' dir='ltr'>ἡδονῆς</span> 
     </span>
    </p>
   </div>
   <div class='ocr_carea' id='block_1_46' title="bbox 283 3136 661 3208">
    <p class='ocr_par' dir='ltr' id='par_1_46' title="bbox 283 3136 661 3208">
     <span class='ocr_line' id='line_1_46' title="bbox 283 3136 661 3208; baseline 0.019 -21"><span class='ocrx_word' id='word_1_310' title='bbox 283 3136 661 3208; x_wconf 70' lang='grc' dir='ltr'>ἐπικράτειαν.</span> 
     </span>
    </p>
   </div>
   <div class='ocr_carea' id='block_1_47' title="bbox 357 3259 1873 3343">
    <p class='ocr_par' dir='ltr' id='par_1_47' title="bbox 357 3259 1873 3343">
     <span class='ocr_line' id='line_1_47' title="bbox 357 3259 1873 3343; baseline 0.009 -29"><span class='ocrx_word' id='word_1_311' title='bbox 357 3259 681 3320; x_wconf 77' lang='grc' dir='ltr'>Τελευταία</span> <span class='ocrx_word' id='word_1_312' title='bbox 720 3267 790 3322; x_wconf 74' lang='grc' dir='ltr'>δὲ</span> <span class='ocrx_word' id='word_1_313' title='bbox 833 3272 988 3340; x_wconf 81' lang='grc' dir='ltr'>χαρὰ</span> <span class='ocrx_word' id='word_1_314' title='bbox 1048 3273 1136 3339; x_wconf 74' lang='grc' dir='ltr'>εἰς</span> <span class='ocrx_word' id='word_1_315' title='bbox 1170 3273 1391 3340; x_wconf 81' lang='grc' dir='ltr'>πένθος</span> <span class='ocrx_word' id='word_1_316' title='bbox 1418 3275 1674 3343; x_wconf 73' lang='grc' dir='ltr'>ἔρχεται.</span> <span class='ocrx_word' id='word_1_317' title='bbox 1721 3272 1787 3328; x_wconf 87' lang='grc' dir='ltr'><strong><em>Ἦ</em></strong></span> <span class='ocrx_word' id='word_1_318' title='bbox 1815 3273 1873 3328; x_wconf 79' lang='grc' dir='ltr'>δὲ</span> 
     </span>
    </p>
   </div>
   <div class='ocr_carea' id='block_1_48' title="bbox 283 3353 1875 3436">
    <p class='ocr_par' dir='ltr' id='par_1_48' title="bbox 283 3353 1875 3436">
     <span class='ocr_line' id='line_1_48' title="bbox 283 3353 1875 3436; baseline 0.009 -32"><span class='ocrx_word' id='word_1_319' title='bbox 283 3353 509 3426; x_wconf 86' lang='grc' dir='ltr'>τοιαύτη</span> <span class='ocrx_word' id='word_1_320' title='bbox 540 3356 686 3427; x_wconf 84' lang='grc' dir='ltr'>χαρὰ</span> <span class='ocrx_word' id='word_1_321' title='bbox 719 3359 869 3413; x_wconf 88' lang='grc' dir='ltr'>τέλει</span> <span class='ocrx_word' id='word_1_322' title='bbox 898 3364 1394 3435; x_wconf 79' lang='grc' dir='ltr'>περιγεγραμμένη</span> <span class='ocrx_word' id='word_1_323' title='bbox 1426 3364 1767 3436; x_wconf 84' lang='grc' dir='ltr'>ὑπάρχουσα,</span> <span class='ocrx_word' id='word_1_324' title='bbox 1794 3365 1875 3429; x_wconf 82' lang='grc' dir='ltr'><strong>εἰς</strong></span> 
     </span>
    </p>
   </div>
   <div class='ocr_carea' id='block_1_49' title="bbox 285 3443 1876 3529">
    <p class='ocr_par' dir='ltr' id='par_1_49' title="bbox 285 3443 1876 3529">
     <span class='ocr_line' id='line_1_49' title="bbox 285 3443 1876 3529; baseline 0.011 -33"><span class='ocrx_word' id='word_1_325' title='bbox 285 3443 482 3516; x_wconf 83' lang='grc' dir='ltr'>θρῆνον</span> <span class='ocrx_word' id='word_1_326' title='bbox 531 3451 774 3520; x_wconf 83' lang='grc' dir='ltr'>καταντᾷ</span> <span class='ocrx_word' id='word_1_327' title='bbox 818 3450 906 3505; x_wconf 77' lang='grc' dir='ltr'><strong>διὰ</strong></span> <span class='ocrx_word' id='word_1_328' title='bbox 957 3451 1056 3523; x_wconf 83' lang='grc' dir='ltr'><strong>τὴν</strong></span> <span class='ocrx_word' id='word_1_329' title='bbox 1099 3453 1352 3508; x_wconf 73' lang='grc' dir='ltr'>ἐντεῦθεν</span> <span class='ocrx_word' id='word_1_330' title='bbox 1399 3455 1648 3526; x_wconf 78' lang='grc' dir='ltr'>ἀπάτην·</span> <span class='ocrx_word' id='word_1_331' title='bbox 1697 3458 1876 3529; x_wconf 78' lang='grc' dir='ltr'>χαρᾶς</span> 
     </span>
    </p>
   </div>
   <div class='ocr_carea' id='block_1_50' title="bbox 283 3539 1092 3616">
    <p class='ocr_par' dir='ltr' id='par_1_50' title="bbox 283 3539 1092 3616">
     <span class='ocr_line' id='line_1_50' title="bbox 283 3539 1092 3616; baseline 0.01 -24"><span class='ocrx_word' id='word_1_332' title='bbox 283 3539 393 3610; x_wconf 83' lang='grc' dir='ltr'>γὰρ</span> <span class='ocrx_word' id='word_1_333' title='bbox 425 3541 691 3615; x_wconf 80' lang='grc' dir='ltr'>ὲπικήρου</span> <span class='ocrx_word' id='word_1_334' title='bbox 717 3543 891 3610; x_wconf 86' lang='grc' dir='ltr'>τέλος,</span> <span class='ocrx_word' id='word_1_335' title='bbox 921 3544 1092 3616; x_wconf 84' lang='grc' dir='ltr'>λύπη.</span> 
     </span>
    </p>
   </div>
   <div class='ocr_carea' id='block_1_51' title="bbox 356 3666 1874 3745">
    <p class='ocr_par' dir='ltr' id='par_1_51' title="bbox 356 3666 1874 3745">
     <span class='ocr_line' id='line_1_51' title="bbox 356 3666 1874 3745; baseline 0.008 -27"><span class='ocrx_word' id='word_1_336' title='bbox 356 3666 438 3722; x_wconf 87' lang='grc' dir='ltr'>ιδ’.</span> <span class='ocrx_word' id='word_1_337' title='bbox 481 3666 606 3722; x_wconf 86' lang='grc' dir='ltr'><em>Τῶν</em></span> <span class='ocrx_word' id='word_1_338' title='bbox 638 3668 857 3724; x_wconf 81' lang='grc' dir='ltr'>ἑαυτοῦ</span> <span class='ocrx_word' id='word_1_339' title='bbox 889 3667 1046 3725; x_wconf 82' lang='grc' dir='ltr'><strong>ὁδῶν</strong></span> <span class='ocrx_word' id='word_1_340' title='bbox 1079 3671 1501 3740; x_wconf 72' lang='grc' dir='ltr'>πλησθήσεται</span> <span class='ocrx_word' id='word_1_341' title='bbox 1533 3675 1874 3745; x_wconf 82' lang='grc' dir='ltr'>θρασυκάρ-</span> 
     </span>
    </p>
   </div>
   <div class='ocr_carea' id='block_1_52' title="bbox 284 3756 1874 3835">
    <p class='ocr_par' dir='ltr' id='par_1_52' title="bbox 284 3756 1874 3835">
     <span class='ocr_line' id='line_1_52' title="bbox 284 3756 1874 3835; baseline 0.006 -25"><span class='ocrx_word' id='word_1_342' title='bbox 284 3756 430 3824; x_wconf 82' lang='grc' dir='ltr'>διος.</span> <span class='ocrx_word' id='word_1_343' title='bbox 464 3759 586 3813; x_wconf 85' lang='grc' dir='ltr'><strong>Τῶν</strong></span> <span class='ocrx_word' id='word_1_344' title='bbox 609 3763 693 3824; x_wconf 79' lang='grc' dir='ltr'><strong>είς</strong></span> <span class='ocrx_word' id='word_1_345' title='bbox 717 3761 997 3817; x_wconf 86' lang='grc' dir='ltr'>ἀπώλειαν</span> <span class='ocrx_word' id='word_1_346' title='bbox 1023 3762 1302 3834; x_wconf 87' lang='grc' dir='ltr'>φερόντων</span> <span class='ocrx_word' id='word_1_347' title='bbox 1334 3763 1638 3832; x_wconf 78' lang='grc' dir='ltr'>ἀλογίστων</span> <span class='ocrx_word' id='word_1_348' title='bbox 1663 3767 1874 3835; x_wconf 70' lang='grc' dir='ltr'>ἐπιχει-</span> 
     </span>
    </p>
   </div>
   <div class='ocr_carea' id='block_1_53' title="bbox 289 3851 1873 3926">
    <p class='ocr_par' dir='ltr' id='par_1_53' title="bbox 289 3851 1873 3926">
     <span class='ocr_line' id='line_1_53' title="bbox 289 3851 1873 3926; baseline 0.003 -22"><span class='ocrx_word' id='word_1_349' title='bbox 289 3851 548 3920; x_wconf 84' lang='grc' dir='ltr'>ρημάτων</span> <span class='ocrx_word' id='word_1_350' title='bbox 593 3853 761 3908; x_wconf 81' lang='grc' dir='ltr'>αὐτοῦ</span> <span class='ocrx_word' id='word_1_351' title='bbox 819 3853 1242 3926; x_wconf 83' lang='grc' dir='ltr'>πληρωθήσεται</span> <span class='ocrx_word' id='word_1_352' title='bbox 1273 3856 1303 3908; x_wconf 84' lang='grc' dir='ltr'>ὁ</span> <span class='ocrx_word' id='word_1_353' title='bbox 1337 3853 1407 3908; x_wconf 85' lang='grc' dir='ltr'>δι’</span> <span class='ocrx_word' id='word_1_354' title='bbox 1441 3853 1623 3926; x_wconf 75' lang='grc' dir='ltr'>ὄρεξιν</span> <span class='ocrx_word' id='word_1_355' title='bbox 1651 3855 1873 3910; x_wconf 83' lang='grc' dir='ltr'>άντιλυ-</span> 
     </span>
    </p>
   </div>
   <div class='ocr_carea' id='block_1_54' title="bbox 284 3943 1874 4019">
    <p class='ocr_par' dir='ltr' id='par_1_54' title="bbox 284 3943 1874 4019">
     <span class='ocr_line' id='line_1_54' title="bbox 284 3943 1874 4019; baseline 0.006 -25"><span class='ocrx_word' id='word_1_356' title='bbox 284 3943 505 4012; x_wconf 84' lang='grc' dir='ltr'>πήσεως</span> <span class='ocrx_word' id='word_1_357' title='bbox 528 3944 608 4014; x_wconf 82' lang='grc' dir='ltr'>τῷ</span> <span class='ocrx_word' id='word_1_358' title='bbox 629 3946 760 4018; x_wconf 75' lang='grc' dir='ltr'>περὶ</span> <span class='ocrx_word' id='word_1_359' title='bbox 777 3947 1010 4017; x_wconf 83' lang='grc' dir='ltr'>καρδίαν</span> <span class='ocrx_word' id='word_1_360' title='bbox 1031 3945 1320 4015; x_wconf 79' lang='grc' dir='ltr'>ὑπερζέων</span> <span class='ocrx_word' id='word_1_361' title='bbox 1341 3944 1874 4019; x_wconf 76' lang='grc' dir='ltr'>αῐματι,κάντεῦθεν</span> 
     </span>
    </p>
   </div>
   <div class='ocr_carea' id='block_1_55' title="bbox 283 4032 808 4108">
    <p class='ocr_par' dir='ltr' id='par_1_55' title="bbox 283 4032 808 4108">
     <span class='ocr_line' id='line_1_55' title="bbox 283 4032 808 4108; baseline 0.011 -22"><span class='ocrx_word' id='word_1_362' title='bbox 283 4032 359 4087; x_wconf 81' lang='grc' dir='ltr'>ὢν</span> <span class='ocrx_word' id='word_1_363' title='bbox 389 4032 808 4108; x_wconf 87' lang='grc' dir='ltr'>θρασυκάρδιος.</span> 
     </span>
    </p>
   </div>
   <div class='ocr_carea' id='block_1_56' title="bbox 365 4157 1891 4238">
    <p class='ocr_par' dir='ltr' id='par_1_56' title="bbox 365 4157 1891 4238">
     <span class='ocr_line' id='line_1_56' title="bbox 365 4157 1891 4238; baseline 0.009 -27"><span class='ocrx_word' id='word_1_364' title='bbox 365 4157 508 4212; x_wconf 83' lang='grc' dir='ltr'><strong>Ἀπὸ</strong></span> <span class='ocrx_word' id='word_1_365' title='bbox 534 4159 602 4214; x_wconf 82' lang='grc' dir='ltr'>δὲ</span> <span class='ocrx_word' id='word_1_366' title='bbox 625 4160 745 4216; x_wconf 84' lang='grc' dir='ltr'><strong>τῶν</strong></span> <span class='ocrx_word' id='word_1_367' title='bbox 768 4161 1188 4233; x_wconf 74' lang='grc' dir='ltr'>διανοημάτων</span> <span class='ocrx_word' id='word_1_368' title='bbox 1206 4165 1418 4230; x_wconf 80' lang='grc' dir='ltr'>αὑτοῦ,</span> <span class='ocrx_word' id='word_1_369' title='bbox 1440 4165 1596 4236; x_wconf 73' lang='grc' dir='ltr'><strong>ἀνὴρ</strong></span> <span class='ocrx_word' id='word_1_370' title='bbox 1624 4166 1891 4238; x_wconf 65' lang='grc' dir='ltr'>ἆγαθὸςρ</span> 
     </span>
    </p>
   </div>
   <div class='ocr_carea' id='block_1_57' title="bbox 303 4250 1874 4332">
    <p class='ocr_par' dir='ltr' id='par_1_57' title="bbox 303 4250 1874 4332">
     <span class='ocr_line' id='line_1_57' title="bbox 303 4250 1874 4332; baseline 0.008 -30"><span class='ocrx_word' id='word_1_371' title='bbox 303 4250 434 4303; x_wconf 84' lang='grc' dir='ltr'><strong>Ἀπὸ</strong></span> <span class='ocrx_word' id='word_1_372' title='bbox 466 4251 522 4304; x_wconf 83' lang='grc' dir='ltr'>δὲ</span> <span class='ocrx_word' id='word_1_373' title='bbox 550 4251 658 4306; x_wconf 87' lang='grc' dir='ltr'>τῶν</span> <span class='ocrx_word' id='word_1_374' title='bbox 696 4254 839 4308; x_wconf 82' lang='grc' dir='ltr'>κατὰ</span> <span class='ocrx_word' id='word_1_375' title='bbox 869 4254 1028 4324; x_wconf 89' lang='grc' dir='ltr'>λόγον</span> <span class='ocrx_word' id='word_1_376' title='bbox 1057 4258 1439 4329; x_wconf 81' lang='grc' dir='ltr'>περισκέψεων</span> <span class='ocrx_word' id='word_1_377' title='bbox 1472 4258 1639 4313; x_wconf 79' lang='grc' dir='ltr'>αὐτοῦ</span> <span class='ocrx_word' id='word_1_378' title='bbox 1698 4261 1874 4332; x_wconf 79' lang='grc' dir='ltr'><strong>ἐμφο-</strong></span> 
     </span>
    </p>
   </div>
   <div class='ocr_carea' id='block_1_58' title="bbox 284 4341 1874 4422">
    <p class='ocr_par' dir='ltr' id='par_1_58' title="bbox 284 4341 1874 4422">
     <span class='ocr_line' id='line_1_58' title="bbox 284 4341 1874 4422; baseline 0.008 -29"><span class='ocrx_word' id='word_1_379' title='bbox 284 4341 606 4413; x_wconf 82' lang='grc' dir='ltr'>ρηθήσεται,</span> <span class='ocrx_word' id='word_1_380' title='bbox 629 4344 1008 4418; x_wconf 83' lang='grc' dir='ltr'>ἀγαθοεργιῶν</span> <span class='ocrx_word' id='word_1_381' title='bbox 1031 4346 1271 4415; x_wconf 84' lang='grc' dir='ltr'>πάντως,</span> <span class='ocrx_word' id='word_1_382' title='bbox 1302 4348 1332 4402; x_wconf 82' lang='grc' dir='ltr'><strong>ὁ</strong></span> <span class='ocrx_word' id='word_1_383' title='bbox 1357 4348 1620 4419; x_wconf 79' lang='grc' dir='ltr'>γενναίως</span> <span class='ocrx_word' id='word_1_384' title='bbox 1648 4349 1874 4422; x_wconf 70' lang='grc' dir='ltr'>ἱστάμε-</span> 
     </span>
    </p>
   </div>
   <div class='ocr_carea' id='block_1_59' title="bbox 282 4435 922 4497">
    <p class='ocr_par' dir='ltr' id='par_1_59' title="bbox 282 4435 922 4497">
     <span class='ocr_line' id='line_1_59' title="bbox 282 4435 922 4497; baseline 0.014 -13"><span class='ocrx_word' id='word_1_385' title='bbox 282 4449 370 4497; x_wconf 89' lang='grc' dir='ltr'><strong>νος</strong></span> <span class='ocrx_word' id='word_1_386' title='bbox 403 4435 546 4489; x_wconf 84' lang='grc' dir='ltr'>κατὰ</span> <span class='ocrx_word' id='word_1_387' title='bbox 570 4437 682 4490; x_wconf 87' lang='grc' dir='ltr'><strong>τῶν</strong></span> <span class='ocrx_word' id='word_1_388' title='bbox 710 4438 922 4494; x_wconf 81' lang='grc' dir='ltr'>παθῶν.</span> 
     </span>
    </p>
   </div>
   <div class='ocr_carea' id='block_1_60' title="bbox 1900 3212 1947 3274">
    <p class='ocr_par' dir='ltr' id='par_1_60' title="bbox 1900 3212 1947 3274">
     <span class='ocr_line' id='line_1_60' title="bbox 1900 3212 1947 3274; baseline 0 0"><span class='ocrx_word' id='word_1_389' title='bbox 1900 3212 1947 3274; x_wconf 85' lang='lat' dir='ltr'><strong>G</strong></span> 
     </span>
    </p>
   </div>
   <div class='ocr_carea' id='block_1_61' title="bbox 1976 1934 3566 2013">
    <p class='ocr_par' dir='ltr' id='par_1_61' title="bbox 1976 1934 3566 2013">
     <span class='ocr_line' id='line_1_61' title="bbox 1976 1934 3566 2013; baseline -0.006 -17"><span class='ocrx_word' id='word_1_390' title='bbox 1976 1941 2216 2013; x_wconf 77' lang='lat' dir='ltr'><strong>gaudent</strong></span> <span class='ocrx_word' id='word_1_391' title='bbox 2267 1942 2407 2012; x_wconf 89' lang='lat' dir='ltr'><strong>(nec</strong></span> <span class='ocrx_word' id='word_1_392' title='bbox 2455 1942 2512 1997; x_wconf 92' lang='lat' dir='ltr'><strong>in</strong></span> <span class='ocrx_word' id='word_1_393' title='bbox 2562 1940 2920 2011; x_wconf 89' lang='lat' dir='ltr'><strong>corruptione</strong></span> <span class='ocrx_word' id='word_1_394' title='bbox 2969 1934 3353 2004; x_wconf 85' lang='lat' dir='ltr'><strong>molestorum)</strong></span> <span class='ocrx_word' id='word_1_395' title='bbox 3391 1955 3401 1988; x_wconf 94' lang='lat'><strong>:</strong></span> <span class='ocrx_word' id='word_1_396' title='bbox 3439 1934 3566 1987; x_wconf 79' lang='lat' dir='ltr'><strong>inde</strong></span> 
     </span>
    </p>
   </div>
   <div class='ocr_carea' id='block_1_62' title="bbox 1975 2029 3458 2106">
    <p class='ocr_par' dir='ltr' id='par_1_62' title="bbox 1975 2029 3458 2106">
     <span class='ocr_line' id='line_1_62' title="bbox 1975 2029 3458 2106; baseline -0.007 -16"><span class='ocrx_word' id='word_1_397' title='bbox 1975 2051 2096 2106; x_wconf 69' lang='lat' dir='ltr'><strong>quae</strong></span> <span class='ocrx_word' id='word_1_398' title='bbox 2128 2036 2408 2091; x_wconf 75' lang='lat' dir='ltr'><strong>instabilis</strong></span> <span class='ocrx_word' id='word_1_399' title='bbox 2441 2042 2572 2091; x_wconf 90' lang='lat' dir='ltr'><strong>sunt</strong></span> <span class='ocrx_word' id='word_1_400' title='bbox 2603 2034 2659 2089; x_wconf 91' lang='lat' dir='ltr'><strong>in</strong></span> <span class='ocrx_word' id='word_1_401' title='bbox 2699 2047 2758 2089; x_wconf 91' lang='lat' dir='ltr'><strong>se</strong></span> <span class='ocrx_word' id='word_1_402' title='bbox 2793 2030 3015 2088; x_wconf 85' lang='lat' dir='ltr'><strong>stabilia</strong></span> <span class='ocrx_word' id='word_1_403' title='bbox 3048 2029 3458 2084; x_wconf 84' lang='lat' dir='ltr'><strong>demonstrant.</strong></span> 
     </span>
    </p>
   </div>
   <div class='ocr_carea' id='block_1_63' title="bbox 2050 2150 3565 2230">
    <p class='ocr_par' dir='ltr' id='par_1_63' title="bbox 2050 2150 3565 2230">
     <span class='ocr_line' id='line_1_63' title="bbox 2050 2150 3565 2230; baseline -0.009 -15"><span class='ocrx_word' id='word_1_404' title='bbox 2050 2161 2215 2218; x_wconf 76' lang='lat' dir='ltr'><strong>Vens.</strong></span> <span class='ocrx_word' id='word_1_405' title='bbox 2269 2161 2357 2216; x_wconf 65' lang='lat'><strong>12.</strong></span> <span class='ocrx_word' id='word_1_406' title='bbox 2397 2161 2494 2215; x_wconf 80' lang='lat' dir='ltr'><strong>Est</strong></span> <span class='ocrx_word' id='word_1_407' title='bbox 2543 2161 2628 2215; x_wconf 75' lang='lat' dir='ltr'><strong>uia</strong></span> <span class='ocrx_word' id='word_1_408' title='bbox 2671 2175 2790 2230; x_wconf 79' lang='lat' dir='ltr'><strong>qua:</strong></span> <span class='ocrx_word' id='word_1_409' title='bbox 2835 2155 3039 2212; x_wconf 82' lang='lat' dir='ltr'><strong>videtur</strong></span> <span class='ocrx_word' id='word_1_410' title='bbox 3092 2150 3394 2208; x_wconf 79' lang='lat' dir='ltr'><strong>hominibus</strong></span> <span class='ocrx_word' id='word_1_411' title='bbox 3452 2165 3565 2204; x_wconf 82' lang='lat' dir='ltr'><strong>esss</strong></span> 
     </span>
    </p>
   </div>
   <div class='ocr_carea' id='block_1_64' title="bbox 1975 2240 3562 2318">
    <p class='ocr_par' dir='ltr' id='par_1_64' title="bbox 1975 2240 3562 2318">
     <span class='ocr_line' id='line_1_64' title="bbox 1975 2240 3562 2318; baseline -0.009 -11"><span class='ocrx_word' id='word_1_412' title='bbox 1975 2262 2137 2309; x_wconf 84' lang='lat' dir='ltr'><strong>recta.</strong></span> <span class='ocrx_word' id='word_1_413' title='bbox 2175 2251 2298 2306; x_wconf 89' lang='lat' dir='ltr'><strong>Vita</strong></span> <span class='ocrx_word' id='word_1_414' title='bbox 2332 2251 2570 2307; x_wconf 85' lang='lat' dir='ltr'><strong>carnalis</strong></span> <span class='ocrx_word' id='word_1_415' title='bbox 2594 2259 2648 2306; x_wconf 88' lang='lat' dir='ltr'><strong>et</strong></span> <span class='ocrx_word' id='word_1_416' title='bbox 2679 2249 2935 2314; x_wconf 85' lang='lat' dir='ltr'><strong>remissa,</strong></span> <span class='ocrx_word' id='word_1_417' title='bbox 2964 2257 3189 2318; x_wconf 83' lang='lat' dir='ltr'><strong>prepter</strong></span> <span class='ocrx_word' id='word_1_418' title='bbox 3216 2240 3562 2298; x_wconf 79' lang='lat' dir='ltr'><strong>dulcedinem</strong></span> 
     </span>
    </p>
   </div>
   <div class='ocr_carea' id='block_1_65' title="bbox 1974 2327 3564 2419">
    <p class='ocr_par' dir='ltr' id='par_1_65' title="bbox 1974 2327 3564 2419">
     <span class='ocr_line' id='line_1_65' title="bbox 1974 2327 3564 2419; baseline -0.011 -14"><span class='ocrx_word' id='word_1_419' title='bbox 1974 2349 2204 2419; x_wconf 90' lang='lat' dir='ltr'><strong>pulchra</strong></span> <span class='ocrx_word' id='word_1_420' title='bbox 2236 2327 2522 2419; x_wconf 77' lang='lat' dir='ltr'><strong>pensatur</strong></span> <span class='ocrx_word' id='word_1_421' title='bbox 2571 2347 2639 2402; x_wconf 90' lang='lat' dir='ltr'><strong>ab</strong></span> <span class='ocrx_word' id='word_1_422' title='bbox 2685 2343 3026 2408; x_wconf 87' lang='lat' dir='ltr'><strong>hominibus,</strong></span> <span class='ocrx_word' id='word_1_423' title='bbox 3061 2340 3238 2396; x_wconf 87' lang='lat' dir='ltr'><strong>donec</strong></span> <span class='ocrx_word' id='word_1_424' title='bbox 3289 2336 3422 2408; x_wconf 88' lang='lat' dir='ltr'><strong>ipsis</strong></span> <span class='ocrx_word' id='word_1_425' title='bbox 3467 2350 3564 2405; x_wconf 76' lang='lat' dir='ltr'><strong>per</strong></span> 
     </span>
    </p>
   </div>
   <div class='ocr_carea' id='block_1_66' title="bbox 1973 2437 2961 2496">
    <p class='ocr_par' dir='ltr' id='par_1_66' title="bbox 1973 2437 2961 2496">
     <span class='ocr_line' id='line_1_66' title="bbox 1973 2437 2961 2496; baseline -0.003 0"><span class='ocrx_word' id='word_1_426' title='bbox 1973 2440 2182 2496; x_wconf 80' lang='lat' dir='ltr'><strong>ﬂuxum</strong></span> <span class='ocrx_word' id='word_1_427' title='bbox 2217 2439 2436 2496; x_wconf 85' lang='lat' dir='ltr'><strong>haheat.</strong></span> <span class='ocrx_word' id='word_1_428' title='bbox 2953 2437 2961 2447; x_wconf 83' lang='lat'>&#39;</span> 
     </span>
    </p>
   </div>
   <div class='ocr_carea' id='block_1_67' title="bbox 2045 2551 3566 2634">
    <p class='ocr_par' dir='ltr' id='par_1_67' title="bbox 2045 2551 3566 2634">
     <span class='ocr_line' id='line_1_67' title="bbox 2045 2551 3566 2634; baseline -0.007 -18"><span class='ocrx_word' id='word_1_429' title='bbox 2045 2562 2306 2620; x_wconf 74' lang='lat' dir='ltr'><strong>Extrema</strong></span> <span class='ocrx_word' id='word_1_430' title='bbox 2339 2563 2452 2634; x_wconf 89' lang='lat' dir='ltr'><strong>ejus</strong></span> <span class='ocrx_word' id='word_1_431' title='bbox 2487 2562 2685 2618; x_wconf 80' lang='lat' dir='ltr'><strong>vadunt</strong></span> <span class='ocrx_word' id='word_1_432' title='bbox 2713 2561 2781 2616; x_wconf 88' lang='lat' dir='ltr'><strong>ad</strong></span> <span class='ocrx_word' id='word_1_433' title='bbox 2815 2568 3000 2631; x_wconf 79' lang='lat' dir='ltr'><strong>portas</strong></span> <span class='ocrx_word' id='word_1_434' title='bbox 3035 2556 3214 2626; x_wconf 76' lang='lat' dir='ltr'><strong>inferi.</strong></span> <span class='ocrx_word' id='word_1_435' title='bbox 3255 2551 3412 2607; x_wconf 75' lang='lat' dir='ltr'><strong>Finis</strong></span> <span class='ocrx_word' id='word_1_436' title='bbox 3441 2553 3566 2620; x_wconf 86' lang='lat' dir='ltr'><strong>.ejus</strong></span> 
     </span>
    </p>
   </div>
   <div class='ocr_carea' id='block_1_68' title="bbox 1918 2648 3562 2728">
    <p class='ocr_par' dir='ltr' id='par_1_68' title="bbox 1918 2648 3562 2728">
     <span class='ocr_line' id='line_1_68' title="bbox 1918 2648 3562 2728; baseline -0.012 -15"><span class='ocrx_word' id='word_1_437' title='bbox 1918 2711 1921 2713; x_wconf 93' lang='lat'><em>_</em></span> <span class='ocrx_word' id='word_1_438' title='bbox 1972 2654 2332 2728; x_wconf 90' lang='lat' dir='ltr'><strong>perditionem</strong></span> <span class='ocrx_word' id='word_1_439' title='bbox 2365 2655 2664 2722; x_wconf 87' lang='lat' dir='ltr'><strong>adit,cum</strong></span> <span class='ocrx_word' id='word_1_440' title='bbox 2709 2649 3019 2710; x_wconf 89' lang='lat' dir='ltr'><strong>istiusmodi</strong></span> <span class='ocrx_word' id='word_1_441' title='bbox 3067 2648 3316 2705; x_wconf 83' lang='lat' dir='ltr'><strong>homines</strong></span> <span class='ocrx_word' id='word_1_442' title='bbox 3356 2660 3383 2698; x_wconf 88' lang='lat' dir='ltr'><strong>a</strong></span> <span class='ocrx_word' id='word_1_443' title='bbox 3430 2661 3562 2698; x_wconf 84' lang='lat' dir='ltr'><strong>vero</strong></span> 
     </span>
    </p>
   </div>
   <div class='ocr_carea' id='block_1_69' title="bbox 1973 2745 2398 2804">
    <p class='ocr_par' dir='ltr' id='par_1_69' title="bbox 1973 2745 2398 2804">
     <span class='ocr_line' id='line_1_69' title="bbox 1973 2745 2398 2804; baseline -0.005 -1"><span class='ocrx_word' id='word_1_444' title='bbox 1973 2747 2117 2804; x_wconf 88' lang='lat' dir='ltr'><strong>bono</strong></span> <span class='ocrx_word' id='word_1_445' title='bbox 2144 2745 2398 2802; x_wconf 85' lang='lat' dir='ltr'><strong>abducat.</strong></span> 
     </span>
    </p>
   </div>
   <div class='ocr_carea' id='block_1_70' title="bbox 2044 2861 3564 2929">
    <p class='ocr_par' dir='ltr' id='par_1_70' title="bbox 2044 2861 3564 2929">
     <span class='ocr_line' id='line_1_70' title="bbox 2044 2861 3564 2929; baseline -0.007 -2"><span class='ocrx_word' id='word_1_446' title='bbox 2044 2871 2215 2929; x_wconf 71' lang='lat' dir='ltr'><strong>Vens.</strong></span> <span class='ocrx_word' id='word_1_447' title='bbox 2249 2873 2335 2928; x_wconf 78' lang='grc'>15.</span> <span class='ocrx_word' id='word_1_448' title='bbox 2376 2871 2442 2926; x_wconf 84' lang='lat' dir='ltr'><strong>In</strong></span> <span class='ocrx_word' id='word_1_449' title='bbox 2475 2869 2693 2926; x_wconf 72' lang='lat' dir='ltr'><strong>laztitiis.</strong></span> <span class='ocrx_word' id='word_1_450' title='bbox 2734 2883 2837 2922; x_wconf 80' lang='lat' dir='ltr'><strong>non</strong></span> <span class='ocrx_word' id='word_1_451' title='bbox 2882 2866 3205 2922; x_wconf 72' lang='lat' dir='ltr'><strong>admiscetur</strong></span> <span class='ocrx_word' id='word_1_452' title='bbox 3239 2865 3414 2920; x_wconf 86' lang='lat' dir='ltr'><strong>dolor.</strong></span> <span class='ocrx_word' id='word_1_453' title='bbox 3460 2861 3564 2929; x_wconf 86' lang='lat' dir='ltr'><strong>Qui</strong></span> 
     </span>
    </p>
   </div>
   <div class='ocr_carea' id='block_1_71' title="bbox 1973 2956 3559 3027">
    <p class='ocr_par' dir='ltr' id='par_1_71' title="bbox 1973 2956 3559 3027">
     <span class='ocr_line' id='line_1_71' title="bbox 1973 2956 3559 3027; baseline -0.007 -11"><span class='ocrx_word' id='word_1_454' title='bbox 1973 2963 2320 3020; x_wconf 78' lang='lat' dir='ltr'><strong>afﬂuentibus</strong></span> <span class='ocrx_word' id='word_1_455' title='bbox 2358 2961 2522 3018; x_wconf 88' lang='lat' dir='ltr'><strong>rebus</strong></span> <span class='ocrx_word' id='word_1_456' title='bbox 2560 2959 2870 3024; x_wconf 64' lang='lat' dir='ltr'><strong>adhaarent,</strong></span> <span class='ocrx_word' id='word_1_457' title='bbox 2910 2958 3039 3013; x_wconf 92' lang='lat' dir='ltr'><strong>dum</strong></span> <span class='ocrx_word' id='word_1_458' title='bbox 3075 2958 3141 3013; x_wconf 92' lang='lat' dir='ltr'><strong>de</strong></span> <span class='ocrx_word' id='word_1_459' title='bbox 3175 2958 3260 3012; x_wconf 89' lang='lat' dir='ltr'><strong>his</strong></span> <span class='ocrx_word' id='word_1_460' title='bbox 3301 2956 3559 3027; x_wconf 81' lang='lat' dir='ltr'><strong>gaudent,</strong></span> 
     </span>
    </p>
   </div>
   <div class='ocr_carea' id='block_1_72' title="bbox 1971 3049 3554 3122">
    <p class='ocr_par' dir='ltr' id='par_1_72' title="bbox 1971 3049 3554 3122">
     <span class='ocr_line' id='line_1_72' title="bbox 1971 3049 3554 3122; baseline -0.008 -10"><span class='ocrx_word' id='word_1_461' title='bbox 1971 3056 2217 3113; x_wconf 88' lang='lat' dir='ltr'><strong>dolorem</strong></span> <span class='ocrx_word' id='word_1_462' title='bbox 2275 3069 2385 3112; x_wconf 90' lang='lat' dir='ltr'><strong>non</strong></span> <span class='ocrx_word' id='word_1_463' title='bbox 2446 3053 2693 3113; x_wconf 90' lang='lat' dir='ltr'><strong>sentiunt</strong></span> <span class='ocrx_word' id='word_1_464' title='bbox 2752 3058 2978 3122; x_wconf 91' lang='lat' dir='ltr'><strong>propter</strong></span> <span class='ocrx_word' id='word_1_465' title='bbox 3027 3049 3323 3122; x_wconf 80' lang='lat' dir='ltr'><strong>voluptatis</strong></span> <span class='ocrx_word' id='word_1_466' title='bbox 3386 3049 3554 3103; x_wconf 87' lang='lat' dir='ltr'><strong>victo.</strong></span> 
     </span>
    </p>
   </div>
   <div class='ocr_carea' id='block_1_73' title="bbox 1975 3165 2141 3206">
    <p class='ocr_par' dir='ltr' id='par_1_73' title="bbox 1975 3165 2141 3206">
     <span class='ocr_line' id='line_1_73' title="bbox 1975 3165 2141 3206; baseline 0 0"><span class='ocrx_word' id='word_1_467' title='bbox 1975 3165 2141 3206; x_wconf 83' lang='lat' dir='ltr'><strong>nam.</strong></span> 
     </span>
    </p>
   </div>
   <div class='ocr_carea' id='block_1_74' title="bbox 2050 3270 3564 3347">
    <p class='ocr_par' dir='ltr' id='par_1_74' title="bbox 2050 3270 3564 3347">
     <span class='ocr_line' id='line_1_74' title="bbox 2050 3270 3564 3347; baseline -0.007 -17"><span class='ocrx_word' id='word_1_468' title='bbox 2050 3273 2364 3331; x_wconf 76' lang='lat' dir='ltr'><strong>Extremum</strong></span> <span class='ocrx_word' id='word_1_469' title='bbox 2408 3274 2668 3347; x_wconf 80' lang='lat' dir='ltr'><strong>gaudium</strong></span> <span class='ocrx_word' id='word_1_470' title='bbox 2694 3276 2750 3331; x_wconf 89' lang='lat' dir='ltr'><strong>in</strong></span> <span class='ocrx_word' id='word_1_471' title='bbox 2777 3275 2976 3329; x_wconf 82' lang='lat' dir='ltr'><strong>luctum</strong></span> <span class='ocrx_word' id='word_1_472' title='bbox 3007 3273 3164 3328; x_wconf 82' lang='lat' dir='ltr'><strong>venit.</strong></span> <span class='ocrx_word' id='word_1_473' title='bbox 3205 3270 3354 3326; x_wconf 87' lang='lat' dir='ltr'><strong>Talis</strong></span> <span class='ocrx_word' id='word_1_474' title='bbox 3384 3279 3564 3324; x_wconf 88' lang='lat' dir='ltr'><strong>autem</strong></span> 
     </span>
    </p>
   </div>
   <div class='ocr_carea' id='block_1_75' title="bbox 1976 3361 3567 3437">
    <p class='ocr_par' dir='ltr' id='par_1_75' title="bbox 1976 3361 3567 3437">
     <span class='ocr_line' id='line_1_75' title="bbox 1976 3361 3567 3437; baseline -0.008 -11"><span class='ocrx_word' id='word_1_475' title='bbox 1976 3369 2190 3436; x_wconf 61' lang='lat' dir='ltr'><strong>latitia;</strong></span> <span class='ocrx_word' id='word_1_476' title='bbox 2241 3383 2347 3425; x_wconf 85' lang='lat' dir='ltr'><strong>suo</strong></span> <span class='ocrx_word' id='word_1_477' title='bbox 2402 3368 2498 3422; x_wconf 86' lang='lat' dir='ltr'><strong>lini</strong></span> <span class='ocrx_word' id='word_1_478' title='bbox 2553 3367 3004 3437; x_wconf 86' lang='lat' dir='ltr'><strong>circumscripta,</strong></span> <span class='ocrx_word' id='word_1_479' title='bbox 3060 3364 3114 3418; x_wconf 92' lang='lat' dir='ltr'><strong>in</strong></span> <span class='ocrx_word' id='word_1_480' title='bbox 3169 3366 3374 3417; x_wconf 90' lang='lat' dir='ltr'><strong>luctum</strong></span> <span class='ocrx_word' id='word_1_481' title='bbox 3433 3361 3567 3414; x_wconf 86' lang='lat' dir='ltr'><strong>abiit</strong></span> 
     </span>
    </p>
   </div>
   <div class='ocr_carea' id='block_1_76' title="bbox 1975 3454 3563 3534">
    <p class='ocr_par' dir='ltr' id='par_1_76' title="bbox 1975 3454 3563 3534">
     <span class='ocr_line' id='line_1_76' title="bbox 1975 3454 3563 3534; baseline -0.008 -16"><span class='ocrx_word' id='word_1_482' title='bbox 1975 3471 2203 3534; x_wconf 75' lang='lat' dir='ltr'><strong>propter</strong></span> <span class='ocrx_word' id='word_1_483' title='bbox 2266 3467 2644 3531; x_wconf 76' lang='lat' dir='ltr'><strong>emergentem</strong></span> <span class='ocrx_word' id='word_1_484' title='bbox 2710 3458 3030 3522; x_wconf 84' lang='lat' dir='ltr'><strong>fallaciam;</strong></span> <span class='ocrx_word' id='word_1_485' title='bbox 3097 3455 3361 3526; x_wconf 64' lang='lat' dir='ltr'><strong>periturae</strong></span> <span class='ocrx_word' id='word_1_486' title='bbox 3420 3454 3563 3508; x_wconf 82' lang='lat' dir='ltr'><strong>enim</strong></span> 
     </span>
    </p>
   </div>
   <div class='ocr_carea' id='block_1_77' title="bbox 1973 3550 2568 3619">
    <p class='ocr_par' dir='ltr' id='par_1_77' title="bbox 1973 3550 2568 3619">
     <span class='ocr_line' id='line_1_77' title="bbox 1973 3550 2568 3619; baseline -0.003 -11"><span class='ocrx_word' id='word_1_487' title='bbox 1973 3552 2182 3608; x_wconf 65' lang='lat' dir='ltr'><strong>laetitia:</strong></span> <span class='ocrx_word' id='word_1_488' title='bbox 2209 3551 2356 3619; x_wconf 88' lang='lat' dir='ltr'><strong>linis,</strong></span> <span class='ocrx_word' id='word_1_489' title='bbox 2385 3550 2568 3607; x_wconf 93' lang='lat' dir='ltr'><strong>dolor.</strong></span> 
     </span>
    </p>
   </div>
   <div class='ocr_carea' id='block_1_78' title="bbox 2047 3671 3566 3748">
    <p class='ocr_par' dir='ltr' id='par_1_78' title="bbox 2047 3671 3566 3748">
     <span class='ocr_line' id='line_1_78' title="bbox 2047 3671 3566 3748; baseline -0.005 -13"><span class='ocrx_word' id='word_1_490' title='bbox 2047 3679 2213 3737; x_wconf 77' lang='lat' dir='ltr'><strong>Vens.</strong></span> <span class='ocrx_word' id='word_1_491' title='bbox 2265 3680 2351 3736; x_wconf 73' lang='grc'>14.</span> <span class='ocrx_word' id='word_1_492' title='bbox 2396 3679 2505 3735; x_wconf 84' lang='lat' dir='ltr'><strong>Viis</strong></span> <span class='ocrx_word' id='word_1_493' title='bbox 2553 3680 2668 3734; x_wconf 88' lang='lat' dir='ltr'><strong>suis</strong></span> <span class='ocrx_word' id='word_1_494' title='bbox 2718 3677 3012 3748; x_wconf 82' lang='lat' dir='ltr'><strong>replebitur</strong></span> <span class='ocrx_word' id='word_1_495' title='bbox 3058 3691 3150 3730; x_wconf 89' lang='lat' dir='ltr'><strong>cor</strong></span> <span class='ocrx_word' id='word_1_496' title='bbox 3189 3675 3390 3728; x_wconf 76' lang='lat' dir='ltr'><strong>audax.</strong></span> <span class='ocrx_word' id='word_1_497' title='bbox 3440 3671 3566 3727; x_wconf 81' lang='lat' dir='ltr'><strong>Suis</strong></span> 
     </span>
    </p>
   </div>
   <div class='ocr_carea' id='block_1_79' title="bbox 1976 3762 3566 3836">
    <p class='ocr_par' dir='ltr' id='par_1_79' title="bbox 1976 3762 3566 3836">
     <span class='ocr_line' id='line_1_79' title="bbox 1976 3762 3566 3836; baseline -0.007 -14"><span class='ocrx_word' id='word_1_498' title='bbox 1976 3767 2033 3822; x_wconf 84' lang='lat' dir='ltr'><strong>in</strong></span> <span class='ocrx_word' id='word_1_499' title='bbox 2074 3768 2440 3836; x_wconf 88' lang='lat' dir='ltr'><strong>perditionem</strong></span> <span class='ocrx_word' id='word_1_500' title='bbox 2490 3766 2836 3833; x_wconf 87' lang='lat' dir='ltr'><strong>ferentibus,</strong></span> <span class='ocrx_word' id='word_1_501' title='bbox 2883 3762 3362 3820; x_wconf 88' lang='lat' dir='ltr'><strong>irrationabilibus</strong></span> <span class='ocrx_word' id='word_1_502' title='bbox 3399 3774 3566 3814; x_wconf 83' lang='lat' dir='ltr'><strong>cona-</strong></span> 
     </span>
    </p>
   </div>
   <div class='ocr_carea' id='block_1_80' title="bbox 1976 3852 3566 3930">
    <p class='ocr_par' dir='ltr' id='par_1_80' title="bbox 1976 3852 3566 3930">
     <span class='ocr_line' id='line_1_80' title="bbox 1976 3852 3566 3930; baseline -0.004 -17"><span class='ocrx_word' id='word_1_503' title='bbox 1976 3859 2127 3914; x_wconf 89' lang='lat' dir='ltr'><strong>tibus</strong></span> <span class='ocrx_word' id='word_1_504' title='bbox 2161 3859 2488 3929; x_wconf 87' lang='lat' dir='ltr'><strong>replebitur,</strong></span> <span class='ocrx_word' id='word_1_505' title='bbox 2522 3858 2618 3930; x_wconf 92' lang='lat' dir='ltr'><strong>qui</strong></span> <span class='ocrx_word' id='word_1_506' title='bbox 2667 3858 2735 3914; x_wconf 87' lang='lat' dir='ltr'><strong>ad</strong></span> <span class='ocrx_word' id='word_1_507' title='bbox 2779 3857 3082 3929; x_wconf 76' lang='lat' dir='ltr'><strong>fugandum</strong></span> <span class='ocrx_word' id='word_1_508' title='bbox 3116 3855 3384 3919; x_wconf 86' lang='lat' dir='ltr'><strong>dolorem,</strong></span> <span class='ocrx_word' id='word_1_509' title='bbox 3417 3852 3566 3907; x_wconf 88' lang='lat' dir='ltr'><strong>circa</strong></span> 
     </span>
    </p>
   </div>
   <div class='ocr_carea' id='block_1_81' title="bbox 1973 3943 3567 4020">
    <p class='ocr_par' dir='ltr' id='par_1_81' title="bbox 1973 3943 3567 4020">
     <span class='ocr_line' id='line_1_81' title="bbox 1973 3943 3567 4020; baseline -0.005 -15"><span class='ocrx_word' id='word_1_510' title='bbox 1973 3955 2221 4019; x_wconf 88' lang='lat' dir='ltr'><strong>pectora,</strong></span> <span class='ocrx_word' id='word_1_511' title='bbox 2259 3948 2530 4020; x_wconf 86' lang='lat' dir='ltr'><strong>sanguine</strong></span> <span class='ocrx_word' id='word_1_512' title='bbox 2566 3947 2777 4016; x_wconf 82' lang='lat' dir='ltr'><strong>fervet;</strong></span> <span class='ocrx_word' id='word_1_513' title='bbox 2809 3947 3031 4004; x_wconf 89' lang='lat' dir='ltr'><strong>etiamsi</strong></span> <span class='ocrx_word' id='word_1_514' title='bbox 3061 3945 3262 4002; x_wconf 79' lang='lat' dir='ltr'><strong>exinde</strong></span> <span class='ocrx_word' id='word_1_515' title='bbox 3290 3945 3363 4003; x_wconf 89' lang='lat' dir='ltr'><strong>sit</strong></span> <span class='ocrx_word' id='word_1_516' title='bbox 3398 3943 3567 3998; x_wconf 88' lang='lat' dir='ltr'><strong>corde</strong></span> 
     </span>
    </p>
   </div>
   <div class='ocr_carea' id='block_1_82' title="bbox 1900 4041 2198 4098">
    <p class='ocr_par' dir='ltr' id='par_1_82' title="bbox 1900 4041 2198 4098">
     <span class='ocr_line' id='line_1_82' title="bbox 1900 4041 2198 4098; baseline -0.007 0"><span class='ocrx_word' id='word_1_517' title='bbox 1900 4078 1916 4090; x_wconf 83' lang='grc'><strong>.</strong></span> <span class='ocrx_word' id='word_1_518' title='bbox 1977 4041 2198 4098; x_wconf 84' lang='lat' dir='ltr'><strong>audaci.</strong></span> 
     </span>
    </p>
   </div>
   <div class='ocr_carea' id='block_1_83' title="bbox 2046 4167 3565 4242">
    <p class='ocr_par' dir='ltr' id='par_1_83' title="bbox 2046 4167 3565 4242">
     <span class='ocr_line' id='line_1_83' title="bbox 2046 4167 3565 4242; baseline -0.003 -18"><span class='ocrx_word' id='word_1_519' title='bbox 2046 4169 2090 4224; x_wconf 82' lang='grc' dir='ltr'><strong><em>Δ</em></strong></span> <span class='ocrx_word' id='word_1_520' title='bbox 2127 4170 2539 4242; x_wconf 84' lang='lat' dir='ltr'><strong>cogitationibus</strong></span> <span class='ocrx_word' id='word_1_521' title='bbox 2580 4171 2710 4235; x_wconf 88' lang='lat' dir='ltr'><strong>suis,</strong></span> <span class='ocrx_word' id='word_1_522' title='bbox 2758 4171 2836 4226; x_wconf 84' lang='lat' dir='ltr'><strong>uir</strong></span> <span class='ocrx_word' id='word_1_523' title='bbox 2880 4171 3066 4225; x_wconf 83' lang='lat' dir='ltr'><strong>bonus.</strong></span> <span class='ocrx_word' id='word_1_524' title='bbox 3103 4167 3233 4224; x_wconf 90' lang='lat' dir='ltr'><strong>Suis</strong></span> <span class='ocrx_word' id='word_1_525' title='bbox 3266 4168 3423 4239; x_wconf 69' lang='lat' dir='ltr'><strong>jusla</strong></span> <span class='ocrx_word' id='word_1_526' title='bbox 3473 4183 3565 4221; x_wconf 76' lang='lat' dir='ltr'><strong>nr-</strong></span> 
     </span>
    </p>
   </div>
   <div class='ocr_carea' id='block_1_84' title="bbox 1974 4259 3564 4335">
    <p class='ocr_par' dir='ltr' id='par_1_84' title="bbox 1974 4259 3564 4335">
     <span class='ocr_line' id='line_1_84' title="bbox 1974 4259 3564 4335; baseline -0.003 -16"><span class='ocrx_word' id='word_1_527' title='bbox 1974 4262 2180 4319; x_wconf 90' lang='lat' dir='ltr'><strong>tionem</strong></span> <span class='ocrx_word' id='word_1_528' title='bbox 2208 4263 2500 4331; x_wconf 90' lang='lat' dir='ltr'><strong>ordinatis,</strong></span> <span class='ocrx_word' id='word_1_529' title='bbox 2530 4262 3033 4335; x_wconf 87' lang='lat' dir='ltr'><strong>circumspectihus</strong></span> <span class='ocrx_word' id='word_1_530' title='bbox 3067 4260 3430 4323; x_wconf 79' lang='lat' dir='ltr'><strong>custodietur,</strong></span> <span class='ocrx_word' id='word_1_531' title='bbox 3466 4259 3564 4328; x_wconf 84' lang='lat' dir='ltr'><strong>qui</strong></span> 
     </span>
    </p>
   </div>
   <div class='ocr_carea' id='block_1_85' title="bbox 1976 4353 3564 4428">
    <p class='ocr_par' dir='ltr' id='par_1_85' title="bbox 1976 4353 3564 4428">
     <span class='ocr_line' id='line_1_85' title="bbox 1976 4353 3564 4428; baseline -0.003 -15"><span class='ocrx_word' id='word_1_532' title='bbox 1976 4358 2207 4413; x_wconf 85' lang='lat' dir='ltr'><strong>omnino</strong></span> <span class='ocrx_word' id='word_1_533' title='bbox 2238 4357 2378 4412; x_wconf 87' lang='lat' dir='ltr'><strong>bene</strong></span> <span class='ocrx_word' id='word_1_534' title='bbox 2413 4364 2678 4428; x_wconf 86' lang='lat' dir='ltr'><strong>operatur</strong></span> <span class='ocrx_word' id='word_1_535' title='bbox 2719 4363 2775 4412; x_wconf 91' lang='lat' dir='ltr'><strong>et</strong></span> <span class='ocrx_word' id='word_1_536' title='bbox 2821 4369 3102 4426; x_wconf 84' lang='lat' dir='ltr'><strong>generose</strong></span> <span class='ocrx_word' id='word_1_537' title='bbox 3137 4362 3248 4409; x_wconf 84' lang='lat' dir='ltr'><strong>stat</strong></span> <span class='ocrx_word' id='word_1_538' title='bbox 3296 4353 3564 4409; x_wconf 85' lang='lat' dir='ltr'><strong>adversus</strong></span> 
     </span>
    </p>
   </div>
   <div class='ocr_carea' id='block_1_86' title="bbox 1974 4447 2289 4519">
    <p class='ocr_par' dir='ltr' id='par_1_86' title="bbox 1974 4447 2289 4519">
     <span class='ocr_line' id='line_1_86' title="bbox 1974 4447 2289 4519; baseline 0 -17"><span class='ocrx_word' id='word_1_539' title='bbox 1974 4447 2289 4519; x_wconf 90' lang='lat' dir='ltr'><strong>passiones.</strong></span> 
     </span>
    </p>
   </div>
   <div class='ocr_carea' id='block_1_87' title="bbox 356 4559 1873 4645">
    <p class='ocr_par' dir='ltr' id='par_1_87' title="bbox 356 4559 1866 4645">
     <span class='ocr_line' id='line_1_87' title="bbox 356 4559 1866 4645; baseline 0.01 -31"><span class='ocrx_word' id='word_1_540' title='bbox 356 4559 436 4616; x_wconf 88' lang='grc' dir='ltr'>ιε’.</span> <span class='ocrx_word' id='word_1_541' title='bbox 463 4564 722 4631; x_wconf 76' lang='grc' dir='ltr'>Ἄκακος</span> <span class='ocrx_word' id='word_1_542' title='bbox 755 4567 1026 4622; x_wconf 80' lang='grc' dir='ltr'>πιστεύει</span> <span class='ocrx_word' id='word_1_543' title='bbox 1052 4571 1232 4624; x_wconf 81' lang='grc' dir='ltr'>παντὶ</span> <span class='ocrx_word' id='word_1_544' title='bbox 1255 4572 1435 4642; x_wconf 72' lang='grc' dir='ltr'>λόγῳ.</span> <span class='ocrx_word' id='word_1_545' title='bbox 1475 4571 1533 4626; x_wconf 83' lang='lat'>&#39;0</span> <span class='ocrx_word' id='word_1_546' title='bbox 1559 4571 1629 4627; x_wconf 80' lang='grc' dir='ltr'>τὰ</span> <span class='ocrx_word' id='word_1_547' title='bbox 1651 4572 1866 4645; x_wconf 84' lang='grc' dir='ltr'>ὁρῶντα</span> 
     </span>
    </p>
   </div>
   <div class='ocr_carea' id='block_1_88' title="bbox 1994 4559 3562 4645">
    <p class='ocr_par' dir='ltr' id='par_1_88' title="bbox 2041 4571 3562 4638">
     <span class='ocr_line' id='line_1_88' title="bbox 2041 4571 3562 4638; baseline -0.002 -10"><span class='ocrx_word' id='word_1_548' title='bbox 2041 4571 2212 4629; x_wconf 75' lang='lat' dir='ltr'><strong>Vens.</strong></span> <span class='ocrx_word' id='word_1_549' title='bbox 2247 4573 2336 4630; x_wconf 89' lang='grc'>15.</span> <span class='ocrx_word' id='word_1_550' title='bbox 2373 4572 2624 4630; x_wconf 82' lang='lat' dir='ltr'><strong>Sincerus</strong></span> <span class='ocrx_word' id='word_1_551' title='bbox 2655 4574 2823 4630; x_wconf 85' lang='lat' dir='ltr'><strong>credit</strong></span> <span class='ocrx_word' id='word_1_552' title='bbox 2853 4574 2998 4630; x_wconf 86' lang='lat' dir='ltr'><strong>omni</strong></span> <span class='ocrx_word' id='word_1_553' title='bbox 3034 4573 3210 4628; x_wconf 84' lang='lat' dir='ltr'><strong>uerbo.</strong></span> <span class='ocrx_word' id='word_1_554' title='bbox 3247 4571 3349 4638; x_wconf 89' lang='lat' dir='ltr'><strong>Qui</strong></span> <span class='ocrx_word' id='word_1_555' title='bbox 3382 4587 3562 4627; x_wconf 85' lang='lat' dir='ltr'><strong>emer-</strong></span> 
     </span>
    </p>
   </div>
   <div class='ocr_carea' id='block_1_89' title="bbox 281 4652 1861 4734">
    <p class='ocr_par' dir='ltr' id='par_1_89' title="bbox 281 4652 1861 4734">
     <span class='ocr_line' id='line_1_89' title="bbox 281 4652 1861 4734; baseline 0.011 -30"><span class='ocrx_word' id='word_1_556' title='bbox 281 4653 360 4715; x_wconf 83' lang='grc' dir='ltr'><strong>εῐς</strong></span> <span class='ocrx_word' id='word_1_557' title='bbox 397 4652 601 4724; x_wconf 77' lang='grc' dir='ltr'>βλάϐην</span> <span class='ocrx_word' id='word_1_558' title='bbox 627 4655 816 4722; x_wconf 81' lang='grc' dir='ltr'>αὑτοῦ,</span> <span class='ocrx_word' id='word_1_559' title='bbox 841 4656 918 4723; x_wconf 84' lang='grc' dir='ltr'>ὡς</span> <span class='ocrx_word' id='word_1_560' title='bbox 954 4659 1200 4731; x_wconf 81' lang='grc' dir='ltr'>ἀνόητος,</span> <span class='ocrx_word' id='word_1_561' title='bbox 1237 4661 1311 4734; x_wconf 83' lang='grc' dir='ltr'>μὴ</span> <span class='ocrx_word' id='word_1_562' title='bbox 1343 4661 1500 4728; x_wconf 84' lang='grc' dir='ltr'>είδὼς</span> <span class='ocrx_word' id='word_1_563' title='bbox 1539 4663 1861 4734; x_wconf 85' lang='grc' dir='ltr'>διακρίνειν,</span> 
     </span>
    </p>
   </div>
   <div class='ocr_carea' id='block_1_90' title="bbox 279 4744 1864 4833">
    <p class='ocr_par' dir='ltr' id='par_1_90' title="bbox 279 4744 1864 4833">
     <span class='ocr_line' id='line_1_90' title="bbox 279 4744 1864 4833; baseline 0.012 -37"><span class='ocrx_word' id='word_1_564' title='bbox 279 4744 447 4798; x_wconf 76' lang='grc' dir='ltr'>πᾶσιν</span> <span class='ocrx_word' id='word_1_565' title='bbox 478 4745 661 4811; x_wconf 81' lang='grc' dir='ltr'>ἁπλῶς</span> <span class='ocrx_word' id='word_1_566' title='bbox 698 4748 943 4804; x_wconf 88' lang='grc' dir='ltr'>πείθεται</span> <span class='ocrx_word' id='word_1_567' title='bbox 995 4745 1225 4808; x_wconf 76' lang='grc' dir='ltr'>οἷστισιν</span> <span class='ocrx_word' id='word_1_568' title='bbox 1268 4755 1556 4826; x_wconf 76' lang='grc' dir='ltr'>ἐπιτρέπει</span> <span class='ocrx_word' id='word_1_569' title='bbox 1609 4759 1794 4827; x_wconf 80' lang='grc' dir='ltr'>αὐτὸν,</span> 
     </span>
    </p>
   </div>
   <div class='ocr_carea' id='block_1_91' title="bbox 278 4830 1504 4916">
    <p class='ocr_par' dir='ltr' id='par_1_91' title="bbox 278 4830 1504 4916">
     <span class='ocr_line' id='line_1_91' title="bbox 278 4830 1504 4916; baseline 0.013 -30"><span class='ocrx_word' id='word_1_570' title='bbox 278 4830 346 4888; x_wconf 77' lang='grc' dir='ltr'><strong>ἂν</strong></span> <span class='ocrx_word' id='word_1_571' title='bbox 373 4833 468 4887; x_wconf 78' lang='grc' dir='ltr'>ὑπ’</span> <span class='ocrx_word' id='word_1_572' title='bbox 493 4834 674 4892; x_wconf 79' lang='grc' dir='ltr'>αὐτῶν</span> <span class='ocrx_word' id='word_1_573' title='bbox 705 4837 786 4903; x_wconf 80' lang='grc' dir='ltr'>εἰς</span> <span class='ocrx_word' id='word_1_574' title='bbox 809 4838 1052 4895; x_wconf 87' lang='grc' dir='ltr'>κίνδυνον</span> <span class='ocrx_word' id='word_1_575' title='bbox 1087 4842 1504 4916; x_wconf 86' lang='grc' dir='ltr'>συνελαύνηται.</span> 
     </span>
    </p>
   </div>
   <div class='ocr_carea' id='block_1_92' title="bbox 343 5053 1862 5141">
    <p class='ocr_par' dir='ltr' id='par_1_92' title="bbox 343 5053 1862 5141">
     <span class='ocr_line' id='line_1_92' title="bbox 343 5053 1862 5141; baseline 0.011 -33"><span class='ocrx_word' id='word_1_576' title='bbox 343 5053 693 5126; x_wconf 78' lang='grc' dir='ltr'>Πανοῦρτος</span> <span class='ocrx_word' id='word_1_577' title='bbox 715 5057 784 5111; x_wconf 77' lang='grc' dir='ltr'>δὲ</span> <span class='ocrx_word' id='word_1_578' title='bbox 801 5059 1037 5129; x_wconf 77' lang='grc' dir='ltr'>ἔρχεται</span> <span class='ocrx_word' id='word_1_579' title='bbox 1062 5065 1150 5130; x_wconf 80' lang='grc' dir='ltr'>εις</span> <span class='ocrx_word' id='word_1_580' title='bbox 1175 5063 1522 5133; x_wconf 81' lang='grc' dir='ltr'>μετάνοιαν.</span> <span class='ocrx_word' id='word_1_581' title='bbox 1561 5066 1618 5122; x_wconf 90' lang='lat'><strong>&#39;0</strong></span> <span class='ocrx_word' id='word_1_582' title='bbox 1643 5068 1700 5122; x_wconf 83' lang='grc' dir='ltr'>δὲ</span> <span class='ocrx_word' id='word_1_583' title='bbox 1728 5069 1862 5141; x_wconf 79' lang='grc' dir='ltr'>φρό·</span> 
     </span>
    </p>
   </div>
   <div class='ocr_carea' id='block_1_93' title="bbox 275 5149 1858 5232">
    <p class='ocr_par' dir='ltr' id='par_1_93' title="bbox 275 5149 1858 5232">
     <span class='ocr_line' id='line_1_93' title="bbox 275 5149 1858 5232; baseline 0.01 -33"><span class='ocrx_word' id='word_1_584' title='bbox 275 5163 452 5216; x_wconf 86' lang='grc' dir='ltr'>νιμος,</span> <span class='ocrx_word' id='word_1_585' title='bbox 481 5149 582 5203; x_wconf 82' lang='grc' dir='ltr'><strong>κάν</strong></span> <span class='ocrx_word' id='word_1_586' title='bbox 605 5166 658 5204; x_wconf 87' lang='grc' dir='ltr'><strong>τι</strong></span> <span class='ocrx_word' id='word_1_587' title='bbox 688 5150 931 5206; x_wconf 80' lang='grc' dir='ltr'>τοιοῦτον</span> <span class='ocrx_word' id='word_1_588' title='bbox 958 5154 1022 5208; x_wconf 77' lang='grc' dir='ltr'>ὲκ</span> <span class='ocrx_word' id='word_1_589' title='bbox 1065 5157 1421 5227; x_wconf 86' lang='grc' dir='ltr'>συναρπαγῆς</span> <span class='ocrx_word' id='word_1_590' title='bbox 1459 5159 1858 5232; x_wconf 79' lang='grc' dir='ltr'>παραδέξηται,</span> 
     </span>
    </p>
   </div>
   <div class='ocr_carea' id='block_1_94' title="bbox 274 5238 1858 5320">
    <p class='ocr_par' dir='ltr' id='par_1_94' title="bbox 274 5238 1858 5320">
     <span class='ocr_line' id='line_1_94' title="bbox 274 5238 1858 5320; baseline 0.01 -30"><span class='ocrx_word' id='word_1_591' title='bbox 274 5238 664 5311; x_wconf 83' lang='grc' dir='ltr'>ἀποπέμπεται</span> <span class='ocrx_word' id='word_1_592' title='bbox 697 5245 830 5298; x_wconf 84' lang='grc' dir='ltr'>αὐτό</span> <span class='ocrx_word' id='word_1_593' title='bbox 853 5262 868 5279; x_wconf 79' lang='grc' dir='ltr'>ο</span> <span class='ocrx_word' id='word_1_594' title='bbox 903 5247 1268 5318; x_wconf 56' lang='grc' dir='ltr'>ἐπιστάμενος</span> <span class='ocrx_word' id='word_1_595' title='bbox 1306 5251 1515 5320; x_wconf 83' lang='grc' dir='ltr'>κρίνειν</span> <span class='ocrx_word' id='word_1_596' title='bbox 1552 5254 1621 5307; x_wconf 87' lang='grc' dir='ltr'>τὰ</span> <span class='ocrx_word' id='word_1_597' title='bbox 1651 5254 1750 5307; x_wconf 75' lang='grc' dir='ltr'>εἴτ’</span> <span class='ocrx_word' id='word_1_598' title='bbox 1777 5256 1858 5319; x_wconf 84' lang='grc' dir='ltr'><strong>είς</strong></span> 
     </span>
    </p>
   </div>
   <div class='ocr_carea' id='block_1_95' title="bbox 275 5327 1393 5410">
    <p class='ocr_par' dir='ltr' id='par_1_95' title="bbox 275 5327 1393 5410">
     <span class='ocr_line' id='line_1_95' title="bbox 275 5327 1393 5410; baseline 0.013 -29"><span class='ocrx_word' id='word_1_599' title='bbox 275 5327 478 5400; x_wconf 77' lang='grc' dir='ltr'>βλάϐην</span> <span class='ocrx_word' id='word_1_600' title='bbox 503 5333 668 5387; x_wconf 83' lang='grc' dir='ltr'>αὑτοῦ</span> <span class='ocrx_word' id='word_1_601' title='bbox 697 5334 848 5403; x_wconf 75' lang='grc' dir='ltr'>ὄντα,</span> <span class='ocrx_word' id='word_1_602' title='bbox 874 5337 972 5392; x_wconf 76' lang='grc' dir='ltr'>εἴτ’</span> <span class='ocrx_word' id='word_1_603' title='bbox 997 5340 1078 5404; x_wconf 83' lang='grc' dir='ltr'><strong>είς</strong></span> <span class='ocrx_word' id='word_1_604' title='bbox 1102 5339 1393 5410; x_wconf 84' lang='grc' dir='ltr'>ὠφέλειαν.</span> 
     </span>
    </p>
   </div>
   <div class='ocr_carea' id='block_1_96' title="bbox 345 5437 1864 5530">
    <p class='ocr_par' dir='ltr' id='par_1_96' title="bbox 345 5437 1864 5530">
     <span class='ocr_line' id='line_1_96' title="bbox 345 5437 1864 5530; baseline 0.011 -21"><span class='ocrx_word' id='word_1_605' title='bbox 345 5454 441 5522; x_wconf 80' lang='grc' dir='ltr'>ις’.</span> <span class='ocrx_word' id='word_1_606' title='bbox 477 5437 684 5527; x_wconf 15' lang='grc' dir='ltr'><strong>Σοφὸςῆ</strong></span> <span class='ocrx_word' id='word_1_607' title='bbox 705 5463 986 5530; x_wconf 75' lang='grc' dir='ltr'>φοϐηθεὶς</span> <span class='ocrx_word' id='word_1_608' title='bbox 1036 5465 1350 5530; x_wconf 77' lang='grc' dir='ltr'>ἐξέκλινεν</span> <span class='ocrx_word' id='word_1_609' title='bbox 1387 5469 1507 5524; x_wconf 83' lang='grc' dir='ltr'><strong>ἀπὸ</strong></span> <span class='ocrx_word' id='word_1_610' title='bbox 1539 5471 1753 5526; x_wconf 82' lang='grc' dir='ltr'>κακοῦ.</span> <span class='ocrx_word' id='word_1_611' title='bbox 1797 5472 1864 5525; x_wconf 77' lang='grc' dir='ltr'>Ὁ</span> 
     </span>
    </p>
   </div>
   <div class='ocr_carea' id='block_1_97' title="bbox 1967 4662 3563 4734">
    <p class='ocr_par' dir='ltr' id='par_1_97' title="bbox 1967 4662 3563 4734">
     <span class='ocr_line' id='line_1_97' title="bbox 1967 4662 3563 4734; baseline -0.003 -16"><span class='ocrx_word' id='word_1_612' title='bbox 1967 4665 2150 4734; x_wconf 87' lang='lat' dir='ltr'><strong>gentia</strong></span> <span class='ocrx_word' id='word_1_613' title='bbox 2187 4663 2291 4720; x_wconf 89' lang='lat' dir='ltr'><strong>sibi</strong></span> <span class='ocrx_word' id='word_1_614' title='bbox 2329 4664 2384 4718; x_wconf 92' lang='lat' dir='ltr'><strong><em>in</em></strong></span> <span class='ocrx_word' id='word_1_615' title='bbox 2423 4665 2675 4731; x_wconf 91' lang='lat' dir='ltr'><strong>domum,</strong></span> <span class='ocrx_word' id='word_1_616' title='bbox 2720 4664 2888 4719; x_wconf 89' lang='lat' dir='ltr'><strong>veluti</strong></span> <span class='ocrx_word' id='word_1_617' title='bbox 2935 4662 3204 4726; x_wconf 89' lang='lat' dir='ltr'><strong>stolidus,</strong></span> <span class='ocrx_word' id='word_1_618' title='bbox 3245 4662 3563 4732; x_wconf 86' lang='lat' dir='ltr'><strong>discernere</strong></span> 
     </span>
    </p>
   </div>
   <div class='ocr_carea' id='block_1_98' title="bbox 1968 4752 3561 4824">
    <p class='ocr_par' dir='ltr' id='par_1_98' title="bbox 1968 4752 3561 4824">
     <span class='ocr_line' id='line_1_98' title="bbox 1968 4752 3561 4824; baseline -0.003 -16"><span class='ocrx_word' id='word_1_619' title='bbox 1968 4754 2163 4820; x_wconf 88' lang='lat' dir='ltr'><strong>nescit,</strong></span> <span class='ocrx_word' id='word_1_620' title='bbox 2198 4754 2266 4810; x_wconf 87' lang='lat' dir='ltr'><strong>ab</strong></span> <span class='ocrx_word' id='word_1_621' title='bbox 2315 4754 2574 4810; x_wconf 90' lang='lat' dir='ltr'><strong>omnibus</strong></span> <span class='ocrx_word' id='word_1_622' title='bbox 2619 4754 2946 4824; x_wconf 88' lang='lat' dir='ltr'><strong>simpliciter</strong></span> <span class='ocrx_word' id='word_1_623' title='bbox 2995 4752 3220 4808; x_wconf 84' lang='lat' dir='ltr'><strong>ducitur</strong></span> <span class='ocrx_word' id='word_1_624' title='bbox 3258 4752 3459 4822; x_wconf 91' lang='lat' dir='ltr'><strong>quibus</strong></span> <span class='ocrx_word' id='word_1_625' title='bbox 3500 4766 3561 4804; x_wconf 88' lang='lat' dir='ltr'><strong>se</strong></span> 
     </span>
    </p>
   </div>
   <div class='ocr_carea' id='block_1_99' title="bbox 1965 4845 3557 4917">
    <p class='ocr_par' dir='ltr' id='par_1_99' title="bbox 1965 4845 3557 4917">
     <span class='ocr_line' id='line_1_99' title="bbox 1965 4845 3557 4917; baseline -0.002 -17"><span class='ocrx_word' id='word_1_626' title='bbox 1965 4845 2298 4913; x_wconf 89' lang='lat' dir='ltr'><strong>committit;</strong></span> <span class='ocrx_word' id='word_1_627' title='bbox 2346 4847 2428 4903; x_wconf 88' lang='lat' dir='ltr'><strong>sic</strong></span> <span class='ocrx_word' id='word_1_628' title='bbox 2474 4846 2663 4905; x_wconf 79' lang='lat' dir='ltr'><strong>forsan</strong></span> <span class='ocrx_word' id='word_1_629' title='bbox 2711 4850 2780 4905; x_wconf 90' lang='lat' dir='ltr'><strong>ab</strong></span> <span class='ocrx_word' id='word_1_630' title='bbox 2818 4847 2930 4904; x_wconf 90' lang='lat' dir='ltr'><strong>illis</strong></span> <span class='ocrx_word' id='word_1_631' title='bbox 2969 4846 3024 4902; x_wconf 89' lang='lat' dir='ltr'><strong>in</strong></span> <span class='ocrx_word' id='word_1_632' title='bbox 3068 4845 3373 4917; x_wconf 89' lang='lat' dir='ltr'><strong>periculum</strong></span> <span class='ocrx_word' id='word_1_633' title='bbox 3424 4859 3557 4899; x_wconf 76' lang='lat' dir='ltr'><strong>con-</strong></span> 
     </span>
    </p>
   </div>
   <div class='ocr_carea' id='block_1_100' title="bbox 1962 4935 2211 5009">
    <p class='ocr_par' dir='ltr' id='par_1_100' title="bbox 1962 4935 2211 5009">
     <span class='ocr_line' id='line_1_100' title="bbox 1962 4935 2211 5009; baseline 0.004 -19"><span class='ocrx_word' id='word_1_634' title='bbox 1962 4935 2211 5009; x_wconf 82' lang='lat' dir='ltr'><strong>jicietur.</strong></span> 
     </span>
    </p>
   </div>
   <div class='ocr_carea' id='block_1_101' title="bbox 2035 5061 3551 5121">
    <p class='ocr_par' dir='ltr' id='par_1_101' title="bbox 2035 5061 3551 5121">
     <span class='ocr_line' id='line_1_101' title="bbox 2035 5061 3551 5121; baseline -0.003 -3"><span class='ocrx_word' id='word_1_635' title='bbox 2035 5063 2283 5121; x_wconf 77' lang='lat' dir='ltr'><strong>Callidus</strong></span> <span class='ocrx_word' id='word_1_636' title='bbox 2343 5068 2519 5121; x_wconf 81' lang='lat' dir='ltr'><strong>autem</strong></span> <span class='ocrx_word' id='word_1_637' title='bbox 2577 5066 2712 5121; x_wconf 80' lang='lat' dir='ltr'><strong>venit</strong></span> <span class='ocrx_word' id='word_1_638' title='bbox 2766 5065 2834 5120; x_wconf 89' lang='lat' dir='ltr'><strong>ad</strong></span> <span class='ocrx_word' id='word_1_639' title='bbox 2886 5065 3074 5119; x_wconf 85' lang='lat' dir='ltr'><strong>mentis</strong></span> <span class='ocrx_word' id='word_1_640' title='bbox 3137 5061 3551 5116; x_wconf 79' lang='lat' dir='ltr'><strong>conversionem.</strong></span> 
     </span>
    </p>
   </div>
   <div class='ocr_carea' id='block_1_102' title="bbox 1963 5152 3550 5236">
    <p class='ocr_par' dir='ltr' id='par_1_102' title="bbox 1963 5152 3550 5236">
     <span class='ocr_line' id='line_1_102' title="bbox 1963 5152 3550 5236; baseline -0.004 -25"><span class='ocrx_word' id='word_1_641' title='bbox 1963 5155 2209 5213; x_wconf 83' lang='lat' dir='ltr'><strong>Prudens</strong></span> <span class='ocrx_word' id='word_1_642' title='bbox 2238 5159 2404 5224; x_wconf 91' lang='lat' dir='ltr'><strong>enim,</strong></span> <span class='ocrx_word' id='word_1_643' title='bbox 2427 5159 2532 5214; x_wconf 89' lang='lat' dir='ltr'><strong>etsi</strong></span> <span class='ocrx_word' id='word_1_644' title='bbox 2563 5158 2694 5228; x_wconf 91' lang='lat' dir='ltr'><strong>quid</strong></span> <span class='ocrx_word' id='word_1_645' title='bbox 2717 5174 2782 5214; x_wconf 83' lang='lat' dir='ltr'><strong>ex</strong></span> <span class='ocrx_word' id='word_1_646' title='bbox 2810 5156 3166 5225; x_wconf 87' lang='lat' dir='ltr'><strong>subreptione</strong></span> <span class='ocrx_word' id='word_1_647' title='bbox 3189 5152 3550 5236; x_wconf 73' lang='lat' dir='ltr'><strong>contraxerit,</strong></span> 
     </span>
    </p>
   </div>
   <div class='ocr_carea' id='block_1_103' title="bbox 1962 5243 3546 5318">
    <p class='ocr_par' dir='ltr' id='par_1_103' title="bbox 1962 5243 3546 5318">
     <span class='ocr_line' id='line_1_103' title="bbox 1962 5243 3546 5318; baseline -0.002 -17"><span class='ocrx_word' id='word_1_648' title='bbox 1962 5248 2066 5303; x_wconf 89' lang='lat' dir='ltr'><strong>hoc</strong></span> <span class='ocrx_word' id='word_1_649' title='bbox 2102 5256 2285 5304; x_wconf 87' lang='lat' dir='ltr'><strong>tamen</strong></span> <span class='ocrx_word' id='word_1_650' title='bbox 2325 5248 2540 5318; x_wconf 85' lang='lat' dir='ltr'><strong>rejicit;</strong></span> <span class='ocrx_word' id='word_1_651' title='bbox 2579 5249 2894 5303; x_wconf 88' lang='lat' dir='ltr'><strong>discernere</strong></span> <span class='ocrx_word' id='word_1_652' title='bbox 2936 5252 3114 5316; x_wconf 87' lang='lat' dir='ltr'><strong>potest</strong></span> <span class='ocrx_word' id='word_1_653' title='bbox 3155 5259 3277 5314; x_wconf 74' lang='lat' dir='ltr'><strong>quae</strong></span> <span class='ocrx_word' id='word_1_654' title='bbox 3320 5243 3423 5314; x_wconf 83' lang='lat' dir='ltr'><strong>ipsi</strong></span> <span class='ocrx_word' id='word_1_655' title='bbox 3463 5245 3546 5298; x_wconf 88' lang='lat' dir='ltr'><strong>vel</strong></span> 
     </span>
    </p>
   </div>
   <div class='ocr_carea' id='block_1_104' title="bbox 1962 5336 3202 5394">
    <p class='ocr_par' dir='ltr' id='par_1_104' title="bbox 1962 5336 3202 5394">
     <span class='ocr_line' id='line_1_104' title="bbox 1962 5336 3202 5394; baseline -0.002 -2"><span class='ocrx_word' id='word_1_656' title='bbox 1962 5341 2016 5394; x_wconf 92' lang='lat' dir='ltr'><strong>in</strong></span> <span class='ocrx_word' id='word_1_657' title='bbox 2050 5340 2308 5393; x_wconf 87' lang='lat' dir='ltr'><strong>damnum</strong></span> <span class='ocrx_word' id='word_1_658' title='bbox 2341 5340 2424 5393; x_wconf 86' lang='lat' dir='ltr'><strong>vel</strong></span> <span class='ocrx_word' id='word_1_659' title='bbox 2461 5340 2514 5393; x_wconf 92' lang='lat' dir='ltr'><strong>in</strong></span> <span class='ocrx_word' id='word_1_660' title='bbox 2546 5336 2893 5393; x_wconf 88' lang='lat' dir='ltr'><strong>commodum</strong></span> <span class='ocrx_word' id='word_1_661' title='bbox 2923 5336 3202 5391; x_wconf 84' lang='lat' dir='ltr'><strong>eveniunt.</strong></span> 
     </span>
    </p>
   </div>
   <div class='ocr_carea' id='block_1_105' title="bbox 2031 5461 3548 5531">
    <p class='ocr_par' dir='ltr' id='par_1_105' title="bbox 2031 5461 3548 5531">
     <span class='ocr_line' id='line_1_105' title="bbox 2031 5461 3548 5531; baseline 0 -13"><span class='ocrx_word' id='word_1_662' title='bbox 2031 5465 2194 5523; x_wconf 68' lang='lat' dir='ltr'><strong>Vens.</strong></span> <span class='ocrx_word' id='word_1_663' title='bbox 2237 5467 2324 5521; x_wconf 89' lang='grc'><strong>16.</strong></span> <span class='ocrx_word' id='word_1_664' title='bbox 2365 5463 2585 5529; x_wconf 81' lang='lat' dir='ltr'><strong>Sapiens</strong></span> <span class='ocrx_word' id='word_1_665' title='bbox 2641 5464 2949 5531; x_wconf 79' lang='lat' dir='ltr'><strong>perterritus</strong></span> <span class='ocrx_word' id='word_1_666' title='bbox 3005 5461 3235 5519; x_wconf 84' lang='lat' dir='ltr'><strong>declinat</strong></span> <span class='ocrx_word' id='word_1_667' title='bbox 3296 5480 3329 5517; x_wconf 90' lang='lat' dir='ltr'><strong>a</strong></span> <span class='ocrx_word' id='word_1_668' title='bbox 3380 5462 3548 5518; x_wconf 84' lang='lat' dir='ltr'><strong>malo.</strong></span> 
     </span>
    </p>
   </div>
   <div class='ocr_carea' id='block_1_106' title="bbox 271 5547 1873 5631">
    <p class='ocr_par' dir='ltr' id='par_1_106' title="bbox 271 5547 1856 5631">
     <span class='ocr_line' id='line_1_106' title="bbox 271 5547 1856 5631; baseline 0.009 -27"><span class='ocrx_word' id='word_1_669' title='bbox 271 5547 369 5619; x_wconf 78' lang='grc' dir='ltr'>τὴν</span> <span class='ocrx_word' id='word_1_670' title='bbox 415 5550 620 5604; x_wconf 80' lang='grc' dir='ltr'>οἰκείαν</span> <span class='ocrx_word' id='word_1_671' title='bbox 660 5553 1039 5622; x_wconf 76' lang='grc' dir='ltr'>ἐπιγινώσκων</span> <span class='ocrx_word' id='word_1_672' title='bbox 1079 5557 1387 5624; x_wconf 81' lang='grc' dir='ltr'>ἀσθένειαν,</span> <span class='ocrx_word' id='word_1_673' title='bbox 1422 5560 1706 5631; x_wconf 71' lang='grc' dir='ltr'>πτοηθείς,</span> <span class='ocrx_word' id='word_1_674' title='bbox 1747 5564 1856 5618; x_wconf 86' lang='grc' dir='ltr'><strong>άπὸ</strong></span> 
     </span>
    </p>
   </div>
   <div class='ocr_carea' id='block_1_107' title="bbox 1994 5547 3543 5631">
    <p class='ocr_par' dir='ltr' id='par_1_107' title="bbox 1994 5554 3543 5628">
     <span class='ocr_line' id='line_1_107' title="bbox 1994 5554 3543 5628; baseline -0.002 -17"><span class='ocrx_word' id='word_1_675' title='bbox 1994 5558 2060 5624; x_wconf 67' lang='lat' dir='ltr'><strong>[ui</strong></span> <span class='ocrx_word' id='word_1_676' title='bbox 2109 5557 2383 5628; x_wconf 84' lang='lat' dir='ltr'><strong>propriam</strong></span> <span class='ocrx_word' id='word_1_677' title='bbox 2435 5555 2646 5609; x_wconf 86' lang='lat' dir='ltr'><strong>noverit</strong></span> <span class='ocrx_word' id='word_1_678' title='bbox 2688 5554 3060 5626; x_wconf 81' lang='lat' dir='ltr'><strong>fragilitatem,</strong></span> <span class='ocrx_word' id='word_1_679' title='bbox 3106 5555 3543 5621; x_wconf 84' lang='lat' dir='ltr'><strong>pertimescendo</strong></span> 
     </span>
    </p>
   </div>
   <div class='ocr_carea' id='block_1_108' title="bbox 270 5641 1856 5728">
    <p class='ocr_par' dir='ltr' id='par_1_108' title="bbox 270 5641 1856 5728">
     <span class='ocr_line' id='line_1_108' title="bbox 270 5641 1856 5728; baseline 0.01 -32"><span class='ocrx_word' id='word_1_680' title='bbox 270 5641 560 5714; x_wconf 84' lang='grc' dir='ltr'>ἀνθρώπου</span> <span class='ocrx_word' id='word_1_681' title='bbox 590 5643 899 5712; x_wconf 78' lang='grc' dir='ltr'>διέζευκται</span> <span class='ocrx_word' id='word_1_682' title='bbox 945 5652 1287 5724; x_wconf 78' lang='grc' dir='ltr'>παρανόμου,</span> <span class='ocrx_word' id='word_1_683' title='bbox 1319 5654 1419 5728; x_wconf 79' lang='grc' dir='ltr'>τὴν</span> <span class='ocrx_word' id='word_1_684' title='bbox 1455 5655 1516 5721; x_wconf 70' lang='grc' dir='ltr'><strong>ἐξ</strong></span> <span class='ocrx_word' id='word_1_685' title='bbox 1544 5657 1711 5711; x_wconf 76' lang='grc' dir='ltr'>αὑτοῦ</span> <span class='ocrx_word' id='word_1_686' title='bbox 1753 5675 1856 5728; x_wconf 83' lang='grc' dir='ltr'><strong>φυ-</strong></span> 
     </span>
    </p>
   </div>
   <div class='ocr_carea' id='block_1_109' title="bbox 270 5730 860 5809">
    <p class='ocr_par' dir='ltr' id='par_1_109' title="bbox 270 5730 860 5809">
     <span class='ocr_line' id='line_1_109' title="bbox 270 5730 860 5809; baseline 0.019 -26"><span class='ocrx_word' id='word_1_687' title='bbox 270 5730 598 5803; x_wconf 83' lang='grc' dir='ltr'>λαττόμενος</span> <span class='ocrx_word' id='word_1_688' title='bbox 634 5737 860 5809; x_wconf 80' lang='grc' dir='ltr'>βλάϐην.</span> 
     </span>
    </p>
   </div>
   <div class='ocr_carea' id='block_1_110' title="bbox 352 5821 1848 5910">
    <p class='ocr_par' dir='ltr' id='par_1_110' title="bbox 352 5821 1848 5910">
     <span class='ocr_line' id='line_1_110' title="bbox 352 5821 1848 5910; baseline 0.011 -33"><span class='ocrx_word' id='word_1_689' title='bbox 352 5821 414 5878; x_wconf 87' lang='lat'>&#39;0</span> <span class='ocrx_word' id='word_1_690' title='bbox 440 5824 508 5879; x_wconf 83' lang='grc' dir='ltr'>δὲ</span> <span class='ocrx_word' id='word_1_691' title='bbox 536 5825 742 5898; x_wconf 68' lang='grc' dir='ltr'>ἄφρων</span> <span class='ocrx_word' id='word_1_692' title='bbox 768 5829 959 5897; x_wconf 83' lang='grc' dir='ltr'>ἐαυτῷ</span> <span class='ocrx_word' id='word_1_693' title='bbox 983 5835 1296 5904; x_wconf 83' lang='grc' dir='ltr'>πεποιθὼς,</span> <span class='ocrx_word' id='word_1_694' title='bbox 1319 5837 1600 5908; x_wconf 77' lang='grc' dir='ltr'>μίγνυται</span> <span class='ocrx_word' id='word_1_695' title='bbox 1628 5839 1848 5910; x_wconf 76' lang='grc' dir='ltr'>ἀνόμῳ.</span> 
     </span>
    </p>
   </div>
   <div class='ocr_carea' id='block_1_111' title="bbox 1958 5647 3543 5721">
    <p class='ocr_par' dir='ltr' id='par_1_111' title="bbox 1958 5647 3543 5721">
     <span class='ocr_line' id='line_1_111' title="bbox 1958 5647 3543 5721; baseline -0.004 -14"><span class='ocrx_word' id='word_1_696' title='bbox 1958 5668 2017 5708; x_wconf 90' lang='lat' dir='ltr'><strong>se</strong></span> <span class='ocrx_word' id='word_1_697' title='bbox 2043 5650 2304 5721; x_wconf 74' lang='lat' dir='ltr'><strong>disiungit</strong></span> <span class='ocrx_word' id='word_1_698' title='bbox 2319 5649 2386 5704; x_wconf 90' lang='lat' dir='ltr'><strong>ab</strong></span> <span class='ocrx_word' id='word_1_699' title='bbox 2407 5647 2627 5703; x_wconf 85' lang='lat' dir='ltr'><strong>homine</strong></span> <span class='ocrx_word' id='word_1_700' title='bbox 2643 5647 2850 5719; x_wconf 84' lang='lat' dir='ltr'><strong>iniquo,</strong></span> <span class='ocrx_word' id='word_1_701' title='bbox 2871 5663 3070 5703; x_wconf 87' lang='lat' dir='ltr'><strong>cavens</strong></span> <span class='ocrx_word' id='word_1_702' title='bbox 3090 5650 3158 5702; x_wconf 89' lang='lat' dir='ltr'><strong>ab</strong></span> <span class='ocrx_word' id='word_1_703' title='bbox 3179 5648 3298 5717; x_wconf 82' lang='lat' dir='ltr'><strong>ejus</strong></span> <span class='ocrx_word' id='word_1_704' title='bbox 3318 5648 3543 5715; x_wconf 72' lang='lat' dir='ltr'><strong>damno.</strong></span> 
     </span>
    </p>
   </div>
   <div class='ocr_carea' id='block_1_112' title="bbox 2029 5832 3558 5916">
    <p class='ocr_par' dir='ltr' id='par_1_112' title="bbox 2029 5832 3558 5916">
     <span class='ocr_line' id='line_1_112' title="bbox 2029 5832 3558 5916; baseline -0.003 -23"><span class='ocrx_word' id='word_1_705' title='bbox 2029 5839 2232 5894; x_wconf 78' lang='lat' dir='ltr'><strong>Stultus</strong></span> <span class='ocrx_word' id='word_1_706' title='bbox 2273 5837 2373 5893; x_wconf 84' lang='lat' dir='ltr'><strong>sibi</strong></span> <span class='ocrx_word' id='word_1_707' title='bbox 2402 5836 2593 5909; x_wconf 81' lang='lat' dir='ltr'><strong>ﬁdens,</strong></span> <span class='ocrx_word' id='word_1_708' title='bbox 2641 5835 3124 5911; x_wconf 76' lang='lat' dir='ltr'><strong>miscelnr__iniquo.</strong></span> <span class='ocrx_word' id='word_1_709' title='bbox 3169 5832 3272 5904; x_wconf 92' lang='lat' dir='ltr'><strong>Qui</strong></span> <span class='ocrx_word' id='word_1_710' title='bbox 3304 5843 3388 5891; x_wconf 83' lang='lat' dir='ltr'><strong>cst</strong></span> <span class='ocrx_word' id='word_1_711' title='bbox 3421 5834 3558 5916; x_wconf 38' lang='lat' dir='ltr'><strong>sine.</strong></span> 
     </span>
    </p>
   </div>
  </div>
