3900 6228
447 301 586 371 1363

1782 319 2135 382 PROCOPII
2167 321 2413 382 GAZ/EI

3574 330 3688 398 1364

437 431 644 489 mente,
680 437 786 480 non
833 421 964 493 Deo,
1007 426 1110 482 sibi
1158 436 1340 482 autem
1405 430 1652 498 conlidit,
1698 432 1766 488 ab
1803 433 2009 490 homint

2141 435 2199 487 Ὀ
2228 436 2284 490 δὲ
2313 437 2562 508 ἀνόητος,
2586 437 2686 492 ούκ
2722 439 2814 494 ἐπὶ
2840 439 2963 511 Θεῷ
2996 440 3240 514 θαρρῶν,
3268 441 3485 513 anxur
3509 446 3691 520 ἑαυτῷ,

435 515 654 573 divinas
713 517 860 601 leges
911 519 1322 592 perfringente,
1392 522 1446 578 in
1511 525 1823 596 periculum
1887 543 2022 584 con-

435 606 684 677 j‘cit-tur.

507 737 675 797 Vens.
725 742 812 796 17.
849 741 1151 800 Iracundus
1190 763 1310 802 cum
1357 749 1842 808 inconsideratione
1886 752 2017 822 agit.

437 829 542 896 Qui
577 832 685 888 cito
723 833 791 888 ad
823 835 959 890 iram
1000 845 1272 903 movetur,
1303 842 1430 910 quia
1473 858 1581 898 non
1621 843 2019 915 circumspicit.

435 939 556 992 quae
586 925 766 995 poenis
795 926 960 997 digna
991 939 1120 985 sunt
1145 939 1446 1000 perpetrat.

512 1047 609 1102 Vir
634 1051 866 1118 prudens
897 1053 1069 1110 multa
1097 1056 1302 1126 stt/fert.
1341 1056 1446 1126 Qui
1485 1060 1632 1116 vires
1677 1066 1733 1116 et
1779 1069 2016 1116 mentem

431 1138 617 1206 habet,
653 1143 975 1199 considerat
1005 1161 1128 1216 qua:
1169 1149 1383 1219 agenda
1435 1157 1588 1217 sunt,
1621 1150 1890 1222 pleraque
1933 1154 2016 1206 in-

429 1231 780 1299 opinatorum
808 1235 1042 1291 viriliter
1073 1237 1338 1293 sustinet.

499 1357 668 1416 Stulti
696 1363 963 1419 malitiam
994 1365 1097 1420 sibi
1128 1367 1467 1435 dispertiunt.
1500 1367 1827 1424 Sortiuntur
1857 1367 2012 1424 stulti

428 1454 717 1522 malitiam,
748 1457 876 1526 quia
909 1467 1136 1527 propter
1183 1473 1445 1515 sensuum
1496 1460 1805 1526 illecebras,
1839 1475 1900 1516 se
1933 1461 2017 1514 in-

428 1545 606 1602 vicem
645 1547 840 1603 odiunt
879 1556 934 1603 et
971 1549 1040 1604 ab
1074 1549 1309 1604 invicem
1339 1551 1625 1606 odiuntur.

2127 526 2204 598 τῴ
2235 529 2361 592 τοὺς
2395 528 2572 590 θείους
2609 530 2892 585 ἀθετοῦντι
2923 531 3142 604 νόμους,
3193 535 3550 602 ἐπικινδύνως
3581 555 3694 595 συν-

2125 619 2549 692 αναστρέφεται.

2197 749 2281 814 ιζ’.
2329 748 2654 820 Ὀξύθυμος
2687 749 2952 819 πράσσει
2983 752 3138 823 μετὰ
3159 753 3474 822 ἀϐουλίας.
3522 754 3580 810 ’0
3605 774 3692 810 τα-

2121 842 2264 913 χέως
2296 842 2618 914 κινούμενος
2659 845 2741 908 είς
2776 844 2969 917 θυμὸν,
3006 843 3260 917 πράττει·
3285 847 3693 918 ἀπερισκέπτως

2121 935 2189 990 τά
2213 935 2490 1000 κολάσεως
2522 934 2672 1001 ἀξια.

2206 1059 2378 1129 Ἀνὴρ
2411 1060 2480 1114 δὲ
2509 1061 2821 1131 φρόνιμος,
2851 1062 3056 1116 πολλὰ
3084 1062 3397 1132 ὑποφέρει.
3439 1061 3500 1118 '0
3532 1065 3575 1117 δ’
3605 1066 3692 1118 ἀν-

2119 1151 2295 1220 δρεῖος
2319 1151 2414 1204 καὶ
2440 1152 2718 1228 νουνεχής,
2749 1152 3102 1224 λογιζόμενος
3135 1153 3198 1207 τὸ
3224 1154 3526 1225 πρακτέον,
3557 1153 3694 1208 πλεῖ-

2098 1259 2223 1297 ¹στα
2249 1241 2359 1296 τῶν
2377 1242 2695 1313 ἀϐουλήτων
2727 1244 2993 1317 ὑπομένει
3023 1245 3309 1315 γενναίως.

2193 1373 2280 1439 ιη’.
2313 1368 2668 1437 Μεριοῦνται
2691 1368 2950 1440 ἄφρονες
2972 1370 3212 1425 κακίαν.
3251 1367 3688 1439 Ἐπιμερίσονται

2117 1463 2165 1514 oi
2198 1461 2417 1530 ἀνόητοι
2446 1461 2547 1529 τὴν
2579 1453 2802 1530 κακίαν,
2841 1463 2918 1526 ὡς
2954 1461 3044 1516 διά
3083 1463 3151 1516 τὰ
3189 1465 3256 1532 τῇ
3292 1461 3550 1533 αἰσθήσει
3577 1477 3690 1535 τερ.

2117 1553 2248 1620 πνά,
2283 1553 2569 1623 μισοῦντες
2597 1554 2880 1627 ἀλλήλους,
2913 1555 3009 1609 καὶ
3035 1557 3126 1609 ὑπ’
3157 1554 3406 1626 ἀλλήλων
3437 1553 3690 1625 μισούμε-

2117 1662 2220 1699 νοι.

465 1759 698 1815 "Cailidi
771 1763 1007 1818 sensibus
1068 1765 1364 1833 patiuntur.
1436 1761 1742 1819 Prudentes
1806 1777 2003 1820 sensus

2189 1776 2254 1828 Ol
2281 1773 2350 1827 δὲ
2392 1774 2739 1845 πανοῦργοι,
2771 1773 3188 1844 κρατήσουσιν
3223 1772 3588 1839 αίσθήσεως.
3630 1769 3689 1823 Οἱ

424 1850 582 1920 juxta
621 1851 889 1909 rationem
925 1853 1256 1910 submittunt
1289 1872 1302 1909 :
1335 1861 1388 1910 et
1417 1854 1521 1910 sibi
1563 1856 1908 1928 congenitum
1952 1863 2009 1910 et

428 1944 804 2000 consociatum
837 1945 1091 2017 diligent.

500 2068 668 2126 Vsus.
701 2071 791 2128 19.
821 2071 1024 2128 Cadent
1057 2073 1190 2128 mali
1222 2089 1404 2127 coram
1440 2073 1625 2144 iustis.
1656 2073 1716 2128 In
1750 2072 1890 2130 facie
1919 2087 2012 2128 eo-

429 2176 550 2215 rum
586 2163 681 2232 qui
711 2178 819 2219 non
849 2164 1151 2220 vincuntur
1185 2180 1215 2219 a
1249 2167 1392 2220 malo
1421 2165 1516 2221 sed
1547 2166 1773 2221 vincunt
1805 2165 2008 2220 malum

429 2253 486 2307 in
521 2251 685 2320 bono,
727 2254 1014 2311 offendunt
1040 2255 1142 2316 illi.
1172 2255 1262 2324 qui
1303 2271 1534 2327 propere
1558 2257 1612 2310 in
1640 2256 1831 2310 vitium
1881 2271 2009 2309 cur-

431 2351 596 2410 runt;
629 2346 862 2401 aliorum
893 2348 1040 2403 enim
1069 2348 1332 2404 virtutem
1363 2347 1720 2405 erubescunt.

499 2568 566 2624 Et
592 2571 744 2640 impii
767 2571 837 2625 ad
854 2581 1036 2640 portas
1053 2571 1324 2642 justorum
1350 2571 1676 2626 ministrant.
1702 2568 1804 2636 Qui
1839 2569 2008 2625 Deum

427 2678 526 2732 per
576 2665 721 2720 bona
764 2679 935 2735 opera
983 2681 1090 2721 non
1146 2665 1440 2730 honorant,
1480 2664 1655 2735 portis
1699 2662 2007 2726 hominum,

427 2756 548 2812 sine
593 2755 902 2813 oﬂ'ensione
950 2758 1291 2821 viventium,
1337 2757 1677 2823 inserviunt;
1735 2755 1811 2810 ibi
1868 2754 2010 2810 insi-

427 2847 578 2915 dent,
613 2851 714 2906 hos
769 2858 949 2906 autem
981 2849 1299 2923 .eﬂlagitant
1345 2857 1403 2904 ut
1450 2851 1552 2906 sibi
1599 2848 1786 2904 divina
1839 2849 2010 2918 impe-

428 2948 593 2996 trem.

499 3065 666 3122 Vens.
709 3030 802 3122 2i).
856 3067 1028 3120 Amici
1075 3067 1252 3121 odient
1302 3066 1498 3120 amicos
1547 3078 1823 3134 pauperes.
1879 3060 2005 3128 Qui,

426 3163 653 3227 propter
712 3156 1104 3231 substantiam,
1151 3153 1419 3226 quosdam
1477 3153 1732 3224 diligunt,
1783 3148 2005 3206 eosdem

426 3249 735 3320 deSpiciunt
764 3263 891 3304 cum
923 3247 1134 3304 divitiis
1164 3247 1494 3304 exciderint.

497 3357 670 3412 Amici
699 3356 923 3412 divitum
958 3355 1130 3412 multi.
1161 3355 1318 3426 Apud
1351 3368 1491 3426 quos
1522 3359 1748 3409 manent
1779 3349 2006 3414 divitiae,

429 3449 561 3515 hos,
601 3448 864 3503 utilitatis
917 3462 1122 3513 causa,
1171 3453 1359 3501 amant
1415 3445 1598 3501 multi.
1641 3444 1816 3500 Aliter
1859 3460 1872 3498 :
1913 3440 2010 3512 qui

428 3548 650 3612 propter
683 3541 992 3611 passiones,
1037 3539 1326 3610 spiritibus
1349 3537 1566 3614 pmlesti
1600 3536 1772 3607 gloria
1805 3541 1859 3590 et
1895 3533 2010 3604 spi-

425 3634 612 3688 rituali
666 3633 951 3704 opulentia
1003 3631 1268 3703 deiectis,
1319 3630 1650 3694 inserviunt,
1696 3627 1765 3681 ab
1811 3625 2007 3696 iisdem

428 3723 722 3789 recedent;
760 3720 1029 3793 permittit
1079 3721 1252 3788 Deus,
1310 3730 1404 3785 ut,
1455 3719 1522 3774 ad
1576 3716 2006 3789 redemptionem

427 3821 780 3883 peccatorum
811 3827 940 3885 erga
971 3813 1220 3882 spiritus,
1253 3811 1629 3884 castigentur;
1664 3816 1852 3864 amant
1883 3823 2011 3865 san-

429 3912 551 3961 etos
583 3902 811 3973 angelos
843 3903 986 3974 apud
1022 3917 1161 3974 quos
1195 3902 1367 3972 gloria
1412 3908 1599 3955 manet
1631 3905 1687 3955 et
1720 3912 1830 3954 non
1876 3898 2011 3954 levis

426 3994 616 4066 gratiae
655 3994 952 4050 thesaurus
983 4015 995 4048 :
1031 3993 1100 4050 ab
1145 3993 1230 4048 his
1273 3991 1609 4062 adjuvantur
1642 3998 1696 4044 et
1727 3989 1794 4044 ad
1836 3989 2007 4043 Deum

429 4095 802 4144 revertuntur.

495 4289 659 4344 Vsus.
703 4287 796 4342 Ἦ.
848 4285 954 4353 Qui
1001 4285 1218 4354 despicit
1281 4300 1600 4355 pauperem,
1649 4293 1853 4353 peccat.
1901 4282 2008 4349 Qui

423 4379 508 4435 vel
538 4395 703 4436 uuum
745 4379 801 4435 in
833 4379 1131 4450 indigentia
1172 4377 1490 4442 viventium,
1521 4375 1847 4441 contemnit,
1877 4375 2007 4430 irri-

420 4470 590 4526 tando
619 4471 814 4538 Deum,
846 4470 913 4525 ad
947 4469 1152 4526 bonum
1189 4484 1299 4524 non
1331 4467 1574 4539 attingit.

495 4576 599 4643 Qui
640 4580 920 4633 miseretur
946 4593 1258 4647 pauperum,
1286 4577 1649 4633 beatissimus.
1681 4573 1788 4642 Qui
1828 4572 2006 4629 vicem

423 4671 694 4736 omnium,
725 4667 948 4724 fortuna
968 4667 1367 4735 decidentium,
1399 4670 1568 4736 dolet,
1604 4667 1716 4724 Deo
1745 4671 1832 4722 est
1862 4664 2008 4720 mul-

422 4771 538 4818 tum
574 4761 952 4834 acceptabilis.
1720 4766 1727 4772 ‘

496 4871 662 4930 Vsus.
698 4872 790 4928 εει.
826 4869 1085 4926 Errantes
1112 4872 1319 4942 injusti,
1351 4872 1619 4941 fabricant
1651 4871 1817 4926 mala.
1845 4869 2008 4924 Tem-

419 4967 705 5038 poralibus
735 4964 972 5036 decepti,
1003 4966 1096 5036 qui
1129 4978 1237 5020 non
1269 4964 1573 5020 secundum
1609 4965 1756 5034 leges
1789 4962 2005 5018 divinas

419 5064 842 5123 eonversantur,
881 5071 1048 5128 opera
1080 5055 1388 5128 iniquitatis
1417 5054 1729 5127 perﬁciunt.

490 5277 923 5336 Misericordiam
952 5290 1001 5336 et
1036 5280 1310 5334 veritatem
1351 5278 1621 5349 fabricant
1662 5277 1808 5330 boni.
1835 5273 1999 5329 Mise-

419 5373 718 5428 ricordiam
743 5389 874 5446 erga
891 5375 1210 5446 congenitos
1227 5381 1281 5429 et
1298 5371 1586 5429 scientiam
1609 5368 1856 5426 veritatis
1881 5382 2003 5437 quae

2111 1866 2169 1920 δὲ
2199 1865 2455 1937 φρόνιμοι
2479 1867 2621 1920 κατὰ
2641 1864 2798 1934 λόγον
2818 1866 2916 1938 τὴν
2938 1867 3192 1938 αἴσθησιν
3221 1864 3582 1931 ὑποτάξουσι·
3606 1862 3688 1914 καὶ

2113 1957 2175 2011 τὸ
2201 1957 2460 2026 συγγενὲς
2479 1957 2573 2010 καὶ
2599 1956 2871 2027 ὁμόφυλον
2898 1957 3304 2029 ἀγαπήσουσιν.

2188 2085 2270 2140 ιθ’.
2319 2082 2755 2151 Ὀλισθήσουσι
2779 2083 2952 2139 κακοὶ
2981 2083 3188 2139 ἔναντι
3217 2080 3483 2152 ἀγαθῶν.
3520 2081 3687 2148 Προσ-

2111 2177 2402 2250 κρούουσιν
2442 2180 2491 2231 oi
2524 2177 2691 2244 ὀξέως
2724 2179 2805 2242 είς
2834 2175 3034 2232 κακίαν
3068 2175 3372 2247 τρέχοντες,
3409 2173 3686 2228 κατέναντι

2109 2272 2219 2326 τῶν
2269 2271 2344 2344 μὴ
2395 2270 2716 2342 νικωμένων
2772 2271 2879 2324 ὑπὸ
2931 2268 3025 2324 τοῦ
3082 2266 3278 2333 κακοῦ,
3320 2266 3461 2321 ἀλλά
3503 2263 3686 2318 νικών-

2110 2380 2219 2416 των
2245 2364 2304 2416 ὲν
2327 2361 2406 2434 τῷ
2436 2361 2629 2434 ἀγαθῷ
2657 2361 2716 2416 τὸ
2740 2361 2931 2430 κακὸν,
2958 2359 3058 2432 τὴν
3085 2357 3294 2413 τούτων
3321 2357 3528 2429 ἀρετὴν
3557 2353 3686 2408 αἰδε-

2112 2455 2353 2519 σθέντες.

2181 2578 2289 2634 Καὶ
2311 2577 2549 2646 ἀσεϐεῖς
2575 2578 2975 2648 θεραπεύουσι
3004 2577 3188 2646 θύρας
3212 2575 3481 2630 δικαίων.
3513 2571 3618 2627 Καὶ
3641 2571 3682 2623 ol

2114 2671 2190 2743 μὴ
2209 2672 2276 2726 δι’
2293 2671 2662 2744 ἀγαθοεργίας
2690 2671 2955 2743 τιμῶντες
2975 2669 3130 2737 Θεὸν,
3164 2669 3364 2732 πύλαις
3386 2663 3681 2721 δουλεύουσι

2110 2766 2219 2819 τῶν
2243 2764 2678 2835 πολιτευομένων
2707 2765 2814 2834 ἁμέ
2823 2762 3488 2835 μπτως,-παρεδρεύοντες
3513 2761 3570 2813 ὲν
3593 2756 3678 2811 αύ-

2110 2858 2252 2924 ταῖς,
2290 2855 2388 2910 καὶ
2428 2855 2654 2920 τούτους
2698 2854 3148 2924 ὲκλιπαοοῦντες,
3177 2854 3255 2918 ὡς
3295 2853 3371 2910 ἀν
3408 2851 3595 2914 αὐτοῖς
3629 2847 3679 2901 τὸ

2109 2947 2265 3002 Θεῖον
2299 2946 2719 3014 ἐξιλεώσωνται.

2185 3081 2253 3128 κ’.
2305 3074 2474 3128 Φίλοι
2518 3075 2864 3143 μισήσουσι
2909 3075 3127 3144 φίλους
3172 3075 3472 3143 πτωχούς.
3515 3072 3572 3126 Οί
3601 3068 3675 3123 διὰ

2112 3165 2215 3236 χρή
2227 3180 2370 3233 ματα
2411 3163 2737 3232 ἀγαπῶντές
2771 3180 2947 3230 τινας,
2979 3164 3418 3235 ἀποστρέφονται
3446 3161 3670 3221 τούτους,

2110 3253 2539 3319 ἐκπεπτωκότας
2569 3253 2771 3310 αὐτῶν.

2181 3367 2350 3422 Φιλοι
2378 3365 2448 3420 δὲ
2475 3345 3064 3420 πλουσιωνπολλοί.
3097 3356 3193 3427 Οἷς
3233 3362 3291 3417 δὲ
3325 3361 3624 3434 παραμένει
3651 3356 3674 3410 ὁ

2111 3456 2360 3524 πλοῦτος,
2405 3455 2633 3521 τούτους
2684 3453 2941 3525 ἀγαπῶσι
2986 3453 3076 3508 διὰ
3117 3455 3184 3508 τὰ
3213 3454 3452 3525 χρειώδη
3485 3447 3668 3505 πολλοί.

2115 3550 2186 3602 Ἦ
2215 3551 2308 3602 καὶ
2357 3546 2560 3611 ἄλλωςο
2599 3548 2652 3600 οἱ
2695 3547 2785 3601 διὰ
2826 3542 3015 3600 παθῶν
3061 3545 3462 3616 θεραπεύοντες
3489 3542 3556 3597 τὰ
3586 3540 3672 3610 τῆς

2107 3640 2315 3696 ἄνωθεν
2332 3637 2492 3711 δόξης
2520 3639 2616 3693 καὶ
2641 3638 2738 3692 τοῦ
2767 3639 3140 3711 πνευματικοῦ
3163 3638 3395 3693 πλούτου
3419 3641 3671 3694 ἐκπεπτω-

2109 3731 2246 3786 κότα
2269 3732 2369 3801 τῆς
2393 3730 2655 3803 πονηρίας
2686 3731 2996 3802 πνεύματα,
3020 3729 3460 3806 ἀποστρέφονται
3486 3729 3668 3789 ταῦτα,

2111 3825 2460 3898 συγχωρήσει
2507 3824 2645 3878 Θεοῦ
2695 3824 2787 3878 ὑπ’
2841 3825 3023 3879 αὐτῶν
3071 3825 3498 3896 τιμωρούμενοι,
3553 3819 3668 3890 πρὸς

2107 3918 2320 3973 ἔκτισιν
2347 3917 2458 3971 τῶν
2486 3917 2894 3989 ἡμαρτημένων
2925 3917 3108 3982 αὐτοῖς
3131 3933 3145 3949 ⁸
3179 3917 3444 3986 ἀγαπῶσι
3477 3916 3531 3968 δὲ
3564 3912 3669 3970 τοὺς

2109 4010 2297 4079 ἁγίους
2326 4010 2616 4079 ἀγγέλους,
2643 4003 2726 4074 οἷς
2750 4011 2782 4080 ἡ
2807 4009 2934 4075 δόξα
2960 4010 3056 4064 καὶ
3081 4010 3109 4062 ὁ
3130 4008 3362 4072 πλοῦτος
3387 4002 3665 4079 παραμένει

2079 4104 2208 4188 ,τῆς
2233 4102 2456 4174 χάριτος
2475 4102 2536 4156 οὐ
2565 4102 2770 4174 βραχύς
2792 4118 2808 4134 ο
2839 4102 2968 4175 παρ’
2987 4103 3169 4158 αὐτῶν
3197 4101 3393 4174 βοηθού
3403 4117 3567 4174 μενοι,
3591 4092 3666 4148 καὶ

2109 4194 2247 4264 πρὸς
2273 4194 2406 4250 Θεὸν
2439 4195 2883 4266 ἐπιστρέφοντες.

2179 4307 2288 4356 κα’.
2334 4300 2398 4354 '0
2417 4299 2708 4370 ἀτιμάζων
2727 4303 2976 4371 πένητα,
2999 4301 3346 4372 ἁμαρτάνει.
3383 4303 3443 4356 '0
3463 4298 3548 4355 καὶ
3566 4293 3662 4392 ἑνὸς

2111 4394 2468 4465 καταφρονῶν
2507 4393 2618 4449 τῶν
2641 4391 2931 4458 συζώντων
2964 4395 3161 4465 ἐνδείᾳ,
3196 4395 3558 4465 ἀποτυγχάνει
3581 4391 3657 4440 τοῦ

2035 4471 2082 4526 D
2110 4486 2300 4555 καλοῦ,
2325 4485 2674 4559 παροργίζων
2699 4485 2852 4541 Θεόν.

2195 4595 2258 4648 '0
2301 4592 2489 4649 ἐλεῶν
2524 4593 2821 4663 πτωχοὺς,
2855 4594 3252 4663 μακαριστός.
3310 4593 3368 4648 '0
3395 4592 3454 4646 δὲ
3483 4589 3658 4643 πάντας

2107 4685 2394 4758 οἰκτείρων
2432 4687 2561 4748 τοὺς
2592 4685 2687 4739 τοῦ
2723 4685 2957 4740 πλούτου
2989 4687 3388 4754 άποπεσόντας,
3431 4679 3656 4740 εὐαπόδε-

2109 4796 2236 4844 κτος
2256 4780 2494 4853 ὑπάρχει
2523 4777 2664 4850 Θεῷ.

2178 4885 2284 4956 κβθ.
2341 4884 2728 4956 Πλανὼμενοι
2785 4885 2999 4953 ἄδικοι,
3066 4887 3450 4942 τεκταίνουσι
3507 4874 3649 4936 κακά.

2118 4977 2498 5049 Ἀπατώμενοι
2539 4978 2654 5040 τοῖς
2695 4978 3057 5051 προσκαίροις
3106 4979 3156 5032 οἱ
3202 4979 3276 5050 μὴ
3317 4979 3459 5033 κατά
3492 4974 3651 5044 νόμους

2107 5069 2286 5132 θείους
2321 5066 2750 5138 πολιτευόμενοι,
2800 5067 2870 5122 τὰ
2925 5067 3064 5139 ἔργα
3109 5067 3524 5139 διαπράττονται
3572 5059 3649 5126 τῆς

2104 5161 2357 5234 ἀνομίας.

2182 5273 2402 5326 Ἕλεον
2443 5268 2512 5323 δὲ
2542 5269 2640 5324 καὶ
2671 5269 2960 5338 ἀλήθειαν
2993 5270 3417 5324 τεκταίνουσιν
3453 5255 3642 5336 ἀγαθοί·

2104 5363 2209 5417 Τὸν
2235 5363 2292 5416 δὲ
2320 5362 2460 5434 πρὸς
2492 5362 2618 5425 τοὺς
2641 5363 2903 5431 ὁμοφυεῖς
2931 5359 3082 5414 ἔλεον
3121 5359 3215 5414 καὶ
3245 5361 3344 5431 τὴν
3374 5356 3643 5423 ἐπιστήμην

419 5463 547 5518 ﬁnis
579 5463 1090 5534 cognoscendorum
1123 5472 1230 5531 est,
1251 5469 1583 5534 praeparant,
1618 5475 1715 5531 per
1736 5473 1930 5514 omnes
1950 5466 2005 5513 et

2131 5455 2203 5526 τῆς
2250 5453 2531 5526 ἀληθείας,
2579 5454 2616 5524 ἢ
2664 5453 2820 5516 τέλος
2867 5453 2986 5506 ἐστὶ
3031 5451 3142 5506 τῶν
3179 5451 3456 5520 γνωστῶν,
3506 5455 3642 5534 tta-73'

421 5553 747 5623 appetitivas
785 5561 840 5610 et
883 5553 1212 5610 theoreticas
1258 5553 1569 5620 facultates,
1621 5549 2003 5610 sanctissimas

425 5641 518 5697 Dei
541 5641 849 5699 voluntates
875 5643 1250 5700 observando.

2107 5548 2432 5613 σκευάζουσι
2479 5546 2567 5600 διὰ
2612 5546 2802 5600 πασῶν
2849 5546 2959 5600 τῶν
2999 5544 3300 5618 ὀρεκτικῶν
3341 5562 3399 5599 τε
3438 5541 3522 5597 καὶ
3558 5531 3643 5586 τῶν

2106 5639 2456 5711 θεωρητικῶν
2485 5638 2790 5709 δυνάμεων,
2823 5640 2874 5694 οἱ
2895 5639 2964 5695 τά
2989 5638 3280 5708 πανάγαθα
3306 5636 3402 5692 τοῦ
3423 5630 3543 5691 Θεοῦ
3563 5639 3639 5691 τη·

2108 5729 2331 5802 ρυῦντες
2363 5731 2666 5800 θελήματα.
