3900 6228
463 335 593 400 Ῑ3ὃῖ

1761 337 2114 403 PROCOPII
2144 339 2386 402 GAZXEI

3585 357 3694 427 1368

452 454 701 509 venerint
732 450 800 506 ad
831 453 1012 524 ipsum
1051 459 1105 508 et
1128 453 1253 518 alte,
1281 468 1379 524 per
1413 454 1596 521 (idem,
1623 469 1818 512 verum
1864 455 2035 512 Deum

2176 458 2552 530 προσελθόντων
2577 460 2726 534 αὐτῷ
2764 464 2857 519 καὶ
2877 465 3067 522 τοῦτον
3088 468 3570 542 ἀνακηρυττόντων
3592 478 3702 533 Θεὸν

451 543 919 598 denuntiaverint.

525 669 594 724 In
641 669 848 740 defectu
914 669 1116 738 populi,
1162 667 1406 738 confusio
1463 669 1710 738 potentis.
1771 668 1907 726 Cum
1961 679 2046 742 ty-

450 777 660 817 rannus
692 763 786 818 ille
833 761 1146 816 animarum
1207 768 1524 816 nostrarum
1579 770 1633 817 et
1687 762 1888 826 hostis,
1930 762 2037 818 hoc

452 855 614 910 modo
635 854 994 909 t'rustrabitur
1017 861 1170 909 tanta
1207 853 1588 922 multitudine,
1609 869 1773 925 quam
1799 870 1896 925 per
1931 855 2046 910 ido-

455 947 727 1002 lolatriam
775 947 1139 1017 acquisierat,
1195 977 1267 988 --
1320 947 1494 1017 gloria
1549 946 1673 1019 ejus
1730 946 2044 1017 subiacebit

450 1055 652 1095 l‘lllllls.

519 1165 688 1222 Vens.
717 1166 810 1222 29.
843 1165 938 1222 Vir
977 1167 1321 1238 longanimis,
1359 1168 1557 1222 mullus
1613 1169 1670 1222 in
1711 1176 1903 1223 mente.
1936 1167 2042 1235 Qui

452 1259 758 1314 secundum
803 1259 1074 1315 rationem
1120 1261 1335 1316 animos
1376 1259 1562 1316 domat
1580 1269 1635 1316 et
1663 1261 1920 1317 dolorosa
1951 1276 2044 1331 ge-

453 1364 654 1404 nerose
695 1348 908 1415 suffert,
944 1350 1038 1420 qui
1072 1350 1572 1422 circumspicienda
1625 1351 1758 1407 facit
1789 1363 1845 1408 et
1906 1353 2043 1408 dicit

453 1441 600 1511 quod
631 1448 875 1511 oportet,
905 1441 998 1498 ille
1021 1441 1316 1500 manifeste
1343 1452 1582 1500 mentem
1622 1444 1809 1502 habet.

526 1569 939 1637 Pusillanimus,
961 1571 1117 1626 valde
1147 1589 1352 1630 amens.
1381 1573 1484 1640 Qui
1532 1581 1756 1644 propter
1776 1572 2040 1644 pusillum

457 1662 700 1717 animum
740 1663 848 1718 cito
880 1665 933 1719 in
954 1665 1094 1719 iram
1130 1665 1377 1732 effertur,
1409 1681 1547 1737 quas
1572 1682 1682 1722 non
1715 1673 1934 1737 Oportet
1959 1665 2042 1721 fa-

454 1759 530 1812 cit
553 1767 607 1812 et
641 1757 796 1825 dicit,
822 1760 912 1814 hic
936 1770 1023 1816 est
1047 1774 1259 1816 amens.

527 1885 691 1944 Vens.
718 1888 808 1943 50.
832 1887 983 1944 Mitis
1011 1889 1114 1954 vir,
1140 1888 1314 1944 cordis
1336 1889 1586 1944 medicus.
1605 1888 1708 1955 Qui
1732 1887 1918 1944 animo
1944 1903 2052 1943 non

456 1979 734 2047 turbatur,
768 1996 960 2036 eorum
981 1995 1171 2046 causa,
1199 1981 1403 2051 quibus
1429 1983 1570 2036 alius
1601 1982 1656 2036 in
1684 1981 1863 2051 ipsum
1895 1981 2054 2035 aﬂ'er-

457 2081 569 2138 tur,
598 2074 694 2130 sed
737 2074 887 2130 illata
916 2075 1021 2131 sibi
1071 2075 1308 2130 viriliter
1337 2066 1647 2146 perpetitur
1687 2081 1742 2129 et
1792 2073 2053 2129 adversa-

459 2163 604 2217 rium
651 2167 893 2220 suaviter
925 2165 1078 2230 adiit,
1109 2180 1210 2235 per
1278 2179 1434 2220 suam
1489 2164 1845 2220 tolerantiam
1889 2171 2050 2220 sanat

460 2254 730 2309 turbitam
771 2254 1012 2309 animam
1048 2255 1300 2312 alterius.

538 2490 702 2550 Tinea
755 2495 980 2561 ossium,
1018 2510 1109 2547 cor
1159 2494 1424 2549 sensibile.
1463 2491 1620 2548 Sicut
1670 2489 1862 2549 teredo
1917 2506 2046 2548 ossa

461 2588 728 2654 corrodit,
761 2588 839 2642 ita
871 2600 989 2651 cor,
1015 2585 1162 2657 quod
1198 2595 1400 2656 praesto
1433 2593 1519 2642 est
1545 2585 1803 2642 sensibus
1858 2584 2046 2655 (modo

460 2677 722 2746 iucundis
775 2675 1149 2749 superefﬂuet,
1177 2675 1342 2732 modo
1395 2677 1609 2734 doloris
1663 2677 2042 2747 exturbatur),

463 2770 736 2829 ﬁrmiores
787 2773 984 2828 anima:
1029 2772 1326 2843 potentias,
1355 2772 1409 2827 in
1436 2771 1789 2844 passionibus
1835 2779 2047 2826 naturae

465 2862 758 2934 disperdit.

540 3084 648 3150 Qui
692 3084 1052 3137 calumniatur
1107 3099 1411 3153 pauperem,
1453 3091 1734 3153 exasperat
1791 3083 2046 3154 [actorem

470 3265 649 3333 fenso,
673 3279 772 3321 sua
803 3263 1024 3336 propria
1043 3263 1175 3322 vitia
1204 3264 1415 3336 objicit,
1436 3265 1679 3322 ﬁctorem
1713 3266 1853 3338 ejus,
1880 3265 2049 3322 Deum

470 3365 758 3430 provocat.

542 3490 650 3556 Qui
677 3490 903 3546 honorat
932 3490 1120 3558 Deum,
1155 3493 1432 3548 miseretur
1488 3495 1758 3565 pauperis.
1793 3493 1920 3562 Qui,
1952 3495 2054 3550 bo-

474 3583 562 3638 nis
591 3583 875 3654 Operibus,
909 3582 1124 3639 Patrem
1151 3584 1205 3639 in
1231 3584 1388 3641 cmlis
1427 3584 1897 3652 honorat,.rerum
1929 3587 2054 3642 ino-

473 3689 595 3743 pem
622 3673 782 3730 deﬂct
815 3681 892 3740 et,
918 3676 973 3730 in
1002 3687 1269 3745 quantum
1298 3677 1498 3749 potest,
1534 3677 1781 3748 adjuvat.

521 3890 715 3948 'Vsns.
749 3892 838 3949 32.
860 3893 924 3949 In
957 3895 1163 3951 malitia
1187 3913 1311 3963 sua,
1334 3897 1524 3966 peribit
1561 3898 1779 3967 impius.
1811 3897 1871 3952 In
1922 3912 2049 3968 pro-

474 3986 615 4056 pria,
649 3993 704 4040 et
725 4001 836 4040 non
868 3986 922 4040 in
951 3994 1169 4056 patrum
1203 3989 1288 4043 vel
1316 3989 1550 4044 ﬁliorum
1585 3990 1795 4046 malitia
1827 3989 2052 4060 peribit,

473 4077 568 4147 qui
606 4075 773 4132 Deum
809 4089 906 4147 per
955 4077 1100 4134 bona
1131 4093 1297 4150 opera
1328 4095 1435 4136 non
1465 4081 1721 4136 honorat.
1757 4081 1862 4148 Qui
1912 4081 2056 4136 ﬁlio-

435 4195 444 4203 μ
476 4183 599 4222 rum
633 4175 687 4223 et
723 4167 993 4232 omnium,
1023 4168 1126 4224 sub
1155 4183 1320 4224 manu
1347 4169 1841 4243 ejusdegentium,
1864 4186 2054 4227 curam

2145 549 2402 620 ἀληθινόν
2430 551 2518 608 διὰ
2549 553 2816 620 πίστεως.

2229 675 2422 731 Ἐν·δέ
2452 677 2721 748 ἐκλείψει
2742 681 2920 748 λαοῦ,
2950 689 3250 757 συντριὸὴ
3271 679 3602 747 δυνάστου.
3633 695 3706 748 Ἐν

2145 769 2202 824 δὲ
2225 771 2302 840 τῷ
2328 772 2472 826 οὕτω
2507 770 2854 848 ζημιωθῆναι
2882 777 2974 833 τὸν
3002 779 3266 852 τύραννον
3306 786 3415 838 τῶν
3447 788 3706 859 ἡμετέρων

2143 863 2334 935 ψυχῶν
2364 866 2458 919 καὶ
2490 868 2768 938 πολέμιον,
2795 869 2857 923 τὸ
2879 871 3121 928 τοιοῦτον
3151 876 3356 946 πλῆθος
3382 878 3412 931 ὅ
3435 879 3502 932 δι’
3526 880 3710 936 εἰδωλο-

2145 957 2404 1029 λατρείας
2433 957 2778 1034 ἐκτήσατο,ή
2813 962 2940 1030 δόξα
2977 964 3145 1019 αὐτοῦ
3171 969 3251 1031 είς
3286 967 3417 1040 χοῦν
3455 986 3710 1045 κατασκην·

2146 1067 2334 1104 νωσει.

2220 1177 2323 1232 κθ’.
2355 1144 2758 1250 Μακρόθυμος
2791 1182 2968 1251 ἀνὴρ,
3006 1187 3203 1254 πολὺς
3225 1187 3298 1241 ἐν
3323 1191 3632 1258 φρονήσει.
3665 1189 3713 1244 Ὃ

2145 1271 2287 1324 κατά
2324 1271 2482 1340 λόγον
2518 1274 2735 1345 κρατῶν
2765 1277 2860 1330 τοῦ
2888 1277 3086 1349 θυμοῦ,
3123 1282 3216 1334 καὶ
3254 1283 3524 1346 γενναίως
3557 1285 3715 1354 φέρων

2143 1362 2213 1416 τά
2244 1364 2488 1434 ἀλγεινὰ,
2546 1368 2684 1438 μετὰ
2724 1370 3108 1440 περισκέψεως
3137 1373 3308 1431 ποιῶν
3353 1376 3454 1430 καὶ
3495 1376 3659 1444 λέγων
3687 1377 3715 1430 a

2141 1453 2243 1520 δεῖ,
2278 1459 2577 1529 περιφανὲς
2609 1461 2877 1532 κέκτηται
2907 1463 3190 1535 φρόνημα.

2225 1585 2289 1640 '0
2334 1587 2404 1641 δὲ
2437 1589 2832 1660 ὀλιγόψυχος,
2879 1593 3141 1664 ἰσχυρῶς
3185 1595 3416 1666 ἄφρων.
3463 1597 3522 1651 Ὅ
3552 1598 3606 1652 δὲ
3645 1597 3716 1651 διὰ

2146 1679 2515 1751 μικροψυχίαν
2561 1683 2772 1752 ταχέως
2821 1684 3194 1757 ἐκφερόμενος
3240 1691 3322 1752 εἰς
3369 1689 3565 1760 θυμὸν,
3597 1689 3630 1744 ἃ
3657 1690 3717 1760 μὴ

2078 1809 2125 1865 Β
2151 1771 2234 1826 δεῖ
2260 1773 2430 1828 ποιῶν
2461 1791 2522 1827 τε
2549 1775 2643 1828 καὶ
2666 1775 2863 1845 λέγων,
2886 1778 3077 1850 ἄφρων
3106 1781 3276 1835 ἐστίν.

2230 1897 2297 1953 λ’.
2326 1899 2682 1969 Πραῢθυμος
2703 1899 2880 1969 ἀνὴρ,
2919 1902 3167 1972 καρδίας
3193 1905 3415 1972 ἰατρός.
3463 1904 3524 1958 Ὀ
3554 1903 3624 1974 μὴ
3644 1907 3720 1958 έκ-

2157 1991 2571 2062 ταρασσόμενος
2596 1991 2674 2062 τῷ
2702 1991 2859 2064 θυμῷ
2885 1995 2944 2048 ἐν
2969 1988 3050 2058 οἷς
3071 2013 3156 2059 τις
3179 1997 3478 2066 ἐκφέρεται
3507 1997 3622 2050 κατ’
3644 1995 3721 2049 αὐ-

2156 2082 2275 2146 τοῦ,
2310 2081 2450 2135 ἀλλά
2477 2083 2743 2152 γενναίως
2774 2085 2956 2155 φέρων
3004 2085 3072 2139 τὰ
3111 2089 3240 2155 παρ’
3269 2086 3440 2140 αὐτοῦ
3465 2085 3611 2157 αὐτῷ
3637 2087 3714 2138 ἐπ-

2155 2175 2452 2248 ερχόμενα,
2489 2177 2585 2230 καὶ
2610 2178 2835 2247 πραέως
2865 2177 3026 2232 αὑτὸν
3067 2179 3492 2250 μετερχόμενος,
3522 2179 3610 2233 διὰ
3637 2179 3717 2246 τῆς
3815 2175 3821 2250 γ

2159 2269 2295 2332 ίδίας
2320 2268 2694 2334 ἀνεξικακίας,
2733 2271 2837 2340 τὴν
2875 2271 3292 2343 τεταραγμένην
3326 2271 3543 2325 ἐκείνου
3575 2269 3716 2344 θερα-

2155 2360 2316 2416 πεύει
2341 2361 2545 2434 ψυχήν.

2225 2489 2350 2560 Σὴς
2396 2489 2466 2543 δὲ
2508 2491 2760 2560 ὀστέων,
2799 2491 3014 2560 καρδία
3061 2492 3405 2562 αἰσθητικὴ.
3437 2493 3640 2564 Ὥσπερ
3671 2491 3714 2545 δέ

2155 2601 2241 2648 τις
2290 2582 2509 2656 σκώληξ
2575 2583 2967 2655 διαϐιϐρώσκει
3025 2587 3192 2650 ὀστᾶ,
3248 2585 3394 2641 οὕτω
3453 2585 3642 2654 καρδία
3688 2586 3712 2654 ἡ

2154 2675 2390 2746 ἑτοίμως
2452 2674 2575 2727 κατ’
2619 2673 2870 2745 αἴσθησιν
2918 2677 3032 2738 τοῖς
3089 2675 3190 2745 μὲν
3259 2675 3412 2746 ἡδέσι
3462 2674 3714 2746 διαχεομέο

2154 2784 2242 2836 νη,
2277 2756 2408 2831 τοῖς
2429 2766 2474 2820 δ’
2502 2766 2770 2835 ἀλγεινοῖς
2811 2767 3280 2840 ἐκταραττομένη,
3311 2769 3414 2832 τὰς
3446 2766 3713 2828 τονωτικάς

2152 2859 2254 2929 τῆς
2279 2859 2459 2930 ψυχῆς
2510 2859 2770 2931 δυνάμεις
2797 2861 2878 2924 είς
2909 2861 2978 2913 τὰ
3005 2861 3155 2932 παρά
3173 2861 3338 2930 φύσιν
3367 2859 3520 2932 πάθη
3544 2875 3711 2912 καταν-

2154 2951 2392 3006 αλίσκει.

2223 3083 2327 3137 λα’.
2387 3084 2451 3136 '0
2497 3082 2903 3154 συκοφαντῶν
2952 3084 3205 3152 πένητα,
3262 3086 3590 3154 παροξύνει
3629 3083 3712 3136 τὸν

466 3171 608 3242 ejus.
636 3170 738 3238 Qui
780 3171 986 3226 homini
1018 3187 1234 3242 semper
1255 3171 1544 3243 indigenti,
1579 3182 1840 3244 tanquam
1890 3173 2047 3228 inde-

2176 3176 2496 3241 ιοιήσαντα
2515 3177 2723 3230 αὐτόν.
2765 3175 2823 3229 '0
2849 3176 2928 3247 τῷ
2952 3178 3040 3229 ἀεὶ
3061 3177 3252 3244 ἐνδεεῖ,
3275 3177 3350 3242 ὡς
3371 3174 3711 3249 ἀπροστατεύ-

2153 3285 2254 3340 τῳ,
2277 3268 2611 3339 προσάπτων
2659 3267 2732 3321 τὰ
2779 3266 2976 3321 ἑαυτοῦ
3007 3269 3334 3340 αἰτιάματα,
3378 3270 3476 3323 τὸν
3505 3267 3710 3337 πλάστην

2155 3359 2323 3414 αὑτοῦ
2358 3359 2686 3432 παροργίζει
2711 3359 2861 3414 Θεόν.

2231 3488 2299 3542 '0
2350 3487 2419 3542 δὲ
2471 3486 2659 3557 τιμῶν
2707 3489 2916 3554 αὐτὸν,
2950 3486 3110 3542 ἐλεεῖ
3169 3490 3435 3559 πτωχόν.
3478 3488 3540 3542 '0
3586 3486 3626 3539 δ’
3669 3485 3710 3536 ἐν

2155 3579 2548 3654 ἀγαθοεργίαις
2573 3580 2667 3634 τὸν
2698 3583 2756 3635 ἐν
2785 3581 3032 3652 οὐρανοῖς
3058 3581 3279 3651 Πατέρα
3308 3580 3511 3651 τιμῶν,
3543 3577 3710 3633 οἰκτεί-

2162 3692 2245 3747 ρει
2274 3676 2367 3728 τὸν
2407 3673 2516 3728 ἀπὸ
2545 3672 2779 3727 πλούτου
2817 3673 3073 3740 πεσόντα,
3105 3675 3198 3728 καὶ
3231 3673 3308 3738 ὡς
3341 3671 3567 3728 δυνατὸν
3591 3667 3709 3735 αὐτῷ

2159 3767 2367 3840 βοηθεῖ.

2231 3894 2332 3966 λβ’.
2376 3894 2475 3949 Ἐν
2506 3894 2689 3962 κακίᾳ
2715 3893 2902 3949 αὐτοῦ
2952 3893 3265 3950 ἀπολεῖται
3287 3892 3535 3960 ἀσεϐής.
3571 3887 3708 3955 Ἐντῇ

2164 3986 2272 4058 ίδία
2305 3987 2498 4058 κακίᾳ,
2535 3987 2632 4040 κα)⁵
2667 3986 2743 4057 μὴ
2771 3989 2840 4058 τῇ
2879 3985 2988 4040 τῶν
3022 3987 3279 4056 πατέρων
3308 3985 3344 4056 ἢ
3384 3986 3607 4045 τέκνων,
3630 3985 3710 4034 ἀπο

2159 4079 2363 4133 ολεῖται
2383 4081 2413 4133 ὁ
2445 4078 2521 4151 μὴ
2541 4079 2608 4133 δι’
2630 4077 2854 4147 ἀγαθῶν
2883 4078 3061 4151 ἔργων
3083 4077 3260 4148 τιμῶν
3289 4079 3379 4132 τὸν
3399 4078 3555 4132 Θεόν.
3587 4075 3710 4127 Ἀπο-

2161 4165 2346 4220 δίδωσι
2396 4166 2506 4238 γὰρ
2559 4166 2720 4236 λόγον
2764 4169 2793 4220 ό
2845 4167 2922 4238 μὴ
2973 4167 3084 4221 τῶν
3127 4167 3336 4222 τέκνων
3379 4168 3480 4222 καὶ
3509 4167 3608 4220 τῶν
3632 4160 3710 4216 ὑπὸ
3820 4160 3821 4228 1

477 4272 588 4313 non
623 4257 811 4326 habet,
843 4290 914 4301 —
939 4259 1211 4315 rationem
1247 4259 1462 4325 reddet,
1502 4277 1612 4317 non
1666 4262 1737 4318 de
1786 4276 1876 4328 eo,
1907 4261 2052 4333 quod

2176 4261 2322 4329 (εἶρα
2359 4259 2730 4329 ποιησάμενος
2766 4257 3108 4330 ἐπιμέλειαν,
3145 4259 3245 4331 οὐχ
3290 4259 3373 4314 ὅτι
3417 4254 3556 4315 οὗτοι
3584 4252 3709 4311 κακοὶ

3819 3017 3821 3148 φ

478 4347 536 4402 hi
567 4349 694 4404 mali
744 4351 1041 4418 evaserint,
1073 4355 1168 4407 sed
1205 4351 1353 4422 quod
1381 4352 1496 4423 ipse
1526 4351 1594 4408 de
1632 4369 1823 4409 eorum
1881 4354 2052 4409 salute

2176 4351 2433 4420 ἐγένοντο,
2462 4350 2577 4404 ἀλλ’
2601 4352 2685 4405 ὅτι
2711 4351 2876 4415 αὐτὸς
2922 4353 3025 4424 τῆς
3069 4352 3347 4423 σωτηρίας
3379 4352 3580 4406 τούτων
3601 4346 3709 4418 ὴμέ-

479 4453 591 4495 non
624 4445 924 4500 curaverit.
957 4443 1198 4511 Rursus,
1232 4451 1286 4498 et
1313 4442 1365 4498 hi
1392 4444 1928 4509 condemnabuntur,
1949 4459 2052 4500 non

2176 4444 2299 4516 λησε
2322 4460 2336 4473 ·
2383 4443 2545 4499 πάλιν
2586 4444 2632 4498 δ’
2656 4436 2804 4498 οὗτοι
2833 4444 3280 4517 κατακρίνονται,
3321 4446 3382 4498 οὐ
3405 4431 3496 4498 διά
3523 4443 3609 4513 τὴν
3627 4437 3707 4492 τῶν

483 4541 712 4603 propter
751 4543 966 4605 patrum
1021 4544 1077 4592 et
1126 4537 1475 4593 dominorum
1525 4538 1932 4611 negligentiam,
1961 4537 2052 4596 sed

2176 4541 2418 4612 πατέρων
2447 4541 2543 4594 καὶ
2572 4540 2856 4596 δεσποτῶν
2891 4541 3180 4613 ἀμέλειαν,
3203 4540 3318 4596 ἀλλ’
3343 4541 3428 4595 ὅτι
3458 4536 3600 4592 αὐτοὶ
3630 4549 3706 4586 κατ

483 4626 628 4695 quod
661 4627 764 4697 ipsi
796 4629 926 4684 mali
955 4628 1086 4686 facti
1113 4630 1244 4687 sint.

2176 4633 2259 4687 κοὶ
2287 4635 2603 4702 γεγόνασιν.

2251 4761 2316 4814 '0
2348 4747 2425 4814 δέ
2450 4759 2752 4826 πεποιθὼς
2801 4759 2902 4814 ἐπὶ
2937 4761 3178 4829 Κύριον,
3219 4758 3296 4829 τῇ
3335 4757 3548 4814 ἑαυτοῦ
3577 4748 3703 4809 ὁσιό-

2167 4869 2300 4921 τητι
2331 4851 2584 4918 δίκαιος.
2629 4851 2689 4905 ’0
2740 4851 2784 4904 δ’
2829 4852 2925 4905 ἐπὶ
2971 4851 3065 4906 τόν
3114 4850 3210 4906 τοῦ
3247 4851 3453 4916 παντὸς
3479 4845 3703 4908 Δεσπότην

2174 4945 2358 5008 πάσας
2384 4943 2722 5014 ἀναθέμενος
2755 4943 2855 5006 τὰς
2891 4943 3140 5009 ἐλπίδας,
3173 4944 3412 5014 ὑπάρχει
3437 4943 3635 5000 δίκαιος.
3655 4934 3700 4999 τῇ

2172 5036 2372 5092 ἑαυτοῦ
2420 5036 2558 5107 πρὸς
2591 5037 2798 5106 Κύριον
2829 5033 3151 5108 τελειότητι,
3190 5035 3286 5090 καὶ
3317 5036 3420 5089 οὐκ
3453 5026 3702 5100 ἀλλοτρίως

2171 5129 2356 5203 ἔργοις
2393 5130 2488 5184 καὶ
2519 5128 2971 5200 κατορθώμασιν·
3009 5129 3070 5194 ἐξ
3103 5129 3251 5183 ἰδίων
3281 5127 3391 5200 γὰρ
3427 5120 3701 5196 πονημάτων

2170 5223 2338 5292 τιμᾷν
2371 5220 2464 5274 τὸν
2488 5219 2695 5292 Κύριον
2727 5219 3130 5292 ἀπαιτούμεθα.
3632 5244 3633 5247 η

557 4751 662 4816 Qui
681 4752 969 4822 conﬁditin
997 4754 1248 4823 Domino,
1275 4760 1359 4814 sui
1383 4759 1547 4827 ipsius
1564 4759 1848 4813 sanctitate
1855 4757 2062 4828 justus.

487 4841 591 4909 Qui
619 4844 674 4898 in
711 4859 894 4899 rerum
933 4855 1262 4902 cunctarum
1299 4849 1611 4915 Dominum,
1652 4863 1871 4904 omnem
1913 4864 2064 4919 spem

488 4951 644 4991 suam
687 4937 926 5008 reponit,
952 4938 1138 5008 justus
1161 4947 1246 4996 est
1274 4955 1340 4995 ex
1385 4939 1726 5011 perfectione
1759 4955 1858 4996 sua
1894 4939 2066 4994 relate

487 5029 556 5084 ad
597 5029 789 5098 Deum,
829 5039 886 5088 et
937 5047 1047 5088 non
1081 5048 1144 5087 ex
1179 5034 1412 5088 aliorum
1443 5034 1704 5106 operibus
1752 5040 1808 5090 et
1855 5033 2068 5089 actibus

493 5123 696 5188 rectis;
727 5125 1028 5196 requiritur
1075 5127 1222 5183 enim
1268 5142 1298 5182 a
1348 5127 1530 5194 nobis,
1566 5139 1625 5184 ut
1673 5143 1740 5184 ex
1787 5126 2066 5182 laboribus

490 5219 698 5276 nostris
732 5218 1022 5277 Dominum
1063 5222 1417 5283 honoremus.

2244 5348 2346 5416 λγ’.
2391 5350 2496 5402 Ἐν
2528 5347 2745 5415 καρδίᾳ
2788 5347 2987 5416 ἀγαθῇ
3020 5348 3393 5402 ἀναπαύεται
3415 5344 3598 5415 σοφία.
3635 5335 3698 5389 Ἐν

2173 5438 2318 5511 ψυχῇ
2351 5440 2668 5508 κεκτημένῃ
2700 5438 2802 5507 τὴν
2835 5440 2915 5500 είς
2949 5438 3082 5491 Θεὸν
3118 5440 3212 5491 καὶ
3245 5437 3344 5508 τὴν
3373 5437 3580 5507 πλησίον
3597 5427 3697 5496 ἀγάο

2175 5549 2306 5601 πην,
2340 5534 2373 5603 ἡ
2402 5531 2512 5586 τῶν
2560 5531 2724 5584 θείων
2753 5531 2848 5584 καὶ
2883 5531 2994 5583 τῶν
3025 5530 3387 5601 ἀνθρωπίνων
3417 5524 3699 5601 πραγμάτων

563 5343 728 5400 Vens.
753 5347 842 5401 35.
877 5345 943 5401 In
971 5349 1126 5403 corde
1166 5348 1318 5413 bono,
1363 5349 1642 5419 requiescit
1691 5348 1970 5416 sapientia.
2012 5346 2070 5402 In

496 5434 701 5501 anima,
728 5451 850 5506 quae
907 5439 1231 5495 charitatem
1277 5441 1330 5494 in
1373 5440 1542 5496 Deum
1589 5442 1726 5496 etin
1760 5441 2066 5509 proximum

494 5527 762 5594 possidet,
785 5544 966 5584 rerum
990 5531 1304 5586 divinarum
1343 5539 1399 5587 et
1439 5531 1803 5586 humanarum
1839 5531 2072 5587 scientia

494 5617 818 5684 requiescit:
886 5621 975 5674 cui
1027 5623 1212 5676 obedit
1241 5623 1296 5675 in
1357 5622 1614 5678 omnibus
1662 5630 1717 5678 et
1754 5621 2052 5691 neutiquan

2178 5623 2459 5694 ἐπιστήμη
2517 5623 2967 5677 ὲπαναπαύεται·
3027 5623 3198 5693 ταύτῃ
3269 5620 3611 5693 πειθαρχοῦσα
3657 5611 3699 5661 ἐν

495 5706 814 5772 opponitur,
835 5717 982 5762 amat
1017 5712 1162 5765 enim
1199 5711 1391 5779 Deum,
1425 5713 1580 5782 cujus
1609 5729 1881 5769 summam
1918 5712 2052 5767 boni

2177 5712 2373 5780 ἅπασι,
2409 5714 2504 5766 καὶ
2551 5713 2676 5782 μηδ’
2703 5702 2956 5766 ὁπωσοῦν
3001 5713 3355 5784 ἀντικειμένη
3381 5729 3394 5744 ·
3428 5706 3595 5778 ἀγαπᾷ
3619 5699 3699 5770 γὰρ

503 5805 669 5850 tatem
695 5801 944 5867 agnoscit
971 5811 1024 5858 et
1052 5805 1496 5874 omnipotentiam
1528 5824 1545 5878 ς
1579 5807 1829 5864 homines
1858 5821 2052 5879 quoqw

2178 5804 2334 5871 Θεὸν,
2386 5804 2447 5857 τὸ
2498 5805 2811 5874 πανάγαθον
2865 5803 3030 5860 αὐτοῦ
3082 5804 3505 5872 ἐπιγινώσκουσα
3545 5792 3621 5851 καὶ
3657 5785 3699 5838 τδ
