3900 6228
332 287 468 351 1369

1444 291 1975 353 COMMENTARII
2014 292 2099 353 IN
2131 293 2581 359 ΡιιΟνΕΙιΒΙΑ.

3440 303 3578 372 1370

328 397 736 470 παντοδύναμον
754 413 769 428 ·
819 399 913 454 καὶ
943 399 1135 471 ἀγαπᾷ
1167 399 1510 472 ἀνθρώπους,
1541 403 1602 455 τὺ
1632 400 1896 470 συγγενὲς

2024 409 2168 468 ιηιοι,
2201 419 2342 474 quos
2383 406 2487 460 sibi
2518 407 2844 478 congenitos
2878 413 3003 474 scit,
3037 418 3092 465 et
3123 411 3418 465 humanam
3464 429 3576 466 non

324 491 517 552 εἰδυῖα,
549 491 643 544 καὶ
671 493 768 560 τὴν
791 490 1139 564 ἀνθρωπίνην
1169 492 1244 563 μὴ
1267 492 1540 562 ἀγνοοῦσα
1573 494 1858 548 ἀσθένειαν
1878 508 1895 524 ⁸

325 581 418 636 καὶ
462 581 550 635 διά
591 582 748 634 τοῦτο
785 583 920 654 πρὸς
949 585 1076 648 τοὺς
1104 587 1362 657 ὁμοφυεῖς
1405 586 1741 654 ἀνεξικάκως
1781 586 1903 640 δια-

325 673 554 744 κειμένη
582 673 678 726 καὶ
708 675 1034 745 συμπαθῶς.
1280 678 1283 680 ’

405 780 599 854 Ἐ’νὸέ
630 801 843 868 καρδίᾳ
869 801 1148 871 ἀφρόνων
1185 805 1257 859 οὐ
1290 803 1761 876 διαγινώσκεται.
1809 802 1898 856 Ἐν

325 889 392 944 δὲ·
441 894 510 962 τῇ
565 891 674 944 τῶν
730 891 938 960 ἀλόγως
991 895 1422 965 πολιτευομένων
1465 894 1635 965 ψυχῇ,
1701 894 1808 947 κᾶν
1860 895 1893 964 ὴ

324 982 546 1052 τοιαύτη
595 984 878 1054 ἐπιστήμη
909 984 1135 1055 δυνάμει
1175 986 1346 1050 ἐστὶν,
1390 986 1506 1040 ἀλλ’
1547 981 1641 1040 οὖν
1678 986 1898 1054 ἀγνοεῖ-

322 1091 436 1139 ται,
460 1075 582 1127 ἐπεὶ
622 1075 697 1146 μὴ
726 1075 1080 1148 προϐέϐηκαν
1117 1079 1198 1141 είς
1236 1077 1552 1148 ἐνέργειανο
1591 1075 1897 1147 φανέρωσις

323 1165 429 1236 γάρ
445 1166 563 1219 ἐστι
586 1169 686 1238 τῆς
705 1167 988 1239 δυνάμεως
1009 1170 1045 1240 ἡ
1065 1169 1316 1240 ἐνέργεια
1341 1212 1356 1238 ,
1383 1169 1571 1240 ὥσπερ
1589 1168 1686 1238 τῆς
1708 1167 1896 1232 οὐσίας

323 1257 355 1328 ἡ
376 1256 625 1326 δύναμις.

391 1397 484 1452 λδν.
512 1400 876 1468 Δικαιοσύνη
893 1399 1048 1469 ὐψοῖ
1070 1401 1278 1468 ἔθνος..
1309 1401 1371 1454 Ἦ
1399 1401 1540 1455 κατὰ
1564 1397 1800 1469 Χριστὸν
1820 1397 1900 1451 δι-

323 1490 581 1561 καιοσύνη
617 1490 827 1558 δοξάζει
854 1491 916 1544 τὸ
947 1491 1246 1546 πιστεῦσαν
1270 1495 1350 1556 εἰς
1373 1493 1535 1546 αὐτὸν
1555 1492 1707 1559 ἆγιον
1723 1488 1894 1551 ἔθνος·

321 1581 380 1633 ὲν
398 1581 505 1651 γὰρ
532 1582 696 1635 παντὶ
725 1581 866 1639 ἔθνει
915 1585 945 1638 δ
973 1583 1342 1654 ἐργαζόμενος
1372 1584 1433 1638 τὸ
1459 1582 1662 1652 ἀγαθὸν
1708 1580 1899 1644 δεκτὸς

321 1672 470 1743 αὐτῷ
496 1675 667 1728 ἐστιν.

405 1799 857 1856 Ἐλασσονοῦσι
907 1801 978 1856 δέ
1015 1803 1217 1872 φυλὰς
1261 1802 1559 1873 ἁμαρτίαι.
1603 1801 1897 1856 Ὑποσιϐά-

321 1889 472 1954 ζουσι
518 1893 575 1946 δὲ
613 1893 713 1957 τὰς
751 1891 1153 1966 ’ῐσραηλιτικάς
1182 1894 1354 1964 φυλάς
1382 1897 1438 1949 αἱ
1469 1892 1804 1967 παρανομίαι
1832 1892 1900 1957 ἃς

319 1986 644 2056 εἰργάσαντο
672 1988 753 2050 είς
785 1987 1042 2059 Χριστόν.

389 2113 484 2168 λε’.
517 2115 732 2181 Δεκτὸς
755 2116 1030 2182 βασιλεῖ,
1057 2116 1362 2185 ὑπηρέτης
1386 2115 1650 2186 νοήμων.
1683 2113 1899 2168 Etiams-

319 2205 505 2269 δεκτος
525 2204 604 2276 τῷ
629 2207 963 2277 παμϐασιλεῖ
989 2208 1082 2261 καὶ
1107 2206 1218 2262 τῶν
1267 2208 1404 2263 ὅλων
1429 2207 1549 2279 Θεῷ
1570 2209 1597 2260 ὁ
1620 2205 1776 2270 είδὼς
1799 2203 1899 2258 αὖ·

319 2297 414 2351 τοῦ
439 2298 500 2352 τδ
524 2297 734 2370 θέλημα
764 2299 861 2354 καὶ
891 2301 1080 2356 ποιῶν.

397 2447 478 2518 Τῇ
507 2447 577 2502 δὲ
608 2447 825 2504 ἑαυτοῦ
877 2451 1206 2521 εὐστροφίᾳ
1260 2448 1591 2518 ἀφαιρεῖται
1635 2447 1893 2516 ἀτιμίαν.

321 2534 490 2605 Οὗτος
513 2541 588 2607 δὲ,
613 2541 715 2596 κάν
736 2557 789 2595 τι
816 2541 881 2595 ἐκ
907 2541 1260 2614 συναρπαγῆς
1288 2542 1481 2611 ἄτιμον
1507 2538 1892 2609 διαπράξηται,

321 2634 387 2704 τῇ
422 2633 618 2704 ταχείᾳ
639 2632 954 2704 ίὲπιστροφῇ
989 2633 1296 2705 διορθοῦται
1326 2631 1477 2697 αὐτὸ,
1507 2630 1605 2686 καὶ
1639 2628 1740 2700 τῆς
1776 2628 1895 2682 ἀτι-

327 2723 452 2796 μίας
477 2723 668 2779 ἑαυτὸν
699 2723 1052 2779 ἀπαλλάττει.
1597 2722 1605 2728 ’

913 2895 1168 2949 ΚΕΦΔΛ.
1201 2893 1301 2949 IE'.

393 3027 460 3085 a'.
508 3029 685 3101 ’οργὴ
728 3029 1041 3086 ἀπόλλυσι
1074 3030 1172 3085 καὶ
1204 3029 1556 3100 φρονίμους.
1587 3030 1683 3093 Ei;
1722 3029 1892 3101 θυμὸν

1923 1741 1970 1797 Β

2000 493 2216 564 ignorat
2239 494 2631 567 fragilitatem;
2666 507 2955 570 propterea
2997 503 3294 558 toleranter
3321 511 3377 557 et
3415 518 3570 572 sym-

2001 582 2216 650 pathice
2235 582 2503 655 disposita
2525 594 2609 642 est
2639 601 2768 658 erga
2796 602 2928 644 suos
2962 589 3335 645 consociatos.

2069 796 2138 852 In
2172 799 2328 854 corde
2383 802 2672 855 amentium
2719 820 2824 858 non
2874 804 3230 874 dijudicatur.
3281 804 3337 859 ln
3395 805 3575 861 anima

2001 890 2306 955 hominum,
2356 892 2810 950 irrationabiliter
2854 897 3328 960 conversantium,
3366 898 3467 952 etsi
3517 898 3574 951 in

1997 984 2241 1052 potentia
2275 983 2400 1039 talis
2429 984 2650 1040 adesset
2678 987 2936 1051 scientia,
2969 995 3213 1045 attamen
3240 1003 3349 1042 non
3374 987 3574 1056 digno-

1998 1075 2194 1142 scitur,
2212 1076 2338 1144 quia
2371 1074 2436 1129 ad
2472 1079 2848 1147 operationem
2911 1094 3020 1134 non
3087 1079 3360 1150 procedit.
3397 1079 3576 1133 Mani-

1999 1165 2214 1222 l‘eslatio
2240 1167 2384 1226 enim
2427 1169 2683 1238 potentiae
2709 1177 2792 1225 est
2815 1173 3061 1240 operatio
3084 1174 3230 1228 sicut
3260 1182 3313 1226 et
3336 1172 3577 1242 potentia

1997 1267 2082 1314 est
2114 1258 2481 1315 manifestatio
2515 1262 2867 1316 exsistentiae.

2075 1403 2240 1461 Vens.
2270 1405 2340 1460 54
2404 1404 2634 1459 Iustitia
2665 1408 2833 1460 elevat
2863 1417 3092 1476 gentem.
3120 1406 3253 1472 Quae
3275 1407 3578 1462 secundum

1997 1497 2274 1554 Christum
2309 1507 2395 1554 est
2417 1499 2654 1568 justitia,
2676 1500 3062 1555 credentemin
3090 1499 3271 1565 illum,
3304 1499 3577 1569 gloriﬁcat

1997 1597 2211 1659 gentem
2269 1597 2533 1643 sanctam.
2577 1587 2633 1641 ln
2682 1588 2832 1642 omni
2875 1589 3022 1644 enim
3075 1599 3255 1659 gente,
3311 1588 3404 1656 qui
3446 1586 3579 1641 lacit

1997 1677 2222 1742 bonum,
2251 1676 2474 1732 Christo
2511 1686 2895 1746 estacceptus.

2073 1803 2310 1859 Peccatis
2353 1813 2531 1858 autem
2575 1803 2742 1858 tribus
2781 1805 3114 1859 minuuntur.
3153 1803 3378 1870 Quasin
3408 1802 3566 1858 Chri-

2002 1906 2146 1952 stum
2192 1896 2465 1952 admisere
2532 1895 2871 1966 iniquitates,
2907 1896 2990 1950 ha:
3023 1895 3351 1952 israeliticas
3397 1892 3576 1948 tribus

2003 1987 2316 2044 detrahunt.

2065 2114 2235 2172 Vens.
2259 2116 2349 2171 35.
2379 2115 2632 2184 Acceptus
2671 2123 2751 2170 est
2795 2117 2905 2186 regi
2947 2116 3189 2169 minister
3251 2112 3572 2183 intelligens.

2002 2204 2228 2260 Multum
2280 2216 2538 2274 acceptus
2579 2212 2687 2271 est,
2715 2219 2895 2259 rerum
2953 2211 3276 2258 cunctarum
3355 2200 3486 2271 Regi
3521 2208 3576 2253 et

2001 2297 2135 2363 Deo,
2159 2296 2254 2367 qui
2283 2298 2498 2351 noverit
2515 2296 2637 2368 ejus
2673 2295 3013 2360 voluntatem
3039 2304 3094 2349 et
3114 2293 3328 2349 iecerit.

2073 2444 2178 2511 Qui
2209 2443 2508 2498 tractabilis
2542 2452 2620 2498 est
2653 2460 2804 2498 suam
2844 2443 3186 2514 ignominiam
3227 2441 3434 2495 adimit.
3467 2437 3576 2494 Tac

1999 2532 2068 2589 lis
2088 2535 2254 2597 enim,
2282 2534 2385 2589 etsi
2415 2533 2548 2604 quid
2607 2534 2882 2588 inhonesti
2915 2548 2980 2588 ex
3020 2531 3315 2602 fragilitate
3357 2539 3576 2586 contra-

1999 2627 2165 2689 xerit,
2214 2625 2316 2680 boc
2343 2634 2596 2696 prompta
2625 2625 2986 2682 conversione
3035 2631 3253 2695 reparat
3283 2633 3339 2678 et
3385 2637 3508 2679 sese
3537 2635 3568 2675 a

2001 2719 2220 2790 probris
2255 2718 2493 2775 redimit.
2565 2761 2570 2766 .

2631 2886 2784 2942 CAP.
2818 2885 2938 2942 XV.

2073 3022 2234 3077 Vens.
2267 3021 2318 3076 Ι.
2345 3019 2440 3075 Ira
2493 3020 2663 3090 perdit
2698 3030 2746 3075 et
2773 3021 3130 3090 iuteiligentes.
3162 3019 3297 3074 Cum
3346 3019 3400 3074 in
3439 3020 3559 3072 ani-

323 3119 498 3189 ἀρχην
520 3092 712 3190 ἥξοντα
741 3121 876 3191 πρὸς
905 3092 1221 3192 ἐνέργειαν,-
1240 3092 1267 3175 δ
1289 3092 1436 3175 ἐστιν
1460 3092 1623 3193 ὀργὴ,
1653 3092 1897 3192 κινηθέν‹

2024 3133 2120 3172 nos
2171 3118 2251 3188 (in
2279 3115 2411 3172 illud
2445 3116 2784 3187 operationis
2805 3115 3318 3185 principium,quod
3339 3114 3417 3168 ira
3442 3115 3572 3182 est),

323 3225 414 3271 τες
445 3209 540 3262 καὶ
570 3214 861 3280 νουνεχεῖς,
892 3212 1122 3283 κινδύνῳ
1140 3211 1357 3283 ψυχικῷ
1376 3229 1434 3266 τε
1465 3212 1583 3284 ἅμα
1611 3213 1892 3279 πολλάκις,

325 3300 418 3354 καὶ
450 3300 748 3370 σωματικῷ
793 3302 1250 3372 περιπίπτουσιν
1292 3302 1390 3356 ὲάν
1432 3302 1490 3357 δὲ
1535 3294 1685 3358 οὗτοι
1729 3304 1892 3370 οὕτω,

327 3388 476 3460 πόσῳ
503 3406 569 3458 γε
602 3388 802 3459 μᾶλλον
830 3390 1064 3459 ἄφρονες
1087 3409 1102 3456 ;

407 3487 750 3581 ;A:tdacpt0'tc
770 3512 836 3566 δὲ
859 3513 1288 3569 ὑποπίπτουσα
1309 3512 1669 3581 ἀποστρέφει
1686 3513 1894 3582 θυμόν.

337 3605 630 3674 ’Δπολογία
668 3605 725 3658 δὲ
763 3604 1185 3674 ὑποκλινομένη,
1218 3605 1312 3658 καὶ
1362 3607 1438 3676 μὴ
1471 3605 1894 3670 ἀντιπίπτουσα,

327 3697 497 3768 θυμὸν
525 3696 951 3775 καταμαλάσσει
978 3698 1072 3749 καὶ
1099 3698 1319 3767 ἡμεροῖ.

397 3824 587 3892 Λόγος
645 3822 714 3876 δέ
767 3821 1037 3890 σκληρὸς
1084 3821 1296 3890 ἐγείρει
1344 3817 1543 3889 ὀργάς.
1615 3819 1790 3888 Ῥῆμα
1841 3817 1898 3870 δὲ

325 3918 520 3988 τραχὺ,
551 3915 807 3986 πλῆττον,
833 3915 914 3978 εἰς
943 3914 1114 3984 ὀργὰς
1143 3913 1453 3969 ὑπανάπτει
1486 3911 1678 3983 θυμόν.

339 4057 349 4068 '
395 4042 663 4105 Γλῶσσα
720 4043 928 4112 σοφῶν
1007 4043 1168 4097 καλὰ
1223 4040 1559 4096 ἐπίσταται.
1625 4039 1688 4092 0t
1744 4036 1898 4105 σοφοὶ

326 4131 506 4207 ἀγαθά
527 4133 702 4188 οἴδασι
727 4132 1060 4203 φθέγγεσθαι
1083 4133 1178 4187 καὶ
1195 4130 1512 4201 οἰκωφελεῖν
1537 4129 1660 4192 τοὺς
1683 4127 1900 4182 ἀκούον-

326 4237 444 4282 τας.

397 4347 593 4416 Στόμα
608 4347 676 4400 δέ
701 4347 980 4416 ἀφρόνων
1001 4347 1357 4418 ἀναγγέλλει
1381 4344 1554 4401 κακά.
1579 4345 1640 4398 Oi
1661 4343 1718 4398 δὲ
1741 4343 1900 4415 ἀνόηο

1995 3221 2049 3267 et
2078 3211 2182 3281 ipsi
2215 3217 2394 3264 mente
2424 3209 2710 3273 callentes,
2740 3223 2907 3278 quam
2952 3209 3251 3278 saepissime
3271 3207 3572 3277 periculum

1995 3302 2194 3358 animae
2248 3299 2411 3354 simul
2443 3307 2497 3354 et
2535 3298 2785 3368 corporis
2835 3297 3117 3364 subeunt;
3150 3296 3194 3350 si
3226 3295 3294 3350 de
3351 3295 3436 3349 his
3471 3295 3570 3360 ita,

1995 3399 2202 3465 quanto
2229 3391 2402 3459 magis
2428 3389 2496 3444 de
2523 3389 2841 3444 amentibus
2875 3388 2898 3442 ?

2067 3519 2355 3588 Responsio
2385 3517 2697 3572 submissior
2717 3517 2861 3572 sedet
2888 3517 3145 3570 animum.
3166 3513 3268 3580 Qui
3305 3527 3569 3581 responsa
3680 3557 3685 3561 .

1995 3611 2198 3666 blanda
2259 3610 2426 3666 refert
2457 3619 2511 3667 et
2550 3626 2658 3666 non
2717 3609 3132 3680 perfractantia,
3197 3607 3398 3660 mulcet
3455 3605 3570 3657 ani.

1999 3717 2148 3755 mum
2180 3709 2234 3756 et
2260 3702 2463 3770 placat.

2067 3826 2251 3881 Sermo
2283 3824 2449 3878 durus
2466 3824 2672 3877 excitat
2698 3823 2856 3876 iram.
2879 3821 3114 3875 Verbum
3143 3830 3420 3890 asperum,
3442 3831 3570 3884 pun-

1997 3934 2152 3991 gens,
2186 3915 2434 3973 incendit
2472 3915 2685 3969 animos
2715 3912 2784 3966 ad
2822 3913 2980 3966 iram.

2066 4045 2232 4100 Vsus.
2269 4044 2326 4098 2.
2368 4041 2577 4114 Lingua
2619 4040 2933 4109 sapientium
2980 4035 3200 4104 pulchra
3253 4030 3446 4086 nascit.
3476 4028 3574 4084 Sa-

1999 4137 2212 4209 pientes
2246 4135 2391 4190 bona
2418 4134 2601 4190 sciunt
2629 4127 2875 4200 proferre
2904 4134 2960 4183 et
2997 4122 3345 4179 audientibus
3395 4120 3573 4175 inser-

1996 4231 2138 4287 vire.

2073 4356 2145 4413 Os
2191 4355 2477 4410 amentium
2538 4351 2751 4405 nuntiat
2822 4345 2987 4401 mala.
3041 4341 3236 4398 Stolidi
3301 4335 3572 4393 contraria

325 4453 408 4490 τοι
453 4437 522 4490 τά
579 4438 794 4492 ἐναντία
868 4438 1142 4501 λαλοῦσιν,
1203 4439 1267 4490 ὲκ
1317 4435 1754 4509 περισσεύματος
1799 4436 1897 4505 τῆς

2024 4449 2290 4505 ιτοΐοηιυι·
2351 4461 2418 4501 ex
2475 4441 2810 4499 abundantia
2865 4437 3073 4500 cordis,
3129 4443 3182 4490 et
3230 4429 3572 4486 audientibus

327 4527 576 4596 καρδίας,
605 4531 697 4583 καὶ
725 4531 854 4593 τοὺς
883 4529 1087 4583 τούτων
1125 4530 1512 4601 ἀκροωμένους
1544 4526 1893 4597 βλάπτουσιν.

395 4661 464 4724 γ’.
502 4655 598 4708 Ἐν
612 4657 791 4711 παντὶ
814 4658 975 4724 τόπῳ
1003 4656 1297 4726 ὀφθαλμοὶ
1317 4656 1538 4724 Κυρίου
1567 4654 1900 4709 σκοπεύου-

324 4761 428 4801 σιν
482 4746 742 4814 ἀγαθούς
793 4765 856 4800 τε
903 4747 1004 4801 καὶ
1054 4749 1299 4814 κακούς.
1345 4747 1434 4801 Ἐν
1473 4746 1624 4819 πάσῃ
1663 4747 1728 4816 τῇ
1759 4748 1829 4816 γῇ
1872 4745 1900 4797 ὁ

324 4837 431 4889 τῶν
459 4837 596 4891 ὅλων
622 4839 899 4907 Δεσπότης
928 4839 1234 4892 ὲπισκοπείο
1259 4840 1384 4902 τούς
1425 4855 1484 4892 τε
1504 4837 1609 4891 τῶν
1653 4837 1900 4905 παναγά-

326 4929 433 4982 θων
485 4927 652 4982 αὐτοῦ
700 4929 932 4983 ἐντολῶν
973 4931 1290 5002 πληρωτὰς,
1331 4931 1427 4984 καὶ
1470 4931 1597 4994 τοὺς
1640 4930 1901 4985 τάναντία

211 5047 216 5051 -
323 5021 526 5075 τούτων
551 5021 952 5093 ἐργαζομένους
974 5038 991 5056 σ
1021 5023 1115 5076 καὶ
1136 5023 1312 5086 οὐδεὶς
1333 5022 1424 5076 τὸν
1448 5023 1787 5094 παντέφορον
1804 5022 1901 5076 αὒ-

325 5110 420 5164 τοῦ
457 5111 680 5180 λέληθεν
723 5111 1036 5180 ὀφθαλμόνρ
1070 5112 1150 5165 διὸ
1187 5113 1564 5183 φρ.ττετωσαν
1591 5113 1689 5183 μὲν
1713 5114 1900 5185 ἀμαρ-

326 5201 596 5267 τάνοντες,
628 5203 906 5268 εὐέλπιδες
933 5203 976 5256 δ’
1010 5205 1228 5276 ήτωσαν
1272 5204 1757 5277 ἀγαθοεργοῦντες.

397 5329 460 5384 δ’.
494 5330 689 5394 Ἴασις
736 5329 1043 5398 γλώσσης,
1092 5331 1347 5400 δένδρον
1395 5333 1562 5401 ζωῆς.
1609 5332 1899 5404 Γλῶσσαή

328 5420 437 5475 ἀπὺ
486 5421 577 5474 τοῦ
610 5423 946 5491 ἁμαρτάνειν
1007 5426 1064 5478 ἐν
1115 5425 1294 5490 λόγοις
1344 5427 1760 5498 θεραπευθεῖσα,
1803 5429 1901 5499 τὴν

331 5510 593 5578 ζωογόνον
629 5511 974 5567 διδασκαλίαν
1007 5516 1099 5569 τοῦ
1117 5551 1120 5557 -
1140 5517 1447 5586 πνεύματος
1471 5559 1486 5583 ,
1513 5522 1631 5582 ταῖς
1658 5519 1763 5572 τῶν
1796 5537 1900 5589 μα-

329 5598 704 5671 θητευομένων
719 5605 1148 5675 νενεκρωμέναις
1167 5608 1230 5679 τῇ
1255 5607 1446 5679 ἀγνοίᾳ
1473 5607 1690 5679 ψυχαῖς,
1715 5606 1902 5680 ὥσπερ

327 5707 386 5746 τι
411 5692 626 5765 δένδρον
659 5701 1018 5769 καρποφορεῖ.

2001 4550 2218 4600 nocent.

2069 4662 2399 4724 Vens.'5.]n
2421 4660 2564 4716 omni
2604 4659 2718 4712 loco
2760 4655 2901 4712 oculi
2934 4651 3150 4707 Domini
3192 4648 3464 4702 observant
3490 4644 3572 4696 bo-

2011 4754 2106 4818 nos
2141 4769 2190 4814 et
2219 4757 2409 4811 malos.
2450 4752 2508 4806 In
2528 4751 2673 4806 omni
2707 4759 2878 4810 terra,
2921 4758 3105 4798 rerum
3134 4746 3453 4796 cunctarum
3477 4734 3577 4786 Do-

2001 4855 2186 4908 minus
2215 4847 2530 4920 speculatur
2555 4853 2608 4898 et
2630 4847 2950 4896 sanctorum
2980 4835 3158 4906 ipsius
3194 4828 3574 4920 mandatorum

2002 4913 2261 4996 factores-
2290 4943 2345 4991 et
2377 4932 2632 5005 opposita
2695 4934 2921 4997 agentes
2953 4942 2969 4990 ;
3009 4937 3114 4977 nec
3170 4920 3316 4973 ullus
3357 4913 3576 4982 effugiet

2001 5031 2217 5088 oculum
2236 5038 2566 5098 quacunque
2622 5021 2932 5076 intentum:
2971 5013 3116 5073 ideo,
3151 5005 3579 5062 contremisrant

2000 5118 2639 5195 peccatores,honorum
2690 5118 2874 5166 autem
2921 5108 3239 5174 operatores
3273 5111 3423 5167 spem
3472 5109 3581 5146 ma-

2002 5229 2163 5287 gnam
2195 5211 2432 5266 faveant.

2069 5339 2233 5394 Vens.
2271 5336 2322 5390 4.
2348 5332 2556 5387 Medeta
2597 5327 2816 5396 lingute,
2848 5319 3009 5376 arbor
3035 5318 3180 5373 vitae.
3206 5315 3362 5382 Qum,
3406 5324 3434 5364 a
3461 5324 3578 5379 pec-

2002 5433 2176 5490 cando
2217 5431 2270 5483 in
2333 5425 2534 5487 verbis,
2572 5430 2766 5476 sanata
2822 5424 2903 5470 est
2951 5414 3157 5483 lingua,
3212 5406 3574 5460 viviﬁcantem

2004 5523 2305 5581 doctrinam
2347 5516 2596 5586 spiritus,
2621 5505 3038 5564 imbuendorum
3081 5499 3386 5575 animabus,
3424 5494 3576 5562 igno-
3638 5506 3644 5513 ·

2003 5613 2178 5667 rantia
2213 5606 2500 5672 emortuis,
2528 5601 2752 5674 profert,
2793 5597 2958 5654 veluti
2995 5593 3160 5649 arbor
3187 5590 3394 5646 fruetus
3423 5601 3570 5642 suos.
