3900 6228
395 292 522 357 1371
1323 343 1331 346 _
1721 283 2075 345 PROCOPII
2115 284 2357 348 GAZJEI
3159 282 3170 289 '
3547 289 3670 352 1372

465 414 571 478 Qui
597 408 827 464 custodit
855 423 992 469 eam,
1021 403 1309 472 replebitur
1343 402 1560 472 spiritu.
1591 399 1693 468 Qui
1733 415 1858 454 cum
1886 400 1970 453 in-
1999 444 2005 457 .

2157 400 2220 455 '0
2248 402 2316 456 δὲ
2341 402 2662 475 συντηρῶν
2689 405 2795 460 αὐτ
2807 404 2906 475 ὴν,
2934 406 3360 475 πλησθήσεται
3394 403 3673 475 Πνεῦμα-

393 501 697 572 telligentia
755 501 994 570 linguam
1059 497 1128 550 ab
1173 495 1453 563 peccando
1507 495 1767 558 custodit,
1818 493 1933 548 don‘

2133 511 2202 559 ›ς.
2230 495 2402 558 Αὐτὸς
2430 494 2486 548 δὲ
2509 497 2537 548 ὁ
2569 495 2854 565 φυλάττων
2898 497 2995 550 σὺν
3027 501 3091 569 τῇ
3115 497 3323 570 διανοίᾳ
3365 496 3477 569 τὴν
3506 497 3673 566 γλῶτ-

393 598 630 667 Spiritus
682 594 860 650 sancti
907 591 1231 660 replebitur,
1269 589 1430 660 cujus
1460 587 1864 659 receptaculum
1898 586 1933 640 τε

2135 603 2177 638 ιν
2206 586 2301 639 τοῦ
2331 588 2407 658 μὴ
2432 589 2794 660 ἁμαρτάνειν,
2823 589 2932 645 τῶν
2971 589 3064 644 τοῦ
3107 591 3380 659 παναγίου
3418 590 3675 660 Πνεύμα-

395 699 518 746 ctus
552 695 638 744 est
668 694 892 758 propter
930 685 1128 740 mentis
1160 684 1474 755 puritatem.

2136 694 2170 740 ›ς
2211 677 2589 749 πλησθήσεται
2632 681 3019 751 χαρισμάτων,
3063 681 3271 752 δοχεῖον
3314 679 3676 752 χρηματίσας

2081 767 2246 822 αὐτοῦ
2277 769 2368 824 διὰ
2393 770 2512 834 νοὸς
2541 771 2913 844 καθαρότητα.

467 906 617 963 Vens
670 907 722 962 5.
757 905 966 962 Stultus
1019 905 1209 960 irridet
1255 904 1596 974 disciplinam
1625 905 1818 972 patris.
1875 902 1979 971 Qui

2153 904 2217 951 ε’.
2268 899 2510 969 Ἀφρων
2557 901 2902 971 uva.quth
2961 902 3237 958 παιδείαν
3297 902 3564 972 πατρός.
3621 901 3677 956 '0

399 1003 520 1057 sine
547 1010 728 1056 mente
760 1009 867 1066 est,
900 999 1126 1055 monitis
1147 999 1401 1070 magistri
1445 1000 1529 1054 sui
1567 998 1766 1053 illudit.

2137 990 2310 1061 θύητος
2361 993 2622 1064 ἐμπαίζει
2671 997 2739 1067 τῇ
2786 994 2883 1050 τοῦ
2937 997 3136 1052 οἰκείου
3170 995 3513 1051 διδασκάλου
3561 1010 3677 1048 νου-

2137 1083 2260 1135 εσῖα.

2119 1083 2260 1138 sola.

471 1223 576 1289 Qui
608 1223 864 1277 mandata
905 1221 1159 1286 custodit,
1193 1220 1463 1276 callidior.
1493 1219 1596 1287 Qui
1628 1218 1981 1289 prudentium

2171 1213 2224 1268 '0
2261 1213 2330 1268 δὲ
2367 1215 2708 1284 φυλάσσων
2750 1217 3027 1284 ἐντολὰς,
3069 1219 3589 1288 πανουργότερος.
3623 1216 3682 1269 '0

403 1331 578 1382 more,
640 1323 910 1385 praecepta
972 1315 1223 1386 magistri
1285 1315 1566 1378 observat,
1624 1321 1943 1384 augmentut

2138 1327 2143 1357 :
2191 1305 2261 1360 τὰ
2307 1305 2522 1374 τούτου,
2556 1309 2633 1370 ὡς
2659 1309 2943 1381 φρόνιμος,
2992 1307 3163 1363 ποιῶν
3204 1308 3678 1380 παραγγέλματα,

403 1407 773 1478 intelligentiae
803 1407 1018 1476 recipit,
1042 1407 1356 1479 quotidiein
1390 1409 1534 1463 bono
1561 1406 1874 1478 proﬁciens.

2143 1398 2411 1470 ροσθήκην
2451 1401 2767 1470 φρονήσεως
2799 1400 3037 1471 δέχεται,
3079 1401 3160 1465 εἰς
3189 1400 3253 1454 τὸ
3290 1399 3514 1470 ἀγαθὸν
3557 1401 3683 1468 ὁση-

2090 1493 2255 1565 μέραι
2285 1492 2577 1557 ἐπιδιδούς.

472 1629 641 1686 Vens.
673 1630 727 1686 6.
757 1628 1050 1696 Injustitia
1081 1639 1361 1694 crescente,
1395 1629 1656 1699 fortitudo
1705 1627 1894 1684 multa.
1926 1626 1984 1684 In

2161 1628 2234 1688 ς’.
2266 1623 2370 1677 Ἐν
2392 1619 2805 1691 πλεοναζούσῃ
2839 1622 3194 1690 δικαιοσύνῃ
3224 1621 3415 1690 ἰσχὺς
3454 1617 3679 1686 πολλή.

405 1723 711 1794 spiritualis
759 1723 894 1792 legis
952 1722 1205 1792 iustitia,
1272 1739 1394 1792 quae
1456 1729 1511 1777 et
1563 1722 1874 1777 naturalem
1929 1737 1945 1776 ι

2142 1716 2189 1768 ἰν
2210 1717 2275 1785 τῇ
2309 1713 2404 1768 τοῦ
2434 1715 2809 1786 πνευματικοῦ
2842 1716 3008 1787 νόμου
3029 1713 3368 1787 δικαιοσύνῃ,
3397 1716 3471 1782 τῇ
3513 1713 3682 1781 ὑπερ-

404 1815 663 1884 scriptam
682 1816 914 1869 multum
954 1823 1202 1884 superat,
1231 1822 1382 1869 tanta
1415 1823 1500 1870 est
1549 1813 1750 1869 divinae
1797 1812 1944 1882 grati.

2143 1807 2362 1881 ιλλούσῃ
2386 1809 2484 1880 τὴν
2511 1807 2605 1862 τοῦ
2649 1808 2880 1878 φυσικοῦ
2902 1825 2962 1861 τε
3002 1807 3096 1861 καὶ
3120 1807 3216 1861 τοῦ
3240 1805 3528 1878 γραπτοῦ,
3561 1822 3683 1859 τοσ-

405 1905 534 1975 (qua
568 1906 693 1976 quis
715 1905 970 1976 dignatus
993 1904 1180 1977 fuerit)
1211 1906 1474 1976 potentia,
1501 1913 1560 1960 ut
1585 1919 1692 1959 non
1719 1903 1868 1961 solas
1889 1919 1945 1959 na

2143 1899 2226 1971 5τη
2261 1902 2412 1972 παρά
2442 1901 2542 1966 τῆς
2583 1901 2733 1964 Θείας
2787 1901 3008 1972 χάριτος
3041 1900 3119 1970 τῷ
3153 1899 3360 1970 ταύτης
3393 1897 3683 1963 ἀξιωθέντι

405 2002 541 2047 tune
579 1995 890 2064 passiones,
918 1993 1014 2049 sed
1068 1994 1242 2064 ipsam
1287 2008 1508 2064 quoque
1558 1999 1816 2047 naturam
1862 1992 1945 2046 vin

2145 1997 2339 2064 ivapag,
2380 1991 2521 2048 ὥστε
2560 1994 2634 2064 μὴ
2668 1993 2826 2062 μόνον
2864 1993 2929 2046 τὰ
2955 1991 3109 2064 παρὰ
3149 1989 3311 2061 φύσιν
3338 1988 3527 2061 πάθη,
3557 1988 3685 2043 ἀλλὰ

405 2091 518 2138 cat.
2089 2087 2184 2144 καὶ
2217 2086 2388 2158 αὐτὴν
2421 2087 2519 2156 τὴν
2563 2085 2724 2156 φύσιν
2754 2088 2933 2158 νικᾷν.

479 2207 641 2278 Impii
667 2210 926 2264 radicitus
955 2209 1020 2264 de
1048 2219 1191 2265 terra
1237 2208 1499 2278 peribunt.
1537 2208 1642 2275 Qui
1675 2209 1844 2264 Deum
1892 2224 1990 2279 per

2165 2216 2230 2269 οι
2251 2213 2321 2268 δὲ
2357 2213 2598 2282 ἀσεϐεῖς
2649 2213 2937 2284 ὁλόρῤιζοι
2960 2215 3028 2268 ἐκ
3051 2213 3166 2284 γῆς
3195 2213 3513 2269 amorem.
3547 2213 3611 2267 οι
3631 2212 3681 2266 δι

411 2315 582 2372 opera
618 2317 731 2374 non
777 2302 1077 2368 honorant,
1122 2309 1298 2358 morte
1326 2302 1396 2358 de
1433 2309 1582 2358 terra
1609 2302 1951 2358 destruentm

2133 2304 2170 2376 γὴ
2215 2304 2281 2358 δι’
2305 2305 2670 2377 ἀγαθοεργῑας
2710 2305 2976 2374 τιμῶντες
3007 2305 3161 2368 Θεὸν,
3193 2304 3673 2376 ὲξολοθρευθήσον-

408 2408 534 2449 cum
569 2393 685 2460 illo,
717 2394 787 2449 ad
820 2401 1043 2450 terrena
1081 2405 1351 2467 respectu,
1377 2397 1482 2453 sub
1516 2412 1626 2466 quo
1663 2395 1858 2450 anima:
1877 2411 1948 2452 ευρ

2136 2415 2179 2451 ιι
2209 2395 2288 2467 τῷ
2316 2396 2532 2466 Θανάτῳ
2565 2398 2628 2451 ὲκ
2660 2398 2760 2468 τῆς
2793 2398 2917 2468 γῆς,
2954 2396 3092 2466 μετὰ
3121 2400 3220 2469 τῆς
3250 2399 3384 2469 περὶ
3419 2397 3493 2452 τὰ
3525 2398 3676 2468 γήϊνα

407 2487 666 2558 perituris
691 2488 856 2544 rebus
889 2489 962 2544 ita
991 2496 1119 2544 sunt
1148 2488 1340 2556 aﬂixae,
1376 2499 1432 2545 ut
1475 2492 1619 2545 inter
1650 2490 1947 2561 incorrupti

2136 2489 2333 2560 χέσεως
2358 2507 2372 2522 ·
2401 2489 2520 2544 καθ’
2554 2492 2620 2560 ἥν
2646 2490 2703 2544 αἱ
2737 2489 2941 2544 τούτων
2971 2489 3160 2560 ψυχαὶ,
3200 2489 3327 2560 περὶ
3357 2490 3432 2544 τὰ
3468 2488 3676 2563 φθαρτά

409 2578 540 2634 bilia
571 2579 751 2635 nolint
781 2581 1092 2636 transferri.

2133 2582 2482 2652 αγιωθεῖσαι,
2522 2583 2658 2655 πρὸς
2693 2583 2760 2637 τὰ
2807 2583 3061 2656 ἄφθαρτα
3096 2581 3580 2655 μεταφυτευθῆναι
3620 2579 3673 2633 ού

356 2723 366 2781 ἓ
2094 2673 2397 2745 βούλονται.

359 2787 365 2868 ᾗ
475 2800 728 2856 Domibus
778 2801 1053 2869 iustorum
1103 2801 1366 2872 fortitudo
1426 2801 1616 2856 multa.
1651 2799 1899 2872 Corporil

2158 2803 2358 2870 Οἶκοις
2389 2802 2636 2857 δικαίων
2678 2800 2847 2870 ἰσχὺς
2896 2800 3118 2868 πολλή.
3163 2801 3250 2856 Ἐν
3283 2802 3398 2864 τοῖς
3439 2799 3552 2853 τῶν
3584 2796 3668 2860 τὰς

407 2909 622 2962 eorum,
657 2895 750 2964 qui
777 2894 962 2948 divina
993 2895 1248 2950 mandata
1305 2893 1625 2949 custodiunt
1657 2894 1784 2966 (ipsi
1843 2895 1947 2949 enit

2129 2895 2240 2960 είας
2289 2894 2508 2958 ἐντολὰς
2541 2893 2926 2966 ἐργαζομένων
2965 2893 3234 2964 σώμασιν,
3262 2889 3344 2957 οἷς
3377 2887 3554 2959 οὗτοι,
3590 2885 3669 2946 οἷά

411 2986 465 3039 in
498 2985 584 3040 liis
633 2985 962 3055 corporibus
1006 2986 1074 3039 ad
1115 2994 1348 3040 mortem
1384 2999 1580 3054 usque,
1628 2993 1889 3055 tanquam
1935 2986 1949 3040 i

2130 3005 2235 3040 ισιν
2251 2986 2444 3051 οἴκοις,
2473 2987 2635 3058 μέχρι
2653 2986 2885 3040 θανάτου
2909 2985 3308 3057 παραμένουσι,
3331 2985 3510 3057 πολλὴ
3535 2982 3666 3055 παρὰ

410 3077 689 3142 domibus,
721 3077 1095 3147 permanent),
1126 3083 1277 3131 tanta
1310 3070 1456 3132 inest
1487 3077 1663 3132 virtus
1707 3093 1804 3148 per
1851 3077 1950 3133 divi

2131 3078 2196 3148 ἧς
2227 3076 2378 3140 θείας
2413 3076 2636 3148 χάριτος
2664 3075 2896 3147 δύναμις
2915 3093 2927 3105 ·
2953 3075 3092 3128 ὥστε
3108 3075 3184 3128 ’τὰ
3208 3077 3266 3129 ὲν
3286 3076 3478 3138 αὐτοῖς
3507 3077 3666 3145 ἐμφω-

412 3185 536 3224 nam
578 3170 832 3239 gratiam,
863 3179 922 3224 ut
983 3170 1228 3226 obtecms
1289 3171 1343 3225 in
1389 3187 1449 3228 se
1509 3170 1817 3242 passiones,
1863 3180 1950 3228 act

2124 3170 2325 3225 ,εύοντα
2389 3167 2536 3240 πάθη
2589 3167 2730 3222 κατὰ
2777 3167 2976 3239 πρᾶξιν
3019 3167 3380 3239 ἀποκνεκροῦν,
3432 3167 3528 3221 καὶ
3580 3166 3664 3230 τὰς

411 3261 743 3317 mortilicent
773 3269 826 3318 et
849 3262 1081 3320 virtutes
1110 3264 1404 3320 extollant.

1040 3278 1081 3320 es
1110 3264 1404 3320 extollant.
2093 3263 2296 3336 ἀρετὰς
2330 3262 2580 3334 ὑφιστᾷν.

483 3386 716 3442 Fructus
746 3389 1032 3459 impiorum
1065 3389 1330 3458 peribunt.
1363 3388 1538 3461 Opera
1571 3405 1786 3456 eorum,
1808 3391 1992 3461 -——qui

2167 3389 2391 3458 Καρποὶ
2424 3387 2493 3441 δὲ
2522 3387 2759 3442 ἀσεϐῶν
2779 3386 3169 3442 ἀπολοῦνται.
3208 3387 3288 3440 Τὰ
3315 3386 3371 3440 δὲ
3404 3387 3540 3457 ἔργα
3569 3382 3659 3437 τῶν

411 3477 604 3546 Deum,
642 3495 737 3548 per
767 3481 937 3536 vitam
978 3481 1176 3538 virtute
1232 3482 1526 3551 integram,
1554 3498 1662 3537 non
1693 3483 1951 3538 honoran‘

2118 3483 2173 3553 ιὴ
2201 3482 2268 3536 δι’
2296 3481 2551 3551 ἐναρέτου
2581 3478 2695 3550 βίου
2723 3478 3010 3548 τιμώντων
3058 3478 3568 3550 Θεὸν,χωρήσουσιν
3593 3475 3658 3536 εἰς

409 3601 481 3612 —-
509 3570 576 3626 ad
605 3571 838 3625 nihilum
884 3572 1134 3637 abibunt,
1171 3571 1397 3642 perinde
1439 3583 1501 3630 ac
1533 3573 1704 3629 relate
1755 3575 1822 3629 ad
1877 3578 1949 3630 sol

1964 3589 1996 3629 a
2096 3575 2268 3639 οὐδὲν,
2305 3575 2380 3638 ὡς
2406 3574 2534 3644 περὶ
2564 3572 2630 3626 τὰ
2657 3571 2874 3642 φθαρτὰ
2907 3572 3044 3643 μόνα
3073 3571 3502 3641 καταγινόμενα.

411 3663 794 3734 corruptibilia
829 3673 1016 3721 essent
1043 3664 1262 3721 eﬂ'ecta.

486 3791 652 3849 Vsus.
677 3794 726 3848 7.
755 3792 918 3848 Labia
951 3795 1270 3865 sapientium
1300 3796 1479 3850 sensui
1507 3796 1829 3865 alligantur.
1862 3795 1996 3854 Ver-

2170 3791 2236 3858 ζ’.
2268 3792 2450 3860 Χείλη
2491 3791 2559 3846 δὲ
2589 3789 2798 3860 σοφῶν
2822 3790 3056 3846 δέδεται
3093 3789 3396 3860 αἰσθήσει.
3433 3789 3494 3845 Ol
3531 3787 3655 3854 λόγοι

414 3884 481 3938 ba
543 3885 874 3954 sapientium
918 3885 1204 3955 judicandi
1237 3886 1498 3943 facultate
1547 3896 1954 3944 connectuntur

2119 3885 2206 3939 τῶν
2236 3884 2416 3954 σοφῶν
2454 3884 2782 3952 δεσμοῦνται
2845 3887 2912 3955 τῇ
2960 3883 3258 3955 διακρίσει,
3287 3885 3421 3958 ὅπου
3465 3883 3558 3946 δεῖ,
3582 3880 3659 3932 καὶ

414 3976 504 4028 ubi
539 3987 772 4044 Oportet,
810 3984 865 4032 et
897 3977 1119 4048 quando
1165 3989 1222 4033 et
1259 3982 1536 4051 quomodo
1590 3989 1829 4052 Oportet,
1862 3996 1954 4052 pro

1458 3982 1536 4036 ldo
1590 3989 1829 4052 oportet,
1862 3996 1996 4052 ιιι-ο·
2098 3977 2211 4044 ὅτε,
2241 3975 2337 4031 καὶ
2364 3976 2440 4040 ὡς
2467 3975 2547 4030 δεῖ
2575 3976 2998 4048 προφερόμενοι.

416 4065 687 4122 feruntur.

487 4191 594 4247 Cor
619 4196 910 4250 anientium
939 4213 1046 4252 non
1091 4205 1169 4252 est
1196 4214 1458 4255 securum.
1494 4201 1689 4256 Anima
1722 4201 1994 4274 insipien-

2169 4197 2396 4266 Καρδία
2424 4197 2493 4251 δὲ
2525 4198 2824 4266 ἀφρόνων,
2857 4198 2968 4251 οὐκ
2991 4193 3298 4266 ἀσφαλής.
3347 4195 3414 4248 Ἦ
3450 4191 3582 4265 ψυχὴ
3607 4189 3649 4243 δὲ

415 4287 574 4348 tium.
609 4287 662 4341 in
719 4287 920 4345 timore
950 4287 1170 4344 Domini
1222 4307 1328 4347 non
1393 4292 1706 4348 custoditur
1735 4294 1805 4350 al)
1859 4295 1955 4352 illis

2110 4289 2208 4344 τῶν
2236 4291 2478 4361 ἀνοήτων
2518 4291 2579 4342 ού
2621 4289 2965 4358 πεφύλακται
2995 4289 3053 4342 ὲν
3084 4287 3216 4358 θείῳ
3239 4288 3409 4358 φόϐῳ,
3446 4286 3546 4341 ἀπὸ
3566 4281 3650 4334 τῶν

415 4392 542 4447 quae
569 4387 764 4432 contra
795 4379 1067 4438 rationem
1106 4391 1257 4448 sunt,
1282 4381 1533 4453 judiciis.

1336 4381 1533 4448 tdiciis.
2027 4446 2061 4453 _
2103 4380 2428 4451 παραλόγων
2456 4381 2876 4453 ἐνθυμημάτων.

493 4498 657 4555 Vens.
677 4501 730 4555 8.
764 4501 1050 4572 Sacriﬁcia
1079 4492 1719 4575 impiorum‘abominatio
1751 4509 1992 4567 Domina.
2031 4491 2033 4499 Ι

2172 4513 2242 4578 η’.
2278 4507 2494 4563 Θυσίαι
2517 4507 2597 4562 da
2614 4506 2772 4573 θεῶν,
2792 4506 3109 4577 βδέλυγμα
3129 4509 3342 4578 Κυρίῳ.
3389 4500 3646 4573 Ἀποστρέ-

418 4591 644 4663 Alujicit,
676 4607 860 4645 rerum
891 4595 1134 4650 omnium
1171 4597 1457 4664 Dominus,
1489 4601 1634 4656 dona
1675 4602 1778 4672 ipsi
1815 4602 1958 4658 oblat

2105 4618 2261 4670 φεται
2295 4601 2324 4654 ὀ
2350 4599 2458 4654 τῶν
2495 4599 2634 4654 ὅλων
2669 4599 2948 4668 Δεσπότης
2980 4599 3051 4653 τὰ
3097 4600 3487 4670 προσαγόμενα
3526 4592 3645 4661 αὐτῷ

413 4685 488 4762 ιδῃ
540 4681 878 4748 hominibus,
911 4686 1003 4755 qui
1049 4688 1203 4754 prius
1237 4704 1365 4744 cum
1409 4691 1659 4761 patribus
1717 4707 1826 4748 non
1868 4707 1953 4748 ειη

2105 4691 2247 4762 δῶρα
2287 4689 2439 4764 παρὰ
2465 4690 2577 4745 τῶν
2623 4690 2699 4762 μὴ
2745 4690 3011 4761 πρότερον
3064 4690 3530 4761 διαλλαττομένων
3556 4688 3645 4745 τοῖς

422 4775 760 4832 reconciliati
784 4783 839 4832 et
862 4792 960 4848 per
996 4777 1325 4835 charitatem
1358 4783 1413 4837 in
1449 4799 1546 4841 eos
1593 4787 1741 4857 (quae
1770 4794 1852 4843 est
1883 4786 1962 4854 ple

2103 4783 2375 4854 ἀδελφοῖς,
2406 4776 2501 4837 καῖ
2531 4783 2620 4837 διὰ
2650 4783 2752 4854 τῆς
2788 4784 2867 4846 εἰς
2898 4783 3096 4847 αὐτοὺς
3122 4784 3345 4854 ἀγάπης
3375 4783 3512 4854 (ἥτις
3552 4776 3643 4832 ἐστὶ

418 4870 613 4925 nitudo
665 4869 800 4942 legis
849 4880 903 4926 et
932 4869 1384 4942 prophetarum),
1425 4880 1831 4936 venerationem
1895 4881 1958 4952 ip:

2103 4877 2378 4950 πλήρωμα
2401 4877 2564 4948 νόμου
2594 4876 2689 4930 καί
2721 4874 3039 4946 προφητῶν)
3071 4877 3131 4930 τὸ
3187 4874 3354 4939 σέϐας
3379 4869 3643 4942 ἁπονεμόν-

416 4980 528 5019 non
561 4965 896 5022 tribuerunt.

875 5005 896 5021 η·
2103 4987 2209 5023 των
2247 4968 2415 5040 αὐτῷ.

495 5073 706 5140 Preces,
730 5083 864 5131 recte
887 5075 1264 5145 incedentium,
1292 5089 1516 5148 accepta:
1557 5082 1698 5148 apud
1730 5098 1868 5136 eum.
1895 5079 2000 5136 De-

2174 5081 2365 5152 Εὐχαὶ
2407 5079 2476 5135 δὲ
2529 5080 3022 5136 κατευθυνόντων
3076 5075 3276 5134 δεκται
3330 5079 3468 5149 παρ’
3498 5071 3638 5138 αὐτῷ.

421 5169 768 5238 precationes
799 5186 987 5227 eorum
1016 5171 1263 5239 exaudit,
1296 5175 1391 5244 qui
1418 5175 1585 5230 vitam
1612 5191 1769 5230 suam
1805 5189 1961 5230 secur

2104 5173 2470 5244 Προσδέχεται
2497 5172 2554 5226 δὲ
2575 5171 2674 5236 τὰς
2701 5160 2970 5238 ἐντεύξεις
2998 5169 3106 5224 τῶν
3129 5169 3273 5224 κατὰ
3295 5171 3395 5235 τὰς
3421 5171 3554 5232 θείας
3574 5165 3639 5220 αὺ-

419 5261 551 5316 dum
589 5263 777 5319 divina
810 5258 1067 5322 mandata
1100 5268 1369 5339 dirigunt.

2103 5265 2198 5320 τοῦ
2233 5265 2452 5328 ἐντολὰς
2484 5264 2920 5319 κατευθυνόντων
2947 5264 3047 5335 τὴν
3080 5263 3291 5317 ἑαυτῶν
3323 5264 3519 5334 βιοτήν.

494 5368 661 5425 Vens.
696 5372 749 5427 9.
781 5372 1123 5428 Abominatio
1159 5375 1407 5440 Domino,
1433 5379 1528 5433 vita
1561 5379 1754 5448 impiae.
1788 5378 2006 5437 Odiosa:

2177 5374 2241 5428 θ’.
2277 5373 2593 5444 Βδέλυγμα
2618 5374 2828 5442 Κυρίῳ,
2861 5372 2985 5427 ὁδοὶ
3015 5372 3296 5438 ἀσεϐοῦς.
3328 5369 3536 5443 Μισητά
3561 5367 3637 5417 εἰσι

424 5472 554 5516 sunt
586 5479 769 5519 rerum
809 5476 1140 5544 cunctarum
1175 5467 1435 5533 Domino,
1475 5479 1737 5542 tanquam
1771 5475 1964 5528 manda

2107 5465 2184 5535 τῷ
2229 5465 2322 5519 τοῦ
2360 5465 2560 5527 παντὸς
2604 5465 2872 5536 Δεσπότῃ,
2917 5464 2994 5528 ὡς
3043 5465 3176 5534 παρ’
3224 5463 3446 5535 ἐντολὴν
3490 5458 3637 5515 τούτου

426 5551 496 5606 tis
518 5554 637 5622 ejus
673 5559 956 5628 oppositae,
987 5543 1181 5614 omnes
1209 5559 1313 5616 illa:
1340 5560 1406 5614 ad
1442 5562 1606 5616 vitam
1645 5563 1966 5632 pertinentes

2109 5558 2445 5629 ὑπάρχοντα,
2491 5557 2559 5611 τὰ
2592 5557 2736 5612 κατὰ
2779 5556 2892 5628 βίον
2932 5556 3343 5631 ἐπιτηδεύματα
3389 5554 3479 5612 τοῦ
3509 5552 3566 5626 μὴ
3589 5543 3636 5601 δι’

427 5646 984 5711 imlustrimeminis
1023 5651 1313 5722 istius,qui
1350 5653 1516 5708 Deum
1553 5670 1645 5723 per
1679 5653 1818 5709 bona
1842 5670 1967 5724 oper

1504 5671 1516 5706 ι
1553 5670 1645 5723 per
1679 5653 1818 5709 bona
1842 5670 2006 5724 opera
2109 5651 2329 5723 ἀγαθῶν
2359 5652 2535 5724 ἔργων
2567 5651 2834 5722 τιμῶντος
2863 5650 3043 5708 αὐτόν.

429 5749 536 5789 non
577 5737 828 5792 honorat.
