3900 6228
264 342 397 406 1373

1300 338 1833 401 COMMENTARII
1872 339 1948 399 [Ν
1989 339 2449 402 PROVERBIA.

3371 327 3505 394 1374

327 449 654 516 Διώκοντας
675 448 742 502 δὲ
759 448 1156 516 δικαιοσύνην
1199 446 1421 517 ἀγαπᾷ.
1440 446 1580 511 Τοὺς
1609 447 1665 500 δὲ
1695 448 1822 517 πρὸς

2009 447 2388 518 Persequentes
2411 447 2692 517 justitiam
2723 455 2887 500 amat.
2923 444 3074 513 Illos,
3106 442 3196 513 qui
3235 443 3300 498 ad
3336 443 3502 497 vitam

256 540 346 592 τὸν
384 539 602 610 θεοφιλῆ
633 539 745 609 βίον
776 537 1125 602 σπεύδοντας,
1160 539 1236 602 ὡς
1262 539 1380 593 κατ’
1403 538 1622 610 ἐντολὴν
1657 538 1821 592 αύτοῦ

256 627 723 699 πολιτευομένους,
760 627 1088 694 ἀσπάζεται.

326 775 379 826 ι’.
407 771 651 825 Παιδεία
697 771 925 826 ἀκάκου
953 769 1286 842 γνωρίζεται
1306 769 1425 825 ὑπὸ
1458 770 1578 824 τῶν
1605 769 1824 837 παρόν-

252 878 388 917 των.
433 863 498 915 Ἦ
525 861 618 915 τοῦ
651 862 1019 934 ἀπλουστέρου
1049 863 1144 916 καὶ
1178 863 1374 926 κακίας
1401 852 1850 931 ἀπηλλαγμένων

253 949 526 1016 νουθεσία,
551 952 912 1016 ἀνυπόστολος
933 948 1069 1008 οὖσα
1090 948 1190 1008 καὶ
1211 951 1438 1022 φοϐερὰ,
1465 950 1824 1021 καταλαμϐά-

253 1056 402 1092 νεται
430 1041 523 1094 καὶ
566 1041 712 1112 παρά
737 1042 847 1096 τῶν
876 1042 951 1106 ὡς
977 1045 1036 1097 ἐν
1057 1042 1275 1115 παρόδῳ
1305 1041 1509 1112 ταύτης
1538 1041 1824 1112 ἀκροωμέ-

253 1147 379 1185 ναΝ.

316 1259 381 1310 Oi
398 1256 466 1310 δὲ
484 1256 809 1326 μισοῦντες
828 1256 1138 1327 ἐλέγχους,
1156 1254 1520 1311 τελευτῶσιν
1532 1257 1820 1325 αισχρῶς.

252 1347 316 1399 Oi
349 1347 406 1400 δὲ
442 1349 568 1411 τοὺς
597 1347 846 1401 ἐντεῦθεν
877 1349 1144 1418 φανεροὺς
1180 1347 1289 1401 τῶν
1331 1348 1547 1402 οἰκείων
1575 1347 1826 1418 ἁμαρτη-

256 1437 438 1508 μάτων
461 1437 717 1509 ἐλέγχους
745 1439 1239 1511 ἀποστρεφόμενοι,
1272 1442 1339 1510 τῇ
1366 1439 1620 1511 αἰσχίστῃ
1644 1439 1824 1493 αὐτῶν

253 1530 420 1601 κακίᾳ
454 1530 969 1606 ἐνσποθνήσκουσιν,
1005 1530 1259 1602 μένοντες
1290 1530 1377 1584 διὰ
1412 1531 1613 1596 παντὸς
1641 1531 1822 1602 ἀδιόρ-

253 1622 437 1677 ϐωτοι.

323 1745 410 1800 ια’.
446 1747 633 1818 ᾊδης
681 1747 780 1803 καὶ
825 1747 1112 1815 ἀπώλεια,
1147 1749 1377 1819 φανερὰ
1410 1749 1570 1819 παρὰ
1593 1749 1787 1816 Κυρίῳ
1813 1766 1828 1779 ο

250 1835 374 1903 πῶς
418 1838 553 1907 οὐχὶ
600 1838 698 1892 καὶ
751 1841 811 1893 αἱ
855 1837 1095 1907 καρδίαι
1149 1836 1268 1892 τῶν
1305 1837 1666 1906 ἀνθρώπων;
1719 1837 1830 1890 Κάι

250 1931 427 1984 πάντα
460 1930 526 1984 τὰ
559 1933 693 2002 ἡμῖν
737 1930 1097 2002 ἀγνοούμενα,
1130 1925 1240 1984 οἷον
1272 1931 1300 1983 ὁ
1343 1929 1555 2000 ἀφανὴς
1579 1928 1740 1991 τόπος
1771 1929 1829 1980 ἐν

246 2014 290 2090 ᾧ
323 2021 460 2092 μετά
489 2021 756 2087 διάζευξιν
790 2022 888 2094 τὴν
934 2021 1184 2088 ἀπὺ-τῶν
1237 2021 1502 2092 σωμάτιον
1543 2021 1823 2088 διάγουσιν

249 2114 305 2165 αἱ
337 2111 507 2183 ψυχαὶ
537 2114 642 2185 πρὸ
673 2115 772 2185 τῆς
817 2115 1164 2177 ἀναστάσεως
1198 2114 1295 2185 (2),
1330 2115 1422 2166 ml.
1466 2113 1605 2184 αὐτὴ
1638 2115 1671 2184 ἡ
1720 2111 1828 2166 ἀπὸ

248 2202 384 2255 Θεοῦ
430 2203 702 2266 ἔκπτωσις
761 2205 826 2274 ἢν
887 2206 935 2257 oi
999 2203 1310 2275 ἁμαρτωλοὶ
1367 2202 1824 2273 κατακρίνονται,

247 2294 500 2366 γνώριμα
542 2295 693 2368 παρά
720 2295 796 2366 τῷ
831 2295 939 2351 τῶν
967 2296 1103 2350 ὅλων
1136 2295 1382 2368 Δεσπὸτῃ
1412 2295 1517 2349 είσί
1538 2313 1553 2329 ο
1582 2296 1677 2348 καὶ
1709 2295 1828 2360 πῶς

245 2387 345 2440 οὐκ
400 2386 685 2442 ἐπίσταται
739 2387 834 2443 καὶ
893 2389 1020 2452 τοὺς
1070 2389 1175 2442 τῶν
1226 2388 1463 2460 καρδιῶν
1509 2387 1664 2458 ἡμῶν
1711 2388 1827 2442 δια·-

245 2476 575 2547 λογισμούς;
623 2478 952 2548 Φοϐηθῶμεν
1005 2474 1100 2532 οὖν
1137 2477 1244 2531 ἀπὸ
1288 2477 1578 2549 προσώπου
1636 2477 1823 2541 αὐτοῦ,

246 2565 295 2618 ot
353 2567 422 2620 τὰ
473 2567 684 2637 πονηρὰ
729 2566 1180 2638 διαλογιζόμενοι,
1238 2566 1314 2631 ὼς
1365 2567 1665 2639 ἐφορῶντος
1732 2567 1828 2622 καὶ

246 2669 440 2710 ταυτα.

321 2780 407 2850 ιβ’.
429 2783 549 2836 Οὐκ
575 2783 876 2853 ἀγαπήσει
900 2783 1264 2869 ἀπαίδευτος
1295 2785 1440 2851 τοὺς
1463 2763 1826 2854 ἐλέγχοντας

259 2873 462 2929 αὐτόν.
497 2875 611 2929 Οὐκ
650 2875 955 2930 ἀσπάσεται
1000 2879 1027 2931 ό
1076 2877 1322 2947 ἀμύητος
1353 2877 1444 2930 τοῦ
1491 2878 1656 2931 καλοῦ
1700 2878 1826 2939 τοὺς

1857 1662 1904 1722 Β

1931 537 2040 592 Deo
2073 547 2280 609 gratam
2324 539 2604 605 festinant,
2649 539 2806 610 quasi
2848 538 3007 607 juxta
3074 537 3328 591 mandata
3385 535 3504 604 cjus

1931 637 2342 693 conversantes,
2370 629 2571 698 diligit.

2000 764 2166 821 Vens.
2182 767 2271 822 i0.
2299 767 2591 836 Disciplina
2611 767 2921 832 innocentis,
2950 765 3287 836 cognoscitur
3310 780 3343 816 ιι
3363 777 3505 832 prte-

1929 858 2182 913 sentibus.
2217 857 2584 930 Simplicioris
2631 867 2684 914 et
2731 875 2759 912 a
2798 858 3005 912 malitia
3070 857 3232 910 soluti
3277 853 3504 916 monita,

1926 962 2051 1002 cum
2105 949 2470 1006 inverecunda
2523 951 2632 1005 sint
2673 959 2728 1004 et
2785 949 3062 1014 timenda,
3110 944 3494 1016 suscipiuntur

1928 1041 2091 1095 etiam
2115 1041 2182 1096 ab
2203 1041 2365 1112 ipsis,
2403 1042 2497 1110 qui
2529 1044 2871 1099 transeundo
2896 1043 2987 1099 illa
3017 1042 3345 1098 audiverint.

2000 1255 2104 1323 Qui
2118 1257 2498 1326 increpationes
2519 1256 2725 1321 odiunt,
2745 1257 3091 1325 ignominiose
3116 1257 3275 1310 vitam
3294 1257 3499 1326 ﬁnierit.

1934 1345 2039 1412 Qui
2087 1347 2378 1403 evidentes
2411 1349 2757 1419 propriorum
2791 1348 3113 1403 delictorum
3160 1350 3502 1418 reprobatio-

1929 1451 2029 1490 nes
2055 1435 2347 1505 abjiciunt,
2386 1437 2440 1491 in
2493 1437 2813 1499 turpissima
2863 1452 2962 1491 sua
3002 1438 3356 1507 perversitate
3384 1451 3498 1491 mo-

1929 1526 2161 1594 rientur,
2188 1527 2318 1597 quia
2367 1542 2581 1594 semper
2608 1525 3002 1597 indisciplinati
3044 1533 3353 1582 remanent.

1999 1745 2167 1802 Vens.
2202 1746 2290 1803 11.
2323 1745 2569 1816 Infernus
2599 1755 2650 1802 et
2680 1743 2907 1816 perditio
2943 1748 3212 1811 perspecta
3237 1747 3360 1793 sunt
3388 1738 3498 1794 Do-

1929 1839 2069 1892 mino
2094 1854 2224 1897 :cur
2244 1856 2344 1894 non
2376 1840 2645 1894 hominum
2665 1837 2869 1892 corda?
2889 1834 3082 1890 Omnia
3106 1833 3265 1888 nobis
3292 1833 3493 1901 ignota,

1929 1931 2107 2000 qualis
2147 1931 2440 1986 invisibilis
2465 1933 2555 1986 ille
2585 1931 2760 1993 locus,
2792 1930 2846 1984 in
2873 1942 2981 1999 quo
3007 1934 3129 1996 post
3165 1924 3498 1993 disjunctio-

1928 2037 2056 2078 nem
2097 2037 2127 2076 a
2154 2023 2478 2093 corporibus
2511 2030 2564 2076 et
2595 2030 2722 2076 ante
2750 2015 3234 2078 resurrectionem,
3257 2012 3498 2066 habitant

1928 2115 2143 2180 animae,
2182 2115 2290 2168 imo
2319 2121 2373 2170 et
2410 2113 2684 2170 excidium
2717 2129 2746 2167 a
2790 2111 2924 2175 Deo,
2949 2109 3023 2164 ad
3050 2107 3196 2178 quod.
3235 2113 3494 2173 peccato--

1927 2222 2015 2260 res
2047 2207 2397 2270 damnantur,
2445 2203 2732 2259 manifesta
2785 2209 2916 2257 sunt
2954 2214 3136 2255 rerum
3168 2202 3496 2251 cunctarum

1931 2294 2164 2351 Domino
2195 2312 2210 2362 ;
2242 2301 2298 2350 et
2352 2295 2628 2366 quomodo
2660 2309 2767 2348 non
2800 2293 2936 2349 sciet
2969 2288 3336 2360 cogitationes
3363 2299 3492 2339 cor-

1928 2385 2078 2441 dium
2093 2390 2403 2441 nostrorum
2421 2387 2444 2440 1
2465 2385 2964 2441 Contremiscamus
2981 2395 3111 2452 ergo
3141 2389 3269 2434 ante
3299 2377 3495 2431 faciem

1927 2477 2047 2547 ejus
2083 2478 2178 2548 qui
2203 2478 2346 2531 mala
2381 2477 2716 2548 cogitamus,
2752 2476 2882 2545 quia
2917 2482 2971 2528 et
2998 2472 3114 2526 haec
3147 2467 3430 2541 perspicit.

1997 2786 2165 2842 Vens.
2192 2787 2278 2841 12.
2312 2785 2750 2853 Indisciplinatus
2799 2800 2904 2838 non
2965 2790 3111 2836 amat
3160 2779 3498 2848 corripientes

1927 2881 2118 2947 ipsum.
2151 2879 2253 2944 Qui
2289 2878 2432 2932 bono
2477 2892 2589 2932 non
2618 2884 2705 2932 est
2748 2876 3020 2938 initiatus,
3061 2875 3500 2928 demonstrantes

253 2983 386 3033 φανε
397 2966 747 3037 ροποιοῦντας
770 2967 919 3038 αὐτῷ
943 2967 1012 3020 τὰ
1031 2967 1219 3032 κακῶς
1235 2967 1674 3039 διαπραττόμενα
1691 2969 1822 3039 παρ’

1949 2973 2028 3042 psi
2053 2985 2174 3042 quae
2209 2971 2353 3026 male
2405 2969 2698 3041 peregerit,
2723 2967 3040 3038 neutiquam
3092 2963 3498 3033 complectitur.

245 3057 429 3111 αὑτοῦ.

317 3182 478 3236 Μετὰ
505 3183 572 3236 δὲ
612 3183 820 3252 σοφῶν
861 3185 974 3254 οὐχ
1027 3183 1328 3255 ὁμιλήσει.
1375 3183 1486 3237 Καὶ
1533 3184 1672 3256 μετά
1712 3185 1822 3238 τῶν

249 3271 651 3338 διασαφούντων
667 3272 813 3342 αὑτῷ
837 3273 898 3326 τὸ
926 3274 1089 3328 καλὸν
1138 3275 1198 3328 οὐ
1222 3273 1562 3344 συλλαλήσει,
1584 3275 1659 3338 ὡς
1684 3276 1821 3344 μήτε

246 3365 345 3436 τὴν
371 3364 464 3418 τοῦ
495 3365 666 3419 κακοῦ
697 3366 896 3436 φυγὴν,
930 3368 1070 3439 μήτε
1097 3369 1196 3439 τὴν
1217 3368 1312 3422 τοῦ
1339 3369 1502 3422 καλοῦ
1535 3369 1821 3442 ἐπιτυχίαν

249 3453 452 3510 ποθῶν.

321 3584 410 3655 ιγ’.
442 3587 700 3654 Καρδίας
721 3586 1220 3656 εὐφραινομένης,
1243 3587 1452 3643 θάλλει
1475 3588 1818 3656 πρόσωπον.

247 3676 354 3730 Τοῦ
396 3677 538 3731 κατὰ
568 3678 667 3748 τὴν
698 3677 1090 3748 κεκρυμμένην
1135 3677 1376 3732 διάθεσιν
1415 3677 1517 3746 τῆς
1558 3677 1758 3747 ψυχῆς,
1786 3677 1820 3746 ἢ

250 3769 342 3822 ἐπὶ
374 3770 485 3833 τοῖς
510 3769 620 3823 τῶν
645 3772 1005 3853 προσκαίρων
1025 3769 1294 3853 ήδέσινιῆ
1329 3771 1397 3838 τῇ
1433 3768 1543 3822 τῶν
1589 3769 1822 3822 αἰωνίων

248 3859 466 3928 ἀγαθῶν
511 3859 682 3915 ἐλπίδι
730 3847 1099 3931 ἀγαλλομὲνου
1166 3847 1365 3930 φῶδρά
1417 3860 1451 3930 ἡ
1522 3859 1644 3927 ὄψις
1684 3857 1820 3911 καθ-

248 3951 576 4022 ·ίστηκε,τὴν
601 3951 746 4006 ἔνδον
769 3951 958 4006 τούτου
981 3952 1462 4024 χαρακτηρίζουσα
1479 3949 1816 4019 ἀγαλλίασιν.

329 4073 425 4125 Ἐν
449 4071 517 4126 δὲ
550 4072 772 4138 λύπαις
799 4072 1010 4140 οὔσης,
1045 4070 1473 4139 σκυθρωπάζει.
1501 4069 1608 4123 Τοῦ
1637 4070 1682 4124 δ’
1721 4063 1820 4124 αὗ-

1997 3191 2131 3249 Cnm
2151 3189 2472 3262 sapientibus
2511 3208 2801 3247 sermonem
2835 3209 2937 3246 non
2971 3191 3197 3245 habebit.
3228 3190 3362 3244 Cum
3401 3204 3501 3243 ex-

1925 3285 2280 3354 planantibus
2311 3285 2414 3354 ipsi
2432 3285 2660 3350 bonum,
2686 3298 2798 3337 non
2837 3284 3203 3351 colloquetur,
3243 3281 3370 3348 quia
3401 3294 3502 3334 nec

1922 3377 2108 3448 fugere
2137 3391 2168 3430 a
2206 3376 2348 3429 malo
2385 3389 2485 3429 nec
2521 3375 2791 3444 attingere
2815 3373 2883 3427 ad
2939 3373 3164 3436 bonum,
3197 3370 3498 3426 desiderat.

1993 3593 2160 3649 Vens.
2196 3592 2283 3646 15.
2313 3589 2484 3646 Corde
2507 3589 2740 3651 laetante,
2769 3585 3001 3656 ﬂorescit
3032 3584 3228 3640 vultus.
3274 3584 3326 3636 Si
3352 3584 3497 3652 quis.

1919 3684 2073 3754 juxta
2122 3683 2399 3738 obtectum
2440 3681 2635 3734 animae
2673 3678 2942 3740 habitum,
2970 3675 3054 3730 vel
3090 3673 3157 3728 de
3187 3672 3503 3742 temporali-

1925 3776 2028 3830 bus
2070 3774 2354 3842 jucundis,
2398 3772 2484 3825 vel
2529 3770 2595 3824 de
2626 3769 2821 3822 fiducia
2852 3767 3120 3822 bonurum
3171 3771 3500 3818 aeternorum

1925 3859 2252 3932 congaudet,
2276 3857 2597 3929 perlucidus
2623 3857 2742 3926 ejus
2772 3862 3026 3926 aspectus
3065 3853 3338 3908 internum
3367 3866 3502 3921 gau-

1923 3952 2072 4007 dium
2095 3949 2164 4004 ad
2194 3949 2374 4004 vivum
2400 3948 2706 4019 exprimit..

1990 4075 2058 4130 In
2093 4074 2375 4141 dolorosis,
2415 4074 2780 4129 obnubilatur.
2815 4071 3049 4135 Rursus,
3085 4073 3130 4126 si
3158 4038 3281 4138 quis
3336 4067 3500 4136 juxta

249 4162 333 4226 θις
357 4163 500 4216 κατά
526 4163 589 4216 τὸ
625 4162 888 4232 κρυπτὸν,
921 4162 1020 4215 εἴτ’
1063 4161 1156 4215 ἐπὶ
1185 4163 1297 4225 τοῖς
1329 4162 1440 4216 τῶν
1468 4161 1819 4232 προσκαίρων

1952 4174 2125 4222 latum
2188 4181 2348 4222 suum
2407 4165 2816 4228 absconditum,
2867 4163 2952 4218 vel
2992 4167 3060 4218 de
3116 4157 3500 4230 temporalium

248 4257 507 4326 ἀνιαροῖς,
543 4255 651 4308 εῐτε
681 4254 759 4325 τῷ
791 4255 940 4324 φόϐῳ
977 4254 1086 4309 τῶν
1133 4254 1507 4326 ἀτελευτήτων
1540 4254 1817 4308 κολάσεων

1947 4255 2128 4311 »(11οεί5
2150 4255 2234 4311 vel
2260 4255 2328 4310 de
2353 4255 2549 4310 timore
2573 4254 2913 4310 infinitorum
2951 4258 3348 4307 tormentorum
3367 4245 3500 4301 alni-

249 4347 546 4416 ἀνιωμένου
600 4341 842 4415 κατηφὲς
873 4347 1105 4418 ὑπάρχει
1133 4345 1195 4400 τὸ
1224 4346 1518 4416 πρόσωπον
1542 4385 1559 4410 ,
1597 4345 1696 4417 τὴν
1729 4346 1819 4399 ἐν-

1947 4357 2130 4412 :tatur,
2169 4347 2382 4403 tristem
2417 4347 2581 4402 habet
2605 4343 2949 4414 vultum,qui
2983 4342 3250 4403 dolorem,
3272 4355 3337 4392 ex
3372 4335 3500 4391 imis

248 4435 587 4508 δομυχοῦσαν
637 4440 704 4510 τῇ
729 4437 873 4508 ψυχῇ
929 4438 1096 4493 αὐτοῦ
1137 4437 1318 4507 λύπην
1366 4437 1608 4508 προάγον
1637 4438 1716 4500 είς
1757 4437 1820 4491 τὸ

251 4526 515 4597 ἐμφανές.

321 4652 381 4706 ιδ’
388 4695 400 4710 .
429 4651 656 4722 Καρδία
684 4651 829 4721 ὀρθὴ
851 4651 1011 4720 ζητεῖ
1031 4653 1344 4722 αἴσθησιν.
1390 4652 1454 4706 Ἥ
1486 4652 1620 4724 πρὸς
1648 4651 1708 4705 τὸ
1729 4652 1820 4706 εὖ·

141 4750 148 4755 ”
247 4745 339 4808 Θὲς
370 4743 554 4814 δρῶσα
581 4742 748 4813 ψυχὴ,
787 4744 1004 4797 σπεύδει
1029 4745 1130 4813 τὴν
1163 4744 1258 4797 τοῦ
1287 4745 1452 4798 καλοῦ
1480 4744 1575 4796 καὶ
1598 4743 1691 4797 τοῦ
1720 4761 1820 4796 κα-

247 4836 346 4890 κοῦ
371 4837 640 4907 διάκρισιν
669 4837 975 4906 κτήσασθαι
1002 4878 1017 4902 ,
1046 4837 1132 4890 ἵνα
1156 4837 1230 4907 μὴ
1253 4836 1348 4890 τοῦ
1376 4834 1540 4890 καλοῦ
1565 4836 1626 4889 τὺ
1651 4836 1818 4889 κακὸν

247 4931 598 5000 προαιρῆται,
622 4927 788 4981 καλὸν
811 4928 970 4982 τοῦτο
1002 4927 1317 4999 νομίζουσα.

318 5073 512 5143 Στόμα
559 5072 626 5126 δὲ
656 5073 1028 5128 ἀπαιδεύτων
1083 5070 1242 5140 ζητεῖ
1283 5071 1456 5128 κακά.
1507 5072 1587 5126 Τὰ
1619 5072 1674 5125 δέ
1717 5074 1818 5145 ῥή-

251 5180 394 5234 ματα
437 5163 547 5216 τῶν
579 5163 653 5234 μὴ
698 5164 1051 5235 διδαχθέντων
1097 5166 1156 5219 τὸ
1213 5166 1413 5234 ἀγαθὸν
1455 5165 1591 5237 πρὸς
1638 5165 1818 5235 ἐριδας

247 5255 341 5308 καὶ
380 5258 558 5325 μάχας
589 5255 888 5323 ἐπείγεται.

213 5410 220 5418 ·
319 5388 400 5436 ιε’.
431 5381 635 5437 Πάντα
675 5383 779 5437 τὸν
815 5382 1036 5452 χρόνον
1060 5382 1113 5434 οἱ
1140 5379 1431 5450 ὀφθαλμοί
1459 5379 1578 5433 τῶν
1616 5381 1817 5434 κακῶν

1926 4440 2122 4495 anima!
2153 4439 2484 4504 secessibus,
2516 4438 2572 4493 in
2603 4444 2854 4508 apertum
2882 4431 3160 4506 producit.

1995 4657 2161 4714 Vens.
2199 4657 2287 4713 M.
2314 4657 2421 4711 Cor
2454 4665 2652 4709 rectum
2703 4655 2894 4724 quierit
2947 4667 3177 4708 sensum.
3223 4649 3357 4715 Quae
3408 4647 3498 4717 ju-

1925 4757 2072 4805 stum
2108 4751 2337 4820 respicit
2375 4748 2582 4813 anima,
2621 4748 2702 4802 ad-
2737 4747 3038 4803 discrimen
3096 4746 3242 4800 inter
3282 4744 3488 4797 bonum

1924 4851 1978 4897 et
2009 4842 2210 4895 malum
2265 4838 2660 4910 acquirendum
2718 4848 2996 4908 properat,
3029 4855 3118 4903 ne,
3172 4835 3304 4891 boni
3352 4833 3496 4893 loco.

1922 4936 2124 4990 malum
2163 4934 2435 5006 praeferat,
2467 4934 2612 5005 quod
2643 4933 2831 4990 forsan
2859 4934 3064 4988 bonum
3091 4933 3334 5000 putaret.

1995 5078 2066 5134 0s
2099 5077 2613 5149 indisciplinatorum
2657 5077 2845 5146 quwrit
2874 5075 3040 5128 mala.
3069 5068 3242 5123 Verba
3280 5081 3468 5121 eorum

1922 5166 2015 5237 qui
2049 5167 2252 5222 bonum
2314 5183 2425 5224 non
2474 5167 2811 5228 didicerunt,
2873 5165 2938 5218 ad
2990 5157 3392 5229 disputationes
3439 5163 3494 5209 et

1921 5274 2130 5329 pugnas
2157 5257 2441 5316 festinant.

1996 5385 2158 5441 Vens.
2187 5387 2274 5440 15.
2310 5385 2466 5441 Omni
2503 5395 2752 5452 tempore,
2781 5381 2919 5434 oculi
2950 5378 3210 5432 malorum
3235 5373 3499 5441 rccipiunt-

1753 5558 1989 5617 NOT/E.

317 5675 393 5759 (Ξ)
424 5674 866 5759 Procopiiﬂaetate
895 5678 1135 5759 nondum
1166 5685 1281 5759 erat
1320 5677 1481 5759 ﬁrme.
1502 5677 1570 5732 ab
1619 5677 1804 5759 Eccle-

1913 5689 2038 5734 ante
2072 5691 2364 5747 corporum
2396 5673 2854 5747 resurrectionem
2889 5685 2988 5741 pro
3017 5668 3210 5722 merito
3242 5668 3320 5722 vel
3380 5681 3496 5737 [nt--

250 5749 342 5804 sic:
369 5743 572 5817 iudicio
605 5743 828 5804 delinita
876 5750 1142 5804 sententia
1174 5749 1240 5805 de
1285 5749 1572 5806 animabus
1634 5749 1794 5804 etiam
1904 5749 2115 5805 nicmlis
2145 5743 2225 5803 vel
2261 5747 2484 5817 praemio
2541 5743 2863 5800 aliieiendis.
