3900 6228
449 325 618 422 “1375

1769 348 2119 411 PROCOPII
2148 347 2388 408 GAZIEI

3574 338 3687 403 1376

480 468 648 523 mala.
682 467 784 521 Per
814 481 1029 521 omnem
1077 465 1266 529 vitam,
1297 463 1442 520 oculi
1485 476 1676 518 eorum
1727 463 1824 531 qui
1860 471 2042 516 contra

2169 454 2792 528 rpoo'tSéxor-tatuaxd.
2818 455 2976 526 Παρά
3001 455 3182 509 πᾶσαν
3205 453 3303 524 τὴν
3326 451 3489 522 ζωὴν,
3519 451 3584 504 τά
3607 452 3694 520 ὅμ-

481 559 746 613 ratiouem
777 563 963 628 agunt,
996 555 1112 611 suis
1143 555 1357 610 actibus
1389 561 1806 609 consentaneam
1831 566 2044 624 poenam

482 649 774 719 recipiunt,
810 647 1094 718 strepitum
1125 645 1539 716 sempiternum.

552 839 688 894 Boni
733 847 910 893 autem
945 853 1146 908 semper
1170 838 1518 908 requiescunt.
1539 835 1644 904 Qui
1676 836 1814 892 bene
1857 841 2047 905 agunt,

479 930 858 1002 imperturbati
889 945 1116 1000 prorsus
1139 936 1330 986 erunt.

553 1039 713 1096 Vens.
744 1039 832 1095 16.
864 1038 1054 1094 Melior
1085 1047 1164 1094 est
1199 1055 1324 1108 pars
1356 1037 1530 1092 minor
1567 1052 1684 1091 cum
1726 1035 1911 1090 timore
1940 1032 2052 1089 Do-

478 1130 628 1184 mini.
682 1123 968 1186 Pulchrior
1009 1138 1094 1185 est
1156 1130 1291 1186 levis
1341 1143 1506 1199 opum
1560 1129 1739 1200 portio
1765 1143 1891 1183 cum
1941 1129 2051 1184 Do-

478 1219 612 1274 mini
643 1221 837 1276 timorc
863 1221 958 1291 qui
986 1220 1298 1276 necessaria
1323 1219 1596 1286 concedit,
1633 1226 1689 1276 et
1737 1219 2048 1290 cupidinem

479 1311 736 1378 habendi,
769 1327 800 1366 a
830 1319 1009 1366 mente
1041 1311 1286 1366 dimittit.

548 1418 722 1484 Quam
761 1419 996 1473 thesauri
1027 1420 1207 1488 magni
1240 1416 1434 1487 absque
1461 1417 1667 1471 timore.
1700 1417 1900 1471 Contra
1929 1431 2048 1484 eos,

479 1508 570 1578 qui
609 1507 817 1561 ditandi
843 1514 896 1562 et
927 1506 1202 1562 dividendi
1233 1506 1529 1577 cupiditate
1579 1506 1754 1575 (nullo
1793 1507 1954 1561 modo
1981 1507 2052 1560 ti-

479 1596 618 1650 mori
653 1595 868 1650 Domini
915 1595 1233 1665 submissa),
1300 1597 1500 1652 multos
1552 1606 1606 1651 et
1658 1613 1884 1668 magnos
1908 1613 2045 1652 con-

478 1685 700 1740 trahunt
728 1685 1034 1751 thesauros,
1085 1686 1368 1740 materiam
1400 1687 1538 1757 ignis
1561 1687 2044 1757 inexstinguibilis.

2156 567 2306 620 ματα
2363 551 2472 604 τῶν
2512 549 2580 602 τά
2619 548 2906 620 παράλογα
2946 544 3419 616 διαπραττομένων
3449 543 3699 613 τιμωρίαν

2147 642 2414 710 ἀνάλογον
2463 643 2582 704 ταῖς
2629 638 2907 703 τοιαύταις
2959 637 3268 706 ἐκδέχονται
3319 633 3578 706 πράξεσιν
3623 633 3702 686 διά

2149 732 2350 794 παντὸς
2381 729 2608 802 θορυϐού
2617 746 2772 800 μενα.

2223 844 2286 894 Ol
2315 840 2382 893 δὲ
2409 837 2617 909 ἀγαθοὶ
2651 836 3024 905 ἡσυχάζουσι
3047 833 3392 898 διαπαντός.
3424 833 3489 885 Ol
3511 833 3556 885 δ’
3581 832 3703 900 ἀγα·

2149 927 2522 999 θοεργοῦντες,
2551 927 2818 998 ἀτάραχοι
2853 926 2919 980 δι’
2949 927 3072 979 ὅλου
3100 923 3480 994 τυγχάνουσιν.

2223 1035 2318 1102 ις’.
2349 1037 2664 1104 ιςρείσσων
2688 1033 2873 1104 μικρὰ
2895 1034 3065 1104 μερὶς
3088 1033 3239 1103 μετὰ
3264 1033 3453 1101 φόϐου
3477 1031 3706 1098 Κυρίου.

2155 1126 2405 1182 Καλλίων
2455 1125 2573 1178 ἐστὶ
2611 1123 2840 1195 βραχεῖα
2893 1125 3193 1196 χρημάτων
3238 1123 3540 1192 ἀπόμοιρα,
3588 1121 3711 1190 μετά

2152 1217 2296 1272 θείου
2317 1217 2506 1288 φόϐου,
2551 1214 2961 1288 συγχωροῦντος
2999 1217 3095 1287 μὲν
3125 1216 3185 1269 τὸ
3217 1214 3502 1286 χρειῶδες,
3538 1213 3631 1284 τὴν
3663 1213 3712 1265 δὲ

2151 1311 2556 1381 φιλοχρήματον
2586 1309 3004 1371 ἀναστέλλοντος
3041 1308 3287 1377 γνώμην.

2220 1421 2288 1473 Ἦ
2319 1417 2609 1486 θησαυροί
2639 1415 2880 1487 μεγάλοι
2902 1417 3050 1484 μετὰ
3077 1415 3352 1485 ἀφοϐίας.
3397 1413 3576 1484 ’Υπὲρ
3600 1412 3712 1474 τοὺς

2151 1509 2509 1580 πλεονεκτικῇ
2539 1509 2834 1578 ἷδιαιρέσει,
2867 1510 2962 1562 καὶ
3010 1509 3085 1580 μὴ
3132 1506 3540 1578 συστελλομένη
3580 1503 3713 1574 φόϐῳ

2150 1600 2306 1665 Θεοῦ,
2337 1599 2736 1670 συναγομένους
2773 1597 3207 1662 πολυταλάντους
3230 1597 3568 1669 θησαυροὺς,
3595 1594 3713 1665 ὓλην

2151 1694 2246 1748 τοῦ
2283 1693 2553 1765 μηδέποτε
2582 1693 2945 1762 σϐεννυμένου
2971 1691 3162 1762 πυρός.

541 1794 712 1856 ~Vatis.
749 1795 836 1848 17.
871 1793 1063 1848 Melius
1087 1803 1165 1848 est
1188 1794 1473 1864 hospitium
1494 1795 1695 1849 olerum
1750 1812 1868 1849 cum
1909 1798 2042 1851 ami-

2221 1802 2308 1868 ιζ¹.
2340 1802 2655 1870 Κρείσσων
2693 1800 2980 1869 ξενισμὸς
3021 1797 3308 1869 λαχάνων
3335 1796 3491 1865 πρὸς
3519 1795 3716 1865 φιλίαν

475 1888 603 1942 citia
625 1896 673 1941 et
702 1889 896 1958 gratia.
949 1886 1239 1943 Pulchrius
1263 1895 1318 1944 et
1365 1887 1751 1943 domicoauium
1798 1889 2050 1960 simplex,

475 1981 624 2036 olera
653 1981 765 2035 sola
794 1979 994 2050 hospiti
1047 1995 1148 2036 suo
1193 1981 1244 2034 in
1296 1981 1477 2036 cibum
1525 1981 1794 2051 apposita,
1828 1981 1962 2038 adeo
1992 1992 2052 2040 ut

477 2072 580 2142 ipsi
603 2070 715 2127 sint
748 2079 904 2143 grata
927 2079 982 2126 et
1004 2085 1245 2126 amorem
1280 2069 1595 2126 concilient.

546 2269 720 2337 Quam
752 2272 946 2327 vitulus
972 2289 1006 2327 a
1032 2273 1252 2342 prtesepi
1287 2289 1406 2327 cum
1429 2273 1571 2330 odio.
1618 2273 1792 2341 Quam
1844 2275 2050 2332 vitulus

477 2363 818 2430 saginatusa
878 2363 1104 2432 praesepi
1166 2377 1291 2417 cum
1347 2361 1493 2426 odio,
1545 2363 1598 2418 id
1653 2372 1756 2428 est,
1800 2362 2052 2433 ﬁngentis

475 2447 700 2502 omnino
731 2462 995 2511 amorem,
1035 2457 1092 2503 ut
1129 2450 1346 2504 occulte
1383 2450 1560 2504 inviso
1615 2450 1818 2520 hospiti
1875 2450 2052 2520 quod-

473 2537 597 2592 dam
628 2538 1014 2595 detrimentum
1051 2540 1275 2595 inferat.

547 2643 712 2702 Vens.
749 2645 835 2700 18.
899 2644 990 2699 Vir
1028 2647 1324 2703 iracundus
1349 2660 1620 2716 prwparat
1659 2663 1911 2719 pugnam.
1942 2647 2048 2715 Qui

473 2737 582 2794 cito
615 2738 668 2794 in
717 2738 852 2793 iram
899 2749 1151 2796 movetur
1183 2741 1508 2812 plerumque
1557 2756 1767 2813 pugnas
1828 2741 1886 2795 in
1930 2741 2048 2796 ani-

476 2830 672 2886 mabus
706 2829 972 2886 incendit.

545 2937 883 3011 Longanimis
906 2949 1080 2996 autem
1101 2951 1150 2995 et
1167 2941 1504 2996 exoriendam
1521 2940 1690 2998 sedat.
1708 2940 1808 3008 Qui
1837 2941 2050 2999 ratione

475 3030 610 3085 iram
647 3031 909 3095 dominat,
943 3040 997 3087 et
1025 3046 1186 3102 quam
1219 3031 1516 3088 iracundus
1555 3032 1610 3086 in
1646 3033 1766 3101 ipso
1818 3032 2045 3103 jamjam

2153 1893 2250 1948 καὶ
2284 1891 2482 1962 χάριν.
2507 1890 2628 1944 Ἔτι
2652 1906 2711 1943 τε
2734 1888 2971 1944 καλλίων
2995 1887 3144 1940 ἐστὶν
3166 1883 3391 1953 εὐτελὴς
3409 1883 3615 1945 δίαιτα,
3641 1879 3718 1934 λά·

2153 1999 2292 2055 χανα
2321 1981 2456 2052 μόνα
2486 1982 2566 2044 είς
2607 1979 2849 2033 ἑστίασιν
2900 1978 3049 2042 ξένου
3083 1976 3235 2047 παρά
3279 1992 3428 2037 τινος
3475 1971 3716 2045 προτιθέο

2155 2090 2311 2144 μενα,
2345 2071 2486 2124 ὥστε
2513 2071 2690 2142 τούτῳ
2713 2068 3042 2142 χαρίσασθαι
3062 2069 3156 2122 καὶ
3176 2067 3274 2139 τὴν
3307 2066 3537 2137 ἀγάπην
3566 2062 3717 2119 αὐτοῦ

2151 2162 2479 2234 κτήσασθαι.

2227 2272 2302 2326 Ἢ
2314 2272 2552 2340 μόσχος
2575 2269 2693 2324 ἀπὸ
2718 2269 2950 2338 φάτνης
2973 2269 3125 2339 μετὰ
3147 2268 3388 2337 ἔχθρας.
3425 2266 3499 2319 Ἢ
3532 2265 3717 2336 μόσχος

2153 2364 2395 2426 σιτευτὸς
2425 2363 2532 2417 ἀπὸ
2560 2364 2765 2433 φάτνης
2788 2363 2928 2432 μετά
2953 2361 3145 2431 μίσους
3167 2360 3261 2412 τοῦ
3291 2358 3712 2428 ὑποκριναμένου

2151 2455 2368 2518 πάντως
2397 2456 2638 2524 ἀγάπην,
2669 2453 2805 2524 πρὸς
2829 2453 2890 2506 τὸ
2913 2452 3117 2524 βλάϐην
3139 2449 3263 2505 τινὰ
3289 2449 3367 2520 τῷ
3410 2447 3713 2521 μισουμένφ

2150 2542 2453 2612 λεληθότως
2485 2544 2828 2611 ἐπενεγκεῖν.

2221 2657 2311 2723 ιη’.
2344 2651 2522 2721 Ἀνὴρ
2546 2649 2822 2721 θυμώδης
2883 2647 3318 2719 παρασκευάζει
3338 2648 3572 2718 μάχην.
3604 2648 3714 2700 Ἀν-

2151 2742 2369 2814 θρωπος
2405 2741 2573 2808 ὀξέως
2620 2743 2940 2813 κινούμενος
2979 2741 3114 2814 πρὸς
3167 2741 3362 2813 θυμὸν,
3418 2740 3713 2796 ὑπανάπτιι

2154 2836 2334 2906 μάχας
2359 2836 2480 2898 ταῖς
2507 2835 2705 2905 ψυχαῖς
2734 2834 2843 2888 τῶν
2875 2833 3107 2889 πολλῶν.

2219 2945 2610 3014 Μακρόθυμος
2643 2944 2712 2998 δὲ
2742 2943 2841 2998 καί
2865 2943 2977 3012 τὴν
2999 2943 3356 3013 μέλλουσαν
3377 2944 3703 3012 καταπραυο

2148 3050 2259 3091 νει.
2305 3037 2362 3088 '0
2390 3035 2446 3088 δὲ
2474 3033 2619 3105 λόγῳ
2647 3035 2865 3106 κρατῶν
2892 3037 2986 3088 τοῦ
3021 3033 3216 3104 θυμοῦ,
3250 3035 3344 3088 καὶ
3373 3034 3449 3105 ἢν
3495 3037 3522 3088 ὁ
3548 3033 3708 3105 θυμώ-

473 3121 750 3187 excitavit,
801 3137 1063 3194 pugnam,
1112 3122 1282 3190 sistit,
1317 3122 1573 3193 illiusque
1611 3122 1746 3200 iram
1813 3137 1910 3178 sua
1951 3138 2042 3194 pa-

2169 3126 2248 3195 ἰης
2286 3124 2468 3194 μέλλει
2497 3126 2555 3179 έν
2590 3125 2766 3196 τούτῳ
2795 3126 3059 3197 διεγεῖραι
3095 3125 3297 3196 μάχην,
3341 3125 3702 3190 καταστέλλει,

479 3210 664 3266 tientia
693 3211 983 3268 demulcet.

553 3414 715 3469 Vens.
736 3413 822 3469 l9.
849 3412 943 3485 γει·
959 3413 1272 3485 longanimis
1293 3416 1585 3486 exstinguat
1601 3417 1792 3488 ignem.
1813 3415 1916 3483 Qui
1949 3432 2045 3487 po-

474 3516 595 3561 tens
624 3514 704 3562 est
736 3507 851 3571 irae,
878 3513 933 3562 et
952 3507 1178 3564 viriliter
1201 3506 1474 3572 dolorosa,
1509 3509 1576 3562 ab
1605 3509 1712 3563 alio
1741 3509 1844 3563 sibi
1875 3508 2044 3575 illata,

2149 3220 2214 3288 τῇ
2253 3217 2359 3288 ίὸίᾳ
2411 3218 2733 3290 ἀνεξικακίᾳ
2775 3218 2870 3272 καὶ
2911 3218 3002 3270 τὸν
3047 3218 3257 3271 ἐκείνου
3316 3216 3704 3288 καταπραΰνων

2149 3308 2343 3377 θυμόν.

2218 3416 2607 3484 Μακρόθυμος
2656 3414 2812 3483 ἀνὴρ
2845 3414 3204 3469 κατασϐέσει
3239 3415 3378 3484 πῦρ.
3429 3415 3493 3469 '0
3518 3415 3610 3469 τοῦ
3628 3413 3704 3466 θυ-

2151 3506 2250 3576 μοῦ
2298 3506 2751 3570 κατεξουσιάζων,
2800 3507 2898 3560 καὶ
2947 3506 3210 3574 γενναίως
3257 3505 3442 3577 φέρων
3471 3507 3538 3560 τά
3577 3505 3702 3576 παρά

475 3599 732 3661 sustinet,
766 3597 1137 3654 dissensiones
1185 3614 1310 3655 cum
1334 3614 1401 3654 eo
1436 3598 1678 3665 dirimit;
1730 3601 2042 3657 adamanter

2169 3615 2289 3660 :tvo;
2309 3597 2628 3667 ὲπαγόμενα
2655 3597 2895 3669 λυπηρά,
2922 3597 3021 3661 τὰς
3051 3597 3166 3668 μετ’
3189 3597 3352 3650 αὑτοῦ
3380 3597 3701 3651 καταπαύσει

475 3687 626 3742 illum
661 3686 794 3743 adiit
825 3697 880 3742 et
905 3687 972 3743 ad
1009 3689 1267 3759 paciﬁcas
1307 3688 1588 3760 pactiones
1621 3690 1788 3745 venit.

545 3888 752 3959 Impius
783 3899 958 3944 autem
1013 3890 1212 3944 excitat
1259 3890 1448 3960 magis.
1524 3888 1659 3945 Cum
1731 3890 2044 3945 mandatum

476 3981 774 4038 charitates
799 3996 907 4036 non
937 3979 1236 4045 custodiat,
1276 3978 1441 4034 Deum
1480 3994 1590 4034 non
1627 3979 1877 4044 honoret,
1926 3996 2042 4035 ma-

474 4071 560 4143 gis
591 4071 837 4127 ascendit
859 4078 914 4125 et
933 4084 1166 4140 pugnas,
1196 4069 1322 4139 quia
1354 4069 1727 4125 indesinenter
1781 4069 2044 4139 decertat,

473 4167 530 4215 et
557 4173 709 4215 suam
735 4159 981 4214 stabilire
1016 4157 1212 4228 quaerit
1237 4158 1588 4214 voluntatem.

555 4265 665 4321 Vite
716 4269 984 4337 pigrorum
1041 4273 1350 4320 sternuntur
1398 4267 1586 4334 spinis.
1650 4267 1858 4322 Bonum
1932 4283 2042 4324 non

473 4355 850 4425 operantibus,
893 4356 1020 4410 vita:
1049 4355 1231 4411 exitus
1272 4355 1460 4426 repleti
1491 4363 1620 4411 sunt
1643 4357 1792 4411 curis
1841 4364 1896 4411 et
1949 4373 2047 4412 au-

2145 3686 2432 3750 διενέξεις,
2485 3686 2760 3755 μετελθὼν
2791 3687 2980 3742 τοῦτον
3029 3688 3243 3758 φιλίως,
3279 3689 3372 3741 καὶ
3406 3691 3492 3753 είς
3525 3691 3703 3758 simu-

2148 3777 2248 3841 κάς
2277 3777 2638 3843 συμϐιϐάσεις
2673 3777 2865 3860 ἐλθών.
2983 3857 3014 3880 .

2225 3885 2281 3937 '0
2335 3883 2407 3937 δὲ
2449 3885 2676 3952 ἀσεϐὴς
2716 3885 2912 3954 ἐγείρῃ
2949 3883 3211 3954 μᾶλλον.
3247 3885 3307 3939 Ὀ
3333 3885 3389 3939 δὲ
3435 3886 3522 3939 διὰ
3560 3885 3614 3938 τὸ
3641 3881 3699 3950 μὴ

2143 3977 2331 4048 τηρεῖν
2380 3975 2478 4047 τὴν
2515 3976 2736 4048 ἐντολὴν
2782 3978 2884 4046 τῆς
2927 3976 3168 4048 ἀγάπης,
3209 3976 3342 4031 Θεὸν
3396 3979 3474 4048 μὴ
3525 3975 3694 4046 τιμῶν,

2147 4067 2422 4138 ὑπανάψει
2451 4068 2653 4138 μᾶλλον
2685 4068 2786 4131 τάς
2817 4069 3110 4140 διαμάχας,
3158 4068 3481 4138 φιλονεικῶν
3515 4067 3698 4123 ἀκατά-

2146 4177 2383 4224 παυστα,
2419 4161 2515 4214 καὶ
2547 4160 2744 4231 στῆσαι
2771 4159 2950 4231 ζητῶν
2979 4162 3039 4215 τὺ
3061 4160 3258 4216 ἑαυτοῦ
3284 4160 3518 4232 θέλημα.

2219 4268 2305 4323 ιϐ’.
2332 4267 2481 4322 Ὀδοὶ
2505 4266 2735 4338 ἀεργῶν
2776 4268 3142 4338 ἐστρωμέναι
3165 4267 3477 4335 ἀκάνθαις.
3506 4265 3617 4319 Τῶν
3636 4265 3695 4334 μὴ

2146 4359 2528 4430 ἐργαζομένων
2575 4359 2637 4413 τὺ
2672 4359 2875 4428 ἀγαθὸν
2914 4360 2972 4412 αἱ
3037 4359 3258 4424 διέξοδοι
3294 4359 3396 4429 τῆς
3445 4359 3588 4428 ζωῆς
3616 4372 3696 4408 πει

473 4447 787 4512 xietatibus,
827 4462 948 4517 quae
981 4449 1346 4519 undecunque
1387 4463 1505 4518 eos,
1535 4449 1820 4520 spinarum
1871 4464 2041 4513 more,

2169 4450 2506 4522 τληρωμέναι
2531 4451 2640 4503 είσὶ
2672 4448 2955 4520 μεριμνῶν
2987 4449 3084 4504 καὶ
3107 4448 3424 4519 φροντίδων,
3457 4445 3695 4515 πανταχό-

473 4537 722 4593 dolenter
754 4548 1019 4609 pungunt.

522 4644 923 4716 .Generosorum
949 4660 1144 4717 autem,
1185 4651 1388 4722 faciles.
1417 4651 1530 4708 Viae
1557 4653 1802 4718 fortium,
1842 4654 1934 4724 qui
1958 4653 2039 4708 la-

471 4735 624 4794 boris
661 4753 802 4795 onus
825 4756 920 4794 sua
951 4742 1154 4797 virtute
1188 4745 1408 4811 tollunt,
1445 4746 1514 4800 ab
1543 4745 1630 4801 his
1663 4747 1921 4802 omnibus
1946 4761 2042 4802 ex-

475 4828 808 4901 pediuntur;
857 4831 912 4886 in
959 4831 1128 4888 Deum
1173 4835 1319 4890 enim
1354 4837 1532 4892 solum
1573 4852 1728 4894 suam
1768 4847 2042 4910 reponunt

475 4919 918 4977 sollicitudinem.

546 5028 710 5086 Vens.
737 5030 828 5086 20.
856 5029 1030 5086 Filius
1058 5034 1266 5100 sapiens
1297 5034 1536 5103 laetiﬁcat
1563 5008 1790 5106 patrem.
1821 5036 1978 5104 Quod
2009 5052 2042 5092 a

475 5133 654 5178 mente
678 5133 865 5178 natum
887 5132 991 5192 est,
1028 5125 1160 5182 illud
1188 5127 1300 5182 veri
1329 5133 1385 5183 et
1435 5113 1561 5184 boni
1603 5127 1750 5183 haud
1782 5128 2041 5199 ignorans

472 5212 762 5284 judicium,
790 5217 1040 5287 corporis
1065 5227 1245 5275 motus
1274 5219 1548 5288 sapienter
1565 5219 1784 5274 ordinat
1807 5229 1861 5275 et
1880 5220 2038 5290 quasi

477 5304 630 5360 freno
661 5307 878 5364 habitus
919 5323 946 5361 a
995 5309 1259 5366 dedecore
1316 5311 1536 5366 cohibet
1568 5317 1623 5365 et
1647 5311 1714 5364 ad
1749 5312 1942 5367 melius
1963 5312 2040 5366 di-

477 5394 633 5464 rigit;
669 5395 742 5448 ita
797 5397 1022 5452 omnino
1051 5400 1386 5468 spiritualem
1418 5399 1662 5456 lmtitiam
1691 5411 1966 5470 procurat.

551 5575 723 5630 Filius
777 5588 950 5632 autem
1003 5580 1226 5636 stolidus
1305 5581 1523 5651 despicit
1578 5591 1800 5636 matrem
1863 5598 2036 5638 suam.

481 5667 630 5730 Quod
686 5683 876 5724 rursus
931 5685 962 5723 a
1015 5686 1174 5727 sensu
1239 5674 1579 5743 progenitum
1613 5658 1695 5729 est
1747 5674 2034 5744 judicium,

481 5757 593 5808 veri
625 5758 749 5810 boni
777 5757 1052 5826 ignorans,
1083 5764 1448 5818 calumniatur
1483 5780 1725 5832 sensum,
1751 5765 1907 5834 cujus
1940 5765 2039 5820 fal-

2149 4543 2240 4598 θεν
2269 4542 2466 4606 αὐτοὺς
2493 4540 2652 4612 δίκην
2673 4539 2926 4594 ἀκανθῶν
2956 4540 3223 4608 ἀλγεινῶς
3251 4536 3689 4593 κατακεντουσῶν.

2218 4653 2288 4704 Ai
2309 4649 2377 4703 δὲ
2409 4648 2527 4703 τῶν
2548 4649 2860 4719 ἀνδρείων,
2891 4649 3067 4704 λεῖαι.
3104 4651 3168 4703 Δί
3209 4649 3266 4703 δὲ
3289 4649 3399 4702 τῶν
3437 4645 3690 4718 γενναίων.

2149 4740 2246 4794 καὶ
2271 4740 2349 4811 τῷ
2382 4740 2623 4811 ὲπιπόνῳ
2639 4740 3122 4813 ἐγκαρτερούντων
3149 4741 3252 4811 τῆς
3276 4741 3500 4812 ἀρετῆς,
3531 4735 3693 4792 πασῶν

2146 4831 2352 4888 τούτων
2388 4831 2803 4903 ἀπηλλαγμέναι
2833 4833 2992 4898 εἰσιν,
3015 4831 3092 4897 ὡς
3120 4831 3243 4900 Θεῷ
3275 4832 3420 4903 μόνῳ
3455 4825 3691 4897 ἀναθεμ-

2149 4943 2253 4979 νων
2284 4925 2382 4997 τὴν
2412 4925 2540 4998 περὶ
2571 4925 2771 4990 αὐτοὺς
2800 4925 3096 4997 μέριμναν.

2218 5033 2289 5090 κ’.
2319 5033 2448 5102 Υίὸς
2498 5034 2691 5103 σοφὸς
2733 5035 3041 5105 εὐφραίνει
3073 5033 3326 5101 πατέρα.
3369 5032 3428 5088 '0
3463 5030 3564 5086 ἀπὸ
3591 5025 3685 5087 νοὸς

2147 5127 2485 5198 τικτόμενος,
2530 5127 2852 5197 ἐπιστήμων
2891 5127 2985 5181 τοῦ
3020 5125 3189 5190 ὅντως
3225 5124 3392 5180 καλοῦ
3439 5119 3682 5192 λογισμὸς.

2147 5217 2364 5272 τάσσων
2399 5217 2780 5288 ἐπιστημόνως
2802 5217 2901 5288 τὴν
2929 5214 3024 5270 τοῦ
3071 5216 3327 5288 σώματος
3365 5216 3586 5285 κίνησιν,
3611 5210 3683 5262 καὶ

2147 5309 2308 5362 οἱονεί
2331 5327 2438 5362 τινι
2470 5307 2674 5379 χαλινῷ
2695 5311 2796 5380 τῆς
2821 5307 2959 5380 πρὸς
2978 5309 3210 5362 ἀτοπίαν
3237 5309 3412 5379 φορᾶς
3442 5301 3681 5375 ἀναχαιτί-

2148 5399 2254 5464 ζων
2282 5402 2431 5468 αὐτὸ,
2479 5401 2574 5454 καὶ
2617 5401 2754 5471 πρὸς
2800 5401 2861 5454 τὸ
2895 5401 3105 5470 βέλτιον
3149 5401 3490 5472 μεταφέρων,
3537 5393 3712 5466 χαρὰν’

2148 5494 2526 5562 πνευματικὴν
2546 5491 2622 5562 τῷ
2651 5491 2726 5562 νῷ
2751 5492 3021 5562 προξενεῖ.

2226 5581 2355 5647 Υἱὸς
2385 5580 2454 5634 δὲ
2481 5581 2682 5650 ἄφρων
2712 5579 3048 5650 μυκτηρίζει
3094 5581 3319 5650 μητέρα
3351 5576 3544 5635 αὑτοῦ.
3581 5574 3628 5624 ’0
3643 5568 3676 5620 δ’

2148 5672 2254 5725 ἀπὸ
2280 5672 2585 5741 αἰσθήσεως
2626 5666 2782 5733 αὖθις
2824 5671 3163 5740 τικτόμενος,
3195 5670 3568 5738 ἀνεπιστήμων
3603 5657 3675 5712 τοῦ

2147 5768 2315 5830 ὅντως
2347 5765 2510 5819 καλοῦ
2540 5765 2818 5836 λογισμὸς,
2864 5765 3142 5820 διαϐάλλει
3177 5765 3273 5835 τὴν
3314 5764 3570 5834 αἴσθησιν,
3597 5752 3672 5819 τὴν
