3900 6228
254 351 381 419 i377

1263 355 1788 426 COMMENTARH
1830 356 1912 416 IN
1951 354 2401 416 PBOVERBIA.

3345 365 3480 426 1378

247 468 412 539 ψευδῆ
473 463 568 520 καὶ
625 464 818 534 ἄλογον
887 464 1090 538 ταύτης
1143 465 1301 532 δόξαν
1357 466 1417 533 ἐξ
1447 467 1624 537 ἔργων
1655 465 1814 536 δηλο-

1948 480 2031 518 am
2071 475 2125 520 et
2165 464 2596 520 irrationabilcm
2627 465 2939 536 opinionem
2983 482 3080 538 per
3116 484 3279 534 opera
3308 477 3482 529 mani-

139 598 148 605 .
248 558 436 613 ποιῶν.

315 667 426 723 κα’.
469 667 760 735 Ἀνοήτου
785 669 991 737 τρίϐοι,
1015 667 1240 743 ἐνδεεῖς
1271 666 1525 738 φρενῶν.
1557 667 1622 720 Δί
1659 665 1812 719 ἀδιά-

1916 557 2097 612 festat.

1989 667 2152 723 Vens.
2185 668 2275 722 2-1.
2310 666 2418 723 Via:
2439 675 2488 722 et
2521 677 2694 738 gestus
2726 669 2879 722 stulti
2933 669 3283 741 intelligentia
3339 672 3479 728 indi-

245 777 421 831 ιιριτοι
441 757 670 831 πράξεις
720 758 1082 831 ἐστερημέναι
1106 760 1213 813 ιῑσὶ
1234 759 1568 830 φρονήσεως,
1592 755 1666 819 ὡς
1689 754 1813 810 ἀλό-

1948 767 2051 812 ent.
2084 756 2216 822 Quae
2253 771 2363 811 non
2414 771 2443 809 a
2471 755 2680 825 judicio
2726 757 3028 826 procedunt
3067 761 3331 823 actiones,
3367 761 3482 816 fru-

245 867 442 919 γιστοι.

325 976 507 1045 Ἀνὴρ
539 975 608 1030 δὲ
639 977 944 1046 φρόνιμος,
971 975 1352 1032 κατευθύνων
1374 974 1707 1043 πορεύεται.
1752 972 1813 1025 '0

244 1068 302 1122 δὲ
333 1070 588 1140 πράττων
612 1069 750 1137 μετά
772 1067 957 1137 λόγου,
975 1069 1082 1122 ἀπὸ
1107 1069 1200 1122 τοῦ
1226 1065 1397 1121 κακοῦ
1423 1067 1485 1118 τὸ
1509 1065 1672 1118 καλὸν
1696 1063 1815 1116 δια-

246 1161 468 1232 κρίνων,
497 1162 592 1214 καὶ
621 1161 936 1232 εὐθυπορῶν
965 1161 1102 1231 πρὸς
1124 1160 1276 1227 αὐτὸ,
1307 1158 1629 1231 μετέρχεται
1657 1155 1816 1209 τοῦτο

245 1250 366 1304 κατ’
394 1251 620 1322 ἀρετήν.

313 1372 420 1444 κβ¹.
465 1373 894 1442 ’Υπερτίθενται
934 1372 1267 1444 λογισμοὺς
1301 1377 1355 1428 οί
1399 1373 1486 1443 μὴ
1533 1371 1817 1443 τιμῶντες

222 1463 548 1533 ισυνέδρια.
577 1465 652 1519 Οὐ
694 1463 1093 1535 παραδέχονται
1143 1465 1353 1533 ἀγαθὰς
1388 1464 1722 1534 συμϐουλίας
1741 1465 1814 1530 οἱ,

245 1555 333 1611 διὰ
354 1557 415 1609 τὸ
449 1556 656 1610 οἴεσθαι
688 1557 878 1626 ἀρκεῖν
917 1556 1150 1622 ἑαυτοῖς,
1187 1555 1660 1627 καταφρονοῦντες
1701 1555 1818 1608 δια·

250 1647 569 1702 σκοπεῖσθαι
601 1647 723 1718 μεθ’
752 1647 955 1719 ἐτέρων
983 1647 1051 1703 τά
1079 1648 1291 1702 δέοντα.

329 1775 430 1867 Ἐκ
455 1775 522 1828 δὲ
544 1774 820 1867 καρδίαι-ς
859 1774 1329 1867 βουλευοιιέκων
1359 1775 1552 1867 ’μένειῗῄ
1585 1775 1813 1867 βουλῇ.
1846 1811 1888 1867 Β

1918 857 2106 903 strata:
2135 856 2262 902 sunt
2291 846 2671 917 intelligentia,
2695 855 2956 917 tanquam
2990 848 3409 906 irrationabiles.

1998 970 2092 1024 Vir
2141 972 2371 1042 prudens
2424 971 2699 1043 dirigenda
2759 973 3012 1042 procedit.
3061 972 3165 1039 Qui
3209 989 3332 1029 cum
3395 990 3483 1029 ra-

1918 1065 2067 1119 tione
2097 1067 2231 1134 agit,
2265 1065 2469 1119 bonum
2503 1079 2532 1117 a
2562 1065 2705 1119 malo
2734 1063 3000 1120 discernit
3025 1072 3080 1120 et
3099 1079 3158 1120 se
3187 1066 3254 1119 ad
3280 1066 3482 1121 bonum

1915 1157 2100 1226 dirigit
2125 1175 2138 1212 ε
2173 1157 2263 1212 ille
2294 1156 2597 1213 secundum
2621 1157 2874 1213 virtutem
2905 1159 3107 1212 bonum
3137 1158 3377 1229 attingit.

1991 1374 2260 1431 Vensﬂi.
2288 1375 2584 1448 Prteferunt
2618 1377 2902 1430 ratiocinia
2943 1377 3032 1446 qui
3061 1377 3342 1447 synltedria
3382 1393 3484 1432 non

1916 1467 2201 1524 honorant.
2233 1467 2378 1522 Bona
2401 1469 2629 1524 consilia
2649 1483 2757 1523 non
2783 1469 3076 1538 accipiunt,
3096 1470 3208 1539 qui,
3232 1477 3485 1539 putantes

1918 1556 2132 1624 seipsos
2184 1555 2290 1610 sibi
2338 1555 2603 1621 sulﬁcere,
2649 1566 3000 1612 contemnunt
3047 1573 3170 1614 cum
3219 1559 3342 1614 aliis
3366 1574 3484 1630 per-

1921 1644 2159 1697 scrutari
2185 1645 2330 1714 quod
2368 1652 2608 1714 oportet.

1993 1767 2058 1824 In
2093 1769 2340 1826 cordibus
2406 1763 2802 1826 consilianlium
2857 1781 3019 1826 restat
3069 1773 3365 1827 consilium.
3426 1774 3486 1828 in

260 1865 347 1918 Ἑν
375 1865 432 1918 δέ
459 1866 580 1928 ταῖς
625 1863 733 1918 τῶν
770 1863 993 1933 ἀγαθῶν
1025 1864 1351 1934 συμϐούλων
1380 1863 1582 1935 ψυχαῖς
1634 1864 1814 1936 ἀγαθὴ

1948 1870 2098 1915 mente
2127 1861 2395 1915 bonorum
2425 1861 2863 1917 consiliariorurn
2896 1877 2993 1933 pro
3008 1863 3384 1932 expetentibus
3405 1864 3489 1918 in-

249 1955 572 2028 παρεδρεύει
603 1958 716 2019 τοῖς
742 1953 1002 2026 χρῄζουσι
1029 1954 1331 2025 συμϐουλή.

317 2088 424 2151 κγ’.
458 2083 539 2136 Οὐ
569 2080 649 2150 μὴ
672 2081 993 2150 ὑπακούσῃ
1021 2083 1054 2134 δ
1077 2081 1261 2147 κακὸς
1289 2080 1464 2148 αὐτῇ.
1489 2071 1598 2144 Ἦς
1625 2078 1664 2133 ό
1682 2079 1819 2151 πρὸς

249 2173 447 2226 κακίαν
483 2172 683 2244 ῥέπων,
710 2173 810 2226 οὐκ
839 2171 1158 2239 ἐπακούσει,
1190 2172 1267 2236 ὡς
1290 2172 1530 2236 ἀλαζών.

323 2297 457 2352 Οὐδ’
488 2299 559 2352 οὐ
574 2296 660 2367 μὴ
699 2298 838 2366 εἴπῃ
876 2298 1108 2366 καίριόν
1129 2315 1181 2352 τι
1197 2297 1294 2351 καὶ
1315 2299 1504 2354 καλὸν
1517 2299 1598 2365 τῷ
1617 2300 1816 2366 κοινῷ.

273 2388 412 2441 Ἀλλ’
438 2389 546 2442 οὐδ’
572 2388 735 2452 αὐτὸς
765 2389 1055 2457 φθέγξεται
1079 2407 1132 2442 τι
1172 2389 1249 2459 τῷ
1282 2391 1459 2461 καιρῷ
1485 2391 1817 2464 πρόσφορον,

251 2481 344 2535 καὶ
363 2481 442 2551 τῷ
473 2479 638 2551 κοινῷ
677 2482 975 2552 συμφέρον,
1013 2483 1110 2552 τὴν
1166 2482 1374 2536 οίκείαν
1412 2481 1570 2548 δόξαν
1613 2482 1815 2554 ζητῶν,

250 2572 342 2626 καὶ
371 2573 490 2642 οὐχὶ
514 2571 610 2644 τὴν
640 2572 748 2625 τῶν
768 2573 1030 2626 πλειόνων
1060 2573 1353 2643 ὠφέλειαν.

323 2695 425 2749 κδ’.
475 2693 635 2747 Ὀδοί
664 2693 836 2762 ζωῆς,
863 2693 1233 2764 διανοήματα
1291 2695 1574 2762 συνετοῦ,
1605 2696 1705 2750 ἵνα
1724 2697 1822 2751 ὲκ-

158 2810 160 2812 τ
252 2788 465 2853 κλίνας
510 2787 580 2840 ἐκ
639 2787 745 2841 τοῦ
779 2785 1160 2855 ᾂδου,σωθῆ.
1197 2787 1311 2852 Τάς
1387 2787 1628 2856 ἀγούσας
1683 2788 1821 2860 πρὸς

251 2878 348 2949 τὴν
377 2878 754 2950 πνευματικὴν
779 2878 924 2947 ζωὴν
959 2879 1078 2932 κατ’
1131 2879 1333 2951 ἀρετὴν
1364 2880 1591 2948 πορείας
1636 2881 1664 2933 ό
1685 2881 1822 2951 πρὸς

252 2967 312 3021 τὸ
341 2967 543 3037 ἀγαθὸν
571 2967 839 3022 συννεύων
863 2968 1150 3021 διασκοπεῖ
1171 3009 1187 3034 ,
1226 2969 1372 3032 ὅπως
1404 2969 1465 3022 τὸ
1490 2969 1590 3038 τῆς
1615 2970 1815 3034 κακίας

255 3057 527 3130 βάραθρον
561 3059 838 3130 ἐκφυγὼν,
885 3057 1019 3131 εὕρῃ
1058 3059 1329 3130 σωτηρίαν
1389 3061 1543 3132 παρά
1576 3061 1717 3132 Θεῷ.

1917 1949 2062 2008 sidet
2090 1953 2384 2009 consilium
2411 1952 2636 2008 bonum.

1987 2077 2154 2134 Vens.
2188 2078 2280 2133 25.
2309 2077 2555 2148 Profecto
2583 2095 2685 2132 non
2719 2079 2923 2146 parebit
2947 2079 3026 2132 illi
3054 2075 3262 2158 malus.
3283 2081 3386 2147 Qui
3429 2081 3484 2136 in

1918 2164 2182 2224 malitiam
2217 2169 2377 2239 repit,
2402 2185 2509 2224 non
2534 2169 2744 2239 parebit
2774 2171 2914 2225 sicut
2939 2186 3083 2226 erro.

1992 2295 2238 2366 Profecto
2269 2313 2362 2352 nec
2385 2296 2513 2368 quid
2568 2297 2853 2367 opportuni
2881 2313 3044 2367 neque
3086 2297 3208 2352 boni
3236 2298 3368 2352 dicet
3391 2316 3490 2368 pu-

1922 2389 2078 2443 blica.
2139 2389 2244 2444 Sed
2273 2405 2371 2445 nec
2422 2391 2537 2459 ipse
2567 2388 2804 2459 proferet
2851 2389 2983 2459 quid
3023 2389 3360 2458 temporibus
3400 2405 3490 2444 ac-

1920 2481 2328 2538 commodatum
2359 2489 2414 2536 et
2438 2481 2658 2551 publico
2697 2481 3042 2544 inserviens;
3095 2495 3248 2535 suam
3299 2481 3491 2549 quaerit

1920 2575 2152 2646 gloriam
2176 2581 2229 2628 et
2259 2573 2480 2627 minime
2497 2573 2737 2627 aliorum
2763 2571 3077 2625 utilitatem.

1993 2695 2162 2752 Vens.
2190 2696 2282 2752 24.
2315 2694 2522 2748 Itinera
2571 2695 2711 2760 vitae,
2747 2695 3094 2765 cogitationes
3129 2694 3489 2765 intelligentis,

1921 2789 2001 2842 ita
2029 2797 2087 2841 ut
2117 2785 2390 2841 declinans
2422 2791 2485 2840 ab
2515 2784 2741 2852 inferno,
2775 2784 2951 2839 salvus
2988 2785 3194 2838 evadat.
3255 2783 3384 2849 Qua:
3425 2783 3492 2836 ad

1922 2878 2260 2948 spiritualem
2287 2877 2476 2943 vitam,
2511 2875 2809 2932 secundum
2839 2876 3119 2940 virtutem,
3139 2874 3347 2929 ducunt
3395 2875 3514 2941 viae,

1925 2969 2238 3038 speculatur
2260 2968 2326 3022 ad
2354 2969 2554 3023 bonum
2577 2982 2902 3037 propensus,
2937 2967 3009 3020 ita
3061 2975 3142 3033 ut,
3191 2965 3496 3038 eﬂ‘ugiendo

1923 3063 2143 3116 malitia:
2176 3061 2516 3126 barathrum,
2545 3060 2775 3114 salutem
2803 3073 2832 3112 a
2860 3058 3088 3114 Domino
3105 3067 3492 3130 consequatur.

323 3186 424 3243 κε’.
465 3187 678 3255 Οἶκους
725 3153 1024 3258 ὑϐριστιῖόίν⁹
1071 3189 1356 3256 κατασπᾷ
1403 3191 1638 3259 Κύριος.
1684 3189 1823 3254 Τοὺς

1994 3186 2164 3243 Vens.
2208 3185 2297 3240 25.
2357 3185 2560 3240 Domus
2603 3185 2886 3253 impiorum
2951 3185 3157 3253 dejiciet
3214 3184 3495 3240 Dominus.

256 3275 487 3346 ἀνομίας
515 3276 775 3346 ἐργάτας,
803 3280 860 3331 ἐν
889 3273 968 3340 οἷς
989 3279 1198 3333 οἰκοῦσι
1234 3279 1304 3332 τά
1327 3277 1418 3332 τὸν
1444 3279 1574 3333 Θεὸν
1602 3279 1825 3334 διαϐάλ-

257 3365 370 3418 λειν
429 3365 812 3435 ἐπιχειροῦντα
858 3368 958 3436 τῆς
982 3369 1244 3438 πονηρίας
1292 3369 1598 3439 πνεύματα,
1631 3372 1660 3423 ὁ
1714 3371 1824 3422 τῶν

259 3455 394 3509 ὅλων
423 3455 699 3524 Δεσπότης
729 3455 816 3508 διὰ
851 3457 1110 3510 ποικίλων
1161 3459 1484 3528 πειρασμῶν
1522 3461 1821 3530 καθαιρεῖ·

257 3549 352 3602 καὶ
409 3550 472 3618 τῇ
525 3546 903 3618 ἀρχιτεκτονίᾳ
957 3547 1052 3600 τοῦ
1097 3548 1434 3618 Πνεύματος,
1488 3551 1829 3618 ἀνοικοδομεῖ

258 3639 483 3702 τούτους
533 3639 848 3708 οἰκητήριον
890 3639 1072 3710 ἐαυτῷ
1100 3653 1116 3670 ·
1166 3637 1332 3692 οἰκῶν
1381 3641 1442 3692 ἐν
1509 3639 1696 3703 αὐτοῖς
1742 3639 1831 3692 διὰ

267 3736 530 3802 πίστεως,
583 3735 678 3788 καὶ
703 3735 1092 3806 ἐμπεριπατῶν
1116 3733 1182 3789 δι’
1232 3735 1496 3808 ἐργασίας
1531 3733 1644 3790 τῶν
1662 3733 1831 3804 ἁγίων

259 3828 426 3883 αὐτοῦ
459 3829 710 3884 ἐντολῶν.

343 3947 704 4017 Ἐστήρισεν
754 3948 918 4019 ὅριον
945 3949 1160 4020 χήρας.
1201 3948 1503 4019 Ἥδραίωσε
1549 3949 1607 4004 δὲ
1653 3950 1713 4003 ἐν
1763 3953 1830 4022 τῇ

211 4041 214 4044 ’
263 4041 575 4113 χηρευούσῃ
610 4043 790 4113 πάσης
820 4043 1018 4106 κακίας
1053 4042 1222 4113 ψυχῇ,
1266 4041 1364 4114 τὴν
1385 4042 1589 4114 ταύτην
1615 4042 1831 4112 ὁρίζον-

265 4151 363 4188 σαν
392 4137 471 4197 είς
498 4134 561 4187 τὸ
602 4133 676 4205 μὴ
706 4133 838 4205 πρὸς
861 4135 1059 4188 κακίαν
1096 4133 1527 4206 παρεξέρχεσθαι
1552 4134 1703 4188 Θείαν
1731 4135 1834 4188 αύ-

267 4225 361 4277 τοῦ
413 4225 654 4296 ἐντολὴν,
714 4224 812 4296 τὴν
839 4225 896 4278 ἐν
918 4224 996 4296 τῷ
1031 4225 1183 4296 καλῷ
1223 4224 1486 4297 ἀτρεψίαν
1515 4228 1581 4298 τῇ
1609 4226 1834 4299 τοιαύτῃ

263 4317 407 4387 ψυχῇ
434 4317 840 4387 δωρησάμενος.

1924 3277 2228 3348 Operantes
2259 3277 2625 3344 iniquitatem,
2647 3305 2717 3316 —
2748 3275 2840 3329 ubi
2872 3274 3120 3330 habitant
3150 3276 3226 3330 illi
3245 3269 3499 3346 nequitiae

1925 3373 2156 3442 spiritus
2195 3368 2288 3437 qui
2315 3367 2484 3421 Deum
2510 3367 2834 3421 calumniari
2855 3375 3142 3428 conantur.
3193 3399 3263 3409 —
3283 3382 3378 3436 per
3408 3382 3499 3420 va-

1927 3464 2039 3518 rias
2069 3460 2406 3516 tentationes
2435 3458 2718 3523 destruet;
2777 3465 2833 3512 et
2880 3473 2978 3526 per
3027 3457 3489 3513 architectonicen

1929 3552 2158 3622 spiritus
2187 3549 2368 3604 denuo
2395 3536 2685 3603 :editicabit
2725 3548 2846 3603 illos
2873 3548 2926 3601 in
2970 3547 3339 3602 habitaculum
3369 3547 3496 3614 sibi;

1929 3643 2362 3698 commorabitur
2418 3643 2474 3696 in
2535 3641 2645 3694 illis
2686 3655 2783 3710 per
2816 3638 2974 3695 ﬁdem
3013 3647 3069 3694 et
3129 3639 3499 3694 deambulabit

1930 3747 2026 3804 per
2051 3734 2420 3804 operationem
2458 3739 2770 3788 sanctorum
2810 3739 3200 3802 praeceptorum
3248 3746 3495 3787 suorum.

2004 3945 2273 4003 Firmavit
2307 3947 2557 4002 terminos
2575 3947 2763 4003 viduae.
2789 3945 3126 4002 Fundamina
3156 3947 3306 4016 ponit
3334 3947 3386 4002 in
3413 3962 3498 4012 ea,

1932 4056 2054 4109 qua:
2104 4040 2174 4095 ab
2224 4040 2372 4095 omni
2433 4039 2638 4093 malitia
2687 4040 2903 4093 viduata
2951 4049 3036 4095 est
3086 4039 3288 4102 anima,
3340 4053 3498 4107 quam

1934 4132 2126 4188 deﬁnit
2157 4122 2232 4187 Ine
2253 4149 2318 4186 ex
2344 4132 2531 4187 divino
2562 4134 2882 4203 praescripto
2922 4132 2986 4186 ad
3029 4133 3292 4187 malitiam
3316 4142 3501 4187 trans-

1933 4221 2254 4292 grediatur;
2301 4230 2586 4292 propterea
2629 4222 2788 4276 talem
2829 4223 3064 4276 animam
3111 4223 3167 4277 in
3223 4223 3366 4277 bono
3419 4223 3501 4278 in-

1934 4313 2178 4369 territam
2215 4313 2398 4369 eiﬁcit.

335 4448 448 4506 κς’.
477 4439 788 4510 Βδέλυγμα
815 4441 1008 4508 Κυρίῳ
1040 4443 1334 4512 λογισμὸς
1396 4443 1625 4510 ἄδικος.
1657 4444 1823 4514 Μιση-

2006 4442 2173 4500 Vens.
2196 4442 2286 4497 26.
2324 4441 2658 4498 Abominatio
2699 4442 2942 4507 Domino,
2981 4443 3318 4496 ratiocinium
3355 4443 3500 4512 inju-

265 4535 355 4588 τδν
376 4535 526 4605 παρά
578 4535 696 4606 Θεῷ
723 4538 816 4590 καὶ
845 4538 905 4589 τὸ
941 4539 1248 4607 παράλογον
1289 4537 1564 4609 ἐνθύμιον,
1598 4538 1673 4602 ὡς
1708 4538 1823 4611 ῥίζα

1948 4544 2095 4591 stum.
2119 4535 2380 4591 Odiosum
2408 4534 2640 4591 Domino
2671 4535 3042 4590 irrationabile
3063 4535 3351 4605 judicium,
3374 4536 3502 4606 quia

269 4625 363 4680 τοῦ
401 4626 572 4681 κακοῦ
606 4631 870 4697 πεφυκός.

349 4751 578 4823 Ἀγνῶν
604 4753 672 4807 δὲ
705 4753 944 4822 ῥήσεις,
988 4756 1222 4822 σεμναί.
1250 4755 1371 4808 Τῶν
1399 4754 1457 4808 δέ
1504 4754 1836 4826 καθαρευόν-

267 4861 376 4899 των
439 4847 546 4899 ἀπὸ
581 4845 688 4899 τῶν
719 4845 970 4917 πονηρῶν
1000 4846 1396 4918 ἐνθυμημάτων
1421 4847 1592 4916 σεμνά
1625 4848 1720 4900 καὶ
1766 4847 1836 4901 τά

267 4937 509 5006 ῥήματα,
527 4930 615 4990 οἷά
646 4954 788 5000 τινες
820 4938 1058 5006 εὐγενεῖς
1091 4938 1293 5004 κλάδοι,
1320 4939 1378 5006 ἐξ
1412 4938 1622 5010 ἀγαθῆς
1655 4937 1831 5012 ῥίζης,

266 5032 366 5099 τῆς
396 5029 808 5101 καθαρευούσης
835 5029 1090 5095 διανοίας,
1121 5028 1504 5100 βλαστάνοντα.

338 5154 444 5219 κζ’.
500 5155 862 5219 Ἐξόλλυσιν
903 5153 1120 5210 ἑαυτὸν
1167 5157 1201 5208 ὁ
1256 5153 1664 5225 δωρολήπτης.
1716 5157 1835 5222 Ἐξ-

269 5246 562 5300 απόλλυσιν
594 5246 784 5300 ἐαυτὸν
834 5249 862 5299 ὁ
909 5247 1058 5316 δῶρα
1093 5245 1401 5315 λαμϐάνων,
1429 5246 1523 5298 καὶ
1557 5246 1836 5316 προδιδοὺς

270 5336 372 5406 τὴν
435 5336 712 5407 ἀλήθειαν,
759 5337 892 5390 Θεοῦ
933 5337 1033 5407 τῆς
1085 5335 1474 5407 αὐτοαληθείας
1529 5337 1838 5406 ἀποτυγχά-

269 5445 397 5483 νων.

353 5569 419 5624 '0
441 5569 508 5622 δὲ
532 5569 732 5637 μισῶν
763 5568 964 5636 δώρων
1005 5569 1244 5639 λήψεις,
1303 5570 1563 5646 σώζεται.
1598 5570 1656 5623 '0
1695 5570 1750 5622 δὲ
1776 5570 1838 5623 τὸ

271 5659 566 5730 λαμϐάνειν
592 5663 670 5724 είς
703 5659 958 5730 ἀθέτησιν
986 5661 1090 5731 τῆς
1139 5661 1396 5732 ἀληθείας
1424 5660 1836 5732 ἀποστρεφόμε-

185 5798 190 5801 .
274 5765 383 5817 νος,
417 5751 688 5824 σωτηρίας
714 5750 966 5822 τυγχάνει
999 5752 1148 5825 παρά
1181 5753 1317 5823 Θεῷ.

1934 4627 2088 4682 radix
2124 4636 2209 4682 est
2248 4627 2644 4696 perversitatis.

2007 4749 2368 4804 Candidorum
2385 4750 2713 4830 elocutiones
2750 4751 3077 4807 venerandae.
3110 4750 3212 4817 Qui
3239 4766 3297 4806 se
3324 4766 3353 4806 a
3379 4766 3506 4822 pra-

1937 4841 2023 4906 vis
2085 4842 2518 4910 cogitationibus
2570 4843 2892 4908 emundant,
2953 4843 3150 4898 horum
3199 4842 3505 4897 verecunda

1939 4941 2074 4989 sunt
2104 4941 2158 4988 et
2189 4933 2354 4988 verba
2412 4949 2528 4989 :ex
2594 4935 2881 5005 pnriilcata
2937 4943 3120 4990 mente
3175 4936 3501 5005 germinant,

1937 5023 2096 5093 quasi
2125 5037 2190 5076 ex
2219 5023 2358 5077 bona
2381 5023 2563 5078 radice
2590 5025 2827 5078 virentes
2862 5024 3083 5077 ramuli.
3271 5009 3273 5013 ’

2011 5145 2175 5200 Vens.
2212 5146 2304 5202 27.
2355 5146 2597 5217 Seipsum
2657 5148 2853 5217 perdit,
2913 5147 3173 5200 donorum
3239 5156 3499 5213 acceptor.

1936 5239 2122 5292 Perdit
2170 5240 2410 5308 seipsum
2461 5243 2552 5310 qui
2628 5253 2850 5292 munera
2909 5239 3156 5306 recipit:
3223 5238 3503 5293 veritatem

1937 5334 2143 5404 prodit,
2180 5342 2233 5388 et
2267 5333 2434 5388 Deum
2486 5333 2730 5387 veritatis
2759 5331 2980 5384 amittit.

2011 5573 2117 5640 Qui
2145 5587 2421 5624 munerum
2451 5570 2773 5639 acceptiones
2809 5567 2942 5634 odit,
2973 5567 3284 5624 salvabitur.
3313 5567 3416 5634 Qui
3438 5569 3506 5624 ad

1939 5661 2298 5731 dejiciendam
2355 5661 2634 5714 veritatem
2690 5661 2936 5731 accipere
2993 5660 3194 5726 renuit,
3227 5659 3508 5716 salutema

1941 5751 2050 5806 Deo
2077 5751 2446 5823 consequitur.
