3900 6228
488 343 626 407 1379

555 451 926 522 Eleemosynis
971 458 1019 505 et
1063 448 1187 520 ﬁdei
1225 422 1432 504 aclibus
1493 458 1792 520 purgantur
1819 459 2058 520 peccata.
2091 457 2138 514 Α

487 545 885 602 Μίεετὶοοτιιίἱε
963 542 1018 596 in
1063 555 1335 612 pauperes
1391 550 1446 596 et
1503 541 1721 597 ﬁduciis
1764 543 1820 596 in
1880 541 2072 609 Deum,

493 636 652 705 quasi
693 635 748 689 in
783 632 1090 698 Fartorem,
1127 630 1467 702 provisorem
1498 638 1552 686 et
1581 631 1847 699 judicem,
1878 632 2077 687 eluun-

487 740 580 785 tur
613 728 689 783 illi
713 743 742 781 θ
773 727 914 782 bono
945 735 998 780 et
1021 725 1250 780 veritate
1281 724 1586 790 discessus,
1623 725 1719 796 qui
1777 741 1873 797 per
1906 724 2072 798 fragi-

489 824 696 878 litatem
737 831 792 874 et
832 820 1201 889 ignorantiam
1259 816 1494 877 admissi
1527 817 1752 876 iuerint.

565 949 629 1005 In
663 951 848 1004 timore
881 947 1094 1003 Domini
1118 946 1353 1002 declinat
1383 948 1557 1004 omnis
1595 965 1628 1002 α
1675 949 1844 1002 maio.
1877 946 2074 1003 Divino

487 1051 543 1096 ct
573 1040 854 1095 dominico
889 1039 1111 1105 timore,
1139 1053 1206 1094 ex
1239 1038 1345 1094 iide
1374 1039 1735 1110 procedente,
1767 1039 2072 1109 nequitiam

488 1131 754 1202 emigiunt
785 1145 1012 1194 omnes;
1052 1144 1176 1183 nam
1209 1130 1304 1199 qui
1342 1128 1522 1184 credit
1549 1128 1605 1182 in
1637 1127 1890 1192 Domino,
1907 1126 2075 1182 casti-

489 1224 762 1294 galionem
800 1223 978 1288 timet,
1012 1235 1177 1291 quam
1213 1218 1454 1275 timendo
1482 1219 1721 1275 abstinet
1746 1234 1776 1273 a
1803 1218 2075 1290 passioni-

488 1318 610 1371 bus.

560 1441 730 1498 Vens.
761 1441 853 1495 ‘28.
904 1439 1084 1496 Corda
1125 1438 1405 1509 juslorum
1447 1447 1640 1492 curant
1673 1438 1738 1492 de
1782 1437 1907 1507 ﬁde.
1939 1435 2073 1504 Qua

483 1534 642 1604 juxta
668 1536 818 1606 leges
840 1534 1059 1590 divinas
1089 1541 1494 1588 conversantur
1530 1533 1728 1587 animm
1787 1531 2073 1602 obsequiis

487 1627 801 1681 divinorum
856 1625 1243 1680 mandatorum
1279 1623 1609 1679 incumbunt
1672 1637 1908 1694 semper,
1942 1623 2072 1694 quia

487 1717 793 1774 secundum
827 1724 1066 1773 mentem
1096 1730 1334 1788 peccare
1355 1715 1575 1772 nolunt.

558 1939 630 1996 0s
669 1939 954 2007 impiorum
1007 1937 1288 2006 responde!
1337 1935 1505 1991 mala.
1564 1934 1734 1989 Deum
1787 1949 1886 2005 per
1927 1932 2070 1988 bona

483 2045 649 2101 opera
689 2045 798 2083 non
860 2029 1286 2092 honorantibus,
1320 2035 1376 2083 et
1418 2027 1719 2098 ipsummet
1767 2028 2069 2086 vocis,or-

481 2137 684 2192 ganon,
714 2121 855 2174 mala
880 2135 946 2174 ex
970 2119 1311 2174 abundantia
1343 2118 1526 2174 cordis
1563 2115 1806 2188 proferet
1835 2117 2070 2171 interro-

480 2214 662 2284 ganti;
695 2211 826 2281 quid
861 2211 1007 2265 enim
1046 2210 1321 2265 commodi
1359 2209 1567 2264 diceret
1592 2209 1757 2263 homo
1806 2208 1900 2278 qui
1934 2206 2067 2261 nihil

481 2303 613 2359 boni
641 2301 886 2373 cogitat?

552 2431 795 2500 Accepta:
826 2428 1054 2483 Domino
1080 2427 1175 2482 vim
1200 2427 1495 2496 juslorum.
1536 2424 1765 2480 Multum
1811 2432 2067 2496 accepta-

481 2524 619 2580 biles
652 2522 882 2576 Domino
909 2531 963 2576 et
987 2520 1233 2576 omnium
1266 2535 1450 2575 rerum
1486 2517 1596 2575 Deo
1636 2519 1846 2575 semitae
1875 2533 2066 2574 eorum

480 2614 574 2686 qui
621 2614 740 2670 sine
778 2611 1103 2676 oil'ensione,
1139 2609 1444 2667 secundum
1497 2609 1787 2665 scientiam
1838 2617 1893 2664 et
1926 2609 2070 2663 veri-

482 2717 651 2762 tatem
693 2707 908 2771 vivunl,
956 2703 1126 2758 Deum
1163 2710 1596 2773 consequentur,
1659 2703 1753 2771 qui
1799 2702 1922 2756 linis
1976 2715 2070 2756 co—

482 2799 926 2873 gnoscendorum
958 2805 1062 2873 est,
1093 2796 1304 2851 scilicet
1331 2796 1554 2859 veritas,
1585 2801 1638 2850 et
1672 2795 1794 2850 linis
1825 2793 2066 2866 agendo-

479 2871 626 2956 rum,
661 2891 918 2945 videlicet
945 2871 1184 2944 bonitas.

556 2999 659 3053 Per
685 3015 772 3053 eos
815 2999 978 3052 etiam
1015 2996 1315 3051 adversam
1367 2993 1731 3064 ﬁunt'amici.
1786 2995 1890 3051 Per
1940 2995 2064 3062 hos,

481 3098 672 3160 utpote
710 3087 802 3158 qni
837 3087 974 3140 alios
997 3099 1234 3154 purgare
1291 3089 1346 3137 et
1399 3097 1791 3138 consummare
1826 3083 2062 3147 valeant,

480 3145 646 3237 etiam
675 3145 837 3250 iilqui
875 3192 972 3247 per
997 3145 1278 3230 .malvitiam
1312 3182 1367 3229 et
1397 3173 1676 3230 inscitiam
1717 3172 1832 3229 Deo
1869 3145 2065 3229 adver-
2091 3145 2137 3209 Ο

480 3283 699 3336 santur,
735 3279 1028 3343 postquam
1068 3268 1388 3340 passionum
1422 3267 1686 3323 sordibus
1726 3265 1976 3322 defaecati
2013 3275 2070 3323 et

481 3366 810 3438 ignorantia:
853 3363 1092 3434 caligine
1153 3361 1368 3416 liberati
1413 3367 1588 3426 sunt,
1634 3376 1731 3431 per
1805 3361 2067 3417 virtutem

479 3469 644 3531 atque
681 3457 1104 3528 intelligentiam
1133 3454 1244 3510 Deo
1283 3453 1673 3510 conciliantur.

556 3587 721 3644 Vsus.
745 3587 836 3642 29.
865 3585 1041 3656 Longe
1081 3585 1225 3639 abest
1258 3583 1516 3637 Dominus
1568 3582 1634 3636 ab
1673 3583 1874 3652 impiis.
1940 3581 2070 3639 Pro-

478 3681 569 3736 cul
597 3681 738 3735 Deus
763 3680 830 3733 ab
862 3679 930 3733 iis
957 3686 1090 3742 stat,
1121 3677 1215 3747 qui
1259 3677 1414 3730 illum
1449 3691 1547 3746 per
1587 3677 1730 3730 bona
1765 3691 1930 3747 opera
1955 3691 2066 3733 non

482 3773 774 3836 honorant,
807 3785 876 3824 ne
931 3769 998 3825 ad
1040 3768 1457 3825 similitudinem
1511 3765 1662 3824 illius
1697 3765 1930 3823 'faciant
1968 3769 2066 3824 bo-

477 3875 634 3917 num.

550 3990 741 4045 Preces
769 3989 1044 4058 justorum
1060 3986 1300 4042 exaudit.
1327 3985 1478 4042 Votis
1509 4002 1725 4054 eorum,
1745 3988 1838 4059 qui
1863 4003 2065 4044 secun-

481 4083 614 4137 dum
649 4083 820 4152 legem
856 4081 976 4149 ejus
999 4086 1416 4146 conversantnr,
1465 4094 1524 4135 se
1571 4081 1786 4136 facilem
1827 4083 2060 4152 praebet;

480 4174 633 4241 ipsos
663 4171 834 4237 enim,
868 4177 1093 4242 propter
1133 4168 1521 4235 imitationem,
1547 4169 1690 4224 inter
1742 4185 1875 4226 suos
1903 4186 2063 4229 assu-

473 4264 602 4319 mit.

551 4369 745 4424 Melior
791 4380 869 4426 est
919 4379 1153 4442 quastus
1211 4387 1407 4440 parvus
1465 4387 1584 4425 cum
1632 4369 1851 4440 jnstitia
1903 4386 2060 4440 quam

1781 336 2105 399 PROCOPI
2113 338 2139 398 Ι
2179 337 2424 399 GAZJEI

3625 339 3742 406 i380

2250 448 2724 519 Ἐλεημοσύναις
2770 448 2868 503 καί
2934 450 3219 504 πίστεσιν
3259 449 3747 522 ἀποκαθαίρονται

2178 541 2476 610 ἁμαρτίαι.
2500 540 2628 602 Τοῖς
2671 541 2974 610 οίκτιρμοῐς
3049 541 3155 594 τῶν
3193 543 3471 613 πενήτων,
3506 545 3600 597 καὶ
3644 546 3747 607 cui;

2176 633 2258 696 si;
2291 633 2384 687 τὸν
2417 632 2551 687 Θεὸν
2597 631 2864 700 πίστεσιν,
2925 632 3001 697 ὡς
3057 634 3404 705 Δημιουργὸν
3429 640 3532 688 καὶ
3552 652 3748 706 προνοη-

2175 721 2274 794 τὴν
2305 724 2398 778 καὶ
2427 723 2643 794 κριτὴν,
2671 723 3031 777 ὲκπλύνονται
3060 723 3235 777 αἰτοῦ
3282 725 3506 793 ἀγαθοῦ
3549 726 3640 777 καὶ
3664 725 3748 794 τῆς

2175 817 2436 890 ἀληθείας
2484 817 2573 872 διά
2599 816 2797 872 κακίαν
2821 817 2914 871 καὶ
2940 817 3160 886 ἄγνοιαν
3187 817 3513 887 ἀποτυχίαι.

2253 944 2337 1010 Τῷ
2363 943 2433 998 δὲ
2464 946 2627 1014 φόϐῳ
2665 944 2891 1012 Κυρίου
2941 942 3207 998 ἐκκλίνει
3247 940 3368 1008 πᾶς
3401 943 3531 996 ἀπὸ
3561 939 3748 995 κακοῦ.

2175 1035 2266 1108 Τῷ
2302 1037 2349 1092 δ’
2399 1037 2467 1090 ἐκ
2513 1037 2751 1099 πίστεως
2775 1035 2907 1106 θείῳ
2933 1035 3028 1089 καὶ
3081 1034 3402 1104 Δεσποτικῷ
3464 1034 3620 1104 φόϐῳ
3662 1035 3755 1088 me

2171 1131 2272 1201 τῆς
2299 1131 2501 1193 κακίας
2559 1128 2921 1198 ἐκφεύγουσιν
2960 1129 3201 1192 ἅπαντες
3235 1143 3248 1158 ·
3280 1129 3309 1180 ὁ
3336 1128 3627 1180 πιστεύων
3658 1126 3750 1196 γὰρ

2176 1222 2256 1291 τῷ
2287 1222 2496 1294 Κυρίῳ,
2529 1221 2777 1290 φοῦεἰται
2807 1219 2908 1291 τὴν
2931 1218 3154 1274 κόλασιν
3187 1237 3203 1253 ο
3232 1221 3260 1273 ὁ
3289 1220 3348 1274 δὲ
3412 1219 3626 1288 ταύτην
3673 1237 3755 1288 qo-

2177 1312 2464 1384 ϐούμενος,
2493 1311 2892 1383 ἐγκρατεύεται
2927 1310 3036 1366 ἀπὸ
3064 1311 3176 1365 τῶν
3201 1311 3421 1366 παθῶν.

2248 1446 2352 1511 κη’.
2392 1441 2638 1508 Καρδίαι
2663 1439 2916 1493 δικαίων
2940 1436 3242 1508 μελετῶσι
3271 1438 3542 1502 πίστεις.
3571 1436 3637 1488 Δί
3665 1435 3753 1488 τῶν

2174 1533 2316 1587 κατά
2337 1533 2464 1596 τοὺς
2493 1532 2672 1592 θείους
2698 1531 2898 1602 νόμους
2940 1530 3380 1602 πολιτευομένων
3414 1528 3619 1599 ψυχαὶ,
3649 1530 3752 1590 ταῖς

2174 1623 2311 1695 πρὸς
2366 1624 2463 1687 τὰς
2493 1622 2832 1685 Δεσποτικὰς
2883 1620 3106 1685 ἐντολὰς
3157 1621 3509 1684 εὐπειθείαις
3543 1621 3752 1689 ὲνασχο-

2172 1713 2396 1768 λοῦνται
2417 1714 2732 1782 διαπαντὸς,
2766 1715 2842 1780 ὡς
2875 1714 3011 1786 μηδὲ
3045 1713 3188 1767 κατά
3235 1713 3488 1768 διάνοιαν
3519 1712 3754 1784 ἁμαρτά-

2105 1811 2150 1867 Β
2177 1823 2287 1859 νειν
2309 1805 2654 1877 βουλόμεναι.

2243 1936 2442 2003 Στόμα
2479 1935 2547 1989 δὲ
2574 1935 2811 1990 ἀσεϐῶν
2829 1935 3221 2006 ἀποκρίνεται
3244 1933 3428 1990 κακὰ.
3461 1930 3588 1988 τῶν
3608 1932 3664 1986 ἃ
3690 1931 3750 2002 μὴ

2171 2027 2238 2082 δι’
2261 2027 2480 2096 ἀγαθῶν
2509 2026 2685 2098 ἔργων
2717 2028 3003 2100 τιμώντων
3025 2029 3181 2093 Θεὸν,
3214 2029 3310 2082 καὶ
3333 2028 3480 2082 αὐτὸ
3539 2027 3602 2080 τὸ
3656 2043 3750 2094 φω-

2172 2120 2389 2190 νητικὸν
2445 2118 2699 2190 ὄργανον,
2755 2122 2820 2174 ἐκ
2854 2120 3291 2191 περισσεύματος
3349 2119 3461 2190 τῆς
3519 2117 3745 2190 καρδίας,

2172 2212 2396 2283 πονηρὰ
2417 2215 2531 2276 τοῖς
2563 2211 2840 2284 ἐρωτῶσιν
2880 2213 3230 2282 ἀπολογεῖται
3265 2230 3278 2243 ·
3307 2212 3363 2265 τί
3395 2213 3514 2284 γὰρ
3545 2210 3611 2264 ἂν
3631 2210 3748 2281 χρή·

2171 2321 2332 2374 σιμον
2362 2305 2654 2375 φθέγξαιτο
2683 2305 2711 2358 ὁ
2749 2307 2820 2378 μή
2861 2324 2913 2360 τι
2943 2305 3318 2376 διανοούμενος
3348 2303 3604 2374 ἀγαθόν;

2239 2431 2445 2483 Δεκταὶ
2468 2429 2627 2498 παρὰ
2652 2429 2846 2500 Κυρίῳ
2869 2431 2997 2486 ὁδοί
3046 2429 3286 2500 ἀνδρῶν
3325 2429 3607 2486 δικαίων.
3658 2427 3744 2480 Εὖ-

2172 2521 2504 2594 παράδεκτοι
2530 2520 2610 2593 τῷ
2642 2521 2831 2594 Κυρίῳ
2855 2522 3074 2578 πάντων
3117 2522 3238 2594 Θεῷ
3263 2523 3320 2577 αἱ
3363 2521 3518 2577 κατά
3562 2518 3738 2590 γνῶσιν

2172 2614 2268 2667 καὶ
2297 2613 2500 2684 ἀρετὴν
2527 2614 2637 2668 τῶν
2667 2615 2974 2686 ἀμέμπτως
3028 2614 3292 2687 βιούντων
3327 2617 3562 2688 πορεῖαι
3591 2629 3605 2644 ·
3635 2613 3736 2665 titt-

2170 2701 2552 2772 τυγχανόντων
2572 2701 2762 2766 αὑτοῦ,
2795 2697 2885 2756 οἷα
2927 2703 3025 2774 μὲν
3057 2703 3247 2768 τέλους
3302 2702 3418 2757 τῶν
3479 2699 3732 2772 γνωστῶν,

2168 2793 2246 2858 ὡς
2274 2793 2533 2865 ἀληθείας
2552 2811 2566 2826 ·
2605 2790 2693 2848 οἷα
2727 2794 2784 2848 δὲ
2807 2795 2994 2860 τέλους
3041 2795 3150 2850 τῶν
3174 2797 3465 2870 πρακτῶν,
3492 2795 3572 2859 ὡς
3619 2795 3737 2863 ἀγα-

2171 2885 2288 2940 θοῦ.
3202 2899 3220 2904 ‘

2243 3014 2346 3068 Διά
2365 3012 2434 3068 δὲ
2465 3013 2664 3068 αὐτῶν
2688 3014 2788 3068 καί
2821 3015 2876 3068 oi
2913 3013 3113 3085 ἐχθροί
3131 3016 3299 3084 φίλοι
3338 3015 3636 3084 γίνονται.
3657 3010 3733 3062 Διὰ
3820 2995 3821 3006 “

2171 3103 2375 3158 τούτων
2398 3105 2476 3171 δὲ,
2501 3106 2575 3168 ὡς
2601 3105 2913 3177 δυναμένων
2942 3105 3037 3160 καὶ
3096 3105 3315 3177 ἐτέρους
3340 3105 3631 3177 καθαίρειν
3655 3101 3730 3155 καὶ

2169 3195 2434 3260 τελειοῦν,
2455 3198 2550 3250 καὶ
2569 3197 2725 3251 αὐτοὶ
2747 3199 2793 3251 oi
2820 3197 2911 3250 διὰ
2940 3196 3141 3251 κακίαν
3171 3197 3266 3251 καὶ
3293 3197 3527 3266 ἄγνοιαν
3558 3191 3730 3264 θεομὰο

2169 3306 2276 3360 χοι,
2308 3289 2403 3343 τοῦ
2433 3288 2714 3360 μολυσμοῦ
2747 3288 2856 3342 τῶν
2891 3288 3081 3342 παθῶν
3117 3287 3511 3360 καθαρθέντες,
3545 3286 3631 3340 καὶ
3655 3281 3726 3336 τοῦ

2171 3381 2400 3445 σκότους
2423 3381 2522 3450 τῆς
2555 3380 2776 3450 ἀγνοίας
2811 3379 3242 3451 ἀπαλλαγέντες,
3270 3377 3392 3450 Θεῷ
3425 3379 3495 3432 δι’
3549 3373 3723 3449 ἀρετῆς

2169 3474 2264 3528 καλ⁸
2289 3472 2546 3544 γνώσεως
2574 3473 2926 3530 οἱκειοῦνται.

2237 3598 2346 3656 κθ’.
2376 3599 2629 3668 Μακρὸν
2661 3599 2872 3668 ἀπέχει
2913 3599 3058 3668 Θεὸς
3098 3599 3220 3654 ἀπὸ
3252 3600 3516 3657 ἀσεϐῶν.
3556 3597 3723 3669 Πόρῤω

2165 3693 2194 3745 ὁ
2227 3691 2360 3756 Θεὸς
2412 3693 2522 3753 τῶν
2565 3693 2642 3764 μὴ
2679 3692 2746 3746 δι’
2797 3691 3165 3763 ἀγαθοεργίας
3241 3693 3530 3763 τιμώντων
3591 3688 3720 3744 αὑτὸν

2165 3782 2460 3850 διίσταται,
2491 3784 2566 3848 ὡς
2597 3785 2672 3855 μὴ
2703 3783 2828 3839 καθ’
2855 3783 3114 3856 ὁμοίωσιν
3143 3783 3309 3838 αὑτοῦ
3367 3782 3719 3858 ἐργαζομένων

2164 3874 2226 3928 τὸ
2250 3875 2476 3944 ἀγαθόν.

2236 3999 2464 4070 Εὐχαῖς
2489 4000 2559 4054 δὲ
2594 4001 2840 4056 δικαίων
2861 4001 3173 4056 ὑπακούει.
3226 4002 3338 4066 Td;
3375 4003 3422 4055 δ’
3484 3997 3717 4063 ἐντεύξεις

2161 4086 2274 4140 τῶν
2303 4087 2446 4141 κατά
2473 4088 2674 4161 νόμους
2701 4090 2868 4144 αὑτοῦ
2899 4090 3334 4162 πολιτευομένων
3352 4085 3712 4162 προσίεται,ὡς

2163 4179 2254 4232 διὰ
2290 4180 2580 4252 μιμήσεως
2610 4181 3000 4252 οἰκειουμένων
3020 4181 3188 4254 αὐτῷ.

2233 4374 2551 4441 Ιῴείσσων
2602 4374 2775 4442 ὀλίγη
2829 4374 3021 4444 λῆψις
3047 4377 3194 4445 μετὰ
3251 4372 3707 4443 δικαιοσύνηςνῆ

477 4461 637 4516 mulli
667 4463 956 4528 productus
1005 4478 1125 4517 cum
1183 4464 1480 4534 iniquitate.
1513 4462 1704 4518 Melior
1738 4471 1823 4517 est
1856 4477 2061 4532 parvus

2185 4467 2368 4519 τολλά
2387 4463 2731 4534 γεννήματα
2753 4467 2904 4536 μετὰ
2941 4466 3196 4534 ἀδικίας.
3248 4469 3525 4541 Κρείττων
3587 4463 3705 4519 ἐστὶν

477 4564 545 4604 cii
583 4548 751 4616 iustis
789 4549 1070 4606 laboribus
1119 4559 1440 4620 proventus,
1497 4551 1562 4606 ad
1604 4549 1720 4606 sola
1785 4549 2062 4605 suliiciens

2185 4575 2230 4610 ’κ
2273 4557 2498 4611 δικαίων
2563 4558 2742 4612 πόνων
2777 4560 2952 4632 μικρά
2982 4561 3234 4632 εἰσφορὰ,
3285 4564 3365 4626 είς
3399 4563 3534 4633 μόνα
3571 4563 3706 4628 ἐπαρ-

480 4639 817 4705 nccessaria,
851 4654 1014 4708 quam
1045 4641 1198 4695 lucra
1230 4643 1402 4696 multa
1437 4657 1640 4713 rapace
1673 4641 1901 4696 avaritia
1928 4654 2064 4696 con-

475 4739 688 4809 gerata.

546 4855 656 4913 Cor
689 4855 914 4911 hominis
946 4857 1384 4927 expenditjusta,
1419 4860 1497 4912 ita
1533 4869 1590 4913 ut
1623 4861 1716 4916 sub
1753 4859 1858 4916 Deo
1911 4877 2062 4933 gres-

477 4967 570 5004 sus
620 4966 745 5004 suos
785 4947 1007 5019 dirigat.
1063 4949 1274 5003 Anima:
1322 4951 1468 5006 illius
1510 4953 1622 5023 (qui
1660 4954 1891 5009 viriliter
1952 4964 2062 5010 stat

477 5049 667 5096 contra
691 5041 973 5112 passiones
991 5039 1163 5108 suas),
1186 5039 1510 5094 revolvenda
1529 5049 1656 5096 sunt
1675 5041 1768 5096 Dei
1785 5042 2057 5108 mandata,

475 5128 552 5184 ita
581 5138 640 5184 ut
664 5139 821 5183 actus
847 5143 976 5184 suos
997 5128 1052 5182 in
1085 5127 1230 5182 bono
1252 5127 1471 5198 dirigat.

548 5322 712 5378 Vsus.
751 5324 840 5379 50.
889 5323 1092 5379 Oculus
1136 5324 1462 5394 prospiciens
1497 5323 1634 5380 bona
1665 5342 1758 5380 cor
1793 5327 2056 5397 (mliﬁcat.

472 5409 682 5467 Divinis
716 5413 992 5470 mandatis
1021 5414 1089 5469 ab
1110 5417 1290 5470 anima
1325 5417 1566 5486 practice
1596 5419 1851 5488 gustatis,
1895 5420 2058 5474 intel-

469 5503 646 5574 ligens
673 5505 762 5560 ille
791 5506 1096 5574 spiritualis
1131 5509 1346 5573 oculus,
1390 5509 1482 5579 qui
1516 5510 1844 5579 (theoretice
1891 5511 2054 5566 verba

469 5594 608 5662 legis
638 5597 911 5667 percipit),
961 5599 1014 5652 in
1051 5598 1302 5654 videndis
1351 5601 1461 5654 illis
1525 5602 1797 5671 spirituali
1853 5603 2054 5673 gaudio

472 5686 708 5738 animam
743 5688 936 5756 replet,
971 5698 1284 5761 gustantem
1326 5702 1380 5746 et
1414 5690 1710 5760 videntem,
1749 5695 1876 5764 quia
1925 5710 2052 5750 sna-

473 5775 556 5830 vis
586 5777 872 5834 Dominus.

2165 4647 2338 4702 κοῦσα
2375 4649 2446 4703 τὰ
2473 4651 2770 4718 ἀναγκαῖα,
2819 4653 2852 4723 ἥ
2883 4654 3094 4724 μεγάλη
3143 4655 3202 4721 ἐξ
3258 4656 3516 4728 ἁρπαγῆς
3550 4654 3702 4706 πλεον-

2166 4737 2400 4803 εκτικῶς
2430 4740 2896 4813 θησαυριζομένη.

2234 4867 2459 4936 Καρδία
2486 4866 2710 4937 ἀνδρὸς
2731 4869 3052 4938 λογιζέσθω
3084 4870 3306 4938 δίκαια,
3332 4873 3434 4926 ἵνα
3469 4870 3576 4928 ὑπὸ
3615 4861 3695 4919 τοῦ

2166 4959 2316 5013 Θεοῦ
2349 4957 2642 5028 διορθωθῇ
2680 4962 2752 5015 τὰ
2782 4962 3115 5032 διαδήματα
3143 4965 3351 5020 αὐτοῦ.
3390 4966 3453 5019 Ἢ
3476 4962 3602 5033 ψυχὴ
3621 4953 3694 5010 τοῦ

2163 5050 2306 5103 κατά
2335 5048 2446 5102 τῶν
2494 5049 2682 5105 παθῶν
2724 5049 3114 5122 ἀνδριζομένου
3150 5051 3466 5106 διανοείσθω
3493 5051 3578 5112 τὰς
3617 5038 3690 5094 τοῦ

2161 5139 2298 5194 Θεοῦ
2328 5140 2550 5204 ἐντολάς
2578 5156 2592 5172 ο
2622 5141 2698 5204 ὼς
2730 5141 2798 5194 ἂν
2828 5142 3101 5196 ὑπἀὐτοῦ
3120 5144 3548 5201 κατευθυνθῶσιν
3564 5143 3614 5194 ιν
3633 5133 3690 5204 τῷ
3718 5155 3732 5165 ’

2161 5231 2351 5303 ἀγαθῷ
2381 5232 2476 5285 τοῦ
2507 5232 2748 5286 τοιούτου
2774 5233 3063 5302 ἀνθρώπου
3093 5237 3150 5288 αἱ
3180 5238 3430 5308 πράξεις.

2229 5335 2292 5390 λ’.
2321 5335 2564 5404 Θεωρῶν
2591 5337 2900 5405 ὀφθαλμὸς
2929 5339 3106 5406 καλὰ,
3131 5342 3439 5410 εὐφραίνει
3467 5336 3681 5409 καρδίαν.

2161 5425 2273 5496 Τῆς
2296 5426 2616 5496 πρακτικῶς
2639 5428 2987 5500 γευσαμένης
3023 5429 3202 5501 ψυχῆς
3245 5432 3354 5486 τῶν
3382 5433 3530 5486 θείων
3566 5429 3678 5480 ἐντο-

2158 5515 2288 5580 λῶν,
2328 5517 2356 5570 ὀ
2378 5516 2597 5584 θεωρῶν
2622 5520 2746 5583 τοὺς
2776 5513 2970 5588 λόγους
3007 5522 3190 5576 αὐτῶν
3223 5525 3406 5594 νοερὸς
3433 5515 3677 5594 ὀφθαλμὸς,

2158 5610 2215 5662 ὲν
2271 5612 2339 5681 τῇ
2399 5611 2604 5666 τούτων
2633 5612 2869 5684 αὐτοψίᾳ
2901 5617 3075 5684 χαρᾶς
3121 5617 3492 5687 πνευματικῆς
3517 5610 3672 5673 ταύτην

2157 5703 2378 5773 πληροῖ,
2408 5704 2756 5777 γευσαμένην
2787 5707 2881 5761 καὶ
2919 5706 3264 5780 θεασαμένην
3290 5710 3371 5764 ὅτι
3417 5704 3614 5781 χρηστὸς
3654 5697 3673 5747 δ

2156 5792 2383 5864 Κύριος.
