3900 6228
242 307 376 373 1281
1305 325 1837 390 COMMENTARII
1873 329 1953 390 IN
1987 329 2440 393 PROVERBIA.
3375 333 3502 403 l382

304 431 474 502 Φήμη
524 433 593 486 δὲ
640 434 831 504 ἀγαθή
878 438 1097 492 πιαίνει
1145 420 1316 497 ὀστᾶ.
1373 439 1438 494 Ἠ
1466 441 1511 494 δ’
1538 441 1598 506 te
1647 442 1816 513 ἀκοῆς

1994 441 2148 496 Bona
2178 441 2329 511 fama
2359 441 2570 511 saginat
2600 456 2738 495 ossa.
2766 439 2932 497 Fama
2975 443 3046 501 de
3089 443 3290 502 divinis
3344 460 3504 505 man-

238 522 406 593 μόνης
457 523 770 580 είσδύνουσα
819 527 900 590 εἰς
953 526 1131 598 ψυχὴν
1184 528 1295 582 τῶν
1361 529 1524 585 θείων
1578 532 1811 585 ἐντολῶν

1936 534 2067 608 latis
2109 534 2352 588 animam
2384 548 2483 602 per
2513 534 2691 589 solum
2723 535 2970 589 auditum
3009 547 3339 607 occupante.
3371 555 3500 596 cum

236 613 415 684 φήμη.
447 614 506 668 ἐν
534 617 599 686 τῇ
629 613 836 671 τούτων
876 617 1087 689 ἱστορία
1121 617 1312 690 τρέφει
1344 620 1443 683 τὰς
1465 620 1621 691 δίκην
1641 620 1816 674 ὀστῶν

1936 622 2167 692 :Iposita
2198 622 2426 689 l‘uerint,
2454 623 2668 677 vividas
2689 623 2884 678 animae
2909 625 3075 689 vires,
3091 627 3302 684 ossium
3325 643 3500 696 more,

236 705 532 768 τονωτικάς
561 705 768 778 ταύτης
798 709 1083 781 δυνάμεις,
1114 711 1661 777 διανιστῶσαταύτας
1676 713 1816 784 πρὸς

1936 711 2172 767 nutriunt
2205 719 2258 767 et
2283 712 2406 766 illas
2443 712 2508 766 ad
2545 713 2881 782 Operaticnm
2915 715 3155 786 erigunt.

238 797 499 868 ἐργασίαν
533 798 734 854 αὐτῶν.

307 921 405 992 λβκ
445 925 550 990 ⁸ος
578 925 894 980 ἀπωθεῖται
932 927 1228 993 παιδείαν,
1284 927 1456 998 μισεῖ
1481 927 1702 982 ἑαυτόν
1733 942 1746 958 ·
1779 929 1812 982 ό

235 1013 305 1066 δὲ
333 1014 529 1084 τηρῶν
556 1016 874 1088 ἐλέγχους,
909 1018 1113 1089 ἀγαπᾷ
1157 1019 1273 1088 τὴν
1301 1018 1519 1074 ἑαυτοῦ
1575 1019 1812 1089 ψυχήν.

253 1098 310 1152 '0
342 1101 806 1174 ἀποπεμπόμενος
823 1106 950 1169 τοὺς
977 1107 1112 1177 πρὸς
1157 1106 1444 1178 διόρθωσιν
1496 1108 1817 1180 ἐπιτιμητις

237 1193 367 1257 κοὺς
397 1195 612 1264 λόγους,
645 1197 838 1268 ἐχθρὸς
864 1197 1058 1252 ἐαυτοῦ
1083 1199 1491 1263 ἀποδείκνυται,
1551 1200 1628 1268 ὡς
1675 1202 1814 1255 ἀπο-

239 1287 608 1357 στρεφόμενος
629 1288 699 1340 τὰ
750 1289 1097 1360 συμφέροντα
1141 1289 1318 1360 ἐαυτῷ
1361 1308 1376 1324 ο
1421 1292 1450 1344 ὁ
1477 1291 1534 1344 δέ
1590 1291 1816 1356 τούτους

1987 927 2153 983 Vens.
2197 926 2286 983 52.
2326 927 2429 994 Qui
2469 929 2658 1002 objicit
2706 930 3066 1001 disciplinam,
3099 936 3323 1006 seipsum
3353 936 3500 1002 odit;

1914 1017 2006 1087 qui
2057 1028 2235 1072 autem
2275 1019 2660 1085 increpationes
2726 1021 2980 1088 custodit,
3036 1021 3214 1094 diligit
3265 1026 3499 1080 animant

1916 1123 2091 1162 suam.
2157 1106 2262 1172 Qui
2315 1108 2643 1178 castigantis
2696 1111 2880 1176 verba,
2921 1112 2978 1165 in
3010 1127 3166 1168 suam
3195 1117 3500 1170 correctio-

1916 1212 2044 1254 nem
2086 1199 2313 1263 emissa,
2349 1201 2646 1269 respuerit,
2681 1202 2766 1256 sui
2802 1202 2982 1272 ipsius
3014 1205 3274 1260 inimicus
3307 1215 3496 1264 osten—

1915 1290 2086 1357 ditur,
2139 1291 2287 1361 quod
2340 1291 2446 1347 sibi
2498 1293 2842 1363 proﬁcientia
2886 1295 3204 1364 abjecerit;
3260 1298 3356 1367 qui
3407 1300 3500 1355 illa

235 1377 364 1447 παρ’
398 1378 577 1449 ἐαυτῷ
607 1379 915 1448 φυλάσσων,
950 1380 1093 1449 φιλεῖ
1118 1381 1217 1454 τὴν
1253 1383 1445 1438 ἐαυτοῦ
1472 1383 1672 1458 ψυχὴν,
1716 1383 1816 1458 τὴν

237 1472 507 1542 σωτηρίαν
542 1470 746 1542 ταύτης
774 1473 973 1549 ζητῶν.

1917 1380 2063 1435 intra
2115 1395 2176 1436 se
2252 1381 2543 1448 custodit,
2603 1381 2782 1453 diligit
2835 1383 3078 1441 animam
3151 1395 3204 1442 et
3263 1389 3498 1445 salutem

1913 1471 2131 1542 qumrit.

302 1599 402 1670 λγ’.
433 1601 622 1666 Φόϐος
637 1600 884 1669 Κυρίου,
911 1599 1150 1655 παιδεία
1174 1601 1272 1656 καὶ
1309 1601 1499 1671 σοφία
1522 1601 1621 1655 καί
1654 1599 1812 1671 ἁρχὴ

1987 1595 2159 1653 Vens.
2189 1597 2280 1654 '55.
2318 1597 2502 1654 Timor
2526 1597 2741 1653 Domini
2771 1598 3053 1668 disciplina
3105 1611 3156 1657 et
3210 1606 3497 1674 sapientia,
3574 1584 3582 1591 I

232 1691 415 1761 δόξης
464 1690 935 1761 ἀποκριθήσεται
983 1691 1162 1761 αὐτῇ.
1218 1692 1279 1746 ’0
1335 1694 1668 1758 Δεσποτικὺς
1717 1695 1814 1748 καὶ

1936 1695 1966 1742 et
1994 1689 2208 1743 initium
2247 1688 2444 1759 gloria:
2488 1689 2875 1758 respondebunt
2922 1692 3028 1745 illi.
3079 1693 3398 1750 Dominicus
3446 1706 3502 1752 et

233 1786 373 1849 θεῖος
401 1784 565 1854 φόϐος
611 1786 738 1849 τοὺς
770 1786 870 1856 μὲν
896 1787 1234 1858 πρακτικοὺς
1264 1787 1508 1843 παιδεύει
1541 1789 1811 1844 ἐκκλίνειν

1936 1779 2134 1836 livinus
2154 1781 2321 1836 timor
2338 1789 2564 1852 agentes
2584 1782 2778 1839 edocet
2814 1791 2873 1838 nt
2899 1784 3176 1841 declinent
3216 1803 3245 1842 a
3274 1790 3417 1844 malo
3448 1800 3504 1844 et

234 1874 339 1928 ἀπὸ
363 1877 555 1943 κακοῦ,
581 1879 676 1931 καὶ⁵
702 1879 876 1931 ποιεῖν
906 1877 1108 1948 ἀγαθόν
1135 1893 1152 1912 ο
1189 1879 1317 1942 τοὺς
1343 1879 1400 1932 δὲ
1432 1878 1806 1951 θεωρητικοὺς

1936 1873 2124 1929 ’aciant
2157 1873 2364 1928 bonum
2414 1892 2429 1929 :
2477 1873 2896 1930 considerantes
2952 1883 3135 1931 autem
3183 1881 3374 1935 sanius
3413 1882 3501 1936 in-

237 1967 444 2038 σοφίζει
482 1970 772 2038 ἐκφεύγειν
835 1969 935 2040 τὴν
958 1971 1082 2024 κατ’
1115 1969 1367 2040 αἴσθησιν
1418 1972 1656 2043 ἀπάτην,
1715 1972 1810 2025 καὶ

1936 1966 2077 2020 χιι-υἱι
2112 1973 2173 2020 ut
2201 1965 2451 2021 fallacias
2489 1981 2753 2022 sensuum
2786 1971 2965 2023 vitent
2993 1975 3047 2023 et
3070 1977 3252 2024 mente
3277 1972 3501 2042 capiant

231 2063 431 2133 χωρεῖν
456 2061 593 2132 πρὸς
621 2061 720 2132 τὴν
749 2063 892 2116 κατά
925 2062 1052 2116 νοῦν
1086 2063 1143 2116 ἐν
1179 2062 1453 2134 πνεύματι
1476 2063 1677 2132 γνῶσιν
1700 2064 1811 2119 τῶν

1936 2058 2257 2130 .piritualem
2275 2056 2426 2113 illam
2457 2059 2769 2119 scientiam.
2799 2073 2920 2129 qua:
2945 2060 3093 2115 circa
3128 2075 3311 2116 rerum
3358 2065 3503 2118 exsi-

231 2154 290 2206 ἐν
317 2153 431 2216 τοῖς
462 2150 593 2206 οὖσι·
611 2151 786 2222 λόγων
821 2168 834 2184 ·
866 2155 924 2208 ἐν
948 2149 1028 2216 οἷς
1054 2153 1188 2218 Θεὸς
1235 2155 1420 2218 αὐτοῖς
1448 2157 1561 2218 τοῖς
1593 2155 1809 2226 θεωρη-

1936 2152 2168 2207 tentiam
2205 2158 2482 2207 versatur.
2500 2149 2598 2207 His
2634 2151 2689 2206 in
2723 2153 2888 2209 rebus
2921 2153 3147 2209 omnino
3179 2154 3500 2216 manifesta-

229 2247 405 2307 τικοῖς
442 2247 662 2309 πάντως
705 2247 1196 2320 ἐμφανισθήσεται,
1232 2248 1260 2300 ὁ
1288 2247 1462 2314 αἴτιος
1491 2248 1591 2318 τῆς
1632 2249 1692 2304 ἐν
1741 2251 1809 2320 τῇ

1936 2239 2068 2294 )itur
2100 2239 2423 2294 theoretieis
2453 2239 2566 2294 illis
2596 2239 2766 2298 Deus.
2797 2241 2894 2311 qui
2922 2247 3009 2296 est
3046 2255 3220 2296 causa
3251 2242 3419 2298 totius
3443 2244 3497 2298 in

230 2337 408 2392 κτίσει
443 2339 887 2410 μεγαλειότητος.

691 2450 696 2455 ’
814 2483 1071 2539 ΚΕΦΑΛ.
1100 2484 1220 2552 ις’.

303 2618 376 2667 α’.
411 2610 616 2665 Πάντα
652 2611 726 2665 τὰ
748 2609 894 2679 ἔργα
924 2609 1032 2664 τοῦ
1067 2610 1374 2678 ταπεινοῦ,
1397 2612 1627 2682 φανερὰ
1655 2611 1818 2680 παρὰ

232 2703 312 2771 τῷ
326 2703 464 2769 Θεῷ.
481 2705 639 2758 Πᾶσα
663 2704 696 2774 ἡ
719 2702 967 2774 ἐνάρετος
987 2702 1231 2758 πολιτεία
1255 2702 1347 2756 τοῦ
1364 2705 1812 2776 ταπεινόφρονας,

233 2795 336 2849 κᾶν
374 2795 704 2864 κέκρυπται,
739 2793 816 2863 μὴ
842 2793 942 2864 τὴν
971 2793 1100 2863 παρ’
1154 2791 1460 2864 ἀνθρώπων
1511 2793 1668 2860 δόξαν
1717 2793 1818 2864 ζη-

231 2884 472 2948 τοῦντος,
527 2882 666 2936 ἀλλὰ
719 2883 840 2954 Θεῷ
870 2883 1003 2954 δήλη
1063 2882 1396 2954 καθέστηκε,
1438 2883 1517 2955 τῷ
1552 2882 1813 2953 ἐπιγινώ-

234 2991 414 3028 σκοντι
480 2975 642 3029 αὐτὸν
706 2975 770 3028 ἐκ
835 2974 935 3044 τῆς
963 2975 1134 3046 καλῆς
1195 2975 1306 3030 τῶν
1335 2974 1512 3048 ἔργων
1551 2976 1818 3046 ἀναστρο-

235 3069 364 3138 φῆς.

1913 2329 2197 2384 creatione
2227 2329 2652 2400 magnitudinis.

2545 2468 2699 2524 CAP.
2733 2469 2871 2526 XVI.

1987 2593 2157 2651 Vens.
2188 2594 2244 2649 2.
2315 2594 2515 2652 Omnia
2563 2612 2724 2666 opera
2785 2598 3013 2654 hominis
3047 2603 3333 2672 manifesta
3380 2615 3502 2659 sunt

1915 2686 2060 2754 apud
2088 2685 2274 2741 Deum.
2299 2685 2580 2744 Prastans
2627 2692 2982 2746 conversatio
3037 2692 3276 2749 hominis
3326 2694 3394 2750 de
3445 2707 3505 2751 se

1918 2773 2202 2829 humiliter
2226 2774 2545 2838 sentientis,
2590 2777 2808 2832 etiamsi
2847 2779 3176 2834 abscondita
3220 2780 3292 2834 sit
3364 2781 3505 2851 (ipse

1917 2865 2066 2921 enim
2095 2879 2206 2920 non
2233 2866 2434 2936 quaerit
2462 2866 2691 2936 gloriam
2720 2869 2864 2938 apud
2897 2869 3198 2940 homines),
3231 2872 3287 2926 in
3312 2879 3505 2941 aperto

1919 2965 2029 3016 stat
2055 2973 2240 3012 coram
2269 2957 2397 3023 Deo,
2423 2961 2784 3028 cognoscenti
2814 2959 2970 3015 illum
2995 2976 3061 3016 ex
3102 2961 3336 3032 pulchra
3375 2978 3508 3032 ope-

1933 3065 2058 3104 rum
2099 3049 2371 3121 gestione.

302 3174 366 3231 δ’.
400 3179 465 3230 Ol
489 3175 558 3230 δὲ
607 3175 846 3242 ἀσεϐεῖς
880 3176 950 3232 ἐν
977 3175 1168 3246 ἡμέρᾳ
1195 3175 1355 3246 κακῇ
1407 3173 1712 3230 όλοῦνται.
1745 3173 1810 3226 (ii

1987 3174 2158 3233 Vens.
2201 3177 2256 3232 4.
2288 3175 2452 3248 Impii
2489 3179 2543 3233 in
2572 3179 2657 3233 die
2687 3177 2831 3232 mala
2849 3179 3115 3246 peribunt.
3150 3177 3256 3244 Qui
3302 3192 3412 3235 non
3434 3191 3505 3234 ex

233 3267 292 3320 δὲ
318 3266 392 3338 μὴ
425 3266 484 3332 ἐξ
507 3265 680 3336 έργων
703 3266 1044 3338 δικαιοσύνης
1077 3266 1344 3338 τιμῶντες
1366 3267 1525 3334 Θεὸν,
1554 3267 1815 3340 ἐνήμέρᾳ

233 3356 407 3429 ὀργῆς
436 3355 600 3410 αὑτοῦ
639 3357 734 3410 καὶ
754 3358 1184 3424 άνταποδόσεως,
1251 3357 1584 3413 ἀπολοῦνται
1636 3376 1816 3432 παρα-

239 3449 588 3522 πεμφθέντες
629 3450 709 3512 εις
739 3448 988 3518 γέενναν.

307 3584 369 3635 ε’.
415 3577 772 3647 ’Δκάθαρτος
810 3575 972 3646 παρὰ
999 3575 1191 3645 Κυρίῳ
1206 3574 1324 3642 πᾶς
1346 3576 1812 3646 ὺψηλοκὰρδιος.

241 3670 478 3742 Βέϐηλος
517 3668 670 3741 παρὰ
702 3669 780 3740 τῷ
817 3667 914 3722 τοῦ
972 3668 1176 3730 παντὸς
1225 3668 1497 3740 Δεσπότῃ.
1558 3667 1660 3721 κᾶν
1701 3666 1816 3737 βίου

239 3763 587 3834 καθαρότητα
622 3761 1009 3823 ἐπιδείκνυται,
1059 3758 1276 3825 ἀλαζὼν
1306 3758 1455 3825 ἅπας
1477 3760 1584 3813 ’καὶ
1614 3759 1819 3832 ὑπερή-

240 3873 407 3925 φανος
438 3871 452 3887 ο
480 3856 866 3910 ἀντιτάσσεται
900 3853 1030 3925 (γὰρ
1052 3853 1216 3924 Θεῷ).

311 3982 470 4050 Xeth
496 3981 564 4036 δὲ
589 3980 792 4053 χεῷας
805 3979 1088 4049 ἐμϐαλὼν
1113 3977 1358 4043 ἀδίκως,
1393 3978 1505 4031 οὐκ
1541 3975 1816 4042 ὰθωωθή-

240 4091 430 4130 σεται.
468 4077 526 4128 Ὀ
551 4074 607 4127 δέ
645 4072 726 4144 τῷ
757 4070 990 4143 καμάτῳ
1035 4070 1134 4141 τῆς
1175 4069 1384 4134 οἰκείας
1445 4067 1630 4140 χειρὸς
1689 4067 1817 4131 τοὺς

238 4167 349 4221 τῶν
398 4165 697 4237 ἀλλοτρίων
747 4161 948 4235 χειρῶν
992 4162 1190 4225 πόνους
1222 4160 1374 4234 παρὰ
1403 4162 1582 4216 πάντα
1609 4159 1817 4214 δίκαιον

238 4258 398 4328 λόγον
431 4256 762 4328 προσμίξας,
795 4255 856 4308 οὐ
895 4253 1146 4318 τεύξεται
1181 4251 1511 4322 συγγνώμης
1531 4250 1685 4321 παρά
1721 4247 1814 4302 τοῦ

237 4349 451 4404 δικαίου
475 4349 583 4402 τῶν
623 4347 761 4401 ὅλων
793 4345 987 4419 κριτοῦ
1049 4349 1107 4401 ἐν
1143 4344 1328 4416 ἡμέρᾳ
1376 4341 1813 4405 ἀνταποδόσεως.

1923 3269 2189 3338 operibus
2216 3269 2444 3338 justitiaa
2470 3270 2638 3325 Deum
2677 3269 2974 3334 honorant,
3007 3269 3064 3322 in
3103 3268 3192 3322 die
3219 3269 3313 3323 ira:
3335 3277 3389 3323 et
3416 3285 3508 3324 re-

1914 3357 2237 3414 tributionis
2275 3359 2447 3430 ipsius
2472 3360 2749 3429 peribunt,
2787 3359 3022 3414 immissi
3055 3358 3110 3412 in
3138 3358 3468 3429 gehennam.

1990 3574 2158 3631 Vens.
2201 3576 2255 3633 5.
2288 3575 2539 3646 Impurus
2589 3577 2732 3647 apud
2776 3575 3066 3631 Dominum
3107 3578 3276 3633 omnis
3307 3578 3510 3635 elatus.

1921 3664 2217 3732 Profanns,
2246 3669 2390 3738 apud
2441 3683 2625 3724 rerum
2661 3672 2905 3724 omnium
2943 3669 3257 3734 Dominum,
3289 3671 3503 3727 etiamsi

1923 3756 2051 3810 vita:
2105 3759 2399 3826 puritatem
2433 3773 2544 3828 prae
2590 3773 2650 3812 se
2691 3758 2881 3824 ferret,
2935 3760 3117 3815 omnis
3165 3759 3406 3831 jaCtator
3451 3773 3508 3819 et

1918 3847 2207 3902 sublimis:
2247 3847 2574 3904 adversatur
2605 3850 2774 3920 (enim
2806 3849 2963 3923 Deo).

1989 3974 2216 4031 Manum
2265 3977 2322 4032 in
2381 3995 2573 4034 manus
2616 3982 2709 4052 qui
2730 3983 2927 4052 injuste
2966 3984 3164 4056 injicit,
3210 3986 3354 4042 haud
3400 3987 3504 4043 int-

1918 4085 2085 4139 purus
2145 4068 2331 4124 abibit.
2384 4069 2489 4138 Qui
2544 4073 2720 4128 labori
2770 4077 3004 4147 propriae
3060 4094 3256 4134 manus
3308 4096 3505 4152 operas

1922 4161 2156 4221 aliarum
2213 4176 2475 4216 manuum
2512 4174 2706 4219 contra
2746 4181 2964 4223 omnem
2993 4169 3202 4239 justam
3233 4173 3503 4227 rationem

1925 4252 2300 4316 admiscuerit,
2364 4268 2395 4307 a
2439 4253 2593 4323 justo
2652 4268 2984 4312 cunctorum
3038 4259 3250 4329 judice,
3314 4262 3369 4315 in
3418 4263 3504 4319 die

1926 4343 2330 4411 retributionis,
2369 4349 2583 4401 veniam
2624 4363 2735 4403 non
2764 4348 3052 4405 obtinebit.

323 4477 504 4548 Ἀρχὴ
532 4475 675 4532 ὁδοῦ
701 4474 950 4547 ἀγαθῆς,
967 4475 1036 4529 τὸ
1065 4474 1259 4530 ποιεῖν
1279 4473 1497 4528 δίκαια.
1523 4473 1816 4543 Είσαγωγή

1995 4463 2216 4520 Initium
2252 4467 2348 4522 vim
2373 4468 2541 4534 bona,
2565 4469 2739 4540 facere
2755 4473 2931 4541 justo.
2964 4472 3226 4531 lntroitus
3248 4476 3314 4531 ad
3339 4477 3502 4532 vitam

241 4565 359 4620 ἐστι
385 4569 484 4638 τῇς
507 4565 804 4636 εύαρέστου
837 4564 958 4635 Θεῷ
1011 4564 1196 4635 βιοτῆς
1254 4565 1288 4634 ἡ
1322 4563 1410 4618 διὰ
1436 4563 1544 4616 τῶν
1577 4563 1818 4616 ἀντικει-

243 4658 423 4730 μένων
455 4661 522 4730 τῇ
565 4659 736 4729 κακίᾳ
769 4657 950 4729 έργων
982 4657 1249 4730 κάθαρσις
1287 4655 1618 4732 τῶν-παθῶν
1648 4672 1662 4687 ο
1699 4655 1817 4727 μεθ’

237 4754 361 4825 ῆνὴ
395 4752 646 4824 προκοπή
671 4768 730 4804 τε
772 4752 919 4823 καὶὴ
952 4751 1251 4816 τελείωσις.

308 4878 497 4934 Δεκτὰ
543 4878 612 4933 δὲ
644 4878 806 4948 παρὰ
854 4877 976 4944 Θεῷ
1000 4878 1244 4948 μᾶλλον
1301 4876 1340 4946 ἢ
1392 4876 1558 4931 θύειν
1574 4877 1815 4932 θυσίαν.

243 4969 633 5039 Εύπρόσδεκτα
664 4971 722 5024 δέ
751 4973 821 5025 τὰ
848 4969 1073 5024 τοιαῦτα
1104 4969 1242 5040 ἔργα
1275 4968 1395 5040 Θεῷ
1444 4968 1584 5040 ὑπὲρ
1608 4967 1819 5038 ἀλόγων

240 5059 395 5126 ζώων
417 5060 846 5134 ὁλοκαυτώματα
880 5077 895 5092 ο
940 5062 1016 5127 ὡς
1046 5061 1146 5132 τῆς
1191 5061 1396 5133 σαρκὸς
1423 5059 1720 5132 νεκροῦντα
1757 5060 1820 5116 τὸ

242 5153 520 5225 φρόνημα,
592 5153 689 5208 καὶ
726 5153 932 5226 ταύτην
983 5154 1278 5224 εὐάρεστον
1307 5153 1456 5224 αὐτῷ
1499 5153 1690 5209 θυσίαν
1749 5154 1818 5208 δι’

241 5243 496 5317 ἐναρέτου
527 5245 804 5311 πολιτείας
831 5247 1226 5302 ἀποτελοῦντα.

325 5463 389 5518 '0
411 5463 606 5531 ζηλῶν
640 5463 749 5518 τὸν
777 5464 1018 5533 Κύριον,
1045 5464 1293 5535 εὑρήσει
1313 5463 1541 5536 γνῶσιν
1557 5466 1706 5536 μετὰ
1729 5467 1818 5522 δι-

239 5557 591 5622 καιοσύνης.
630 5555 688 5610 Ὀ
722 5555 858 5609 Θεοῦ
889 5558 1165 5628 ἐπιτυχεῖν
1223 5559 1532 5628 ἐφιέμενος,
1564 5558 1817 5625 τεύξεται

238 5649 339 5720 τῆς
362 5649 684 5720 ἐμπράκτου
711 5649 967 5717 γνώσεως
987 5649 1094 5702 τῶν
1123 5650 1296 5718 ἁγίων
1339 5650 1505 5704 αὐτοῦ
1562 5651 1814 5707 ἐντολῶν.

311 5759 379 5814 Ol
394 5757 462 5812 δὲ
490 5757 675 5828 ὀρθῶς
705 5756 1024 5830 ζητοῦντες
1075 5759 1284 5829 αὑτὸν,
1330 5760 1706 5831 εὑρήσουσιν
1741 5764 1820 5816 εί-

1926 4555 2037 4612 Deo
2060 4564 2364 4627 acceptam,
2399 4567 2483 4615 est
2512 4561 2826 4644 puriﬁcatio
2860 4568 3180 4634 passionum
3216 4582 3314 4637 per
3340 4583 3505 4640 opera

1926 4649 2150 4704 malitiae
2207 4651 2494 4720 opposita;
2557 4667 2684 4708 cum
2725 4655 2819 4708 illa
2854 4663 2909 4710 et
2973 4656 3257 4727 profectus
3293 4669 3346 4714 ct
3378 4675 3510 4730 pro-

1926 4738 2109 4795 fectio.

1998 4866 2154 4936 Apud
2183 4865 2354 4920 Deum
2403 4868 2570 4939 magis
2617 4881 2828 4942 accepta
2896 4891 3056 4946 quam
3090 4878 3401 4946 sacriﬁcare
3421 4894 3510 4933 sa-

1926 4959 2153 5028 criﬁcia.
2198 4959 2371 5014 Multo
2403 4963 2714 5032 acceptiora
2785 4975 2914 5021 sunt
2958 4967 3190 5022 Domino
3232 4967 3508 5036 ejusmodi

1926 5065 2113 5122 opera,
2139 5066 2302 5122 quam
2323 5052 2647 5109 holocausta
2667 5055 3127 5111 irrationabilium
3147 5058 3466 5112 animalium
3491 5077 3506 5114 :

1927 5147 2122 5216 spiritu
2183 5147 2328 5200 enim
2372 5147 2708 5203 mortiﬁcant
2764 5165 3007 5215 carnem,
3066 5165 3256 5221 quam,
3317 5161 3510 5207 sancta

1927 5238 2347 5294 conversatione
2382 5254 2504 5307 sua,
2542 5239 2596 5293 in
2625 5238 2735 5295 Deo
2756 5247 2972 5311 gratum
3019 5241 3350 5297 sacriﬁcium
3387 5259 3510 5315 per-

1926 5327 2136 5386 ﬁciunt.

2001 5462 2107 5530 Qui
2157 5464 2346 5534 quan-it
2411 5463 2737 5531 Dominum},
2776 5461 2997 5517 inveniet
3069 5465 3345 5520 scientiam
3393 5482 3512 5521 cum

1917 5555 2161 5625 justitia.
2203 5555 2308 5621 Qui
2355 5554 2448 5609 Dei
2490 5554 2823 5626 assequendi
2864 5554 3107 5626 cupidus
3145 5565 3251 5624 est,
3290 5572 3512 5630 c0mpa-

1927 5651 2074 5706 rabit
2106 5651 2210 5707 sibi
2237 5651 2535 5721 practicam
2566 5651 2854 5708 scientiam
2877 5651 3264 5708 mandatorum
3293 5655 3436 5725 ejus.

1999 5765 2104 5832 Qui
2152 5773 2289 5821 recte
2351 5765 2623 5838 requirunt
2660 5784 2800 5838 eunt,
2851 5768 3111 5826 invenient
3153 5786 3354 5841 pacem.
3388 5770 3518 5836 Qui,
