3900 6228
458 335 600 406 1383

1790 314 2140 378 PROCOPII
2172 309 2415 374 GAZEI

3593 301 3711 368 1383.

455 445 764 508 secundum
797 441 1066 503 ordinem,
1103 441 1253 492 recte
1287 431 1356 488 ad
1389 430 1680 487 Dominum
1710 428 2042 499 procedunt,
2073 474 2081 487 .

2192 424 2363 493 ήνην.
2386 422 2450 476 0i
2473 421 2530 476 δέ
2563 417 2704 472 κατὰ
2718 416 2871 484 τάξιν
2899 411 3324 486 εὐθυποροῢντες
3357 421 3496 486 πρός
3509 415 3711 484 Κύριον.

457 554 638 610 neque
672 533 889 592 defectu
915 528 1141 587 virtutis
1185 540 1364 596 neque
1395 537 1624 579 excessu
1655 521 1712 576 in
1761 521 2052 591 passiones

458 631 676 693 devcrsi
725 626 953 693 fuerint,
1012 619 1477 693 perfectissimam
1545 612 2052 685 impassibilitatem

473 729 554 798 (in
580 731 846 796 quantum
883 715 1096 773 homini
1126 711 1409 785 possibile)
1439 709 1837 778 obsequemur.

532 834 741 889 Cuncta
771 845 928 898 opera
951 824 1169 880 Domini
1191 839 1309 877 cum
1333 817 1750 892 justitia.Justa
1777 821 1907 871 sunt
1936 827 2057 867 om-

463 927 578 992 nia,
623 934 967 992 quzecunque
1013 932 1194 971 rerum
1233 921 1562 968 cunctarum
1616 908 1881 963 Dominus
1921 905 2053 960 eﬂ‘e-

463 1017 620 1074 cerit.
656 1015 714 1069 Si
748 1014 926 1068 bonus
956 1010 1232 1081 aﬂligitur,
1265 1005 1524 1078 praesenti
1556 1012 1801 1072 tempore
1821 1001 2058 1069 castiga-

464 1116 556 1163 tur
584 1107 643 1161 in
672 1104 875 1172 quibus
909 1110 1172 1171 tanquam
1202 1098 1367 1152 homo
1394 1095 1653 1164 deliquit;
1691 1094 1768 1147 ita
1796 1101 1856 1146 ut
1885 1090 1938 1145 in
1972 1088 2058 1144 tuo

466 1206 592 1253 turo
647 1195 797 1250 solas
851 1193 1120 1247 bonorum
1180 1201 1408 1258 Operum
1467 1182 1858 1240 retributiones
1906 1193 2061 1235 rece-

467 1299 683 1360 pturus.

547 1397 892 1456 Custodietur
919 1394 1112 1463 impius
1138 1393 1195 1446 in
1252 1391 1390 1446 diem
1431 1388 1652 1444 malam.
1690 1385 1956 1442 Servatur
1988 1380 2059 1438 in

2155 516 2254 570 xui.
2303 514 2442 585 μήτε
2469 511 2605 581 πρὸς
2629 509 2700 564 τὰ
2742 507 2864 562 κατ’
2899 505 3143 576 ἔλλειψιν
3191 509 3288 578 τῆς
3317 506 3531 576 ἀρετῆς
3565 505 3716 577 πάθη,

2159 608 2299 679 μήτε
2325 604 2464 675 πρὸς
2487 603 2557 657 τὰ
2588 599 2716 656 καθ’
2743 601 2846 654 ὑπε
2858 598 3051 672 ρϐολὴν
3078 597 3439 668 τρεπόμενοι,
3469 596 3719 651 τελειοτά-

2153 713 2276 768 της,
2313 695 2389 758 ὡς
2423 693 2644 763 ἐφικτὸν
2687 689 2982 762 ἀνθρώπῳ,
3009 686 3283 751 ἀπαθείας
3318 686 3719 757 ἁξιωθήσονται.

2227 813 2290 862 ε’.
2334 805 2539 860 Πάντα
2579 803 2651 858 τὰ
2674 803 2819 872 ἔργα
2855 801 3078 870 Κυρίου
3122 800 3274 870 μετὰ
3325 797 3722 865 δικαιοσύνης.

2156 897 2359 953 Δίκαια
2410 896 2592 951 πάντα
2641 895 2736 948 ὅσα
2778 893 2843 947 ἂν
2873 892 2902 944 ὁ
2934 891 3042 945 τῶν
3076 890 3215 944 ὅλων
3248 889 3534 958 Δεσπότης
3565 890 3680 957 ποιῇ
3711 904 3723 917 ·

2156 991 2262 1045 κᾶν
2284 989 2490 1060 ἀγαθὸς
2509 987 2566 1041 δέ
2601 986 2702 1058 μὲν
2735 987 3049 1058 δυσπραγῇ,
3071 981 3490 1055 τιμωρούμενος
3525 981 3657 1034 κατά
3680 980 3728 1032 τὴ

2159 1086 2355 1155 παρὸν,
2388 1076 2464 1137 ὧν
2494 1081 2570 1146 ὡς
2593 1079 2883 1151 ἄνθρωπος
2906 1076 3335 1148 ἐπλημμέλησεν
3381 1092 3396 1105 ·
3422 1074 3573 1136 ὅπως
3607 1073 3728 1125 κατὰ

2158 1178 2219 1232 τὸ
2287 1175 2479 1247 μέλλον
2513 1172 2682 1244 μόνας
2719 1172 2828 1228 τῶν
2878 1168 3101 1240 ἀγαθῶν
3152 1168 3333 1240 ἔργων
3370 1166 3608 1238 λήψεται
3649 1166 3731 1229 τὰς

2160 1266 2420 1338 ἀντιμισθ
2429 1263 2534 1330 ίας.

2232 1382 2618 1438 Φυλάσσεται
2656 1379 2724 1433 δὲ
2765 1379 2800 1432 ὁ
2841 1377 3073 1461 ἀσεϐὴς
3122 1377 3214 1444 είς
3267 1377 3507 1446 ἡμέραν
3541 1375 3733 1443 κακήν.

468 1486 727 1560 praesenti
760 1485 911 1548 felix,
943 1482 1036 1552 qui
1078 1480 1243 1536 Deum
1279 1494 1374 1549 per
1410 1477 1554 1532 bona
1597 1489 1766 1546 opera
1813 1488 1921 1528 non
1962 1471 2063 1526 ho-

2192 1478 2242 1548 .‘n
2254 1479 2425 1548 ρεῖται
2459 1475 2517 1528 δέ
2540 1471 2841 1544 ἐὐπραγῶν
2880 1470 3023 1524 κατὰ
3046 1469 3109 1523 τὸ
3139 1470 3335 1539 παρὸν,
3367 1471 3399 1522 ὁ
3435 1467 3514 1538 μὴ
3539 1467 3604 1520 δι’
3625 1469 3738 1532 ἁγαο

469 1558 654 1635 norat.
681 1574 1040 1645 Longanimis
1065 1579 1150 1626 est
1175 1570 1322 1626 Deus
1352 1571 1522 1625 relate
1574 1567 1645 1622 ad
1685 1566 1840 1620 illum
1885 1579 2062 1635 usque

2197 1567 2421 1639 οεργίας
2468 1565 2645 1637 τιμῶν
2674 1563 2768 1617 τὸν
2791 1563 2924 1616 Θεόν
2960 1578 2973 1590 ·
3035 1558 3537 1633 μακροθυμοῦντος
3567 1558 3735 1611 τούτου

473 1671 528 1724 in
553 1669 694 1724 diem
727 1667 822 1720 irae
839 1671 894 1719 et
910 1661 1415 1725 manifestationis;
1450 1673 1598 1714 nunc
1635 1657 1896 1714 retribuit
1919 1657 2062 1711 bona

2197 1658 2254 1711 π’
2281 1655 2450 1727 αὐτῷ,
2483 1657 2589 1719 ἓως
2611 1655 2826 1726 ἡμέρας
2860 1651 3031 1724 ὀργῆς
3058 1651 3156 1706 καὶ
3201 1648 3627 1718 ἀποκαλύψεως,
3663 1649 3738 1700 καὶ

473 1762 603 1832 quia
641 1757 853 1830 pulchri
889 1755 1021 1826 quid
1053 1755 1227 1824 egerit
1257 1753 1384 1808 ille:
1413 1752 1521 1807 scit
1545 1750 1690 1806 enim
1725 1749 1874 1804 Deus
1896 1748 2059 1802 talem

2192 1747 2514 1810 ιποδιδόντος
2533 1745 2686 1815 αὐτῷ
2717 1743 2897 1814 ἀγαθά
2919 1743 3034 1809 νῦν,
3065 1741 3184 1795 ἀνθ’
3212 1741 3338 1794 ὅτου
3384 1728 3678 1810 εἰργάσατό
3697 1755 3737 1789 τι

473 1854 749 1910 hominem
777 1889 792 1914 ,
833 1848 1037 1903 exhinc
1089 1846 1401 1908 dolorosus,
1461 1843 1528 1897 ad
1599 1850 1747 1896 recta
1784 1854 2065 1911 nunquam

2192 1844 2354 1909 ιαλὸν,
2381 1841 2569 1911 ἐπειδὴ
2597 1835 2708 1892 οἶδε
2738 1836 2927 1892 τοῦτον
2959 1836 3034 1906 μὴ
3070 1833 3160 1888 διὰ
3184 1833 3294 1887 τῶν
3319 1832 3569 1889 ἐνταῦθα
3588 1830 3738 1897 λυπη-

474 1958 598 2001 esse
624 1937 1024 1997 reducendum.

546 2052 716 2110 Vens.
742 2054 831 2109 10.
870 2050 1141 2106 Divinatio
1171 2049 1225 2102 in
1255 2045 1411 2102 labiis
1437 2044 1596 2115 regis.
1637 2044 1697 2096 In
1725 2040 2070 2098 sermonibus

473 2147 702 2203 omnino
731 2146 878 2217 regis
915 2144 1009 2199 Dei
1040 2142 1350 2197 futurorum
1379 2145 1462 2193 est
1494 2135 1756 2207 pronotio
1790 2153 1805 2190 :
1853 2133 2071 2205 suppli-

476 2238 562 2292 cia
593 2247 796 2292 aeterna
826 2235 1072 2288 minatur
1108 2227 1536 2302 peccatoribus:
1569 2227 1716 2281 bona
1769 2234 1954 2279 autem
1990 2223 2074 2276 in-

2175 1934 2284 2006 ρῶν
2310 1930 2835 2003 διορθωθησόμενον.

2239 2053 2291 2100 ι’.
2322 2043 2621 2100 Μαντεῒον
2648 2043 2748 2096 ἐπὶ
2780 2041 3010 2111 χείλεσι
3037 2036 3367 2103 βασιλέως.
3415 2034 3508 2087 Ἐν
3537 2033 3644 2094 τοῖς
3669 2029 3740 2084 λό-

2172 2157 2291 2210 γοις
2318 2138 2411 2192 τοῦ
2441 2134 2830 2207 παμϐασιλέως
2860 2133 3020 2198 Θεοῦ,
3045 2132 3080 2203 ἡ
3107 2130 3218 2184 τῶν
3246 2128 3560 2199 μελλόντων
3590 2125 3738 2178 ἐνεστ.

2175 2232 2487 2304 πρόγνωσις
2547 2243 2564 2260 ο
2638 2225 2996 2288 ἀπειλοῦντος
3079 2223 3179 2292 μὲν
3241 2223 3356 2285 τοῖς
3417 2217 3739 2290 ἀμετανόητα

480 2330 637 2384 linita
679 2326 947 2399 promittit
998 2324 1133 2389 illis,
1189 2322 1286 2394 qui
1364 2319 1744 2376 indesinenter
1812 2307 2074 2372 mandata

2192 2313 2596 2397 ἁμαρτάνουσιν
2634 2319 2855 2374 αἰώνιον
2892 2319 3115 2373 κόλασιν
3146 2357 3164 2383 ,
3195 2311 3669 2384 ἐπαγγελλομένου
3695 2309 3738 2361 δὲ

479 2425 603 2496 ejus
627 2427 816 2478 sancta
850 2416 1162 2490 perﬁciunt.

533 2623 613 2695 ⁸1η
633 2621 841 2693 judicio
865 2636 969 2674 non
995 2617 1196 2674 errabit
1223 2633 1282 2672 os
1307 2616 1443 2686 ejus.
1481 2613 1671 2670 Relate
1720 2611 1789 2668 ad
1829 2611 2077 2666 futurum

475 2713 748 2787 judicium
786 2725 951 2782 super
972 2711 1155 2781 justos
1184 2715 1240 2763 et
1274 2713 1595 2778 peccatores
1618 2704 1930 2775 justissima
1984 2701 2079 2756 Dei

485 2801 784 2866 sententia,
818 2798 1030 2867 absque
1062 2810 1256 2852 errore
1286 2801 1373 2852 est
1400 2811 1414 2849 :
1440 2793 1629 2864 itaque
1657 2791 1758 2847 hos
1786 2788 2076 2863 justiﬁcat,

489 2893 617 2948 illos
649 2899 832 2945 autem
859 2889 1214 2945 condemnat.

2177 2420 2293 2482 τοῖς
2357 2414 2787 2487 ἅπαραλείπτως
2828 2409 3221 2482 ἐργαζομένοις
3239 2407 3342 2471 τὰς
3374 2403 3544 2475 ἁγίας
3601 2399 3738 2455 αὐτοῦ

2179 2509 2424 2573 ἐντολὰς,
2455 2507 2524 2562 τὰ
2545 2505 2883 2575 ἁτελεύτητα
2914 2501 3112 2571 ἀγαθά.

2263 2625 2368 2677 Ἐν
2388 2621 2458 2675 δὲ
2482 2621 2679 2690 κρίσει
2731 2620 2804 2674 οὐ
2826 2615 2913 2688 μὴ
2939 2611 3221 2682 πλανηθῇ
3242 2611 3309 2666 τὸ
3338 2611 3545 2680 στόμα
3560 2604 3735 2661 αὑτοῦ.

2193 2717 2261 2770 Ἢ
2300 2715 2358 2768 δέ
2411 2713 2556 2768 κατὰ
2605 2711 2708 2783 τὴν
2745 2709 3047 2782 μέλλουσαν
3107 2706 3289 2777 κρίσιν
3340 2702 3441 2757 ἐπί
3460 2719 3519 2755 τε
3558 2701 3660 2761 τοῖς
3681 2697 3737 2750 δι·

2189 2807 2366 2870 καίοις
2399 2807 2494 2860 καὶ
2521 2807 2633 2866 τοῖς
2664 2800 3009 2874 ἁμαρτωλοῖς
3047 2798 3363 2866 δικαιοτάτη
3385 2789 3607 2849 τούτου
3636 2788 3738 2844 ἀπό·

2185 2917 2372 2970 φασις,
2409 2897 2661 2967 ἀπλανής
2682 2898 2860 2959 ἐστιν,
2894 2893 2970 2957 ὡς
3000 2889 3216 2962 ἀληθῶς
3231 2890 3358 2953 τοὺς
3383 2888 3486 2960 μὲν
3507 2879 3737 2940 δικαιοῦν-

2187 3007 2300 3056 τος,
2328 2991 2454 3054 τοὺς
2481 2988 2541 3043 δέ
2577 2987 3022 3057 κατακρίνοντος.

559 3103 724 3159 Vens.
747 3103 832 3157 H.
855 3099 1073 3156 Pondus
1103 3099 1340 3164 trutinae,
1357 3099 1571 3170 justitia
1595 3096 1734 3167 apud
1775 3097 2081 3152 Dominum.

2271 3109 2361 3165 ια’.
2403 3104 2582 3173 Ῥοπὴ
2638 3101 2836 3172 ζυγοῦ,
2891 3099 3247 3166 δικαιοσύνη
3300 3095 3470 3166 παρὰ
3531 3091 3732 3161 Κιιρίου.

493 3195 675 3252 Veluti
703 3201 905 3251 statera
934 3192 999 3246 ad
1033 3192 1213 3261 majus
1255 3190 1470 3260 pondus
1503 3190 1758 3255 inclinat,
1795 3189 1876 3245 sic
1898 3203 2079 3242 rerum

489 3288 733 3347 omnium
775 3284 990 3340 Domini
1016 3283 1251 3355 justitia,
1273 3297 1461 3353 quam,
1490 3282 1544 3336 in
1569 3281 1656 3337 die
1684 3280 1897 3352 judicii,
1915 3294 2084 3350 opera

489 3392 680 3439 nostra
707 3381 849 3435 bona
891 3387 945 3433 et
966 3378 1110 3432 mala
1137 3374 1466 3446 ponderabit
1495 3393 1510 3443 ;
1537 3375 1584 3430 si
1643 3373 1897 3445 graviora
1931 3374 2087 3430 inve-

493 3476 640 3533 nerit
665 3487 834 3545 opera
857 3473 1022 3537 bona,
1071 3469 1414 3541 justiﬁcabit,
1441 3467 1487 3524 si
1541 3475 1723 3524 autem
1755 3468 1918 3534 mala,
1952 3481 2087 3522 con-

494 3561 796 3620 demnabit.
902 3581 920 3592 -
1281 3559 1284 3562 ’

572 3678 744 3744 Opera
777 3671 892 3742 ejus
915 3669 1146 3724 lancula:
1172 3669 1360 3738 justce.
1413 3665 1682 3724 Beneﬁcia
1707 3666 1829 3736 ejus
1849 3681 2004 3738 aeque
2030 3667 2087 3721 in

498 3781 691 3822 omnes
716 3755 1107 3818 'eﬂ'undentur:
1169 3762 1224 3815 in
1260 3759 1672 3816 resurrectione
1703 3758 1854 3815 dabit
1905 3758 2086 3814 omni-

503 3861 606 3916 bus
668 3858 1134 3928 incorruptionem
1183 3855 1482 3912 voluntatis
1525 3861 1581 3908 et
1625 3860 1856 3928 naturae.
1905 3853 1980 3907 ita
2031 3860 2091 3906 ut

503 3969 605 4010 nec
635 3953 856 4007 malitiae
897 3966 999 4008 nec
1034 3951 1196 4004 morti
1229 3949 1461 4019 subjecti
1492 3925 1895 4015 sintfattamen
1922 3959 2092 4000 unus-

501 4049 754 4119 quisque,
808 4062 907 4116 pro
958 4045 1171 4099 ratione
1231 4043 1502 4099 factorum
1530 4043 1585 4096 in
1651 4041 1762 4096 vita
1815 4055 1934 4106 sua,
2005 4053 2092 4093 re-

504 4141 694 4212 cipiet.

585 4272 752 4327 Vens.
789 4271 877 4326 12.
911 4269 1254 4324 Abominatio
1279 4269 1387 4340 regi
1411 4268 1613 4338 faciens
1656 4267 1824 4322 mala.
1875 4265 2093 4321 invisus

505 4372 591 4420 est
629 4363 819 4418 mundi
861 4361 1114 4428 Domino,
1165 4362 1257 4431 qui
1303 4373 1468 4430 opera
1531 4357 1663 4412 facit
1719 4364 1912 4412 contra
1972 4353 2094 4424 ejus

507 4461 815 4524 precepts;
845 4452 1044 4508 etenim
1079 4467 1176 4522 per
1231 4465 1371 4516 eam,
1404 4465 1526 4519 quin
1563 4450 1720 4519 juxta
1777 4448 1924 4518 leges
1950 4445 2091 4501 divi-

2183 3199 2394 3272 υίάπερ
2429 3217 2514 3262 τις
2547 3195 2712 3265 ζυγὸς
2740 3193 2877 3264 πρὸς
2905 3192 2968 3245 τὸ
3005 3191 3188 3246 πλεῖον
3221 3190 3325 3259 τῆς
3373 3188 3550 3258 ὁλκῆς
3569 3185 3732 3256 ῥέπων,

2184 3296 2356 3356 οὓτως
2374 3295 2408 3361 ἠ
2437 3288 2532 3344 τοῦ
2563 3285 2832 3341 Δεσπότου
2854 3284 2963 3337 τῶν
2981 3283 3119 3337 ὅλων
3141 3278 3485 3352 δικαιοσύνη,
3509 3277 3574 3332 τά
3591 3272 3734 3342 ἀγαθά

2186 3387 2344 3459 ἡμῶν
2369 3385 2505 3456 ἔργα
2529 3381 2620 3435 καὶ
2642 3380 2709 3434 τά
2733 3377 2964 3451 πονηρὰ,
2980 3376 3039 3428 ἐν
3069 3375 3253 3446 ἡμέρᾳ
3281 3372 3544 3444 κρίσεως,
3568 3367 3729 3421 ταλαν·

2185 3481 2421 3536 τεύουσα
2457 3493 2473 3508 ⁶
2504 3475 2599 3532 καὶ
2639 3475 2687 3528 εἰ
2713 3474 2812 3544 μὲν
2841 3471 2911 3525 τὰ
2941 3468 3086 3525 καλά
3136 3467 3274 3540 ἔργα
3298 3465 3526 3519 πλείονα
3548 3459 3728 3531 εὑρεθῇ,

2183 3571 2472 3628 Βικαιοῦσα
2504 3586 2520 3601 ·
2551 3567 2676 3622 εἰδὲ
2697 3565 2768 3620 τὰ
2801 3563 2970 3631 κακά,
2997 3559 3432 3630 κατακρίνουσα.

2267 3675 2344 3740 Τὰ
2368 3683 2436 3739 δὲ
2459 3685 2603 3752 ἔργα
2636 3677 2846 3744 αὐτοῦ,
2881 3675 3141 3746 στὰθμια
3190 3673 3418 3727 δίκαια.
3443 3671 3508 3724 Δί
3544 3668 3585 3720 δ’
3615 3665 3732 3730 εὒερο

2180 3778 2372 3846 γεσίαι
2397 3775 2589 3828 τούτου
2652 3771 2848 3842 ἐπίσης
2872 3769 2951 3831 εἰς
2982 3769 3190 3830 πάντας
3211 3759 3733 3834 ἐκκέχυνται.δωρου·

2195 3867 2358 3939 μένου
2392 3867 2558 3919 πᾶσιν
2588 3864 2645 3916 ἐν
2665 3864 2733 3931 τῇ
2781 3857 3081 3915 ἀναστάσει
3113 3856 3176 3909 τὸ
3221 3858 3322 3924 τῆς
3390 3851 3730 3925 προαιρέσεως

2194 3935 2288 4014 παὶ
2317 3959 2378 4012 τὸ
2407 3958 2505 4028 τῆς
2533 3955 2752 4026 φύσεως
2771 3951 3052 4023 ἄφθαρτον
3089 3964 3104 3980 ⁶
3163 3949 3239 4012 ὡς
3269 3947 3472 4010 κακίας
3499 3945 3584 3998 καί
3609 3935 3731 3994 θανά·

2193 4071 2286 4107 του
2321 4051 2517 4123 μηκέτι
2568 4047 2977 4119 ἐνεργουμένων
3012 4062 3026 4075 '
3075 4043 3182 4097 κᾶν
3229 4043 3460 4103 ἕκαστος
3502 4032 3729 4123 ἀναλόγιιξς

2196 4121 2562 4214 ἀπολαμϐάνῃ
2587 4144 2699 4205 τοῖς
2743 4136 3164 4210 πεπραγμένοις
3190 4135 3247 4187 ἐν
3298 4137 3364 4204 τῇ
3405 4147 3563 4186 αυτου
3595 4121 3726 4194 βιοτῇ.

2269 4255 2359 4327 ιβ’.
2384 4253 2702 4323 Βδέλυγμα
2727 4248 2986 4316 ,Βασιλεῖ
3005 4251 3037 4301 ὁ
3058 4245 3248 4300 ποιῶν
3303 4242 3480 4297 κακά.
3529 4230 3726 4327 Μισηξές

2198 4322 2314 4402 ἐστι
2345 4346 2424 4417 τῷ
2463 4344 2558 4399 τοῦ
2594 4322 2802 4405 παντὸς
2853 4340 3120 4412 Δεσπότῃ,
3151 4337 3210 4401 ός
3266 4335 3335 4390 τά
3402 4332 3526 4401 παρ’
3559 4322 3727 4417 ἐντολὴν

2200 4438 2366 4492 αὐτοῦ
2390 4437 2526 4508 ἔργα
2552 4438 2698 4490 ποιεῖ
2732 4450 2744 4463 ·
2777 4434 2865 4488 διὰ
2919 4432 3028 4503 γὰρ
3055 4431 3152 4502 τῆς
3182 4428 3325 4483 κατὰ
3350 4427 3544 4498 νόμους
3590 4416 3725 4472 θείους

508 4497 774 4524 Υ““νν“Ι’““”
799 4497 815 4519 ⁷
848 4497 1044 4508 “’”“¹¹¹¹““¹”
1081 4497 1166 4522 I'"
1232 4497 1371 4516 V"'-’
1407 4497 1526 4519 1""
1563 4497 1720 4519 J“""‘
1777 4497 1920 4518 "0"
1955 4497 1998 4501 *⁷⁷
2025 4497 2058 4499 "

508 4561 612 4600 nas
653 4555 756 4608 est,
791 4545 1284 4609 conversationem,
1313 4542 1600 4597 ordinatur
1633 4538 1812 4593 anima
1841 4553 1938 4592 ceu
1971 4535 2081 4606 qni-

2196 4497 2478 4594 πολιτείάέ
2521 4528 2898 4601 εὑτρεπίζεται
2932 4497 3010 4597 νὴ-
3039 4497 3185 4595 ψυχὴ
3230 4523 3309 4585 εἰς
3374 4497 3434 4574 τό
3481 4508 3726 4571 ἀναπαύειν

509 4637 634 4692 dam
688 4637 922 4689 thronus
976 4636 1041 4689 ad
1088 4633 1584 4705 requiescendum;
1617 4630 1786 4689 sicin
1818 4644 1882 4687 ea
1922 4628 2090 4692 Deus,

509 4744 694 4786 rerum
727 4727 972 4782 omnium
1012 4741 1199 4780 causa.

585 4838 722 4894 Cum
762 4835 977 4906 justitia
1009 4843 1345 4903 prmparatur
1396 4831 1613 4887 thronus
1653 4829 1878 4899 imperii.
1926 4825 2095 4881 Valde

515 4928 886 5000 acceptabiles
918 4936 1051 4982 sunt
1087 4927 1196 4980 Deo
1221 4927 1464 4980 omnium
1498 4926 1611 4996 regi
1641 4933 1694 4979 et
1718 4922 1917 4993 cupido
1940 4929 1992 4975 et
2014 4921 2095 4972 in-

511 5021 774 5091 dignatio,
797 5015 1097 5071 sccundum
1123 5022 1330 5069 rectum
1354 5013 1619 5083 judicium
1647 5011 1944 5067 ordinatae:
1981 5008 2096 5061 haec

475 5112 660 5166 .enim
703 5109 908 5164 bonum
962 5107 1156 5179 diligit,
1202 5104 1292 5160 illa
1326 5113 1508 5160 autem
1558 5104 1763 5158 malum
1815 5101 2099 5156 abomina-

511 5210 623 5257 tur.

588 5312 758 5369 Vens.
795 5315 880 5369 15.
911 5311 1076 5369 Grata
1097 5313 1206 5383 regi
1227 5311 1366 5366 labia
1380 5313 1556 5380 justo.
1586 5305 1769 5378 Diligit
1797 5316 2098 5365 sermones,

517 5408 610 5476 qui
646 5406 932 5460 veritatem
965 5402 1299 5460 conﬁtentur
1329 5411 1382 5457 et
1434 5398 1783 5456 mendacium
1832 5411 1942 5449 non
1999 5394 2103 5446 lin-

515 5506 648 5570 gunt
675 5509 899 5568 prOpter
928 5497 1180 5551 timorem
1217 5495 1520 5550 hominum.

577 5609 740 5664 Vens.
789 5609 877 5664 M.
910 5609 1005 5663 Ira
1054 5610 1210 5678 regis,
1244 5608 1459 5662 nuntius
1510 5600 1870 5658 mortis.Cum
1918 5610 2102 5652 rerum

517 5698 762 5750 omnium
805 5699 1089 5760 Dominus,
1126 5697 1434 5752 secundum
1483 5694 1753 5766 judicium
1799 5698 1852 5745 et
1887 5689 1951 5742 ad
1981 5703 2104 5741 cor-

518 5787 841 5856 rectionem,
877 5791 1262 5847 tribulationes
1296 5793 1348 5845 in
1389 5789 1639 5860 praesenti
1673 5785 1905 5851 inducit,
1939 5779 2104 5838 veluti

2195 4624 2271 4689 ὥς
2299 4641 2380 4687 τις
2410 4623 2619 4693 θρόνος,
2651 4621 2734 4690 ἐφ’
2777 4622 2942 4690 ἐαυτῇ
2984 4617 3140 4682 Θεὸν,
3197 4615 3298 4686 τὴν
3331 4615 3544 4668 πάντων
3568 4602 3720 4659 αἰτίαν.

2284 4821 2446 4877 Μετὰ
2471 4819 2580 4890 γὰρ
2607 4818 2999 4884 δικαιοσύνης
3055 4812 3413 4884 ἑτοιμάζεται
3437 4810 3624 4880 θρόνος
3645 4800 3719 4865 ἀρ’

2215 4913 2354 4985 χῆς.
2409 4912 2796 4982 Εὺπρόσδεκτα
2851 4909 2970 4978 Θεῷ
3022 4907 3098 4978 τῷ
3143 4907 3360 4959 πάντων
3415 4891 3720 4985 βασιλεῖ,ῆξε

2202 4975 2467 5074 ἐπιόυμία
2497 4975 2590 5055 καὶ
2623 5001 2651 5052 ό
2683 4998 2874 5069 Θυμδς,
2903 4975 3032 5052 ὅταν
3070 4975 3190 5049 παι-ι’
3227 4993 3391 5065 ὀρθὴν
3421 4975 3718 5062 κρίσιν,ήμδν

2203 5097 2265 5151 τὸ
2289 5095 2492 5166 ἀγαθὸν
2529 5094 2694 5164 ῳιλεῖ,
2743 5094 2771 5146 ό
2800 5091 2858 5144 δὲ
2891 5090 2953 5143 τὸ
2982 5088 3150 5144 κακὸν
3183 5084 3542 5159 βδελύττηται.

2285 5301 2377 5364 ιγ’.
2413 5294 2600 5349 Δεκτὰ
2624 5292 2887 5359 ,βασιλεῖ
2917 5293 3089 5361 χείλη
3119 5291 3340 5346 δίκαια.
3381 5267 3715 5364 ’Ἀσπάζειιιιιξ1

2204 5362 2358 5452 οὗτος
2387 5392 2513 5452 τοὺς
2547 5385 2943 5457 ὁμολογοῦντας
2976 5383 3039 5436 τὺ
3080 5384 3279 5453 ἀληθὲς
3333 5383 3534 5450 λόγους,
3561 5362 3706 5435 καὶμὴ

2205 5481 2671 5552 ὑποκρινομένους
2704 5479 2764 5530 τὸ
2813 5476 3006 5547 ψεῦδος
3034 5475 3119 5528 διὰ
3155 5474 3320 5544 φόϐον
3349 5469 3659 5544 ἀνθρώπινον-

2283 5595 2364 5649 ιδ’.
2419 5595 2615 5665 Θυμὸς
2663 5591 3011 5658 βασιλέως,
3078 5589 3335 5658 ἄγγελος
3392 5585 3630 5641 θανάτου·

2208 5689 2349 5742 κατὰ
2382 5686 2561 5759 κρίσιν
2593 5703 2686 5738 του
2719 5686 2989 5737 Δεσπότω
3021 5688 3129 5734 τῶν
3162 5683 3298 5735 ὅλων
3363 5685 3594 5745 επαγωγη
3617 5661 3709 5736 παιδί

2209 5777 2516 5849 διόρθωσιν,
2567 5777 2674 5832 τῶν
2722 5775 2866 5830 κατὰ
2923 5775 2984 5826 τὸ
3043 5773 3217 5844 παρὸν
3265 5761 3616 5841 Θ).ι6ερῶν,ὦς
3652 5763 3708 5810 τις
