3900 6228
287 337 424 407 1335

1294 336 1825 399 Cf-MMENTARII
1890 339 1969 399 ΙΝ
2014 339 2463 409 PHOVERBIA.

3374 342 3512 406 1386

280 458 510 527 ἅγγελος
539 454 839 526 προμηνύει
870 453 966 524 τὴν
996 452 1089 506 ἐπὶ
1108 453 1220 515 τοῖς
1266 453 1655 523 ἀμετανοήτοις
1705 455 1842 507 κατὰ

1985 456 2066 510 uis
2088 456 2320 512 nuntius
2348 456 2814 526 impceuitcntibus
2836 456 3081 528 prmdieit
3112 456 3232 513 illos
3254 457 3306 511 in
3332 449 3513 514 futuro

280 551 342 604 τὸ
366 550 553 621 μέλλον
584 548 840 620 στέρησιν
865 546 1053 610 αὑτοῦ,
1075 543 1174 615 τῆς
1199 544 1367 609 ὅντως
1396 545 1561 615 ζωῆς.

366 684 533 751 Ἀνὴρ
556 682 624 736 δὲ
646 680 858 752 σοφὸς,
887 679 1229 745 ἑξιλὰσεται
1258 680 1466 734 αὐτόν.
1495 679 1765 741 Γενναίως
1794 678 1846 731 δ’

284 773 581 845 ὑπομείνας
628 774 698 826 τὰ
742 770 984 841 ἀλγεινὰ,
1042 772 1070 825 ό
1118 768 1367 824 ἐντεῦθεν
1401 770 1460 823 ὲν
1503 769 1849 840 συναισθήσει

284 865 574 936 γενόμενος
626 863 733 916 τῶν
761 862 979 916 οἰκείων
1036 860 1548 933 πλημμελημάτων,
1604 859 1698 912 καὶ
1749 858 1852 927 τῆς

285 958 371 1009 ἐπ’
409 956 591 1019 αὐτοῖς
618 953 919 1025 μελλούσης
949 954 1247 1017 κολάσεως,
1284 952 1381 1005 καὶ
1419 950 1511 1004 τὸν
1542 949 1674 1003 ἴδιον
1735 948 1851 1018 βίον

284 1047 740 1119 διορθωσάμενος,
768 1045 861 1099 τὸν
892 1045 991 1115 μὲν
1051 1044 1222 1115 θυμὸν
1273 1041 1438 1097 αὐτοῦ
1494 1041 1855 1112 ἀποστρέψει,

287 1137 645 1190 ἐπισπάσεται
679 1136 735 1188 δὲ
759 1135 856 1206 τὴν
887 1134 1195 1206 εὐμένειαν.
1746 1148 1761 1158 ⁸

358 1277 437 1325 ιε’.
489 1271 585 1324 Ἐν
611 1269 757 1347 φωτὶ
785 1266 952 1335 ζωῆς,
980 1266 1111 1332 υίὸς
1129 1262 1457 1330 βασιλέως.
1502 1262 1589 1313 Ἐν
1612 1259 1690 1330 τῷ
1718 1258 1858 1329 φωτὶ

289 1365 522 1433 ὑπάρχει
547 1360 654 1415 τῶν
680 1358 909 1415 ἐντολῶν
952 1359 1048 1411 τοῦ
1078 1357 1179 1425 τῆς
1204 1352 1552 1424 δικαιοσύνης
1596 1350 1803 1413 Ἡλίου,
1830 1350 1858 1401 ό

284 1454 374 1509 διὰ
392 1453 491 1523 τῆς
516 1455 593 1515 είς
618 1452 750 1505 Θεὸν
782 1451 877 1505 καὶ
905 1449 996 1502 τὸν
1025 1448 1254 1517 πλησίον
1302 1446 1543 1514 ἀγάπης,
1574 1443 1687 1507 υἱὸς
1717 1441 1861 1495 κατά

288 1544 446 1616 χάριν
483 1542 647 1598 αὑτοῦ
670 1538 764 1595 τοῦ
794 1538 1016 1594 πάντων
1040 1535 1390 1601 δεσπόζοντος
1418 1532 1670 1600 γενέσθαι
1693 1546 1861 1583 κατα-

289 1637 521 1703 ξιωθείς.

360 1753 424 1805 Ui
447 1750 516 1804 δὲ
547 1747 910 1818 προσδεκτοί
960 1746 1142 1813 αὐτῷ,
1172 1744 1374 1814 ὥσπερ
1403 1743 1588 1814 νέφος
1620 1742 1860 1811 ὄψιμον.

288 1846 353 1897 οι
384 1842 441 1896 δὲ
475 1814 893 1913 προσδεχόμενοι
927 1840 1058 1910 παρ’
1089 1837 1282 1903 αὐτοῦ,
1309 1838 1383 1900 ὡς
1409 1837 1495 1889 διὰ
1526 1835 1624 1905 τὴν
1656 1834 1736 1897 εἰς
1766 1834 1863 1886 αύο
1899 1814 1941 1869 Β

288 1935 381 1988 τὸν
401 1934 582 1986 πίστιν
603 1932 680 2003 τῷ
710 1932 859 2003 φόϐῳ
885 1930 994 1985 τῶν
1023 1930 1298 1985 κολάσεων
1327 1926 1612 1990 δουλικῶς,
1636 1925 1746 1979 ἀπὸ
1766 1924 1860 1978 τοῦ

258 2058 263 2061 -
290 2024 558 2096 προτέρου
583 2024 686 2093 τῆς
708 2025 906 2087 κακίας
933 2021 1072 2093 βίον,
1089 2021 1185 2076 ἐπὶ
1204 2021 1351 2075 τέλει
1366 2021 1465 2090 τῆς
1493 2019 1700 2081 οἰκείας
1716 2013 1864 2085 ζωῆς

290 2120 730 2192 ἐπιστρέφοντες,
762 2120 855 2173 καὶ
900 2119 1000 2182 τὰς
1034 2117 1114 2187 τῷ
1175 2116 1405 2188 φλογμῷ
1438 2114 1548 2167 τῶν
1596 2111 1863 2166 ἑκουσίων

285 2214 503 2279 παθῶν,
548 2214 738 2284 πάσης
798 2213 1175 2283 πνευματικῆς
1247 2209 1452 2268 νοτίδος
1510 2206 1864 2278 στερηθείσας

289 2306 464 2378 ψυχὰς
497 2304 950 2376 καθυγραίνοντες
977 2306 1043 2375 τῇ
1062 2303 1150 2356 διὰ
1167 2300 1459 2364 κατάνυξιν
1480 2285 1588 2351 τῶν
1612 2296 1864 2368 δακρύων

294 2404 412 2473 ῥοῇ,
444 2399 625 2469 ὀψίμῳ
649 2400 861 2452 ἐοίκασι
886 2397 1043 2468 νέφει
1092 2396 1189 2451 καὶ
1214 2394 1512 2467 δροσίζοντι
1538 2392 1635 2462 τὴν
1667 2389 1866 2461 ξηραν-

292 2493 474 2545 θεῖσαν
506 2492 608 2560 γῆν
634 2489 710 2561 τῷ
741 2489 953 2561 θερινοῢ
995 2487 1239 2559 φλογμοῦ
1268 2484 1529 2541 καύσωνι.

365 2611 457 2669 ις’.
485 2602 742 2658 Νοσσιαί
790 2601 1012 2670 σοφίας
1070 2600 1444 2670 αἰρετώτεραι
1481 2595 1761 2668 χρυσίου.
1799 2597 1864 2648 Ai

291 2697 381 2759 τοῦ
420 2696 538 2759 νοὸς
556 2695 887 2766 θεωρητικαὶ
932 2694 1094 2761 ἕξεις,
1122 2694 1190 2757 ἃς
1231 2686 1385 2755 οὗτος
1423 2690 1650 2759 δυνάμει
1676 2688 1865 2757 σοφίας

292 2786 549 2857 πηγνύων
603 2787 661 2838 ὲν
718 2784 1010 2855 πνεύματι,
1066 2783 1158 2837 ὲπί
1186 2800 1245 2837 τε
1268 2785 1337 2855 τῇ
1380 2780 1630 2849 αἰσθήσει
1674 2779 1768 2832 καὶ
1797 2779 1895 2861 τῇ.

293 2877 582 2950 φαντασίᾳ,
632 2880 690 2932 ὲν
720 2877 945 2942 ταύταις
994 2877 1092 2941 τὰς
1127 2876 1252 2949 περί
1281 2874 1390 2928 τῶν
1432 2873 1600 2927 ὄντων
1646 2870 1867 2940 ἀληθεῖς

291 2971 447 3036 δόξας
484 2970 626 3025 κατά
678 2971 917 3025 διάνοιαν
943 2965 1034 3024 οἷά
1060 2985 1215 3032 τινας
1264 2965 1540 3036 ἀπογεννᾷ
1581 2964 1863 3030 νεοττοὺς,

295 3062 702 3135 προτιμὼτεραι
737 3061 968 3134 όδρύζου
1008 3061 1254 3132 χρυσίου,
1291 3060 1366 3123 ὡς
1390 3060 1447 3112 ὲν
1471 3057 1603 3128 πυρὶ
1631 3060 1750 3121 ταῖς
1775 3056 1867 3110 λο-

1948 562 2072 600 vera
2105 548 2213 602 vita
2242 546 2535 604 orbandus.

2033 680 2125 735 Vir
2151 684 2362 752 sapiens
2389 682 2698 752 propitiabit
2737 682 2912 736 illum.
2962 681 3065 748 Qui
3100 682 3355 737 dolorosa
3385 682 3518 735 viri-

1953 774 2074 827 liter
2112 773 2337 840 suffert,
2397 774 2526 829 hinc
2579 774 2924 845 propriorum
2982 775 3307 829 delictorum
3382 788 3523 828 con-

1958 867 2212 941 scientia,
2235 866 2383 921 illius
2413 874 2591 921 autem
2613 865 2779 921 futuri
2800 865 3079 936 supplicii,
3100 879 3253 920 suam
3282 865 3447 918 vitam
3466 864 3521 918 in

1956 957 2149 1012 melius
2185 958 2417 1025 reducit,
2449 957 2586 1017 inm
2624 956 2717 1013 Dei
2744 957 2948 1012 avertit
2962 964 3016 1011 et
3042 957 3161 1026 ejus
3193 956 3524 1011 benevolen-

1956 1047 2084 1101 tiam
2117 1047 2220 1102 sibi
2249 1057 2553 1118 comparat.

2028 1271 2195 1327 Vsus.
2228 1271 2313 1324 15.
2339 1271 2401 1325 In
2419 1271 2613 1324 lumine
2630 1271 2749 1324 vita:
2763 1270 2906 1338 ﬁlius
2923 1267 3100 1339 Regis.
3121 1268 3177 1321 In
3192 1267 3399 1323 lumine
3419 1265 3531 1337 agit

1961 1363 2339 1418 mandatorum
2362 1362 2509 1417 Solis
2520 1361 2768 1431 iustitiae,
2797 1358 3112 1430 ergaplleum
3141 1368 3194 1413 et
3219 1358 3525 1428 proximum

1960 1450 2250 1511 charitate.
2278 1449 2422 1504 illius
2466 1465 2562 1519 per
2597 1452 2828 1519 gratiam
2857 1448 3035 1518 ipsius
3061 1446 3305 1501 omnium
3342 1444 3529 1499 Domi-

1961 1541 2171 1600 naloris
2208 1538 2320 1593 ﬁeri
2352 1540 2674 1607 promeruit.

2037 1760 2143 1827 Qui
2186 1769 2363 1816 autem
2395 1761 2598 1830 accepti
2624 1769 2744 1814 sunt
2779 1762 2849 1827 ei,
2892 1760 3028 1815 velut
3054 1759 3220 1814 imber
3246 1757 3531 1812 sero‘tinus.

1965 1851 2071 1919 Qui
2122 1862 2304 1909 autem
2361 1853 2569 1923 accepti
2624 1861 2754 1908 sunt
2804 1852 2873 1906 ab
2917 1852 3061 1921 ipso,
3113 1856 3388 1919 quatenus
3436 1862 3535 1918 per

1965 1941 2127 1998 ﬁdem
2151 1944 2208 1999 in
2240 1944 2419 2012 ipsum
2446 1944 2745 2013 servilique
2772 1958 3063 2013 prunarum
3088 1948 3260 2004 metu,
3292 1954 3321 1994 a
3351 1938 3536 2009 priore

1965 2050 2222 2105 perverso
2246 2037 2415 2101 victu,
2458 2036 2524 2091 ad
2570 2037 2730 2091 ﬁtiem
2775 2037 3011 2107 propriae
3033 2034 3184 2098 vitae,
3211 2048 3272 2090 se
3297 2045 3536 2087 conver-

1966 2134 2107 2194 tunt,
2153 2135 2315 2199 atque
2346 2128 2583 2193 animas,
2609 2127 3046 2182 voluntariarum
3102 2124 3293 2180 ardore
3321 2122 3538 2194 passion

1965 2231 2097 2270 num
2129 2218 2276 2271 omni
2303 2217 2577 2288 spirituali
2614 2202 3124 2283 humore'orbatas,
3159 2212 3538 2285 compunctio-

1966 2310 2052 2364 nis
2081 2308 2447 2381 lacrymarum
2479 2311 2615 2365 rivis
2648 2309 2907 2381 irrigant,
2940 2310 3103 2365 imbri
3152 2308 3396 2365 serotino
3423 2314 3537 2361 ter-

1965 2413 2194 2468 ramque
2234 2398 2406 2454 aestivi
2437 2400 2640 2455 caloris
2672 2409 2805 2456 testu
2862 2400 3225 2457 dessiccatam
3262 2398 3535 2468 irriganti,

1968 2488 2176 2545 similes
2216 2506 2277 2545 su
2287 2500 2364 2545 nt.
2543 2486 2551 2493 ’

2039 2600 2206 2659 Vens.
2246 2603 2327 2660 l6.
2375 2603 2512 2660 Nidi
2562 2606 2836 2668 sapientia:
2881 2603 3341 2660 desiderabiliores
3382 2618 3538 2657 auro.

1971 2690 2336 2764 Speculativae
2357 2700 2558 2753 mentis
2585 2698 2961 2768 Operationes,
2995 2712 3134 2768 quas
3166 2696 3283 2766 ipsa
3318 2695 3541 2766 sapien-

1970 2782 2057 2837 tia:
2096 2795 2299 2842 Virtute
2343 2802 2681 2858 componens
2728 2788 2784 2842 in
2832 2787 3111 2843 intellectu
3151 2801 3427 2857 sensuque
3474 2801 3541 2838 ac

1969 2875 2381 2947 imaginatione,
2424 2879 2496 2933 ibi
2538 2894 2702 2934 veras
2733 2879 2880 2933 circa
2912 2892 2976 2934 ea
3021 2893 3127 2948 qua
3159 2886 3287 2934 sunt
3330 2876 3541 2932 doctri-

1967 2981 2088 3029 nas,
2132 2982 2230 3036 per
2279 2969 2687 3038 cogitationem,
2739 2970 2887 3024 velut
2945 2968 3239 3040 quamdam
3287 2977 3542 3041 procreat

1969 3055 2151 3110 avium
2189 3058 2418 3126 prolem,
2446 3059 2649 3131 obryso
2680 3059 3030 3130 praeferenda:
3054 3066 3184 3115 sunt
3215 3076 3369 3124 auro,
3404 3077 3542 3131 qua-

292 3156 476 3223 γικαίς
519 3154 771 3224 βασάνοις
820 3152 1270 3224 δοκιμαζόμεναι,
1334 3152 1427 3206 καὶ
1480 3149 1623 3204 κατά
1663 3150 1861 3218 γνῶσιν

1983 3164 2125 3204 .cnus
2147 3150 2377 3205 rationis
2404 3151 2756 3207 tentamcntis
2774 3153 2903 3207 utin
2931 3152 3054 3223 igne
3073 3154 3314 3223 probam
3337 3166 3539 3207 secun-

296 3247 555 3316 ἀμείωτοι
584 3244 966 3315 εύρισκόμεναι

362 3358 620 3415 Νοσσιαὶ
665 3356 734 3410 δὲ
788 3356 1160 3426 φρονήσεως,
1192 3353 1563 3425 αἰρετώτεραι
1585 3355 1736 3424 ὑπὲρ
1759 3356 1864 3424 tip-

295 3454 523 3523 γύριον.
577 3450 644 3503 Δί
672 3448 730 3501 δὲ
758 3445 853 3500 τοῦ
881 3448 1041 3514 λόγου
1074 3447 1375 3517 πρακτικαὶ
1407 3447 1573 3510 ἔξεις,
1613 3446 1679 3510 ἃς
1709 3442 1866 3509 οὗτος

294 3544 521 3611 δυνάμει
555 3540 872 3612 φρονήσεως
935 3539 1027 3591 ἐπὶ
1069 3541 1136 3608 τῇ
1175 3536 1441 3608 ἐπιθυμίᾳ
1473 3539 1569 3590 καὶ
1596 3538 1675 3607 τῷ
1708 3538 1866 3609 θυμῷ

297 3633 579 3705 πηγνύων,
624 3634 681 3685 ὲν
735 3630 945 3693 τούτοις
981 3628 1103 3683 κατ’
1151 3628 1478 3681 ἐπιστασίαν
1514 3627 1616 3690 τὰς
1665 3627 1867 3698 ἀρετὰς

296 3723 384 3782 οἷά
436 3740 587 3788 τινας
634 3721 885 3784 νεοττοὺς
934 3719 1196 3788 προάγει,
1249 3717 1517 3787 ἀργυρίου
1561 3716 1866 3785 τηλαυγοῦς

298 3814 723 3888 προτιμώτεραι,
778 3810 868 3867 διά
910 3810 1026 3881 βίου
1076 3808 1428 3879 καθαρότητα
1476 3810 1571 3862 καὶ
1618 3807 1866 3877 λαμπρό-

298 3922 455 3975 τητα.
1129 3922 1148 3944 ο

369 4018 455 4083 ιζ’.
494 4018 681 4087 Τρίϐοι
724 4013 875 4083 ζωῆς
932 4011 1322 4065 ἐκκλίνουσιν
1383 4009 1499 4063 ἀπὸ
1533 4004 1755 4061 κακῶν.
1803 4009 1867 4059 Δί

298 4110 416 4162 κατ’
447 4108 648 4178 ἀρετὴν
678 4105 787 4159 ἀπὸ
820 4102 1130 4172 εἰσαγωγῆς
1179 4101 1266 4154 διὰ
1299 4100 1581 4171 προκοπῆς
1616 4100 1750 4171 πρὸς
1778 4116 1869 4152 τε-

298 4199 547 4267 λειότητα
577 4198 793 4264 πορεῖαι
848 4194 949 4263 τῆς
986 4190 1362 4261 πνευματικῆς
1385 4189 1528 4260 ζωῆς
1556 4186 1651 4241 τοῦ
1679 4188 1869 4259 εὐαρε-

300 4292 444 4343 στεῖν
473 4286 591 4356 Θεῷ
619 4284 961 4346 σπεύδοντος,
1018 4281 1094 4345 ὡς
1136 4280 1315 4344 πάσας
1374 4276 1732 4352 κατορθοῦσαι
1770 4279 1870 4343 τάς

298 4380 536 4446 ἐντολὰς,
553 4381 751 4442 ,πᾶσαν
797 4375 997 4432 κακίαν
1022 4376 1403 4446 ἐκφεύγουσιν.

1966 3238 2204 3310 dumque
2237 3240 2521 3296 scientiam
2553 3243 2778 3314 integrae
2810 3252 3059 3319 repertae.

2038 3344 2262 3408 Et‘nidi
2284 3354 2581 3422 prudentia:
2618 3356 2959 3422 pretiosiores
2984 3366 3228 3427 argento.
3274 3355 3542 3414 Practicm

1968 3463 2151 3503 autem
2200 3446 2434 3503 rationis
2477 3448 2852 3514 operationes,
2897 3462 3035 3518 quas
3068 3448 3185 3517 ipsa
3227 3448 3542 3518 prudentiae

1968 3537 2194 3602 virtute,
2245 3536 2300 3590 in
2326 3536 2610 3591 voluntate
2649 3544 2704 3590 et
2752 3536 2808 3590 in
2858 3534 3027 3590 corde
3060 3551 3413 3605 componens,
3463 3537 3542 3593 ibi

1971 3639 2066 3692 per
2115 3625 2519 3681 iucubationem
2553 3625 2787 3681 virtutes
2838 3625 2983 3681 sicut
3016 3627 3307 3696 quamdam
3356 3630 3541 3685 avium

1971 3713 2177 3780 prolem
2213 3716 2493 3794 producit,
2529 3727 2755 3787 argento
2796 3717 3131 3788 profulgenti
3166 3726 3390 3789 propter
3417 3721 3542 3776 vita:

1970 3802 2260 3870 puritatem
2290 3814 2344 3859 et
2377 3794 2676 3861 claritatem
2708 3816 2835 3862 sunt
2871 3809 3235 3877 praeferenda.

2042 4003 2210 4062 Vens.
2240 4007 2325 4061 l7.
2354 4005 2572 4064 Semin
2612 4010 2729 4063 vitm
2760 4008 3029 4064 declinant
3068 4027 3100 4064 α
3132 4013 3311 4066 malis.
3344 4012 3423 4067 illi
3454 4006 3557 4069 se?
3592 4068 3595 4071 .

1973 4097 2215 4153 cundum
2251 4098 2507 4153 virtutem
2544 4100 2613 4154 ah
2648 4102 2872 4158 exordio
2895 4142 2910 4168 ,
2945 4117 3038 4171 per
3073 4118 3417 4173 progressus,
3447 4121 3544 4160 us-

1973 4204 2080 4257 que
2107 4189 2172 4243 ad
2200 4190 2496 4244 terminum
2521 4193 2767 4247 tramites
2798 4193 2850 4246 in
2877 4194 3147 4263 spirituali
3171 4196 3407 4252 hominis
3435 4196 3544 4251 Deo

1972 4280 2190 4348 placere
2240 4282 2498 4337 conantis
2552 4283 2688 4350 vita,
2720 4296 2995 4354 quatenus
3041 4295 3237 4341 cuncta
3292 4289 3546 4345 mandata

1974 4373 2261 4438 ordinant,
2295 4389 2514 4430 omnem
2539 4376 2804 4431 malitiam
2837 4377 3127 4448 effugiunt.

382 4491 586 4561 Μῆκος
613 4490 683 4544 δὲ
704 4491 871 4556 βίου,
901 4490 1029 4544 ὁδοὶ
1061 4488 1475 4555 δικαιοσύνης.
1528 4480 1695 4541 Λῦται
1733 4486 1792 4540 δὲ
1818 4486 1861 4540 αι

2047 4485 2346 4555 Longitudo
2384 4498 2561 4542 autem
2604 4490 2749 4555 vitta,
2806 4490 2904 4545 via:
2937 4491 3192 4561 justitiw.
3243 4492 3375 4564 Ipsa:
3417 4512 3545 4551 vero

302 4585 443 4640 κατὰ
471 4586 598 4649 τοὺς
637 4584 816 4648 θείους
874 4586 1072 4654 νόμους
1123 4583 1411 4647 πολιτεῖαι,
1465 4582 1611 4652 ζωῆς
1657 4580 1868 4635 ποιοῦσι

299 4676 648 4747 παράτασιν·
710 4674 819 4729 ἀπὸ
870 4675 971 4744 τῆς
1042 4673 1381 4745 προσκαίρου
1451 4674 1588 4743 πρὸς
1658 4672 1755 4741 τὴν
1812 4673 1870 4725 ὲν

299 4766 421 4837 Θεῷ
470 4765 864 4837 ἀτελεύτητον,
919 4764 1046 4828 τοὺς
1096 4763 1385 4835 ἑλομένους
1450 4764 1619 4828 αύτάς
1690 4780 1871 4835 παρα-

190 4920 204 4932 ,
301 4857 637 4930 πέμπουσαι.

384 4972 446 5025 '0
476 4960 806 5040 δεχόμενοὲ
841 4969 1143 5033 παιδείαν,
1189 4970 1259 5025 ἐν
1308 4970 1549 5039 ἀγαθοῖς
1581 4970 1771 5025 ἔσται.
1812 4971 1869 5022 ’0

302 5061 635 5132 εὐχαρίστως
667 5062 954 5131 ὑπομένων
978 5061 1077 5124 τὰς
1099 5060 1205 5115 τῶν
1226 5062 1496 5115 ἀκουσίων
1526 5062 1704 5116 πόνων
1734 5060 1870 5131 πρὸς

301 5151 582 5222 διόρθωσιν
611 5152 929 5221 ἐπαγωγὰς,
962 5153 1074 5227 ἔξει
1093 5153 1516 5224 μισθαποδοσίαν
1535 5156 1600 5209 τὰ
1624 5159 1678 5208 ἐν
1694 5156 1867 5221 ἐπαγ-

301 5244 505 5313 γελίαις
534 5244 729 5312 ἀγαθά.

384 5358 447 5410 Ὅ
468 5355 536 5410 δὲ
555 5357 895 5425 φυλάσσων
936 5356 1251 5427 ἐλέγχους,
1304 5358 1762 5429 σοφιισθήσεται.
1812 5360 1867 5410 '0

300 5449 358 5504 δὲ
381 5448 563 5519 τηρῶν
580 5449 677 5510 τὰς
692 5448 1010 5517 δηλοποιοὺς
1033 5449 1214 5517 πάσης
1236 5450 1436 5505 κακίας
1459 5450 1610 5511 θείας
1625 5449 1864 5513 ἐντολὰς,

300 5540 394 5594 τοῦ
426 5539 593 5602 ὅντως
621 5537 826 5607 ἀγαθοῦ
854 5540 1175 5610 ἐπιστήμων
1207 5541 1511 5611 γενήσεται.
1678 5546 1683 5552 ’

326 5688 331 5693 -
378 5655 482 5720 Ὃς
512 5652 820 5722 φυλάσσει
878 5654 987 5719 τὰς
1039 5652 1259 5707 ἑαυτοῦ
1314 5653 1517 5720 ὀδοὺς,
1546 5654 1715 5724 τηρεῖ
1754 5653 1868 5721 τὴν

300 5740 516 5799 ἑαυτοῦ
543 5739 774 5809 ψυχήν.
811 5742 905 5802 '0,-
930 5741 1018 5793 διὰ
1049 5741 1192 5793 θεῖον
1224 5741 1393 5808 φόϐον
1419 5744 1580 5813 τηρεί
1616 5745 1712 5806 τὰς
1743 5746 1864 5799 κατ’

575 5832 850 5893 Ρηιιοι.
884 5833 1001 5893 Gn.
1034 5834 1394 5896 LXXXVII.

1966 4575 2125 4647 juxta
2167 4576 2382 4634 divinas
2426 4579 2575 4650 leges
2616 4580 2809 4652 agendi
2864 4582 2966 4636 via:
3004 4581 3173 4637 vitam
3219 4585 3542 4653 extendunt,

1972 4668 2244 4739 siquidem
2275 4668 2345 4722 ab
2387 4684 2451 4724 ea
2483 4686 2607 4740 qua:
2646 4680 3024 4728 momentauea
3063 4679 3149 4727 est
3174 4671 3284 4726 vita
3319 4675 3388 4730 ad
3421 4691 3555 4743 eam

1971 4777 2094 4832 quae
2126 4763 2253 4817 inde
2310 4774 2395 4819 est
2446 4765 2804 4836 sempiterna,
2842 4767 2935 4836 qui
2959 4775 3267 4838 sequuntur
3301 4782 3395 4823 eas
3418 4784 3545 4838 pcr-

1972 4854 2199 4908 ducunt.

2044 4968 2149 5034 Qui
2175 4968 2513 5039 disciplinam
2545 4972 2749 5040 recipit,
2808 4972 2864 5026 in
2896 4970 3047 5027 bonis
3090 4974 3212 5026 erit.
3249 4970 3349 5036 Qui
3388 4978 3544 5040 grate

1972 5060 2207 5115 sustinet
2237 5062 2636 5118 involuntarios
2661 5062 2877 5118 labores
2900 5063 2967 5117 ad
2998 5061 3395 5117 correctionem
3412 5076 3543 5116 cou-

1971 5150 2236 5207 ducentes
2265 5154 2571 5210 mercedem
2602 5155 2821 5209 habebit
2859 5153 3128 5223 promissa
3164 5153 3327 5207 bona.

2042 5361 2146 5427 Qui
2177 5372 2351 5416 autem
2374 5374 2685 5429 coagmenta
2708 5372 2904 5423 servat,
2936 5361 3141 5426 sapiens
3167 5360 3278 5429 ﬁet.
3310 5356 3413 5426 Qui
3447 5356 3543 5421 de-

1972 5439 2397 5507 monstrationes
2427 5455 2605 5508 omnis
2641 5453 3014 5522 perversitatis
3048 5452 3319 5517 observat,
3355 5451 3541 5507 divina

1971 5555 2240 5615 praecepta
2276 5546 2388 5599 veri
2413 5546 2537 5607 boni
2564 5555 2877 5616 cognoscet.

2042 5652 2147 5718 Qui
2199 5655 2426 5708 custodit
2472 5655 2584 5708 vias
2626 5672 2776 5720 suas,
2816 5655 3054 5724 invigilat
3106 5670 3263 5720 super
3308 5656 3541 5710 animum

1970 5759 2143 5799 suam.
2189 5746 2290 5810 Qui
2337 5747 2407 5801 ob
2455 5747 2545 5801 Dei
2578 5748 2828 5806 timorem
2886 5750 3004 5807 vias
3060 5766 3193 5807 suas
3240 5755 3544 5809 secundum

3044 5842 3118 5905 Ιώ
