3900 6228
516 313 655 424 ᾷ387

1841 318 2193 382 PROCOPII
2223 318 2465 382 ΘΑΖᾹΞῘ

3610 322 3736 388 183

510 453 774 505 virtutem
799 455 1004 512 servat,
1041 446 1117 501 ita
1159 454 1216 500 ut
1245 460 1275 499 a
1307 443 1502 500 semita
1535 442 1679 519 boni,
1698 457 1806 497 non
1837 443 2095 508 declinet,

2208 442 2398 514 ἀρετὴν
2420 441 2648 514 πορείας
2706 440 2896 509 αὐτοῦ,
2927 443 3004 506 εἰς
3056 443 3115 496 τὸ
3148 443 3224 514 μὴ
3256 444 3349 498 τοῦ
3396 444 3597 512 ἀγαθοῦ
3625 462 3743 519 πορ-

519 551 698 597 tutam
732 555 761 594 a
797 539 1002 595 malitia
1034 537 1311 609 prepriam
1342 510 1586 591 custodit
1617 533 1876 588 animam.

578 727 692 793 Qui
742 741 858 791 vero
894 738 1044 777 suam
1080 720 1240 773 vitam
1286 727 1455 784 amat,
1484 717 1567 770 ori
1617 732 1714 770 suo
1751 723 1951 785 parcet.
1987 711 2090 780 Qui

504 833 648 873 Nero
684 814 1023 886 spiritualetn
1067 811 1235 864 vitam
1272 816 1333 863 ut
1374 808 1479 863 sibi
1517 804 1832 860 rationabili
1867 819 2089 873 compe-

502 916 745 966 tentem,
794 903 995 972 diligit,
1035 901 1206 972 multa
1240 897 1463 968 quidem
1509 896 1714 963 audiet,
1758 907 1931 964 pauca
1963 908 2091 949 vero

516 997 795 1064 loquetur,
824 991 888 1046 ad
914 988 1223 1044 Iaciendum
1246 987 1462 1057 quidem
1485 999 1547 1039 ea
1565 999 1686 1053 quae
1709 982 1899 1037 didicit
1924 981 2087 1045 bona,

516 1100 627 1139 non
675 1082 1010 1152 loquendum
1046 1087 1227 1134 autem
1264 1076 1339 1131 de
1373 1076 1440 1131 iis
1477 1090 1600 1145 quae
1651 1073 1895 1129 nondum
1932 1071 2094 1127 intel-

516 1179 659 1231 lectu
691 1182 1024 1231 consecutus
1059 1182 1188 1239 est,
1212 1185 1314 1226 nec
1349 1169 1546 1225 exinde
1585 1164 1776 1222 contra
1804 1166 2090 1223 veritatem

516 1263 973 1335 delinquendum.

586 1358 722 1412 Ante
761 1354 1128 1411 contritionem
1157 1350 1389 1420 procedit
1424 1349 1645 1420 injuria.
1680 1346 1943 1403 Praecedit
1975 1363 2091 1420 pa:-

518 1462 645 1502 nam
682 1446 880 1500 animae
907 1444 1071 1499 verbo
1103 1441 1375 1497 damnata:
1415 1437 1780 1510 ignominiosa
1808 1438 1989 1505 culpa,
2034 1444 2091 1490 ut

518 1537 791 1589 actionem
822 1547 1018 1587 causa.

590 1623 754 1680 Vens.
813 1623 900 1677 18.
962 1622 1099 1675 Ante
1162 1621 1374 1690 lapsum
1421 1623 1628 1673 'autem
1711 1615 2088 1684 imprudentia.

2194 531 2578 604 εκτρέπεσθαι,
2639 531 2919 587 ἀκίνδυνον
2951 532 3059 587 ἀπὸ
3112 534 3308 599 κακίας
3339 534 3447 607 τὴν
3493 535 3623 590 ίδὲαν
3645 550 3741 604 ἐνι

2194 623 2383 678 λάσσει
2414 623 2614 695 ψυχήν.

2272 712 2537 784 Ἀγαπῶν
2582 713 2652 768 δὲ
2707 712 2860 782 ζωὴν
2907 714 3118 780 αὐτοῦ,
3148 717 3425 785 φείσεται
3471 718 3742 788 στόματος

2191 802 2399 858 αὑτοῦ.
2448 803 2506 857 '0
2539 802 2597 856 δὲ
2647 803 3029 874 ἀσπαζόμενος
3058 805 3155 876 τὴν
3182 805 3258 870 ὡς
3285 805 3505 876 λογικῷ
3533 808 3747 878 πρέπον.

2194 911 2295 949 σαν
2326 894 2474 965 αὐτῷ
2496 894 2871 966 πνευματικὴν
2897 895 3102 966 βιοτὴν,
3123 896 3291 952 πολλά
3310 898 3415 970 μὲν
3432 898 3746 959 ὲνωτίσεται,

2192 984 2349 1054 ὀλίγα
2403 984 2459 1037 δὲ
2510 983 2806 1054 φθέγξεται
2835 1002 2851 1017 ο
2903 984 3043 1039 ὥστε
3085 987 3345 1058 πράττειν
3390 988 3495 1058 μὲν
3531 988 3566 1042 ἀ
3602 989 3747 1057 μεμά-

2193 1076 2359 1149 θηκεν
2378 1075 2574 1147 ἀγαθὰ,
2607 1077 2681 1148 μὴ
2708 1076 2887 1146 λέγειν
2909 1077 2965 1131 δὲ
2990 1079 3118 1150 περὶ
3141 1071 3215 1133 ὧν
3248 1081 3420 1150 μήπω
3459 1078 3749 1141 κατέλαϐεν,
3786 1076 3793 1083 ’

2194 1172 2285 1225 καὶ
2319 1170 2416 1242 τῆς
2446 1169 2703 1241 ἀληθείας
2726 1169 2977 1225 ἐντεῦθεν
3008 1171 3421 1244 διαμαρτάνειν.

2263 1356 2381 1426 Πρὸ
2404 1357 2730 1427 συντριϐῆς
2778 1357 3005 1426 ἡγεῖται
3062 1358 3247 1427 ὕϐρις.
3298 1359 3639 1430 Προηγεῖται
3684 1376 3750 1414 τι·

2195 1448 2408 1519 μωρίας
2442 1448 2497 1501 δὲ
2534 1449 2569 1519 ἡ
2617 1451 2684 1519 τῇ
2731 1449 2874 1520 λόγῳ
2897 1450 3239 1543 τετιμξημένῃ
3265 1452 3415 1524 ψυχῇ
3460 1436 3752 1522 ἀτιμοποιδς

2192 1540 2458 1612 ἁμαρτία,
2495 1539 2570 1604 ὡς
2600 1539 2748 1595 αἰτία
2780 1541 3050 1597 αἰτιατοῦ.

2261 1640 2353 1704 ιη’.
2396 1633 2514 1701 Πρὸ
2535 1632 2603 1686 δὲ
2628 1633 2958 1703 πτώματος,
2990 1636 3449 1705 κακοφροσύνη.
3506 1633 3671 1690 Αὐτοῦ
3704 1633 3751 1687 δὲ

505 1715 698 1782 Jpsum
753 1720 934 1767 autem
990 1712 1189 1766 anima:
1242 1710 1534 1781 eulpabilis
1570 1710 1838 1779 “lapsura,
1900 1722 2092 1778 sapere

2208 1725 2288 1778 τοῦ
2340 1724 2461 1779 καθ’
2525 1725 2801 1796 ἁμαρτίαν
2856 1724 3091 1797 ψυχικοῦ
3140 1728 3483 1798 πτώματος,
3539 1727 3599 1781 τὸ
3644 1742 3749 1798 φρο-

511 1807 659 1861 ultra
696 1803 842 1875 quod
881 1803 1039 1859 decet
1073 1817 1265 1874 sapere
1311 1810 1365 1856 et
1403 1817 1514 1856 non
1562 1815 1759 1872 sapere
1783 1799 1851 1855 ad
1876 1800 2091 1870 sapien-

2208 1817 2305 1869 θεῖν
2333 1815 2463 1885 παρ’
2500 1814 2530 1868 ὃ
2567 1786 2658 1869 “Bei-
2690 1786 3060 1887 <ppoveiv,"xa.‘.
3090 1818 3167 1889 μὴ
3225 1786 3453 1888 φρονεῖν
3469 1786 3561 1883 ἐίς
3589 1786 3751 1871 ei...

517 1898 669 1951 tiam.

586 1986 754 2043 Vsus.
797 1986 882 2044 l9.
918 1986 1109 2042 Melior
1138 1996 1213 2041 est
1260 1987 1393 2041 lenis
1427 1984 1586 2040 corde
1620 1998 1742 2036 cum
1771 1981 2087 2035 humilitate.

517 2078 708 2134 Melior
801 2088 885 2134 est
953 2078 1046 2149 qui
1133 2087 1353 2149 propter
1420 2077 1601 2131 vietus
1694 2073 2089 2133 modieitatem,

518 2168 763 2220 laborum
819 2181 1042 2222 suormn
1094 2181 1235 2222 onus
1286 2175 1341 2221 et
1384 2163 1619 2219 inediam
1665 2163 1932 2232 patienter
1966 2173 2093 2214 sus-

485 2297 498 2302 -
515 2259 672 2312 tinet.

572 2348 762 2414 .Qnam
803 2344 1042 2401 dividens
1089 2346 1262 2416 spolia
1304 2360 1423 2399 cum
1477 2342 1736 2411 superbis.
1772 2340 1946 2407 Quam
1988 2339 2092 2393 ista
2152 2399 2158 2403 _

516 2439 805 2509 tyrannice
840 2438 1064 2509 rapiens
1097 2438 1514 2508 portionemque
1541 2447 1753 2505 ponens
1788 2446 1913 2488 cum
1945 2430 2094 2484 debi-

482 2561 494 2576 ι
516 2534 652 2586 ltum
685 2530 1120 2599 spoliatoribus;
1154 2530 1415 2600 quoniam
1448 2527 1617 2584 Deum
1645 2524 1732 2595 hic
1768 2523 1930 2578 habet
1955 2522 2095 2575 ulto-

482 2640 494 2653 η
516 2640 656 2691 rem,
689 2624 780 2678 ille
802 2637 932 2679 vero
953 2622 1321 2679 defensorem.
1722 2626 1727 2631 ’

591 2717 755 2773 Vsus.
787 2716 882 2771 20.
933 2714 1178 2771 Prudens
1240 2717 1298 2770 in
1349 2712 1603 2784 negotiis,
1660 2709 1879 2780 reperiet
1940 2708 2093 2760 bona.

517 2811 694 2865 llmno
718 2811 978 2881 prudens,
998 2808 1310 2879 diligentem
1337 2805 1681 2877 negotiorum
1701 2798 2094 2868 experientiam

489 2908 769 2970 .attcptus,
808 2912 839 2952 a
874 2897 1153 2968 peioribus
1186 2896 1410 2951 meliora
1448 2894 1790 2955 discernens,
1821 2889 1936 2943 haec
1975 2884 2095 2940 teli-

519 2996 661 3044 riter
678 2989 967 3045 obtinebit.

578 3081 661 3135 'Et
691 3082 781 3151 qui
813 3096 955 3150 spem
986 3080 1041 3132 in
1085 3078 1193 3132 Deo
1223 3078 1445 3148 reponit,
1475 3076 1655 3130 beatus
1683 3082 1779 3127 est.
1827 3069 1931 3136 Qui
1970 3080 2098 3122 vero

496 3182 691 3227 'totam
725 3187 876 3243 spem
906 3186 1061 3227 suam
1090 3169 1199 3226 Deo
1233 3170 1521 3225 committit
1554 3177 1609 3223 et
1639 3181 1748 3222 non
1779 3162 2008 3219 conﬁdit
2038 3160 2092 3215 in

521 3264 840 3335 semetipso,
873 3278 1088 3333 semper
1117 3261 1365 3317 meminit
1402 3280 1416 3316 :
1450 3261 1557 3316 nisi
1598 3257 1884 3319 Dominus,
1922 3253 2096 3323 ipsius

521 3371 734 3420 amore,
768 3353 1090 3409 custodierit
1122 3353 1359 3406 animam
1380 3351 1659 3405 adversus
1689 3345 2014 3402 insidiantes
2039 3342 2090 3396 ei
2139 3339 2150 3349 '

511 3447 754 3518 spiritus
790 3458 1046 3515 nequam,
1092 3442 1296 3498 frustra
1330 3441 1515 3513 vigilat
1547 3439 1641 3511 qui
1663 3435 1905 3494 custodit
1940 3447 2092 3495 eam;

518 3549 575 3594 et
600 3553 827 3593 rursum
852 3555 867 3591 :
900 3536 1004 3590 nisi
1035 3535 1155 3605 ipse
1175 3548 1295 3589 eam
1320 3532 1690 3590 habitaculum
1720 3528 1826 3584 sibi
1857 3526 2096 3596 Spiritus

519 3630 909 3692 architectura,
956 3617 1329 3692 adiﬁeaverit,‘
1356 3624 1410 3679 in
1451 3636 1652 3677 vanum
1699 3619 1971 3674 laboravit
1997 3616 2092 3686 qui

520 3735 641 3773 cam
678 3718 923 3789 suscepit
956 3714 1352 3791 aediﬁcandam.

599 3937 761 3995 Vsus.
813 3938 904 3992 21.
939 3937 1213 4008 Sapientes
1245 3948 1293 3993 et
1324 3937 1605 4010 prudentes
1645 3945 1830 3991 uocant
1861 3944 2094 3991 contem-

522 4030 757 4100 ptibiles.
818 4029 923 4095 Qui
978 4029 1264 4084 veritatem
1312 4035 1654 4101 cognoscunt
1699 4033 2096 4096 assumuntque

525 4120 631 4175 sibi
672 4119 819 4191 quod
846 4119 1049 4174 bonum
1080 4127 1186 4182 est,
1211 4129 1262 4173 et
1294 4119 1419 4173 talia
1448 4119 1630 4173 verbis
1659 4128 1713 4172 et
1743 4116 1998 4188 operibus
2027 4116 2094 4172 ad

525 4211 869 4267 audientium
900 4219 955 4265 et
992 4210 1292 4267 videntium
1342 4210 1629 4264 utilitatem
1678 4219 1865 4279 aperte
1892 4209 2094 4281 praedi-

523 4310 673 4369 cant,
706 4317 803 4358 eos
827 4302 1073 4372 plerique
1107 4302 1357 4358 homines
1385 4309 1440 4357 et
1478 4309 1697 4372 propter
1725 4300 1997 4356 sermonis
2031 4300 2096 4355 li-

2271 1911 2431 1963 ονεῖν.

2271 1925 2431 1963 ονειν.

2195 1925 2352 2053 φριθκ
2378 1999 2695 2069 Κρείσσων
2743 1998 3093 2070 πραῢθυμος
3140 2001 3293 2069 μετὰ
3333 2001 3749 2063 carceri-diosum.

2194 2091 2445 2161 Καλλίῳν
2477 2093 2626 2147 ἐστὶν
2659 2094 2686 2146 ὁ
2719 2093 2808 2147 διά
2836 2093 2951 2163 βίου
2980 2092 3275 2156 εὐτέλειαν.
3314 2093 3656 2158 ἀνεξικάκως
3675 2094 3751 2163 φέ-

2197 2199 2306 2253 ρων
2335 2183 2434 2254 τὴν
2463 2184 2570 2269 τῶν
2595 2185 2814 2240 οἰκείων
2843 2186 3170 2257 πονημάτων
3199 2184 3482 2257 στέρησιν.

2273 2348 2350 2400 ’Ἠ
2377 2345 2444 2413 ὃς
2470 2345 2780 2416 διαιρεῖται
2815 2347 3019 2403 σκῦλα
3067 2349 3217 2419 μετὰ
3253 2347 3584 2417 ὑϐριστῶν.
3618 2347 3747 2419 Παρὰ

2194 2435 2286 2490 τὸν
2311 2434 2482 2490 ταῦτα
2516 2437 2853 2509 τυραννικῶς
2870 2439 3292 2511 ἀφαιρούμενον,
3324 2440 3426 2494 καὶ
3446 2439 3548 2511 τὴν
3583 2439 3747 2510 μερίδα

2194 2526 2478 2597 τιθέμενον
2514 2529 2652 2600 μετά
2694 2531 2804 2584 τῶν
2834 2531 3319 2601 κατεπαιρομένων
3347 2530 3465 2584 τῶν
3494 2530 3713 2585 ἀσθενῶν
3731 2545 3743 2559 ·

2195 2619 2277 2672 ὃτι
2310 2621 2402 2673 τὸν
2434 2621 2567 2674 Θεὸν
2593 2623 2622 2674 ὁ
2651 2623 2747 2692 μὲν
2776 2622 2888 2694 ἔχει
2912 2623 3148 2688 ἔκδικον,
3181 2624 3210 2676 ὁ
3236 2622 3292 2676 δὲ
3321 2624 3597 2694 τιμωρόν.

2266 2720 2334 2767 κ’.
2362 2715 2617 2779 Σι.ννετι“ς
2646 2715 2715 2769 ἐν
2730 2714 3094 2786 πράγμασιν,
3136 2713 3390 2782 εὑρετὴς
3417 2713 3666 2785 ἀγαθῶν.
3701 2713 3743 2762 Ὅ

2197 2802 2452 2873 νουνεχὴς
2514 2804 2609 2855 καὶ
2642 2805 2839 2874 πεῖραν
2869 2804 3203 2872 κεκτημένος
3234 2804 3441 2874 ἀκριϐῆ
3470 2806 3579 2857 τῶν
3630 2820 3742 2874 πρᾶο

2196 2891 2444 2961 γμάτων,
2478 2893 2584 2948 ἀπὸ
2606 2893 2715 2947 τῶν
2746 2893 3004 2966 χειρόνων
3034 2892 3327 2966 διακρίνων
3366 2895 3441 2948 τὰ
3470 2895 3737 2965 κρείττονα,

2197 2984 2435 3056 ὑπάρχει
2467 2987 2670 3038 τούτων
2691 2984 2979 3056 ἐπιτυχής.

2269 3081 2571 3147 Πεποιθὼς
2604 3081 2672 3134 δὲ
2700 3080 2801 3134 ἐπὶ
2836 3080 2979 3146 Θεῷ,
3006 3083 3401 3151 μακαριστός.
3443 3082 3501 3135 '0
3522 3082 3575 3136 δὲ
3595 3083 3736 3136 πᾶσαν

2199 3169 2298 3242 τὴν
2325 3170 2521 3225 ἑαυτοῦ
2550 3170 2744 3225 ἐλπίδα
2776 3171 2894 3243 Θεῷ
2922 3173 3219 3239 ἀνατιθεὶς,
3254 3174 3350 3227 καὶ
3385 3174 3466 3245 μὴ
3490 3175 3573 3244 ἐφ’
3598 3171 3736 3238 ἐαυτῷ

2197 3260 2436 3332 θαρρῶν,
2469 3261 2730 3332 τυγχάνει
2747 3261 3077 3331 ἀείμνηστος
3100 3278 3112 3291 ·
3150 3265 3199 3316 et
3234 3262 3310 3333 μὴ
3336 3264 3451 3331 γὰρ
3475 3263 3661 3335 Κύριος
3680 3260 3735 3329 τῷ

2195 3350 2389 3405 ἑαυτοῦ
2415 3350 2564 3422 φόϐῳ
2581 3351 2806 3420 φυλάξει
2835 3351 3014 3422 ψυχὴν
3041 3353 3149 3407 ἀπὸ
3174 3353 3281 3407 τῶν
3312 3354 3735 3408 ἐπιϐουλευόντων

2195 3442 2334 3512 αὐτῇ
2370 3444 2697 3512 πνευμάτων
2738 3441 2838 3511 τῆς
2862 3512 2868 3518 _
2895 3440 3182 3515 πονηρίας,
3219 3444 3300 3505 εἰς
3352 3444 3515 3498 κενὸν
3539 3440 3731 3514 ἐγρηγό-

2197 3548 2363 3603 ρησεν
2388 3534 2416 3586 ὁ
2444 3533 2648 3603 ταύτην
2663 3532 2847 3604 τηρῶν
2871 3548 2886 3563 ’
2922 3534 3018 3588 καὶ
3051 3534 3102 3586 ei
3150 3532 3226 3604 μὴ
3250 3533 3417 3588 πάλιν
3443 3536 3474 3588 ὁ
3510 3535 3656 3597 αὐτὸς
3678 3534 3731 3585 οξ-

2195 3624 2683 3696 κοδομήσειαὺτὴν
2726 3626 3053 3696 οἰκητήριον
3074 3626 3252 3698 ἑαυτῷ
3281 3631 3347 3699 τῇ
3384 3625 3730 3699 άρχιτεκτονίᾳ

2194 3716 2289 3769 τοῦ
2337 3715 2684 3788 Πνεύματος,
2733 3716 3015 3786 ἀνηνύτως
3058 3718 3391 3773 ἐσπούδασεν
3421 3721 3449 3773 ὁ
3473 3719 3730 3787 οίκοδομεῖν

2195 3804 2401 3876 ταύτην
2430 3804 2746 3876 ἐπιχειρῶν.

2264 3943 2371 3991 καν.
2414 3937 2559 4005 Τοὺς
2589 3936 2820 4007 σοφοὺς
2865 3938 2965 3992 καί
2994 3939 3318 4007 συνετοὺς,
3355 3941 3627 4011 φαύλους
3651 3951 3727 3990 κα·

2194 4028 2436 4084 λοῦσιν.
2464 4030 2610 4094 Τοὺς
2641 4028 3011 4098 γινώσκοντας
3038 4032 3137 4103 τὴν
3166 4032 3450 4104 ἀλήθειαν,
3482 4033 3569 4087 καὶ
3582 4017 3726 4100 α’ίρου·

2197 4118 2395 4187 μένους
2412 4118 2473 4172 τὸ
2489 4119 2712 4187 ἀγαθὸν,
2738 4120 2834 4174 καὶ
2856 4121 3030 4175 ταῦτα
3051 4122 3229 4190 λόγοις
3248 4123 3341 4176 καὶ
3368 4122 3549 4196 ἔργοις
3566 4124 3724 4176 ἀνυποο

2197 4210 2397 4274 στόλως
2424 4228 2492 4282 κη
2502 4210 2813 4282 ρύττοντας,
2844 4213 2979 4282 πρός
3001 4230 3057 4266 τε
3093 4213 3190 4286 τὴν
3208 4215 3318 4270 τῶν
3336 4216 3628 4270 ἀκουόντων
3650 4211 3719 4264 καὶ

2196 4300 2304 4354 τῶν
2359 4300 2607 4373 ὁρώντων
2665 4302 2950 4371 ὠφέλειαν,
3003 4305 3055 4358 οἱ
3106 4305 3289 4359 πολλοὶ
3322 4305 3433 4360 τῶν
3470 4291 3721 4380 ἀνθρώπων

524 4396 785 4451 bertatem
837 4403 891 4451 et
936 4403 1158 4466 propter
1206 4396 1328 4449 vitm
1377 4395 1722 4448 severitatem
1770 4393 2091 4449 calumniari

2208 4389 2502 4444 διαϐάλλειν
2539 4391 2906 4463 ἐπιχειροῦσιν
2945 4394 3033 4448 διά
3062 4410 3123 4447 τε
3161 4394 3220 4448 τδ
3243 4396 3337 4450 τοῦ
3375 4397 3529 4466 λόγου
3549 4395 3720 4465 uappa-

525 4493 812 4541 conantur.

599 4596 706 4661 Qui
739 4606 916 4651 autem
951 4599 1130 4652 dulces
1160 4608 1284 4654 sunt
1309 4601 1362 4654 in
1398 4601 1627 4666 eloquio,
1655 4601 1822 4671 magis
1857 4601 2093 4655 audient.

594 4685 697 4751 Qui
726 4692 911 4744 autem
945 4702 1008 4741 ea
1039 4702 1161 4757 quae
1191 4690 1406 4758 placent
1427 4689 1776 4744 audientibus
1796 4690 2097 4759 loquuntur

525 4789 578 4834 et
614 4779 897 4834 veritatem
952 4780 1321 4847 abscondunt,
1363 4782 1548 4852 plures
1593 4782 1661 4837 de
1703 4797 1765 4839 se
1816 4799 2096 4839 sermones

526 4870 750 4927 audient
774 4870 876 4926 sibi
917 4871 1158 4941 gratiose
1186 4872 1382 4928 dictos.
1413 4872 1477 4926 Et
1505 4882 1666 4929 erunt
1696 4874 2014 4931 seductores
2043 4885 2097 4929 et

527 4963 759 5018 seducti.

597 5073 765 5130 Vens.
793 5074 885 5132 ‘22.
921 5073 1168 5147 Cognitio
1199 5074 1403 5144 adeptis
1428 5084 1506 5129 est
1531 5077 1650 5146 fons
1681 5078 1821 5131 vitm.
1848 5077 2096 5133 Circum-

525 5165 807 5233 spicieutia
836 5167 1036 5221 mentis
1065 5181 1154 5221 res
1185 5174 1470 5236 perceptas
1513 5166 1897 5247 excogitantis,
1929 5162 2115 5237 adepA

525 5258 598 5308 tis
641 5269 762 5309 eam
801 5250 891 5311 est
938 5255 1192 5311 scatebra
1235 5256 1538 5325 spiritualis
1598 5254 1861 5319 scientiae,
1913 5270 2094 5309 rerum

518 5360 723 5404 causas
752 5347 1057 5403 inveniens.
1522 5398 1527 5403 .
1799 5349 1803 5354 ’

603 5548 853 5602 Doctrina
885 5559 1062 5605 autem
1090 5551 1397 5621 stuttorum,
1430 5549 1598 5604 mata.
1645 5548 1888 5605 Scientia
1914 5562 2094 5606 autem

529 5650 718 5690 eorum
750 5644 840 5704 qui
886 5642 1294 5699 inconsiderate
1334 5643 1538 5712 aliquid
1571 5643 1845 5713 arripiunt
1889 5646 1970 5698 vel
2001 5645 2097 5699 dc-

532 5725 787 5793 tormant,
808 5746 914 5788 non
934 5742 1018 5791 eat
1050 5733 1229 5799 bona;
1260 5733 1529 5805 siquidem
1563 5742 1765 5789 temere
1780 5733 2089 5789 secundum

2126 4468 2171 4523 Β
2200 4482 2500 4548 σιαστικὸν,
2538 4488 2632 4536 καὶ
2660 4483 2721 4536 τὸ
2741 4483 2835 4536 τοῦ
2863 4473 2978 4553 βίόυ
3010 4485 3262 4557 σκληρόν.

2273 4599 2340 4651 Οἱ
2362 4596 2430 4650 δὲ
2461 4596 2707 4666 γλυκεῖς
2730 4597 2800 4653 ἐν
2823 4598 3005 4667 λόγῳ,
3052 4599 3266 4654 πλεῖον
3294 4594 3713 4656 ἀκούσονται.οῐ

2196 4688 2255 4740 δὲ
2282 4688 2352 4741 τά
2381 4689 2517 4759 πρὸς
2536 4688 2694 4759 χάριν
2723 4690 2834 4752 τοῖς
2857 4689 3229 4759 ἀκροωμένοις
3261 4693 3621 4763 φθεγγόμενοι,
3645 4685 3712 4739 καὶ

2199 4777 2530 4849 κρύπτοντες
2592 4779 2689 4848 τὴν
2747 4778 3007 4850 ἀλήθειαν
3031 4819 3046 4843 ,
3109 4781 3372 4835 πλειόνων
3418 4783 3579 4850 λόγων
3615 4779 3708 4831 ἀντ·

2198 4868 2581 4939 ακροάσονται,
2604 4868 2740 4938 πρὸς
2756 4869 2916 4940 χάριν
2929 4869 3236 4940 λεγομένων
3253 4871 3437 4934 αὐτοῖς
3456 4888 3470 4902 ο
3500 4869 3582 4924 καὶ
3595 4866 3707 4919 ἕσιν·

2196 4976 2285 5012 ται
2320 4959 2635 5021 ἀπατῶντες
2661 4961 2756 5012 καὶ
2783 4959 3152 5030 ἀπατώμενοι.

2267 5070 2369 5141 κβ’·
2399 5069 2570 5139 Πηγὴ
2609 5067 2778 5137 ζωῆς,
2829 5069 3037 5124 ἔννοια
3062 5070 3185 5138 τοῖς
3226 5072 3606 5142 κεκτημένοις,
3660 5062 3704 5114 'll

2198 5164 2338 5216 κατά
2363 5161 2603 5215 διάνοιαν
2627 5163 2723 5232 τῆς
2747 5160 2858 5214 τῶν
2880 5161 3153 5232 αἰσθητῶν
3177 5166 3472 5231 φαντασίας
3503 5160 3703 5232 aspicit:-

2196 5257 2310 5324 ψις,
2346 5257 2461 5317 τοῖς
2491 5254 2852 5324 κεκτημένοις
2883 5254 3073 5322 αὐτὴν,
3102 5252 3293 5325 βρύοις
3315 5257 3431 5309 ἐστὶ
3460 5262 3701 5320 πνευματι-

2197 5349 2299 5421 κῆς
2348 5347 2625 5417 γνώσεως,
2689 5347 2788 5409 τὰς
2857 5346 3034 5409 αἰτίας
3060 5346 3170 5399 τῶν
3221 5348 3548 5418 πραγμάτων
3588 5332 3699 5406 εὑρί-

2199 5455 2422 5495 σκουσα.

2267 5549 2512 5603 Παιδεία
2573 5548 2640 5602 δὲ
2678 5548 2977 5617 ἀφρόνων,
3010 5550 3184 5618 κακή.
3217 5551 3284 5604 Ἦ
3306 5550 3361 5605 δὲ
3392 5550 3599 5622 μάθησις
3619 5535 3698 5593 τῶν

2197 5638 2493 5707 ἀλογίστοις
2543 5638 2885 5709 ὀρεγομένων
2943 5640 3119 5703 τινὸς,
3174 5642 3207 5712 ἢ
3268 5634 3694 5711 ἀποστρεφομένων

2199 5732 2349 5797 αὐτὸ,
2380 5732 2439 5786 οὗ
2463 5730 2603 5802 καλή
2636 5733 2781 5784 ἐστιν
2803 5748 2816 5762 ·
2851 5731 3037 5806 ἐπειδὴ
3069 5733 3437 5799 ἀνεξετάστως
3454 5718 3693 5786 obtained
