3900 6228
255 362 400 433 1389

1274 369 1809 431 COMMENTARII
1845 369 1927 431 ΙΝ
1957 371 2415 437 PROVERBIA.

3376 372 3510 437 1890

257 482 417 552 μόνον
447 481 507 534 τὸ
538 483 607 553 τῇ
665 476 918 551 αἰσθήσει
964 479 1176 549 δοκοῦν,
1201 481 1445 535 ἐπαινεῖν
1489 482 1530 552 ἢ
1545 482 1734 553 ψέγειν
1763 481 1820 536 τὺ

1936 485 2100 538 solam
2152 500 2348 541 sensus
2400 482 2869 558 existimationem
2915 484 3139 539 laudare
3174 483 3256 538 vel
3300 483 3513 552 vitupe-

254 563 569 644 παράτυχὸν
597 572 1002 643 μεμαθήκασιν.

323 670 433 732 κγ’.
467 663 697 732 Καρδία
733 663 952 733 σοφοῦ,
1003 663 1215 731 νοήσει
1239 664 1313 719 τὰ
1353 662 1472 718 ἀπὸ
1528 664 1637 718 τοῦ
1671 662 1827 718 ιδίου

252 757 570 826 στόματος.
603 755 709 809 Τοῦ
748 755 970 810 συνετοῦ
1008 758 1042 827 ἡ
1070 756 1216 827 ψυχὴ
1238 755 1510 825 γνώσεται
1560 756 1828 828 πρότερον

170 853 181 863 '
251 846 320 899 τά
368 846 553 900 δέοντα
604 845 871 918 ῥηθῆναι,
927 847 1023 901 καὶ
1076 846 1220 900 οὕτω
1279 846 1455 900 ταῦτα
1516 848 1827 914 προαγαγεῖ

250 935 345 989 τοῦ
396 936 697 1007 στόματος·
734 937 830 990 καὶ⁵
884 938 1003 1009 οὐχ,
1040 938 1116 1001 ὼς
1177 937 1359 1007 ἔτυχε,
1409 936 1477 989 τά
1522 938 1597 1006 μὴ
1634 935 1825 988 δέοντα

252 1024 566 1094 φθέγξεται.
1500 1054 1512 1071 ο

331 1117 463 1172 Ἐπί
495 1118 565 1171 δὲ
596 1120 831 1187 χείλεσι
878 1120 1119 1191 φορέσει
1162 1119 1685 1189 ἐπιγνωμοσύνην.
1727 1119 1825 1172 Aia-

247 1208 340 1272 τὸς
365 1210 423 1262 δὲ
448 1210 544 1262 ἐπὶ
562 1214 628 1283 τῇ
651 1211 758 1265 τῶν
780 1212 1012 1282 χειλέων
1049 1209 1249 1274 ἀνοίξει
1292 1209 1670 1280 περιϐαλεῖται
1700 1212 1797 1263 ἐπί
1805 1237 1826 1251 -

248 1317 450 1367 γνωσιν
476 1302 573 1355 τοῦ
603 1304 907 1373 πρέποντος
934 1301 1152 1374 καιροῦ,
1184 1305 1268 1363 εἰς
1294 1303 1355 1356 τὸ
1388 1302 1623 1357 εἰπεῖνά
1654 1304 1822 1373 λαλη-

240 1391 410 1462 θῆναι
444 1394 760 1464 προέγνωκε
802 1395 1009 1449 δέοντα.
1425 1462 1433 1470 ,

319 1481 419 1535 κδ’.
446 1484 633 1550 Κηρία
649 1484 909 1551 μέλιτος,
930 1484 1100 1552 λόγοι
1132 1484 1337 1538 καλοί.
1383 1484 1446 1537 Οἱ
1498 1485 1634 1556 πρὸς
1676 1484 1821 1538 διδαι

251 1573 479 1627 σκαλίαν
525 1574 721 1642 ἀγαθοὶ
780 1574 952 1644 λόγοι,
992 1574 1149 1642 δίκην
1197 1574 1411 1645 μέλιτος
1460 1574 1690 1646 κηρίων,
1717 1575 1846 1633 εἰσὶ,

236 1663 691 1734 ’διεσκευασμένοι
724 1665 1022 1728 πολυειδῶς
1041 1683 1054 1695 ο
1078 1663 1220 1719 ὥστε
1252 1665 1602 1737 καταλλήλως
1623 1669 1691 1738 τῇ
1714 1665 1824 1719 τῶν

242 1757 550 1828 δεχομένων
585 1759 812 1829 δυνάμει
836 1758 1224 1829 ἁρμόττεσθαι.

317 1823 651 1923 lituusque:
707 1823 775 1906 δὲ
829 1823 1048 1916 abstines,
1105 1853 1270 1920 ἴασις
1301 1852 1531 1922 ψυχῆς.
1564 1852 1651 1906 ΔἩ
1680 1853 1737 1906 δὲ
1767 1854 1825 1905 ὲν
1859 1823 1900 1878 Β

238 1943 450 2007 τούτοις
477 1944 898 2015 ὲγκεκρυμμένη
949 1944 1024 2008 ώς
1072 1946 1128 1999 ἐν
1163 1963 1269 2000 τισι
1326 1946 1575 2017 σίμϐλοις
1619 1946 1823 2017 γλυκυ-

241 2034 378 2106 τάτη
412 2035 613 2104 γνῶσις
631 2036 731 2106 τῆς
758 2037 1042 2108 ἀληθείας,
1064 2038 1331 2110 θεραπεία
1349 2039 1586 2111 ὑπάρχει
1612 2039 1819 2110 ψυχῆς,

243 2125 468 2191 σκότους
499 2127 666 2199 αὐτὴν
690 2129 915 2197 ἀγνοίας
967 2130 1406 2184 ἀπαλλάττουσα.
1556 2134 1560 2138 ’

312 2223 412 2270 κε’.
443 2218 622 2271 Εἰσὶν
651 2206 776 2271 ὁδοί
815 2217 1110 2273 δοκοῦσαι
1140 2214 1293 2274 εἶναι
1321 2219 1486 2288 ὀρθαί
1515 2218 1694 2288 ἀνδρί
1708 2237 1720 2249 ο
1749 2219 1823 2273 τὰ

236 2308 443 2378 μέντοι
501 2310 820 2365 τελευταῖα
880 2311 1079 2366 αὐτῶν
1127 2312 1346 2377 βλέπει
1399 2313 1487 2377 εἷς
1548 2311 1822 2381 πυθμένα

236 2402 411 2469 ᾅδου.
454 2403 789 2475 Ύπάρχουσι
819 2404 1086 2458 πολιτεῖαί
1126 2422 1293 2469 τινες.
1321 2405 1378 2460 αἳ
1415 2403 1505 2458 διὰ
1535 2404 1594 2456 τδ
1622 2403 1819 2475 ἐπίκη-

244 2514 340 2567 ρον
371 2496 469 2567 ήδὺ
500 2497 596 2550 καὶ
625 2497 889 2563 ἐπίδοξον,
908 2495 1222 2568 νομίζονταί
1255 2514 1361 2551 τινι
1392 2494 1666 2569 ἀνθρώπῳ
1687 2512 1820 2563 τυγ-

238 2588 424 2657 χάνειν
455 2588 650 2642 καλαί·
671 2589 737 2643 τὰ
755 2588 811 2642 δέ
839 2588 967 2658 τέλη
991 2587 1218 2652 τούτων,
1243 2590 1323 2652 είς
1349 2588 1510 2659 βάθος
1543 2587 1819 2650 ἀπωλείας

236 2681 362 2750 ὁρᾷ.
395 2679 508 2750 ’[ἦς
554 2680 662 2750 γάρ
712 2681 834 2734 κατ’
890 2680 1146 2751 αἴσθησιν
1195 2680 1411 2751 ἡδονῆς,
1448 2677 1602 2742 τέλος
1656 2678 1818 2750 ὀδύνη

237 2770 393 2824 ἐστί·
423 2772 517 2825 καὶ
540 2760 638 2840 τῆς
665 2772 914 2826 διακένου
946 2771 1128 2841 δόξης,
1163 2773 1195 2843 ἠ
1225 2772 1443 2843 ἀτιμία.

309 2870 422 2928 κζ’.
458 2864 639 2931 Ἀνὴρ
675 2864 746 2917 ἐν
776 2865 988 2930 πόνοις
1017 2865 1194 2919 πονεῖ
1240 2864 1454 2931 ἐαυτῷ,
1493 2867 1591 2922 καί
1620 2868 1817 2923 ἐκϐιά-

234 2952 390 3015 ζεται
416 2955 634 3010 ἑαυτοῦ
654 2954 770 3023 τὴν
801 2955 1125 3011 ἀπώλειαν.
1163 2957 1483 3027 ’Ἄνθρωπός
1502 2976 1589 3023 τις
1618 2958 1696 3030 τῷ
1733 2959 1820 3012 δο-

235 3047 355 3100 κεῖν
387 3048 574 3120 μοχθεῖ
613 3048 752 3118 ὑπὲρ
807 3047 1025 3112 ἐαυτοῦ,
1065 3050 1123 3101 ἐν
1154 3049 1377 3120 μόχθοις
1408 3049 1625 3114 πολλοῖς
1653 3051 1818 3104 πλεο-

146 3187 153 3191 .
235 3140 503 3203 νεκτικῶς
553 3140 832 3204 πλουτῶν,
889 3140 984 3195 καὶ
1018 3139 1360 3211 ἰυράννικῶς
1411 3140 1772 3211 δοξαζόμενος
1799 3159 1813 3174 ⁸
1843 3169 1886 3224 C

236 3231 361 3281 ἐπεὶ
382 3230 439 3281 δὲ
473 3230 714 3294 κίνδυνος
739 3232 910 3285 ταῦτα
943 3232 1143 3303 ψυχῆς,
1189 3231 1489 3303 βιαστικῶς
1514 3234 1815 3288 ἐπισπᾶται

230 3322 267 3373 ὁ
292 3321 531 3381 τοιοῦτος
555 3320 646 3374 τὸν
677 3322 809 3374 ῐδιον
845 3323 1084 3393 ὄλεθρον.

325 3414 386 3465 '0
419 3411 621 3477 μέντοι
642 3414 913 3479 σκολιὸς,
940 3415 1039 3467 ἐπὶ
1064 3415 1144 3479 τῷ
1176 3416 1396 3471 ἑαυτοῦ
1431 3420 1682 3488 στόματι
1712 3436 1818 3489 φο-

226 3502 324 3570 ρεῖ
369 3502 483 3569 τὴν
509 3501 833 3558 ἀπώλειαν.
891 3504 951 3558 Ὀ
983 3503 1167 3574 μέντοι
1200 3504 1426 3575 γνώμην
1478 3506 1616 3578 ἔχων
1657 3525 1815 3578 στρε-

236 3593 392 3664 ϐλὴν,
427 3594 524 3649 καὶ
554 3594 812 3664 βλάπτειν
865 3596 953 3650 ἀεὶ
1000 3595 1261 3665 μελετῶν,
1295 3596 1358 3648 οὺ
1395 3597 1595 3667 πολλοῦ
1641 3599 1817 3653 δεῖται

237 3684 487 3754 καμάτου
508 3686 588 3749 είς
612 3685 815 3756 βλάϐην
844 3684 1010 3740 αὐτοῦ
1036 3702 1050 3716 ·
1080 3685 1218 3741 ἀλλὰ
1254 3687 1406 3756 παρά
1435 3686 1516 3757 τῷ
1548 3687 1663 3759 ἰδίῳ
1696 3689 1818 3742 στόι-

238 3791 372 3844 ματι
418 3776 511 3830 τὸν
568 3777 765 3832 ἐαυτοῦ
821 3778 1147 3850 ἐπιφέρεται
1206 3778 1459 3851 ὄλεθρον
1542 3781 1818 3851 προξενῶν

236 3868 515 3924 ἀπώλειαν
541 3870 740 3942 ἑαυτῷ,
768 3871 830 3936 ἐξ
848 3864 925 3926 ὧν
963 3871 1121 3925 εἴωθε
1158 3870 1512 3942 φθέγγεσθαιο
1544 3873 1696 3943 παρὰ
1719 3873 1818 3943 μὲν

237 3961 397 4029 Θεοῦ,
425 3962 525 4032 τὴν
570 3964 713 4018 κατά
744 3965 952 4035 ψυχήνο
989 3963 1139 4034 παρὰ
1173 3963 1228 4018 δέ
1264 3964 1373 4017 τῶν
1411 3963 1818 4036 ἐνωτιζομένων

234 4050 305 4105 τά
333 4054 466 4124 παρ’
491 4054 659 4106 αὑτοῦ
677 4054 968 4124 λεγόμενα,
996 4054 1095 4125 τὴν
1127 4055 1268 4108 κατά
1295 4053 1477 4124 σῶμα.
1806 4110 1813 4125 η

308 4144 412 4208 κζ’.
443 4144 614 4214 Ἀνὴρ
637 4146 862 4216 ἄφρων,
889 4147 1138 4215 ὀρύσσει
1162 4144 1356 4213 ἑαυτῷ
1377 4147 1550 4203 κακά.
1570 4148 1816 4221 Ἀνθρω-

236 4252 336 4298 πος
360 4235 416 4297 ὃς
451 4236 525 4306 μὴ
542 4236 611 4290 τὰ
643 4235 839 4290 ἐαυτοῦ
894 4237 1245 4306 συμφέροντα
1272 4235 1658 4305 διαλογίζεται,
1689 4238 1815 4294 καθ’

236 4326 434 4380 ἑαυτοῦ
460 4325 766 4396 ἐξευρίσκει
797 4328 864 4382 τά
897 4327 1186 4399 βλαπτικὰ,
1209 4329 1441 4383 ἐπινοῶν
1468 4329 1536 4383 τὰ
1575 4334 1711 4400 πρὸς
1734 4330 1814 4384 ol-
1850 4394 1861 4405 κ

237 4418 393 4471 κείαν
413 4415 711 4474 ἀπώλειαν.

1930 590 2054 629 rare
2089 576 2233 645 quod
2260 577 2504 631 occurrit
2535 575 2874 633 didicerunt.

2006 665 2167 722 Vens.
2197 667 2290 721 25.
2317 666 2422 722 Cor
2465 670 2721 738 sapientis
2768 668 3024 741 cogitabit
3063 683 3179 738 qua:
3219 667 3419 735 profert
3453 684 3511 719 os

1926 759 2061 828 ejus.
2090 759 2387 816 Prudentis
2413 763 2596 816 anima
2638 762 2791 832 prius
2838 771 3131 831 cognoscet
3164 775 3228 834 e_a
3256 774 3379 829 quae
3403 759 3511 813 dici

1928 853 2211 917 convenit,
2236 853 2432 923 sicque
2464 855 2558 908 illa
2583 862 2709 909 ante
2728 868 2791 909 os
2817 854 3102 923 producet,
3124 867 3225 907 nec
3252 866 3372 921 qius
3401 865 3511 906 non

1928 955 2169 1018 oportet,
2203 958 2264 1003 ut
2287 950 2549 1012 occurrit,
2579 949 2852 1019 loquetur.

2000 1131 2070 1187 Et
2102 1132 2155 1186 in
2186 1122 2344 1187 labiis
2382 1132 2624 1202 portabit
2662 1131 3094 1202 intelligentiam.
3127 1129 3247 1199 Ipse
3278 1142 3407 1182 vero
3442 1127 3512 1182 ad

1925 1223 2130 1277 ostium
2178 1222 2451 1277 labiorum
2502 1222 2909 1276 observantiam
2952 1217 3099 1274 modi
3137 1215 3513 1272 convenientis

1925 1313 2301 1368 circumducet
2329 1313 2396 1367 ad
2420 1312 2752 1383 loquendum
2782 1325 2846 1367 ea
2883 1324 3007 1381 quae
3038 1313 3407 1379 congruenter
3427 1305 3512 1360 di-

1930 1401 2105 1455 cenda
2143 1403 2538 1472 pra-cognovit.

1995 1491 2164 1549 Vens.
2190 1492 2282 1547 Ἡ.
2305 1492 2480 1547 Favus
2507 1494 2680 1547 mellis
2714 1491 2921 1563 pulchri
2968 1505 3259 1544 sermones.
3283 1487 3510 1543 Sermo-

1925 1599 2022 1639 nes
2057 1585 2122 1637 ail
2153 1584 2537 1639 erudiendium
2572 1584 2722 1650 boni,
2745 1582 2850 1637 l'avi
2884 1581 3063 1645 mellis
3098 1581 3298 1641 instar,
3324 1577 3511 1631 multi-

1927 1674 2174 1731 formiter
2200 1675 2276 1729 ita
2328 1675 2719 1745 disponuntur,
2752 1683 2813 1730 ut
2841 1683 2967 1745 apte
2997 1673 3393 1744 accipientium
3426 1670 3510 1725 l'a-

1923 1765 2117 1821 cultati
2145 1766 2652 1821 accommodentur.

1999 1857 2070 1912 Et
2103 1857 2326 1913 dulcedo
2356 1874 2538 1913 eorum
2567 1859 2762 1913 animm
2788 1858 3025 1913 sanatio.
3053 1857 3185 1922 Quae
3211 1860 3264 1909 in
3284 1853 3365 1908 eis
3385 1853 3543 1915 absg

1925 1950 2187 2005 conditur
2215 1958 2274 2005 ut
2310 1951 2362 2004 in
2407 1950 2740 2021 quibusdam
2774 1949 3029 2004 alveariis
3067 1947 3389 2002 dulcissima
3415 1960 3508 1999 ve-

1924 2039 2109 2094 ritatis
2150 2040 2398 2110 cognitio
2429 2039 2701 2095 medicina
2726 2047 2812 2095 est
2836 2040 3063 2094 auiinae:
3100 2038 3240 2091 hanc
3262 2035 3511 2105 ignorau-

1923 2131 2013 2186 tia!
2039 2132 2279 2188 tenebris
2308 2132 2529 2187 liberat.

1992 2221 2159 2278 Vens.
2186 2221 2278 2276 25.
2309 2219 2445 2276 Sunt
2473 2222 2572 2276 via:
2603 2236 2719 2290 quae
2745 2220 2984 2274 videntur
3012 2219 3213 2273 homini
3241 2227 3418 2283 rectm,
3458 2229 3509 2270 et

1922 2323 2099 2369 tamen
2138 2314 2433 2368 novissima
2473 2329 2658 2368 eorum
2690 2311 2760 2365 ad
2810 2311 3061 2381 abyssum
3118 2311 3314 2380 inferni
3340 2312 3510 2363 dedu-

1919 2416 2065 2462 cunt.
2096 2408 2409 2461 Occurrunt
2435 2404 2686 2477 qumdam
2723 2405 2825 2459 via:
2848 2420 2970 2474 qua:
3002 2412 3225 2474 propter
3246 2404 3507 2459 caducam

1915 2499 2322 2571 jucunditatem
2374 2506 2428 2554 et
2469 2499 2703 2569 gloriam
2738 2498 2955 2553 cuidam
2993 2496 3202 2551 homini
3247 2503 3509 2566 putantur

1919 2591 2138 2646 evenire
2206 2590 2388 2658 bonae;
2455 2591 2548 2646 sed
2616 2591 2797 2645 exitus
2834 2605 3028 2645 earum
3080 2589 3135 2643 in
3187 2589 3507 2642 barathrum

1920 2679 2242 2748 perditionis
2260 2687 2489 2750 spectat.
2515 2680 2801 2735 Sensualis
2826 2681 2970 2734 enim
2996 2677 3289 2747 voluptatis
3321 2671 3509 2731 termi-

1922 2784 2027 2823 nus
2054 2778 2139 2826 est
2165 2770 2557 2837 conturbatio;
2589 2778 2644 2824 et
2675 2771 2857 2824 inanis
2888 2769 3100 2838 gloriae,
3128 2767 3505 2838 opprobrium.

1995 2862 2273 2920 Vnus.°).6.
2317 2866 2489 2919 Homo
2532 2866 2784 2920 laborans
2835 2866 3049 2919 laborat
3101 2864 3202 2918 sibi
3253 2875 3509 2932 suamque

1920 2965 2191 3028 extorquet
2214 2957 2586 3027 perditionem.
2622 2958 2799 3013 Homo
2822 2957 3043 3028 quidam
3091 2956 3157 3012 ad
3190 2952 3507 3026 l‘ulgenduut

1921 3049 2135 3104 laborat
2182 3049 2309 3115 sibi,
2352 3049 2408 3104 in
2447 3050 2634 3105 multis
2682 3050 2963 3105 laboribus
2992 3046 3191 3118 cupide
3225 3047 3507 3102 ditescens

1919 3146 1976 3193 et
2014 3140 2250 3209 superbe
2285 3139 2525 3211 glorians
2558 3157 2572 3195 :
2607 3156 2731 3196 cum
2779 3151 2961 3196 autem
2998 3140 3113 3195 haec
3151 3149 3280 3194 sunt
3311 3138 3509 3191 anima:

1920 3228 2260 3298 periculum,
2320 3230 2590 3285 violenter
2660 3231 2752 3285 ille
2811 3246 2965 3285 suam
2993 3257 3006 3293 ,ν
3031 3229 3262 3284 attrahit
3321 3227 3509 3298 perni-

1919 3330 2081 3372 etem.

1986 3413 2212 3464 Astutus
2246 3420 2422 3465 autem
2468 3413 2522 3465 in
2557 3428 2647 3466 ore
2676 3429 2772 3467 suo
2797 3414 2935 3482 gerit
2974 3413 3211 3466 ruinam.
3246 3412 3506 3477 Quivero

1918 3502 2206 3558 scientiam
2241 3503 2407 3559 habet
2446 3504 2696 3560 dolosam
2732 3516 2788 3560 et
2816 3520 3031 3575 semper
3063 3518 3263 3559 nocere
3291 3488 3500 3566 studet,

1917 3593 1966 3649 ei
2001 3610 2111 3649 non
2146 3596 2322 3651 multo
2352 3610 2492 3668 Opus
2525 3607 2610 3654 est
2637 3597 2823 3655 labore
2854 3597 2922 3651 ad
2964 3590 3122 3651 Suam
3164 3595 3501 3666 perniciem:

1919 3684 2013 3739 sed
2051 3686 2105 3739 in
2142 3701 2237 3741 ore
2266 3688 2490 3760 praprio
2525 3704 2682 3745 suam
2725 3689 2939 3743 ruinam
2974 3689 3137 3760 gerit.
3167 3687 3247 3742 Ex
3281 3687 3347 3742 iis
3380 3703 3505 3758 quae

1918 3777 2103 3833 dicere
2155 3783 2445 3836 consuevit
2490 3780 2595 3835 sibi
2644 3788 2800 3863 parat
2859 3780 3250 3851 perditionem,
3307 3780 3506 3834 animus

1918 3868 2138 3940 quidem
2178 3873 2322 3942 apud
2367 3872 2560 3936 Deum,
2592 3874 2845 3945 corporis
2879 3887 3060 3930 autem
3093 3874 3237 3945 apud
3272 3888 3367 3929 eos
3407 3874 3504 3944 qui

1918 3962 2085 4018 verba
2112 3963 2288 4035 ipsius
2321 3965 2575 4023 audiunt.

1989 4147 2153 4205 Vsus.
2190 4150 2282 4204 27.
2337 4149 2431 4204 Vir
2462 4153 2765 4220 imprudens
2803 4152 2939 4222 fodit
2979 4154 3081 4209 sibi
3122 4153 3286 4208 mala.
3328 4152 3502 4209 llomo

1917 4234 2007 4304 qui
2027 4235 2093 4291 ad
2122 4251 2180 4291 se
2202 4238 2528 4307 pertinentia
2549 4255 2659 4295 non
2684 4250 2986 4311 computat,
3014 4243 3279 4298 adversus
3302 4252 3502 4298 semet-

1917 4326 2094 4395 ipsum
2141 4320 2350 4383 invenit
2403 4332 2620 4397 nociva,
2665 4333 2994 4403 excogitans
3035 4348 3158 4403 qua:
3190 4333 3397 4388 ducunt
3432 4335 3517 4386 ad.

1916 4418 2089 4487 ipsius
2123 4419 2361 4474 ruinam.

321 4509 444 4561 Ἐπὶ
496 4508 565 4561 δὲ
599 4507 716 4563 τῶν
745 4509 965 4565 ἑαυτοῦ
1022 4508 1271 4579 χειλέων
1296 4507 1637 4579 θησαυρίζει
1665 4510 1805 4579 πῦρ.

1989 4510 2057 4564 Et
2083 4511 2135 4566 in
2160 4512 2321 4565 labiis
2350 4513 2464 4567 suis
2498 4515 2827 4568 thesaurizat
2858 4515 3051 4586 ignem.
3089 4514 3154 4569 Et
3181 4517 3236 4571 in
3272 4531 3367 4570 ore
3397 4531 3501 4571 suo

249 4600 338 4653 Ἐν
361 4600 418 4655 δέ
444 4601 525 4673 τῷ
574 4601 804 4673 στόματι
844 4603 1033 4670 αὐτοῦ,
1071 4603 1295 4669 συνάγει
1327 4603 1575 4674 ῥήματα,
1613 4604 1815 4657 κακίαν

235 4691 458 4747 ἅπασαν
486 4694 783 4750 ἐκκαίοντα
809 4696 958 4768 παρὰ
982 4697 1095 4759 τοῖς
1123 4695 1434 4750 ἀκούουσιν.

306 4792 414 4856 κη’.
455 4785 625 4854 Ἀνὴρ
650 4787 923 4853 σκολιὸς,
947 4785 1339 4856 διαπέμπεται
1366 4785 1542 4841 κακά.
1573 4786 1815 4860 Ἀνθρω-

234 4890 337 4940 πος
360 4877 499 4931 κατά
544 4878 774 4950 γνώμην
835 4878 1114 4950 στρεϐλὸς,
1138 4879 1500 4949 παραπέμπει
1521 4878 1607 4930 διὰ
1630 4878 1814 4947 μέσων

231 4966 341 5020 τῶν
356 4968 676 5037 ἐπιτηδείων
690 4971 769 5033 εἰς
788 4972 846 5023 τὸ
859 4971 1152 5041 ὑπουργεῖν
1172 4971 1241 5023 τά
1261 4968 1427 5025 αὐτοῦ
1449 4969 1810 5040 βουλεύματα,

230 5056 361 5121 τοὺς
386 5058 442 5110 ἐν
476 5061 542 5130 τῇ
584 5058 731 5131 ψυχῇ
780 5059 945 5112 αὐτοῦ
985 5057 1394 5129 μελετωμένους
1448 5041 1633 5120 δόλους
1674 5056 1813 5110 κατὰ

232 5147 343 5200 τῶν
375 5147 713 5215 ἀγαπώντων
752 5149 1065 5218 ἀλλήλους(

304 5239 412 5293 Kal
447 5238 768 5307 λαμπτῆρα
810 5237 995 5293 δόλου
1038 5238 1373 5307 πυρσεύσει
1422 5237 1661 5303 κακοῖςυ
1711 5238 1812 5291 καὶ

232 5327 558 5398 ὃιαχωρίζει
600 5330 837 5398 φίλους.
894 5331 1004 5383 Καὶ
1055 5328 1200 5383 οὕτω
1251 5330 1457 5400 πυρσὸν
1506 5328 1813 5383 ὑπανάπτει

233 5420 452 5490 ἀπάτης
484 5422 542 5473 ἐν
567 5423 680 5482 τοῖς
732 5419 1128 5490 πειθαρχοῦσιν
1173 5421 1320 5493 αὐτῷ
1362 5422 1658 5493 ὑπουργοῖς
1711 5421 1812 5492 τῆς

235 5510 436 5572 κακίας
455 5526 469 5540 ’
505 5511 600 5564 καὶ
627 5511 716 5564 διὰ
744 5514 969 5578 τούτων,
1003 5513 1079 5579 ὡς
1116 5515 1183 5570 δι’
1209 5516 1460 5587 ὀργάνων
1490 5516 1812 5580 τινῶν,τοὺς

234 5600 553 5671 ἡνωμένους
602 5601 668 5656 δι’
724 5604 946 5676 ἀγάπης
998 5605 1347 5678 εἰλικρινοῦς,
1407 5608 1504 5660 ἀπ’
1567 5606 1811 5678 ἀλλήλων

234 5690 521 5763 διίστησιν,
554 5693 755 5765 ἔχθραν
768 5689 1076 5768 ’ἀνὰ-μέσον
1097 5698 1276 5752 αὐτῶν
1306 5697 1582 5764 ἐμϐαλών.

307 5784 607 5857 κθ’.’Δνὴρ
630 5789 976 5859 παράνομος
1038 5784 1426 5856 ἀποπέιρᾶται
1468 5790 1681 5860 φίλων,
1712 5790 1809 5844 καὶ

661 5866 694 5895 ο

1916 4602 2081 4657 verba
2111 4617 2328 4659 omnem
2350 4604 2614 4660 malitiam
2635 4605 2778 4676 apud
2804 4608 3087 4664 auditores
3117 4597 3496 4670 accendentia,

1916 4690 2145 4761 colligit.
3303 4705 3306 4709 '

1988 4776 2155 4839 Vens.
2203 4784 2293 4839 28.
2359 4783 2451 4840 Vir
2508 4795 2718 4842 astutus
2773 4788 3031 4860 dispergit
3090 4790 3256 4844 mala.
3323 4788 3498 4843 Homo

1916 4875 2146 4929 scientia
2185 4876 2434 4942 dolosus,
2468 4879 2611 4932 inter
2664 4879 2919 4935 homines
2955 4880 3020 4934 ad
3054 4878 3344 4935 favendum
3379 4880 3497 4933 suis

1915 4967 2164 5023 consiliis
2207 4968 2455 5035 idoneos,
2481 4986 2621 5040 quos
2655 4972 2709 5025 in
2739 4972 2905 5026 corde
2926 4987 3028 5027 suo
3069 4972 3363 5025 meditatus
3411 4976 3498 5022 est

1913 5060 2092 5125 dolos,
2125 5061 2390 5118 adversus
2422 5071 2667 5118 mutuam
2697 5064 2967 5118 habentes
2984 5062 3360 5125 dilectionem,
3380 5060 3495 5114 dis-

1914 5152 2168 5206 seminat.

1902 5255 1922 5271 ⁶
1985 5242 2054 5296 Et
2078 5243 2249 5312 facem
2291 5243 2812 5300 astutite'succendit
2859 5244 3139 5312 perversis,
3194 5242 3494 5312 amicosque
3561 5288 3569 5295 .

1913 5334 2203 5403 disjuugit.
2233 5334 2301 5388 Et
2332 5336 2415 5390 sic
2448 5334 2677 5388 fallacia:
2708 5332 2882 5387 facem
2920 5333 3062 5401 inter
3088 5331 3410 5386 obedientes
3441 5332 3492 5385 ei

1914 5426 2292 5495 perversitatis
2320 5420 2947 5494 cperariossuccendit;
2981 5431 3035 5478 et
3062 5437 3160 5493 per
3183 5436 3300 5489 eos,
3329 5423 3490 5491 quasi

1914 5530 2008 5584 per
2057 5516 2305 5585 qutedam
2338 5514 2726 5576 instrumenta,
2768 5511 3016 5567 sinceros
3046 5513 3319 5575 homines,
3358 5512 3492 5565 cha-

1912 5606 2076 5661 rilate
2108 5606 2400 5669 adunatos,
2434 5603 2502 5658 ab
2525 5590 2759 5658 invicem
2783 5602 3022 5674 sejungit
3056 5602 3237 5659 medie
3269 5602 3487 5656 illorum

1913 5698 2253 5759 inimicitiam
2284 5695 2604 5766 ingerendo.

1986 5789 2150 5847 Vens.
2180 5790 2270 5847 29.
2318 5787 2413 5845 Vir
2458 5789 2693 5857 iniustus
2727 5790 2926 5847 amicos
2971 5802 3135 5850 tentat
3171 5799 3220 5847 et
3251 5804 3344 5860 per
3374 5787 3488 5844 via:
