3900 6228
392 445 394 448 ,
491 379 630 447 1395

1800 381 2147 442 PROCOPII
2188 382 2427 442 (ἶΑΖίΕῙ

3595 380 3705 449 i396

487 491 541 544 in
564 491 731 544 lteum
757 486 988 559 adeptus
1019 496 1103 544 est
1139 486 1319 551 ﬁdem,
1354 486 1526 556 ipsius
1556 495 1641 542 est
1674 494 1784 540 tota
1826 487 2048 543 divitiae

2171 488 2381 541 lséaiav
2407 489 2487 551 εἰς
2520 486 2653 540 Θεὸν
2689 486 3028 556 κεκτημένου
3054 486 3259 551 πίστιν,
3280 482 3421 539 ἅπαν
3439 474 3507 539 ’τὸ
3527 488 3704 555 mssa

488 599 606 638 rum
649 583 960 645 multitudo,
992 591 1179 652 utpote
1209 582 1303 653 qui
1343 582 1587 636 omnium
1620 580 1964 640 Fabricatori
1995 599 2060 640 ac

486 675 757 743 provisori
781 690 841 730 se
874 674 1183 728 committet
1215 685 1263 728 ct
1296 672 1495 728 exinde
1530 688 1691 728 omne
1721 672 2056 730 desiderium

485 766 737 836 complet.
773 764 871 820 Hic
903 765 1069 828 enim,
1097 763 1233 819 nihil
1260 765 1421 819 etiam
1444 764 1672 830 habens,
1702 767 1887 821 omnia
1914 782 2042 838 pos-

485 859 650 914 sidct.

557 971 640 1026 Ad
666 970 932 1040 inﬁdelem
974 987 1092 1025 vero
1142 970 1416 1041 nequidem
1452 970 1659 1026 obolus.
1684 972 1840 1028 [llius
1872 981 2054 1026 autem

483 1064 575 1130 qui
618 1063 724 1118 Deo
771 1077 879 1117 non
915 1062 1163 1127 conlidit,
1208 1077 1311 1117 nec
1344 1079 1486 1118 unus
1532 1073 1616 1118 est
1654 1064 1867 1130 obolus,
1921 1065 2056 1120 nihil

486 1154 651 1208 fidum
685 1163 739 1208 et
762 1154 959 1210 stabile
1003 1155 1317 1225 possidens,
1356 1156 1582 1211 etiamsi
1619 1156 1840 1211 multam
1874 1157 2054 1226 possi-

489 1246 619 1300 deat
642 1246 962 1302 divitiarum
994 1248 1232 1317 copiam.

556 1359 719 1416 Vens.
748 1361 801 1414 7.
839 1359 963 1415 Non
993 1370 1278 1431 congruent
1318 1360 1640 1428 imprudenti
1672 1360 1820 1416 labia
1843 1360 2051 1431 ﬁdelia.

483 1451 563 1505 llli
592 1452 683 1519 qui
706 1453 876 1507 Deum
900 1452 954 1506 in
980 1452 1263 1506 cordenon
1290 1452 1447 1522 gerit,
1477 1453 1593 1507 sive
1616 1459 1761 1507 metu
1790 1462 2052 1521 tanquam

484 1542 796 1605 Dominum,
815 1543 929 1597 sive
950 1558 1136 1597 amore
1158 1550 1418 1611 tanquam
1439 1542 1659 1597 Patrem
1681 1558 1777 1613 per
1799 1544 2052 1614 gratiam,

484 1633 766 1692 credibilia
792 1649 901 1688 non
927 1640 1090 1688 erunt
1127 1633 1303 1702 ipsius
1337 1645 1536 1717 sancta
1561 1647 1857 1704 prtecepta.

553 1744 667 1801 Nec
682 1746 831 1816 justo
862 1745 1008 1800 labia
1050 1745 1350 1799 mendacia.
1381 1743 1488 1800 Nec
1530 1746 1579 1800 ei
1614 1746 1707 1815 qui
1748 1747 2050 1801 secundum

2161 582 2279 634 ἐστι
2305 579 2416 632 τῶν
2446 580 2744 651 χρημάτων
2763 617 2777 642 ,
2812 577 2960 648 αὐτῷ
2996 577 3073 647 τῷ
3101 577 3426 648 Δημιουργῷ
3454 577 3557 630 τῶν
3590 580 3705 633 ὅλων

2162 671 2255 727 καὶ
2284 673 2554 741 προνοητῇ
2586 669 2777 722 ἐαυτὸν
2814 667 3181 733 ἀνατιθέντος,
3215 668 3464 720 κακεῖθεν
3493 667 3705 739 πληρω-

2163 763 2327 832 μένου
2381 763 2480 833 τὴν
2534 762 2755 833 χρείαν’
2809 760 2897 814 διδ.
2940 754 3121 827 οὗτος,
3150 760 3244 813 καὶ
3294 760 3455 830 μηδὲν
3486 760 3709 830 ἐχων,τὰ

2161 855 2341 908 πάντα
2378 853 2620 928 κατέχει.
2858 842 2866 855 ⁸
3292 904 3302 911 .

2233 965 2344 1020 Τοῦ
2375 963 2445 1018 δὲ
2473 965 2758 1027 ἀπίστου,
2799 963 2940 1018 οὐδὲ
2983 963 3218 1029 ὀϐολός.
3261 961 3368 1016 Τοῦ
3412 962 3470 1016 δέ
3509 961 3618 1033 Θεῷ
3648 963 3712 1031 μὴ

2159 1053 2530 1121 πιστεύοντος,
2557 1053 2666 1107 οὐδ’
2690 1052 2875 1117 ὀϐολός
2906 1056 3055 1106 ἐστιν
3089 1050 3168 1116 εἷς
3192 1092 3208 1116 ,
3240 1051 3405 1123 μηδὲν
3432 1053 3616 1107 πιστὸν
3637 1069 3712 1105 κε-

2157 1144 2433 1215 κτημένου
2470 1146 2565 1199 καὶ
2599 1144 2838 1215 βέϐαιον,
2869 1143 2970 1197 κᾶν
3022 1143 3229 1215 πολλὴν
3274 1137 3430 1206 οὗτος
3476 1143 3709 1214 κέκληται

2156 1237 2481 1309 περιουσίαν
2521 1223 2839 1311 χρημάτων.

2226 1350 2292 1414 ζ’.
2338 1352 2460 1420 Οὐχ
2491 1351 2740 1420 ἁρμόσει
2766 1350 2980 1420 ἅερρονι
3022 1351 3193 1419 χείλη
3241 1347 3449 1402 πιστά.
3489 1348 3599 1401 Οὐκ
3637 1347 3712 1400 εὐ-

2155 1440 2490 1509 παράδεκτοι
2515 1440 2729 1495 ἔσονται
2750 1441 2830 1513 τῷ
2866 1442 2940 1512 μὴ
2970 1441 3322 1512 περιφέροντι
3357 1437 3490 1491 Θεὸν
3515 1439 3572 1490 ὲν
3594 1455 3713 1505 καρ-

2153 1529 2273 1600 δίᾳ,
2302 1528 2403 1582 εἴθ’
2430 1529 2505 1593 ὡς
2533 1531 2810 1600 Δεσπότην
2832 1528 3003 1602 φόϐῳ,
3033 1530 3134 1583 εἴθ’
3157 1529 3232 1592 ὡς
3263 1527 3407 1582 κατὰ
3432 1529 3592 1599 χάριν
3615 1529 3715 1582 Πα-

2152 1620 2288 1690 τέρα
2320 1614 2492 1690 πόθὲρ,
2525 1622 2579 1675 αἱ
2617 1622 2767 1690 ἆγιαι
2792 1622 2955 1676 αὑτοῦ
2989 1619 3219 1674 ἐντολαί.

2226 1729 2380 1784 Οὐδὲ
2407 1728 2613 1796 δικαίῳ
2643 1733 2818 1799 χείλη
2860 1730 3079 1799 ψευδῆ.
3121 1729 3256 1784 Οὐδὲ
3298 1728 3380 1796 τῷ
3420 1729 3540 1783 κατ’
3566 1725 3716 1788 αὐτάς

482 1839 588 1892 ista
634 1838 788 1902 vivit,
836 1837 1057 1892 fallaces
1087 1836 1289 1892 diaboli
1317 1836 1629 1893 doctrinae:
1673 1838 1858 1894 nullus
1907 1838 2053 1894 enim

2171 1821 2583 1891 πολιτευομένῳ,
2612 1823 2668 1874 αἱ
2715 1821 2806 1875 τοῦ
2835 1821 3081 1876 διαϐόλου
3111 1820 3389 1888 tit-tumhi.
3421 1821 3712 1887 ὑποθῆκαι·

483 1927 594 1983 Deo
619 1936 672 1983 et
696 1926 866 1982 Satan
905 1926 1116 1983 servire
1152 1935 1356 1995 potest.

552 2036 722 2120 Vens.
763 2037 818 2092 8.
859 2035 1061 2092 Meroe:
1095 2037 1397 2108 gratiarum
1429 2036 1719 2106 disciplina
1763 2036 2057 2092 utentibus.

484 2129 584 2185 Per
634 2130 891 2184 mandata
942 2129 1193 2185 mercede
1231 2130 1555 2184 conducunt
1579 2127 1825 2199 Spiritus
1876 2128 2061 2184 sancti

481 2221 622 2275 dona
646 2221 712 2276 ad
744 2220 1105 2277 deducentem
1127 2222 1195 2276 ab
1216 2221 1472 2291 opposito
1496 2220 1552 2276 in
1581 2221 1789 2277 bonum
1809 2231 2057 2275 nostram

480 2320 646 2372 vitam
679 2316 1081 2374 institutionem
1101 2333 1198 2376 eos
1220 2318 1310 2389 qui
1343 2317 1485 2374 hanc
1500 2317 1815 2373 admittunt.
1838 2317 2059 2388 Absque

480 2412 625 2467 cnim
651 2412 882 2482 spiritus
909 2412 1089 2478 donis,
1111 2413 1329 2476 timore,
1366 2410 1615 2481 inquam,
1647 2409 1972 2466 fortitudine
2003 2418 2060 2465 et

481 2504 729 2570 creteris,
782 2505 1019 2562 neminis
1057 2505 1168 2561 vita
1220 2503 1609 2561 mandatorum
1658 2503 1952 2575 disciplina
1996 2502 2055 2558 in

480 2596 677 2651 melius
718 2604 978 2651 mutatur.

554 2791 890 2864 Quocumque
915 2809 971 2848 se
1000 2795 1215 2848 verterit
1236 2833 1253 2858 ,
1287 2791 1644 2864 praeparabit.
1674 2790 1820 2848 Bene
1853 2807 2052 2862 proce—

479 2885 571 2939 det
599 2884 725 2939 talis
756 2885 1053 2951 institutio,
1085 2887 1170 2940 vel
1206 2887 1261 2940 in
1294 2885 1541 2940 adversis
1577 2900 1592 2938 :
1625 2884 1875 2939 insinuat
1923 2884 2051 2952 qui-

481 2976 602 3028 dem
632 2975 686 3028 in
717 2977 1027 3042 alacritate,
1063 2976 1433 3048 iucundorum
1466 2974 1900 3031 moderationem
1929 2992 1944 3042 ;
1996 2975 2050 3029 in

481 3064 776 3121 aﬂlictioue
799 3076 1001 3128 autem,
1034 3067 1391 3121 molestorum
1428 3067 1799 3123 tolerantiam.

554 3257 716 3313 Vens.
749 3257 801 3312 9.
831 3258 936 3324 Qui
966 3259 1100 3314 celat
1129 3259 1346 3339 delicta,
1370 3261 1561 3330 quaerit
1591 3261 1904 3316 amicitiam.
1941 3261 2048 3329 Qui

482 3347 734 3403 scandala
756 3348 826 3403 ab
852 3349 976 3404 aliis
1002 3349 1107 3406 sibi
1132 3348 1258 3404 data
1289 3349 1642 3419 dissimulat,
1669 3366 1794 3406 cum
1820 3351 1898 3407 eis
1916 3353 2054 3407 ami-

482 3439 664 3494 citiam
698 3448 917 3496 nectere
950 3441 1120 3512 cupit.

553 3550 658 3614 Qui
703 3558 878 3604 autem
908 3566 942 3603 a
980 3550 1198 3606 celando
1219 3551 1485 3617 abhorret,
1517 3553 1721 3607 amicos
1751 3562 1802 3607 et
1832 3554 2051 3621 propin-

480 3657 611 3710 quos
652 3640 864 3695 diuidit.
913 3640 1017 3707 Qui
1063 3652 1244 3698 autem
1298 3659 1330 3698 a
1376 3643 1584 3699 talibus
1625 3643 2046 3701 dissimulandis

483 3731 766 3799 abhorret,
815 3731 1018 3787 alienat
1063 3741 1118 3787 et
1164 3734 1455 3804 diligentes
1502 3749 1564 3789 se
1611 3743 1665 3788 et
1699 3733 1806 3789 sibi
1855 3749 2055 3806 genere

480 3823 818 3892 propinquos
852 3839 865 3875 :
907 3836 1034 3877 nam
1076 3823 1322 3879 vicissim
1360 3822 1504 3880 facta
1527 3822 1911 3893 iudicantibus
1943 3822 2053 3879 im-

484 3902 745 3984 possibile
766 3923 848 3971 est
882 3903 992 3970 non
1024 3916 1258 3971 inveniri
1289 3915 1570 3971 scandala.

549 4115 712 4173 Vnus.
741 4116 828 4172 lﬂ.
862 4117 1155 4173 Conterunt
1176 4117 1333 4172 mima
1353 4133 1446 4172 cor
1473 4118 1773 4187 prudentis.
1814 4118 2056 4175 Protcrit

478 4210 624 4264 etab
655 4208 1013 4265 inclinatione
1057 4210 1112 4264 in
1152 4210 1355 4265 malum
1404 4211 1603 4265 avertit
1629 4211 1918 4280 prudentis
1938 4211 2058 4267 ani-

479 4316 625 4357 mam
670 4301 845 4356 solum
895 4303 1059 4357 etiam
1108 4303 1337 4358 verbum
1381 4302 1830 4357 comminativum
1881 4304 2055 4360 :talis

478 4389 624 4444 enim
670 4393 756 4446 vir
802 4391 990 4463 lugere
1035 4394 1176 4448 mala
1226 4393 1508 4464 praevenit,
1555 4401 1849 4464 antequam
1890 4410 1953 4450 ea
1983 4395 2056 4451 sit

478 4487 763 4549 expertus.

552 4589 862 4660 Imprudens
892 4606 1067 4648 autem
1093 4595 1416 4664 ﬂagellatus,
1454 4611 1557 4649 non
1601 4596 1892 4651 erudietur.
1945 4598 2053 4651 lm-

479 4682 721 4750 prudens
755 4690 960 4748 autem,
1010 4670 1174 4756 etiam
1210 4698 1333 4753 post
1377 4686 1564 4756 plagas
1614 4696 1834 4757 propter
1877 4688 2053 4756 ipsius

480 4770 677 4827 delicta
720 4771 827 4827 sibi
861 4771 1120 4839 inﬂictas,
1162 4790 1334 4843 quare
1360 4776 1725 4830 tentationum
1768 4777 2046 4837 incursus.

480 4862 845 4934 permissione
886 4863 1094 4931 divina,
1133 4866 1237 4920 sibi
1265 4866 1594 4932 inferantur,
1625 4885 1731 4922 non
1766 4870 2046 4939 agnoscit;

479 4953 787 5024 exindeque
819 4954 981 5008 vitam
1015 4969 1172 5010 suam
1201 4969 1309 5009 non
1344 4953 1630 5010 reformat.

554 5161 718 5218 Vens.
778 5163 863 5217 li.
910 5161 1308 5219 Controversias
1352 5158 1576 5219 suscitat
1619 5165 1789 5219 omnis
1855 5166 2050 5219 malus.

479 5249 828 5307 Contradicit
870 5252 963 5308 Dei
1012 5255 1288 5309 mandatis
1331 5255 1516 5310 omnis
1547 5254 1765 5325 quisibi
1794 5258 2055 5326 prOponit

397 5378 408 5389 .
480 5342 706 5409 malum,
734 5359 1008 5400 excusans
1031 5349 1416 5402 excusationes
1446 5349 1500 5402 in
1538 5347 1800 5417 peccatis.

550 5473 807 5532 Dominus
824 5488 1001 5533 autem
1025 5479 1266 5550 angelum
1317 5480 1779 5534 immisericordem
1812 5481 2059 5548 immittet

478 5567 549 5620 ei.
593 5565 955 5639 Omnipotens
1019 5581 1203 5627 autem
1266 5573 1409 5628 Deus
1450 5572 1699 5628 ultricem
1756 5574 2057 5643 potentiam

482 5656 745 5715 adversus
780 5676 904 5715 eum
960 5661 1242 5726 immittet,
1294 5679 1414 5732 qum
1463 5665 1667 5732 justam
1710 5665 1884 5734 ipsius
1921 5665 2057 5718 iram

480 5753 672 5800 contra
712 5749 862 5803 illum
899 5751 948 5806 ci
1001 5753 1288 5809 dcuuntict
1347 5755 1450 5822 Qui
1492 5757 1638 5811 enim
1686 5758 1749 5811 ad
1800 5756 2058 5810 mandata

2160 1914 2338 1977 οὐδεὶς
2374 1915 2483 1983 γὰρ
2520 1913 2641 1984 Θεῷ
2679 1916 2773 1967 καὶ.
2808 1914 2986 1967 Σατᾶν
3026 1912 3300 1966 δουλεύειν
3334 1911 3581 1966 δύναται.

2229 2012 2300 2098 'q".
2336 2026 2566 2092 Μισθὸς
2591 2025 2880 2098 χαρίτων,
2895 2026 2933 2094 ἡ
2957 2025 3198 2080 παιδεία
3225 2025 3352 2090 τοῖς
3385 2023 3715 2094 χρωμένοις.

2158 2116 2494 2172 Μισθοῦνται
2519 2116 2608 2170 διὰ
2633 2117 2744 2169 τῶν
2777 2093 3027 2179 ἐντόλῶν,
3058 2116 3126 2169 τὰ
3154 2114 3249 2170 τοῦ
3273 2115 3537 2183 παναγίου
3577 2114 3718 2168 Ilvati-

2162 2224 2330 2279 ματος
2352 2208 2687 2280 χαρίσματα,
2716 2209 2797 2272 εἰς
2829 2207 2927 2277 τὴν
2952 2208 3292 2279 μετάγουσαν
3319 2207 3430 2261 ἀπὸ
3457 2206 3550 2258 τοῦ
3581 2208 3717 2258 ἐναν-

2156 2300 2274 2353 τίου
2333 2302 2415 2363 εἰς
2457 2298 2519 2353 τὸ
2568 2298 2773 2368 ἀγαθὸν
2823 2300 2916 2353 τὸν
2966 2300 3234 2371 ἡμέτερον
3268 2298 3384 2369 βίον
3433 2298 3712 2357 παίδευσιν,

2156 2394 2284 2457 τοὺς
2309 2393 2595 2463 μετιόντας
2619 2391 2790 2463 αὐτήν
2811 2408 2825 2423 ·
2857 2393 2987 2446 ἄνευ
3021 2391 3130 2462 γὰρ
3155 2390 3266 2444 τῶν
3292 2390 3388 2443 τοῦ
3421 2389 3714 2457 Πνεύματος

2155 2486 2533 2557 χαρισμάτων,
2562 2484 2656 2539 τοῦ
2705 2483 2898 2553 φόϐου,
2925 2484 3089 2554 φημὶ,
3120 2483 3215 2536 καὶ
3255 2483 3357 2553 τῆς
3406 2482 3606 2552 ἰσχύος,
3634 2481 3715 2534 καὶ

2154 2577 2264 2630 τῶν
2295 2576 2518 2641 λοιπῶν,
2554 2576 2677 2629 οὐδέ
2703 2592 2850 2637 τινος
2886 2575 2999 2645 βίος
3031 2576 3099 2644 τῇ
3126 2573 3233 2627 τῶν
3262 2572 3495 2626 ἐντολῶν
3534 2588 3711 2638 κατορ-

2155 2667 2319 2722 θώσει
2357 2667 2495 2739 πρὸς
2533 2667 2594 2719 τὸ
2632 2665 2842 2737 βέλτιον
2884 2665 3295 2735 μεταϐάλλεται.

2227 2777 2310 2838 Οὗ
2343 2781 2396 2835 δ’
2422 2781 2500 2836 ἂν
2526 2780 2881 2850 ἐπιστρέψῃ,
2925 2779 3382 2846 εὐοδωθήσεται.
3422 2777 3715 2846 Εὐθυπορή-

2156 2891 2238 2929 σει
2283 2873 2340 2927 δὲ
2389 2875 2423 2944 ἠ
2471 2872 2697 2941 τοιαύτη
2732 2872 3013 2935 παίδευσις
3040 2873 3135 2925 καὶ
3172 2873 3230 2924 ἐν
3279 2872 3393 2933 τοῖς
3426 2870 3706 2931 ἐναντίοις,

2152 2960 2458 3032 ἐμποιοῦσα
2496 2961 2592 3012 ἐπὶ
2626 2959 2725 3028 μὲν
2754 2960 2875 3021 ταῖς
2915 2959 3239 3028 εὐθυμίαις,
3273 2957 3598 3027 ἐγκράτειαν
3620 2955 3709 3009 τῶν

2149 3054 2350 3125 ἡδέων
2384 3053 2477 3105 ἐπὶ
2507 3051 2563 3104 δὲ
2594 3052 2716 3115 ταῖς
2745 3049 3097 3121 δυσθυμίαις,
3120 3050 3396 3120 ὑπομονὴν
3425 3050 3534 3103 τῶν
3554 3048 3708 3116 ἀλγει-

2086 3171 2129 3229 c
2164 3150 2288 3205 νῶν.

2226 3263 2291 3318 0'.
2338 3265 2436 3328 Ὃς
2460 3263 2737 3343 ρμρύπτει
2780 3259 3148 3327 ἀδικήματα,
3201 3256 3356 3325 ζητεῖ
3401 3256 3626 3327 φιλίαν.
3661 3253 3707 3305 Ὅ

2154 3353 2415 3425 παρορῶν
2457 3353 2525 3407 τὰ
2561 3354 2690 3424 παρ’
2710 3351 2917 3423 ἐτέρων
2957 3353 3037 3414 εἰς
3077 3350 3239 3403 αὐτὸν
3267 3350 3531 3418 γινόμενα
3566 3347 3706 3400 σκάν-

2153 3444 2307 3509 δαλα,
2337 3444 2496 3498 ποθεῖ
2520 3443 2581 3497 τὸ
2611 3442 2995 3515 συμφιλιάζειν
3022 3441 3228 3504 αὐτοῖς.

2229 3556 2333 3621 Ὃς
2361 3553 2431 3608 δὲ
2462 3552 2631 3621 μισεῖ
2649 3554 2954 3620 κρύπτειν,
2982 3552 3249 3618 διίστησι
3278 3552 3501 3619 φίλους
3528 3551 3617 3603 καί
3637 3549 3703 3601 ol-

2152 3648 2378 3712 κείους.
2412 3648 2508 3709 Ὃς
2539 3646 2585 3699 δ’
2607 3638 3013 3716 άποσῖβέφεται
3039 3644 3103 3696 τὸ
3127 3643 3574 3714 παραϐλέπεσθαι
3599 3640 3705 3693 ταῦ-

2152 3753 2244 3797 τα,
2274 3736 2552 3807 ἐχθραίνει
2602 3733 2733 3797 τούς
2777 3750 2837 3786 τε
2884 3731 3173 3802 φιλοῦντας
3200 3733 3383 3796 αὐτὸν,
3417 3735 3513 3789 καὶ
3538 3732 3705 3790 αὐτοὺς

2152 3824 2279 3892 τοὺς
2307 3827 2452 3882 κατὰ
2478 3827 2634 3896 γένος
2660 3824 3182 3899 προσῳκειωμένους
3230 3824 3413 3896 αὐτῷ·
3464 3826 3575 3887 τοῖς
3615 3821 3704 3889 γὰρ

2156 3919 2504 3988 ἀνακρίνουσι
2534 3917 2605 3971 τὰ
2637 3916 2910 3988 ἀλλήλων,
2939 3915 3201 3970 ἀδύνατον
3248 3914 3326 3987 μὴ
3375 3912 3702 3985 εὑρίσκεσθαι

2156 4011 2450 4065 σκάνδαλα.

2226 4130 2276 4177 ι’.
2320 4123 2624 4191 Συντρίϐει
2646 4120 2864 4187 ἀπειλή
2890 4116 3145 4187 καρδίαν
3166 4116 3482 4186 φρονίμου.
3523 4112 3701 4181 Συνθλᾷ

2155 4216 2251 4270 καὶ
2277 4215 2379 4284 τῆς
2412 4215 2549 4288 πρὸς
2583 4214 2645 4267 τὸ
2674 4214 2842 4266 κακὸν
2866 4211 3046 4283 ὁρμῆς
3076 4206 3393 4264 ἀναστέλλει
3420 4207 3520 4278 τὴν
3551 4204 3701 4275 ιιωχὴν

2153 4305 2246 4359 τοῦ
2278 4307 2587 4376 ἐχέφρονος,
2616 4305 2711 4359 καὶ
2754 4305 2912 4376 μόνος
2953 4300 3308 4371 ἀπειλητικδς
3356 4299 3544 4369 λόγος’
3591 4310 3699 4365 προ·

2156 4398 2347 4468 φθάνει
2373 4401 2483 4468 γὰρ
2520 4397 2549 4448 ό
2592 4396 2835 4460 τοιοῦτος
2863 4394 3003 4467 ἀνὴρ
3035 4393 3133 4464 τὴν
3171 4391 3280 4446 τῶν
3311 4391 3502 4446 κακῶν
3528 4389 3695 4459 φυγὴν.

2081 4500 2126 4554 1)
2154 4491 2260 4563 πρὸ
2290 4493 2388 4561 τῆς
2421 4490 2620 4563 πείρας
2657 4488 2861 4543 αὐτῶν.

2228 4604 2468 4671 Ἄφρων
2506 4599 2575 4653 δὲ
2614 4600 3026 4670 μαστιγωθεὶς,
3054 4601 3167 4654 οὐκ
3196 4594 3625 4652 αἱσθάνεται.’0
3649 4590 3693 4643 δὲ

2153 4693 2401 4762 ἀνόητος,
2432 4692 2526 4746 καὶ
2556 4691 2691 4760 μετὰ
2721 4690 2819 4752 τὰς
2847 4689 3289 4761 ἐπενηνεγμένας
3319 4688 3469 4757 αὐτῷ
3494 4682 3679 4754 πληγὰς

2152 4784 2264 4838 τῶν
2296 4783 2845 4854 πεπλημμελημένων
2879 4782 3028 4853 αὐτῷ
3073 4782 3279 4845 ἕνεκεν,
3323 4781 3422 4834 οὐκ
3467 4774 3689 4844 ἐπιγινώ-

2155 4892 2273 4928 σκει
2315 4875 2457 4937 τίνος
2502 4875 2662 4944 χάριν
2691 4872 2883 4925 αι’τῶν
2914 4871 3241 4944 πειρασμῶν
3270 4871 3558 4939 ἐπιφοραὶ,
3586 4880 3689 4929 aur-

2153 4966 2393 5036 χωρήσει
2439 4965 2582 5036 θείᾳ,
2612 4964 2787 5033 τούτῳ
2819 4963 3115 5032 ἐπάγονται
3139 4980 3150 4994 ·
3199 4960 3496 5016 κάντεῦθεν
3525 4959 3605 5011 τὸν
3628 4955 3687 5006 ol-

2155 5059 2299 5110 κεῖον
2328 5056 2440 5127 βίον
2474 5056 2534 5107 οὐ
2566 5054 2795 5125 διορθοῖ.

2166 5204 2173 5212 .
2227 5166 2317 5221 ια’.
2354 5164 2724 5232 ’Δντιλογίας
2774 5164 2983 5234 ἐγείρει
3028 5162 3148 5228 πᾶς
3182 5162 3386 5227 κακός.
3428 5154 3684 5219 Ἀντιλέγει

2154 5260 2272 5320 ταῖς
2291 5257 2385 5311 τοῦ
2405 5255 2540 5310 Θεοῦ
2572 5256 2835 5320 ἐντολαῖς,
2859 5258 2966 5319 πᾶς
2990 5253 3422 5325 προαιρούμενος
3439 5252 3497 5305 τὸ
3516 5247 3678 5303 κακόν

2158 5346 2624 5416 προφασιζόμενος
2655 5344 2954 5415 προφάσεις,
2983 5345 3040 5397 ἐν
3073 5343 3390 5414 ἁμαρτίαις.

2244 5482 2304 5534 '0
2350 5479 2439 5547 δὲ,
2460 5482 2670 5548 Κύριος
2719 5478 2976 5548 ἄγγελον
3020 5476 3395 5545 ἁνελεήμονα
3433 5468 3681 5538 buxea?“

2159 5571 2338 5643 αὐτῷ.
2382 5573 2438 5624 '0
2463 5571 2519 5624 δὲ
2546 5570 2638 5624 τοῦ
2661 5560 2859 5632 παντὸς
2882 5569 3154 5637 Δεσπότης
3177 5568 3328 5631 Θεὸς,
3349 5556 3678 5635 τιμωρητικὴν

2160 5664 2387 5733 δύναμιν
2448 5662 2796 5729 ἐξαποστελεῖ
2846 5661 2937 5712 ἐπ’
2981 5659 3142 5712 αὑτὸν
3174 5699 3189 5719 ,
3249 5653 3676 5725 καταγγέλλουσαν

2163 5754 2332 5819 τούτῳ
2355 5755 2452 5822 τὴν
2480 5756 2595 5807 κατ’
2631 5753 2792 5807 αὑτοῦ
2830 5745 3042 5806 δικάίαν
3071 5750 3259 5804 τούτου
3290 5750 3470 5821 ὀργήν.
3512 5744 3562 5796 ὐ
3592 5738 3675 5807 γὰρ

3794 2876 3822 3147 .l
