3900 6228
233 380 379 446 1397

1287 369 1816 432 COMMENTARU
1860 368 1947 427 ιιι
1983 326 2438 427 enovsnsm.

3364 373 3509 435 13138

230 493 483 566 ματαίως
506 487 947 563 προϐαλλόμενος
974 484 1274 557 προφάσεις
1297 524 1314 548 ,
1346 485 1426 547 εἰς
1446 483 1508 538 τὸ
1539 480 1616 553 μὴ
1646 484 1820 536 ποιεῖν

1942 476 2023 533 Dei
2049 494 2167 532 non-
2194 474 2571 547 adimplenda,
2625 474 2833 531 frustra
2856 478 3250 535 excusationes
3276 480 3497 552 allegat,

228 584 303 637 τὰ
334 579 641 635 Δεσποτικὰ
690 575 1117 647 προστάγματα,
1155 573 1515 646 παροργίζων
1543 572 1710 636 Θεὸν,
1738 570 1818 625 δι·-

229 673 403 737 καίως
433 670 542 726 τῶν
567 671 698 742 παρ’
724 666 890 740 αὑτοῦ
926 667 1183 739 πειρᾶται
1212 665 1459 738 πληγῶν.

306 764 394 836 ιβ’.
439 761 810 835 Ἐμπεσεῖται
822 759 1079 832 μέριμνα
1098 759 1272 829 ἀνδρὶ
1292 758 1564 829 νοήμονι.
1583 753 1816 827 Ἐπέλθῃ

231 855 437 929 μελέτη
484 853 741 926 διηνεκὴς
787 852 1009 907 πάντων
1035 851 1142 906 τῶν
1173 850 1383 927 ἐκεῖθεν
1423 846 1812 918 δικαστηρίων,

229 948 509 1022 ἀνθρώπῳ
533 947 792 1017 νουνεχεῖ,
825 945 1056 1012 καὶτοῖς
1075 942 1433 1017 προσκαίροις
1460 940 1551 995 τὸν
1580 938 1707 994 νοῦν
1740 939 1818 1010 μὴ

226 1034 785 1113 εαίχμαλωτιζομένῳ.

313 1129 379 1182 Oi
408 1126 476 1180 δὲ
507 1125 768 1195 ἄφρονες
791 1121 1240 1194 διαλογιοῦιςται
1294 1115 1472 1172 κακά.
1530 1116 1594 1170 Οί
1639 1113 1698 1169 δὲ
1741 1114 1817 1185 μὴ

232 1218 626 1292 περιφέροντες
676 1215 809 1269 Θεὸν
843 1215 901 1267 ἐν
932 1213 1133 1284 καρδίᾳ
1154 1248 1176 1282 ,
1204 1207 1590 1279 διαλογισμοὺς
1635 1206 1819 1272 ἕξουσι

233 1311 529 1383 πονηροὺς,
555 1309 631 1372 ὡς
667 1307 849 1378 μόνοις
880 1304 1269 1376 προσκείμενοι
1297 1303 1412 1366 τοῖς
1442 1300 1725 1372 φθαρτοῖς.

307 1405 394 1470 ιγ’.
425 1400 530 1465 Ὃς
557 1394 859 1452 ἀποδώσει
894 1392 1051 1448 κακὰ
1077 1393 1212 1449 ἀντὶ
1242 1391 1501 1462 ἀγαθῶν,
1539 1392 1613 1455 οὐ
1647 1405 1818 1456 κινη-

233 1492 482 1562 θήσεται
507 1488 665 1542 κακὰ
686 1488 756 1542 ἐκ
781 1485 889 1540 τοῦ
914 1486 1087 1541 οῖκυυ
1107 1484 1318 1539 αὐτοῦ.
1361 1482 1819 1554 Νεκρωθήσονται

235 1584 331 1638 καὶ
355 1579 759 1637 ἁτίοὸαλοῧνται
785 1578 884 1649 τὴν
913 1577 1148 1647 κίνησιν,
1184 1574 1255 1628 τὰ
1280 1573 1432 1645 πάθη
1468 1573 1569 1644 τῆς
1617 1571 1816 1643 σαρκὸς

234 1675 332 1728 τοῦ
380 1673 587 1746 ταύτην
637 1670 1053 1736 ὑπωπιάζοντος
1099 1669 1195 1723 καὶ
1245 1666 1553 1733 θλίϐοντος,
1602 1665 1720 1721 ἀνθ’
1744 1657 1820 1718 ὧν

1923 570 2151 626 irritans
2182 569 2358 625 Deum
2389 568 2459 624 ab
2491 568 2613 641 ipso
2634 567 2785 639 juste
2818 566 2990 643 plagis
3021 579 3265 628 tentatur

1988 753 2154 808 VERS.
2177 752 2259 807 l2.
2298 750 2419 806 Viro
2447 752 2692 821 prudenti
2714 740 3203 811 incumbentcuraz.
3230 753 3503 810 Continua

1919 853 2246 899 cunctorum
2302 843 2638 912 judiciorum
2679 846 2916 915 desuper
2967 861 3101 902 cura
3137 849 3354 904 devenit
3383 849 3522 905 viro~

1923 935 2183 1006 prudenti
2210 936 2303 1006 qui
2337 942 2495 991 suain
2533 947 2774 991 mentem
2806 936 2972 992 rebus
3000 938 3371 1009 praesentibus
3387 954 3502 994 ser-

1920 1027 2105 1082 viliter
2139 1028 2380 1083 additam
2404 1044 2514 1083 non
2547 1036 2721 1084 tenet.
3037 1103 3043 1108 _

1992 1122 2315 1192 Insipientes
2345 1132 2522 1179 autem
2569 1124 2709 1178 male
2748 1106 3150 1196 colloquuntur.
3186 1125 3290 1192 Qui
3319 1106 3508 1182 autem

1920 1215 1977 1269 in
2009 1215 2176 1271 corde
2202 1231 2315 1271 non
2343 1216 2526 1272 ferunt
2555 1217 2723 1272 Deum
2754 1218 3031 1289 colloquia
3067 1203 3348 1275 liabebunt
3378 1235 3525 1290 perm

1851 1367 1857 1373 _
1919 1321 2105 1371 versa,
2132 1317 2396 1377 tanquam
2438 1308 2547 1363 soli
2589 1309 2952 1379 subiacentes
2976 1313 3324 1382 corruptelae.

1990 1396 2160 1455 Vrsas.
2214 1399 2302 1455 15.
2348 1398 2453 1465 Qui
2502 1415 2599 1467 pro
2639 1401 2789 1456 bonis
2840 1403 2984 1456 mala
3034 1402 3237 1470 reddet,
3262 1404 3408 1459 illius
3438 1420 3528 1458 θέει

1920 1490 2079 1544 domo
2119 1491 2266 1545 mala
2294 1508 2398 1545 non
2425 1491 2668 1547 exibunt.
2701 1492 3181 1549 Mortiﬁcabuntur
3201 1495 3506 1551 destituen-

1923 1592 2123 1651 tut-que
2157 1588 2308 1636 motu
2340 1581 2529 1637 carnis
2554 1582 2843 1650 passiones
2879 1582 2936 1636 in
2968 1598 3034 1638 eo
3065 1584 3159 1654 qui
3195 1584 3334 1640 banc
3368 1585 3505 1640 silli—

1923 1674 2009 1745 git
2053 1689 2119 1730 ac
2161 1674 2374 1730 cruciat
2419 1690 2522 1744 pro
2553 1675 2872 1733 carnalibus
2910 1676 2982 1732 ab
3012 1677 3135 1734 istis
3166 1678 3268 1733 sibi
3300 1693 3526 1749 suppa».

232 1767 408 1822 ταῦτα
461 1765 742 1838 ἐπεγείρει
792 1763 944 1835 αὑτῷ
994 1761 1273 1834 σαρκικῶν
1318 1757 1663 1831 ἡδυπαθειῶν
1692 1774 1704 1789 ο
1763 1756 1820 1810 αἶ

1942 1762 2114 1818 litatis
2145 1763 2548 1834 voluptatibus,
2574 1779 2695 1835 quae
2721 1779 2751 1818 a
2781 1765 2976 1821 multis
3003 1775 3276 1822 vocantur
3305 1768 3462 1823 bona:
3487 1787 3527 1826 :-

232 1862 344 1925 τοῖς
378 1825 595 1922 πολλοῖς
616 1825 929 1928 νομίζονται
959 1825 1183 1923 ἀγαθαί.
1200 1853 1264 1908 Ἦ
1288 1825 1397 1922 γάρ
1424 1848 1564 1922 σὰρξ
1589 1849 1817 1921 οίκητή-

1942 1869 2065 1909 :aro
2097 1855 2243 1910 enim
2271 1854 2779 1938 habitaculum_est
2818 1857 3035 1921 animae,
3061 1874 3158 1928 per
3191 1874 3381 1929 quam,
3418 1870 3520 1914 ut-

235 1952 351 2024 ριὸν
374 1952 493 2005 ἐστι
522 1951 622 2020 τῆς
650 1948 860 2021 ψυχῆς·
895 1947 963 2000 δι’
997 1946 1064 2019 ἢν
1111 1945 1186 2009 ὡς
1226 1944 1454 2015 λογικήν
1487 1958 1548 1995 τε
1583 1942 1679 1997 καὶ
1708 1958 1819 1995 νοε-

238 2042 357 2113 ραν,
385 2040 676 2112 ἄνθρωπος
702 2039 797 2093 καὶ
822 2036 938 2092 ἔστι
968 2037 1063 2091 καὶ
1090 2036 1308 2104 λέγεται
1334 2033 1494 2106 ήμῶν
1527 2033 1780 2095 ἕκαστος.

307 2134 388 2187 ιδ’.
425 2131 747 2197 Ἰςεουσίαν
787 2129 998 2183 δίδωσι
1044 2129 1273 2198 λόγοις,
1308 2124 1466 2195 ἀρχὴ
1505 2123 1817 2179 δικαιοσύ-

231 2238 379 2292 νης·
414 2222 757 2293 προηγεῖται
791 2220 861 2276 δὲ
893 2220 1004 2289 τῆς
1035 2219 1296 2286 ἐνδείας,
1319 2217 1540 2284 στάσις
1570 2215 1674 2271 καὶ
1703 2214 1815 2285 μά-

232 2338 333 2391 κη.
374 2317 716 2388 Ἐλευθερίαν
746 2317 979 2386 παρέχει
1007 2316 1124 2377 τοῖς
1152 2313 1352 2382 λόγοις,
1392 2312 1472 2375 είς
1514 2311 1575 2363 τὸ
1618 2310 1816 2380 ἀπερι-

234 2413 527 2476 ultimm;
553 2410 916 2482 ἀπαγγέλλειν
942 2409 1004 2462 τὸ
1025 2406 1246 2481 ἀληθὲς,
1262 2406 1324 2460 τὸ
1348 2407 1414 2459 ὲκ
1437 2406 1536 2476 τῆς
1559 2402 1816 2475 ἐναρέτου

234 2505 508 2568 πολιτείας
531 2504 675 2559 κατὰ
702 2504 811 2558 τῶν
840 2501 1030 2559 παθῶν
1058 2500 1262 2573 κράτος
1281 2515 1295 2529 ·
1333 2499 1526 2553 ἕπεται
1547 2496 1604 2550 δὲ
1626 2497 1690 2566 τῇ
1715 2494 1815 2565 τῆς

237 2601 440 2673 σαρκὸς
466 2602 603 2670 πρὸς
626 2598 686 2651 τὸ
717 2596 956 2667 πνεῦμα,
982 2596 1077 2649 καὶ
1104 2592 1199 2647 τοῦ
1225 2592 1344 2664 βίου
1373 2591 1510 2662 πρὸς
1539 2590 1631 2644 τὸν
1656 2589 1815 2656 λόγον

235 2691 717 2753 ἀντικαταστάσει,
749 2690 783 2760 ἡ
815 2686 967 2758 παρὰ
999 2685 1164 2757 μέρος
1197 2684 1297 2754 τῆς
1338 2681 1597 2753 ἀληθείας
1644 2678 1815 2734 ἔλλει-

232 2789 359 2856 ψις·
389 2787 518 2839 ὅταν
549 2783 657 2854 γὰρ
713 2782 789 2852 μὴ
833 2778 910 2851 τῷ
961 2779 1106 2849 λόγῳ
1164 2779 1192 2831 ὁ
1249 2776 1372 2848 βίος
1409 2775 1811 2847 συμμαρτυρῇ,

236 2880 455 2949 ἀνάγκη
487 2874 751 2947 χωλεύειν
781 2870 1017 2926 ἐνταῦθα
1048 2871 1149 2942 τὴν
1177 2869 1456 2940 ἀλήθειαν.

307 2968 390 3024 ιε’.
423 2970 529 3035 ’ος
570 2966 806 3021 δίκαιον
852 2965 1041 3032 κρίνει
1084 2962 1192 3017 τὸν
1231 2961 1462 3028 ἄδικον,
1495 2961 1708 3015 ἄδικον
1747 2960 1816 3014 δὲ

234 3060 345 3113 τὸν
368 3058 623 3122 δίκαιον,
644 3055 979 3125 ἀκάθαρτος
1002 3054 1099 3109 καί
1127 3052 1472 3120 ,βδελυκτὸς
1491 3053 1649 3122 παρὰ
1670 3051 1812 3119 Θεῷ.

1925 1954 2049 2016 pote
2074 1947 2398 2004 rationalem
2428 1956 2480 2003 et
2510 1948 2927 2020 intelligentem,
2952 1951 3334 2022 unusquisque
3399 1969 3502 2008 no-

1924 2050 2101 2096 strum
2137 2054 2191 2099 et
2227 2053 2312 2099 est
2340 2032 2396 2099 et
2424 2043 2629 2099 dicitur
2648 2042 2835 2098 homo.

2001 2135 2170 2191 Vsus.
2208 2133 2295 2189 14.
2333 2133 2658 2188 Potestatem
2685 2142 2906 2203 praestat
2957 2134 3287 2189 sermonibus
3322 2144 3521 2188 aucta--

1923 2233 2057 2286 ritas
2082 2229 2293 2285 uirtutis
2316 2242 2337 2291 ,°
2357 2227 2608 2295 praecedit
2638 2235 2815 2281 autent
2832 2226 3092 2296 defectum
3114 2227 3299 2281 seditio
3331 2236 3380 2283 et
3408 2244 3511 2296 pn-

1933 2340 2058 2395 gna.
2088 2320 2420 2376 Libertatem
2459 2318 2664 2386 praebet
2693 2318 3071 2384 sermonibus,
3108 2318 3177 2373 ad
3202 2327 3389 2390 aperte
3414 2336 3522 2374 τοι

1928 2431 2051 2470 rum
2091 2410 2557 2475 annuntiandum,
2588 2426 2713 2481 qua:
2744 2427 2810 2465 ex
2837 2411 2962 2465 vitae
2985 2411 3283 2467 virtutibus
3313 2422 3529 2467 contra»

1925 2507 2213 2579 passiones
2258 2504 2437 2559 oritur
2476 2510 2743 2573 potestas.
2782 2501 3049 2573 Sequitur
3092 2510 3278 2557 autem
3316 2505 3513 2560 carnis

1925 2599 2193 2669 adversus
2212 2595 2471 2666 spiritum
2500 2602 2556 2648 et
2583 2594 2710 2649 vitae.
2745 2602 2942 2650 contra
2974 2594 3242 2650 rationem
3274 2596 3511 2658 luctum,

1928 2706 1956 2743 a
1987 2688 2235 2746 veritatis
2263 2694 2421 2755 parte
2441 2683 2683 2740 defectio
2719 2702 2731 2739 :
2769 2700 2895 2738 eum
2930 2687 3077 2739 enim
3107 2686 3305 2740 rationi
3347 2687 3504 2740 testi-

1924 2781 2170 2835 monium
2210 2779 2318 2833 vita
2369 2792 2479 2832 non
2517 2776 2717 2841 reddit,
2741 2775 2941 2833 exinde
2973 2777 3259 2833 veritatem
3291 2778 3503 2833 claudi-

1921 2888 2050 2930 care
2096 2888 2327 2929 necesse
2365 2880 2473 2926 est.

1996 2966 2161 3023 Vens.
2194 2966 2280 3020 i5.
2314 2964 2419 3031 Qui
2450 2964 2710 3034 injustam
2728 2962 2940 3032 judicat
2960 2964 3530 3034 iustumJuslumqne'

1922 3047 2479 3131 injustum,séelestm
2526 3066 2576 3111 et
2607 3055 2985 3111 abaminabilis
3025 3067 3148 3111 ante
3184 3056 3370 3112 Deum.
3399 3059 3502 3124 Qui
3590 3064 3603 3075 '

241 3152 338 3214 Ὃς
368 3149 579 3220 νομίζει
602 3148 693 3202 τὸν
723 3150 819 3219 μὲν
852 3146 1263 3220 παραϐαίνοντα
1285 3146 1383 3210 τὰς
1416 3145 1566 3209 θείας
1596 3144 1815 3210 ἐντολὰς

1942 3153 2111 3206 livina
2155 3149 2416 3205 mandata
2462 3148 2958 3219 transgredientem
2993 3157 3155 3204 vocat
3193 3149 3398 3203 bunum
3435 3152 3515 3203 ad.

238 3239 467 3306 ἀγαθὸν,
495 3239 571 3302 ὡς
599 3240 880 3310 ἀπατῆσαι
931 3239 1026 3307 καὶ
1084 3237 1285 3309 βλάψαι
1321 3238 1575 3309 ἰσχυρόνο
1627 3236 1719 3290 τὸν
1763 3237 1820 3291 δὲ

1942 3239 2307 3312 lecipiendam
2384 3237 2908 3308 impediendamque
2983 3247 3357 3306 potestatem;
3411 3238 3506 3292 illa

237 3329 442 3393 ταύτας
469 3329 740 3401 τηροῦντα
760 3370 776 3395 ,
824 3331 995 3384 κακὸν
1023 3330 1098 3394 ὼς
1132 3331 1472 3398 ἀνεξικάκως
1509 3331 1580 3384 τὰ
1609 3329 1828 3402 λυπηρά

242 3424 502 3494 φέροντα,
537 3421 634 3475 καὶ
662 3420 740 3492 τῷ
770 3421 1030 3489 ἐπάγοντι
1078 3422 1226 3493 αὑτῷ
1255 3422 1431 3477 ταῦτα
1480 3423 1557 3494 μὴ
1610 3421 1828 3476 ἀντιπί-

243 3532 468 3579 πτοντα⁹
503 3513 759 3586 ὲμπαθής
804 3516 953 3568 ἐστιν
1002 3516 1031 3567 6
1080 3512 1347 3577 τοιοῦτος’
1388 3515 1482 3568 καὶ
1529 3515 1618 3568 διὰ
1670 3514 1829 3568 τοῦτο

246 3608 396 3680 παρὰ
414 3607 534 3678 Θεῷ
551 3607 629 3679 τῷ
648 3605 869 3673 ἀπαθεῖ,
894 3606 1145 3678 μισητὸς.
1169 3626 1185 3658 ι
1208 3606 1347 3660 Οὐαὶ
1359 3607 1467 3678 γὰρ
1482 3609 1593 3671 τοῖς
1605 3607 1829 3675 λέγουσι

244 3701 306 3756 τὸ
337 3700 575 3772 πονηρὸν
601 3698 783 3767 καλὸν,
809 3698 904 3754 καὶ
933 3699 995 3752 τὸ
1023 3699 1186 3753 καλὸν
1217 3699 1475 3770 πονηρόν.
1510 3718 1528 3750 ι

317 3804 414 3883 ις’.
450 3815 574 3870 Ἵνα
594 3814 651 3869 τί
668 3814 904 3883 ὑπῆρξε
919 3812 1197 3884 χρήματα
1217 3811 1433 3882 ἄφρονι
1449 3829 1470 3880 ;
1489 3810 1829 3880 κτήσασθαι

247 3908 356 3979 γὰρ
383 3907 609 3974 σοφίαν
649 3903 933 3975 ἀκάρδιος
980 3905 1053 3958 οὐ
1099 3899 1448 3973 δῦνήσεται.
1489 3902 1588 3967 Τίς
1616 3904 1650 3974 ἡ
1682 3902 1829 3955 atria

245 3997 340 4052 τοῦ
370 3994 675 4067 κτήσασθαι
706 3994 958 4059 πλοῦτον,
1012 3994 1104 4047 τὸν
1143 3993 1218 4065 μὴ
1256 3995 1315 4046 ὲν
1348 3993 1542 4065 καρδίᾳ
1571 3994 1709 4047 Θεὸν
1735 4009 1830 4046 πε·

249 4080 573 4161 ριερέροντα;
621 4086 839 4158 Ἐπειδὴ
863 4087 937 4158 μὴ
959 4083 1068 4140 οἶδε
1100 4086 1285 4148 καλῶς
1320 4085 1469 4157 αὐτῷ
1499 4085 1826 4158 χρήσασθαι.

258 4180 317 4234 '0
338 4181 449 4253 γὰρ
483 4178 720 4233 ἐνταῦθα
746 4179 821 4250 μὴ
838 4179 1154 4253 περιφέρων
1184 4179 1348 4232 αὑτὸν
1367 4218 1382 4245 ,
1414 4178 1530 4248 φῶς
1558 4178 1831 4232 ὄντανοε-

251 4271 362 4341 ρὸν,
397 4273 544 4342 σχεῖν
590 4270 863 4341 διάκρισιν
911 4271 1012 4343 τὴν
1058 4270 1376 4342 διαιροῦσαν
1422 4270 1484 4324 τὸ
1528 4272 1708 4342 χεῖρον
1734 4269 1841 4323 τοῦ·

251 4365 557 4435 κρείττονος
591 4365 693 4417 οὐκ
725 4363 954 4434 ἰσχύσει.

326 4480 430 4544 Ὃς
463 4476 709 4546 ὑψηλὸν
731 4476 889 4532 ποιεῖ
917 4478 1025 4532 τὸν
1049 4477 1268 4533 ἑαυτοῦ
1298 4473 1488 4543 οἷκον,
1507 4475 1667 4546 ζητεῖ
1683 4492 1831 4533 συν-

251 4567 486 4636 τριϐήν
519 4571 553 4622 ό
592 4566 661 4620 δὲ
692 4565 1026 4629 σκολιάζων
1070 4567 1177 4623 τοῦ
1204 4567 1440 4637 μαθεῖν,
1486 4567 1830 4639 ἐμπεσεῖται

250 4663 338 4726 εὶς
373 4658 549 4715 κακά.
586 4662 681 4724 Ὃς
713 4660 841 4731 ὑψοῖ
866 4660 927 4713 τὸ
961 4659 1090 4713 ἴδιον
1137 4660 1359 4730 σκῆνος,
1391 4660 1470 4724 είς
1499 4659 1560 4714 τὸ
1593 4660 1693 4730 τῆς
1727 4659 1831 4731 ψο-

252 4754 352 4823 χῆς
383 4748 840 4821 κατεπαίρεσθαι,
868 4749 1026 4803 ποθεῖ
1051 4749 1150 4821 τὴν
1177 4750 1313 4804 ἰδίαν
1346 4748 1652 4804 ἀπώλειαν·
1687 4751 1783 4804 καὶ
1804 4754 1833 4806 ὁ

254 4839 502 4895 ἐντεῦθεν
524 4838 612 4894 διὰ
635 4840 734 4911 τὴν
755 4840 860 4911 τῆς
885 4842 1206 4913 σωματικῆς
1229 4841 1833 4914 ἀλογίαςίὲπικράτειαν

252 4929 673 5002 ἐμποδιζόμενος
701 4931 907 4998 γνῶναι
939 4934 1001 4985 τὸ
1035 4932 1204 4997 ὅντως
1232 4932 1419 5000 καλὸν,
1451 4937 1832 5007 περιπεσεῖται

251 5025 361 5087 τοῖς
391 5022 738 5093 φθοροποιοτς
771 5022 1023 5077 πάθεσιν.

323 5135 409 5201 ιζ’.
450 5138 556 5203 Εἰς
577 5137 776 5192 πάντα
804 5137 1014 5207 καιρὸν
1031 5138 1211 5208 φίλος
1235 5139 1550 5209 ὑπαρχέτω
1572 5102 1693 5209 σοι.
1714 5140 1833 5211 Θεῷ

253 5229 553 5299 προσφιλὴς
582 5228 724 5285 εἶναι
747 5231 1015 5297 σπούδαζε
1036 5273 1050 5298 ,
1073 5230 1131 5295 ὃς
1154 5231 1331 5286 πάντα
1350 5232 1443 5286 τὸν
1463 5234 1655 5304 χρόνον
1679 5233 1831 5289 ἔσται

256 5337 335 5372 σοι
374 5320 610 5390 ἀρωγός.

337 5432 608 5503 Ἀδελφοί
636 5434 708 5487 ἐν
730 5435 1022 5505 ἀνάγκαις
1050 5438 1333 5507 χρήσιμοι
1357 5439 1637 5494 ἔστωσαν
1656 5459 1668 5471 ·
1694 5441 1830 5495 τού-

258 5543 362 5579 του
394 5524 506 5594 γὰρ
534 5525 712 5593 χάριν
740 5527 1085 5595 γεννῶνται.
1126 5532 1188 5583 ΟΞ
1221 5530 1277 5583 δὲ
1314 5530 1400 5584 διὰ
1438 5532 1532 5601 τὴν
1564 5534 1831 5606 ὀμοφυῖαν

259 5621 349 5675 καὶ
374 5620 431 5672 τὸ
453 5619 510 5671 ἓν
539 5621 619 5683 είς
646 5619 736 5674 τὸν
758 5621 892 5675 Θεὸν
923 5622 1086 5687 σέϐας
1108 5623 1347 5694 ἀδελφοὶ,
1378 5625 1603 5696 θάτερος
1622 5626 1832 5699 θατέρῳ

262 5711 520 5782 βοηθείτω
553 5713 609 5765 ὲν
646 5714 1030 5782 περιστάσεσι·
1063 5716 1252 5769 τούτου
1300 5716 1407 5788 γάρ
1456 5718 1643 5771 ἕνεκεν
1692 5719 1831 5771 κατά

258 5822 312 5858 τε
340 5805 434 5877 τὴν
462 5805 622 5877 φύσιν
649 5807 741 5862 καὶ
771 5808 869 5879 τὴν
902 5807 1061 5880 χάριν
1088 5808 1146 5862 τὸ
1175 5809 1433 5880 συγγενὲς
1469 5808 1680 5882 ἔχωσιν
1708 5825 1719 5839 ⁸
1752 5812 1830 5865 ἵν’

1927 3346 2058 3386 vero
2091 3329 2518 3390 custodientem,
2569 3327 2774 3381 malum
2806 3367 2820 3392 ,
2870 3334 3057 3397 utpote
3100 3328 3369 3397 patienter
3392 3343 3506 3381 mo—

1927 3426 2065 3479 lesta
2115 3422 2407 3484 ferentem,
2458 3418 2625 3474 etilli
2669 3419 2763 3488 qui
2796 3418 3047 3488 congerit
3092 3419 3197 3472 ista
3240 3419 3344 3471 sibi
3397 3434 3506 3471 non

1929 3515 2303 3577 resistentem,
2340 3510 2467 3567 talis
2519 3509 2748 3564 libidine
2778 3524 2957 3563 czeens
2990 3518 3096 3573 est,
3126 3518 3179 3563 et
3209 3508 3332 3562 ideo
3365 3512 3506 3577 apud

1930 3604 2099 3659 Deum
2122 3587 2216 3674 qui
2242 3601 2499 3673 passione
2518 3615 2625 3654 non
2650 3606 2900 3654 movetur
2933 3598 3175 3653 odiosus.
3203 3618 3220 3650 ι
3247 3598 3332 3651 νςι·
3361 3602 3508 3655 θιιτιιι

1929 3695 2181 3764 iniquum
2217 3694 2533 3749 dicentibus
2564 3691 2791 3755 bonum,
2827 3698 2881 3745 et
2904 3689 3105 3745 bonum
3136 3692 3358 3744 malum.
3397 3712 3413 3741 ι

2004 3803 2170 3859 Vens.
2196 3804 2283 3859 16.
2321 3803 2388 3858 Ut
2413 3804 2540 3873 quid
2572 3801 2889 3856 obvenerunt
2915 3803 3238 3871 imprudenti
3266 3805 3464 3859 divitia‘
3489 3807 3515 3858 ξ’

1929 3898 2123 3951 Ament
2147 3898 2287 3951 enim
2325 3896 2646 3964 sapientiam
2668 3909 2979 3961 comparare
3014 3911 3115 3948 non
3136 3900 3347 3963 poterit.
3381 3896 3532 3962 Qum.

1931 4004 2099 4046 causa
2153 3988 2374 4043 divitias
2414 3984 2736 4057 possidendi
2788 3984 2836 4039 ei
2892 3986 2987 4056 qui
3040 3988 3205 4040 Deum
3244 3989 3297 4041 in
3349 3988 3518 4041 emde

1932 4098 2039 4136 non
2065 4080 2280 4151 gestat?
2318 4078 2605 4149 Siquidem
2631 4080 2867 4135 cisbene
2909 4081 2984 4133 uti
3011 4079 3205 4133 nescit.
3239 4078 3341 4147 Qui
3366 4079 3533 4132 enim.

1932 4173 2134 4228 ibidem
2160 4188 2269 4228 non
2293 4181 2469 4242 gestat
2504 4172 2679 4238 illum,
2721 4171 2814 4241 qui
2851 4171 3034 4225 lumen
3060 4179 3147 4226 est
3179 4170 3526 4240 prudentiae,

1927 4264 2195 4333 judicium
2241 4264 2383 4336 quod
2420 4263 2638 4336 pejus'a
2671 4263 2899 4318 meliore
2954 4262 3233 4318 discernit.
3260 4262 3508 4316 obtinere

1932 4373 2043 4413 non
2080 4358 2305 4429 poterit.

2009 4474 2118 4542 Qui
2148 4472 2315 4527 altam
2347 4472 2476 4540 facit
2509 4472 2723 4525 domum
2744 4486 2893 4524 suam
2907 4468 3095 4540 quarrit
3121 4469 3513 4531 contritionem;

1938 4576 1988 4623 et
2022 4567 2112 4635 qui
2135 4565 2203 4618 ad
2229 4562 2566 4631 disciplinam
2597 4576 2698 4615 non
2721 4569 2859 4614 recte
2890 4559 3055 4613 tendit
3087 4561 3141 4613 in
3171 4559 3312 4612 mala
3338 4559 3523 4616 cadet..

1934 4658 2039 4726 Qui
2070 4671 2233 4713 suum
2283 4653 2491 4709 exaltat
2529 4653 2971 4720 tabernaculum,
3010 4661 3070 4707 ut
3105 4655 3350 4724 insurgat
3392 4654 3515 4707 ani-

1935 4764 2049 4823 ma,
2083 4761 2241 4804 suam
2270 4743 2569 4801 ﬁesiderat
2604 4744 2858 4812 ruinam;
2898 4755 2958 4800 et
2998 4745 3094 4817 qui
3130 4746 3352 4809 exinde,
3385 4761 3512 4797 car-

1934 4826 2314 4895 naliamentia
2338 4837 2689 4908 praevalente,
2722 4849 2752 4891 a
2786 4836 3174 4907 cognoscendo
3202 4851 3329 4891 vere
3368 4836 3534 4891 bono-

1935 4933 2254 5004 impeditur,
2279 4930 2335 4986 in
2374 4920 2636 4987 exitios'as
2668 4932 2972 5002 passiones
3002 4929 3228 4984 incidet.

2007 5142 2170 5197 Vsus.
2223 5140 2308 5195 i7.
2358 5138 2423 5193 In
2472 5153 2624 5193 omne
2674 5146 2873 5207 tempus
2914 5135 3120 5188 amicus
3155 5134 3221 5188 sit
3250 5134 3361 5187 tibi.
3404 5134 3531 5191 Deo»

1934 5234 2166 5290 dilectus
2202 5249 2327 5290 esse
2368 5233 2560 5295 stude,
2625 5229 2716 5298 qui
2768 5227 2917 5302 omni
2962 5236 3208 5296 tempore
3254 5227 3520 5285 Cl‘it'libl

1935 5327 2246 5381 auxiliator.

2011 5439 2232 5496 Fratres
2256 5443 2311 5494 in
2350 5432 2753 5493 necessitatibus
2794 5434 2955 5488 utiles
2982 5435 3087 5488 sint
3116 5450 3133 5487 :
3160 5435 3233 5487 ad
3253 5433 3349 5487 hoc
3372 5434 3508 5487 enim
3598 5494 3607 5501 Ι

1935 5534 2050 5586 nati
2073 5542 2215 5587 sunt.
2238 5531 2341 5597 Qui
2369 5527 2853 5598 consanguinitate
2875 5525 3178 5595 eademque
3196 5542 3322 5595 erga
3342 5525 3510 5579 Uetnn

1936 5610 2372 5694 religione'suut
2423 5620 2623 5677 fratres
2672 5620 2727 5675 in
2786 5618 3215 5675 necessitatibus
3248 5617 3510 5671 auxilium

1937 5734 2083 5772 unus
2119 5715 2275 5773 alteri
2320 5722 2583 5785 prmstent
2612 5733 2623 5768 :
2657 5714 2724 5769 ad
2762 5715 2864 5770 hoc
2894 5713 3040 5769 enim
3079 5721 3276 5767 natura
3306 5712 3513 5782 gratia-

1935 5826 2041 5881 que
2084 5805 2477 5880 consanguinei
2521 5816 2674 5878 sunt,
2724 5816 2801 5875 ut,
2866 5807 3009 5864 sicut
3057 5810 3218 5862 unius
3266 5803 3559 5866 membra,
