3900 6228
241 382 378 447 1401

1340 376 1883 440 COMMENTARII
1925 376 2006 437 IN
2047 376 2507 439 PROVERBIA.

3373 378 3515 442 HO?

236 498 646 572 προσκειμένου
676 496 796 559 νοὸς
831 494 1211 566 προσκαίροις,
1257 492 1353 571 καὶ
1398 494 1493 546 ἐπὶ
1519 494 1586 564 τῇ
1616 492 1812 545 τούτων

1928 490 2296 561 praesentibus
2358 490 2701 561 subjacentis
2742 497 2797 546 et
2840 491 2909 547 de
2948 488 3141 548 eorum
3206 494 3512 551 amissione

234 590 546 660 ἀνιωμένου
570 588 765 660 φθορᾷ,
789 588 859 641 τὰ
887 588 1253 656 διανοήματα,
1281 585 1318 640 ἃ
1339 585 1497 656 δίκην
1524 584 1702 638 ὀστῶν
1723 584 1825 637 αὑ-

234 684 331 735 τὸν
357 682 725 753 ὑπερείδουσι,
759 680 859 750 τῆς
884 677 1155 747 ζωογόνου
1183 677 1565 749 πνευματικῆς
1615 675 1822 738 νοτίδος

236 778 261 828 ἐ
272 774 586 845 στέρηνται.

310 885 416 954 κγ’.
450 883 782 953 Λαμϐάνων
813 880 972 953 δῶρα
997 884 1067 936 ἐν
1092 885 1299 949 κόλπῳ
1313 882 1551 949 ἀδίκως,
1574 883 1647 936 οὐ
1678 897 1822 936 κοτ-

233 977 556 1032 ευοδοῦται
583 978 651 1031 ἐγ
703 975 867 1043 ὁδοῖς
889 991 903 1006 ·
937 976 1199 1031 ἐκκλίνει
1236 976 1347 1046 γὰρ
1378 974 1562 1041 ὀδοὺς
1602 972 1822 1028 δικαιο-

234 1073 455 1139 σύνης.
496 1071 556 1125 '0
603 1069 1054 1142 παραλαμϐάνων
1120 1069 1259 1140 μετὰ
1319 1066 1707 1139 περιχαρείας,
1742 1064 1822 1130 ὡς

229 1179 357 1215 τινα
386 1161 555 1232 δῶρα,
596 1160 656 1214 ἐν
693 1160 774 1231 τῷ
803 1159 947 1213 κατὰ
979 1158 1218 1213 διάνοιαν
1247 1156 1463 1229 ταμείῳ
1508 1158 1609 1229 τῆς
1640 1156 1820 1229 ψυχῆς

231 1254 569 1325 ἀδιακρίτως
604 1253 706 1317 τὰς
740 1253 851 1306 τῶν
887 1254 1161 1324 δαιμόνων
1196 1251 1486 1322 ἀπατηλὰς
1512 1251 1816 1321 ὑποθήκας,

232 1346 334 1417 οὐχ
361 1346 609 1417 εὑρίσκει
641 1348 699 1399 ἐν
730 1348 850 1409 ταῖς
889 1345 1059 1399 αὑτοῦ
1105 1344 1341 1415 πράξεσι
1374 1344 1528 1409 τέλος
1578 1346 1644 1398 τὸ
1676 1345 1822 1412 ἀγα-

234 1440 688 1509 θόνοέπειδήπερ
750 1436 1125 1508 ἁπολιμπάνει
1183 1437 1282 1501 τὰς
1325 1436 1672 1506 δικαιοτέρας
1720 1435 1818 1490 τοῦ

231 1533 368 1586 Θεοῦ
414 1532 668 1597 ἐντολὰς,
696 1530 754 1585 αϊ
806 1530 1157 1602 πρὺςοαίηδν
1204 1530 1428 1598 ἄγουσιν
1471 1530 1548 1593 ὡς
1588 1529 1818 1601 ἔσχατον

231 1624 481 1693 ὀρεκτόν.

303 1740 402 1795 κδ’.
451 1738 784 1807 Πρόσωπον
829 1738 1112 1801 συνετὸν,
1168 1737 1390 1808 ἀνδρὸς
1449 1736 1668 1808 σοφοῦ.
1707 1737 1818 1792 Τοῦ

1924 583 2166 638 dolentis
2214 582 2620 651 cogitationes,
2674 598 2797 651 quae
2829 583 2980 638 velut
3016 599 3141 639 ossa
3187 585 3510 640 sull'ulciuut

1923 674 2096 741 illam,
2130 674 2443 729 viviﬁcante
2473 674 2705 746 spiritus
2733 674 2965 731 bumore
3002 677 3400 731 destituuntur.

1986 883 2162 939 Vens.
2184 884 2276 938 25.
2302 894 2371 938 In
2393 885 2516 938 sinu
2545 901 2768 940 munera
2802 885 3055 956 colligens
3082 887 3298 956 injuste,
3317 889 3375 943 in
3409 889 3509 943 viis

1924 992 2030 1032 non
2057 988 2417 1048 prosprratur
2447 995 2465 1033 :
2493 981 2728 1034 declinat
2756 982 2896 1035 enim
2939 999 2973 1035 a
3005 983 3102 1036 viis
3121 982 3368 1050 justitiw.
3400 976 3526 1050 Qui’

1921 1084 2047 1125 cum
2069 1071 2447 1126 exsultatione
2461 1071 2608 1126 velut
2634 1071 2881 1141 quaedam
2901 1073 3043 1126 dona
3064 1073 3117 1126 in
3144 1073 3511 1128 intellectuali

1922 1161 2122 1216 animae
2170 1160 2487 1216 conditorio
2521 1160 2749 1217 fallaces
2798 1159 3064 1217 daemonis
3111 1162 3507 1217 instructiones

1921 1254 2221 1309 indiscrete
2252 1254 2470 1324 recipit,
2498 1254 2555 1308 in
2592 1254 2856 1323 Operibus
2899 1256 3018 1310 suis
3048 1271 3155 1310 non
3189 1256 3397 1310 invenit
3425 1256 3506 1311 le-

1921 1344 2081 1400 licem
2107 1345 2317 1401 exitum
2343 1363 2358 1413 ;
2389 1345 2664 1415 siquidem
2693 1348 3388 1417 transgrediturjustiores
3414 1349 3507 1404 Dei

1921 1438 2070 1508 leges
2120 1452 2243 1508 quae
2277 1438 2343 1491 ad
2392 1437 2549 1493 illum
2585 1444 2849 1508 tanquam
2885 1437 2954 1493 ad
2984 1439 3354 1495 desideratum
3398 1448 3508 1495 ter-

1919 1529 2131 1583 minum
2160 1528 2393 1583 ducunt.

1992 1730 2162 1788 Vens.
2210 1732 2305 1789 24.
2363 1728 2613 1788 Hominis
2655 1736 2915 1800 sapientis
2960 1736 3130 1805 facies
3180 1739 3499 1810 intelligens.

234 1830 448 1901 ἔχοντος
469 1830 562 1883 τὸν
582 1827 679 1881 τοῦ
709 1827 847 1882 Θεοῦ
874 1829 1071 1897 Λόγον,
1100 1827 1200 1899 τὴν
1230 1828 1563 1896 αὐτοσοφίαν
1579 1827 1812 1896 ἐνοικον,

1928 1823 2070 1881 Illius
2091 1825 2183 1894 qui
2207 1824 2303 1881 Dei
2329 1826 2594 1890 Verbum,
2626 1827 2954 1898 sapientiam
2990 1829 3187 1898 ipsam,
3224 1832 3276 1885 iu
3303 1842 3504 1887 semet-

234 1921 662 1992 συνεσταλμένος
676 1909 715 1973 ⁴ό
746 1920 860 1991 βίος
880 1937 896 1953 ο
930 1920 987 1985 ὃς
1022 1920 1124 1992 τὴν
1149 1922 1331 1991 ἀφανῆ
1355 1920 1457 1989 τῆς
1486 1920 1668 1992 ψυχῆς
1711 1924 1814 1991 xu;

237 2016 557 2089 ρακτηρίζει
590 2013 871 2068 διάθεσιν·
912 2011 1203 2083 ἐγκρατῶς
1258 2013 1359 2083 μὲν
1410 2013 1526 2075 τοῖς
1574 2011 1813 2082 παροῦσι

232 2102 544 2173 χρωμένου,
578 2100 688 2153 τῶν
710 2100 768 2153 δὲ
798 2098 1107 2171 μελλόντων
1146 2100 1348 2166 ὁλικῶς
1378 2103 1565 2173 τυχεῖν
1611 2103 1814 2170 ἀγωνι-

232 2192 485 2264 ζομὲνου.

296 2312 360 2364 Ol
394 2307 463 2361 δὲ
491 2307 789 2377 ὀφθαλμοί
812 2307 920 2362 τοῦ
952 2305 1240 2377 ἄφρονος,
1266 2308 1361 2362 ἐπ’
1389 2308 1547 2378 ἄκρα
1573 2309 1708 2380 τῆς.
1744 2312 1810 2364 Αἱ

229 2401 275 2456 δ’
301 2400 453 2469 (nisi;
483 2400 577 2453 τοῦ
616 2399 693 2471 μὴ
735 2398 870 2452 Θεὸν
910 2399 1305 2471 περιφέροντος
1360 2402 1420 2455 ἐν
1470 2402 1691 2473 καρδία,
1743 2402 1813 2456 τὰ

231 2493 449 2565 πέρατα
494 2490 849 2545 διασκοποῦσι
916 2491 1020 2561 τῆς
1071 2493 1208 2562 γῆς,
1239 2494 1287 2546 εί
1333 2492 1557 2546 δυνατὸν
1609 2493 1814 2565 ταύτην

229 2585 569 2657 περιλαϐεῖν,
598 2587 693 2639 καὶ⁹
723 2584 906 2655 πάσης
933 2586 1199 2640 δεσπόσαι
1234 2587 1429 2657 αὐτῆς.

300 2707 401 2754 κε’.
443 2698 621 2768 ⁸οργὴ
655 2697 855 2766 πατρὶ,
900 2699 1032 2764 υίὸς
1070 2698 1296 2768 ἄφρων.
1345 2697 1421 2751 Τὸ
1460 2698 1582 2753 κατ’
1614 2698 1814 2754 ἐπιθυ-

234 2794 361 2865 μίαν
396 2793 764 2863 ὑφιστάμενον
800 2793 1073 2863 διανόημα
1098 2795 1163 2846 ἐκ
1190 2792 1509 2864 παραλόγου
1559 2792 1653 2846 τοῦ
1686 2792 1811 2857 νοὸς

233 2886 370 2956 μετὰ
406 2886 504 2955 τῆς
528 2883 834 2953 αἰσθήσεως
864 2882 1208 2953 συμπλοκῆς,
1242 2881 1392 2953 αὐτῷ
1448 2883 1547 2953 μὲν
1588 2881 1667 2953 τῷ
1708 2882 1810 2948 νοῒ,

231 2976 304 3039 ὡς
348 2976 521 3047 πατρὶ
548 3016 562 3039 ,
630 2976 923 3047 παραίτιον
981 2975 1196 3043 γίνεται
1238 2975 1391 3037 θείας
1442 2975 1648 3045 ὀργῆςο
1690 2976 1813 3046 ἥτις

232 3067 492 3139 ἀνακωχὴ
522 3067 622 3137 τῆς
652 3067 919 3137 χορηγίας
956 3065 1068 3121 τῶν
1113 3067 1503 3136 πνευματικῶν
1542 3065 1814 3138 χαρισμά-

233 3177 341 3213 των
366 3159 538 3211 ἐστίν.

304 3267 415 3323 Καὶ
448 3268 633 3335 ὀδύνη
653 3267 1002 3339 τῇτεκούσῃ
1030 3272 1238 3325 αὐτόν.
1268 3272 1347 3342 Τῇ
1374 3270 1431 3324 δὲ
1459 3268 1810 3342 ἀποτεκούσῃ

236 3360 394 3414 τοῦτο
424 3359 693 3430 αἰσθήσει,
723 3356 810 3413 οἷα
839 3363 1028 3430 μητρὶ,
1051 3361 1243 3431 ὀδύνην
1269 3364 1638 3431 περιποιεῖται
1666 3376 1679 3390 ⁸
1707 3363 1809 3415 πό·-

236 3470 346 3517 νοις
379 3452 655 3515 ἀκουσίοις
684 3451 1071 3521 δαμαζομένης
1096 3451 1199 3521 τῆς
1230 3453 1453 3521 σαρκὸς,
1486 3456 1628 3508 κατὰ
1659 3454 1811 3508 θείαν

238 3543 585 3616 συγχώρησιν
614 3543 691 3606 ὡς
734 3545 800 3597 ἂν
838 3542 1136 3611 ἐπιγνῶσιν
1187 3542 1378 3613 ἄμφω,
1410 3547 1438 3598 ὅ
1470 3563 1530 3598 τε
1556 3548 1681 3610 νοῦς
1716 3548 1812 3601 καὶ

236 3639 268 3707 ή
301 3637 571 3705 αἴσθησις,
604 3636 678 3707 μὴ
700 3636 1032 3707 παρανόμως
1081 3634 1335 3705 ἀλλήλοις
1374 3637 1810 3706 συμπλέκεσθαι,

236 3733 329 3786 καὶ
356 3732 477 3785 ἀντὶ
512 3732 714 3803 ἀρετῆς
745 3729 948 3784 κακίαν
975 3729 1305 3802 ἀπογεννᾷν.

301 3842 415 3906 κς’.
447 3841 713 3911 Ζημιοῦν
742 3841 935 3910 ἄνδρα
957 3840 1212 3909 δίκαιον,
1246 3842 1320 3897 οὐ
1348 3841 1561 3897 καλόν.
1584 3840 1659 3895 Τὸ
1674 3841 1814 3897 ἀπο-

236 3936 446 4003 στερεῖν
484 3933 689 4004 ἀρετῆς
715 3933 808 3985 τὸν
853 3931 1060 4002 ταύτης
1106 3932 1562 4003 ἐπιμελούμενον,
1603 3933 1699 3987 καὶ
1733 3934 1810 3997 είς

231 4029 299 4081 τὰ
324 4027 445 4081 κατ’
486 4025 724 4095 ἔλλειψιν
753 4025 925 4093 αὐτῆς
973 4025 1330 4096 περιτρέπειν
1364 4024 1537 4096 πάθη,
1568 4024 1669 4078 οὐκ
1694 4023 1811 4078 εστι

233 4118 418 4186 καλὸν,
455 4119 560 4172 κᾶν
585 4118 674 4171 διὰ
706 4117 767 4171 τὸ
794 4118 939 4170 λεῖον
968 4115 1072 4187 τῆς
1101 4116 1295 4187 ἡδονῆς
1338 4115 1482 4170 οὕτω
1512 4115 1666 4188 δοκῇ.

304 4249 459 4304 Οἰνδέ
493 4248 667 4303 ὅσιον
693 4247 1114 4303 ἐπιϐουλεύειν
1163 4246 1496 4313 δυνάσταις
1533 4246 1809 4315 δικαίοις.

233 4342 338 4396 Οὐδ
367 4343 515 4395 ὅσιον
545 4341 799 4412 ὑπάρχει,
851 4341 913 4394 τὸ
946 4339 1070 4394 καθ’
1105 4341 1413 4412 ὑπερϐολὴν
1461 4343 1562 4411 τῆς
1608 4342 1811 4412 ἀρετῆς

232 4434 404 4497 πάθος
424 4433 765 4486 ἐπιτίθεσθαι
791 4434 906 4495 τοῖς
941 4433 1043 4504 τὴν
1098 4432 1401 4502 ἐπιθυμίαν
1434 4433 1543 4487 τῶν
1574 4435 1695 4487 κατ’
1725 4432 1811 4488 ατη

1916 1918 2037 1987 ipso
2084 1916 2269 1983 babet,
2323 1918 2671 1988 compositus
2712 1927 2800 1975 est
2852 1920 3072 1975 vivendi
3117 1922 3348 1986 modus,
3405 1925 3505 1994 qui

1916 2011 2253 2067 iuvisibilem
2306 2011 2506 2067 animae
2548 2018 2754 2067 statum
2814 2014 3183 2070 manifestat:
3216 2018 3502 2072 moderate

1914 2103 2136 2174 quidem
2188 2102 2362 2159 utitur
2420 2103 2787 2172 pimsentibus
2817 2142 2832 2169 ,
2878 2105 2976 2161 sed
3017 2106 3272 2163 obtinere
3317 2107 3503 2163 futura

1915 2196 2144 2252 omnino
2175 2194 2483 2252 contendit.

1988 2306 2144 2363 Oculi
2173 2316 2355 2362 autem
2381 2307 2534 2371 stulti
2553 2307 2621 2361 ad
2652 2312 2896 2363 extrema
2927 2319 3102 2364 terrae.
3132 2307 3288 2364 Oculi
3315 2317 3499 2365 autent

1914 2399 2038 2469 ejus
2066 2399 2162 2469 qui
2205 2396 2375 2454 Deum
2399 2400 2456 2455 iu
2493 2405 2719 2468 pectore
2753 2414 2864 2454 non
2906 2408 3105 2469 gestat,
3145 2399 3282 2456 lines
3315 2410 3498 2465 terra),

1916 2506 1986 2545 an
2011 2491 2274 2561 possibile
2307 2490 2380 2548 sit
2409 2506 2529 2547 eam
2587 2492 3059 2562 comprehendere
3087 2494 3245 2562 eique
3273 2493 3375 2548 toti
3404 2493 3503 2549 do-

1914 2586 2138 2652 minari,
2184 2586 2661 2656 perspeculantur.

2005 2698 2167 2755 Vrsas.
2191 2698 2285 2754 25.
2318 2698 2412 2753 Ira
2428 2699 2571 2768 patri
2612 2699 2759 2768 ﬁlius
2784 2699 3005 2755 stultus.
3051 2698 3299 2753 Errantis
3330 2698 3499 2752 animi

1913 2781 2200 2862 cogitatio,
2221 2793 2513 2849 desideriis
2536 2794 2860 2864 subjacens,
2892 2791 3247 2848 concurrenti
3270 2804 3500 2845 sensua-

1916 2883 2092 2947 Iitate,
2121 2883 2225 2953 ipsi
2256 2884 2477 2953 quidem
2509 2884 2717 2949 animo,
2753 2890 3015 2953 tanquam
3062 2882 3228 2950 patri,
3256 2879 3498 2934 divinam

1918 2974 2155 3044 inspirat
2189 2974 2349 3041 iram,
2383 2991 2512 3046 quae
2559 2976 2710 3032 velut
2731 2974 2981 3029 anchora
3005 2972 3178 3042 jacta,
3210 2970 3501 3042 dirigenti-

1915 3066 2021 3123 bus
2050 3066 2282 3137 spiritus
2310 3067 2495 3136 donis,
2521 3068 2774 3140 quaedam
2806 3066 2975 3122 statio
2997 3074 3104 3121 est.

1986 3290 2054 3346 Et
2085 3291 2243 3347 dolor
2280 3294 2466 3363 eique:
2494 3293 2673 3363 genuit
2711 3307 2854 3346 eum.
2894 3289 3007 3345 line
3051 3297 3230 3345 autem
3265 3306 3499 3346 sensura-

1913 3383 2051 3437 litati
2094 3383 2355 3452 parienti,
2393 3392 2451 3435 ut
2487 3382 2672 3446 matri,
2707 3395 3000 3435 mmrorem
3053 3380 3336 3448 producit:
3387 3380 3500 3434 Deo

1915 3475 2268 3544 permittente
2316 3488 2537 3530 carnem
2593 3472 2783 3526 invitis
2829 3471 3111 3525 laboribus
3168 3470 3403 3537 domari,
3442 3484 3499 3526 ut

1915 3575 2220 3635 agnoscant
2249 3565 2433 3630 ambo,
2463 3564 2909 3621 animusscilicet
2940 3572 2994 3618 et
3014 3564 3369 3629 scnsunlitas,
3393 3579 3497 3618 non

1914 3655 2200 3724 illegitimo
2249 3656 2504 3724 amplexu
2579 3652 2930 3709 commisceri
2990 3666 3091 3707 nec
3123 3652 3241 3707 loco
3282 3655 3498 3710 virtutis

1914 3744 2244 3814 pravitatem
2276 3760 2563 3814 generare.

1989 3854 2158 3912 Vens.
2186 3858 2279 3912 26.
2309 3858 2528 3914 Lwderc
2555 3860 2769 3929 justum
2798 3876 2903 3914 non
2939 3870 3018 3915 est
3044 3860 3257 3914 bonum.
3291 3861 3336 3913 Λ
3385 3860 3498 3915 vir-

1917 3956 2034 4002 tute
2058 3948 2297 4004 avellere
2322 3950 2417 4021 qui
2443 3951 2636 4008 virtuti
2666 3953 2873 4018 studet,
2911 3968 3156 4023 eumque
3180 3953 3244 4005 ad
3280 3956 3495 4021 passio-

1914 4052 2015 4094 nes
2042 4038 2134 4093 ubi
2163 4039 2339 4096 virtus
2373 4041 2558 4096 deﬁcit
2587 4041 2863 4098 deducere
2909 4057 3019 4096 non
3059 4051 3144 4098 cst
3175 4043 3400 4109 bonum,
3431 4043 3498 4097 li-

1913 4138 2002 4186 cet
2027 4131 2101 4187 ob
2130 4130 2484 4189 dulcedinem
2513 4134 2813 4205 voluptatis
2838 4135 2918 4191 sic
2940 4136 3213 4189 videatur.

1986 4266 2102 4325 Nec
2134 4280 2338 4326 rectum
2372 4273 2543 4343 justi:
2573 4274 2904 4343 principibus
2947 4273 3222 4330 insidiari.
3253 4273 3372 4328 Non
3411 4284 3498 4331 est

1912 4376 2126 4433 :rquum
2163 4379 2331 4420 onera
2364 4367 2589 4421 virtutis
2613 4382 2780 4437 supra
2808 4367 3028 4422 modum
3056 4368 3164 4424 illis
3191 4368 3496 4437 imponere,

1914 4454 2013 4523 qui
2063 4458 2404 4512 sensualium
2436 4460 2784 4529 voluptatum
2821 4458 3096 4515 desideria
3145 4460 3396 4515 vicerunt
3443 4469 3498 4515 et

232 4523 425 4596 σθησιν
458 4522 634 4588 ἡδέων
684 4524 964 4595 νικήσασι,
1023 4524 1119 4578 καί⁴
1174 4524 1653 4579 καθυποτάσσουσι
1709 4524 1809 4596 τὴν

1928 4561 2137 4602 :arnem
2170 4564 2327 4603 suam
2362 4551 2584 4619 spiritui
2608 4551 2675 4605 ad
2709 4551 2969 4605 mandata
3001 4550 3093 4606 Dei
3147 4552 3496 4623 adimplenda

231 4617 412 4688 σάρκα
455 4613 534 4685 τῷ
566 4614 839 4683 πνεύματι
869 4614 937 4667 δι’
973 4615 1240 4688 ἐργασίας
1268 4616 1377 4670 τῶν
1402 4616 1496 4670 τοῦ
1536 4616 1671 4670 Θεοῦ
1717 4618 1809 4671 ἐν-

228 4706 400 4761 τολῶν
425 4723 439 4738 ⁸
477 4705 711 4777 λαθραία
758 4707 868 4777 γάρ
918 4707 1068 4759 ἐστιν
1118 4706 1330 4778 ἐχθρῶν
1369 4708 1477 4761 ἀπὸ
1516 4707 1697 4773 δεξιᾶς
1746 4709 1808 4762 τὸ

228 4798 466 4853 τοιοῦτον
506 4798 772 4861 ἐπίθεσις.
818 4798 978 4851 Ἀλλὰ
1022 4799 1187 4852 καλὸν
1224 4799 1321 4870 μὲν
1371 4798 1590 4862 παντως
1633 4799 1805 4866 ἐστὶν,

229 4888 314 4946 οἷα
340 4893 569 4956 δίκαιον,
594 4893 656 4947 τὸ
690 4893 829 4947 κατὰ
860 4893 952 4947 τὸν
981 4893 1211 4962 φυσικὸν
1240 4894 1403 4964 νόμον
1434 4894 1527 4947 καὶ⁸
1551 4895 1642 4947 τὸν
1672 4911 1808 4964 γρα-

229 4986 380 5051 πτὸν,
421 4991 595 5042 ποιεῖν
623 5006 744 5042 τινα
773 4991 854 5052 είς
886 4988 1132 5059 ἐτέρους,
1164 4987 1193 5041 ὃ
1223 4990 1319 5042 καὶ
1344 4989 1426 5052 είς
1456 4990 1648 5043 ἐαυτὸν
1672 4990 1802 5060 παρ’

227 5079 452 5134 ἐκείνων
479 5080 724 5150 γίνεσθαι
753 5080 919 5148 θέλει,
960 5083 1056 5136 καὶ
1086 5082 1309 5153 ἀγαπᾷν
1349 5082 1444 5135 τὸν
1474 5080 1701 5154 πλησίον
1726 5083 1803 5147 ὡς

225 5172 414 5227 ἑαυτόν
438 5189 453 5204 ’
479 5175 627 5228 ὅσιον
650 5174 708 5229 δὲ
746 5175 808 5228 τὸ
842 5177 987 5229 κατὰ
1014 5173 1107 5228 τὸν
1133 5174 1509 5246 πνευματικὸν
1543 5174 1699 5239 αὖθις
1718 5175 1806 5229 ~26-

228 5281 345 5334 μον,
374 5266 599 5337 ἀγαπᾷν
626 5268 753 5331 τοὺς
801 5266 1056 5338 ἐχθροὺς,
1097 5267 1192 5321 καὶ
1230 5266 1413 5331 καλῶς
1457 5268 1631 5320 ποιεῖν
1690 5270 1805 5331 τοῖς

228 5357 475 5426 μισοῦσιν
495 5357 659 5413 αὐτόν
679 5374 694 5389 °
732 5359 827 5412 καὶ
852 5357 1026 5422 οὕτως
1045 5358 1325 5427 διαμένειν
1359 5359 1649 5427 ἄτρεπτον.
1678 5359 1805 5411 Πει-

227 5448 444 5520 σθῶμεν
477 5449 657 5502 τοίνυν
692 5449 814 5522 Θεῷ
854 5449 933 5523 τῷ
971 5449 1146 5506 ταῦτα
1180 5451 1626 5523 νομοθετήσαντι,
1657 5451 1805 5514 ὅπως

226 5539 551 5613 κληρονόμοι
580 5541 683 5611 τῆς
715 5540 880 5593 αὐτοῦ
927 5539 1209 5611 βασιλείας
1249 5540 1569 5612 γενώμεθα’
1600 5541 1696 5596 καὶ
1730 5540 1805 5613 μὴ

225 5638 625 5711 ὐπακούσωμεν
647 5637 724 5708 τῷ
760 5637 1017 5711 διαϐόλῳ,
1050 5642 1342 5712 ἐκτρέπειν
1384 5641 1531 5711 ἡμᾶς
1561 5642 1805 5710 ἐπειχει-

229 5729 406 5801 ροῦντι
433 5733 533 5801 τῆς
559 5732 762 5803 αρετῆς
794 5734 872 5796 εἰς
913 5736 981 5788 τὰ
1026 5738 1147 5788 κατ’
1178 5733 1417 5802 ἔλλειψιν
1460 5731 1666 5801 ταύτης
1710 5731 1804 5783 καὶ

227 5819 528 5893 ὑπερϐολὴν
574 5823 719 5895 πάθη
754 5841 765 5855 ·
842 5825 925 5879 ἵνα
975 5838 1048 5897 μη
1095 5826 1585 5897 παραπεμφθῶμεν

1913 4640 2292 4695 submiserunt
2324 4659 2338 4696 :
2366 4642 2485 4719 _boc
2518 4643 2665 4697 enim
2723 4644 3078 4699 inimicorum
3111 4662 3140 4700 ιι
3174 4646 3382 4715 dextris
3419 4647 3495 4700 la-

1913 4738 2035 4786 tens
2062 4738 2147 4787 est
2178 4731 2361 4789 dolus.
2386 4732 2525 4788 Illud
2566 4742 2749 4789 autem
2775 4743 2861 4790 est
2886 4736 3104 4805 quidem
3136 4738 3362 4790 onmino
3391 4737 3491 4789 bo-

1914 4837 2065 4887 num,
2091 4823 2237 4878 sicut
2266 4823 2500 4893 justum,
2542 4825 2688 4895 quod
2713 4826 2838 4896 quis
2862 4827 3023 4897 juxta
3061 4828 3233 4897 legem
3261 4836 3492 4881 natura-

1912 4912 2019 4968 lem
2056 4921 2113 4970 et
2146 4915 2318 4986 legem
2353 4917 2619 4986 scriptam
2653 4917 2706 4971 in
2741 4918 2882 4974 alios
2913 4927 3038 4990 agat
3073 4917 3219 4987 quod
3258 4919 3327 4972 ab
3370 4919 3495 4971 aliis

1914 5006 2022 5063 sibi
2059 5006 2174 5063 ﬂeri
2206 5008 2379 5077 cupit,
2402 5018 2457 5064 et
2485 5009 2801 5079 proximum
2830 5013 2979 5067 sicut
3019 5011 3258 5079 seipsum
3278 5010 3491 5078 diligat;

1913 5108 2166 5156 sanctum
2189 5110 2397 5164 autem,
2417 5103 2564 5171 quod
2584 5102 2903 5173 qu‘is.juxta
2932 5100 3277 5170 spiritualem
3296 5100 3494 5168 legem,

1912 5191 2171 5247 inimicos
2201 5191 2397 5263 diligat
2419 5203 2473 5249 et
2502 5192 2822 5248 ndientibus
2846 5207 2908 5247 se
2934 5188 3276 5256 benefaciat;
3313 5196 3368 5242 ut
3414 5188 3495 5247 sic

1912 5289 2238 5337 constanter
2294 5291 2633 5353 permaneat.
2671 5281 2968 5336 Pareamus
3017 5280 3186 5350 igitur
3240 5279 3349 5334 Deo
3389 5279 3492 5332 ista

1913 5371 2295 5441 praecipienti,
2345 5381 2405 5426 ut
2463 5372 2708 5425 lmredes
2755 5370 2877 5440 ejus
2931 5371 3083 5440 regni
3130 5370 3306 5425 simus
3341 5384 3491 5422 :non

1914 5469 2097 5515 autem
2139 5466 2485 5529 prmbcamus
2518 5461 2943 5516 auremdiabolo
2981 5461 3074 5532 qui
3107 5477 3209 5516 nos
3235 5477 3263 5513 a
3289 5462 3494 5516 virtute

1915 5549 1971 5604 in
2015 5551 2305 5621 passiones
2344 5550 2434 5606 ubi
2471 5560 2605 5606 sunt
2636 5549 2862 5604 virtutis
2888 5550 3141 5605 defectus
3173 5551 3255 5603 vel
3297 5566 3494 5603 exces-

1916 5656 2033 5705 sus,
2068 5651 2320 5695 avertcre
2355 5648 2615 5706 conatur,
2656 5655 2722 5694 ne
2762 5641 2815 5694 in
2847 5640 3029 5711 ignem
3064 5640 3167 5710 ipsi
3200 5648 3253 5693 ct
3285 5639 3499 5705 augt-lis

1913 5734 2032 5799 ejus
2062 5742 2313 5800 paratum
2351 5733 2726 5789 demittuntur.

1639 5826 1716 5887 si;
1759 5823 1869 5893 πῦρ
1920 5825 1978 5876 τὸ
2028 5824 2434 5896 ἡτοιμασμένον
2474 5825 2622 5896 αὑτῷ
2667 5825 2761 5881 καὶ
2822 5829 2930 5889 τοῖς
2986 5826 3232 5895 ἀγγέλοις
3307 5819 3472 5877 αὐτοῦ
