3900 6228
454 369 592 463 ιιοὲ

1760 385 2111 447 PROCOPII
2154 384 2396 445 GAZAEI

3560 373 3692 439 1404

528 504 696 559 Vens.
733 500 824 556 27.
871 498 974 565 Qui
1003 498 1151 552 timet
1180 510 1242 549 ne
1277 493 1485 547 mbum
1520 493 1715 546 durant
1743 491 2014 556 adhibeat,

2189 490 2292 553 κζ’.
2324 492 2426 555 Ὃς
2469 487 2734 558 φείδεται
2769 486 2935 555 ῥῆμα
2970 486 3332 554 προελέσθαι
3392 485 3692 552 σκληρὸν,

452 597 664 666 sapiens
714 601 815 648 est.
850 590 950 657 Qui
982 596 1141 643 cavet
1190 601 1260 641 ne
1292 586 1416 640 loco
1446 583 1720 640 sermonis
1768 598 1866 639 cer
1901 582 2041 651 pla;

450 688 632 744 cautis
662 695 970 740 sermonem
997 678 1128 734 illud
1161 683 1578 747 exasperantem
1611 673 1891 739 adhibeat,
1920 673 2022 727 bu-

455 782 674 830 tnanam
717 769 1087 825 inﬁrmitatem
1161 765 1336 820 novit.
1384 762 1459 816 Ea
1511 761 1734 817 indutos
1781 758 2021 828 dejicere

453 883 566 923 non
592 864 707 919 vult
742 861 835 916 sed
870 859 1088 914 fulcire.
1137 855 1267 911 lllos
1310 863 1493 910 autem
1527 866 1558 908 a
1598 851 1800 922 quibus
1826 857 2021 904 contra

455 946 516 1013 se
569 954 837 1026 quispiam
883 950 1133 1005 irritatur
1166 956 1220 1002 et
1252 945 1357 1001 sibi
1393 943 1676 999 molestias
1716 939 1883 996 infert
1926 955 2022 1010 pa-

454 1049 658 1103 tienter
681 1044 940 1101 sustinet.

434 1171 438 1175 '
539 1155 631 1209 Vir
659 1162 831 1208 autem
848 1150 1167 1221 longanimis
1193 1155 1458 1202 sensatus.
1486 1147 1662 1200 Homo
1683 1152 1768 1200 est
1798 1143 1890 1212 qui
1915 1158 2024 1197 non

459 1249 675 1317 ignorat
713 1244 882 1298 Deum
936 1254 1060 1297 esse
1098 1241 1322 1295 cuilibet
1347 1236 1692 1292 occurrentia
1726 1234 2024 1303 disponen-

458 1345 589 1398 tem,
627 1342 682 1390 et
712 1334 834 1387 ideo
873 1331 1289 1384 contristantem
1315 1342 1394 1391 se,
1428 1326 1575 1381 velut
1600 1339 1632 1378 a
1665 1324 1833 1379 Satan
1861 1338 2025 1377 vexa-

460 1439 595 1488 tum,
630 1425 952 1483 miseretur,
983 1429 1037 1475 et
1077 1421 1146 1475 ab
1192 1419 1299 1475 ista
1322 1416 1614 1473 vexatione
1645 1430 1769 1470 eum
1798 1412 2027 1470 omnino

460 1526 693 1572 conatur
732 1514 988 1570 avellere.

513 1738 700 1792 'Vsns.
741 1736 834 1790 28.
894 1714 1229 1800 Imprudenti'
1274 1729 1600 1799 sapientiam
1634 1722 2026 1795 interroganti,

2118 581 2481 650 ἐπιγνώμων.
2526 580 2585 632 '0
2618 576 3077 647 ὑποστελλόμενος
3107 575 3217 647 πρὸ
3236 574 3330 628 τοῦ
3358 574 3694 639 λειαίνοντος

2120 673 2350 745 καρδίαν
2377 671 2559 745 λόγου,
2590 669 2807 723 ἑλέσθαι
2841 667 2934 722 τὸν
2954 666 3163 737 ταύτην
3199 667 3572 738 τραχύνοντα,
3602 667 3699 735 τὴν

2119 762 2466 836 ἀνθρωπίνην
2486 756 2626 815 οῐδεν
2640 757 2929 814 ἀσθένειαν
2953 776 2966 790 ·
2989 760 3085 814 καὶ
3107 761 3233 823 τοὺς
3257 762 3697 830 περικειμένους

2121 854 2399 928 αὐτὴν,ςού
2446 852 2699 923 βούλεται
2757 850 3139 917 καταϐάλλειν,
3187 849 3323 905 ἀλλά
3360 847 3697 919 βαστάζειν·

2120 949 2150 1000 ὁ
2185 946 2229 999 δ’
2246 946 2331 1014 ἐφ’
2353 940 2435 1008 οἷς
2455 962 2540 1008 τις
2558 943 2806 1009 ὀξύνεται
2827 944 2947 997 κατ’
2971 939 3163 1008 αὐτοῦ,
3184 940 3280 996 καὶ
3299 939 3507 1003 ὀδύνας
3532 938 3701 1010 τούτῳ

2122 1039 2341 1108 ἐπάγει,
2371 1035 2733 1103 ἀνεξικακῶν.

2191 1151 2586 1218 Μακρόθυμος
2646 1147 2716 1221 δὲ
2770 1146 2948 1215 ἀνὴρ,
3016 1144 3322 1214 φρόνιμος.
3372 1141 3706 1213 ’Ἄνθρωπός

2124 1241 2273 1294 ἐστιν
2304 1238 2460 1302 εἰδὼς
2480 1239 2561 1291 ὅτι
2586 1237 2703 1290 ἐστι
2741 1235 2895 1302 Θεὸς,
2937 1234 3046 1288 τῶν
3095 1235 3310 1303 ἑκάστῳ
3364 1230 3706 1302 πεπραγμὲι

2125 1350 2231 1387 νων
2263 1330 2577 1400 ἐξεταστὴς,
2616 1327 2909 1383 κάντεῦθεν
2946 1326 3053 1381 τὸν
3075 1325 3353 1379 λυποῦντα
3395 1324 3595 1387 αὐτὸν,
3634 1322 3705 1387 ὡς

2126 1422 2232 1475 ὑπὸ
2257 1420 2351 1474 τοῦ
2381 1421 2597 1474 Σατανᾶ
2624 1417 3065 1490 ἐπηρεαζόμενον
3107 1415 3248 1470 ὲλεεῖ
3275 1431 3291 1447 ·
3325 1416 3427 1469 καὶ
3465 1414 3571 1484 τῆς
3590 1414 3711 1466 105.-

2127 1532 2220 1569 του
2259 1511 2544 1584 ἐπηρείας,
2579 1509 2935 1581 πολυτρόπως
2969 1508 3159 1564 τοῦτον
3187 1507 3573 1563 ἀπαλλάττειν
3589 1507 3707 1559 ἐπι-

2127 1621 2212 1675 χει
2220 1605 2324 1675 ρεϊ.

2205 1722 2313 1787 κη’.
2355 1715 2618 1784 Ἀνοήτῳ
2643 1712 3089 1782 ἐπερωτήσαντι
3115 1710 3362 1779 σοφίαν,
3392 1707 3590 1777 σοφία
3610 1709 3709 1760 ,ιο-

463 1829 726 1897 sapientia
765 1824 1116 1894 reputabitur.
1149 1822 1402 1893 Ignarus,
1441 1833 1550 1875 una
1586 1816 1821 1887 sapienti
1863 1815 2028 1868 inter-

2143 1809 2503 1880 Γισθήσεται.
2558 1805 2617 1859 Ὁ
2639 1804 2879 1876 ἀμαθὴς,
2931 1800 3098 1871 σοφδς
3146 1800 3581 1871 νομισθήσεται,
3620 1813 3704 1850 σο-

467 1888 749 1990 rogatione
796 1888 978 1982 facta,
1029 1888 1377 1983 reputabitur
1454 1910 1700 1980 sapiens.
1753 1904 2031 1960 Putabunt

2143 1900 2240 1972 pip)
2278 1897 2650 1970 ποιησάμενος
2681 1895 2842 1966 μόνον
2890 1892 3160 1965 ἐρώτησιν
3181 1909 3197 1923 ·
3231 1890 3453 1956 δόξουσι
3517 1888 3625 1958 γὰρ
3657 1889 3714 1941 οε.

466 2009 612 2061 enim
645 2003 961 2061 "audientes
1006 2001 1160 2057 illum
1198 2002 1464 2058 scientem
1507 1998 1657 2069 quod
1708 1997 2034 2066 interrogat,

468 2101 837 2170 interrogatos
866 2105 1078 2155 tentare
1120 2111 1189 2152 an
1224 2095 1515 2167 quaesitum
1550 2093 1752 2149 sciant.

541 2204 646 2279 Qui
667 2220 841 2266 autem
858 2227 912 2266 se
928 2220 1131 2266 mutum
1155 2210 1357 2279 fecerit,
1388 2205 1618 2276 prudens
1642 2221 1752 2260 esse
1771 2198 2032 2257 credetur.

471 2304 575 2371 Qui
624 2312 806 2360 autem
862 2303 1277 2359 occurrentibus
1324 2316 1385 2356 se
1430 2299 1687 2355 silentem
1731 2311 1796 2351 ac
1822 2301 2034 2350 mutum

472 2395 799 2459 ostenderit,
834 2394 1147 2465 opinionem
1192 2394 1302 2449 illis
1342 2390 1605 2462 praebebit
1669 2388 1737 2443 de
1781 2400 1861 2451 se,
1891 2381 2038 2455 quod

477 2487 716 2557 prudens
750 2497 832 2543 est
858 2505 873 2542 :
902 2487 1240 2542 verebuntur
1264 2485 1412 2540 enim
1443 2483 1609 2539 istum
1639 2490 1699 2536 ut
1735 2480 2036 2550 sapientem

476 2593 584 2632 non
626 2578 875 2634 valentes
915 2586 1137 2649 propter
1180 2577 1302 2649 ejus
1345 2574 1625 2633 silentium
1656 2570 1934 2646 quomodo
1978 2583 2041 2625 se

476 2668 673 2724 habeat
699 2668 1129 2741 deprehendere.
1788 2680 1792 2684 '

1022 2820 1445 2897 ,tLAPuIKth.

546 2974 710 3029 Vens.
757 2964 806 3028 l.
842 2973 1163 3030 Occasiones
1188 2974 1380 3046 quierit
1423 2971 1517 3043 qui
1557 2970 1667 3026 vult
1705 2967 1945 3023 recedere
1973 2964 2039 3020 ab

400 3078 407 3081 ·
476 3069 674 3119 amico.
714 3064 1193 3134 Opportunitatem
1231 3064 1429 3133 quaerit.
1451 3062 1547 3132 qui
1576 3061 1693 3117 vult
1740 3059 2039 3114 amicitiam

2135 1991 2447 2056 ἀκούοντες,
2485 1991 2569 2043 ὅτι
2598 1987 2805 2052 εἰδὼςὸ
2835 1986 3035 2058 ἐρωτᾷ,
3070 1983 3357 2055 δοκιμάζει
3400 1983 3535 2046 τοὺς
3574 1982 3704 2051 ἐρω-

2133 2083 2432 2156 τωμένους,
2472 2082 2525 2139 εἰη
2546 2079 2608 2133 τὸ
2635 2077 2987 2150 ἐρωτώμενον
3017 2075 3249 2129 οἴδασιν.

2215 2194 2464 2251 Ἐννεὸν
2486 2192 2553 2247 δέ
2584 2209 2676 2256 τις
2715 2189 2935 2244 ἑαυτὸν
2978 2187 3264 2256 ποιήσας,
3293 2187 3469 2250 δόξει
3509 2185 3705 2254 φρόνι-

2131 2306 2247 2359 μος
2271 2284 2445 2343 εἶναι.
2493 2285 2554 2338 Ὀ
2577 2283 2634 2337 δὲ
2660 2280 2936 2351 σιωπηλὸν
2976 2279 3075 2334 καὶ
3105 2278 3290 2334 ἔννουν
3310 2279 3430 2341 τοῖς
3460 2291 3701 2353 uagari»

2137 2384 2291 2455 χοῦσι
2322 2380 2503 2447 δείξας
2532 2376 2747 2440 ἑαυτὸν,
2776 2371 3045 2442 ὑπόληψιν
3072 2369 3283 2434 τούτοις
3314 2368 3552 2441 παρέξει
3584 2364 3701 2436 περὶ

2139 2473 2334 2530 ἑαυτοῦ
2353 2473 2430 2535 ὡς
2466 2469 2713 2539 ἐχέφρων
2737 2464 2885 2519 ἐστίν
2904 2479 2919 2495 ⁸
2956 2461 3430 2532 ὑποσταλήσονται
3457 2459 3571 2529 γὰρ
3591 2457 3701 2511 τοῦ-

2137 2585 2227 2621 τον
2246 2565 2322 2629 ὡς
2337 2561 2584 2632 νουνεχῖμ
2625 2557 2700 2628 μὴ
2736 2556 3012 2627 ἰσχύοντες
3031 2554 3121 2608 διὰ
3146 2554 3245 2626 τὴν
3268 2551 3440 2606 αὐτοῦ
3478 2547 3705 2620 σιιιιετιὴνι

2138 2660 2291 2722 ὅπως
2318 2657 2453 2727 ἔχει,
2488 2648 2837 2707 καταλαδεῖν.

2727 2800 2981 2899 ΚΕΦΑᾼ.
3033 2807 3145 2861 1H".

2209 2970 2279 3025 α’.
2314 2967 2650 3039 Προφὰσεις
2682 2962 2842 3032 ζητεῖ
2866 2961 3023 3030 ἀνὴρ
3061 2958 3444 3028 βουλόμενος
3487 2950 3692 3026 χωρίζε·

2141 3066 2283 3118 σθαι
2305 3060 2425 3117 ἀπὸ
2447 3059 2659 3129 φίλων.
2693 3052 2972 3126 ’Δφορμὰς
3002 3048 3338 3120 πανταχόθεν
3378 3048 3539 3119 ζητεῖ
3562 3048 3589 3100 ὁ
3616 3044 3692 3097 θέ-

476 3169 754 3224 rumpere,
780 3169 902 3209 cum
919 3153 1102 3209 nullus
1130 3154 1202 3209 sit
1220 3152 1566 3208 rationabilis
1593 3158 1889 3221 praetextas
1909 3149 2039 3203 abo-

2143 3155 2251 3208 λων
2287 3151 2537 3207 διαλῦσαι
2593 3147 2809 3218 φιλίανο
2844 3144 2966 3198 ἐπεὶ
3014 3141 3256 3214 μηδεμία
3289 3141 3442 3194 ἐστὶν
3494 3136 3691 3200 εὔλογος

479 3246 625 3302 lendi
668 3246 992 3302 cliaritatem
1042 3261 1162 3317 quae
1184 3244 1523 3302 dominicum
1566 3243 1885 3299 mandatum
1940 3256 2038 3297 ex-

478 3340 646 3395 sistit.

552 3469 712 3524 Omni
742 3479 972 3538 tempore
1007 3469 1106 3525 erit
1153 3469 1561 3539 exprobrabilis.
1596 3469 1754 3525 Omni
1800 3475 2047 3539 tempore

480 3568 862 3615 contemnetnr
897 3561 1017 3626 iste,
1061 3561 1135 3616 ab
1183 3561 1503 3616 hominibus
1542 3560 1764 3630 quidem
1805 3560 1862 3615 in
1905 3561 2042 3624 vita,

480 3661 671 3721 utpote
700 3651 752 3705 in
786 3653 1025 3708 amicitia
1056 3652 1332 3710 instabilis
1354 3693 1370 3717 ,
1411 3666 1442 3706 ιι
1486 3651 1597 3708 Deo
1644 3662 1824 3706 autem
1857 3652 1912 3705 in
1937 3666 2046 3706 sa:-

479 3744 605 3797 uilo
640 3743 847 3808 futuro,
891 3744 1018 3813 quia
1058 3745 1382 3800 eliaritatem
1418 3759 1540 3814 quae
1577 3744 1911 3814 praecipuum
1960 3750 2047 3798 est

482 3834 628 3891 inter
648 3836 740 3892 Dei
780 3836 1038 3892 mandata
1068 3838 1293 3894 omnino
1325 3837 1584 3910 neglexit.

553 4048 716 4103 Vens.
755 4048 811 4102 2.
854 4047 972 4101 Non
1006 4064 1135 4117 opus
1171 4048 1328 4103 habet
1357 4050 1619 4117 sapientia
1662 4052 1709 4105 is
1735 4050 1825 4121 qui
1847 4049 2046 4122 indiget

482 4141 639 4196 corde
664 4155 682 4193 :
720 4139 891 4209 magis
915 4140 1052 4192 enim
1081 4139 1300 4193 ducitur
1328 4141 1658 4208 insipientia.
1682 4140 1785 4207 Qui
1816 4144 2047 4212 pruden-

482 4231 559 4283 tia
589 4236 760 4290 caret,
798 4245 905 4283 non
942 4230 1152 4299 appetit
1194 4229 1521 4300 sapientiam
1561 4232 1690 4300 quia
1732 4232 1915 4286 anima
1958 4246 2047 4286 ra-

486 4321 678 4377 tionali
714 4322 1085 4377 irrationalem
1117 4337 1341 4377 carnem
1386 4339 1491 4376 non
1518 4325 1753 4394 subigit;
1781 4322 2045 4378 mundum

483 4412 719 4482 diligens
741 4411 908 4468 Deum
936 4427 1046 4467 non
1071 4421 1236 4468 amat.
1265 4412 1441 4470 Corde
1464 4413 1837 4485 insipientiam
1873 4416 2047 4485 magis

485 4519 646 4572 quam
680 4509 946 4560 rationem
977 4505 1244 4575 sequitur.

556 4717 721 4774 Vens.
758 4718 811 4772 5.
843 4716 1068 4788 Impius,
1102 4739 1219 4776 cum
1259 4724 1311 4777 in
1339 4702 1662 4794 profundum
1700 4727 1900 4781 venerit
1925 4742 2050 4795 pec-

485 4819 749 4874 catorum,
794 4814 1119 4876 contemnit;
1155 4813 1246 4867 sed
1278 4818 1515 4885 sequitur
1533 4810 1653 4872 eunt
1675 4819 1969 4889 ignominia
1999 4826 2051 4872 et

485 4900 847 4971 approbrium.
881 4902 1112 4967 Quando
1161 4903 1229 4960 de
1269 4906 1448 4961 salute
1477 4924 1577 4962 sua
1613 4908 1927 4979 desperavit
1954 4910 2048 4979 qui

484 4991 646 5046 bonis
669 4993 929 5061 operibus
968 4991 1137 5048 Deum
1164 5010 1272 5050 non
1299 4997 1451 5063 colit,
1484 4999 1736 5054 timorem
1782 5000 1958 5069 ipsius
1979 5014 2048 5055 ex

488 5084 709 5154 propria
747 5086 927 5139 anima
970 5086 1194 5141 omnino
1237 5089 1502 5158 expellit;
1549 5099 1605 5145 et
1637 5090 2053 5160 deprehendunt

486 5189 611 5227 eum
660 5176 943 5243 passiones
988 5177 1299 5246 ignominiae
1326 5187 1382 5232 et
1426 5185 1649 5249 propter
1672 5193 1767 5234 eas
1804 5180 2051 5233 omnium

488 5275 851 5335 contemptus.

559 5395 720 5454 Vens.
745 5400 800 5454 4.
839 5402 990 5471 Aqua
1024 5403 1289 5473 profunda
1315 5422 1487 5460 sermo
1519 5407 1571 5460 in
1604 5407 1760 5461 corde
1783 5409 1904 5463 viri.
1930 5407 2049 5463 Μο-

491 5503 602 5544 rem
630 5491 791 5547 babet
820 5508 974 5564 aqua:
1012 5496 1453 5565 profundissimam:
1485 5499 1574 5553 Dei
1598 5505 1823 5555 verbum
1848 5501 1901 5555 in
1935 5502 2053 5555 ani-

491 5598 576 5633 mn
616 5582 735 5650 ejus
772 5584 866 5652 qui
920 5600 1184 5654 generose
1228 5601 1418 5644 contra
1473 5591 1758 5661 passiones
1791 5593 2049 5647 luctatur.

491 5670 762 5738 Abyssum
805 5675 1049 5731 scientia:
1085 5691 1265 5733 mente
1305 5680 1602 5753 vestigans,
1658 5684 2051 5753 impct'scruta-

492 5757 653 5812 bilem
695 5766 1018 5832 sapientiam
1050 5768 1275 5824 invenit.

2148 3244 2419 3316 πρόφασις
2449 3243 2529 3306 εις
2574 3241 2633 3294 τὸ
2670 3238 2769 3308 τὴν
2812 3234 3036 3306 ἀγάπην
3095 3233 3329 3309 ἀθετεῖν,
3375 3224 3691 3295 Δεσποτικήν

2147 3337 2500 3407 ὑπάρχουσαν
2534 3331 2783 3402 ἐντολήν.

2228 3472 2331 3526 Ἐν
2356 3467 2539 3527 παντί
2574 3467 2645 3520 δὲ
2701 3463 2882 3534 καιρῷ
2935 3459 3346 3524 ἐπονείδιστος
3391 3456 3582 3510 ἔσται.
3615 3448 3686 3502 Ἐν

2145 3563 2306 3618 παντὶ
2332 3561 2397 3621 ¹δὲ
2418 3557 2596 3630 καιρῷ
2621 3553 3113 3624 ὲξονδενωθήσεται
3132 3553 3161 3605 ὁ
3178 3543 3586 3615 τοιοῦτος,παρ⁹
3609 3542 3685 3595 ἀν-

2145 3655 2380 3730 θρώπων
2416 3653 2544 3726 μὲν,
2587 3650 2732 3706 κατά
2781 3649 2842 3704 τὸ
2871 3649 3070 3719 παρὸν,
3107 3648 3184 3709 ὡς
3222 3646 3290 3698 τὰ
3338 3642 3480 3714 πρὸς
3526 3635 3682 3730 φιλίαν

2098 3740 2121 3787 9
2146 3727 2400 3811 ἀϐέϐαιος
2420 3762 2434 3777 ·
2465 3744 2621 3816 παρά
2644 3744 2702 3797 δὲ
2725 3740 2860 3797 Θεοῦ
2915 3739 3058 3795 κατά
3106 3738 3169 3793 τὸ
3220 3736 3436 3808 μέλλον,
3478 3733 3551 3796 ὡς
3602 3727 3682 3796 τῆς

2143 3838 2518 3912 γενικωτάτης
2541 3837 2653 3890 τῶν
2673 3834 2838 3889 αὑτοῦ
2860 3831 3090 3888 ἐντολῶν
3109 3830 3209 3900 τῆς
3234 3828 3459 3899 ἀγάπης
3495 3824 3681 3879 πάντως

2146 3932 2250 3986 ὑπε
2258 3929 2437 4003 ριδών.

2218 4062 2283 4134 β’.
2316 4063 2398 4116 Οὐ
2428 4059 2638 4130 χρείαν
2699 4057 2826 4129 ἔχει
2869 4056 3112 4127 σοφίας,
3170 4051 3386 4119 ἐνδεὴς
3439 4040 3674 4119 φρενῶν·

2140 4155 2382 4227 μᾶλλον
2415 4154 2526 4223 γὰρ
2547 4151 2750 4221 ἄγεται
2784 4150 3124 4220 ἀφροσύνῃ.
3171 4147 3229 4199 ‘0
3260 4146 3570 4215 φρονήσεως
3590 4134 3678 4227 λει-

2147 4225 2404 4317 πόμενος,
2440 4243 2529 4296 διὰ
2555 4242 2616 4295 τὸ
2648 4240 2724 4312 μὴ
2747 4243 2815 4312 τῇ
2834 4240 3026 4309 λογικῇ
3050 4238 3196 4307 ψυχῇ
3227 4234 3328 4305 τὴν
3361 4232 3548 4297 ἄλογον

2149 4312 2700 4396 κα-καθυποτάσσειν,
2733 4331 2832 4383 οὐκ
2867 4329 3121 4400 ὀρέγεται
3156 4325 3347 4394 σοφίας
3372 4338 3389 4352 ·
3420 4323 3498 4376 ὅτι
3519 4312 3673 4385 φιλόῦ·

2150 4427 2245 4492 λος
2269 4425 2366 4493 ὢν,
2400 4426 2499 4495 οὐχ
2551 4423 2788 4492 ὑπάρχει
2835 4420 3082 4489 φιλόθεος
3106 4435 3121 4450 ο
3152 4418 3245 4470 καὶ
3309 4414 3419 4485 γὰρ
3473 4408 3611 4464 πλέον
3634 4400 3672 4495 ,ά

2079 4519 2125 4574 D
2152 4492 2391 4581 τοιοῦτος
2420 4492 2498 4587 τῇ-
2520 4515 2734 4586 ἀλογίᾳ,
2762 4514 2798 4585 ἢ
2841 4512 2919 4584 τῷ
2962 4512 3107 4582 λόγῳ
3142 4509 3339 4563 ἕπεται
3384 4503 3521 4560 κατά
3562 4492 3671 4566 7W"-

2153 4624 2285 4680 μηνι

2219 4747 2289 4809 γ’.
2315 4740 2502 4793 Ὅταν
2521 4739 2668 4806 ἔλθῃ
2690 4735 2915 4803 ἀσεϐὴς
2950 4737 3036 4800 είς
3064 4733 3260 4799 βάθος
3281 4728 3498 4793 κακῶν,
3524 4733 3666 4777 καταο

2151 4831 2388 4903 Sapore?
2412 4829 2722 4899 ἐπέρχεται
2768 4827 2838 4881 δὲ
2872 4825 3036 4891 αὐτῷ
3070 4826 3274 4894 ἀτιμία
3321 4822 3421 4876 καὶ
3458 4812 3661 4876 ὄνειδος·

2163 4923 2355 4977 Ὁπότε
2382 4920 2605 4992 ἁπογνῷ
2633 4921 2732 4990 τὴν
2776 4917 3052 4988 σωτηρίαν
3087 4915 3283 4969 ἑαυτοῦ
3313 4914 3342 4965 ὁ
3374 4912 3447 4983 μὴ
3474 4910 3532 4962 δι’
3559 4905 3666 4969 ἀπ’

2153 5015 2276 5088 θῶν.
2294 5014 2471 5086 ἔργων
2499 5012 2672 5084 τιμῶν
2700 5010 2790 5064 τδν
2820 5009 2974 5073 Θεὸν,
3002 5007 3093 5060 τὸν
3121 5006 3285 5076 φόϐον
3315 5002 3477 5058 αὐτοῦ
3510 5005 3663 5088 παντευ

2152 5084 2542 5169 λῶςὲκόάλλει
2590 5104 2689 5172 τῆς
2753 5101 2889 5163 ιδίας
2928 5098 3141 5169 ψυχῆς·
3169 5099 3264 5149 καὶ
3312 5084 3663 5172 manu“?

2152 5165 2315 5247 αὐτὸν
2346 5192 2417 5246 τὰ
2447 5190 2596 5261 πάθη
2745 5165 2989 5259 ἀτιμίας,
3009 5165 3112 5239 καὶ
3140 5187 3174 5256 ή
3219 5165 3371 5254 παρά
3409 5181 3593 5234 πάντων
3612 5165 3662 5219 δι’

2153 5283 2293 5339 αὐτὰ
2315 5280 2679 5351 ὲξουθένησις.

2222 5415 2285 5469 δ’.
2323 5412 2506 5481 Ὕδωρ
2540 5411 2725 5477 βαθὺ,
2748 5407 2928 5477 ⁵λόγος
2952 5409 3022 5461 ἔν
3041 5407 3255 5475 καρδίᾳ
3281 5405 3506 5474 ἀνδρός.
3532 5396 3654 5481 Δίκηξ

2156 5502 2345 5567 ὓδατος
2370 5478 2672 5572 βαθνυτὰτου
2699 5499 2933 5569 ὑπάρχει
2960 5500 2988 5551 ὀ
3021 5496 3347 5564 θεῖοςλόγος
3378 5500 3435 5549 ὲν
3462 5494 3517 5561 τῇ
3548 5478 3656 5554 ψυχῇ

2154 5593 2248 5648 τοῦ
2290 5593 2543 5663 γενναίως
2571 5591 2639 5645 τὰ
2668 5588 2817 5661 πάθη
2839 5588 3346 5649 καταπαλαίσαντος
3368 5603 3382 5617 ’
3410 5586 3496 5654 τὴν
3531 5573 3652 5631 ἅσυσ’

2159 5702 2248 5737 σον
2286 5685 2384 5753 τῆς
2422 5685 2676 5751 γνώσεως
2718 5678 2881 5733 αὐτοῦ
2915 5677 3244 5749 ὲρευνῶντος
3275 5676 3415 5731 κατὰ
3453 5671 3651 5727 διάνοιαν,

2159 5775 2249 5828 καὶ
2287 5773 2713 5844 ἀνεξηρεύνητον
2750 5771 2953 5842 utith
3005 5771 3369 5843 εὑρίσκοντος.
