3900 6228
304 393 437 458 14οΰ

1354 393 1886 458 COMMEN-TARII
1915 392 2002 454 IN
2032 389 2488 452 PROVERBIA.

3401 395 3536 458 uno

369 503 640 574 Ποταμὸς
667 504 732 556 δὲ
753 503 1076 570 ἀναπηδῶν
1096 501 1190 556 καὶ
1216 505 1378 573 πηγὴ
1410 503 1576 572 ᾄοῆς.
1612 504 1709 557 Ἐκ
1744 505 1863 557 στό-

2038 501 2261 556 Flumen
2297 510 2471 554 autem
2503 502 2795 556 scaturiens
2819 512 2868 556 et
2886 504 3003 572 fons
3031 505 3169 559 vim.
3198 503 3274 559 Ex
3311 521 3406 560 ore
3437 525 3535 560 au-

305 613 470 665 ματος
507 596 564 648 δὲ
588 593 679 648 τοῦ
713 595 998 664 εἰρημένου
1036 594 1247 664 ἀνδρὸς,
1283 589 1436 660 οὗτος
1464 597 1491 648 ό
1521 594 1677 662 λόγος
1705 594 1863 664 δίκην

301 683 542 754 ποταμοῦ
597 684 1072 754 πλημμυροῦντος,
1127 686 1220 737 καὶ
1290 685 1400 737 τῶν
1463 685 1656 738 ἐαυτοῦ
1701 685 1864 753 ὁρίων

301 777 786 844 ὑπερεκχεομένου,
823 780 915 827 καὶ
943 776 1042 844 τὴν
1070 776 1594 847 συμπαρακειμένην
1625 775 1728 843 γῆν
1765 773 1866 843 ἄρ-

298 866 475 928 δοντος
504 867 596 918 καὶ
641 867 985 936 καρποφόρον
1030 866 1439 928 ἀποτελοῦντος,
1463 865 1863 927 διδασκαλικῶς

301 958 717 1027 προερχόμενος,
771 958 1007 1026 πηγάζει
1054 955 1111 1012 εὖ
1163 956 1306 1012 εἶναι
1353 960 1587 1026 ζωτικὴν
1613 957 1864 1024 δύναμιν.

370 1054 430 1102 ε’.
471 1049 779 1118 Θαυμάσαι
831 1052 1156 1117 πρόσωπον
1207 1049 1484 1114 ἀσεϐοῦς,
1533 1051 1605 1102 οὐ
1653 1051 1863 1103 καλόν.

305 1140 464 1209 Ὂψιν
492 1141 1212 1210 καταπλαγῆναιλδυνάστου,
1244 1141 1377 1194 Θεὸν
1403 1141 1477 1211 μὴ
1509 1141 1776 1209 τιμῶντος
1797 1139 1863 1192 δι’

299 1231 687 1300 ἀγαθοεργίας,
715 1227 812 1284 οὐκ
842 1233 987 1284 ἔστιν
1015 1233 1325 1286 ἐπαινετόν.

373 1323 525 1376 Οὐδὲ
554 1324 726 1377 ὅσιον
753 1325 1054 1377 ἐκκλίνειν
1072 1325 1138 1377 τὸ
1167 1325 1402 1378 δίκαιον
1425 1324 1494 1377 ἐν
1519 1325 1734 1391 κρίσει.
1762 1324 1866 1376 0'5-

298 1413 353 1466 δὲ
377 1414 523 1466 δσιον
551 1414 637 1466 διὰ
669 1413 758 1466 τὸν
788 1415 846 1480 ἐξ
889 1415 1052 1467 αὐτοῦ
1114 1415 1300 1482 φόϐον,
1342 1417 1400 1467 ἐν
1446 1414 1626 1484 κρίσει
1669 1413 1863 1484 ἐκτρέ-

299 1503 493 1556 πεσθαι
535 1503 629 1556 τοῦ
660 1503 895 1570 δικαίου,
924 1504 1026 1557 κᾶν
1057 1505 1152 1557 τοῦ
1193 1505 1333 1558 κατὰ
1375 1506 1465 1557 τὸν
1504 1504 1730 1574 φυσικὸν
1775 1504 1864 1556 νό-

303 1612 401 1663 μον
425 1594 656 1658 δικαίου,
688 1596 721 1664 ἡ
745 1595 889 1649 κατὰ
926 1596 1016 1648 τὸν
1046 1595 1416 1664 πνευματικὸν
1451 1597 1612 1665 νόμον
1647 1595 1864 1665 ὁσιότης

298 1685 614 1755 ὑπέρκειται
642 1684 858 1754 φύσεως
897 1685 1032 1756 πρὸς
1061 1687 1130 1738 τὰ
1163 1686 1306 1754 ὑπὲρ
1341 1685 1502 1754 φύσιν
1545 1685 1863 1752 ὲξιστῶντος

297 1773 390 1827 τοῦ
421 1776 750 1844 πνεύματος.

1974 601 2079 648 tem
2106 593 2316 663 prtefati
2332 594 2431 647 viri
2457 594 2545 647 hic
2559 609 2737 648 sermo
2753 595 2817 648 ad
2835 595 3142 649 doctrinam
3158 599 3534 666 progrediens,

1972 683 2239 737 scaturire
2264 681 2393 737 facit
2424 683 2692 736 vivificam
2718 684 2826 737 vim
2863 684 3162 750 felicitatis,
3184 688 3538 756 quemadmo-

1971 774 2098 828 dum
2128 773 2324 828 ﬂumeu
2355 774 2496 844 quod
2519 783 2800 840 exaestuat,
2821 783 2974 830 extra
2996 778 3208 831 alveum
3241 779 3538 832 ellunditur

1970 874 2288 937 terramque
2323 867 2664 937 adjacentem
2719 867 2956 938 irrigans
2986 867 3217 923 fertilem
3247 870 3427 924 efﬁcit.

2041 1049 2206 1105 Vens.
2243 1050 2296 1104 5.
2333 1049 2530 1103 Mirari
2557 1065 2830 1119 personam
2860 1053 3009 1121 impii
3038 1093 3052 1117 ,
3085 1070 3186 1107 non
3215 1063 3291 1107 est
3322 1055 3534 1107 bonum.

1971 1139 2045 1195 De
2075 1141 2226 1194 vultu
2255 1141 2523 1209 potentis‘,
2560 1141 2720 1195 bonis
2772 1145 3032 1212 operibus
3075 1160 3180 1199 non
3221 1145 3536 1199 lionorantis

1969 1231 2136 1285 Deum
2174 1230 2564 1298 obstupescere
2607 1246 2713 1284 non
2745 1240 2829 1285 cst
2860 1231 3154 1286 laudabile.

2039 1322 2220 1392 Neque
2245 1331 2484 1375 sanctum
2504 1321 2767 1375 declinare
2788 1324 2994 1390 justum
3024 1326 3075 1376 in
3096 1325 3322 1393 judicio.
3351 1325 3537 1395 Neque

1968 1425 2218 1467 sanctum
2259 1415 2330 1467 ob
2372 1414 2611 1482 potentis
2641 1423 2843 1467 metum
2873 1453 2888 1478 ,
2922 1416 2972 1466 in
3021 1415 3230 1483 judicio
3259 1417 3536 1471 declinare

1967 1507 2186 1575 ajusto,
2221 1506 2438 1559 etiamsi
2488 1505 2554 1559 de
2579 1505 2732 1573 justo
2790 1505 3088 1558 secundum
3121 1507 3284 1575 legem
3317 1517 3536 1561 natura—

1968 1595 2070 1651 lem
2104 1605 2318 1666 agatur.
2364 1594 2638 1649 Sanctitas
2673 1597 2818 1648 enim
2857 1598 3160 1649 secundum
3198 1597 3366 1668 legem
3424 1600 3536 1667 spi-

1967 1687 2216 1740 ritualem
2259 1694 2480 1755 praestat
2505 1694 2778 1750 naturam,
2809 1686 3006 1754 spiritu
3053 1702 3171 1741 eam
3207 1689 3273 1742 ad
3313 1704 3375 1743 ea
3414 1705 3538 1759 qua:

1967 1793 2133 1847 supra
2170 1787 2422 1830 naturam
2462 1785 2590 1831 sunt
2642 1778 3027 1830 transferente.

369 1871 442 1928 ς’.
470 1864 653 1932 Χείλη
690 1863 970 1933 ἄφρονος,
1026 1865 1282 1934 ἄγουσιν
1328 1863 1514 1916 αὐτὸν
1552 1865 1639 1927 είς
1685 1861 1856 1916 κακοί.

2039 1866 2202 1922 Vens.
2239 1867 2291 1921 6.
2350 1865 2522 1920 Labia
2578 1865 2733 1919 stulti
2797 1866 2999 1919 ducunt
3065 1881 3183 1920 eum
3246 1868 3301 1918 in
3359 1866 3528 1921 mala.

303 1956 369 2007 ΊΙ
395 1953 659 2023 ἐπιθυμία
699 1957 792 2006 καὶ
824 1957 852 2008 ό
877 1954 1048 2024 Θυμδς
1098 1953 1192 2006 τοῦ
1231 1955 1304 2023 μὴ
1341 1953 1482 2023 λόγῳ
1530 1953 1706 2006 ταῦτα
1757 1954 1858 2004 ἐπ-

295 2047 532 2116 έχοντος,
563 2046 676 2100 ἀλλ’
705 2046 972 2114 ἀγομένου
997 2045 1088 2098 ὑπ’
1118 2045 1296 2098 αὐτῶν
1327 2045 1647 2111 ἀλογίστως,
1679 2045 1772 2096 καὶ
1793 2043 1862 2096 δι’

292 2137 473 2191 αὐτῶν
496 2137 571 2200 ὡς
598 2137 685 2190 διὰ
713 2137 938 2205 χειλέων
970 2136 1030 2189 τὸ
1079 2136 1395 2206 παρατυχὸν
1441 2135 1585 2188 ἂπαν
1614 2135 1860 2199 ἀσπαζο-

295 2230 479 2300 μένου,
517 2230 595 2292 εἱς
624 2230 804 2282 πᾶσαν
838 2229 1094 2300 φέρουσιν
1133 2227 1618 2298 αύτὸνᾶμαρτίαν.

365 2404 436 2460 Τὸ
461 2403 530 2458 δὲ
552 2405 745 2473 στόμα
771 2404 962 2459 αὐτοῦ
990 2403 1054 2456 τὸ
1087 2402 1278 2472 θρασὺ
1299 2442 1313 2465 ,
1351 2403 1612 2456 θάνατον
1656 2401 1864 2455 ἐπικα-

292 2493 499 2548 λεῖται.
536 2493 602 2546 Ἦ
647 2494 703 2546 δὲ
744 2492 934 2546 τούτου
971 2493 1264 2560 φαντασία,
1310 2494 1342 2561 ἠ
1393 2492 1546 2559 δίκην
1597 2492 1863 2560 στόματος

293 2583 600 2656 προπετοῦς
623 2624 638 2649 ,
682 2584 780 2655 τὴν
831 2583 972 2636 κατὰ
1021 2583 1260 2636 διάνοιαν
1308 2582 1532 2654 λογικὴν
1577 2583 1734 2648 δόξαν
1785 2583 1861 2653 μὴ

291 2677 656 2746 ἁναμένουσα,
685 2675 821 2729 ἀλλὰ
847 2674 1450 2746 προκαταλαμϐάνουσα
1479 2677 1722 2728 ἐπαινεῖν
1752 2693 1802 2728 τι
1827 2675 1860 2746 ἢ

290 2768 500 2836 ψέγειν,
530 2767 605 2830 ὡς
664 2766 890 2836 ἔτυχεν,
937 2767 1233 2819 ἐπισπᾶται
1289 2765 1389 2837 τὴν
1438 2766 1562 2819 κατ’
1584 2766 1862 2836 ἐνέργειαν

294 2859 583 2928 ἁμαρτίαν,
613 2857 648 2928 ἢ
685 2856 862 2927 ψυχῆς
901 2860 1016 2910 ἐστι
1054 2856 1302 2918 θάνατος.

363 2951 430 3014 ζ’.
470 2950 666 3017 Στόμα
681 2950 959 3018 ἄφρονος,
979 2948 1271 3016 συν-τριϐὴ
1295 2947 1455 3012 αὐτῷ
1473 2963 1489 2979 ⁸
1510 2941 1581 3002 τὰ
1594 2946 1664 3001 δὲ
1685 2947 1860 3016 χείλη

293 3041 498 3104 αὑτοῦ,
517 3039 695 3108 παγίς
719 3039 793 3106 τῇ
816 3038 987 3108 ψυχῇ
1013 3038 1219 3093 αὐτοῦ.
1257 3038 1320 3090 Ἢ
1347 3037 1454 3108 γὰρ
1477 3037 1744 3106 φαντασία
1765 3036 1860 3090 τοῦ

298 3126 371 3200 μὴ
414 3132 503 3184 τὸν
530 3131 624 3184 τοῦ
654 3130 790 3184 Θεοῦ
824 3130 986 3199 φόϐον
1021 3133 1077 3182 ἐν
1108 3128 1308 3200 καρδίᾳ
1351 3128 1629 3196 φέροντος,
1664 3125 1861 3196 συνθλᾷ

295 3191 483 3273 τοῦτον
500 3234 517 3249 °
543 3222 624 3282 είς
649 3221 754 3288 γῆν
784 3191 1121 3273 κάτασπῶσα
1147 3191 1209 3271 τδ
1239 3191 1402 3271 αῦτονῦ
1426 3191 1684 3289 ιρρόνημα
1703 3230 1716 3245 ·
1750 3218 1784 3286 ἡ
1807 3191 1862 3268 δέ
1891 3191 1932 3248 c

297 3311 556 3380 ἐπιθυμία
595 3309 784 3362 τούτου
832 3311 926 3363 καὶ
970 3313 997 3362 ὁ
1027 3311 1217 3379 θυμὸς,
1243 3311 1344 3381 τὴν
1387 3309 1554 3363 αὑτοῦ
1585 3309 1760 3379 ψυχὴν
1790 3309 1866 3372 ὥς

297 3417 404 3454 τισι
441 3399 731 3470 θηράτροις
760 3399 1054 3470 ἁπατηλῶς
1093 3403 1198 3462 τοῖς
1232 3401 1588 3470 προσκαίροις
1617 3401 1866 3453 συνδέου-

299 3509 401 3543 σιν.

367 3585 436 3650 η’.
485 3578 800 3644 Ὀκνηροὺς
831 3576 1188 3638 καταϐάλλει
1214 3578 1426 3643 φόϐος·
1453 3578 1643 3644 ψυχαί
1674 3579 1740 3630 δὲ
1763 3581 1868 3632 ἀν-

297 3672 618 3741 δρογύνων,
635 3669 1055 3723 πεινάσουσιν.
1078 3669 1212 3730 Τοὺς
1232 3685 1370 3720 κατα
1379 3669 1512 3738 pullo
1521 3667 1751 3735 μοῦντας
1771 3669 1867 3738 τῆς

295 3764 403 3816 τῶν
434 3763 591 3815 θείων
618 3761 846 3813 ἐντολῶν
868 3758 1149 3828 ἐργασίας,
1187 3760 1218 3828 ἡ
1247 3759 1449 3826 ταύτης
1474 3759 1734 3826 ἐργασίας
1758 3758 1867 3810 δει-

298 3852 386 3904 λία
414 3851 776 3903 καταπίπτειν
814 3849 986 3902 ποιεῖ·
1013 3850 1066 3900 αἱ
1099 3847 1156 3900 δὲ
1177 3847 1348 3917 ψυχαὶ
1390 3847 1520 3910 τῶν,
1547 3847 1622 3909 ῶς
1661 3847 1869 3916 ἀνδρῶν

301 3943 396 4007 μὲν
427 3939 838 4010 θρασυνομένων
865 3939 922 3989 ἐν
948 3939 1060 3998 τοῖς
1110 3936 1403 4007 μοχθηροῖς
1429 3936 1630 4007 ἔργοις,
1655 3939 1747 3989 καὶ
1772 3936 1866 3989 τοῦ

303 4033 429 4083 ἰδίου
457 4030 701 4083 κινδύνου
733 4027 1220 4098 κατατολμώντων,
1251 4028 1327 4090 ὡς
1361 4027 1633 4096 γυναικῶν
1673 4027 1729 4080 δὲ
1758 4027 1869 4081 δει-

297 4124 624 4192 λαινομένων
655 4126 712 4175 ἐν
737 4124 848 4184 τοῖς
876 4121 1082 4184 καλοῖς,
1111 4119 1205 4172 καὶ
1239 4119 1376 4191 πρὸς
1401 4121 1498 4190 τὴν
1527 4121 1662 4173 ίδίαν
1694 4138 1868 4191 σωτη-

300 4216 418 4284 ρίαν
437 4214 842 4266 άποκνευόντων
851 4209 996 4284 [cod.
1016 4210 1463 4284 ἀποκναιόντων],
1475 4215 1542 4284 τῇ
1557 4211 1649 4266 τοῦ
1661 4211 1866 4282 ἀγαθοῦ

296 4305 472 4376 ἐνδείᾳ⁴
495 4303 843 4375 λιμῶξουσιν.

373 4395 436 4449 θ’.
473 4395 536 4448 '0
570 4394 656 4465 μὴ
696 4393 941 4464 ἰώμενος
961 4394 1147 4448 αὐτὸν
1180 4393 1250 4447 ἐν
1277 4394 1403 4460 τοῖς
1425 4394 1620 4465 ἔργοις
1649 4397 1857 4463 αὐτοῦ,

1967 1959 2257 2026 Appetitus
2287 1956 2738 2025 concupiscibilis
2806 1965 2861 2010 et
2906 1960 3179 2025 appetitus
3243 1957 3532 2011 irascibilis

1967 2048 2087 2116 ejus
2121 2049 2213 2117 qui
2239 2049 2450 2101 ratione
2474 2049 2597 2102 illas
2655 2063 2764 2101 non
2795 2049 3061 2107 continet.
3091 2049 3182 2102 sed
3208 2049 3275 2101 ab
3303 2049 3410 2102 illis
3440 2049 3534 2102 ab-

1968 2138 2189 2194 ducitur
2217 2148 2270 2192 et
2302 2153 2401 2208 per
2437 2138 2555 2192 illos
2593 2139 2744 2207 quasi
2803 2153 2896 2207 per
2969 2138 3110 2191 labia
3165 2138 3532 2208 quodcunque

1968 2246 2089 2287 sors
2121 2230 2306 2284 tulerit
2336 2229 2719 2299 amplectitur,
2763 2230 2819 2286 in
2881 2245 3042 2285 omne
3092 2247 3216 2285 eum
3267 2232 3532 2286 inducunt

1969 2334 2278 2393 peccatum.
2911 2328 2917 2333 '

2042 2413 2110 2466 Et
2139 2430 2196 2467 os
2245 2412 2359 2480 ejus
2403 2415 2585 2465 audax
2619 2423 2836 2466 mortem
2867 2412 3100 2465 invocat.
3164 2413 3342 2480 Hujus
3394 2413 3531 2467 ima-

1971 2503 2180 2572 ginatio
2211 2543 2225 2566 ,
2254 2503 2399 2557 sicut
2423 2518 2487 2557 os
2520 2518 2784 2573 praaceps,
2831 2519 2950 2570 quae
2979 2512 3143 2558 recta:
3165 2506 3364 2559 rationi
3401 2521 3533 2559 con-

1970 2595 2160 2650 formis
2203 2604 2282 2648 est
2319 2596 2631 2664 opinionem
2670 2610 2776 2650 non
2806 2594 2987 2651 ferens
3021 2634 3037 2659 ,
3077 2598 3172 2650 sed
3228 2598 3348 2651 siue
3379 2597 3531 2665 judi-

1968 2689 2055 2742 cio
2089 2703 2152 2742 ac
2175 2688 2385 2742 delccw
2417 2688 2623 2758 aliquid
2651 2687 2875 2742 laudare
2927 2697 3018 2742 aut
3057 2690 3365 2758 vituperare
3395 2704 3532 2758 pra!-

1975 2779 2210 2848 judicat,
2269 2778 2336 2832 ad
2395 2792 2454 2831 se
2513 2779 2643 2832 totis
2690 2778 2900 2834 viribus
2961 2780 3186 2832 attrahit
3249 2789 3528 2848 peccatum

1952 2869 2112 2939 .quod
2143 2883 2292 2922 mors
2319 2875 2401 2922 est
2427 2870 2642 2922 animas.

2042 2959 2205 3014 Vens.
2247 2960 2300 3012 7.
2345 2958 2417 3012 0s
2461 2958 2806 3024 imprudentis
2867 2961 3106 3013 contusio
3147 2960 3194 3013 ei
3226 3001 3241 3026 ,
3292 2969 3342 3013 et
3387 2960 3529 3010 labia

1968 3048 2157 3116 ipsius,
2189 3046 2409 3115 laqueus
2464 3047 2660 3099 animm
2701 3047 2838 3114 ejus.
2881 3047 3197 3117 Imaginatio
3253 3049 3373 3117 ejus
3438 3050 3530 3117 qui

1971 3135 2064 3189 Dei
2093 3136 2340 3189 timorem
2376 3135 2430 3188 in
2477 3134 2646 3188 corde
2678 3150 2788 3188 non
2815 3145 3024 3202 servat,
3056 3148 3530 3208 conquassateum

1968 3227 2035 3280 ad
2077 3234 2280 3279 terram
2341 3227 2626 3280 attralieus
2653 3227 3014 3296 cogitationes
3049 3229 3188 3298 ejus.
3245 3231 3530 3298 Appetitus

1967 3318 2420 3387 concupiscibilis
2451 3329 2631 3372 autem
2666 3319 2815 3374 illius
2842 3335 2904 3373 ac
2935 3323 3208 3390 appetitus
3235 3322 3530 3376 irascibilis

1968 3410 2125 3476 quasi
2151 3409 2478 3477 quibusdam
2507 3409 2714 3479 laqueis
2743 3411 2979 3464 animam
3007 3413 3177 3480 ipsius
3203 3413 3365 3466 rebus
3393 3422 3531 3465 tem-

1968 3503 2248 3570 poralibus
2287 3501 2625 3556 devinciunt.

2043 3592 2206 3646 Vens.
2249 3592 2300 3646 8.
2342 3592 2564 3662 Pigrum
2627 3588 2807 3658 dejicit
2852 3594 3053 3646 timor:
3115 3593 3308 3646 anima:
3358 3603 3531 3648 autem

1968 3684 2389 3751 e/feminatorum
2420 3686 2672 3738 esuriant.
2708 3683 2832 3737 Illos
2874 3685 2965 3752 qui
3018 3684 3294 3754 uegligunt
3319 3684 3532 3738 divinu-

1971 3792 2092 3828 rum
2141 3778 2526 3830 mandatorum
2569 3777 2968 3846 operationem,
3005 3776 3151 3830 illius
3195 3777 3532 3845 operationis

1971 3863 2236 3918 timiditas
2271 3864 2524 3919 decidere
2556 3865 2704 3918 facit.
2739 3866 2947 3918 Anima:
2977 3875 3153 3916 autem
3202 3880 3389 3918 eorum
3437 3867 3531 3934 qui

1970 3962 2029 4006 ut
2077 3955 2178 4007 viri
2211 3955 2433 4024 quidem
2479 3965 2612 4008 sunt
2664 3954 2902 4007 audaces
2953 3951 3018 4005 ad
3070 3967 3233 4020 opera
3275 3955 3532 4017 mala,et

1969 4045 2035 4099 ad
2065 4047 2345 4114 proprium
2398 4045 2703 4113 periculum
2755 4031 3086 4104 adeundum,
3141 4043 3297 4110 quasi
3335 4043 3530 4097 mulie-
3585 4052 3590 4056 '

1969 4146 2059 4187 res
2110 4141 2289 4186 autem
2341 4132 2516 4185 timidi
2552 4142 2678 4186 sunt
2727 4132 2779 4184 iu
2836 4131 2994 4185 bouis
3049 4132 3308 4200 operibus
3362 4141 3416 4186 et
3461 4132 3530 4186 ad

1967 4226 2244 4296 propriam
2285 4226 2514 4281 salutem
2546 4225 2708 4297 pigri,
2751 4226 2931 4294 inopia
2961 4225 3088 4278 boui
3120 4226 3386 4279 esurient.

2034 4405 2202 4461 Vens.
2251 4408 2306 4462 9.
2349 4409 2451 4474 Qui
2501 4425 2602 4462 non
2625 4413 2863 4462 medetur
2887 4408 2990 4462 sibi
3038 4408 3093 4461 in
3125 4407 3367 4475 operibus
3395 4408 3530 4469 suis.

297 4487 559 4554 ἀδελφός
603 4486 733 4539 ἐστι
779 4485 888 4540 τοῦ
932 4484 1371 4555 λυμαινομένου
1415 4486 1648 4542 ἑαυτόν.
1682 4489 1742 4540 Ὁ
1787 4490 1862 4558 μὴ

1981 4498 2134 4554 πταίει·
2159 4513 2236 4554 est
2285 4500 2549 4578 perdentis
2605 4501 2856 4566 seipsum.
2921 4499 3025 4565 Qui
3079 4515 3174 4568 per
3224 4515 3388 4568 opera
3425 4500 3532 4552 vir-

298 4579 384 4630 διᾶ
416 4576 524 4631 τῶν
554 4577 729 4646 ἔργων
771 4578 870 4645 τῆς
906 4577 1104 4648 ἀρετῆς
1140 4576 1497 4631 ἀπαλλάττων
1531 4577 1723 4632 ἑαυτὸν
1753 4578 1863 4632 τῶν

298 4667 556 4732 καθ’ἓξιν
604 4669 702 4737 τῆς
746 4668 1016 4739 ἁμαρτίας
1057 4667 1270 4732 παθῶν,
1300 4664 1504 4737 ἁδελφὰ
1558 4672 1744 4740 φρονεῖ
1789 4669 1867 4741 τῷ

298 4759 414 4812 κατ’
437 4759 715 4829 ἐνέργειαν
738 4758 945 4827 ταύτης
968 4758 1169 4827 μᾶλλον
1189 4760 1382 4812 ἑαυτὸν
1409 4760 1862 4816 καταϐλάπτοντι.

299 4852 358 4901 Et
394 4849 467 4920 μὴ
505 4850 616 4918 γὰρ
642 4849 735 4902 καὶ
765 4851 864 4917 τὴν
898 4850 1039 4901 κατὰ
1083 4849 1320 4901 διάθεσιν
1362 4851 1516 4920 ῥίζαν
1545 4851 1642 4918 τῆς
1670 4851 1866 4916 κακίας

299 4941 523 4993 σπεύσει
551 4940 821 4992 ἐκσπάσαι
848 4957 962 5003 τις,
997 4941 1223 5002 κλάδους
1255 4942 1472 5003 πάντως
1500 4944 1751 5011 πονηρῶν
1776 4944 1864 4995 λο-

299 5029 508 5100 γισμῶν
539 5029 918 5098 ἀναθαλλήσει,
936 5030 1135 5083 καὶτὸν
1166 5033 1359 5102 πικρὸν
1384 5029 1539 5094 αὖθις
1565 5032 1662 5102 τῆς
1687 5035 1866 5104 ἁμαρ-

295 5120 413 5179 τίας
453 5117 572 5169 κατ’
603 5117 884 5186 ἐνέργειαν
927 5117 1270 5189 προσενέγκῃ
1307 5121 1538 5189 καρπόν.

304 5217 308 5220 ’
369 5214 418 5260 ι’.
458 5211 557 5261 Ἐκ
582 5208 1018 5276 μεγαλωσύνης
1044 5210 1281 5277 ισχύος,
1307 5211 1570 5278 φανερὸν
1591 5210 1655 5264 τὸ
1681 5211 1866 5281 ὄνομα

297 5299 535 5366 Κιφίου.
570 5300 666 5352 Ἐκ
707 5302 804 5368 τῆς
830 5302 1245 5372 κηρυττομένης
1277 5303 1381 5354 ὑπὸ
1414 5303 1593 5372 πάσης
1620 5303 1720 5372 τῆς
1749 5306 1865 5356 κτί-

299 5411 430 5470 σεως
462 5395 700 5462 μεγάλης
721 5393 1000 5462 δυνάμεως
1022 5395 1112 5447 τοῦ
1135 5396 1406 5448 Δεσπότου
1428 5395 1534 5449 τῶν
1555 5397 1691 5450 ὅλων
1707 5397 1862 5464 Θεοῦ,

298 5484 508 5554 φανερά
545 5486 578 5552 ἡ
615 5482 804 5535 τούτου
845 5485 1044 5551 γνῶσις
1083 5485 1470 5556 καθέστηκεν.·

366 5603 404 5646 Α
416 5591 534 5657 ὐτῷ
564 5591 632 5644 δὲ
659 5594 1143 5664 προσδραμόντες
1163 5599 1398 5662 δίκαιοι,
1422 5599 1740 5666 ὑψοῦνται.
1784 5603 1862 5672 Τῇ

297 5683 352 5734 δὲ
388 5686 605 5753 τοιαύτῃ
638 5682 834 5750 γνώσει
867 5687 1254 5755 προσελθόντες
1278 5688 1366 5739 διὰ
1397 5689 1630 5753 πίστεως
1663 5694 1751 5744 καί
1776 5695 1863 5760 φό-

296 5777 412 5838 6ου,
434 5776 482 5828 οἱ
514 5773 571 5827 τὸ
601 5775 768 5837 ὅντως
814 5774 1038 5842 ἀγαθὸν,
1057 5779 1146 5830 τοῦ
1171 5779 1522 5842 νομιζομένου
1547 5785 1862 5854 προκρίνον-

1971 4593 2103 4647 tutis
2139 4609 2244 4646 non
2275 4593 2469 4646 liberat
2503 4609 2561 4646 se
2586 4600 2854 4660 quantum
2897 4599 3080 4663 potest
3127 4606 3155 4642 a
3185 4591 3531 4659 passionibus

1967 4683 2199 4751 peccati,
2237 4683 2437 4737 similia
2471 4684 2676 4748 cogitat
2701 4696 2768 4735 ac
2814 4681 2907 4734 ille
2940 4679 3036 4748 qui
3090 4680 3329 4748 seipsqu
3362 4679 3530 4732 laedit.

1965 4770 2100 4827 Nam
2143 4773 2248 4826 nisi
2287 4775 2412 4842 quis
2472 4788 2570 4840 pro
2609 4771 2752 4824 virili
2805 4778 2960 4840 parte
3004 4771 3227 4822 malitiae
3293 4769 3528 4821 radicem

1965 4863 2257 4916 extrahere
2327 4860 2572 4924 studeat,
2607 4861 2873 4913 malarum
2903 4860 3298 4930 cogitationum
3351 4872 3534 4910 ramos

1965 4954 2190 5006 omnino
2235 4953 2507 5007 virescere
2543 4951 2672 5004 facit
2715 4965 3046 5019 amarosque
3081 4949 3278 5002 iterum
3322 4945 3532 5016 peccati

1965 5042 2176 5098 fruetus
2225 5046 2353 5098 totis
2387 5043 2594 5097 viribus
2656 5040 2887 5110 profert.

2041 5222 2398 5278 Vens.lO.E.s
2430 5223 2822 5291 magniﬁcentia
2844 5219 3174 5289 fortitudinis
3205 5235 3392 5272 nomen
3420 5217 3528 5270 Do-

1966 5314 2095 5366 mini
2120 5313 2516 5382 manifestatur.
2541 5313 2616 5363 Ex
2654 5325 2847 5380 magna
2888 5309 3128 5377 potentia
3155 5308 3525 5372 l)ei,omuium

1964 5402 2175 5458 Domini
2195 5409 2305 5482 ,‘ab
2365 5405 2619 5456 universa
2668 5402 2943 5482 creatione
2989 5401 3304 5470 praedicata,
3352 5403 3526 5455 mani-

1966 5496 2101 5550 festa
2127 5475 2336 5550 exstitit
2385 5494 2506 5562 ejus
2539 5475 2796 5562 cognitio.
2944 5490 2952 5498 ’
3167 5483 3170 5485 ’

2039 5609 2102 5661 Ei
2131 5618 2307 5660 autem
2335 5613 2665 5658 occurrentes
2688 5605 2825 5672 justi
2844 5605 3175 5660 exaltantur.
3203 5607 3300 5672 Qui
3337 5618 3518 5664 autem

1965 5699 2028 5752 ad
2064 5701 2212 5751 illam
2247 5696 2612 5764 cognitionem
2645 5703 2943 5746 accurrunt
2973 5711 3068 5762 per
3102 5697 3258 5748 fidem
3294 5705 3348 5749 et
3406 5714 3524 5750 me-

1965 5801 2098 5843 tum.
2140 5797 2192 5840 et
2231 5800 2411 5839 verum
2454 5783 2656 5836 bonum
2691 5783 2740 5837 ei
2785 5783 2924 5852 quod
2959 5785 3260 5837 aestimatur
3322 5788 3523 5839 bonum
