3900 6228
350 347 482 411 HO?

1642 330 2000 393 PROCOPII
2037 328 2282 391 GA‘Z/‘EI

3472 322 3611 387 1503

347 459 728 525 anteponunt,
760 464 787 503 ιι
821 446 1140 506 carnalibus
1180 443 1527 514 terrenisque
1554 442 1623 498 ad
1670 444 1926 515 spiritua-

2062 458 2139 508 ες,
2160 439 2451 508 ἀνάγονται
2470 437 2580 492 ἀπὸ
2602 439 2711 492 τῶν
2730 438 3010 509 σαρκικῶν
3039 438 3136 492 καὶ
3153 438 3356 509 γηΐνων
3388 440 3520 510 πρὸς
3544 441 3616 493 τὲ

345 550 418 602 lia
472 563 537 601 ac
580 542 825 599 cmlestia
869 536 1298 595 transferuntur.

416 638 583 692 Vens.
626 636 715 689 ii.
759 631 1077 698 Substantia
1125 628 1301 683 divitis
1348 628 1449 682 viri
1533 627 1654 681 urbs
1695 627 1921 681 munita.

347 726 668 785 Substautia
725 738 917 779 eorum
961 721 1055 789 qui
1102 720 1362 773 virtutem
1422 733 1489 775 ac
1555 718 1926 787 cognitionem

348 818 640 889 possident
690 812 933 867 C(PlCSiis
1006 816 1095 863 est
1154 807 1480 877 metropolis
1532 806 1752 860 insidiis
1815 820 1927 860 non

352 920 563 980 patens,
608 902 1049 974 inexpugnabilis
1081 918 1098 966 ;
1128 914 1318 954 eorum
1360 899 1451 967 qui
1482 899 1664 954 omnia
1688 913 1929 967 praesen-

352 1002 425 1069 tia
469 1005 828 1053 contemnunt
890 1003 951 1048 ut
1000 992 1153 1047 illius
1200 991 1446 1046 civitatis
1481 992 1630 1044 cives
1667 988 1819 1044 fiant.

424 1086 610 1142 Gloria
640 1094 817 1138 autent
863 1083 978 1152 ejus
1038 1096 1350 1151 magnopere
1403 1078 1702 1133 obumbrat.
1739 1076 1933 1133 Gratia

354 1190 539 1234 autem
605 1176 942 1253 sanctissimi
1012 1173 1278 1243 Spiritus,
1313 1187 1435 1241 qua:
1481 1171 1633 1226 illius
1689 1171 1931 1224 civitatis

354 1270 653 1339 estgloria,
684 1282 827 1337 quos
863 1265 1026 1331 hujus
1068 1265 1220 1318 cives
1253 1263 1451 1332 dignos
1492 1262 1685 1318 habuit
1711 1263 1813 1317 hac
1836 1278 1933 1333 per

355 1362 585 1433 gratiam
630 1357 992 1421 deiﬁcatione,
1017 1357 1246 1409 multum
1292 1356 1346 1408 in
1395 1355 1498 1409 hac
1536 1355 1645 1409 vita
1698 1355 1934 1427 protegit

358 1462 550 1506 umtra
581 1450 851 1505 maculam
876 1463 906 1501 a
937 1446 1333 1515 cupiditatibus
1359 1445 1701 1515 adspersam.

435 1544 596 1599 Vens.
665 1542 750 1596 ιε.
795 1542 1087 1610 Antequam
1132 1550 1459 1603 conteratur,
1518 1540 1787 1595 exaltatur
1844 1556 1937 1593 cor

359 1633 607 1692 hominis,
646 1639 695 1685 et
729 1638 1008 1697 antequam
1030 1628 1380 1698 gloriﬁeetur,
1410 1629 1937 1686 Immitiatur.Causa

359 1723 558 1775 aninne
604 1721 791 1788 lapsus
837 1719 960 1797 ejus
989 1725 1075 1773 est
1114 1718 1385 1772 exaltatio
1419 1760 1435 1784 ,
1470 1718 1934 1787 quemadmodum

2029 529 2377 602 πνευματικά
2414 529 2508 583 καὶ
2546 529 2800 600 οὐράνια.

2100 628 2188 677 ια’.
2216 619 2512 689 ’Υπαρξις
2540 620 2890 684 πλουσίων,
2924 620 3102 685 πόλις
3133 619 3341 689 ὀχυρά.
3385 622 3620 690 Περιου-

2030 716 2120 769 σία
2143 714 2251 768 τῶν
2277 713 2377 785 τὴν
2403 709 2611 785 ἀρετὴν
2640 714 2735 765 καὶ
2768 712 2867 783 τὴν
2895 712 3100 779 γνῶσιν
3132 712 3615 784 πεπλουτηκότων,

2028 808 2063 878 ἡ
2093 808 2206 863 ἄνω
2236 809 2355 861 ἐστὶ
2386 803 2799 877 μητρόπολις,ὴ
2824 803 3250 873 ἀνεπιϐούλητος
3286 805 3379 857 καὶ
3403 805 3623 859 ἀνάλω-

2026 916 2120 963 τος
2138 913 2155 929 ·
2183 899 2360 953 πάντα
2386 898 2729 968 προϊεμένων
2772 897 2843 951 τά
2885 897 3133 967 παρόντα
3151 939 3167 964 ,
3201 897 3276 960 ὡς
3306 897 3371 951 ἂν
3399 898 3619 969 ἐκείνης

2029 991 2244 1045 πολῖται
2276 990 2561 1059 γένωνται.
2576 1042 2582 1051 ,

2118 1082 2179 1136 Ἠ
2221 1082 2291 1136 δὲ
2335 1081 2486 1146 δόξει
2523 1082 2716 1151 αὐτῆς
2738 1080 2893 1153 μέγα
2924 1081 3277 1142 ἐπισκιάζει.
3312 1083 3375 1137 Ἡ
3420 1083 3475 1136 δὲ
3518 1084 3619 1137 τοῦ

2031 1171 2298 1237 παναγῐου
2328 1170 2647 1240 Πνεύματος
2681 1172 2843 1241 χάρις
2862 1211 2878 1235 ,
2908 1171 3055 1242 ἤπερ
3086 1172 3236 1225 ἐστὶν
3265 1172 3475 1243 ἐκείνης
3515 1174 3620 1240 τῆς

2031 1263 2240 1326 πόλεως
2269 1262 2509 1327 εὔκλεια,
2536 1263 2612 1327 ὡς
2644 1264 2770 1326 τοὺς
2795 1264 2999 1334 ταύτης
3020 1264 3243 1329 πολίτας
3264 1265 3490 1330 ἀξιοῦσα
3515 1266 3626 1334 τῆς

2032 1355 2175 1408 κατά
2203 1354 2364 1424 χάριν
2391 1354 2674 1421 θεώσεως,
2704 1356 2766 1409 οὐ
2801 1356 3014 1426 μικρῶς
3045 1356 3325 1410 κάνταῦθα
3356 1357 3623 1425 φυλάττει

2033 1444 2140 1498 ἀπὸ
2180 1446 2275 1514 τῆς
2316 1445 2409 1498 τοῦ
2453 1446 2699 1516 φλογεῖοῦ
2741 1447 2850 1500 τῶν
2889 1446 3079 1500 παθῶν
3121 1448 3510 1519 μελανώσεως.

2109 1535 2197 1606 ιβ’.
2241 1536 2361 1604 Πρὸ
2404 1535 2735 1605 συντριϐῆς
2789 1536 3051 1606 ὑψοῦται
3099 1537 3316 1606 καρδιά
3359 1538 3621 1607 ἀνδρὸς,

2034 1629 2133 1682 καί
2162 1627 2275 1696 πρὸ
2307 1628 2493 1698 δόξης
2521 1629 2926 1685 ταπεινοῦται.
2965 1630 3123 1684 Δίτία
3149 1631 3244 1684 τοῦ
3268 1632 3408 1685 κατά
3436 1631 3637 1702 ψυχὴν
3676 1694 3681 1697 Α

2036 1718 2331 1790 πτώματος
2353 1723 2387 1791 ἡ
2418 1721 2623 1793 ταύτης
2651 1723 2799 1775 ἐστὶν
2839 1722 3091 1793 ἔπαρσις,
3132 1722 3327 1792 ὥσπερ
3358 1722 3428 1776 αὖ
3457 1724 3489 1792 ἡ
3520 1740 3629 1776 τα-

359 1812 642 1867 humiiitas
668 1824 836 1863 causa
878 1818 962 1863 est
992 1809 1218 1864 honoris
1273 1811 1421 1880 apud
1478 1808 1673 1866 Deum.
1737 1808 1928 1866 Omnis

2062 1813 2431 1883 πινοφροσύνη
2456 1815 2555 1883 τῆς
2586 1814 2740 1886 παρά
2770 1814 2889 1885 Θεῷ
2924 1814 3092 1885 τιμῆς
3111 1831 3127 1846 ο
3155 1816 3265 1878 πᾶς
3288 1815 3397 1885 γὰρ
3414 1816 3444 1866 ὁ
3468 1814 3625 1884 ὑψῶν

358 1905 506 1962 enim
540 1903 636 1973 qui
676 1918 736 1957 se
766 1902 972 1957 exaltat
1031 1901 1421 1955 hutuiiiabitur
1446 1940 1462 1963 ,
1497 1902 1589 1971 qui
1638 1911 1818 1956 autem
1872 1916 1934 1957 se

364 1997 614 2051 humiliat
646 1994 999 2049 exaltabitur.

436 2088 598 2141 \‘sns.
642 2086 730 2139 15.
773 2085 879 2150 Qui
931 2086 1084 2154 prius
1137 2082 1412 2153 respondet
1475 2099 1635 2152 quam
1675 2070 1935 2147 audierit,

365 2178 582 2233 stultum
609 2193 663 2230 se
684 2192 793 2230 esse
823 2175 1171 2234 demonstrat,
1206 2174 1669 2241 et‘vituperatione
1692 2174 1933 2244 dignum.

362 2268 466 2334 Qui
498 2282 618 2322 sese
645 2265 889 2320 defendit
916 2267 1240 2334 priusquam
1271 2264 1498 2320 auribus
1529 2266 1768 2335 accipiat
1787 2264 1938 2336 quod

362 2360 468 2428 ipsi
495 2357 733 2420 dicitur,
792 2354 1048 2409 amentia:
1081 2354 1330 2431 defensio
1394 2355 1516 2426 ejus
1565 2356 1939 2412 manifestatio

361 2450 567 2510 evadit.
592 2449 719 2520 quia
747 2463 859 2502 non
881 2446 1363 2518 intelligitdictum
1388 2456 1448 2501 ut
1476 2448 1557 2502 illi
1583 2450 1939 2519 respondeat.

365 2544 489 2599 Ideo
519 2552 577 2597 et
619 2539 998 2596 contemnitur
1042 2538 1111 2594 ab
1145 2539 1401 2595 omnibus
1438 2540 1640 2610 quibus
1672 2542 1942 2613 colloqui-

365 2645 473 2686 ΙΙΙΓ.

384 2787 389 2793 ,
443 2723 605 2779 Vens.
648 2722 736 2777 Η.
779 2721 1039 2777 Furorem
1069 2721 1170 2776 viri
1206 2721 1421 2793 mitigat
1459 2738 1641 2778 servus
1687 2721 1940 2794 prudens.

366 2816 505 2870 Iram
539 2816 778 2871 hominis
830 2817 983 2871 sedat
1042 2815 1286 2885 prudens
1353 2814 1594 2874 famulus
1645 2817 1945 2873 solertibus

365 2907 571 2974 verbis.

438 2999 848 3055 Pusillanimem
878 3006 1061 3052 autem
1106 2998 1390 3053 dominum
1434 2998 1481 3053 si
1510 3001 1634 3069 quis
1681 3002 1941 3065 sustinet,

370 3092 738 3148 admiratione
781 3091 1004 3158 dignus.
1034 3088 1189 3144 Solet
1217 3091 1363 3144 enim
1396 3090 1488 3145 ille
1511 3092 1673 3148 irasci
1706 3093 1762 3147 in
1791 3093 1943 3148 omni

368 3183 684 3247 occasione,
715 3181 759 3235 si
792 3179 1009 3234 accidat
1044 3190 1103 3234 ut
1144 3179 1352 3250 aliquid
1386 3195 1499 3237 non
1551 3182 1710 3251 juxta
1778 3184 1947 3239 bene-

370 3275 632 3345 p'avitum
680 3272 1001 3342 perficiatur
1047 3287 1116 3327 ex
1163 3273 1477 3343 ignorantia
1523 3275 1667 3330 servi
1714 3275 1946 3330 manda-

371 3379 487 3422 tum
538 3381 647 3420 non
706 3364 1090 3433 adimplentis,
1121 3366 1211 3418 cui
1254 3380 1397 3435 saepe
1443 3365 1745 3425 inhumane
1782 3366 1948 3439 ﬂagra

373 3458 566 3525 inﬁgit.

448 3547 611 3602 Vsus.
656 3546 741 3601 15.
782 3546 888 3601 Cor
930 3545 1207 3615 prudentis
1237 3545 1477 3614 possidet
1538 3561 1777 3602 sensum.
1819 3546 1952 3599 Ani-

375 3656 464 3695 ma
510 3638 769 3715 ejusqui
827 3637 997 3692 Deum
1049 3646 1231 3692 mente
1285 3635 1517 3707 profert,
1569 3637 1772 3707 accipit
1831 3635 1950 3691 dis-

375 3732 675 3787 cretionem
704 3744 828 3798 quae
855 3742 885 3781 a
912 3727 1099 3797 pejore
1145 3726 1346 3782 melius
1371 3728 1681 3797 distinguit;
1722 3729 1953 3782 manda-

376 3834 432 3879 ta
494 3821 586 3878 Dei
658 3819 960 3890 adimplere
1013 3820 1183 3890 Cupit,
1248 3827 1359 3874 tum
1421 3834 1485 3887 ea
1549 3834 1670 3890 quae
1722 3834 1754 3873 a
1807 3819 1951 3875 malo

376 3921 677 3979 avertunt,
711 3921 825 3966 tum
871 3925 935 3971 ea
973 3925 1094 3980 quae
1138 3910 1205 3966 ad
1257 3910 1515 3966 virtutem
1561 3911 1949 3968 adhortantur.

447 4117 617 4170 Aures
683 4122 861 4167 autem
934 4112 1257 4182 sapientium
1301 4115 1577 4183 ‘quterunt
1632 4113 1950 4168 doctrinam.

377 4208 612 4262 Auditus
644 4213 829 4261 autem
869 4218 1060 4259 eorum
1093 4203 1188 4274 qui
1220 4204 1393 4259 divini
1434 4204 1585 4259 verbi
1655 4215 1786 4259 sunt
1824 4221 1955 4276 para

387 4298 605 4365 ticipes,
650 4310 758 4350 non
825 4295 946 4349 solo
994 4293 1088 4348 Dei
1123 4294 1291 4350 verbo
1339 4304 1469 4350 sunt
1519 4297 1801 4357 contenti.
1859 4297 1953 4352 sed

380 4403 477 4457 per
512 4387 925 4441 meditationem
977 4393 1301 4441 scrutantur
1329 4387 1495 4440 etiam
1565 4386 1729 4455 hujus
1803 4388 1955 4443 verbi

380 4493 625 4540 sensmn,
667 4478 844 4532 donec
909 4478 1238 4547 perveniant
1310 4478 1377 4531 ad
1413 4476 1468 4531 id
1518 4479 1663 4548 quod
1720 4486 1843 4543 est,
1896 4489 1956 4534 ut

384 4569 551 4630 Deus,
594 4581 761 4635 supra
792 4564 1479 4636 mentishconceptionem.

450 4659 614 4713 Vens.
640 4658 728 4712 16.
767 4657 973 4711 Donum
1018 4660 1245 4713 hominis
1280 4658 1476 4713 dilatat
1535 4673 1677 4722 eum,
1734 4668 1785 4713 et
1814 4658 1957 4724 apud

379 4751 638 4822 principes
667 4749 844 4803 sedere
873 4748 1003 4817 facit
1051 4766 1190 4804 eum.
1231 4751 1471 4833 spiritus
1529 4754 1707 4806 sancti
1750 4751 1956 4805 donum

381 4845 525 4916 quod
562 4843 761 4912 accipit
793 4842 978 4922 homo,
1014 4843 1166 4897 ducit
1192 4859 1314 4897 eum
1352 4844 1405 4897 in
1431 4859 1748 4898 mensuram
1779 4844 1959 4898 :etatis

379 4934 734 5007 plenitudinis
750 4931 975 4987 Christi.
990 4930 1125 4987 Cum
1145 4933 1308 4986 homo
1331 4947 1359 4985 a
1384 4932 1577 4985 timore
1595 4931 1780 4985 divino
1813 4933 1963 4985 ince-

383 5032 464 5101 pit
502 5038 555 5084 et
590 5028 716 5084 aliis
762 5025 963 5082 exinde
984 5025 1150 5081 donis
1178 5025 1374 5089 crevit,
1398 5025 1551 5079 illttm
1576 5024 1885 5079 consolidat
1905 5032 1962 5078 et

385 5122 577 5178 sedere
609 5118 743 5175 facit
767 5135 890 5175 cum
927 5119 997 5173 iis
1019 5117 1115 5188 qui
1138 5116 1435 5188 participes
1463 5124 1596 5172 sunt
1624 5115 1960 5185 perﬁcientis

384 5214 665 5284 sapientia:
693 5227 816 5284 quae
843 5211 939 5267 dat
970 5211 1139 5267 robur
1172 5211 1241 5265 ad
1271 5207 1611 5280 subigendos
1669 5206 1961 5277 pravitatis

386 5305 636 5375 spiritus,
678 5303 956 5358 mendacii
1006 5312 1286 5357 auctores.
1332 5300 1489 5354 Illum
1524 5314 1553 5351 a
1607 5298 1961 5367 passionibus

386 5395 757 5468 puriilCatum,
790 5403 845 5450 et
872 5409 970 5465 per
998 5394 1413 5450 meditationem
1441 5390 1810 5474 illuminqtum
1868 5403 1962 5442 co-

385 5490 646 5559 gnitione,
700 5486 1001 5558 perfectum
1053 5487 1106 5541 iu
1147 5486 1433 5543 soliditate
1468 5482 1696 5537 virtutis
1747 5480 1981 5536 consti-‘

388 5581 509 5635 luit.

466 5754 633 5809 Vnus.
676 5758 754 5809 l7.
789 5756 979 5811 Justus
1012 5767 1283 5811 accusator
1318 5759 1400 5810 sui
1444 5758 1495 5807 in
1531 5755 1795 5823 prim‘irin
1849 5771 1957 5808 scr-

2035 1907 2229 1961 ὲαυτὸν
2252 1908 2784 1979 ταπεινωθήσεται,ὁ
2805 1911 2863 1962 δὲ
2887 1910 3162 1964 ταπεινῶν
3186 1910 3378 1963 ἑαυτὸν
3401 1909 3631 1978 ὑψωθή-

2036 2016 2209 2056 σεται.

2022 2079 2028 2086 ’
2108 2100 2199 2161 ιγ’.
2231 2095 2329 2158 Ὃς
2358 2093 2748 2161 ἀποκρίνεται
2767 2095 2955 2162 λόγον
2980 2092 3125 2160 πρὶν
3143 2093 3425 2154 ἀκοῦσαι,
3443 2094 3635 2162 ἀφρο-

2039 2187 2199 2253 σύνη
2240 2185 2412 2239 ἐστὶν
2450 2184 2613 2250 αὐτῷ
2651 2185 2751 2239 καὶ
2784 2183 3036 2249 ὄνειδος.
3076 2184 3168 2254 Τῷ
3199 2186 3635 2255 ἀπολογουμένῳ

2041 2278 2173 2348 πρὶν
2203 2279 2315 2338 τοῖς
2339 2276 2441 2329 ὠσὶ
2468 2274 2720 2347 δέξασθαι
2745 2275 2807 2327 τὸ
2836 2276 2988 2347 παρά
3013 2282 3157 2339 τινος
3184 2276 3358 2346 τούτῳ
3386 2276 3632 2344 λεγόμε-

2043 2387 2156 2432 νον,
2197 2368 2386 2432 ἀνοίας
2421 2371 2455 2439 ἡ
2503 2367 2734 2434 τοιαύτη
2786 2369 3050 2437 ἀπολογία
3099 2369 3388 2439 παραίτιος
3411 2368 3635 2437 γίνεται

2044 2460 2129 2513 ὅτι
2162 2460 2236 2529 μὴ
2268 2458 2482 2527 συνίησι
2509 2457 2571 2511 τὺ
2606 2457 2902 2527 λεγόμενον
2922 2498 2938 2522 ,
2976 2458 3064 2512 ἶνα
3091 2459 3229 2529 πρὸς
3266 2459 3398 2512 αὐτὸ
3439 2458 3634 2526 φθέγ-

2045 2549 2235 2619 ξηται’
2281 2548 2534 2602 ἐντεῦθεν
2577 2548 2635 2601 δὲ
2682 2550 2777 2601 καὶ
2824 2548 3225 2615 ἐξουδενιὶωεως
3275 2549 3425 2620 παρά
3481 2550 3630 2602 πᾶσι

2044 2642 2158 2704 τοῖς
2186 2640 2629 2711 ἐντυγχάνουσιν.

2118 2730 2203 2785 ιδ’.
2244 2730 2447 2800 Θυμὸν
2472 2730 2695 2799 ἀνδρὸς
2725 2731 2975 2799 πραΰνει
3014 2731 3287 2800 θεράπων
3312 2732 3631 2801 φρόνιμος.

2059 2822 2262 2893 Ὀργὴν
2302 2820 2593 2892 ἀνθρώπου
2634 2822 2990 2877 καταστέλλει
3024 2825 3283 2895 νουνεχὴς
3320 2825 3631 2895 ὑπηρέτης,

2046 2913 2239 2981 δεξιῶς
2270 2914 2435 2968 αὑτὸν
2468 2913 2895 2985 μετερχόμενος.

2120 3007 2472 3078 Μικρὸψυχον
2500 3006 2546 3060 δ’
2569 3007 2854 3077 ἄνθρωπον
2883 3005 3041 3071 εἴτις
3066 3008 3383 3076 ύπενέγκει,
3407 3008 3633 3080 θαύμα-

2049 3114 2139 3163 τος
2172 3088 2321 3162 ἄξιος
2340 3115 2356 3129 υ
2391 3097 2548 3151 εἴωθε
2579 3097 2688 3168 γὰρ
2713 3093 2871 3161 οὗτος
2894 3099 3210 3169 ὀργίζεσθαι
3236 3103 3330 3153 καὶ
3354 3103 3433 3164 εἰς
3454 3102 3515 3154 τὸ
3538 3118 3635 3155 τυ-

2048 3190 2162 3260 χὸν,
2193 3192 2244 3242 εί
2276 3190 2460 3260 συμϐῇ
2492 3189 2565 3260 μὴ
2596 3189 3028 3259 ἀποτελεσθῆναι
3052 3192 3194 3245 κατά
3231 3193 3291 3245 τὸ
3318 3193 3466 3262 αὐτῷ
3498 3194 3631 3263 βου-

2048 3282 2231 3352 λητὸν,
2255 3280 2319 3346 ἐξ
2348 3283 2571 3350 ἀγνοίας
2596 3280 2692 3333 τοῦ
2721 3280 2797 3352 μὴ
2821 3281 2980 3335 τοῦτο
3003 3283 3405 3355 πληρώσαντος,
3496 3286 3633 3339 πολ-

2050 3373 2209 3436 λάκις
2234 3372 2482 3441 ἀνηλεῶς
2512 3370 2783 3442 ἐπιφέρει
2816 3372 2909 3425 καὶ
2936 3373 3227 3443 μάστιγας.

2126 3536 2208 3586 ιε’.
2246 3531 2469 3598 Καρδίιι
2488 3532 2779 3601 φρονίμου
2821 3531 3029 3588 κτᾶται
3047 3532 3355 3599 αἴσθησιν.
3394 3534 3455 3586 'ii
3481 3534 3631 3605 ψυχὴ

2052 3626 2144 3679 τοῦ
2173 3627 2563 3698 περιφέροντος
2595 3628 2727 3680 Θεὸν
2757 3627 2898 3680 κατὰ
2923 3625 3184 3690 διάνοιαν,
3218 3625 3630 3696 προσλαμϐάνει

2052 3719 2325 3790 διάκρισιν
2357 3720 2455 3791 τὴν
2480 3718 2795 3790 διαιροῦσαν
2828 3718 2889 3772 τὸ
2916 3720 3163 3787 κρεῖττον
3194 3719 3303 3771 ἀπὸ
3326 3719 3417 3772 τοῦ
3445 3720 3626 3790 χείρο-

2055 3822 2174 3872 νος·
2209 3810 2318 3862 τῶν
2349 3809 2775 3881 ἁποτρεπουσῶν
2806 3807 2905 3878 μὲν
2937 3808 3031 3861 τοῦ
3058 3808 3261 3872 κακοῦ,
3290 3826 3631 3880 προτρεπού-

2058 3896 2167 3950 σῶν
2218 3898 2274 3950 δὲ
2325 3899 2463 3968 πρὸς
2496 3898 2557 3952 τὸ
2586 3897 2750 3951 καλὸν
2781 3896 3010 3951 ἐντολῶν
3043 3897 3231 3965 αὐτοῦς
3268 3899 3408 3954 κατά
3434 3900 3631 3971 πρᾶξιν

2054 3990 2497 4062 ἀντιποιουμένη,

2130 4078 2279 4137 Ὦτα
2307 4083 2376 4137 δὲ
2405 4085 2616 4153 σοφῶν
2651 4083 2812 4153 ζητεῖ
2846 4085 3108 4141 ἔννοιαν.
3149 4088 3215 4141 Ai
3249 4086 3293 4139 δ’
3315 4088 3476 4141 ἀκοαὶ
3524 4085 3635 4139 τῶν

2060 4179 2440 4247 μετασχόντων
2482 4177 2577 4232 τοῦ
2611 4178 2756 4232 θείου
2805 4179 2987 4248 λόγου,
3017 4181 3117 4233 οὐκ
3158 4179 3455 4250 ἀρκοῦνται
3488 4180 3632 4248 μόνῳ

2057 4266 2135 4337 τῷ
2162 4267 2354 4320 τούτου
2392 4268 2563 4340 ῥητῷ,
2592 4269 2706 4322 ἀλλ’
2728 4270 3061 4338 ἀνερευνῶσι
3099 4270 3241 4324 κατὰ
3281 4268 3513 4340 θεωρίαν
3542 4271 3631 4330 καὶ

2058 4360 2119 4412 τὸ
2143 4359 2308 4413 αὐτοῦ
2329 4362 2540 4430 νοητὸν,
2577 4361 2681 4424 ἕως
2702 4361 2768 4416 ἂν
2795 4362 3074 4437 φθάσωσιν
3099 4364 3181 4425 εἰς
3201 4362 3261 4415 τὸ
3282 4363 3471 4417 τούτου
3495 4363 3631 4429 ὑπὲρ

2059 4452 2383 4523 κατάληψιν,
2425 4455 2499 4517 ὡς
2536 4453 2696 4508 Θεοῦ.

2132 4646 2227 4706 ις’.
2287 4641 2448 4708 Δόμα
2491 4640 2808 4708 ἀνθρώπου
2851 4637 3213 4693 exalat/dre:
3260 4630 3482 4701 αὐτὸν,
3537 4638 3631 4691 καὶ

2061 4732 2220 4801 παρὰ
2237 4731 2565 4797 δυνάσταις
2587 4730 2881 4792 καθιζάνει
2911 4732 3118 4787 αὐτόν.
3157 4731 3220 4783 Ἥ
3245 4730 3338 4783 τοῦ
3368 4730 3633 4798 παναγίου

2062 4824 2379 4895 Πνεύματος
2410 4808 2608 4896 δωρεὰ,
2643 4824 2711 4896 ἢν
2742 4823 3013 4893 λαμϐάνει
3040 4823 3347 4893 ἄνθρωπος,
3374 4824 3498 4891 ἄγει
3524 4821 3637 4875 τοῦ·

2060 4936 2153 4971 τον
2172 4921 2253 4982 εἰς
2271 4918 2474 4988 μὲτρον
2498 4916 2717 4989 ἡλικίας
2739 4916 2832 4969 τοῦ
2857 4914 3223 4987 πληρώματος
3247 4916 3344 4969 τοῦ
3366 4915 3603 4985 Χριστοῦ
3620 4933 3633 4945 ·

2062 5011 2171 5065 ἀπὸ
2198 5010 2366 5080 φόϐου
2390 5010 2539 5064 θείου
2565 5013 2884 5081 ἀρχόμενον,
2907 5010 3001 5063 καὶ
3023 5011 3135 5072 τοῖς
3159 5009 3284 5078 ἑξῆς
3307 5011 3638 5079 χαρίσμασιν

2064 5103 2511 5172 ἐπεκτεινόμενος)
2559 5104 2654 5156 καὶ
2700 5101 2841 5171 μετά
2868 5100 2977 5153 τῶν
3012 5101 3391 5171 μετασχόντων
3417 5103 3519 5168 τῆς
3556 5116 3641 5151 τε·

2040 5195 2335 5249 ’λειοποιοῦ
2366 5193 2581 5262 σοφίας.
2610 5193 2711 5264 τῆς
2740 5192 3099 5263 ἐνισχυούσης
3126 5192 3317 5245 τοῦτον
3344 5192 3426 5256 είς
3456 5192 3517 5244 τὸ
3541 5208 3642 5243 κα-

2065 5288 2481 5343 ταδυναστεύειν
2518 5286 2629 5339 τῶν
2671 5287 2741 5339 τὰ
2779 5286 2951 5356 ψευδῆ
2981 5284 3387 5353 ὑποτιθεμένων
3415 5285 3517 5353 τῆς
3547 5300 3643 5336 ποι

2065 5379 2262 5453 νηριας
2303 5381 2658 5450 πνευμάτων,
2704 5376 3084 5446 ὲγκαθιδρύειυ
3117 5376 3257 5446 μετά
3300 5375 3362 5428 τὸ
3407 5377 3644 5445 καθᾶραι

2067 5477 2253 5529 παθῶν
2295 5474 2438 5528 κατὰ
2484 5474 2701 5545 πρᾶξιν,
2734 5471 2829 5525 καὶ
2878 5470 3112 5538 φωτίσαι
3147 5468 3466 5537 γνωστικῶς
3512 5468 3647 5521 κατά

2067 5566 2319 5637 θεωρίαν,
2336 5566 2547 5618 τέλειον
2572 5562 2734 5617 αὑτὸν
2755 5560 3182 5616 ἀποκαθιστῶσα
3203 5563 3268 5630 τῇ
3288 5561 3343 5611 ὲν
3360 5559 3439 5628 τῷ
3462 5558 3649 5625 ἀγαθῷ

2065 5657 2317 5728 ἀτρειεᾳ.

2144 5752 2227 5813 ιζ’.
2269 5752 2502 5813 Δίκαιος
2533 5749 2751 5803 ἑδιιιθτοῡ
2784 5746 3115 5815 natm-opm;
3139 5746 3207 5797 ἐν
3255 5746 3651 5811 ,7,ρωτο.1‹γι’(ι,
