3900 6228
299 356 434 423 1499

1374 366 1780 428 COMMENTA
1797 369 1901 429 [ιιι
1947 368 2027 428 IN
2069 366 2520 434 I’Rl’WERBlA.

3424 383 3555 449 liii}

295 472 395 534 ⁸⁷ος
423 469 516 523 τὸν
541 470 703 540 νόμον
732 475 831 544 τῆς
855 476 936 538 εἰς
968 475 1101 528 Θεὸν
1133 476 1226 529 καὶ
1263 477 1355 531 τὸν
1391 479 1618 549 πλησίον
1650 482 1873 552 ἀγάπης

2006 481 2171 534 monis.
2214 479 2316 547 Qui
2352 484 2519 553 legem
2554 485 2843 565 charitatis
2886 488 2938 543 in
2974 484 3139 545 Deum
3189 502 3241 545 ct
3268 491 3322 546 in
3365 510 3555 563 proxi-

289 566 473 633 τηρεῖ,
504 567 935 637 προηγουμένως
967 568 1091 621 οὕτε
1127 568 1274 638 Θεῷ,
1307 570 1430 624 οὔτε
1464 573 1570 644 μὴν
1602 574 1873 644 ἀνθρώπῳ

287 656 391 722 τὴν
416 657 631 710 οίανοῦν
658 658 866 728 μέμψιν
889 661 1085 729 ἐπάγει
1112 678 1126 691 ·
1153 661 1268 714 ἀλλ’
1292 664 1487 717 ἑαυτὸν
1508 667 1749 720 αἰτιᾶται
1777 672 1845 737 ἐφ
1862 671 1875 689 ’

216 814 225 833 ι
289 741 373 810 οῖς
405 748 720 820 πλημμελεῖ
740 766 756 783 ⁶
787 752 909 821 μεθ’
932 753 963 806 ὃ
990 754 1208 819 πάντως
1249 756 1347 826 τὴν
1394 758 1526 829 παρ’
1547 758 1874 832 ἀμφοτέρων

288 837 581 903 ὲξαιτεῖται
617 845 981 915 συμπάθειαν.

378 931 470 997 Ὠς
509 932 561 985 δ’
600 933 678 987 ἂν
721 935 1018 1010 ἐπιϐάλλῃ
1072 942 1106 993 ὁ
1149 941 1448 1006 ἀντίδικος
1473 985 1487 1007 ,
1541 944 1870 1014 ἐλέγχεται.

306 1023 586 1080 Ἐντεῦθεν
614 1025 670 1080 δὲ
697 1026 879 1091 καθὼς
908 1029 974 1082 ἂν
1005 1030 1176 1102 τούτῳ
1211 1034 1493 1107 προσϐάλῃ
1522 1036 1555 1093 ὁ,
1581 1028 1875 1099 ἀντίπαλος

291 1114 401 1166 τῶν
450 1117 735 1188 ἡμετέρων
784 1120 1006 1191 ψυχῶν,
1036 1125 1329 1196 εῖτεπρὸς
1382 1124 1730 1197 βλασφημίαν
1776 1128 1873 1182 τοῦ

291 1204 428 1258 Θεοῦ
480 1206 700 1278 κινῆσαι
745 1210 934 1265 τοῦτον
981 1214 1293 1286 ἐπιχειρῶν,
1328 1218 1438 1269 εἴτε
1489 1217 1627 1288 πρὸς
1673 1218 1873 1290 ἔχθραν

289 1296 386 1349 τοῦ
425 1297 676 1369 ἀδελφοῦ,
718 1303 1064 1373 ἡττώμενος,
1105 1306 1395 1379 άνίσχυρος
1434 1309 1726 1364 δείκνυται.

367 1395 460 1458 ιη’.
495 1392 859 1463 Ἀντιλογιάς
899 1397 1074 1451 παύει
1111 1398 1356 1467 κλῆρος.
1409 1400 1472 1453 Ἡ
1525 1404 1873 1475 καταγομένη

302 1481 411 1533 ἀπὸ
434 1481 569 1535 Θεοῦ
598 1483 675 1547 ὥς
701 1502 784 1548 τις
817 1489 1084 1558 πατρικὸς
1110 1490 1331 1561 κλῆρος,
1355 1493 1444 1546 ἐπὶ
1470 1495 1596 1556 τοὺς
1620 1495 1876 1560 ἀξιωθέν-

293 1589 392 1636 τας
435 1577 532 1644 τῆς
566 1576 731 1629 αὑτοῦ
761 1579 903 1631 κατὰ
936 1580 1099 1652 χάριν
1142 1583 1434 1649 υἱοθεσίας,
1476 1584 1572 1639 τοῦ
1607 1588 1874 1656 παναγίου

303 1665 623 1734 Πνεὺματος
668 1669 869 1741 δωρεὰ,
900 1674 1012 1734 τοῖς
1058 1673 1157 1743 μὲν
1206 1675 1538 1746 ἀρτιγενέσι,
1567 1679 1729 1734 παύει
1778 1681 1877 1745 τὰς

292 1758 626 1823 ἀντιθέσεις·
657 1761 755 1833 τὴν
784 1763 968 1818 πίστιν
993 1764 1205 1829 τούτοις
1235 1767 1569 1831 ἐπαύξουσα.
1599 1771 1693 1823 καὶ
1726 1772 1874 1844 φόϐῳ

294 1849 424 1921 θείῳ
458 1853 897 1909 καταστέλλουσα
928 1856 1076 1927 πάθη
1117 1858 1187 1911 τά
1219 1860 1339 1922 ταῖς
1369 1860 1611 1924 ἐντολαῖς
1640 1863 1876 1917 ἀντικεί-

296 1958 455 2011 μεἰα.

375 2033 476 2087 Ἐν
501 2032 570 2087 δὲ
602 2033 931 2105 δυνάσταις
966 2039 1160 2109 ὁρίζει.
1202 2040 1324 2104 Τοῖς
1372 2042 1416 2095 δ’
1438 2044 1757 2116 ἀνδρωθεῖσι
1807 2049 1872 2118 τῇ

296 2123 500 2189 πίστει,
532 2129 627 2179 καὶ
668 2127 775 2182 τῶν
819 2131 1006 2183 παθῶν
1038 2133 1481 2207 περιγενομένοις
1501 2176 1514 2201 ,
1545 2137 1875 2209 περιγράφει

296 2215 393 2287 τὴν
416 2217 737 2288 ἐνέργειαν,
769 2222 828 2273 ἐν
859 2222 1054 2286 αὑταῖς
1097 2227 1219 2288 ταῖς
1252 2225 1322 2279 τὰ
1352 2227 1500 2298 πάθη
1535 2230 1876 2285 καταπαλαι-

300 2310 491 2374 σάσαις
520 2311 759 2375 ἐντολαῖς
802 2314 897 2367 τοῦ
932 2315 1068 2369 Θεοῦ
1090 2333 1103 2348 ο
1141 2318 1217 2381 ὡς
1264 2318 1330 2373 ἂν
1356 2316 1494 2392 αὕτη
1543 2324 1623 2387 είς
1652 2324 1751 2389 τὰς
1779 2326 1877 2396 τῆς

299 2404 500 2475 ἀρετῆς
527 2407 600 2477 μὴ
627 2407 848 2479 ἑκκλίνη
876 2410 1206 2481 ὑπερϐολάς.

366 2496 452 2551 ιο’.
493 2497 772 2567 Ἄδελερὸς
791 2501 912 2554 ὑπὸ
932 2502 1200 2573 ἀδελφοῦ
1214 2505 1649 2577 βπθούμενος,
1667 2510 1747 2575 ὡς
1769 2511 1875 2564 πόα

298 2592 393 2654 λις
421 2584 728 2657 ὀχυρὰκαὶ
762 2593 975 2661 ὑψηλή
1000 2613 1011 2625 ·
1072 2594 1267 2664 ισχύει
1295 2598 1383 2664 δὲ,
1403 2599 1607 2669 ὥσπερ
1646 2606 1879 2672 τεθεμε-

299 2677 559 2747 λιωμένη
581 2686 1077 2752 μεμοχλευμένον
1089 2686 1432 2749 βασίλειον.
1476 2688 1635 2758 Ψυχὴ
1663 2690 1794 2759 πρὸς
1815 2690 1881 2744 τὰ

302 2769 566 2823 κάλλιστα
602 2772 704 2825 ὑπὸ
739 2773 834 2826 τοῦ
872 2774 1167 2843 συγγενοῦς
1196 2775 1423 2846 σαρκίου
1451 2779 1879 2849 συνεργουμένη,

302 2863 458 2933 δίκην
483 2864 694 2928 πόλεως
727 2866 931 2937 ὀχυρᾶς
960 2883 1019 2919 τε
1066 2867 1161 2921 καὶ
1192 2867 1424 2939 ὑψηλῆς,
1454 2872 1566 2933 τοῖς
1616 2871 1711 2941 μὲν
1747 2872 1852 2924 καθ
1871 2873 1884 2893 ’

305 2957 612 3030 ὑπερϐολὴν
642 2958 743 3025 τῆς
770 2961 974 3030 ἀρετῆς
1005 2959 1201 3015 πάθεσι
1236 2961 1388 3031 μένει
1411 2962 1880 3029 ἀνεπιϐούλευτος

304 3052 381 3114 ὡς
427 3052 893 3122 μετριοφρονοῦσα
927 3051 1004 3122 τῷ
1035 3053 1182 3123 πόνῳ
1227 3055 1327 3124 τῆς
1370 3054 1575 3126 ἀρετῆς
1598 3055 1737 3132 ..διὰ
1785 3057 1884 3128 τὴν

1982 585 2128 623 mum
2176 582 2382 632 servat,
2433 589 2607 643 neque
2647 574 2757 631 Deo
2814 596 2993 649 neque.
3051 583 3257 636 homini
3318 586 3551 654 primam

1976 675 2360 732 quamcunque
2387 664 2839 734 vituperationem
2881 671 3094 736 tribuit,
3127 673 3222 728 sed
3264 688 3321 729 se
3374 675 3554 743 ipsum

1979 764 2203 807 accusat
2244 754 2312 809 de
2356 757 2592 824 propriis
2620 759 2851 832 culpis;
2906 772 3193 833 pmpterea
3233 765 3323 821 Dei
3381 765 3559 820 homi-

1979 860 2220 915 numque
2247 848 2472 903 omnino
2512 851 2614 905 sibi
2647 853 2907 928 conciliat
2943 857 3264 911 amicitiam.

2050 934 2182 991 Cum
2212 954 2331 993 vero
2386 939 2638 1010 adjecerit
2689 945 3034 1001 adversarius
3091 950 3353 1019 arguitur.
3417 950 3559 1006 llinc

1978 1034 2159 1083 autem
2191 1033 2660 1099 quemadmodum
2702 1038 2747 1091 si
2800 1052 2961 1106 quem
2990 1048 3163 1094 tentat
3203 1040 3559 1097 adversarius

1979 1117 2287 1172 animarum
2315 1132 2659 1187 nostrarum,
2693 1141 2818 1180 eum
2874 1128 3158 1198 impellere
3210 1131 3391 1187 nitens
3441 1133 3558 1187 sive

1978 1206 2045 1259 ad
2095 1207 2489 1277 blasphemiam
2528 1213 2583 1268 in
2619 1214 2812 1280 Deum,
2865 1218 2980 1274 sive
3017 1220 3085 1275 ad
3126 1220 3310 1277 odium
3343 1220 3555 1285 fratris,

1976 1299 2161 1354 victus
2190 1301 2583 1361 imbecillitatis
2612 1309 2882 1377 arguitur.

2048 1386 2216 1444 Vsus.
2267 1390 2352 1447 18.
2395 1392 2861 1453 Contradictiones
2911 1402 3059 1454 sedat
3113 1419 3251 1456 sors.
3317 1403 3557 1472 Spiritus

1978 1481 2155 1535 sancti
2187 1483 2389 1537 donum
2410 1487 2555 1555 quod
2582 1503 2611 1540 a
2640 1489 2748 1544 Deo
2772 1491 3055 1545 derivatur
3077 1495 3232 1563 quasi
3263 1496 3556 1549 ineruditus

1977 1575 2225 1643 quaedam
2253 1584 2503 1646 paterna,
2523 1579 2577 1633 in
2601 1597 2697 1636 eos
2725 1584 2820 1652 qui
2845 1583 2994 1655 digni
3025 1586 3193 1640 habiti
3216 1596 3353 1642 sunt
3381 1588 3558 1656 ipsius

1978 1668 2282 1723 secundum
2316 1670 2546 1740 gratiam
2583 1673 2920 1744 adoptionis,
2959 1693 3155 1732 recens
3188 1678 3307 1732 lidei
3344 1679 3560 1748 genito-

1981 1774 2100 1812 rum
2129 1759 2507 1819 dissensiones
2536 1766 2710 1829 sedat,
2766 1767 2902 1836 ipsis
2964 1767 3125 1822 ﬁdem
3185 1770 3437 1836 augendo
3503 1777 3560 1823 et

1975 1848 2173 1903 timore
2208 1847 2301 1905 Dei
2342 1853 2668 1922 expellendo
2706 1858 2994 1925 passiones
3024 1856 3302 1912 mandatis
3332 1867 3558 1911 contra-

1974 1940 2111 1995 rias.

2048 2031 2118 2085 Et
2175 2035 2229 2089 in
2284 2039 2649 2105 potentutibus
2731 2040 2940 2110 deﬁnit.
2985 2041 3056 2095 lis
3109 2041 3201 2110 qui
3265 2040 3366 2094 viri
3429 2039 3561 2095 lacti

1978 2124 2190 2179 suntin
2235 2125 2341 2182 ﬁde
2407 2130 2811 2201 passionesque
2851 2132 3241 2213 piilijecerunl,
3286 2132 3559 2186 actionem

1978 2216 2386 2274 circumscribit
2427 2221 2481 2274 in
2510 2221 2632 2277 istis
2666 2223 2759 2276 Dei
2800 2225 3076 2278 mandatis
3119 2240 3240 2294 qua:
3292 2223 3560 2291 adversus
3618 2294 3623 2307 ᾗ

1980 2309 2268 2378 passiones
2300 2311 2604 2379 luctantur,
2638 2331 2705 2368 ne
2751 2315 2843 2369 illa
2893 2315 2959 2369 ad
3014 2332 3302 2371 excessum
3337 2315 3560 2369 virtutis

1979 2399 2217 2453 declinet

2051 2489 2219 2550 Vsus.
2256 2493 2340 2548 19.
2387 2495 2575 2549 Frater
2606 2512 2637 2548 a
2689 2496 2854 2554 fratre
2887 2496 3102 2567 adjutus
3138 2507 3390 2569 tanquam
3436 2504 3559 2556 urbs

1981 2582 2188 2634 munita
2217 2591 2266 2635 et
2296 2584 2532 2650 excelsa;
2563 2586 2836 2639 invalescit
2856 2598 3030 2641 autent
3060 2597 3314 2659 tauquam
3362 2593 3560 2662 {unda-

1984 2683 2095 2725 tum
2126 2689 2362 2743 regnum.
2404 2678 2603 2729 Anima
2630 2677 2697 2730 ad
2731 2680 2932 2747 optima
2969 2694 2999 2731 a
3045 2679 3221 2737 sodali
3266 2698 3431 2738 carne
3457 2686 3557 2739 ad-

1979 2764 2097 2835 juta
2124 2767 2319 2822 similis
2341 2778 2426 2823 est
2447 2770 2564 2823 urbi
2596 2771 2823 2825 munita:
2844 2780 2896 2825 et
2925 2773 3175 2829 excelsae.
3207 2774 3564 2832 Passionibus

1985 2856 2204 2925 quidem
2236 2874 2333 2927 per
2365 2874 2651 2940 excessum
2688 2863 2917 2917 virtutis
2960 2875 3140 2920 manet
3168 2867 3565 2939 inexpugnabi-

1985 2955 2076 3013 lis.
2099 2951 2495 3020 quialaborem
2530 2954 2917 3023 virtutisjuxta
2947 2957 3138 3012 carnis
3186 2958 3564 3015 inﬁrmitatem

1989 3048 2264 3101 moderat.
2327 3044 2694 3100 Passionibus
2763 3053 2945 3100 autem
2990 3063 3086 3117 per
3145 3048 3415 3103 defectqu
3467 3067 3568 3105 nec

306 3140 592 3196 ἀσθένειαν
641 3141 740 3211 τῆς
788 3142 1021 3213 σαρκόςο
1056 3145 1170 3206 τοῖς
1199 3142 1255 3196 δὲ
1283 3145 1408 3197 κατ’
1430 3142 1670 3214 ἔλλειψιν
1728 3147 1888 3200 πάλιν

2006 3136 2201 3191 lterum
2236 3136 2472 3206 capitur,
2498 3136 2625 3205 quia
2649 3146 2886 3192 mentem
2918 3139 2983 3191 ad
3016 3139 3324 3208 spiritualia
3351 3142 3562 3209 dirigit,

308 3230 407 3298 οὑχ
441 3230 720 3284 ἁλίσκεται
746 3232 975 3286 πάθεσιν
995 3250 1008 3264 ⁸
1049 3233 1124 3297 ὡς
1152 3234 1289 3303 πρὸς
1317 3235 1378 3287 τδ
1409 3233 1628 3306 πνεῦμα
1648 3235 1740 3289 τὸν
1765 3236 1888 3291 νοῦν

311 3321 610 3389 ἁνάγουσα,
628 3319 706 3390 τῷ
740 3320 865 3391 ὕψει
885 3327 984 3395 τῆς
1010 3323 1284 3392 γνώσεως,
1306 3326 1395 3380 διὰ
1414 3327 1476 3379 τὸ
1500 3329 1700 3381 οἰκεῖον
1728 3328 1890 3392 ἀξίως

315 3430 391 3483 μα
410 3425 427 3442 ’
461 3411 683 3465 δύναται
711 3412 769 3466 δὲ
801 3412 996 3477 ταῦτα,
1025 3417 1145 3477 ταῖς
1174 3415 1269 3469 τοῦ
1301 3417 1637 3482 ἐνοικοῦντος
1666 3422 1723 3473 ὲν
1752 3421 1888 3491 αὐτῇ

313 3503 460 3555 θείου
474 3502 616 3555 Πνεὺ
625 3520 793 3573 ματος
814 3502 1139 3575 ἐνεργείαις,
1153 3505 1622 3579 διαφυλαττομένη
1641 3509 1892 3581 καθάπερ

313 3595 830 3667 κατησφαλισμένον
856 3599 914 3651 ὲν
941 3596 1160 3667 μοχλοῖς
1187 3597 1429 3668 σιδηροῖς
1456 3598 1720 3669 βασιλέως
1751 3603 1895 3671 οἰκη-

312 3690 520 3759 τήριον.

385 3779 452 3833 κ’.
492 3779 626 3835 Ἀπὸ
657 3779 903 3851 καρπῶν
925 3783 1225 3850 στόματος
1255 3781 1409 3850 ἀνὴρ
1435 3783 1738 3853 πίμπλησι
1773 3802 1896 3840 κοι-

315 3870 458 3923 λίαν
486 3871 693 3925 αὐτοῦ.
733 3873 880 3952 Ἀπὺο
899 3872 1009 3926 τῶν
1047 3871 1477 3943 προφερομένων
1519 3875 1583 3927 ὲκ
1630 3874 1898 3944 στόματος

317 3963 527 4030 ἀγαθοῦ
560 3963 885 4017 διδασκάλου
912 3964 1108 4031 λόγων,
1137 3965 1164 4016 ὁ
1189 3963 1264 4035 μὴ
1284 3966 1402 4027 ταῖς
1429 3963 1644 4034 ἡδοναῖς
1671 3965 1900 4036 ἐκθηλῦ-

316 4054 561 4123 νόμενος,
600 4055 800 4125 πληροῖ
826 4053 923 4125 τὴν
954 4053 1162 4107 τούτων
1195 4053 1452 4125 δεκτικήν
1484 4072 1542 4107 τε
1574 4054 1670 4108 καὶ
1709 4073 1899 4128 κατερ-

317 4147 586 4217 γαστικὴν
625 4147 864 4200 διάνοιαν
901 4146 1119 4212 ἑαυτοῦ,
1162 4145 1411 4199 πλουτῶν
1451 4149 1685 4201 σύνεσιν.

401 4238 545 4292 Ἀπὸ
579 4237 648 4290 δὲ
686 4237 933 4307 καρπῶν
961 4238 1212 4307 χειλέων
1241 4236 1428 4292 αὑτοῦ
1472 4237 1901 4307 ἐμπλησθήσε-

321 4346 433 4382 ται.
474 4330 606 4382 ’Λπὸ
632 4330 689 4383 δὲ
718 4330 825 4382 τῶν
859 4331 922 4383 ὲκ
951 4330 1045 4383 τοῦ
1078 4330 1210 4383 ἰδίου
1240 4329 1510 4400 στόματος
1536 4329 1899 4403 πληρωθήσε-

318 4438 409 4475 ται
438 4422 634 4490 λόγων,
669 4423 726 4474 ὲν
755 4420 834 4491 τῷ
862 4420 1134 4475 διδάσκειν
1178 4422 1274 4475 καὶ
1319 4421 1624 4493 οἰκοδομεῖν
1656 4421 1897 4494 ἐτέρους,

321 4513 574 4580 ἔμπλεως
612 4513 805 4584 σοφίας
843 4514 1154 4584 γενόμενος.

393 4613 499 4663 καν.
543 4606 810 4673 Θάνατος
832 4606 930 4660 καὶ
955 4605 1092 4674 {iui},
1114 4606 1185 4660 ἐν
1221 4607 1372 4676 χειρὶ
1406 4605 1714 4676 γλώσσης.
1754 4607 1903 4661 Κατ’

321 4703 605 4772 ἐνέργειαν
631 4700 731 4769 τῆς
759 4699 1028 4769 γλώττης,
1051 4701 1163 4752 εἴτε
1196 4699 1570 4772 θανατηφόρος
1594 4698 1775 4767 λόγος,
1795 4700 1905 4754 εἴτε

323 4794 589 4861 ζωογόνος
646 4796 1005 4865 προέρχεται,
1063 4793 1138 4857 ὼς
1181 4792 1488 4863 δυναμένης
1548 4795 1763 4865 πονηρὰ
1815 4795 1909 4848 καὶ

323 4888 505 4957 ἁγαθὰ
534 4886 867 4956 φθέγγεσθαι
887 4901 899 4914 °
933 4878 1008 4939 ὧν
1047 4886 1116 4939 τά
1163 4884 1263 4956 μὲν
1292 4886 1387 4938 καὶ
1420 4885 1579 4955 σῶμα
1608 4886 1700 4938 καὶ
1731 4884 1908 4957 ψυχὴν

325 4979 639 5046 θανατοῦσι,
679 4978 749 5033 τὰ
785 4980 831 5032 δ’
862 4979 1152 5049 ἀμφότερα
1190 4976 1571 5047 ζωογονοῦσιν.

399 5073 464 5124 Ol
485 5069 553 5123 δὲ
584 5070 948 5138 κρατοῦντες
976 5067 1168 5137 αὐτῆς
1217 5068 1454 5122 ἔδονται
1472 5067 1613 5134 τοὺς
1639 5066 1911 5136 καρποὺς

324 5162 538 5230 αὐτῆς.
581 5165 642 5215 0i
684 5163 730 5214 δ’
756 5163 1047 5231 ἐπέχοντες
1073 5160 1300 5231 ταύτην,
1339 5161 1436 5214 καὶ
1484 5160 1700 5232 πονηρὰ
1746 5160 1912 5230 φθέγ-

326 5255 517 5322 γεσθαι
545 5255 619 5324 μὴ
644 5252 1077 5325 συγχωροῦντες,
1103 5253 1211 5307 τῶν
1233 5252 1521 5321 ζωογονεῖν
1541 5255 1666 5317 τοὺς
1692 5253 1912 5309 ἀκούονο

326 5363 425 5410 τας
460 5346 774 5416 δυναμένων
815 5349 1078 5417 ῥημάτων
1117 5344 1500 5399 ἀπολαύουσιν.

399 5434 501 5507 κβ’.
530 5436 628 5502 Ὃς
658 5431 799 5503 εὗρε
832 5433 1087 5513 γυναῖκα
1110 5435 1363 5505 ἀγαθὴν,
1387 5431 1527 5503 εὗρε
1555 5435 1819 5505 χάριτας.
1853 5435 1912 5491 ’0

327 5531 426 5600 τὴν
448 5528 648 5591 παντὸς
675 5528 840 5582 καλοῦ
864 5529 1044 5581 αἰτίαν
1073 5529 1268 5595 σοφίαν
1294 5528 1541 5583 σύνοικον
1568 5530 1912 5600 κτησάμενος

326 5623 476 5690 νοῦς,
512 5623 786 5693 ἐκτήσατο
819 5623 913 5675 καὶ
941 5623 1010 5675 τὰ
1039 5621 1202 5675 λοιπὰ
1228 5621 1322 5674 τοῦ
1365 5622 1632 5690 παναιτίου
1667 5622 1914 5691 Πνεύμα-

327 5732 419 5778 τος
454 5714 805 5786 χαρίσματα,
834 5712 896 5765 τὸ
922 5714 1020 5783 τῆς
1054 5714 1345 5779 συνέσεως,
1382 5716 1442 5768 τὸ
1488 5716 1588 5780 τῆς
1634 5713 1912 5784 γνώσεως,

328 5806 390 5860 τὸ
420 5810 516 5879 τῆς
544 5809 875 5878 ἐπιστήμης,
905 5806 965 5858 τὸ
995 5806 1092 5877 τῆς
1126 5805 1340 5876 βουλῆς,
1370 5808 1429 5860 τὸ
1459 5807 1555 5877 τῆς
1595 5806 1795 5877 ἰσχύος,
1820 5808 1916 5860 καὶ

1990 3227 2283 3283 altitudine
2322 3227 2677 3296 cognitionis,
2736 3244 2833 3299 per
2877 3232 3156 3300 propriam
3216 3233 3566 3302 dignitatem.

1992 3318 2119 3373 llaac
2151 3326 2335 3372 autem
2393 3318 2608 3372 allicere
2645 3327 2827 3388 potest
2852 3335 2949 3387 per
2999 3321 3270 3376 actionem
3330 3324 3571 3393 Spiritus

1994 3408 2173 3464 sancti
2222 3409 2276 3461 in
2326 3422 2386 3462 se
2443 3407 2809 3462 inhabitantis
2850 3410 3153 3477 custodita,
3203 3414 3364 3482 quasi
3422 3414 3570 3485 regia

1996 3501 2192 3558 ferreis
2224 3501 2473 3556 vectibus
2504 3499 2737 3555 munita.

2070 3770 2240 3824 Vsus.
2280 3767 2369 3821 90.
2408 3766 2483 3820 De
2526 3766 2787 3835 fructibus
2841 3766 2949 3820 oris
2985 3766 3064 3820 vir
3120 3765 3299 3835 implet
3347 3773 3574 3819 ventrem

2000 3877 2172 3914 suum.
2209 3859 2575 3913 Sermonibu‘s
2609 3873 2674 3910 ex
2704 3851 2803 3912 ore
2835 3857 2963 3911 boui
2997 3858 3355 3927 prmceptoris
3388 3873 3579 3926 proce-

2001 3949 2261 4004 dentibus
2286 3948 2378 4018 qui
2402 3948 2782 4017 voluptatibus
2815 3963 2922 4002 non
2952 3948 3233 4004 emollitus
3249 3960 3356 4012 est,
3384 3948 3579 4019 implet

2002 4040 2395 4111 cogitationem
2471 4055 2629 4095 suam
2687 4054 2810 4110 quae
2871 4040 3063 4110 recipit
3098 4055 3163 4094 ac
3221 4041 3461 4111 perlicit,
3495 4042 3578 4095 sic

2001 4135 2182 4190 ditatis
2208 4133 2562 4187 intellectum.

2072 4222 2141 4277 Et
2169 4222 2234 4278 de
2271 4221 2528 4291 fructibus
2569 4224 2811 4277 laborum
2846 4238 3065 4277 suorum
3115 4222 3446 4291 implebitur.
3504 4220 3582 4276 De

2002 4315 2192 4371 verbis
2220 4331 2347 4386 qua:
2373 4332 2441 4370 ex
2473 4331 2570 4375 ore
2601 4331 2703 4371 suo
2727 4316 3035 4385 procedunt
3080 4315 3419 4384 implebitur,
3451 4316 3581 4385 quia

2005 4410 2134 4464 dum
2167 4408 2477 4463 doctrinam
2532 4407 2656 4463 aliis
2707 4404 3016 4478 dispensat,
3064 4409 3261 4477 plenus
3312 4408 3583 4478 sapientia

1934 4511 1982 4571 υ
2004 4502 2205 4557 evadit.

2079 4595 2245 4650 Vsus.
2275 4595 2366 4650 2|.
2398 4592 2546 4648 Mors
2565 4602 2614 4648 et
2641 4593 2769 4655 vita,
2801 4592 2857 4646 in
2889 4606 3052 4645 manu
3088 4590 3303 4660 linguaz.
3323 4588 3365 4642 E
3392 4590 3581 4659 lingua

2007 4688 2256 4758 procedit
2286 4700 2468 4740 sermo
2513 4684 2607 4748 qui
2643 4684 2738 4738 dat
2791 4683 2909 4738 sive
2956 4688 3185 4737 mortem
3232 4681 3349 4735 sive
3387 4680 3580 4743 vitam;

2007 4781 2136 4850 quia
2186 4780 2275 4833 illa
2313 4785 2498 4847 potest
2532 4776 2673 4830 mala
2724 4781 2779 4829 et
2835 4775 2980 4828 bona
3030 4771 3301 4843 proferre,
3350 4783 3585 4841 quormn

2009 4873 2197 4942 priora
2231 4871 2449 4940 quidem
2478 4883 2676 4938 corpus
2704 4875 2759 4922 et
2788 4866 3028 4920 animam
3069 4864 3354 4928 occidunt,
3386 4870 3583 4930 poste-

2009 4965 2159 5018 riora
2195 4971 2377 5018 aumm
2414 4962 2712 5016 vivilicant.

2084 5054 2188 5122 Qui
2223 5065 2399 5108 autem
2442 5054 2680 5123 dirigunt
2717 5069 2852 5114 eam,
2889 5046 3154 5103 comedent
3201 5046 3408 5114 [ructus
3449 5040 3584 5106 eius.

2011 5143 2117 5211 Qui
2150 5157 2331 5199 autem
2363 5144 2649 5199 continent
2684 5156 2802 5195 eam
2827 5182 2842 5205 ,
2887 5155 2989 5193 nec
3030 5138 3172 5189 ntala
3205 5134 3458 5203 proferre
3507 5132 3588 5185 si-

2013 5244 2175 5303 nunt,
2226 5236 2470 5291 fructum
2518 5236 2748 5305 capiunt
2781 5247 2845 5286 ex
2879 5228 3060 5284 verbis
3096 5226 3379 5280 audientes
3415 5224 3591 5276 vuvili-

2012 5347 2143 5387 care
2164 5329 2494 5386 valentibus.

2080 5422 2265 5500 Vsus;
2310 5421 2403 5475 22.
2457 5419 2564 5486 Qui
2611 5416 2806 5470 invenit
2846 5413 3121 5466 mulierem
3150 5412 3362 5473 bonam,
3400 5409 3595 5462 invenit

2012 5525 2236 5595 gratias.
2262 5520 2417 5576 Mens
2441 5533 2562 5588 quae
2587 5515 2834 5585 possidet
2868 5514 3218 5582 sapientiam.
3250 5509 3435 5562 oumis
3466 5507 3594 5561 boni

2013 5615 2374 5688 principium,
2422 5610 2674 5680 possidet
2718 5608 2948 5675 insuper
2983 5605 3087 5656 alia
3138 5602 3378 5671 Spiritus
3419 5599 3595 5654 sancti

2015 5711 2184 5770 dona,
2223 5705 2425 5759 donum
2460 5701 2670 5755 scilicet
2712 5699 3047 5757 intellectus,
3075 5695 3277 5747 tinuum
3324 5711 3364 5745 Si
3388 5693 3594 5755 ientiae,

2018 5802 2221 5857 donum
2249 5796 2571 5869 prudenti-te,
2605 5794 2812 5851 donum
2843 5790 3084 5855 consilii,
3134 5788 3336 5844 donum
3385 5785 3586 5839 fortitr-
