3900 6228
469 311 602 378 I-lil

1768 317 2122 382 PROCOPII
2155 321 2401 386 GAZ/EI

3585 334 3699 404 illi

465 426 648 494 diuis,
699 437 754 486 et
801 425 1006 485 donum
1066 427 1306 486 timoris.
1358 429 1589 501 Accepit
1633 437 1820 486 autem
1867 447 1898 486 a
1941 431 2034 488 Dei

2156 435 2215 489 τὸ
2244 435 2338 490 τοῦ
2365 435 2764 507 φόϐου.Ἔλα6ε
2793 439 2851 494 δὲ
2885 441 3038 512 παρὰ
3069 439 3206 496 Θεοῦ
3248 442 3436 512 ὑγείαν
3462 451 3595 500 κατὰ
3617 448 3704 518 ψυο

464 519 764 576 sanitatem
815 521 1036 586 animae,
1093 519 1447 592 puriﬁcatus,
1489 519 1830 594 illuminatus
1879 530 2046 596 atque

429 667 437 678 ,
468 612 778 682 perfectus.
1894 663 1904 672 .

543 701 714 760 Vens.
750 705 844 759 25.
881 703 987 770 Qui
1011 704 1227 774 expellit
1259 705 1532 762 mulierem
1572 709 1791 777 bonum,
1831 709 2050 778 expellit

472 794 688 850 bonum.
731 794 833 862 Qui
860 805 1086 866 propter
1115 795 1376 852 allectum
1407 797 1472 853 ad
1507 799 1820 866 sensibilia,
1865 801 2054 870 rejicit

473 885 925 942 intellectualium
960 889 1284 960 sapientiam
1319 889 1372 944 in
1415 897 1714 962 semetipso
1739 893 2052 948 inhabitan-

469 984 579 1033 lem
616 994 738 1049 quae
772 978 962 1033 talium
1009 995 1178 1036 causa
1229 988 1316 1037 est
1346 981 1639 1046 bonorum,
1684 985 1870 1039 omnia
1912 985 2049 1040 bona

469 1087 592 1142 qua!
619 1087 687 1127 ex
722 1072 818 1128 illa
839 1074 1147 1144 procedunt
1183 1076 1348 1132 simul
1379 1091 1508 1132 cum
1542 1093 1604 1133 ea
1641 1079 1850 1149 dejicit.

543 1162 652 1230 Qui
683 1173 860 1219 autem
881 1175 1016 1220 tenet
1044 1167 1368 1236 adulteram,
1387 1171 1582 1226 stultus
1613 1182 1664 1226 et
1694 1174 1911 1243 impius.
1943 1175 2046 1243 Qui

466 1250 802 1322 sapientiam
875 1253 1106 1310 dimittit
1159 1272 1498 1329 sensumque
1553 1274 1850 1318 conservat
1901 1265 2052 1319 [alla-

471 1354 590 1395 cem
625 1380 642 1406 ,
675 1341 974 1399 nec'Deum
1011 1345 1068 1400 in
1109 1347 1278 1403 corde
1302 1347 1538 1420 profert,
1577 1366 1679 1407 nec
1701 1351 1858 1408 illum
1884 1353 2051 1425 justi-

465 1431 560 1487 tia:
588 1435 850 1504 operibus
874 1437 1028 1493 colit.

1116 1620 1226 1674 ΔΡ,
1285 1621 1430 1678 XIX.

1116 1620 1226 1674 ΔΡ,
1339 1622 1354 1676 1
1415 1663 1430 1678 .

540 1701 710 1762 Vens.
742 1707 795 1763 5.
837 1619 1212 1778 Ιηιρνιιάὲηιίιι
1249 1621 1573 1770 υὲἱχιναδιαι
1604 1718 1716 1774 eia:
1749 1719 1885 1790 ejus.
1911 1719 2046 1793 Ejus

2154 527 2278 599 χὴν,
2321 529 2621 603 καθαρθείς
2657 548 2715 585 τε
2756 533 2851 587 καὶ
2889 535 3179 603 φωτισθεὶς
3218 537 3308 591 καὶ
3343 535 3654 605 τελειωθείς.
3755 550 3762 557 ’

2224 705 2331 774 κγ’.
2364 709 2460 774 Ὃς
2512 707 2793 763 ἐκϐάλλει
2849 709 3086 780 ἀγαθὴν
3123 711 3408 781 γυναῖκα,
3453 713 3706 769 ἐκϐάλλει

2151 791 2362 861 ἀγαθά.
2393 795 2491 858 Ὃς
2516 787 2610 848 οὖν
2634 796 2934 852 ἀπελαύνει
2965 798 3028 864 ἐξ
3049 800 3238 866 αὑτοῦ,
3257 801 3350 856 διὰ
3373 801 3476 873 τὴν
3503 804 3629 873 πρὸς
3650 805 3709 856 τὰ

2152 883 2388 954 αἰσθητά
2423 887 2635 956 σχέσιν,
2661 889 2763 960 τὴν
2794 890 2936 944 κατά
2963 889 3028 944 τὸ
3050 891 3240 964 νοερὸν
3276 891 3430 963 αὐτῷ
3458 893 3710 948 συνοικοῦ-

2154 990 2274 1039 σαν,
2307 976 2402 1028 καὶ
2449 977 2707 1033 τοιούτων
2759 973 2980 1050 ἀγαθῶν
3027 982 3210 1036 αίτίαν
3259 983 3479 1053 σοφίαν,
3527 1001 3709 1038 συναπο

2153 1065 2370 1120 ελαύνει
2409 1069 2546 1140 αὐτῇ
2588 1073 2682 1125 καὶ
2719 1071 2790 1126 τά
2825 1073 2885 1140 ἐξ
2922 1074 3093 1146 αὐτῆς
3131 1075 3330 1144 ἀγαθά.

2238 1157 2300 1209 '0
2328 1155 2398 1209 δὲ
2437 1159 2706 1227 κατέχων
2727 1163 3093 1232 μοιχαλίδα,
3123 1163 3329 1234 ἄφρων
3355 1165 3456 1220 καί
3487 1167 3706 1235 ἀσεϐής.

2163 1249 2222 1302 'U
2250 1249 2307 1303 δὲ
2335 1249 2540 1319 ταύτην
2573 1253 2673 1320 μὲν
2704 1253 2960 1308 ἀπολύων
2981 1295 2998 1318 ,
3025 1255 3125 1328 τὴν
3154 1257 3200 1310 δ’
3220 1257 3512 1330 ἀπατηλήν
3541 1258 3711 1329 αἴσθη-

2152 1359 2238 1396 σιν
2285 1345 2726 1416 παρακατέχων,
2760 1347 2823 1401 οὐ
2869 1347 3156 1420 περιφέρει
3203 1351 3264 1404 ὲν
3315 1351 3516 1424 καρδίᾳ
3559 1352 3707 1406 Θεόνι

2149 1431 2275 1487 οὔτε
2333 1435 2440 1506 μὴν
2492 1435 2582 1490 διὰ
2629 1437 2740 1492 τῶν
2791 1439 2894 1510 τῆς
2943 1439 3294 1514 δικαιοσύνης
3329 1443 3516 1516 ἔργων
3549 1446 3712 1496 τοῦτον

2151 1527 2309 1596 τιμᾷ.

2465 1661 2480 1675 ,
2739 1619 2996 1676 ΚΕΦΑΛ.
3035 1621 3144 1678 18⁸.

2225 1708 2293 1773 γ’.
2341 1704 2688 1778 Ἀφροσύγη
2735 1710 2959 1780 ἀνδρὸς
2989 1713 3353 1784 λυμαίνεναι
3416 1717 3523 1784 τὰς
3559 1716 3710 1782 ὁδοὺς

462 1797 560 1866 qui
600 1797 668 1851 ad
707 1798 877 1854 Deum
933 1817 1045 1856 non
1093 1805 1339 1874 respicit.
1390 1809 1484 1863 sed
1543 1824 1730 1866 amore
1769 1782 2034 1884 decipiiul

2156 1793 2354 1852 αὐτοῦ.
2375 1795 2482 1850 Τοῦ
2510 1799 2587 1872 μὴ
2606 1799 2744 1872 πρὸς
2772 1802 2906 1858 Θεὸν
2920 1782 3264 1876 ἀφορῶντος,
3287 1807 3429 1862 ἀλλὰ
3453 1782 3522 1879 τῇ
3553 1809 3711 1878 σχέσει

467 1891 879 1960 temporalium,
928 1893 1268 1954 irrationalis
1315 1906 1397 1954 est
1453 1909 1658 1957 motus.
1703 1901 1848 1957 Nihil
1890 1907 2047 1974 proli-

467 1979 620 2034 ciunt
660 1981 833 2052 ipsius
859 1981 1232 2058 studia,'quia
1275 2004 1398 2044 cum
1462 1994 1918 2064 corruptibilibus
1965 1997 2045 2052 si-

462 2075 577 2130 mul
601 2083 910 2134 transeunt.

531 2167 760 2224 Accusat
777 2181 953 2225 autem
980 2170 1143 2226 Deun't
1171 2173 1224 2226 in
1242 2175 1402 2229 corde
1427 2191 1545 2230 suo.
1562 2175 1657 2233 [lle
1673 2192 1738 2232 ex
1767 2177 2042 2236 dementia

463 2267 572 2308 non
604 2270 831 2325 pravum
884 2273 1044 2314 suum
1077 2247 1348 2330 judicium
1379 2275 1629 2330 accusat,
1659 2267 1804 2336 quod
1833 2283 1957 2323 vera
1987 2277 2044 2325 et

462 2349 840 2416 permanentia
905 2361 1266 2408 contemnens
1319 2355 1371 2408 in
1406 2355 1794 2427 corruptibilia
1824 2375 2040 2416 omnem

461 2439 706 2494 ostendit
735 2441 1012 2508 ardorem,
1056 2443 1152 2499 sed
1184 2446 1349 2501 Deum
1379 2463 1393 2500 :
1431 2448 1563 2518 quia
1607 2461 2042 2522 corrumpuntur

459 2546 523 2585 ea
556 2547 679 2602 quae
712 2543 841 2588 sunt
872 2536 1217 2606 corruptioni
1248 2537 1512 2596 obnoxia.

533 2622 701 2680 Vens.
748 2623 804 2678 ι.
851 2625 1060 2681 Divitiae
1103 2629 1307 2682 addunt
1346 2630 1548 2684 amicos
1600 2631 1818 2688 multos.
1867 2633 2042 2704 Spiri-

461 2716 635 2772 tnales
668 2717 874 2774 divitiae
905 2719 1122 2777 virtutis
1155 2729 1212 2776 et
1246 2721 1516 2786 scientiae,
1557 2723 1682 2796 illas
1732 2725 2039 2795 possidenti

458 2809 754 2865 conferunt
782 2828 905 2866 cum
939 2813 1214 2869 charitate
1263 2815 1318 2868 in
1359 2813 1530 2870 Deum
1583 2826 1638 2871 et
1683 2818 1739 2872 in
1789 2819 2040 2876 homines

458 2901 807 2958 eharitatem.
836 2903 974 2958 Nam
1013 2905 1289 2960 charitate
1320 2905 1375 2960 in
1407 2907 1662 2965 homines
1696 2911 1943 2968 charitas
1981 2912 2037 2967 in

459 2993 630 3050 Deum
661 2994 1054 3051 manifestatur
1093 3007 1257 3069 atque
1284 2998 1576 3070 probatur.

529 3179 692 3252 Inops
729 3192 910 3236 autent
949 3191 1000 3238 et
1031 3183 1099 3237 ab
1133 3186 1304 3241 amico
1347 3203 1500 3258 quem
1544 3187 1699 3243 habet
1751 3189 2035 3251 deseritur.

457 3272 1000 3340 Quidivitiistalibus
1015 3277 1468 3344 consultocaret,
1495 3293 1525 3334 a
1556 3277 1666 3335 Deo
1695 3281 2036 3352 disceditqni

459 3368 595 3420 adeo
641 3364 833 3421 dilexit
857 3383 980 3422 eum
1015 3377 1074 3424 ut
1112 3385 1222 3424 non
1241 3369 1403 3426 modo
1425 3387 1550 3428 eum
1581 3387 1612 3426 e
1640 3372 1812 3428 nihilo
1848 3375 1915 3429 ad
1941 3389 2038 3428 ex-

457 3457 764 3513 sistentiam
801 3461 1077 3527 eduxerit,
1127 3454 1351 3534 vitaque
1399 3464 1689 3520 donaverit
1721 3481 1788 3520 ac
1822 3469 2037 3523 ratione

455 3551 716 3621 omnique
756 3553 863 3606 alia
917 3569 1100 3608 rerum
1127 3555 1288 3624 copia
1327 3555 1556 3626 dignum
1591 3557 1879 3624 habuerit,
1939 3560 2036 3616 sed

455 3642 621 3697 etiam
655 3644 1000 3714 unigenitum
1041 3643 1244 3702 Filium
1277 3663 1439 3704 suum
1475 3663 1574 3720 pro
1612 3649 1708 3705 illo
1735 3651 1896 3706 morti
1925 3660 2039 3707 tra-

455 3729 682 3788 diderit.

526 3909 696 3966 Vsus.
744 3911 799 3967 5.
838 3910 1010 3967 Testis
1044 3911 1220 3984 falsus
1273 3931 1380 3970 non
1410 3915 1512 3970 erit
1554 3915 1868 3984 impunitus.
1909 3916 2037 3971 Dia-

456 4003 615 4059 bolus
657 4005 753 4075 qui
795 4006 1006 4060 malum’
1049 4005 1388 4064 mendaciter
1435 4007 1625 4062 laudat
1671 4015 1728 4062 et
1778 4007 1845 4064 ad
1898 4008 2034 4063 illud

455 4103 799 4167 oporandum
826 4097 1078 4153 hortatur
1108 4099 1410 4163 hominem,
1444 4100 1669 4155 malitia:
1693 4114 1908 4170 pmnas,
1933 4115 2034 4172 pro

453 4202 539 4253 eo,
579 4203 610 4242 a
639 4189 790 4258 justo
820 4187 1015 4260 judice
1060 4187 1294 4246 subibit.

523 4372 629 4438 Qui
664 4381 839 4428 autem
868 4381 1086 4427 accusat
1133 4373 1332 4444 inique,
1378 4391 1482 4429 non
1519 4374 1754 4446 effugiet.
1794 4373 1898 4440 Qui
1938 4389 2032 4430 au-

2144 1887 2254 1940 τῶν
2287 1891 2641 1962 προσκαίρων
2669 1893 2853 1966 ὴπατη
2863 1897 3048 1965 μένου,
3076 1899 3110 1969 ἡ
3142 1897 3433 1968 ἀλόγιστος
3479 1901 3676 1971 κίνησις
3695 1898 3724 1930 ·’

2144 1981 2224 2044 είς
2249 1981 2311 2035 τὸ
2339 1983 2507 2054 μηδὲν
2537 1986 2684 2038 ποιεῖ
2704 1989 3020 2059 προχωρεῖν
3050 1989 3120 2044 τά
3142 1990 3336 2044 τούτου
3364 1991 3711 2063 ὲπιτηδεύμα·

2143 2089 2236 2138 τα,
2277 2073 2354 2140 ὡς
2390 2077 2506 2140 τοῖς
2543 2077 2806 2150 φθαρτοῖς
2845 2081 3346 2159 συναφανιζύμενα.

2221 2165 2334 2219 Τὸν
2357 2165 2427 2220 δὲ
2461 2167 2612 2222 Θεὸν
2644 2169 2900 2227 αἰτιᾶται
2943 2171 3020 2243 τῇ
3067 2164 3284 2244 καρδίᾳ
3313 2173 3519 2230 αὑτοῦ.
3561 2174 3709 2238 Αὐτὸς

2142 2252 2190 2306 δ’
2214 2254 2272 2321 ἐξ
2300 2255 2490 2320 ἀνοίας
2508 2257 2914 2330 ἐπιμέμφεται,
2943 2261 3068 2332 οὐχὶ
3097 2266 3164 2335 τῇ
3200 2263 3386 2337 φαύλῃ
3412 2263 3708 2336 προαιρέσει

2143 2343 2308 2397 αὑτοῦ
2329 2384 2344 2408 ,
2381 2344 2416 2416 ἢ
2444 2345 2512 2399 τὰ
2545 2345 2676 2401 ὄντα
2713 2349 2808 2402 καὶ
2837 2349 3068 2420 μένοντα
3098 2352 3480 2422 καταλείψασα
3511 2354 3632 2425 περὶ
3651 2354 3706 2406 τὰ

2143 2435 2362 2505 φθαρτὰ
2385 2438 2568 2491 πᾶσαν
2597 2438 2836 2512 σπουδὴν
2863 2441 3264 2508 ἐπιδείκνυται,
3295 2445 3436 2500 ἀλλά
3463 2444 3578 2515 Θεῷ
3601 2461 3612 2472 ·
3638 2445 3704 2498 ὅτι

2143 2524 2458 2597 φθείρονται
2499 2529 2570 2582 τά
2609 2530 2772 2598 φύσει
2813 2531 3052 2603 φθαρτά.

2210 2617 2272 2671 δ’.
2328 2619 2600 2686 Πλοῦτος
2642 2623 3007 2690 προστίθησι
3051 2623 3272 2692 φίλους
3323 2625 3612 2691 πολλούς.
3655 2624 3701 2676 '0

2141 2709 2262 2764 κατ’
2289 2697 2492 2782 ἀρετὴν
2545 2713 2638 2765 καὶ
2681 2712 2882 2780 γνῶσιν
2931 2715 3305 2786 πνευματικὸς
3355 2714 3602 2780 πλοῦτος,
3639 2709 3706 2782 τῷ

2140 2801 2474 2874 κτησαμένῳ
2524 2803 2716 2868 αὑτὸν,
2748 2805 3081 2876 προστίθησι
3123 2805 3188 2877 τῇ
3229 2808 3316 2872 sl;
3355 2806 3492 2860 Θεὸν
3535 2807 3696 2878 ἀγάπῃ

2140 2894 2234 2947 καὶ⁹
2279 2893 2378 2964 τὴν
2423 2893 2564 2966 πρὸς
2594 2896 2804 2961 πάντας
2837 2895 3161 2968 ἀνθρώπους
3185 2912 3200 2927 ·
3231 2900 3267 2970 ἡ
3291 2899 3403 2968 γάρ
3434 2900 3566 2972 πρὸς
3593 2898 3706 2976 τού-Ι

2139 3002 2264 3051 τους
2303 2986 2495 3060 ἀγάπη
2523 3027 2538 3053 ,
2579 2987 2679 3060 τῆς
2719 2989 2857 3060 πρὸς
2898 2987 3033 3043 Θεόν
3069 2991 3218 3043 ἐστιν
3255 2990 3484 3062 ἀγάπης
3519 2990 3698 3045 ἀπόδειο

2141 3077 2252 3144 ξιςο
2673 3122 2686 3133 .
3657 3118 3666 3130 -

2223 3167 2286 3222 '0
2313 3166 2382 3221 δὲ
2407 3167 2646 3239 πτωχὸς
2695 3168 2794 3224 καί
2825 3169 2946 3226 ἀπὸ
2990 3169 3098 3226 τοῦ
3130 3167 3515 3240 ὑπάρχοντος
3541 3173 3696 3242 φίλου

2137 3256 2458 3329 χωρίζεται.
2499 3260 2558 3314 '0
2607 3259 2666 3314 δὲ
2719 3260 3021 3334 πτωχεύων
3067 3261 3161 3316 τοῦ
3195 3262 3448 3317 τοιούτου
3495 3263 3692 3316 πλούτου

2137 3353 2280 3406 κατὰ
2307 3351 2630 3424 προαίρεσιν
2655 3393 2674 3420 ,
2701 3354 2796 3408 καὶ
2828 3353 2998 3408 αὑτοῦ
3033 3355 3332 3424 ἀφίσταται
3358 3355 3457 3410 τοῦ
3486 3353 3693 3409 τοιοῦτον

2136 3445 2526 3515 ἀγαπήσαντος
2571 3446 2737 3500 αὑτὸν
2767 3447 2928 3513 Θεοῦ,
2974 3448 3052 3514 ὡς
3093 3447 3170 3521 μὴ
3206 3449 3368 3519 μόνον
3396 3450 3464 3504 ὲκ
3507 3448 3594 3502 τοῦ
3634 3447 3691 3517 μὴ

2135 3537 2289 3602 ὄντος
2314 3539 2396 3602 εἰς
2428 3538 2490 3592 τὸ
2515 3533 2658 3595 εἶναι
2685 3543 3035 3612 παραγαγεῖν
3061 3541 3158 3596 καὶ
3190 3539 3336 3613 ζωῆς
3377 3540 3689 3613 μεταδοῦναι,

2135 3631 2232 3684 καὶ
2261 3629 2405 3702 λόγῳ
2451 3633 2718 3702 τιμῆσαι,
2757 3635 2856 3686 καὶ
2897 3632 3080 3704 πάσης
3120 3631 3288 3704 ἀλλης
3318 3631 3546 3698 ἀξιῶσαι
3589 3649 3691 3703 προ-

2134 3723 2305 3789 νοίας,
2329 3723 2469 3778 ἀλλὰ
2494 3725 2591 3778 καὶ
2631 3723 2722 3778 τὸν
2767 3725 3034 3797 μονογενῆ
3067 3724 3236 3780 αὐτοῦ
3267 3725 3398 3780 ne.
3433 3727 3568 3797 ὑπὲρ
3591 3722 3690 3778 τού-

2132 3827 2227 3864 του
2265 3809 2448 3866 δοῦναι
2487 3813 2570 3876 εις
2609 3811 2860 3869 θάνατον.
3592 3873 3600 3880 _

2203 3909 2267 3961 ε’.
2307 3902 2553 3974 Μάρτυς
2582 3903 2840 3973 ψευδὴς,
2881 3906 2994 3960 οὐκ
3043 3905 3416 3976 ἀτιμώρητος
3453 3907 3627 3962 ἔσται.
3643 3903 3686 3955 '0

2133 3995 2192 4048 τὸ
2230 3995 2403 4048 κακὸν
2433 3995 2644 4066 ψευδῶς
2674 3996 2914 4051 ἐπαινῶν
2954 3996 3186 4069 δαίμων,
3218 3999 3314 4055 καλ⁸
3364 4000 3500 4070 πρὸς
3547 4000 3684 4068 ἔργα·

2134 4086 2258 4140 σίαν
2297 4085 2510 4141 τούτουο
2535 4088 2628 4142 τὸν
2657 4075 2948 4162 ἄνθρωπον
2974 4090 3402 4161 ἐκκαλούμενος,
3432 4091 3579 4155 δίκας
3603 4091 3682 4156 ὑφ-

2132 4177 2244 4244 έξει
2269 4178 2400 4251 περὶ
2425 4178 2524 4251 τῆς
2556 4181 2824 4251 πονηρίας
2853 4227 2856 4229 λ
2885 4183 3052 4240 αὐτοῦ
3080 4183 3298 4252 ἕνεκεν,
3329 4185 3482 4260 παρὰ
3510 4184 3596 4239 τοῦ
3621 4182 3680 4236 διο

2133 4269 2290 4322 καίου
2329 4269 2538 4342 κριτοῦ.
2901 4343 2911 4360 1

2211 4363 2276 4418 '0
2305 4363 2359 4418 δ’
2379 4365 2654 4434 ἐγκαλῶν
2678 4367 2920 4437 ἀδίκως,
2945 4372 3018 4425 οὐ
3041 4370 3443 4441 διαφεύξεται.
3481 4369 3536 4424 '0
3554 4365 3681 4436 δ’ἐφ“

453 4473 559 4516 tem
591 4463 660 4519 de
702 4463 770 4520 iis
824 4480 948 4534 quae
993 4465 1216 4521 admisit
1272 4465 1450 4536 ipsum
1501 4467 1782 4522 diabolum
1831 4475 2029 4536 praeter

2156 4452 2214 4520 lc;
2247 4457 2554 4544 ἁμαρτάνει
2599 4461 2763 4516 αὐτὸν
2805 4461 2896 4516 τὸν
2929 4464 3165 4535 δαίμονα
3192 4463 3512 4536 αἰτιώμενος
3539 4477 3681 4530 παρι-

451 4552 718 4607 rationein
753 4565 1001 4616 accusat,
1035 4570 1144 4608 non
1176 4555 1378 4612 exinde
1403 4572 1623 4612 omnem
1662 4555 1888 4628 eti‘ugiet
1913 4573 2032 4626 pm-

453 4659 578 4698 nam
617 4644 750 4714 quia
777 4642 998 4700 diabolo
1031 4631 1142 4701 non
1183 4648 1412 4703 obedire
1461 4648 1666 4719 potuit.
1719 4647 1937 4705 Reddet
1977 4658 2034 4704 et

451 4739 567 4807 ipse
607 4737 878 4792 rationem
911 4737 1041 4808 quia
1093 4739 1350 4794 mandata
1368 4739 1652 4797 Crea‘oris
1699 4741 2030 4812 contempsit

447 4843 512 4884 ac
552 4827 734 4898 paruit
761 4827 892 4882 mali
929 4827 1391 4898 suggestionihus.

515 5005 683 5063 Vsus.
724 5007 778 5063 6.
821 5005 980 5061 Multi
1004 5005 1183 5060 colunt
1211 5021 1493 5075 personam
1535 5008 1692 5080 regis.
1747 5007 1900 5063 Multi
1931 5023 2028 5064 co-

445 5115 565 5154 ram
607 5101 830 5172 regibus
863 5099 932 5155 ad
973 5099 1222 5170 ipsorum
1269 5100 1556 5156 servitium
1607 5102 1784 5158 zelum
1839 5109 2027 5158 osten-

403 5201 409 5214 '
443 5193 616 5260 dunt;
654 5208 795 5264 pone
823 5202 1006 5250 autem
1052 5194 1300 5250 sentiunt
1325 5194 1631 5250 contraria.

516 5366 700 5422 Omnis
739 5378 915 5423 autem
948 5370 1124 5424 malus
1148 5371 1212 5440 [it
1267 5370 1606 5440 opprobrium
1646 5371 1776 5427 viro.
1829 5371 2024 5432 Omnis

441 5470 623 5516 autem
653 5461 734 5516 sic
770 5461 910 5516 male
950 5463 1221 5532 sentiens,
1255 5478 1285 5517 a
1322 5474 1470 5521 recte
1512 5465 1775 5520 sentienti
1822 5473 1884 5522 ut
1912 5467 2020 5522 im-

440 5562 630 5622 postor
661 5553 1058 5608 contemnitur.

516 5641 676 5698 Vens.
712 5644 764 5700 7.
794 5645 1102 5715 Quicunque
1141 5647 1363 5715 fratrem
1433 5650 1639 5718 inopem
1685 5650 1818 5715 odit,
1859 5652 2021 5706 etiam

441 5732 508 5788 ob
531 5735 770 5790 amicitia
793 5735 944 5807 longe
964 5739 1086 5794 erit.
1122 5739 1225 5806 Qui
1253 5739 1480 5797 fratrem
1507 5756 1571 5798 ex
1607 5743 1790 5798 anima
1834 5745 2016 5816 repel—

832 5832 855 5854 κ

2133 4551 2331 4620 λόγως,
2362 4552 2453 4606 διὰ
2481 4552 2544 4608 τὸ
2575 4548 2945 4626 δύνασθαιμὴ
2979 4555 3279 4610 ὑπακούειν
3317 4556 3486 4628 αὐτῷ,
3513 4555 3600 4608 οὐκ
3617 4553 3677 4603 ἐν·

2131 4639 2322 4694 τεῢθεν
2359 4643 2440 4705 εἰς
2481 4641 2626 4696 ἅπαν
2653 4643 2868 4716 ἐκφύγῃ
2895 4645 2992 4716 τὴν
3023 4646 3276 4700 κόλασιν·
3305 4647 3568 4700 ἀποδώσει
3592 4643 3679 4711 γὰρ

2131 4729 2322 4794 λόγους
2353 4733 2448 4785 καὶ
2475 4727 2630 4797 οὗτος
2649 4772 2665 4796 ,
2700 4733 2732 4805 ἢ
2765 4735 2909 4789 κατά
2945 4735 3008 4791 τὸ
3043 4737 3223 4807 παρὸν
3251 4735 3284 4807 ἢ
3323 4736 3464 4792 κατά
3489 4736 3545 4790 τὸ

2130 4823 2242 4889 λον,
2267 4825 2349 4879 ὅτι
2381 4825 2479 4889 τὰς
2510 4826 2732 4891 ἐντολὰς
2779 4827 2873 4882 τοῦ
2907 4830 3149 4882 Κτίστου
3197 4829 3669 4902 παρασλεψάμενοςυ

2129 4917 2250 4978 ταῖς
2289 4917 2593 4988 ὑποθήκαις
2629 4917 2861 4990 ἐπείσθη
2897 4919 2996 4974 τοῦ
3036 4921 3304 4994 Πονηροῦ.

2200 5015 2275 5075 ς’.
2315 5009 2541 5064 Πολλοὶ
2592 5013 2994 5080 θεραπεύουσι
3039 5014 3333 5082 πρόσωπα
3379 5008 3666 5080 ,βασιλέωςο

2129 5100 2193 5153 Οἱ
2221 5101 2406 5154 πολλοὶ
2429 5101 2548 5156 κατ’
2574 5102 2696 5174 ὄψιν
2721 5103 2831 5158 τῶν
2854 5103 3122 5176 βασιλέων
3148 5106 3277 5178 περὶ
3295 5106 3395 5178 τὴν
3417 5099 3668 5176 θεραπείαν

2127 5191 2334 5248 τούτων
2365 5194 2763 5259 σπουδάζουσιν
2783 5211 2798 5224 ·
2830 5195 3058 5251 ὄπισθεν
3082 5196 3161 5264 δὲ,
3191 5197 3454 5253 τάναντία
3482 5187 3664 5266 φρονοῦ·

2128 5301 2232 5344 σιν.

2194 5377 2321 5445 Πᾶς
2347 5377 2417 5432 δὲ
2439 5381 2474 5433 ὁ
2506 5378 2690 5447 κακὸς
2735 5381 2958 5451 γίνεται
3014 5379 3249 5460 ὄνειδος
3277 5380 3471 5452 ἀνδρί.
3509 5379 3606 5440 Πᾶς
3624 5371 3659 5425 δ’

2123 5467 2154 5519 ὁ
2179 5465 2365 5530 κακῶς
2390 5466 2531 5520 οὕτω
2556 5467 2788 5539 φρονῶν,
2827 5467 2974 5539 παρά
2997 5468 3074 5540 τῷ
3101 5468 3570 5541 σταθερογνώμονι
3594 5462 3660 5527 ἐξ*

2121 5545 2420 5612 ουθένωται
2456 5559 2532 5624 ὡς
2569 5557 2845 5614 ἀπατεὼν.

2194 5649 2258 5716 ζ’-
2298 5649 2426 5718 Πᾶς
2455 5651 2525 5720 ὃς
2562 5651 2832 5723 ἀδελφὸν
2855 5655 3096 5724 πτωχὸν
3123 5653 3320 5724 μισεῖ,
3353 5653 3446 5708 καὶ
3489 5647 3656 5720 φιλίας

2116 5744 2356 5814 μακρὰν
2399 5744 2592 5802 ἔσται.
2633 5746 2691 5800 '0
2742 5745 2807 5800 ἐκ
2855 5746 3032 5818 ψυχῆς
3088 5747 3547 5818 ἁπιστρεφόμενος
3582 5736 3652 5790 τὸν

3818 3709 3821 3922 l
