3900 6228
270 334 402 405 1ί13

1287 352 1827 418 COMMENTARII
1867 357 1949 418 IN
1988 357 2439 425 PROVERBIA.

3373 368 3521 434 ιιιι

262 456 505 556 ἐμοφυῆ,
528 456 690 556 ’ἐνδεῆ
723 461 854 518 ὄντα
879 464 987 518 τῶν
1016 465 1094 537 τῷ
1129 468 1347 539 σώματι
1378 472 1690 541 ἀναγκαίων
1719 472 1750 544 ἦ
1784 476 1842 544 τῇ

1967 476 2014 529 Lit
2065 478 2400 533 necessariis
2450 478 2672 548 corpori
2728 478 2846 536 sive
2906 481 3105 538 animus
3161 485 3528 556 indigentem,

262 546 430 619 ψυχῇ,
457 550 551 602 καὶ
582 551 657 621 μὴ
689 554 977 625 οἰκτείρων
999 558 1183 624 αὑτὸν,
1206 560 1302 613 καὶ
1333 563 1496 633 χεῖρα
1525 562 1704 634 τούτῳ
1727 564 1848 631 ὀρέ-

261 652 377 725 γων
403 638 480 700 ὡς
505 639 751 709 δυνατὸν,
781 646 850 699 τὰ
879 647 1041 716 ὅμοια
1079 651 1330 705 πείσεται
1367 655 1464 707 καὶ
1512 654 1697 719 αὐτὸς,
1747 657 1849 725 τῆς

262 724 400 782 θεοῦ
454 730 870 804 φιλανθρωπίας
919 738 1220 811 διαστήσας
1271 742 1558 816 πόρρωθεν
1614 724 1846 800 ἑαυτόν.

265 820 481 894 Ὠσπερ
517 825 628 893 γὰρ
649 828 812 901 αὐτὸς
857 829 1070 902 διετέθη
1119 835 1250 906 περὶ
1281 836 1373 890 τὸν
1401 839 1646 909 ὁμοφυῆ,
1675 838 1849 901 οὕτως

263 912 413 982 αὐτῷ
455 916 631 987 κρίσει
668 917 855 992 δικαίᾳ
891 922 1272 1001 διατεθῄσεται
1311 928 1406 981 καὶ
1443 929 1595 992 Θεός.

337 1006 580 1063 Ἕννοια
623 1010 815 1081 ἀγαθὴ
857 1015 982 1082 τοῖς
1008 1017 1241 1072 εἰδόσιν
1296 1019 1494 1088 αὐτὴν
1528 1020 1729 1091 ἐγγιεῖ.
1784 1024 1846 1076 'lI

263 1098 409 1170 ἁπλῆ
441 1102 571 1171 περὶ
604 1102 739 1157 Θεοῦ
765 1107 988 1173 γνῶσις,
1018 1109 1052 1181 ἦ
1084 1110 1352 1180 κρείττων
1382 1113 1501 1166 ἐστὶ
1530 1113 1715 1185 πάσης
1739 1114 1847 1168 τῶν

264 1194 406 1263 μετά
430 1195 562 1250 Θεὸν
588 1199 868 1265 γνώσεως,
900 1204 1017 1266 τοῖς
1048 1205 1191 1257 κατὰ
1228 1205 1417 1259 πίστιν
1442 1207 1733 1278 μυηθεῖσιν
1753 1210 1851 1263 αὑ-

258 1284 357 1355 τὴν
408 1287 729 1359 πλησιάσει,
768 1292 958 1363 πόρρω
1008 1295 1227 1350 πάντων
1269 1299 1378 1353 τῶν
1444 1300 1693 1354 ἀπίστων
1739 1303 1848 1371 ἀφ-

260 1381 550 1447 εστηκυία.

338 1471 509 1540 Ἀνὴρ
542 1472 611 1525 δὲ
655 1475 941 1546 φρόνιμος
975 1479 1222 1546 εὑρήσει
1263 1481 1476 1549 αὑτήν.
1531 1483 1739 1556 Πεῖραν
1789 1483 1848 1538 δέ

259 1561 466 1633 ταύτης
500 1562 732 1634 λήψεται
778 1567 979 1637 διαρκῆ
1015 1569 1044 1620 ὁ
1075 1569 1338 1637 γενναίως
1378 1571 1450 1625 τὰ
1493 1573 1639 1643 πάθη
1672 1592 1849 1627 κατα-

258 1653 554 1719 παλαίσας,
593 1658 692 1710 καὶ
717 1659 861 1711 κατά
899 1659 1058 1727 λόγον
1088 1661 1186 1731 τὴν
1228 1662 1412 1732 σχέσιν
1452 1663 1699 1735 περάσας
1738 1664 1848 1719 τῶν

259 1745 459 1800 ὑλικῶν
481 1764 496 1778 ⁸
524 1743 612 1802 οἷα
646 1750 825 1804 πάντα
855 1750 1046 1815 διαϐὰς
1072 1753 1142 1805 τὰ
1174 1754 1278 1807 ὑπὸ
1312 1755 1505 1825 χρόνον
1533 1757 1627 1810 καὶ
1653 1756 1840 1826 φύσιν,

1949 568 2157 639 quique
2198 570 2346 623 nulla
2390 570 2443 624 in
2484 585 2609 624 eum
2659 579 2841 626 motus
2899 575 3274 631 misericcrdia
3306 594 3529 634 nmium

1949 658 1998 711 ei
2061 674 2170 712 non
2237 661 2498 730 porrigit,
2563 676 2690 715 eum
2759 668 2976 731 potest,
3037 665 3226 720 eadem
3291 676 3346 722 et
3413 668 3530 738 ipse

1949 746 2191 814 patietur
2231 747 2360 817 quia
2409 763 2531 803 sese
2570 763 2600 801 a
2637 748 2734 803 Dei
2796 749 3177 807 misericordia
3232 771 3526 827 separavit.
3584 820 3591 829 ,

1949 834 2423 901 Quemadmodum
2453 840 2599 894 enim
2645 841 2765 911 ipse
2800 840 2958 897 fratri
2993 843 3141 911 fecit,
3179 847 3254 902 ita
3290 858 3345 903 et
3383 849 3529 905 Deus

1946 928 2099 998 justo
2132 930 2344 999 judicio
2375 931 2538 989 faciet
2577 934 2648 988 ei.

2021 1020 2287 1092 Cogitatio
2354 1024 2491 1079 bona
2552 1027 2837 1086 scientibus
2891 1048 3009 1085 eam
3070 1031 3527 1102 appropinquabit.

1951 1113 2191 1184 Simplex
2263 1115 2356 1172 Dei
2412 1120 2679 1189 cognitio,
2735 1125 2886 1177 omni
2941 1139 3135 1178 eorum
3196 1139 3319 1194 qua:
3372 1133 3532 1179 extra

1948 1205 2119 1287 Qeum
2184 1216 2313 1262 sunt
2365 1210 2682 1280 cegnitione
2758 1213 3095 1283 pretiosior,
3150 1215 3220 1269 iis
3287 1214 3379 1284 qui
3435 1232 3532 1286 per

1949 1299 2109 1353 fidem
2147 1299 2250 1370 ipsi
2284 1309 2413 1355 sunt
2462 1302 2665 1357 initiati
2700 1306 3200 1377 appropinquabit;
3239 1308 3308 1363 ab
3351 1309 3531 1363 omni-

1949 1389 2054 1445 bus
2091 1399 2271 1445 autem
2304 1391 2629 1450 ἱηθύοὶίὺιιο
2649 1397 2811 1468 longe
2839 1406 2971 1452 stat.

2031 1480 2127 1537 Vir
2163 1484 2391 1553 prudens
2436 1488 2659 1542 inveniet
2706 1507 2844 1545 eam.
2912 1490 3090 1562 Hujus
3143 1502 3325 1548 autem
3368 1510 3529 1565 expc-

1947 1573 2204 1628 rientiam
2238 1576 2597 1632 sufﬁcientem
2634 1580 2859 1636 habebit
2908 1582 3001 1651 qui
3039 1598 3306 1653 generose
3336 1582 3533 1638 adver-

1950 1681 2046 1722 sus
2071 1668 2356 1737 passiones
2381 1670 2693 1739 reluctans,
2721 1671 2881 1742 juxta
2910 1675 3179 1730 rationem
3218 1678 3529 1731 mundauos

1950 1760 2231 1829 superavit
2276 1760 2544 1829 allectus,
2587 1766 2681 1834 qui
2730 1766 2912 1820 omnia
2964 1768 3287 1837 temporalia
3325 1782 3390 1821 ac
3425 1784 3528 1822 na-

257 1840 359 1929 afui.
392 1839 528 1910 πρὸς
553 1841 716 1895 αὐτὸν
759 1843 940 1913 ἁγνῶς
979 1845 1311 1917 ἀναδραμὼν
1359 1848 1452 1901 τὸν
1490 1849 1632 1919 ὑπὲρ
1660 1851 1838 1904 πάντα

1967 1851 2137 1905 uralia
2203 1852 2480 1909 transiens
2504 1892 2520 1919 ,
2551 1854 2617 1907 ad
2650 1869 2774 1909 eum
2827 1864 3017 1912 sancte
3046 1871 3372 1929 progressus
3424 1867 3527 1922 est,

246 1922 414 1981 Θεόν.

340 2019 403 2074 '0
436 2023 639 2078 πολλὰ
673 2027 1016 2083 κακοποιῶν
1054 2033 1466 2102 τελεσιουργεῖ
1500 2034 1737 2087 κακίαν.
1778 2032 1836 2089 '0

257 2110 397 2165 πάνυ
429 2113 783 2184 ἁμαρτάνων,
818 2119 878 2172 οὐ
914 2119 1037 2173 καθ’
1070 2120 1185 2186 egw
1218 2121 1379 2192 μόνον
1405 2123 1506 2195 τὴν
1532 2114 1835 2196 ἁμαρτίαν,

255 2200 391 2257 ἀλλά
416 2205 514 2257 κα)⁵
536 2206 656 2259 κατ’
681 2208 967 2279 ἐνέργειαν
1005 2212 1235 2267 ἐκτελεῖ.

331 2295 432 2361 Ὃς
458 2294 528 2349 δὲ
549 2296 782 2364 ἐρεθιζει
809 2301 1017 2371 λόγοις
1039 2342 1054 2367 ,
1083 2306 1154 2357 οὐ
1186 2303 1647 2371 διασωθήσεται.
1696 2307 1754 2362 '0
1782 2308 1837 2361 δέ

255 2387 342 2442 διά
365 2389 473 2443 τῶν
504 2392 813 2464 αἰσθήσεων
847 2397 975 2460 τοὺς
1020 2398 1291 2467 ἐμπαθεῖς
1342 2400 1507 2455 αὑτοῦ
1541 2401 1838 2473 λογισμοὺς

256 2478 560 2552 διεγείρων,
586 2483 648 2535 ού
668 2484 1173 2558 διαφυλαχθήσεται
1199 2490 1341 2543 κατὰ
1368 2489 1549 2562 ψυχὴν
1572 2489 1837 2562 ἀϐλαϐής.

264 2593 283 2626 ι
332 2574 390 2628 'U
427 2576 536 2649 γάρ
557 2577 837 2648 ἐμϐλέψας
860 2582 1084 2648 γυναικὶ
1114 2583 1251 2654 πρὸς
1282 2584 1344 2637 τὸ
1376 2586 1717 2656 ἐπιθυμῆσαι
1747 2587 1843 2640 αὐ-

254 2666 376 2736 τῆς,
406 2668 508 2739 ήδη
542 2669 863 2741 ἐμοίχευσεν
895 2673 1067 2745 αὐτὴν
1091 2675 1150 2727 ἐν
1176 2678 1241 2746 τῇ
1277 2676 1481 2749 καρδίᾳ
1511 2677 1700 2732 αὑτοῦ.
1742 2697 1760 2730 s

327 2763 401 2828 η’.
448 2759 503 2812 '0
538 2758 838 2831 κτώμενος
885 2766 1210 2834 φρόνησιν,
1258 2765 1462 2837 ἀγαπᾷ
1505 2768 1744 2824 ἑαυτόν.
1783 2770 1842 2825 '0

256 2848 701 2921 προσλαμϐάνων
739 2854 1007 2924 φρόνησιν
1034 2858 1101 2928 τῇ
1140 2856 1354 2928 αἱρέσει
1379 2857 1475 2912 τοῦ
1506 2860 1840 2931 κρείττονος,

255 2939 352 2994 τοῦ
379 2941 576 2996 ἐαυτοῦ
608 2943 957 3015 ἐπιμελεῖται
1006 2948 1415 3019 συμφέροντοςο
1460 2951 1544 3005 ὅτι
1589 2952 1659 3005 τὰ
1696 2952 1841 3025 ψυχῇ

256 3033 351 3088 καὶ
388 3034 603 3107 σώματι
633 3039 882 3111 σωτήρια
916 3041 1225 3111 οἰκονομεῖν
1248 3037 1389 3096 οἶδεν
1430 3044 1463 3113 ἡ
1496 3043 1782 3115 φρόνησις.

330 3127 437 3194 ⁸ος
461 3129 770 3198 φυλάσσει
802 3133 1127 3201 φρόνησιν,
1158 3134 1411 3203 εὑρήσει
1438 3136 1650 3205 ἀγαθά.
1697 3136 1760 3191 '0
1789 3137 1844 3191 δὲ

254 3219 442 3289 τηρῶν
484 3219 692 3291 ταύτην
740 3223 861 3276 κατ’
907 3224 1196 3295 ἐνέργειαν
1240 3225 1336 3280 τοῦ
1384 3227 1578 3295 καλοῦ,
1624 3229 1735 3283 τῶν
1785 3229 1845 3283 ἐν

256 3307 618 3376 ἐπαγγελίαις
652 3311 877 3378 ἀγαθῶν
910 3313 1280 3379 ἐπιτεύξεται.

326 3401 389 3454 θ’.
413 3398 653 3470 Μάρτυς
676 3402 930 3470 ψευδὴς,
949 3406 1062 3459 οὐκ
1094 3406 1461 3475 ἀτιμώρητος
1477 3408 1671 3465 ἔσται.
1714 3409 1772 3464 '0
1787 3409 1845 3463 δὲ

254 3492 356 3564 τὴν
387 3493 522 3564 πρὸς
553 3493 623 3547 τά
660 3493 997 3565 φθειρόμενα
1026 3495 1211 3565 σχέσιν
1257 3497 1414 3567 ήμῶν
1454 3499 1694 3553 ἐπαινῶν
1728 3499 1846 3554 δαί-

259 3602 399 3655 μων,
434 3586 496 3639 τὸ
517 3586 926 3657 ἡτοιμασμένον
958 3587 1107 3658 αύτῷ
1130 3587 1227 3641 καὶ
1254 3590 1365 3652 τοῖς
1394 3589 1650 3658 ἀγγέλοις
1677 3589 1844 3644 αὑτοῦ

259 3673 374 3747 πῦρ
405 3675 507 3729 οὐκ
530 3675 885 3745 ἐκφεύξεται.

332 3770 438 3835 '0;-
463 3768 515 3822 δ’
546 3766 623 3823 ἂν
661 3769 934 3839 ἐκκαύσῃ
970 3770 1213 3838 κακίαν,
1252 3768 1565 3825 ἀπολεῖται
1608 3770 1708 3824 ὑπ’
1736 3770 1844 3823 αὐ-

257 3859 408 3929 τῆς.·
436 3860 492 3913 '0
530 3861 589 3915 δὲ
623 3861 715 3915 τὸν
754 3861 1097 3934 ἐμϐληθέντα
1127 3865 1189 3917 ἐν
1223 3864 1291 3935 τῇ
1328 3861 1495 3916 αὑτοῦ
1543 3860 1691 3934 ψυχῇ
1746 3863 1847 3932 τῆς

257 3952 490 4026 ἀνομίας
515 3953 722 4024 πυρσὸν
749 3953 899 4025 παρὰ
930 3952 1026 4007 τοῦ
1050 3953 1300 4025 φθορέως
1334 3954 1535 4019 Σατᾶν,
1565 3956 1706 4008 κατὰ
1725 3952 1845 4008 διά-

259 4047 407 4101 θεσιν
437 4046 728 4115 ὑπανάψας
774 4047 871 4100 καὶ
917 4045 1141 4118 πρᾶξιν,
1172 4046 1708 4120 ἀποτεφρωθήσεται
1751 4047 1846 4100 ὑπ’

259 4138 426 4194 αὑτοῦ
456 4138 557 4209 τὴν
593 4138 692 4209 τῆς
721 4138 898 4209 ψυχῆς
932 4138 1170 4203 εὐεξίαν.

332 4235 384 4285 ι’.
422 4232 505 4285 Οὐ
530 4231 824 4300 συμφέρει
856 4229 1073 4300 ἄφρονι
1103 4229 1325 4300 τρυφὴ,
1349 4230 1449 4285 καί
1476 4230 1584 4285 ἐὰν
1606 4230 1846 4299 οίκέτης

258 4318 512 4390 ἄρξηται
559 4320 690 4390 μεθ’
746 4320 971 4388 ὕϐρεως
1028 4320 1446 4375 δυναστεύειν.
1516 4321 1846 4392 Ἀσυντελής

259 4411 460 4481 ἐστινὴ
482 4413 581 4480 τῆς
606 4410 844 4480 φυσικῆς
865 4410 976 4464 τῶν
1003 4409 1220 4481 ὁρατῶν
1249 4410 1486 4481 θεωρίας
1510 4408 1846 4482 ἐντρύφησις

1948 1942 2044 2013 qui
2081 1958 2248 2013 super
2289 1945 2477 1998 omnia
2531 1954 2660 2009 stat,
2706 1945 2900 2002 Deum.

2011 2029 2186 2086 Multa
2216 2032 2590 2102 malefaciens,
2611 2036 2836 2103 explebit
2861 2037 3142 2091 malitiam.
3165 2038 3268 2105 Qui
3295 2042 3531 2096 multum

1940 2130 2161 2189 peccat,
2193 2137 2301 2176 non
2328 2123 2490 2177 modo
2521 2140 2617 2193 per
2645 2122 2899 2179 aﬂ'cctum
2929 2137 3213 2196 peccatum
3245 2129 3399 2196 facit,
3432 2133 3529 2187 seti

1938 2212 2103 2264 etiam
2139 2211 2268 2264 totis
2304 2211 2511 2266 viribus
2544 2224 2862 2282 peractum.

2012 2301 2116 2368 Qui
2144 2303 2409 2357 contendit
2442 2303 2632 2371 verbis,
2680 2322 2786 2359 non
2825 2306 3142 2361 salenbitnr.
3196 2309 3300 2375 Qtti
3347 2321 3529 2366 autem

1939 2406 2039 2462 per
2070 2407 2273 2447 sensus
2317 2393 2521 2447 excitat
2569 2393 2940 2463 cogitationes
2994 2409 3127 2451 suas
3175 2397 3531 2466 passionibus

1941 2482 2182 2547 deditas,
2208 2484 2392 2538 anima
2422 2483 2543 2551 eius
2582 2500 2688 2538 non
2722 2486 3031 2540 servabitur
3056 2485 3246 2542 illaesa.
3286 2507 3304 2540 ι
3336 2486 3530 2542 Omnis

1942 2578 2088 2632 enim
2126 2577 2217 2647 qui
2257 2577 2560 2647 inspexerit
2597 2577 2887 2632 mulierem
2922 2578 2989 2632 ad
3024 2580 3528 2652 concupiscendum

1942 2686 2087 2734 eam,
2116 2672 2228 2741 jam
2266 2671 2573 2725 moechatus
2594 2680 2677 2725 est
2707 2687 2827 2726 eam
2858 2672 2913 2726 in
2952 2672 3118 2727 corde
3154 2687 3256 2728 suo
3292 2672 3336 2726 ⁷.
3376 2691 3395 2724 ι

2014 2763 2180 2818 Vatis.
2214 2763 2269 2818 8.
2302 2764 2408 2829 Qui
2428 2763 2660 2832 possidet
2684 2762 3050 2830 prudentiam,
3077 2764 3253 2835 diligit
3277 2765 3529 2834 seipsum.

1945 2854 2048 2921 Qui
2076 2854 2427 2924 prudentiam
2462 2856 2714 2925 adjungit
2747 2857 2936 2925 optimi
2978 2855 3261 2921 electioni,
3306 2855 3375 2910 de
3406 2871 3531 2926 pro-

1945 2946 2064 3016 pria
2106 2947 2345 3001 utilitate
2385 2956 2579 3015 curat;
2636 2946 2768 3017 quia
2806 2947 3289 3003 conservationem
3335 2948 3533 3001 anima

1945 3054 2010 3092 ac
2039 3038 2291 3108 corporis
2324 3051 2630 3108 procurare
2659 3042 2813 3093 novit
2842 3038 3157 3108 prudentia.

2018 3130 2123 3196 Qui
2149 3130 2383 3184 custodit
2413 3128 2754 3201 prudentiam
2795 3131 3017 3185 inveniet
3064 3130 3221 3186 bona.
3263 3129 3365 3197 Qui
3401 3131 3534 3186 totis

1947 3221 2163 3277 viribus
2202 3222 2352 3275 illam
2394 3222 2536 3277 bene
2573 3232 2780 3290 servat,
2828 3223 2972 3277 bona
3027 3234 3357 3293 asscquetur
3401 3238 3531 3294 pro-

1946 3313 2142 3368 missa.

2017 3401 2182 3457 Vens.
2213 3401 2266 3456 9.
2303 3400 2471 3456 Testis
2495 3400 2667 3470 falsus
2704 3418 2808 3455 non
2836 3402 3133 3470 impunitus
3168 3403 3294 3456 erit.
3326 3399 3533 3455 Diabo-

1946 3495 2034 3549 lus
2071 3491 2325 3549 aﬂ'ectum
2347 3502 2599 3547 nostrum
2623 3492 2690 3547 ad
2726 3507 2791 3547 ca
2814 3509 2933 3563 quae
2951 3504 3378 3563 corrumpuntur
3409 3493 3532 3547 lau-

1945 3587 2085 3642 dans
2113 3599 2224 3640 non
2252 3583 2479 3655 effugiet
2502 3584 2681 3656 ignem
2716 3584 2821 3655 ipsi
2852 3594 2907 3640 et
2940 3586 3155 3658 angelis
3183 3586 3300 3655 ejus
3325 3602 3533 3658 praepa-

1947 3687 2155 3733 ratum.

2020 3768 2127 3840 Qui
2149 3764 2445 3822 accenderit
2473 3767 2696 3832 malum,
2732 3767 2926 3832 peribit
2973 3769 3029 3823 in
3081 3785 3161 3823 eo.
3218 3769 3532 3840 lniquitatis

1947 3838 2127 3929 ignem
2165 3859 2223 3913 in
2255 3858 2494 3912 animam
2526 3873 2556 3911 a
2599 3858 2875 3929 perditore
2905 3857 3109 3915 Satana
3143 3838 3404 3931 injectum
3440 3862 3532 3931 qui

1946 3949 2148 4005 affectu
2172 3948 2462 4007 succendit
2494 3957 2550 4005 et
2581 3953 2729 4017 actu,
2754 3951 2828 4007 ab
2855 3966 2922 4007 eo
2951 3954 3154 4009 anima:
3180 3954 3300 4025 ejus
3324 3957 3532 4011 sanitas

1946 4042 2233 4097 exinanita
2279 4041 2496 4099 evadet.

2018 4223 2189 4279 Vsus.
2219 4222 2306 4277 10.
2350 4221 2471 4278 Non
2499 4231 2720 4293 prosunt
2746 4221 2913 4277 stulto
2947 4220 3176 4287 deliciae,
3229 4223 3329 4276 etsi
3358 4222 3544 4292 {amne

1947 4312 2031 4381 lus
2050 4311 2270 4381 incipiat
2286 4328 2410 4366 cum
2428 4312 2749 4367 contumelia
2772 4311 3060 4367 dominari.
3087 4311 3329 4385 Physica:
3352 4328 3533 4368 rerum

1946 4404 2252 4461 visibilium
2285 4404 2771 4477 contemplationis
2794 4404 3011 4461 delicia:
3045 4406 3383 4476 imperfecta:
3406 4414 3536 4462 sunt

256 4504 336 4574 τῷ
371 4502 673 4571 ἀλογίστως
707 4503 892 4567 αὐτοῖς
921 4503 1270 4558 ἐπιϐάλλοντι
1292 4519 1308 4535 ο
1337 4506 1463 4567 ταῖς
1494 4502 1607 4576 γὰρ
1633 4503 1842 4557 τούτων

1967 4498 2001 4553 3i
2047 4496 2142 4567 qui
2177 4496 2301 4552 illas
2332 4496 2502 4551 stulte
2543 4494 2910 4551 considerat:
2952 4512 3141 4551 earum
3177 4500 3322 4554 enim
3372 4513 3539 4567 appa-

257 4592 608 4662 ἐπιφανείαις
646 4593 1014 4663 ἐναπομένει*
1061 4594 1138 4667 μὴ
1184 4594 1505 4665 δυνάμενος.
1526 4592 1736 4658 ταύτας
1782 4593 1852 4647 δι’

256 4684 572 4756 ἀφροσύνην
598 4685 860 4756 περάσαι,
902 4687 997 4740 καὶ
1026 4688 1153 4750 τοὺς
1187 4688 1614 4760 κεκρυμμένους
1635 4687 1849 4742 τούτων

256 4776 451 4844 λόγους
477 4776 809 4830 καταλαϐεῖν
830 4793 844 4807 ·
895 4778 1150 4850 καθάπερ
1177 4780 1329 4833 ἐστὶν
1366 4780 1517 4846 αύτῷ
1553 4778 1849 4844 ἀσυντελές

257 4870 354 4921 καὶ
382 4867 443 4921 τὺ
488 4867 741 4923 ἐντεῦθεν
786 4869 1111 4939 συμϐαῖνον,
1159 4871 1400 4943 ὁπηνίκα
1440 4872 1504 4926 τὸ
1531 4870 1848 4942 ὑποχείριον

256 4962 322 5031 τῇ
361 4959 509 5031 ψυχῇ
543 4960 726 5032 σῶμα,
756 4963 1089 5034 ἐπιχειρήσῃ
1137 4961 1225 5016 διά
1251 4963 1362 5018 τῶν
1406 4963 1622 5033 ἀτίμων
1653 4962 1846 5017 παθῶν

257 5049 461 5122 ταύτης
494 5051 1012 5117 κατεξανίστασθαι.

226 5142 257 5208 θ)
333 5146 421 5195 ια’.
468 5139 778 5211 Ἐλεήμων
802 5143 959 5212 ἀνὴρ
1002 5145 1405 5214 μακρόθυμος.
1453 5145 1512 5198 ὐ
1549 5144 1848 5216 συμπαθὴς

234 5220 553 5304 ’ἄνθρωπος
599 5233 835 5305 ὑπάρχει
879 5236 975 5288 καὶ
995 5235 1338 5303 ἀνεξίκακος,
1370 5236 1678 5291 ἀδικεῖσθαι
1714 5234 1849 5307 μᾶλο

246 5322 352 5401 λον
388 5322 715 5395 αἱρούμενος
743 5326 776 5396 ἢ
804 5326 1039 5380 ἀδικεῖν.

338 5412 411 5467 Τὸ
434 5413 504 5467 δὲ
533 5417 816 5486 καύχημα
862 5418 1051 5473 αὑτοῦ
1083 5417 1400 5489 ἐπέρχεται
1453 5420 1841 5489 παρανόμοις.

341 5505 403 5561 ’0
429 5506 485 5560 δέ
532 5507 655 5561 κατ’
707 5508 990 5580 ἀλήθειαν,
1038 5511 1107 5565 δι’
1156 5512 1223 5583 ἢν
1270 5505 1384 5583 εχέι
1437 5512 1884 5583 μακροθυμίαν,.

261 5597 484 5663 ἔπαινος
514 5597 704 5665 αὑτοῦ,
739 5603 849 5665 τοῖς
876 5600 1066 5657 τοῦτον
1098 5603 1249 5677 παρά
1293 5604 1392 5676 τὴν
1429 5604 1580 5660 θείαν
1627 5604 1849 5676 ἐντολὴν

332 5774 354 5810 ⁷
390 5774 577 5833 Matth.
617 5792 681 5845 ν,
712 5776 802 5834 28.

1949 4591 2148 4646 rentiis
2184 4590 2535 4653 immoratur,
2565 4604 2673 4644 non
2698 4591 2890 4645 valens
2930 4590 3275 4659 superﬁciem
3312 4598 3537 4659 praeter-

1947 4684 2100 4754 gredi
2135 4691 2188 4737 et
2214 4682 2461 4737 occultas
2496 4695 2685 4736 earum
2722 4680 3009 4751 percipere
3032 4681 3297 4737 rationes.
3330 4681 3539 4747 Queru-

1946 4773 2241 4830 admodum
2294 4772 2432 4828 nihil
2470 4773 2545 4826 illi
2587 4771 2805 4842 proficit
2851 4773 3073 4842 quando
3132 4772 3336 4828 accidit
3388 4770 3533 4841 quod

1945 4880 2150 4937 corpus
2204 4866 2403 4921 animae
2439 4866 2817 4936 mancipatum
2858 4866 3127 4923 adversus
3167 4866 3315 4921 illam
3355 4864 3534 4933 turpi-

1948 4959 2155 5015 tudinis
2186 4960 2543 5030 passionibus
2575 4958 2866 5031 insurgere
2893 4961 3126 5015 nitatur.

2021 5141 2190 5198 Vens.
2221 5140 2312 5195 il.
2353 5139 2663 5197 Misericors
2696 5141 2776 5194 vir
2804 5134 3124 5210 longanimis
3172 5147 3271 5192 est.
3319 5134 3540 5192 Patiens

1949 5243 2036 5291 est
2076 5233 2160 5288 vir
2204 5231 2583 5303 compatiens;
2621 5229 2952 5300 injustitiam
3001 5229 3111 5299 pati
3141 5242 3308 5298 quam
3356 5224 3541 5283 facere

1952 5327 2181 5384 mavult.

2027 5418 2095 5473 Et
2149 5420 2403 5491 gloriatio
2457 5420 2572 5489 ejus
2621 5426 2699 5471 est
2754 5414 2934 5485 iniqua
2990 5412 3356 5482 prmtergredi.
3400 5408 3538 5467 Vera

1955 5522 2137 5568 autem
2174 5514 2295 5568 laus
2324 5512 2445 5583 ejus
2477 5525 2584 5581 qua
2626 5506 3100 5579 longanimitatcm
3135 5504 3300 5560 habet
3353 5503 3407 5558 in
3444 5518 3540 5559 eos

1954 5607 2050 5678 qui
2083 5613 2276 5662 contra
2327 5603 2422 5660 Dei
2463 5602 2788 5659 mandatum
2842 5599 2996 5653 illum
3036 5596 3239 5669 injuria
3290 5591 3540 5651 afﬁciunt
3636 5596 3641 5601 ’
