  <div class='ocr_page' id='page_1' title='image "/cluster/home/n/w/nwhite01/storage/ocr_20150623/87 pt.1/mdp.39015032856539/745.png"; bbox 0 0 3900 6228; ppageno 0'>
   <div class='ocr_carea' id='block_1_1' title="bbox 380 272 517 338">
    <p class='ocr_par' dir='ltr' id='par_1_1' title="bbox 380 272 517 338">
     <span class='ocr_line' id='line_1_1' title="bbox 380 272 517 338; baseline -0.036 0"><span class='ocrx_word' id='word_1_1' title='bbox 380 272 517 338; x_wconf 56' lang='lat'><strong>1&amp;15</strong></span> 
     </span>
    </p>
   </div>
   <div class='ocr_carea' id='block_1_2' title="bbox 1676 253 2293 316">
    <p class='ocr_par' dir='ltr' id='par_1_2' title="bbox 1676 253 2293 316">
     <span class='ocr_line' id='line_1_2' title="bbox 1676 253 2293 316; baseline -0.002 -1"><span class='ocrx_word' id='word_1_2' title='bbox 1676 253 2030 316; x_wconf 79' lang='lat' dir='ltr'><strong>PROCOPII</strong></span> <span class='ocrx_word' id='word_1_3' title='bbox 2056 253 2293 315; x_wconf 69' lang='lat' dir='ltr'><strong>GAZzEl</strong></span> 
     </span>
    </p>
   </div>
   <div class='ocr_carea' id='block_1_3' title="bbox 3527 244 3699 312">
    <p class='ocr_par' dir='ltr' id='par_1_3' title="bbox 3527 244 3699 312">
     <span class='ocr_line' id='line_1_3' title="bbox 3527 244 3699 312; baseline 0.006 -1"><span class='ocrx_word' id='word_1_4' title='bbox 3527 244 3699 312; x_wconf 72' lang='grc'><strong>1416</strong></span> 
     </span>
    </p>
   </div>
   <div class='ocr_carea' id='block_1_4' title="bbox 374 368 1984 462">
    <p class='ocr_par' dir='ltr' id='par_1_4' title="bbox 374 374 1984 462">
     <span class='ocr_line' id='line_1_4' title="bbox 374 374 1984 462; baseline -0.013 -15"><span class='ocrx_word' id='word_1_5' title='bbox 374 390 768 462; x_wconf 75' lang='lat' dir='ltr'><strong>insipientibus</strong></span> <span class='ocrx_word' id='word_1_6' title='bbox 811 384 1013 441; x_wconf 79' lang='lat' dir='ltr'><strong>[rustra</strong></span> <span class='ocrx_word' id='word_1_7' title='bbox 1046 382 1305 442; x_wconf 67' lang='lat' dir='ltr'><strong>adhaeret,</strong></span> <span class='ocrx_word' id='word_1_8' title='bbox 1357 377 1450 448; x_wconf 90' lang='lat' dir='ltr'><strong>qui</strong></span> <span class='ocrx_word' id='word_1_9' title='bbox 1492 374 1730 447; x_wconf 68' lang='lat' dir='ltr'><strong>elogium</strong></span> <span class='ocrx_word' id='word_1_10' title='bbox 1772 375 1984 442; x_wconf 42' lang='lat' dir='ltr'><strong>majus,</strong></span> 
     </span>
    </p>
   </div>
   <div class='ocr_carea' id='block_1_5' title="bbox 2117 368 3697 462">
    <p class='ocr_par' dir='ltr' id='par_1_5' title="bbox 2117 368 3697 443">
     <span class='ocr_line' id='line_1_5' title="bbox 2117 368 3697 443; baseline -0.004 -18"><span class='ocrx_word' id='word_1_11' title='bbox 2117 372 2334 427; x_wconf 77' lang='grc' dir='ltr'>ἱικοῦσιν</span> <span class='ocrx_word' id='word_1_12' title='bbox 2369 374 2521 443; x_wconf 74' lang='grc' dir='ltr'>παρὰ</span> <span class='ocrx_word' id='word_1_13' title='bbox 2548 372 2655 425; x_wconf 81' lang='grc' dir='ltr'><strong>τῶν</strong></span> <span class='ocrx_word' id='word_1_14' title='bbox 2693 372 2945 442; x_wconf 81' lang='grc' dir='ltr'>ἀφρόνων</span> <span class='ocrx_word' id='word_1_15' title='bbox 2977 368 3188 440; x_wconf 64' lang='grc' dir='ltr'>ψευδῶς</span> <span class='ocrx_word' id='word_1_16' title='bbox 3228 369 3649 439; x_wconf 73' lang='grc' dir='ltr'><strong>προσάπτεται</strong></span> <span class='ocrx_word' id='word_1_17' title='bbox 3679 384 3697 396; x_wconf 83' lang='grc'><strong>·</strong></span> 
     </span>
    </p>
   </div>
   <div class='ocr_carea' id='block_1_6' title="bbox 373 464 1961 553">
    <p class='ocr_par' dir='ltr' id='par_1_6' title="bbox 373 464 1961 553">
     <span class='ocr_line' id='line_1_6' title="bbox 373 464 1961 553; baseline -0.014 -13"><span class='ocrx_word' id='word_1_18' title='bbox 373 499 501 540; x_wconf 85' lang='lat' dir='ltr'><strong>esse</strong></span> <span class='ocrx_word' id='word_1_19' title='bbox 542 481 811 553; x_wconf 83' lang='lat' dir='ltr'><strong>iujuriam</strong></span> <span class='ocrx_word' id='word_1_20' title='bbox 858 476 1060 540; x_wconf 81' lang='lat' dir='ltr'><strong>facere,</strong></span> <span class='ocrx_word' id='word_1_21' title='bbox 1119 487 1287 543; x_wconf 86' lang='lat' dir='ltr'><strong>quam</strong></span> <span class='ocrx_word' id='word_1_22' title='bbox 1343 468 1488 524; x_wconf 74' lang='lat' dir='ltr'><strong>ferre</strong></span> <span class='ocrx_word' id='word_1_23' title='bbox 1539 482 1703 539; x_wconf 84' lang='lat' dir='ltr'><strong>posse</strong></span> <span class='ocrx_word' id='word_1_24' title='bbox 1743 481 1805 521; x_wconf 88' lang='lat' dir='ltr'><strong>ac</strong></span> <span class='ocrx_word' id='word_1_25' title='bbox 1851 464 1961 518; x_wconf 85' lang='lat' dir='ltr'><strong>Deo</strong></span> 
     </span>
    </p>
   </div>
   <div class='ocr_carea' id='block_1_7' title="bbox 378 576 855 648">
    <p class='ocr_par' dir='ltr' id='par_1_7' title="bbox 378 576 855 648">
     <span class='ocr_line' id='line_1_7' title="bbox 378 576 855 648; baseline -0.013 -18"><span class='ocrx_word' id='word_1_26' title='bbox 378 576 603 648; x_wconf 80' lang='lat' dir='ltr'><strong>placere</strong></span> <span class='ocrx_word' id='word_1_27' title='bbox 638 578 855 644; x_wconf 87' lang='lat' dir='ltr'><strong>putant.</strong></span> 
     </span>
    </p>
   </div>
   <div class='ocr_carea' id='block_1_8' title="bbox 450 733 1965 814">
    <p class='ocr_par' dir='ltr' id='par_1_8' title="bbox 450 733 1965 814">
     <span class='ocr_line' id='line_1_8' title="bbox 450 733 1965 814; baseline -0.013 -9"><span class='ocrx_word' id='word_1_28' title='bbox 450 751 597 805; x_wconf 73' lang='lat' dir='ltr'><strong>Vens</strong></span> <span class='ocrx_word' id='word_1_29' title='bbox 631 746 717 801; x_wconf 75' lang='lat'><strong>1‘2.</strong></span> <span class='ocrx_word' id='word_1_30' title='bbox 746 743 897 814; x_wconf 83' lang='lat' dir='ltr'><strong>Regis</strong></span> <span class='ocrx_word' id='word_1_31' title='bbox 930 740 1274 796; x_wconf 72' lang='lat' dir='ltr'><strong>comminatio</strong></span> <span class='ocrx_word' id='word_1_32' title='bbox 1299 736 1495 793; x_wconf 82' lang='lat' dir='ltr'><strong>similis</strong></span> <span class='ocrx_word' id='word_1_33' title='bbox 1523 734 1761 805; x_wconf 77' lang='lat' dir='ltr'><strong>fremitui</strong></span> <span class='ocrx_word' id='word_1_34' title='bbox 1778 733 1965 788; x_wconf 80' lang='lat' dir='ltr'><strong>leouis-</strong></span> 
     </span>
    </p>
   </div>
   <div class='ocr_carea' id='block_1_9' title="bbox 382 830 1968 912">
    <p class='ocr_par' dir='ltr' id='par_1_9' title="bbox 382 830 1968 912">
     <span class='ocr_line' id='line_1_9' title="bbox 382 830 1968 912; baseline -0.01 -17"><span class='ocrx_word' id='word_1_35' title='bbox 382 842 546 912; x_wconf 74' lang='lat' dir='ltr'><strong>ltegis</strong></span> <span class='ocrx_word' id='word_1_36' title='bbox 587 840 701 895; x_wconf 82' lang='lat' dir='ltr'><strong>sive</strong></span> <span class='ocrx_word' id='word_1_37' title='bbox 746 836 1031 892; x_wconf 88' lang='lat' dir='ltr'><strong>terrestris</strong></span> <span class='ocrx_word' id='word_1_38' title='bbox 1062 834 1178 889; x_wconf 83' lang='lat' dir='ltr'><strong>sive</strong></span> <span class='ocrx_word' id='word_1_39' title='bbox 1207 830 1451 887; x_wconf 83' lang='lat' dir='ltr'><strong>caelestis</strong></span> <span class='ocrx_word' id='word_1_40' title='bbox 1486 842 1670 884; x_wconf 80' lang='lat' dir='ltr'><strong>sermo</strong></span> <span class='ocrx_word' id='word_1_41' title='bbox 1707 841 1818 897; x_wconf 85' lang='lat' dir='ltr'><strong>quo</strong></span> <span class='ocrx_word' id='word_1_42' title='bbox 1852 839 1968 896; x_wconf 76' lang='lat' dir='ltr'><strong>pre-</strong></span> 
     </span>
    </p>
   </div>
   <div class='ocr_carea' id='block_1_10' title="bbox 382 921 1966 997">
    <p class='ocr_par' dir='ltr' id='par_1_10' title="bbox 382 921 1966 997">
     <span class='ocr_line' id='line_1_10' title="bbox 382 921 1966 997; baseline -0.011 -9"><span class='ocrx_word' id='word_1_43' title='bbox 382 950 505 988; x_wconf 87' lang='lat' dir='ltr'><strong>nam</strong></span> <span class='ocrx_word' id='word_1_44' title='bbox 539 932 803 997; x_wconf 88' lang='lat' dir='ltr'><strong>minatur,</strong></span> <span class='ocrx_word' id='word_1_45' title='bbox 834 928 1036 983; x_wconf 89' lang='lat' dir='ltr'><strong>similis</strong></span> <span class='ocrx_word' id='word_1_46' title='bbox 1088 935 1172 981; x_wconf 90' lang='lat' dir='ltr'><strong>est</strong></span> <span class='ocrx_word' id='word_1_47' title='bbox 1207 923 1408 992; x_wconf 82' lang='lat' dir='ltr'><strong>rugitui</strong></span> <span class='ocrx_word' id='word_1_48' title='bbox 1460 921 1662 983; x_wconf 53' lang='lat' dir='ltr'><strong>leonis,</strong></span> <span class='ocrx_word' id='word_1_49' title='bbox 1712 921 1966 972; x_wconf 91' lang='lat' dir='ltr'><strong>timorem</strong></span> 
     </span>
    </p>
   </div>
   <div class='ocr_carea' id='block_1_11' title="bbox 381 1012 1970 1092">
    <p class='ocr_par' dir='ltr' id='par_1_11' title="bbox 381 1012 1970 1092">
     <span class='ocr_line' id='line_1_11' title="bbox 381 1012 1970 1092; baseline -0.009 -13"><span class='ocrx_word' id='word_1_50' title='bbox 381 1027 574 1079; x_wconf 88' lang='lat' dir='ltr'><strong>mortis</strong></span> <span class='ocrx_word' id='word_1_51' title='bbox 623 1024 879 1092; x_wconf 80' lang='lat' dir='ltr'><strong>inspirat.</strong></span> <span class='ocrx_word' id='word_1_52' title='bbox 934 1020 1063 1075; x_wconf 87' lang='lat' dir='ltr'><strong>Ideo</strong></span> <span class='ocrx_word' id='word_1_53' title='bbox 1116 1032 1301 1074; x_wconf 86' lang='lat' dir='ltr'><strong>sermo</strong></span> <span class='ocrx_word' id='word_1_54' title='bbox 1356 1016 1445 1070; x_wconf 92' lang='lat' dir='ltr'><strong>ille</strong></span> <span class='ocrx_word' id='word_1_55' title='bbox 1502 1012 1803 1068; x_wconf 83' lang='lat' dir='ltr'><strong>animabus</strong></span> <span class='ocrx_word' id='word_1_56' title='bbox 1845 1026 1970 1081; x_wconf 81' lang='lat' dir='ltr'><strong>quae</strong></span> 
     </span>
    </p>
   </div>
   <div class='ocr_carea' id='block_1_12' title="bbox 384 1106 1966 1184">
    <p class='ocr_par' dir='ltr' id='par_1_12' title="bbox 384 1106 1966 1184">
     <span class='ocr_line' id='line_1_12' title="bbox 384 1106 1966 1184; baseline -0.007 -15"><span class='ocrx_word' id='word_1_57' title='bbox 384 1118 537 1169; x_wconf 80' lang='lat' dir='ltr'><strong>illum</strong></span> <span class='ocrx_word' id='word_1_58' title='bbox 572 1123 912 1184; x_wconf 85' lang='lat' dir='ltr'><strong>acceperunt</strong></span> <span class='ocrx_word' id='word_1_59' title='bbox 945 1110 1141 1167; x_wconf 89' lang='lat' dir='ltr'><strong>suadet</strong></span> <span class='ocrx_word' id='word_1_60' title='bbox 1186 1116 1244 1162; x_wconf 93' lang='lat' dir='ltr'><strong>ut</strong></span> <span class='ocrx_word' id='word_1_61' title='bbox 1275 1122 1305 1160; x_wconf 91' lang='lat' dir='ltr'><strong>a</strong></span> <span class='ocrx_word' id='word_1_62' title='bbox 1350 1106 1495 1160; x_wconf 82' lang='lat' dir='ltr'><strong>Ir.an</strong></span> <span class='ocrx_word' id='word_1_63' title='bbox 1532 1121 1654 1161; x_wconf 87' lang='lat' dir='ltr'><strong>sese</strong></span> <span class='ocrx_word' id='word_1_64' title='bbox 1696 1114 1966 1160; x_wconf 84' lang='lat' dir='ltr'><strong>avertant.</strong></span> 
     </span>
    </p>
   </div>
   <div class='ocr_carea' id='block_1_13' title="bbox 457 1197 1967 1276">
    <p class='ocr_par' dir='ltr' id='par_1_13' title="bbox 457 1197 1967 1276">
     <span class='ocr_line' id='line_1_13' title="bbox 457 1197 1967 1276; baseline -0.007 -16"><span class='ocrx_word' id='word_1_65' title='bbox 457 1208 734 1276; x_wconf 78' lang='lat' dir='ltr'><strong>Tanquam</strong></span> <span class='ocrx_word' id='word_1_66' title='bbox 789 1214 968 1258; x_wconf 86' lang='lat' dir='ltr'><strong>autem</strong></span> <span class='ocrx_word' id='word_1_67' title='bbox 999 1217 1086 1256; x_wconf 86' lang='lat' dir='ltr'><strong>ros</strong></span> <span class='ocrx_word' id='word_1_68' title='bbox 1133 1215 1290 1267; x_wconf 86' lang='lat' dir='ltr'><strong>super</strong></span> <span class='ocrx_word' id='word_1_69' title='bbox 1316 1198 1565 1261; x_wconf 74' lang='lat' dir='ltr'><strong>herbam,</strong></span> <span class='ocrx_word' id='word_1_70' title='bbox 1599 1198 1677 1251; x_wconf 86' lang='lat' dir='ltr'><strong>sic</strong></span> <span class='ocrx_word' id='word_1_71' title='bbox 1717 1197 1967 1251; x_wconf 73' lang='lat' dir='ltr'><strong>hilaritas</strong></span> 
     </span>
    </p>
   </div>
   <div class='ocr_carea' id='block_1_14' title="bbox 383 1290 1969 1368">
    <p class='ocr_par' dir='ltr' id='par_1_14' title="bbox 383 1290 1969 1368">
     <span class='ocr_line' id='line_1_14' title="bbox 383 1290 1969 1368; baseline -0.007 -15"><span class='ocrx_word' id='word_1_72' title='bbox 383 1297 1005 1367; x_wconf 82' lang='lat' dir='ltr'><strong>ejus.Quemadmodum</strong></span> <span class='ocrx_word' id='word_1_73' title='bbox 1024 1308 1113 1347; x_wconf 91' lang='lat' dir='ltr'><strong>ros</strong></span> <span class='ocrx_word' id='word_1_74' title='bbox 1144 1290 1467 1368; x_wconf 48' lang='lat' dir='ltr'><strong>matutinum</strong></span> <span class='ocrx_word' id='word_1_75' title='bbox 1505 1290 1726 1344; x_wconf 85' lang='lat' dir='ltr'><strong>herbam</strong></span> <span class='ocrx_word' id='word_1_76' title='bbox 1760 1305 1793 1344; x_wconf 93' lang='lat' dir='ltr'><strong>e</strong></span> <span class='ocrx_word' id='word_1_77' title='bbox 1824 1298 1969 1344; x_wconf 88' lang='lat' dir='ltr'><strong>terra</strong></span> 
     </span>
    </p>
   </div>
   <div class='ocr_carea' id='block_1_15' title="bbox 388 1380 1970 1451">
    <p class='ocr_par' dir='ltr' id='par_1_15' title="bbox 388 1380 1970 1451">
     <span class='ocr_line' id='line_1_15' title="bbox 388 1380 1970 1451; baseline -0.003 -12"><span class='ocrx_word' id='word_1_78' title='bbox 388 1399 570 1440; x_wconf 82' lang='lat' dir='ltr'><strong>natam</strong></span> <span class='ocrx_word' id='word_1_79' title='bbox 606 1403 636 1440; x_wconf 90' lang='lat' dir='ltr'><strong>a</strong></span> <span class='ocrx_word' id='word_1_80' title='bbox 690 1386 824 1441; x_wconf 90' lang='lat' dir='ltr'><strong>solis</strong></span> <span class='ocrx_word' id='word_1_81' title='bbox 876 1384 1172 1438; x_wconf 88' lang='lat' dir='ltr'><strong>ardoribus</strong></span> <span class='ocrx_word' id='word_1_82' title='bbox 1213 1390 1449 1447; x_wconf 86' lang='lat' dir='ltr'><strong>recreat,</strong></span> <span class='ocrx_word' id='word_1_83' title='bbox 1510 1380 1811 1436; x_wconf 81' lang='lat' dir='ltr'><strong>siccitatem</strong></span> <span class='ocrx_word' id='word_1_84' title='bbox 1850 1380 1970 1451; x_wconf 85' lang='lat' dir='ltr'><strong>ejus</strong></span> 
     </span>
    </p>
   </div>
   <div class='ocr_carea' id='block_1_16' title="bbox 390 1471 1971 1549">
    <p class='ocr_par' dir='ltr' id='par_1_16' title="bbox 390 1471 1971 1549">
     <span class='ocr_line' id='line_1_16' title="bbox 390 1471 1971 1549; baseline -0.004 -17"><span class='ocrx_word' id='word_1_85' title='bbox 390 1479 651 1549; x_wconf 78' lang='lat' dir='ltr'><strong>irrigans,</strong></span> <span class='ocrx_word' id='word_1_86' title='bbox 707 1477 781 1530; x_wconf 86' lang='lat' dir='ltr'><strong>ita</strong></span> <span class='ocrx_word' id='word_1_87' title='bbox 828 1490 992 1530; x_wconf 88' lang='lat' dir='ltr'><strong>omne</strong></span> <span class='ocrx_word' id='word_1_88' title='bbox 1040 1473 1271 1529; x_wconf 81' lang='lat' dir='ltr'><strong>verbum</strong></span> <span class='ocrx_word' id='word_1_89' title='bbox 1311 1480 1657 1528; x_wconf 87' lang='lat' dir='ltr'><strong>mansuetum</strong></span> <span class='ocrx_word' id='word_1_90' title='bbox 1707 1471 1855 1541; x_wconf 92' lang='lat' dir='ltr'><strong>quod</strong></span> <span class='ocrx_word' id='word_1_91' title='bbox 1902 1486 1971 1526; x_wconf 79' lang='lat' dir='ltr'><strong>ex</strong></span> 
     </span>
    </p>
   </div>
   <div class='ocr_carea' id='block_1_17' title="bbox 391 1564 1968 1643">
    <p class='ocr_par' dir='ltr' id='par_1_17' title="bbox 391 1564 1968 1643">
     <span class='ocr_line' id='line_1_17' title="bbox 391 1564 1968 1643; baseline -0.003 -21"><span class='ocrx_word' id='word_1_92' title='bbox 391 1587 485 1624; x_wconf 88' lang='lat' dir='ltr'><strong>ore</strong></span> <span class='ocrx_word' id='word_1_93' title='bbox 519 1570 664 1640; x_wconf 84' lang='lat' dir='ltr'><strong>regis</strong></span> <span class='ocrx_word' id='word_1_94' title='bbox 719 1570 834 1624; x_wconf 89' lang='lat' dir='ltr'><strong>sive</strong></span> <span class='ocrx_word' id='word_1_95' title='bbox 878 1568 1173 1643; x_wconf 83' lang='lat' dir='ltr'><strong>terrestris</strong></span> <span class='ocrx_word' id='word_1_96' title='bbox 1220 1567 1340 1622; x_wconf 88' lang='lat' dir='ltr'><strong>sive</strong></span> <span class='ocrx_word' id='word_1_97' title='bbox 1389 1564 1636 1622; x_wconf 85' lang='lat' dir='ltr'><strong>caelestis</strong></span> <span class='ocrx_word' id='word_1_98' title='bbox 1692 1564 1968 1636; x_wconf 81' lang='lat' dir='ltr'><strong>procedit,</strong></span> 
     </span>
    </p>
   </div>
   <div class='ocr_carea' id='block_1_18' title="bbox 389 1657 1970 1729">
    <p class='ocr_par' dir='ltr' id='par_1_18' title="bbox 389 1657 1970 1729">
     <span class='ocr_line' id='line_1_18' title="bbox 389 1657 1970 1729; baseline -0.004 -13"><span class='ocrx_word' id='word_1_99' title='bbox 389 1661 636 1716; x_wconf 85' lang='lat' dir='ltr'><strong>laborem</strong></span> <span class='ocrx_word' id='word_1_100' title='bbox 676 1661 947 1715; x_wconf 85' lang='lat' dir='ltr'><strong>bonorum</strong></span> <span class='ocrx_word' id='word_1_101' title='bbox 976 1674 1205 1729; x_wconf 88' lang='lat' dir='ltr'><strong>operum</strong></span> <span class='ocrx_word' id='word_1_102' title='bbox 1235 1658 1357 1727; x_wconf 87' lang='lat' dir='ltr'><strong>ejus</strong></span> <span class='ocrx_word' id='word_1_103' title='bbox 1397 1658 1495 1728; x_wconf 91' lang='lat' dir='ltr'><strong>qui</strong></span> <span class='ocrx_word' id='word_1_104' title='bbox 1539 1657 1756 1728; x_wconf 86' lang='lat' dir='ltr'><strong>pondus</strong></span> <span class='ocrx_word' id='word_1_105' title='bbox 1795 1664 1851 1712; x_wconf 87' lang='lat' dir='ltr'><strong>et</strong></span> <span class='ocrx_word' id='word_1_106' title='bbox 1880 1672 1970 1711; x_wconf 88' lang='lat' dir='ltr'><strong>ar-</strong></span> 
     </span>
    </p>
   </div>
   <div class='ocr_carea' id='block_1_19' title="bbox 394 1749 1968 1820">
    <p class='ocr_par' dir='ltr' id='par_1_19' title="bbox 394 1749 1968 1820">
     <span class='ocr_line' id='line_1_19' title="bbox 394 1749 1968 1820; baseline -0.001 -15"><span class='ocrx_word' id='word_1_107' title='bbox 394 1753 583 1807; x_wconf 86' lang='lat' dir='ltr'><strong>dorem</strong></span> <span class='ocrx_word' id='word_1_108' title='bbox 628 1752 734 1806; x_wconf 87' lang='lat' dir='ltr'><strong>diei</strong></span> <span class='ocrx_word' id='word_1_109' title='bbox 786 1753 931 1813; x_wconf 86' lang='lat' dir='ltr'><strong>tulit,</strong></span> <span class='ocrx_word' id='word_1_110' title='bbox 991 1751 1315 1807; x_wconf 85' lang='lat' dir='ltr'><strong>consolatur</strong></span> <span class='ocrx_word' id='word_1_111' title='bbox 1363 1764 1460 1820; x_wconf 86' lang='lat' dir='ltr'><strong>spe</strong></span> <span class='ocrx_word' id='word_1_112' title='bbox 1499 1749 1767 1806; x_wconf 85' lang='lat' dir='ltr'><strong>mercedis</strong></span> <span class='ocrx_word' id='word_1_113' title='bbox 1803 1765 1968 1820; x_wconf 85' lang='lat' dir='ltr'><strong>quam</strong></span> 
     </span>
    </p>
   </div>
   <div class='ocr_carea' id='block_1_20' title="bbox 400 1836 1329 1912">
    <p class='ocr_par' dir='ltr' id='par_1_20' title="bbox 400 1836 1329 1912">
     <span class='ocr_line' id='line_1_20' title="bbox 400 1836 1329 1912; baseline 0.001 -16"><span class='ocrx_word' id='word_1_114' title='bbox 400 1845 631 1912; x_wconf 82' lang='lat' dir='ltr'><strong>recipiet</strong></span> <span class='ocrx_word' id='word_1_115' title='bbox 657 1859 755 1912; x_wconf 92' lang='lat' dir='ltr'><strong>pro</strong></span> <span class='ocrx_word' id='word_1_116' title='bbox 785 1845 876 1897; x_wconf 81' lang='lat' dir='ltr'><strong>tali</strong></span> <span class='ocrx_word' id='word_1_117' title='bbox 909 1843 1113 1897; x_wconf 90' lang='lat' dir='ltr'><strong>labore.</strong></span> <span class='ocrx_word' id='word_1_118' title='bbox 1326 1836 1329 1839; x_wconf 67' lang='grc'><em>’</em></span> 
     </span>
    </p>
   </div>
   <div class='ocr_carea' id='block_1_21' title="bbox 468 1936 1973 2009">
    <p class='ocr_par' dir='ltr' id='par_1_21' title="bbox 468 1936 1973 2009">
     <span class='ocr_line' id='line_1_21' title="bbox 468 1936 1973 2009; baseline 0.003 -20"><span class='ocrx_word' id='word_1_119' title='bbox 468 1936 634 1992; x_wconf 76' lang='lat' dir='ltr'><strong>Vens.</strong></span> <span class='ocrx_word' id='word_1_120' title='bbox 688 1939 774 1992; x_wconf 79' lang='grc'><strong>15.</strong></span> <span class='ocrx_word' id='word_1_121' title='bbox 815 1936 978 1990; x_wconf 80' lang='lat' dir='ltr'><strong>Dolor</strong></span> <span class='ocrx_word' id='word_1_122' title='bbox 1013 1937 1183 2005; x_wconf 80' lang='lat' dir='ltr'><strong>patris</strong></span> <span class='ocrx_word' id='word_1_123' title='bbox 1228 1937 1375 2006; x_wconf 84' lang='lat' dir='ltr'><strong>ﬁlius</strong></span> <span class='ocrx_word' id='word_1_124' title='bbox 1436 1938 1764 2009; x_wconf 76' lang='lat' dir='ltr'><strong>imprudens.</strong></span> <span class='ocrx_word' id='word_1_125' title='bbox 1806 1938 1973 1995; x_wconf 80' lang='lat' dir='ltr'><strong>Menti</strong></span> 
     </span>
    </p>
   </div>
   <div class='ocr_carea' id='block_1_22' title="bbox 398 2029 1973 2099">
    <p class='ocr_par' dir='ltr' id='par_1_22' title="bbox 398 2029 1973 2099">
     <span class='ocr_line' id='line_1_22' title="bbox 398 2029 1973 2099; baseline 0.003 -15"><span class='ocrx_word' id='word_1_126' title='bbox 398 2045 523 2099; x_wconf 74' lang='lat' dir='ltr'><strong>qua:</strong></span> <span class='ocrx_word' id='word_1_127' title='bbox 574 2030 724 2083; x_wconf 84' lang='grc' dir='ltr'>ἰιιιιιιι</span> <span class='ocrx_word' id='word_1_128' title='bbox 780 2031 1004 2099; x_wconf 91' lang='lat' dir='ltr'><strong>protulit</strong></span> <span class='ocrx_word' id='word_1_129' title='bbox 1050 2029 1303 2085; x_wconf 79' lang='lat' dir='ltr'><strong>confusio</strong></span> <span class='ocrx_word' id='word_1_130' title='bbox 1352 2032 1715 2089; x_wconf 79' lang='lat' dir='ltr'><strong>stultissimus</strong></span> <span class='ocrx_word' id='word_1_131' title='bbox 1765 2048 1973 2089; x_wconf 88' lang='lat' dir='ltr'><strong>sermo.</strong></span> 
     </span>
    </p>
   </div>
   <div class='ocr_carea' id='block_1_23' title="bbox 401 2121 1977 2194">
    <p class='ocr_par' dir='ltr' id='par_1_23' title="bbox 401 2121 1977 2194">
     <span class='ocr_line' id='line_1_23' title="bbox 401 2121 1977 2194; baseline 0.001 -20"><span class='ocrx_word' id='word_1_132' title='bbox 401 2122 504 2188; x_wconf 84' lang='lat' dir='ltr'><strong>Qui</strong></span> <span class='ocrx_word' id='word_1_133' title='bbox 534 2121 676 2176; x_wconf 89' lang='lat' dir='ltr'><strong>enim</strong></span> <span class='ocrx_word' id='word_1_134' title='bbox 706 2124 911 2190; x_wconf 74' lang='lat' dir='ltr'><strong>profert</strong></span> <span class='ocrx_word' id='word_1_135' title='bbox 944 2137 1067 2190; x_wconf 84' lang='lat' dir='ltr'><strong>quae</strong></span> <span class='ocrx_word' id='word_1_136' title='bbox 1099 2136 1210 2175; x_wconf 88' lang='lat' dir='ltr'><strong>non</strong></span> <span class='ocrx_word' id='word_1_137' title='bbox 1241 2130 1477 2192; x_wconf 80' lang='lat' dir='ltr'><strong>oportet,</strong></span> <span class='ocrx_word' id='word_1_138' title='bbox 1500 2123 1831 2194; x_wconf 63' lang='lat' dir='ltr'><strong>insipientia:</strong></span> <span class='ocrx_word' id='word_1_139' title='bbox 1861 2139 1977 2177; x_wconf 81' lang='lat' dir='ltr'><strong>ma-</strong></span> 
     </span>
    </p>
   </div>
   <div class='ocr_carea' id='block_1_24' title="bbox 401 2215 870 2269">
    <p class='ocr_par' dir='ltr' id='par_1_24' title="bbox 401 2215 870 2269">
     <span class='ocr_line' id='line_1_24' title="bbox 401 2215 870 2269; baseline -0.004 0"><span class='ocrx_word' id='word_1_140' title='bbox 401 2215 637 2269; x_wconf 80' lang='lat' dir='ltr'><strong>nifestus</strong></span> <span class='ocrx_word' id='word_1_141' title='bbox 667 2215 870 2268; x_wconf 78' lang='lat' dir='ltr'><strong>evadit.</strong></span> 
     </span>
    </p>
   </div>
   <div class='ocr_carea' id='block_1_25' title="bbox 474 2302 1979 2371">
    <p class='ocr_par' dir='ltr' id='par_1_25' title="bbox 474 2302 1979 2371">
     <span class='ocr_line' id='line_1_25' title="bbox 474 2302 1979 2371; baseline 0.005 -16"><span class='ocrx_word' id='word_1_142' title='bbox 474 2302 597 2357; x_wconf 80' lang='lat' dir='ltr'><strong>Non</strong></span> <span class='ocrx_word' id='word_1_143' title='bbox 640 2319 775 2371; x_wconf 79' lang='lat' dir='ltr'><strong>pura</strong></span> <span class='ocrx_word' id='word_1_144' title='bbox 812 2313 929 2357; x_wconf 75' lang='lat' dir='ltr'><strong>tota</strong></span> <span class='ocrx_word' id='word_1_145' title='bbox 959 2304 1021 2358; x_wconf 88' lang='lat' dir='ltr'><strong>de</strong></span> <span class='ocrx_word' id='word_1_146' title='bbox 1055 2304 1289 2359; x_wconf 85' lang='lat' dir='ltr'><strong>mercede</strong></span> <span class='ocrx_word' id='word_1_147' title='bbox 1328 2306 1641 2361; x_wconf 78' lang='lat' dir='ltr'><strong>meretricis.</strong></span> <span class='ocrx_word' id='word_1_148' title='bbox 1675 2305 1979 2362; x_wconf 64' lang='lat' dir='ltr'><strong>[inmundae</strong></span> 
     </span>
    </p>
   </div>
   <div class='ocr_carea' id='block_1_26' title="bbox 401 2396 1981 2467">
    <p class='ocr_par' dir='ltr' id='par_1_26' title="bbox 401 2396 1981 2467">
     <span class='ocr_line' id='line_1_26' title="bbox 401 2396 1981 2467; baseline 0.004 -21"><span class='ocrx_word' id='word_1_149' title='bbox 401 2404 580 2448; x_wconf 81' lang='lat' dir='ltr'><strong>autem</strong></span> <span class='ocrx_word' id='word_1_150' title='bbox 611 2402 739 2448; x_wconf 85' lang='lat' dir='ltr'><strong>sunt</strong></span> <span class='ocrx_word' id='word_1_151' title='bbox 760 2396 1151 2463; x_wconf 86' lang='lat' dir='ltr'><strong>promissiones</strong></span> <span class='ocrx_word' id='word_1_152' title='bbox 1182 2411 1245 2451; x_wconf 84' lang='lat' dir='ltr'><strong>ex</strong></span> <span class='ocrx_word' id='word_1_153' title='bbox 1265 2397 1597 2467; x_wconf 80' lang='lat' dir='ltr'><strong>cogitatione</strong></span> <span class='ocrx_word' id='word_1_154' title='bbox 1620 2405 1837 2453; x_wconf 89' lang='lat' dir='ltr'><strong>terrena</strong></span> <span class='ocrx_word' id='word_1_155' title='bbox 1871 2398 1981 2454; x_wconf 90' lang='lat' dir='ltr'><strong>Deo</strong></span> 
     </span>
    </p>
   </div>
   <div class='ocr_carea' id='block_1_27' title="bbox 402 2487 1980 2556">
    <p class='ocr_par' dir='ltr' id='par_1_27' title="bbox 402 2487 1980 2556">
     <span class='ocr_line' id='line_1_27' title="bbox 402 2487 1980 2556; baseline 0.005 -17"><span class='ocrx_word' id='word_1_156' title='bbox 402 2488 575 2541; x_wconf 64' lang='lat' dir='ltr'><strong>factm.</strong></span> <span class='ocrx_word' id='word_1_157' title='bbox 629 2487 777 2540; x_wconf 85' lang='lat' dir='ltr'><strong>llanc</strong></span> <span class='ocrx_word' id='word_1_158' title='bbox 831 2488 1239 2556; x_wconf 81' lang='lat' dir='ltr'><strong>cogitationem,</strong></span> <span class='ocrx_word' id='word_1_159' title='bbox 1280 2498 1339 2542; x_wconf 91' lang='lat' dir='ltr'><strong>ut</strong></span> <span class='ocrx_word' id='word_1_160' title='bbox 1374 2490 1682 2545; x_wconf 88' lang='lat' dir='ltr'><strong>mercedem</strong></span> <span class='ocrx_word' id='word_1_161' title='bbox 1715 2493 1980 2547; x_wconf 83' lang='lat' dir='ltr'><strong>meretrix</strong></span> 
     </span>
    </p>
   </div>
   <div class='ocr_carea' id='block_1_28' title="bbox 402 2574 1980 2647">
    <p class='ocr_par' dir='ltr' id='par_1_28' title="bbox 402 2574 1980 2647">
     <span class='ocr_line' id='line_1_28' title="bbox 402 2574 1980 2647; baseline 0.005 -22"><span class='ocrx_word' id='word_1_162' title='bbox 402 2590 431 2625; x_wconf 71' lang='grc' dir='ltr'>ιι</span> <span class='ocrx_word' id='word_1_163' title='bbox 462 2583 639 2627; x_wconf 84' lang='lat' dir='ltr'><strong>mente</strong></span> <span class='ocrx_word' id='word_1_164' title='bbox 660 2574 861 2643; x_wconf 78' lang='lat' dir='ltr'><strong>excipit</strong></span> <span class='ocrx_word' id='word_1_165' title='bbox 892 2574 1225 2629; x_wconf 86' lang='lat' dir='ltr'><strong>irrationalis</strong></span> <span class='ocrx_word' id='word_1_166' title='bbox 1251 2590 1470 2640; x_wconf 87' lang='lat' dir='ltr'><strong>sensus,</strong></span> <span class='ocrx_word' id='word_1_167' title='bbox 1499 2586 1724 2646; x_wconf 88' lang='lat' dir='ltr'><strong>pr0pter</strong></span> <span class='ocrx_word' id='word_1_168' title='bbox 1752 2587 1980 2647; x_wconf 69' lang='lat' dir='ltr'><strong>portcno</strong></span> 
     </span>
    </p>
   </div>
   <div class='ocr_carea' id='block_1_29' title="bbox 403 2665 1978 2732">
    <p class='ocr_par' dir='ltr' id='par_1_29' title="bbox 403 2665 1978 2732">
     <span class='ocr_line' id='line_1_29' title="bbox 403 2665 1978 2732; baseline 0.004 -17"><span class='ocrx_word' id='word_1_169' title='bbox 403 2674 580 2718; x_wconf 64' lang='lat' dir='ltr'><strong>tosum</strong></span> <span class='ocrx_word' id='word_1_170' title='bbox 631 2665 804 2732; x_wconf 84' lang='lat' dir='ltr'><strong>ipsius</strong></span> <span class='ocrx_word' id='word_1_171' title='bbox 846 2681 969 2719; x_wconf 90' lang='lat' dir='ltr'><strong>cum</strong></span> <span class='ocrx_word' id='word_1_172' title='bbox 1015 2666 1104 2719; x_wconf 91' lang='lat' dir='ltr'><strong>illa</strong></span> <span class='ocrx_word' id='word_1_173' title='bbox 1151 2667 1565 2722; x_wconf 83' lang='lat' dir='ltr'><strong>commercium.</strong></span> <span class='ocrx_word' id='word_1_174' title='bbox 1613 2668 1776 2722; x_wconf 89' lang='lat' dir='ltr'><strong>Multi</strong></span> <span class='ocrx_word' id='word_1_175' title='bbox 1831 2669 1978 2724; x_wconf 91' lang='lat' dir='ltr'><strong>enim</strong></span> 
     </span>
    </p>
   </div>
   <div class='ocr_carea' id='block_1_30' title="bbox 402 2756 1981 2831">
    <p class='ocr_par' dir='ltr' id='par_1_30' title="bbox 402 2756 1981 2831">
     <span class='ocr_line' id='line_1_30' title="bbox 402 2756 1981 2831; baseline 0.004 -22"><span class='ocrx_word' id='word_1_176' title='bbox 402 2756 572 2811; x_wconf 87' lang='lat' dir='ltr'><strong>multa</strong></span> <span class='ocrx_word' id='word_1_177' title='bbox 624 2756 733 2812; x_wconf 90' lang='lat' dir='ltr'><strong>Deo</strong></span> <span class='ocrx_word' id='word_1_178' title='bbox 781 2759 1107 2826; x_wconf 87' lang='lat' dir='ltr'><strong>pollicentur</strong></span> <span class='ocrx_word' id='word_1_179' title='bbox 1156 2758 1222 2812; x_wconf 84' lang='lat' dir='ltr'><strong>ad</strong></span> <span class='ocrx_word' id='word_1_180' title='bbox 1262 2758 1619 2813; x_wconf 89' lang='lat' dir='ltr'><strong>obtinendum</strong></span> <span class='ocrx_word' id='word_1_181' title='bbox 1660 2762 1730 2815; x_wconf 89' lang='lat' dir='ltr'><strong>ab</strong></span> <span class='ocrx_word' id='word_1_182' title='bbox 1761 2775 1829 2815; x_wconf 91' lang='lat' dir='ltr'><strong>eo</strong></span> <span class='ocrx_word' id='word_1_183' title='bbox 1857 2776 1981 2831; x_wconf 85' lang='lat' dir='ltr'><strong>per-</strong></span> 
     </span>
    </p>
   </div>
   <div class='ocr_carea' id='block_1_31' title="bbox 403 2847 1980 2919">
    <p class='ocr_par' dir='ltr' id='par_1_31' title="bbox 403 2847 1980 2919">
     <span class='ocr_line' id='line_1_31' title="bbox 403 2847 1980 2919; baseline 0.006 -19"><span class='ocrx_word' id='word_1_184' title='bbox 403 2847 576 2902; x_wconf 90' lang='lat' dir='ltr'><strong>ituras</strong></span> <span class='ocrx_word' id='word_1_185' title='bbox 602 2849 841 2902; x_wconf 80' lang='lat' dir='ltr'><strong>divitias.</strong></span> <span class='ocrx_word' id='word_1_186' title='bbox 869 2848 1015 2915; x_wconf 86' lang='lat' dir='ltr'><strong>Quas</strong></span> <span class='ocrx_word' id='word_1_187' title='bbox 1046 2848 1444 2919; x_wconf 85' lang='lat' dir='ltr'><strong>promissiones</strong></span> <span class='ocrx_word' id='word_1_188' title='bbox 1503 2858 1694 2919; x_wconf 88' lang='lat' dir='ltr'><strong>utpote</strong></span> <span class='ocrx_word' id='word_1_189' title='bbox 1725 2851 1980 2909; x_wconf 78' lang='lat' dir='ltr'><strong>surdidas</strong></span> 
     </span>
    </p>
   </div>
   <div class='ocr_carea' id='block_1_32' title="bbox 407 2939 1983 3017">
    <p class='ocr_par' dir='ltr' id='par_1_32' title="bbox 407 2939 1983 3017">
     <span class='ocr_line' id='line_1_32' title="bbox 407 2939 1983 3017; baseline 0.004 -24"><span class='ocrx_word' id='word_1_190' title='bbox 407 2940 651 3009; x_wconf 89' lang='lat' dir='ltr'><strong>ipsisque</strong></span> <span class='ocrx_word' id='word_1_191' title='bbox 682 2940 906 2995; x_wconf 87' lang='lat' dir='ltr'><strong>nocivas</strong></span> <span class='ocrx_word' id='word_1_192' title='bbox 932 2939 1075 2996; x_wconf 87' lang='lat' dir='ltr'><strong>Dens</strong></span> <span class='ocrx_word' id='word_1_193' title='bbox 1101 2942 1300 3009; x_wconf 88' lang='lat' dir='ltr'><strong>rejieit.</strong></span> <span class='ocrx_word' id='word_1_194' title='bbox 1331 2959 1348 2991; x_wconf 84' lang='grc' dir='ltr'>ι</span> <span class='ocrx_word' id='word_1_195' title='bbox 1377 2940 1570 2999; x_wconf 88' lang='lat' dir='ltr'><strong>Petitis</strong></span> <span class='ocrx_word' id='word_1_196' title='bbox 1584 2943 1754 3011; x_wconf 88' lang='lat' dir='ltr'><strong>enim,</strong></span> <span class='ocrx_word' id='word_1_197' title='bbox 1784 2945 1983 3017; x_wconf 88' lang='lat' dir='ltr'><strong>inquit,</strong></span> 
     </span>
    </p>
   </div>
   <div class='ocr_carea' id='block_1_33' title="bbox 410 3030 1564 3101">
    <p class='ocr_par' dir='ltr' id='par_1_33' title="bbox 410 3030 1564 3101">
     <span class='ocr_line' id='line_1_33' title="bbox 410 3030 1564 3101; baseline 0.003 -19"><span class='ocrx_word' id='word_1_198' title='bbox 410 3036 464 3082; x_wconf 85' lang='lat' dir='ltr'><strong>ct</strong></span> <span class='ocrx_word' id='word_1_199' title='bbox 496 3043 599 3082; x_wconf 90' lang='lat' dir='ltr'><strong>non</strong></span> <span class='ocrx_word' id='word_1_200' title='bbox 619 3030 1043 3099; x_wconf 85' lang='lat' dir='ltr'><strong>obtinetis,quia</strong></span> <span class='ocrx_word' id='word_1_201' title='bbox 1072 3031 1209 3086; x_wconf 81' lang='lat' dir='ltr'><strong>male</strong></span> <span class='ocrx_word' id='word_1_202' title='bbox 1238 3030 1507 3101; x_wconf 64' lang='lat' dir='ltr'><strong>petitis&quot;.</strong></span> <span class='ocrx_word' id='word_1_203' title='bbox 1542 3051 1564 3085; x_wconf 69' lang='grc' dir='ltr'><strong>ι</strong></span> 
     </span>
    </p>
   </div>
   <div class='ocr_carea' id='block_1_34' title="bbox 482 3202 1991 3284">
    <p class='ocr_par' dir='ltr' id='par_1_34' title="bbox 482 3202 1991 3284">
     <span class='ocr_line' id='line_1_34' title="bbox 482 3202 1991 3284; baseline 0.01 -27"><span class='ocrx_word' id='word_1_204' title='bbox 482 3202 648 3260; x_wconf 76' lang='lat' dir='ltr'><strong>Vens.</strong></span> <span class='ocrx_word' id='word_1_205' title='bbox 678 3206 763 3260; x_wconf 72' lang='grc' dir='ltr'>Η.</span> <span class='ocrx_word' id='word_1_206' title='bbox 803 3203 1027 3259; x_wconf 85' lang='lat' dir='ltr'><strong>Domum</strong></span> <span class='ocrx_word' id='word_1_207' title='bbox 1066 3216 1117 3260; x_wconf 87' lang='lat' dir='ltr'><strong>et</strong></span> <span class='ocrx_word' id='word_1_208' title='bbox 1151 3209 1511 3263; x_wconf 78' lang='lat' dir='ltr'><strong>substantiam</strong></span> <span class='ocrx_word' id='word_1_209' title='bbox 1539 3212 1781 3268; x_wconf 76' lang='lat' dir='ltr'><strong>dividunt</strong></span> <span class='ocrx_word' id='word_1_210' title='bbox 1810 3222 1991 3284; x_wconf 80' lang='lat' dir='ltr'><strong>patres</strong></span> 
     </span>
    </p>
   </div>
   <div class='ocr_carea' id='block_1_35' title="bbox 409 3299 1997 3378">
    <p class='ocr_par' dir='ltr' id='par_1_35' title="bbox 409 3299 1997 3378">
     <span class='ocr_line' id='line_1_35' title="bbox 409 3299 1997 3378; baseline 0.009 -28"><span class='ocrx_word' id='word_1_211' title='bbox 409 3299 611 3365; x_wconf 82' lang='lat' dir='ltr'><strong>pueris.</strong></span> <span class='ocrx_word' id='word_1_212' title='bbox 654 3299 968 3355; x_wconf 85' lang='lat' dir='ltr'><strong>Intellectus</strong></span> <span class='ocrx_word' id='word_1_213' title='bbox 1005 3302 1176 3355; x_wconf 87' lang='lat' dir='ltr'><strong>nostri</strong></span> <span class='ocrx_word' id='word_1_214' title='bbox 1219 3302 1466 3368; x_wconf 87' lang='lat' dir='ltr'><strong>domum,</strong></span> <span class='ocrx_word' id='word_1_215' title='bbox 1508 3319 1731 3361; x_wconf 83' lang='lat' dir='ltr'><strong>carnem</strong></span> <span class='ocrx_word' id='word_1_216' title='bbox 1766 3323 1997 3378; x_wconf 91' lang='lat' dir='ltr'><strong>prorsus</strong></span> 
     </span>
    </p>
   </div>
   <div class='ocr_carea' id='block_1_36' title="bbox 413 3391 1997 3469">
    <p class='ocr_par' dir='ltr' id='par_1_36' title="bbox 413 3391 1997 3469">
     <span class='ocr_line' id='line_1_36' title="bbox 413 3391 1997 3469; baseline 0.006 -24"><span class='ocrx_word' id='word_1_217' title='bbox 413 3391 728 3446; x_wconf 88' lang='lat' dir='ltr'><strong>sensibilem</strong></span> <span class='ocrx_word' id='word_1_218' title='bbox 764 3400 818 3445; x_wconf 92' lang='lat' dir='ltr'><strong>et</strong></span> <span class='ocrx_word' id='word_1_219' title='bbox 855 3392 973 3458; x_wconf 88' lang='lat' dir='ltr'><strong>ejus</strong></span> <span class='ocrx_word' id='word_1_220' title='bbox 1004 3408 1389 3464; x_wconf 86' lang='lat' dir='ltr'><strong>quemcunque</strong></span> <span class='ocrx_word' id='word_1_221' title='bbox 1438 3393 1726 3463; x_wconf 70' lang='lat' dir='ltr'><strong>aﬂ‘ectum,</strong></span> <span class='ocrx_word' id='word_1_222' title='bbox 1759 3400 1997 3469; x_wconf 88' lang='lat' dir='ltr'><strong>propriis</strong></span> 
     </span>
    </p>
   </div>
   <div class='ocr_carea' id='block_1_37' title="bbox 412 3483 1991 3562">
    <p class='ocr_par' dir='ltr' id='par_1_37' title="bbox 412 3483 1991 3562">
     <span class='ocr_line' id='line_1_37' title="bbox 412 3483 1991 3562; baseline 0.007 -26"><span class='ocrx_word' id='word_1_223' title='bbox 412 3483 838 3551; x_wconf 70' lang='lat' dir='ltr'><strong>cogitationibus</strong></span> <span class='ocrx_word' id='word_1_224' title='bbox 866 3484 1119 3539; x_wconf 86' lang='lat' dir='ltr'><strong>dividunt</strong></span> <span class='ocrx_word' id='word_1_225' title='bbox 1151 3496 1361 3542; x_wconf 88' lang='lat' dir='ltr'><strong>mentes</strong></span> <span class='ocrx_word' id='word_1_226' title='bbox 1390 3503 1512 3556; x_wconf 79' lang='lat' dir='ltr'><strong>qua:</strong></span> <span class='ocrx_word' id='word_1_227' title='bbox 1562 3489 1687 3545; x_wconf 80' lang='lat' dir='ltr'><strong>illas</strong></span> <span class='ocrx_word' id='word_1_228' title='bbox 1719 3505 1991 3562; x_wconf 87' lang='lat' dir='ltr'><strong>concepe-</strong></span> 
     </span>
    </p>
   </div>
   <div class='ocr_carea' id='block_1_38' title="bbox 417 3569 1998 3647">
    <p class='ocr_par' dir='ltr' id='par_1_38' title="bbox 417 3569 1998 3647">
     <span class='ocr_line' id='line_1_38' title="bbox 417 3569 1998 3647; baseline 0.009 -19"><span class='ocrx_word' id='word_1_229' title='bbox 417 3569 565 3639; x_wconf 71' lang='lat' dir='ltr'><strong>ruitt,</strong></span> <span class='ocrx_word' id='word_1_230' title='bbox 615 3576 912 3643; x_wconf 87' lang='lat' dir='ltr'><strong>unicuique</strong></span> <span class='ocrx_word' id='word_1_231' title='bbox 951 3591 1141 3630; x_wconf 86' lang='lat' dir='ltr'><strong>earum</strong></span> <span class='ocrx_word' id='word_1_232' title='bbox 1180 3579 1569 3647; x_wconf 76' lang='lat' dir='ltr'><strong>cogitationum</strong></span> <span class='ocrx_word' id='word_1_233' title='bbox 1610 3583 1915 3642; x_wconf 85' lang='lat' dir='ltr'><strong>tribuentes</strong></span> <span class='ocrx_word' id='word_1_234' title='bbox 1944 3595 1998 3642; x_wconf 81' lang='lat' dir='ltr'><strong>et</strong></span> 
     </span>
    </p>
   </div>
   <div class='ocr_carea' id='block_1_39' title="bbox 417 3670 1998 3747">
    <p class='ocr_par' dir='ltr' id='par_1_39' title="bbox 417 3670 1998 3747">
     <span class='ocr_line' id='line_1_39' title="bbox 417 3670 1998 3747; baseline 0.009 -28"><span class='ocrx_word' id='word_1_235' title='bbox 417 3670 600 3721; x_wconf 87' lang='lat' dir='ltr'><strong>carnis</strong></span> <span class='ocrx_word' id='word_1_236' title='bbox 626 3670 938 3724; x_wconf 86' lang='lat' dir='ltr'><strong>sensorium</strong></span> <span class='ocrx_word' id='word_1_237' title='bbox 966 3671 1110 3740; x_wconf 87' lang='lat' dir='ltr'><strong>quod</strong></span> <span class='ocrx_word' id='word_1_238' title='bbox 1145 3672 1249 3740; x_wconf 92' lang='lat' dir='ltr'><strong>ipsi</strong></span> <span class='ocrx_word' id='word_1_239' title='bbox 1279 3674 1542 3743; x_wconf 85' lang='lat' dir='ltr'><strong>competit</strong></span> <span class='ocrx_word' id='word_1_240' title='bbox 1566 3683 1621 3730; x_wconf 90' lang='lat' dir='ltr'><strong>et</strong></span> <span class='ocrx_word' id='word_1_241' title='bbox 1646 3692 1811 3732; x_wconf 88' lang='lat' dir='ltr'><strong>usum</strong></span> <span class='ocrx_word' id='word_1_242' title='bbox 1835 3679 1998 3747; x_wconf 79' lang='lat' dir='ltr'><strong>juxta</strong></span> 
     </span>
    </p>
   </div>
   <div class='ocr_carea' id='block_1_40' title="bbox 417 3760 1898 3839">
    <p class='ocr_par' dir='ltr' id='par_1_40' title="bbox 417 3760 1898 3839">
     <span class='ocr_line' id='line_1_40' title="bbox 417 3760 1898 3839; baseline 0.009 -26"><span class='ocrx_word' id='word_1_243' title='bbox 417 3760 729 3817; x_wconf 78' lang='lat' dir='ltr'><strong>intellectus</strong></span> <span class='ocrx_word' id='word_1_244' title='bbox 758 3762 1017 3818; x_wconf 78' lang='lat' dir='ltr'><strong>affectum</strong></span> <span class='ocrx_word' id='word_1_245' title='bbox 1048 3764 1165 3820; x_wconf 89' lang='lat' dir='ltr'><strong>sive</strong></span> <span class='ocrx_word' id='word_1_246' title='bbox 1194 3767 1262 3820; x_wconf 90' lang='lat' dir='ltr'><strong>ad</strong></span> <span class='ocrx_word' id='word_1_247' title='bbox 1295 3767 1500 3822; x_wconf 91' lang='lat' dir='ltr'><strong>malum</strong></span> <span class='ocrx_word' id='word_1_248' title='bbox 1535 3771 1898 3839; x_wconf 78' lang='lat' dir='ltr'><strong>operandam.</strong></span> 
     </span>
    </p>
   </div>
   <div class='ocr_carea' id='block_1_41' title="bbox 489 4030 1997 4100">
    <p class='ocr_par' dir='ltr' id='par_1_41' title="bbox 489 4030 1997 4100">
     <span class='ocr_line' id='line_1_41' title="bbox 489 4030 1997 4100; baseline 0.006 -15"><span class='ocrx_word' id='word_1_249' title='bbox 489 4031 535 4085; x_wconf 85' lang='grc' dir='ltr'><em>Α</em></span> <span class='ocrx_word' id='word_1_250' title='bbox 567 4030 675 4085; x_wconf 80' lang='lat' dir='ltr'><strong>Deo</strong></span> <span class='ocrx_word' id='word_1_251' title='bbox 711 4040 886 4085; x_wconf 87' lang='lat' dir='ltr'><strong>autem</strong></span> <span class='ocrx_word' id='word_1_252' title='bbox 918 4038 1134 4100; x_wconf 86' lang='lat' dir='ltr'><strong>aptatur</strong></span> <span class='ocrx_word' id='word_1_253' title='bbox 1181 4031 1373 4085; x_wconf 80' lang='lat' dir='ltr'><strong>mulier</strong></span> <span class='ocrx_word' id='word_1_254' title='bbox 1414 4033 1552 4087; x_wconf 84' lang='lat' dir='ltr'><strong>uiro.</strong></span> <span class='ocrx_word' id='word_1_255' title='bbox 1593 4035 1678 4090; x_wconf 81' lang='lat' dir='ltr'><strong>Al)</strong></span> <span class='ocrx_word' id='word_1_256' title='bbox 1707 4037 1997 4094; x_wconf 86' lang='lat' dir='ltr'><strong>universo-</strong></span> 
     </span>
    </p>
   </div>
   <div class='ocr_carea' id='block_1_42' title="bbox 421 4123 2003 4189">
    <p class='ocr_par' dir='ltr' id='par_1_42' title="bbox 421 4123 2003 4189">
     <span class='ocr_line' id='line_1_42' title="bbox 421 4123 2003 4189; baseline 0.006 -10"><span class='ocrx_word' id='word_1_257' title='bbox 421 4142 541 4179; x_wconf 89' lang='lat' dir='ltr'><strong>rum</strong></span> <span class='ocrx_word' id='word_1_258' title='bbox 581 4123 812 4178; x_wconf 90' lang='lat' dir='ltr'><strong>Domino</strong></span> <span class='ocrx_word' id='word_1_259' title='bbox 864 4132 973 4179; x_wconf 86' lang='lat' dir='ltr'><strong>stat</strong></span> <span class='ocrx_word' id='word_1_260' title='bbox 1016 4124 1212 4178; x_wconf 71' lang='lat' dir='ltr'><strong>animae</strong></span> <span class='ocrx_word' id='word_1_261' title='bbox 1251 4124 1642 4183; x_wconf 88' lang='lat' dir='ltr'><strong>intellectualis</strong></span> <span class='ocrx_word' id='word_1_262' title='bbox 1672 4144 1796 4185; x_wconf 92' lang='lat' dir='ltr'><strong>cum</strong></span> <span class='ocrx_word' id='word_1_263' title='bbox 1836 4147 2003 4189; x_wconf 87' lang='lat' dir='ltr'><strong>carne</strong></span> 
     </span>
    </p>
   </div>
   <div class='ocr_carea' id='block_1_43' title="bbox 423 4215 2003 4289">
    <p class='ocr_par' dir='ltr' id='par_1_43' title="bbox 423 4215 2003 4289">
     <span class='ocr_line' id='line_1_43' title="bbox 423 4215 2003 4289; baseline 0.006 -17"><span class='ocrx_word' id='word_1_264' title='bbox 423 4218 672 4272; x_wconf 89' lang='lat' dir='ltr'><strong>sensibili</strong></span> <span class='ocrx_word' id='word_1_265' title='bbox 703 4216 1041 4286; x_wconf 74' lang='lat' dir='ltr'><strong>coniunctio.</strong></span> <span class='ocrx_word' id='word_1_266' title='bbox 1080 4215 1204 4271; x_wconf 89' lang='lat' dir='ltr'><strong>Ideo</strong></span> <span class='ocrx_word' id='word_1_267' title='bbox 1232 4216 1352 4286; x_wconf 86' lang='lat' dir='ltr'><strong>ejus</strong></span> <span class='ocrx_word' id='word_1_268' title='bbox 1385 4219 1532 4289; x_wconf 89' lang='lat' dir='ltr'><strong>quod</strong></span> <span class='ocrx_word' id='word_1_269' title='bbox 1576 4229 1805 4277; x_wconf 90' lang='lat' dir='ltr'><strong>mortem</strong></span> <span class='ocrx_word' id='word_1_270' title='bbox 1854 4236 2003 4282; x_wconf 83' lang='lat' dir='ltr'><strong>amat</strong></span> 
     </span>
    </p>
   </div>
   <div class='ocr_carea' id='block_1_44' title="bbox 2068 455 3705 534">
    <p class='ocr_par' dir='ltr' id='par_1_44' title="bbox 2068 455 3705 534">
     <span class='ocr_line' id='line_1_44' title="bbox 2068 455 3705 534; baseline -0.005 -17"><span class='ocrx_word' id='word_1_271' title='bbox 2068 466 2349 534; x_wconf 83' lang='grc' dir='ltr'>ἐγκώμιον</span> <span class='ocrx_word' id='word_1_272' title='bbox 2374 460 2518 518; x_wconf 81' lang='grc' dir='ltr'>εἶναι</span> <span class='ocrx_word' id='word_1_273' title='bbox 2548 463 2877 534; x_wconf 69' lang='grc' dir='ltr'><strong>νομιζόντων</strong></span> <span class='ocrx_word' id='word_1_274' title='bbox 2904 463 2963 516; x_wconf 71' lang='grc' dir='ltr'>τὸ</span> <span class='ocrx_word' id='word_1_275' title='bbox 2983 459 3245 516; x_wconf 87' lang='grc' dir='ltr'>δύνασθαι</span> <span class='ocrx_word' id='word_1_276' title='bbox 3279 459 3494 511; x_wconf 77' lang='grc' dir='ltr'><strong>ἀδικεῖν</strong></span> <span class='ocrx_word' id='word_1_277' title='bbox 3523 455 3705 528; x_wconf 65' lang='grc' dir='ltr'><strong>μᾶλ-</strong></span> 
     </span>
    </p>
   </div>
   <div class='ocr_carea' id='block_1_45' title="bbox 2068 550 3704 629">
    <p class='ocr_par' dir='ltr' id='par_1_45' title="bbox 2068 550 3704 629">
     <span class='ocr_line' id='line_1_45' title="bbox 2068 550 3704 629; baseline -0.004 -19"><span class='ocrx_word' id='word_1_278' title='bbox 2068 558 2180 623; x_wconf 89' lang='grc' dir='ltr'>λον,</span> <span class='ocrx_word' id='word_1_279' title='bbox 2211 559 2245 629; x_wconf 82' lang='grc' dir='ltr'><strong>ἦ</strong></span> <span class='ocrx_word' id='word_1_280' title='bbox 2293 559 2357 612; x_wconf 83' lang='grc' dir='ltr'><strong>τὸ</strong></span> <span class='ocrx_word' id='word_1_281' title='bbox 2401 557 2663 612; x_wconf 87' lang='grc' dir='ltr'>δύνασθαι</span> <span class='ocrx_word' id='word_1_282' title='bbox 2694 558 2883 627; x_wconf 80' lang='grc' dir='ltr'>φέρειν</span> <span class='ocrx_word' id='word_1_283' title='bbox 2926 558 2999 611; x_wconf 78' lang='grc' dir='ltr'>τὰ</span> <span class='ocrx_word' id='word_1_284' title='bbox 3027 555 3362 625; x_wconf 83' lang='grc' dir='ltr'>ἀδικήματα,</span> <span class='ocrx_word' id='word_1_285' title='bbox 3407 552 3509 606; x_wconf 68' lang='grc' dir='ltr'><strong>καὶ</strong></span> <span class='ocrx_word' id='word_1_286' title='bbox 3543 550 3704 621; x_wconf 75' lang='grc' dir='ltr'><strong>Θεῷ</strong></span> 
     </span>
    </p>
   </div>
   <div class='ocr_carea' id='block_1_46' title="bbox 2068 650 2702 721">
    <p class='ocr_par' dir='ltr' id='par_1_46' title="bbox 2068 650 2702 721">
     <span class='ocr_line' id='line_1_46' title="bbox 2068 650 2702 721; baseline 0.003 -18"><span class='ocrx_word' id='word_1_287' title='bbox 2068 650 2328 704; x_wconf 77' lang='grc' dir='ltr'>ἐντεῦθεν</span> <span class='ocrx_word' id='word_1_288' title='bbox 2361 651 2702 721; x_wconf 82' lang='grc' dir='ltr'><strong>εὐαρεστεῖν.</strong></span> 
     </span>
    </p>
   </div>
   <div class='ocr_carea' id='block_1_47' title="bbox 2139 734 3701 810">
    <p class='ocr_par' dir='ltr' id='par_1_47' title="bbox 2139 734 3701 810">
     <span class='ocr_line' id='line_1_47' title="bbox 2139 734 3701 810; baseline -0.003 -18"><span class='ocrx_word' id='word_1_289' title='bbox 2139 738 2229 810; x_wconf 74' lang='grc' dir='ltr'>ιβ’.</span> <span class='ocrx_word' id='word_1_290' title='bbox 2255 739 2563 807; x_wconf 74' lang='grc' dir='ltr'><strong>Βασιλέως</strong></span> <span class='ocrx_word' id='word_1_291' title='bbox 2598 740 2844 808; x_wconf 70' lang='grc' dir='ltr'>ἀπειλὴ,</span> <span class='ocrx_word' id='word_1_292' title='bbox 2892 737 3064 808; x_wconf 77' lang='grc' dir='ltr'>ὁμοία</span> <span class='ocrx_word' id='word_1_293' title='bbox 3090 734 3345 807; x_wconf 79' lang='grc' dir='ltr'>,ϐρυγμῷ</span> <span class='ocrx_word' id='word_1_294' title='bbox 3374 735 3701 800; x_wconf 69' lang='grc' dir='ltr'>λέοντος.</span> 
     </span>
    </p>
   </div>
   <div class='ocr_carea' id='block_1_48' title="bbox 2070 827 3703 901">
    <p class='ocr_par' dir='ltr' id='par_1_48' title="bbox 2070 827 3703 901">
     <span class='ocr_line' id='line_1_48' title="bbox 2070 827 3703 901; baseline -0.003 -17"><span class='ocrx_word' id='word_1_295' title='bbox 2070 831 2182 884; x_wconf 80' lang='grc' dir='ltr'><strong>Καὶ</strong></span> <span class='ocrx_word' id='word_1_296' title='bbox 2211 831 2304 884; x_wconf 89' lang='grc' dir='ltr'><strong>τοῦ</strong></span> <span class='ocrx_word' id='word_1_297' title='bbox 2333 832 2581 899; x_wconf 77' lang='grc' dir='ltr'>ἐπιγείου</span> <span class='ocrx_word' id='word_1_298' title='bbox 2629 831 2896 901; x_wconf 80' lang='grc' dir='ltr'>βασιλέως</span> <span class='ocrx_word' id='word_1_299' title='bbox 2937 830 3033 884; x_wconf 71' lang='grc' dir='ltr'>καὶ</span> <span class='ocrx_word' id='word_1_300' title='bbox 3064 828 3158 882; x_wconf 90' lang='grc' dir='ltr'><strong>τοῦ</strong></span> <span class='ocrx_word' id='word_1_301' title='bbox 3190 827 3475 899; x_wconf 79' lang='grc' dir='ltr'>οὐρανίου,</span> <span class='ocrx_word' id='word_1_302' title='bbox 3507 828 3542 880; x_wconf 83' lang='grc' dir='ltr'><strong>δ</strong></span> <span class='ocrx_word' id='word_1_303' title='bbox 3580 842 3703 879; x_wconf 80' lang='grc' dir='ltr'>κο-</span> 
     </span>
    </p>
   </div>
   <div class='ocr_carea' id='block_1_49' title="bbox 2070 918 3701 993">
    <p class='ocr_par' dir='ltr' id='par_1_49' title="bbox 2070 918 3701 993">
     <span class='ocr_line' id='line_1_49' title="bbox 2070 918 3701 993; baseline -0.002 -19"><span class='ocrx_word' id='word_1_304' title='bbox 2070 921 2258 985; x_wconf 84' lang='grc' dir='ltr'>λάσεις</span> <span class='ocrx_word' id='word_1_305' title='bbox 2287 922 2534 976; x_wconf 82' lang='grc' dir='ltr'><strong>ἀπειλῶν</strong></span> <span class='ocrx_word' id='word_1_306' title='bbox 2562 923 2743 991; x_wconf 83' lang='grc' dir='ltr'>λόγος,</span> <span class='ocrx_word' id='word_1_307' title='bbox 2768 921 2941 993; x_wconf 72' lang='grc' dir='ltr'>βρυχὴ</span> <span class='ocrx_word' id='word_1_308' title='bbox 2954 940 3081 992; x_wconf 84' lang='grc' dir='ltr'>ματι</span> <span class='ocrx_word' id='word_1_309' title='bbox 3115 920 3258 974; x_wconf 76' lang='grc' dir='ltr'>ἔοικε</span> <span class='ocrx_word' id='word_1_310' title='bbox 3281 919 3532 982; x_wconf 85' lang='grc' dir='ltr'>λέοντος,</span> <span class='ocrx_word' id='word_1_311' title='bbox 3578 918 3701 986; x_wconf 68' lang='grc' dir='ltr'>φό-</span> 
     </span>
    </p>
   </div>
   <div class='ocr_carea' id='block_1_50' title="bbox 2070 1005 3700 1084">
    <p class='ocr_par' dir='ltr' id='par_1_50' title="bbox 2070 1005 3700 1084">
     <span class='ocr_line' id='line_1_50' title="bbox 2070 1005 3700 1084; baseline -0.004 -18"><span class='ocrx_word' id='word_1_312' title='bbox 2070 1015 2165 1068; x_wconf 77' lang='grc' dir='ltr'>ϐον</span> <span class='ocrx_word' id='word_1_313' title='bbox 2182 1017 2206 1068; x_wconf 85' lang='grc' dir='ltr'>ὲ</span> <span class='ocrx_word' id='word_1_314' title='bbox 2213 1015 2497 1084; x_wconf 86' lang='grc' dir='ltr'>μποιοῦντι</span> <span class='ocrx_word' id='word_1_315' title='bbox 2509 1014 2764 1068; x_wconf 85' lang='grc' dir='ltr'>θανάτου·</span> <span class='ocrx_word' id='word_1_316' title='bbox 2777 1013 3176 1084; x_wconf 80' lang='grc' dir='ltr'>διόπερόλόγος</span> <span class='ocrx_word' id='word_1_317' title='bbox 3188 1005 3343 1075; x_wconf 70' lang='grc' dir='ltr'>οὗτος</span> <span class='ocrx_word' id='word_1_318' title='bbox 3364 1009 3560 1064; x_wconf 79' lang='grc' dir='ltr'>πείθει</span> <span class='ocrx_word' id='word_1_319' title='bbox 3579 1010 3700 1071; x_wconf 70' lang='grc' dir='ltr'>τὰς</span> 
     </span>
    </p>
   </div>
   <div class='ocr_carea' id='block_1_51' title="bbox 2070 1104 3694 1179">
    <p class='ocr_par' dir='ltr' id='par_1_51' title="bbox 2070 1104 3694 1179">
     <span class='ocr_line' id='line_1_51' title="bbox 2070 1104 3694 1179; baseline -0.002 -18"><span class='ocrx_word' id='word_1_320' title='bbox 2070 1108 2258 1163; x_wconf 86' lang='grc' dir='ltr'>τοῦτον</span> <span class='ocrx_word' id='word_1_321' title='bbox 2282 1107 2738 1179; x_wconf 79' lang='grc' dir='ltr'>παραδεξαμένας</span> <span class='ocrx_word' id='word_1_322' title='bbox 2761 1107 2940 1178; x_wconf 81' lang='grc' dir='ltr'>ψυχὰς</span> <span class='ocrx_word' id='word_1_323' title='bbox 2965 1106 3271 1177; x_wconf 79' lang='grc' dir='ltr'>ἀπέχεσθαι</span> <span class='ocrx_word' id='word_1_324' title='bbox 3294 1104 3405 1158; x_wconf 87' lang='grc' dir='ltr'><strong>τῶν</strong></span> <span class='ocrx_word' id='word_1_325' title='bbox 3441 1105 3694 1158; x_wconf 79' lang='grc' dir='ltr'>κακῶν.</span> 
     </span>
    </p>
   </div>
   <div class='ocr_carea' id='block_1_52' title="bbox 2143 1196 3700 1268">
    <p class='ocr_par' dir='ltr' id='par_1_52' title="bbox 2143 1196 3700 1268">
     <span class='ocr_line' id='line_1_52' title="bbox 2143 1196 3700 1268; baseline -0.003 -15"><span class='ocrx_word' id='word_1_326' title='bbox 2143 1200 2377 1268; x_wconf 82' lang='grc' dir='ltr'>’Ὠσπερ</span> <span class='ocrx_word' id='word_1_327' title='bbox 2406 1199 2473 1253; x_wconf 83' lang='grc' dir='ltr'>δὲ</span> <span class='ocrx_word' id='word_1_328' title='bbox 2509 1199 2732 1267; x_wconf 82' lang='grc' dir='ltr'><strong>δρόσος</strong></span> <span class='ocrx_word' id='word_1_329' title='bbox 2754 1201 2853 1252; x_wconf 77' lang='grc' dir='ltr'><strong>ἐπὶ</strong></span> <span class='ocrx_word' id='word_1_330' title='bbox 2890 1199 3102 1268; x_wconf 77' lang='grc' dir='ltr'>χόρτῳ,</span> <span class='ocrx_word' id='word_1_331' title='bbox 3130 1198 3319 1265; x_wconf 81' lang='grc' dir='ltr'>οὕτως</span> <span class='ocrx_word' id='word_1_332' title='bbox 3351 1197 3420 1250; x_wconf 78' lang='grc' dir='ltr'>τὸ</span> <span class='ocrx_word' id='word_1_333' title='bbox 3448 1196 3700 1264; x_wconf 65' lang='grc' dir='ltr'>ἱλαρὸν</span> 
     </span>
    </p>
   </div>
   <div class='ocr_carea' id='block_1_53' title="bbox 2070 1290 3699 1363">
    <p class='ocr_par' dir='ltr' id='par_1_53' title="bbox 2070 1290 3699 1363">
     <span class='ocr_line' id='line_1_53' title="bbox 2070 1290 3699 1363; baseline 0.006 -19"><span class='ocrx_word' id='word_1_334' title='bbox 2070 1290 2281 1345; x_wconf 84' lang='grc' dir='ltr'>αὐτοῦ.</span> <span class='ocrx_word' id='word_1_335' title='bbox 2330 1290 2598 1361; x_wconf 85' lang='grc' dir='ltr'><strong>Καθάπερ</strong></span> <span class='ocrx_word' id='word_1_336' title='bbox 2646 1290 2702 1344; x_wconf 76' lang='grc' dir='ltr'>δὲ</span> <span class='ocrx_word' id='word_1_337' title='bbox 2738 1290 2936 1361; x_wconf 79' lang='grc' dir='ltr'><strong>ἑωθινὴ</strong></span> <span class='ocrx_word' id='word_1_338' title='bbox 2986 1291 3197 1363; x_wconf 78' lang='grc' dir='ltr'>δρόσος,</span> <span class='ocrx_word' id='word_1_339' title='bbox 3236 1290 3401 1361; x_wconf 69' lang='grc' dir='ltr'>χλόην</span> <span class='ocrx_word' id='word_1_340' title='bbox 3450 1292 3523 1342; x_wconf 83' lang='grc' dir='ltr'>ἐκ</span> <span class='ocrx_word' id='word_1_341' title='bbox 3570 1290 3699 1359; x_wconf 64' lang='grc' dir='ltr'>τεῆς</span> 
     </span>
    </p>
   </div>
   <div class='ocr_carea' id='block_1_54' title="bbox 2072 1382 3699 1455">
    <p class='ocr_par' dir='ltr' id='par_1_54' title="bbox 2072 1382 3699 1455">
     <span class='ocr_line' id='line_1_54' title="bbox 2072 1382 3699 1455; baseline -0.001 -20"><span class='ocrx_word' id='word_1_342' title='bbox 2072 1382 2373 1454; x_wconf 80' lang='grc' dir='ltr'><strong>φυομένην,</strong></span> <span class='ocrx_word' id='word_1_343' title='bbox 2394 1383 2493 1453; x_wconf 83' lang='grc' dir='ltr'><strong>τῆς</strong></span> <span class='ocrx_word' id='word_1_344' title='bbox 2508 1382 2742 1455; x_wconf 79' lang='grc' dir='ltr'><strong>ἡλιακῆς</strong></span> <span class='ocrx_word' id='word_1_345' title='bbox 2760 1384 3065 1437; x_wconf 78' lang='grc' dir='ltr'>ἀνακτᾶται</span> <span class='ocrx_word' id='word_1_346' title='bbox 3083 1383 3426 1451; x_wconf 83' lang='grc' dir='ltr'>φλογὼσεως,</span> <span class='ocrx_word' id='word_1_347' title='bbox 3449 1383 3568 1453; x_wconf 86' lang='grc' dir='ltr'>αὐχ</span> <span class='ocrx_word' id='word_1_348' title='bbox 3578 1384 3699 1452; x_wconf 62' lang='grc' dir='ltr'><strong>μὴν</strong></span> 
     </span>
    </p>
   </div>
   <div class='ocr_carea' id='block_1_55' title="bbox 2072 1476 3698 1550">
    <p class='ocr_par' dir='ltr' id='par_1_55' title="bbox 2072 1476 3698 1550">
     <span class='ocr_line' id='line_1_55' title="bbox 2072 1476 3698 1550; baseline -0.002 -18"><span class='ocrx_word' id='word_1_349' title='bbox 2072 1477 2164 1532; x_wconf 77' lang='grc' dir='ltr'>τὸν</span> <span class='ocrx_word' id='word_1_350' title='bbox 2195 1480 2260 1533; x_wconf 83' lang='grc' dir='ltr'>ὲκ</span> <span class='ocrx_word' id='word_1_351' title='bbox 2301 1478 2510 1550; x_wconf 82' lang='grc' dir='ltr'><strong>ταύτης</strong></span> <span class='ocrx_word' id='word_1_352' title='bbox 2538 1478 2996 1544; x_wconf 78' lang='grc' dir='ltr'>κατανοτίζουσα,</span> <span class='ocrx_word' id='word_1_353' title='bbox 3032 1476 3177 1531; x_wconf 80' lang='grc' dir='ltr'>οὕτω</span> <span class='ocrx_word' id='word_1_354' title='bbox 3219 1478 3311 1530; x_wconf 78' lang='grc' dir='ltr'><strong>καί</strong></span> <span class='ocrx_word' id='word_1_355' title='bbox 3342 1477 3405 1529; x_wconf 79' lang='grc' dir='ltr'>τὸ</span> <span class='ocrx_word' id='word_1_356' title='bbox 3449 1477 3698 1548; x_wconf 67' lang='grc' dir='ltr'>ἥμερον</span> 
     </span>
    </p>
   </div>
   <div class='ocr_carea' id='block_1_56' title="bbox 2073 1564 3697 1642">
    <p class='ocr_par' dir='ltr' id='par_1_56' title="bbox 2073 1564 3697 1642">
     <span class='ocr_line' id='line_1_56' title="bbox 2073 1564 3697 1642; baseline -0.001 -19"><span class='ocrx_word' id='word_1_357' title='bbox 2073 1564 2135 1625; x_wconf 80' lang='grc' dir='ltr'><strong>οὐ</strong></span> <span class='ocrx_word' id='word_1_358' title='bbox 2165 1570 2230 1624; x_wconf 83' lang='grc' dir='ltr'>ἂν</span> <span class='ocrx_word' id='word_1_359' title='bbox 2260 1572 2440 1635; x_wconf 77' lang='grc' dir='ltr'>εἴποις</span> <span class='ocrx_word' id='word_1_360' title='bbox 2484 1571 2773 1642; x_wconf 82' lang='grc' dir='ltr'>βασιλέως,</span> <span class='ocrx_word' id='word_1_361' title='bbox 2804 1571 2838 1642; x_wconf 79' lang='grc' dir='ltr'><strong>ἢ</strong></span> <span class='ocrx_word' id='word_1_362' title='bbox 2866 1570 2963 1623; x_wconf 89' lang='grc' dir='ltr'><strong>τοῦ</strong></span> <span class='ocrx_word' id='word_1_363' title='bbox 3007 1569 3250 1637; x_wconf 79' lang='grc' dir='ltr'><strong>ἐπιγείου</strong></span> <span class='ocrx_word' id='word_1_364' title='bbox 3283 1570 3315 1640; x_wconf 79' lang='grc' dir='ltr'><strong>ἢ</strong></span> <span class='ocrx_word' id='word_1_365' title='bbox 3361 1568 3463 1622; x_wconf 82' lang='grc' dir='ltr'><strong>τοῦ</strong></span> <span class='ocrx_word' id='word_1_366' title='bbox 3503 1571 3697 1622; x_wconf 68' lang='grc' dir='ltr'>ἐπου-</span> 
     </span>
    </p>
   </div>
   <div class='ocr_carea' id='block_1_57' title="bbox 2078 1660 3698 1734">
    <p class='ocr_par' dir='ltr' id='par_1_57' title="bbox 2078 1660 3698 1734">
     <span class='ocr_line' id='line_1_57' title="bbox 2078 1660 3698 1734; baseline -0.001 -19"><span class='ocrx_word' id='word_1_367' title='bbox 2078 1662 2286 1733; x_wconf 77' lang='grc' dir='ltr'>ρανίου,</span> <span class='ocrx_word' id='word_1_368' title='bbox 2314 1663 2405 1717; x_wconf 77' lang='grc' dir='ltr'><strong>τὸν</strong></span> <span class='ocrx_word' id='word_1_369' title='bbox 2427 1664 2522 1716; x_wconf 73' lang='grc' dir='ltr'><strong>ἐπὶ</strong></span> <span class='ocrx_word' id='word_1_370' title='bbox 2541 1667 2607 1734; x_wconf 78' lang='grc' dir='ltr'>τῇ</span> <span class='ocrx_word' id='word_1_371' title='bbox 2634 1662 2815 1734; x_wconf 81' lang='grc' dir='ltr'><strong>ἀγαθῇ</strong></span> <span class='ocrx_word' id='word_1_372' title='bbox 2844 1662 3076 1733; x_wconf 74' lang='grc' dir='ltr'>ἐργασίᾳ</span> <span class='ocrx_word' id='word_1_373' title='bbox 3101 1662 3261 1714; x_wconf 83' lang='grc' dir='ltr'>πόνον</span> <span class='ocrx_word' id='word_1_374' title='bbox 3288 1660 3384 1714; x_wconf 91' lang='grc' dir='ltr'><strong>τοῦ</strong></span> <span class='ocrx_word' id='word_1_375' title='bbox 3407 1660 3476 1714; x_wconf 75' lang='grc' dir='ltr'>τὸ</span> <span class='ocrx_word' id='word_1_376' title='bbox 3504 1660 3698 1734; x_wconf 78' lang='grc' dir='ltr'>βάρος</span> 
     </span>
    </p>
   </div>
   <div class='ocr_carea' id='block_1_58' title="bbox 2074 1751 3701 1825">
    <p class='ocr_par' dir='ltr' id='par_1_58' title="bbox 2074 1751 3701 1825">
     <span class='ocr_line' id='line_1_58' title="bbox 2074 1751 3701 1825; baseline -0.001 -20"><span class='ocrx_word' id='word_1_377' title='bbox 2074 1752 2283 1806; x_wconf 72' lang='grc' dir='ltr'>καὶτὸν</span> <span class='ocrx_word' id='word_1_378' title='bbox 2311 1751 2576 1806; x_wconf 83' lang='grc' dir='ltr'><strong>καύσωνα</strong></span> <span class='ocrx_word' id='word_1_379' title='bbox 2607 1752 2708 1823; x_wconf 78' lang='grc' dir='ltr'><strong>τῆς</strong></span> <span class='ocrx_word' id='word_1_380' title='bbox 2729 1753 2947 1825; x_wconf 77' lang='grc' dir='ltr'>ἡμέρας</span> <span class='ocrx_word' id='word_1_381' title='bbox 2970 1751 3363 1823; x_wconf 72' lang='grc' dir='ltr'>βαστάσαντος,</span> <span class='ocrx_word' id='word_1_382' title='bbox 3397 1768 3701 1822; x_wconf 76' lang='grc' dir='ltr'>παραμυ-</span> 
     </span>
    </p>
   </div>
   <div class='ocr_carea' id='block_1_59' title="bbox 2073 1843 3695 1915">
    <p class='ocr_par' dir='ltr' id='par_1_59' title="bbox 2073 1843 3695 1915">
     <span class='ocr_line' id='line_1_59' title="bbox 2073 1843 3695 1915; baseline 0 -18"><span class='ocrx_word' id='word_1_383' title='bbox 2073 1843 2322 1915; x_wconf 77' lang='grc' dir='ltr'>θεῖταιτῇ</span> <span class='ocrx_word' id='word_1_384' title='bbox 2343 1845 2521 1899; x_wconf 74' lang='grc' dir='ltr'>ἐλπίδι</span> <span class='ocrx_word' id='word_1_385' title='bbox 2538 1845 2648 1897; x_wconf 88' lang='grc' dir='ltr'><strong>τῶν</strong></span> <span class='ocrx_word' id='word_1_386' title='bbox 2671 1845 2811 1915; x_wconf 77' lang='grc' dir='ltr'>ὑπὲρ</span> <span class='ocrx_word' id='word_1_387' title='bbox 2826 1844 2922 1897; x_wconf 89' lang='grc' dir='ltr'><strong>τοῦ</strong></span> <span class='ocrx_word' id='word_1_388' title='bbox 2941 1844 3185 1898; x_wconf 83' lang='grc' dir='ltr'>τοιούτου</span> <span class='ocrx_word' id='word_1_389' title='bbox 3206 1844 3369 1897; x_wconf 86' lang='grc' dir='ltr'>πόνου</span> <span class='ocrx_word' id='word_1_390' title='bbox 3388 1843 3695 1913; x_wconf 72' lang='grc' dir='ltr'>ἀμειΰῶν.</span> 
     </span>
    </p>
   </div>
   <div class='ocr_carea' id='block_1_60' title="bbox 2143 1938 3699 2010">
    <p class='ocr_par' dir='ltr' id='par_1_60' title="bbox 2143 1938 3699 2010">
     <span class='ocr_line' id='line_1_60' title="bbox 2143 1938 3699 2010; baseline -0.001 -18"><span class='ocrx_word' id='word_1_391' title='bbox 2143 1944 2233 2006; x_wconf 84' lang='grc' dir='ltr'>ιγ’.</span> <span class='ocrx_word' id='word_1_392' title='bbox 2259 1941 2533 2010; x_wconf 80' lang='grc' dir='ltr'>Αίσχύνη</span> <span class='ocrx_word' id='word_1_393' title='bbox 2553 1942 2727 2009; x_wconf 77' lang='grc' dir='ltr'>πατρὶ</span> <span class='ocrx_word' id='word_1_394' title='bbox 2762 1941 2894 2006; x_wconf 81' lang='grc' dir='ltr'>υἱὸς</span> <span class='ocrx_word' id='word_1_395' title='bbox 2934 1940 3157 2009; x_wconf 66' lang='grc' dir='ltr'>ἄφρων.</span> <span class='ocrx_word' id='word_1_396' title='bbox 3192 1939 3413 2009; x_wconf 77' lang='grc' dir='ltr'>’Λτιμία</span> <span class='ocrx_word' id='word_1_397' title='bbox 3436 1938 3527 2007; x_wconf 80' lang='grc' dir='ltr'><strong>τῷ</strong></span> <span class='ocrx_word' id='word_1_398' title='bbox 3557 1956 3699 2006; x_wconf 70' lang='grc' dir='ltr'>γενι-</span> 
     </span>
    </p>
   </div>
   <div class='ocr_carea' id='block_1_61' title="bbox 2075 2030 3701 2104">
    <p class='ocr_par' dir='ltr' id='par_1_61' title="bbox 2075 2030 3701 2104">
     <span class='ocr_line' id='line_1_61' title="bbox 2075 2030 3701 2104; baseline 0.007 -22"><span class='ocrx_word' id='word_1_399' title='bbox 2075 2032 2262 2103; x_wconf 83' lang='grc' dir='ltr'>νήτορι</span> <span class='ocrx_word' id='word_1_400' title='bbox 2293 2030 2391 2103; x_wconf 86' lang='grc' dir='ltr'><strong>νῷ,</strong></span> <span class='ocrx_word' id='word_1_401' title='bbox 2422 2033 2826 2104; x_wconf 81' lang='grc' dir='ltr'><strong>ἀφρονέστατος</strong></span> <span class='ocrx_word' id='word_1_402' title='bbox 2862 2032 3048 2099; x_wconf 77' lang='grc' dir='ltr'>λόγος’</span> <span class='ocrx_word' id='word_1_403' title='bbox 3079 2034 3107 2086; x_wconf 84' lang='grc' dir='ltr'>ὁ</span> <span class='ocrx_word' id='word_1_404' title='bbox 3140 2032 3249 2103; x_wconf 81' lang='grc' dir='ltr'><strong>γάρ</strong></span> <span class='ocrx_word' id='word_1_405' title='bbox 3289 2030 3701 2102; x_wconf 73' lang='grc' dir='ltr'><strong>φθεγγόμενος</strong></span> 
     </span>
    </p>
   </div>
   <div class='ocr_carea' id='block_1_62' title="bbox 2075 2122 3073 2197">
    <p class='ocr_par' dir='ltr' id='par_1_62' title="bbox 2075 2122 3073 2197">
     <span class='ocr_line' id='line_1_62' title="bbox 2075 2122 3073 2197; baseline 0 -21"><span class='ocrx_word' id='word_1_406' title='bbox 2075 2124 2144 2177; x_wconf 71' lang='grc' dir='ltr'><strong>τὰ</strong></span> <span class='ocrx_word' id='word_1_407' title='bbox 2174 2124 2250 2195; x_wconf 85' lang='grc' dir='ltr'><strong>μὴ</strong></span> <span class='ocrx_word' id='word_1_408' title='bbox 2277 2122 2489 2192; x_wconf 84' lang='grc' dir='ltr'>δέοντα,</span> <span class='ocrx_word' id='word_1_409' title='bbox 2519 2123 2748 2197; x_wconf 84' lang='grc' dir='ltr'>ἀνόητος</span> <span class='ocrx_word' id='word_1_410' title='bbox 2777 2123 3073 2178; x_wconf 83' lang='grc' dir='ltr'>δείκνυται.</span> 
     </span>
    </p>
   </div>
   <div class='ocr_carea' id='block_1_63' title="bbox 2151 2295 3695 2370">
    <p class='ocr_par' dir='ltr' id='par_1_63' title="bbox 2151 2295 3695 2370">
     <span class='ocr_line' id='line_1_63' title="bbox 2151 2295 3695 2370; baseline -0.002 -16"><span class='ocrx_word' id='word_1_411' title='bbox 2151 2298 2396 2369; x_wconf 85' lang='grc' dir='ltr'>Καιούχ</span> <span class='ocrx_word' id='word_1_412' title='bbox 2429 2299 2607 2369; x_wconf 75' lang='grc' dir='ltr'>ἁγναὶ</span> <span class='ocrx_word' id='word_1_413' title='bbox 2644 2300 2817 2370; x_wconf 77' lang='grc' dir='ltr'>εὐχαὶ</span> <span class='ocrx_word' id='word_1_414' title='bbox 2845 2298 2968 2354; x_wconf 81' lang='grc' dir='ltr'>ἀπὸ</span> <span class='ocrx_word' id='word_1_415' title='bbox 2993 2296 3374 2368; x_wconf 76' lang='grc' dir='ltr'><strong>μισθώματος</strong></span> <span class='ocrx_word' id='word_1_416' title='bbox 3400 2295 3695 2366; x_wconf 68' lang='grc' dir='ltr'>ἑταίρας.</span> 
     </span>
    </p>
   </div>
   <div class='ocr_carea' id='block_1_64' title="bbox 2093 2386 3696 2459">
    <p class='ocr_par' dir='ltr' id='par_1_64' title="bbox 2093 2386 3696 2459">
     <span class='ocr_line' id='line_1_64' title="bbox 2093 2386 3696 2459; baseline -0.002 -16"><span class='ocrx_word' id='word_1_417' title='bbox 2093 2389 2419 2459; x_wconf 82' lang='grc' dir='ltr'>’Δκάθαρτοι</span> <span class='ocrx_word' id='word_1_418' title='bbox 2430 2387 2485 2442; x_wconf 78' lang='grc' dir='ltr'>δέ</span> <span class='ocrx_word' id='word_1_419' title='bbox 2497 2390 2637 2442; x_wconf 87' lang='grc' dir='ltr'>εἰσιν</span> <span class='ocrx_word' id='word_1_420' title='bbox 2650 2390 2703 2443; x_wconf 83' lang='grc' dir='ltr'><strong>αἰ</strong></span> <span class='ocrx_word' id='word_1_421' title='bbox 2713 2392 2822 2446; x_wconf 80' lang='grc' dir='ltr'><strong>ἀπὸ</strong></span> <span class='ocrx_word' id='word_1_422' title='bbox 2832 2386 3095 2457; x_wconf 81' lang='grc' dir='ltr'>λογισμοῦ</span> <span class='ocrx_word' id='word_1_423' title='bbox 3111 2386 3359 2455; x_wconf 78' lang='grc' dir='ltr'>φιλοῢλου</span> <span class='ocrx_word' id='word_1_424' title='bbox 3379 2386 3529 2457; x_wconf 72' lang='grc' dir='ltr'>πρὸς</span> <span class='ocrx_word' id='word_1_425' title='bbox 3544 2387 3696 2440; x_wconf 66' lang='grc' dir='ltr'>Θεὸν</span> 
     </span>
    </p>
   </div>
   <div class='ocr_carea' id='block_1_65' title="bbox 2083 2478 3694 2550">
    <p class='ocr_par' dir='ltr' id='par_1_65' title="bbox 2083 2478 3694 2550">
     <span class='ocr_line' id='line_1_65' title="bbox 2083 2478 3694 2550; baseline -0.002 -15"><span class='ocrx_word' id='word_1_426' title='bbox 2083 2479 2499 2550; x_wconf 74' lang='grc' dir='ltr'>ὑποσχέσειςοὸν</span> <span class='ocrx_word' id='word_1_427' title='bbox 2513 2480 2881 2550; x_wconf 71' lang='grc' dir='ltr'>λογισμὸν,ὼς</span> <span class='ocrx_word' id='word_1_428' title='bbox 2896 2478 3155 2549; x_wconf 79' lang='grc' dir='ltr'><strong>μίσθωμα</strong></span> <span class='ocrx_word' id='word_1_429' title='bbox 3186 2478 3381 2548; x_wconf 83' lang='grc' dir='ltr'>πόρνη,</span> <span class='ocrx_word' id='word_1_430' title='bbox 3421 2480 3457 2550; x_wconf 69' lang='grc' dir='ltr'><strong>ἡ</strong></span> <span class='ocrx_word' id='word_1_431' title='bbox 3479 2481 3694 2550; x_wconf 80' lang='grc' dir='ltr'>τιόρρω</span> 
     </span>
    </p>
   </div>
   <div class='ocr_carea' id='block_1_66' title="bbox 2101 2568 3691 2640">
    <p class='ocr_par' dir='ltr' id='par_1_66' title="bbox 2101 2568 3691 2640">
     <span class='ocr_line' id='line_1_66' title="bbox 2101 2568 3691 2640; baseline -0.001 -16"><span class='ocrx_word' id='word_1_432' title='bbox 2101 2570 2197 2625; x_wconf 86' lang='grc' dir='ltr'><strong>τοῦ</strong></span> <span class='ocrx_word' id='word_1_433' title='bbox 2223 2572 2389 2640; x_wconf 80' lang='grc' dir='ltr'>λόγου</span> <span class='ocrx_word' id='word_1_434' title='bbox 2418 2570 2648 2624; x_wconf 89' lang='grc' dir='ltr'>νεύουσα</span> <span class='ocrx_word' id='word_1_435' title='bbox 2677 2570 2931 2638; x_wconf 73' lang='grc' dir='ltr'>αἴσθησις</span> <span class='ocrx_word' id='word_1_436' title='bbox 2960 2569 3229 2639; x_wconf 78' lang='grc' dir='ltr'>λαμϐάνει</span> <span class='ocrx_word' id='word_1_437' title='bbox 3256 2568 3366 2623; x_wconf 72' lang='grc' dir='ltr'><strong>ἀπὸ</strong></span> <span class='ocrx_word' id='word_1_438' title='bbox 3396 2569 3497 2622; x_wconf 89' lang='grc' dir='ltr'><strong>τοῦ</strong></span> <span class='ocrx_word' id='word_1_439' title='bbox 3536 2570 3691 2633; x_wconf 67' lang='grc' dir='ltr'>νοὸς,</span> 
     </span>
    </p>
   </div>
   <div class='ocr_carea' id='block_1_67' title="bbox 2087 2660 3690 2735">
    <p class='ocr_par' dir='ltr' id='par_1_67' title="bbox 2087 2660 3690 2735">
     <span class='ocr_line' id='line_1_67' title="bbox 2087 2660 3690 2735; baseline -0.001 -19"><span class='ocrx_word' id='word_1_440' title='bbox 2087 2662 2177 2717; x_wconf 79' lang='grc' dir='ltr'>διὰ</span> <span class='ocrx_word' id='word_1_441' title='bbox 2214 2663 2314 2735; x_wconf 79' lang='grc' dir='ltr'>τὴν</span> <span class='ocrx_word' id='word_1_442' title='bbox 2349 2663 2468 2735; x_wconf 78' lang='grc' dir='ltr'>μετ’</span> <span class='ocrx_word' id='word_1_443' title='bbox 2510 2664 2682 2734; x_wconf 84' lang='grc' dir='ltr'>αὐτῆς</span> <span class='ocrx_word' id='word_1_444' title='bbox 2722 2662 2914 2716; x_wconf 87' lang='grc' dir='ltr'>τούτου</span> <span class='ocrx_word' id='word_1_445' title='bbox 2962 2663 3272 2733; x_wconf 85' lang='grc' dir='ltr'>παράλογον</span> <span class='ocrx_word' id='word_1_446' title='bbox 3304 2660 3650 2733; x_wconf 65' lang='grc' dir='ltr'>συμπλοκήν</span> <span class='ocrx_word' id='word_1_447' title='bbox 3672 2678 3690 2693; x_wconf 77' lang='grc' dir='ltr'><strong><em>ο</em></strong></span> 
     </span>
    </p>
   </div>
   <div class='ocr_carea' id='block_1_68' title="bbox 2090 2752 3691 2827">
    <p class='ocr_par' dir='ltr' id='par_1_68' title="bbox 2090 2752 3691 2827">
     <span class='ocr_line' id='line_1_68' title="bbox 2090 2752 3691 2827; baseline -0.001 -18"><span class='ocrx_word' id='word_1_448' title='bbox 2090 2756 2278 2810; x_wconf 78' lang='grc' dir='ltr'>πολλοὶ</span> <span class='ocrx_word' id='word_1_449' title='bbox 2326 2756 2434 2827; x_wconf 83' lang='grc' dir='ltr'><strong>γάρ</strong></span> <span class='ocrx_word' id='word_1_450' title='bbox 2465 2755 2640 2810; x_wconf 87' lang='grc' dir='ltr'>πολλά</span> <span class='ocrx_word' id='word_1_451' title='bbox 2674 2754 3064 2825; x_wconf 82' lang='grc' dir='ltr'>ὑπισχνοῦνται</span> <span class='ocrx_word' id='word_1_452' title='bbox 3093 2752 3233 2824; x_wconf 81' lang='grc' dir='ltr'>Θεῷ,</span> <span class='ocrx_word' id='word_1_453' title='bbox 3270 2754 3413 2824; x_wconf 80' lang='grc' dir='ltr'>ὑπὲρ</span> <span class='ocrx_word' id='word_1_454' title='bbox 3447 2754 3555 2807; x_wconf 84' lang='grc' dir='ltr'><strong>τοῦ</strong></span> <span class='ocrx_word' id='word_1_455' title='bbox 3589 2757 3691 2808; x_wconf 79' lang='grc' dir='ltr'>λα-</span> 
     </span>
    </p>
   </div>
   <div class='ocr_carea' id='block_1_69' title="bbox 2092 2847 3693 2921">
    <p class='ocr_par' dir='ltr' id='par_1_69' title="bbox 2092 2847 3693 2921">
     <span class='ocr_line' id='line_1_69' title="bbox 2092 2847 3693 2921; baseline 0.001 -20"><span class='ocrx_word' id='word_1_456' title='bbox 2092 2850 2209 2903; x_wconf 76' lang='grc' dir='ltr'>ϐεῖν</span> <span class='ocrx_word' id='word_1_457' title='bbox 2254 2851 2383 2919; x_wconf 75' lang='grc' dir='ltr'>παρ’</span> <span class='ocrx_word' id='word_1_458' title='bbox 2427 2848 2595 2903; x_wconf 86' lang='grc' dir='ltr'>αὐτοῦ</span> <span class='ocrx_word' id='word_1_459' title='bbox 2631 2847 2861 2902; x_wconf 87' lang='grc' dir='ltr'>πλοῦτον</span> <span class='ocrx_word' id='word_1_460' title='bbox 2908 2847 3292 2918; x_wconf 79' lang='grc' dir='ltr'>φθειρόμενον·</span> <span class='ocrx_word' id='word_1_461' title='bbox 3326 2847 3393 2909; x_wconf 80' lang='grc' dir='ltr'>ἃς</span> <span class='ocrx_word' id='word_1_462' title='bbox 3443 2848 3693 2921; x_wconf 71' lang='grc' dir='ltr'>ὑποσχέο</span> 
     </span>
    </p>
   </div>
   <div class='ocr_carea' id='block_1_70' title="bbox 2096 2940 3684 3013">
    <p class='ocr_par' dir='ltr' id='par_1_70' title="bbox 2096 2940 3684 3013">
     <span class='ocr_line' id='line_1_70' title="bbox 2096 2940 3684 3013; baseline 0 -18"><span class='ocrx_word' id='word_1_463' title='bbox 2096 2958 2209 3005; x_wconf 90' lang='grc' dir='ltr'>σεις</span> <span class='ocrx_word' id='word_1_464' title='bbox 2256 2942 2285 2995; x_wconf 82' lang='grc' dir='ltr'><strong>δ</strong></span> <span class='ocrx_word' id='word_1_465' title='bbox 2317 2941 2449 3004; x_wconf 78' lang='grc' dir='ltr'>Θεὸς</span> <span class='ocrx_word' id='word_1_466' title='bbox 2494 2941 2570 3005; x_wconf 83' lang='grc' dir='ltr'>ὡς</span> <span class='ocrx_word' id='word_1_467' title='bbox 2617 2940 2869 3013; x_wconf 74' lang='grc' dir='ltr'>ρυπαράς</span> <span class='ocrx_word' id='word_1_468' title='bbox 2906 2940 3005 2995; x_wconf 81' lang='grc' dir='ltr'>καὶ</span> <span class='ocrx_word' id='word_1_469' title='bbox 3050 2941 3403 3010; x_wconf 79' lang='grc' dir='ltr'>ἀσυμφόρους</span> <span class='ocrx_word' id='word_1_470' title='bbox 3452 2942 3684 3007; x_wconf 74' lang='grc' dir='ltr'>αὐτοῖς,</span> 
     </span>
    </p>
   </div>
   <div class='ocr_carea' id='block_1_71' title="bbox 2020 3033 3685 3112">
    <p class='ocr_par' dir='ltr' id='par_1_71' title="bbox 2020 3033 3685 3112">
     <span class='ocr_line' id='line_1_71' title="bbox 2020 3033 3685 3112; baseline 0.001 -23"><span class='ocrx_word' id='word_1_471' title='bbox 2020 3048 2066 3112; x_wconf 66' lang='grc' dir='ltr'><strong>θ</strong></span> <span class='ocrx_word' id='word_1_472' title='bbox 2096 3035 2521 3106; x_wconf 81' lang='grc' dir='ltr'>ἀποστρέφεται·</span> <span class='ocrx_word' id='word_1_473' title='bbox 2571 3053 2591 3087; x_wconf 74' lang='grc' dir='ltr'>ι</span> <span class='ocrx_word' id='word_1_474' title='bbox 2626 3037 2835 3089; x_wconf 83' lang='grc' dir='ltr'>Αἰτεῖτε</span> <span class='ocrx_word' id='word_1_475' title='bbox 2876 3034 3004 3107; x_wconf 79' lang='grc' dir='ltr'>γὰρ,</span> <span class='ocrx_word' id='word_1_476' title='bbox 3050 3033 3208 3104; x_wconf 74' lang='grc' dir='ltr'>φησι,</span> <span class='ocrx_word' id='word_1_477' title='bbox 3241 3034 3340 3087; x_wconf 79' lang='grc' dir='ltr'>καὶ</span> <span class='ocrx_word' id='word_1_478' title='bbox 3366 3035 3431 3088; x_wconf 89' lang='grc' dir='ltr'><strong>οὐ</strong></span> <span class='ocrx_word' id='word_1_479' title='bbox 3461 3034 3685 3108; x_wconf 72' lang='grc' dir='ltr'>λαμϐά-</span> 
     </span>
    </p>
   </div>
   <div class='ocr_carea' id='block_1_72' title="bbox 2094 3125 2918 3193">
    <p class='ocr_par' dir='ltr' id='par_1_72' title="bbox 2094 3125 2918 3193">
     <span class='ocr_line' id='line_1_72' title="bbox 2094 3125 2918 3193; baseline -0.006 -11"><span class='ocrx_word' id='word_1_480' title='bbox 2094 3142 2237 3193; x_wconf 82' lang='grc' dir='ltr'>νετε,</span> <span class='ocrx_word' id='word_1_481' title='bbox 2261 3127 2399 3181; x_wconf 85' lang='grc' dir='ltr'>διότι</span> <span class='ocrx_word' id='word_1_482' title='bbox 2431 3125 2618 3190; x_wconf 85' lang='grc' dir='ltr'>κακῶς</span> <span class='ocrx_word' id='word_1_483' title='bbox 2647 3128 2870 3182; x_wconf 79' lang='grc' dir='ltr'>αἰτεῖτε.</span> <span class='ocrx_word' id='word_1_484' title='bbox 2899 3145 2918 3177; x_wconf 74' lang='grc' dir='ltr'><strong>ι</strong></span> 
     </span>
    </p>
   </div>
   <div class='ocr_carea' id='block_1_73' title="bbox 2170 3215 3688 3288">
    <p class='ocr_par' dir='ltr' id='par_1_73' title="bbox 2170 3215 3688 3288">
     <span class='ocr_line' id='line_1_73' title="bbox 2170 3215 3688 3288; baseline 0.001 -16"><span class='ocrx_word' id='word_1_485' title='bbox 2170 3221 2252 3273; x_wconf 80' lang='grc' dir='ltr'>ιδ’.</span> <span class='ocrx_word' id='word_1_486' title='bbox 2294 3215 2476 3274; x_wconf 81' lang='grc' dir='ltr'>Οϊκον</span> <span class='ocrx_word' id='word_1_487' title='bbox 2510 3218 2609 3274; x_wconf 79' lang='grc' dir='ltr'><strong>καί</strong></span> <span class='ocrx_word' id='word_1_488' title='bbox 2642 3217 2907 3288; x_wconf 75' lang='grc' dir='ltr'>ὕπαρξιν</span> <span class='ocrx_word' id='word_1_489' title='bbox 2929 3217 3237 3288; x_wconf 77' lang='grc' dir='ltr'>μερίζουσι</span> <span class='ocrx_word' id='word_1_490' title='bbox 3264 3218 3524 3287; x_wconf 76' lang='grc' dir='ltr'>πατέρες</span> <span class='ocrx_word' id='word_1_491' title='bbox 3553 3236 3688 3275; x_wconf 70' lang='grc' dir='ltr'>παι-</span> 
     </span>
    </p>
   </div>
   <div class='ocr_carea' id='block_1_74' title="bbox 2094 3310 3686 3383">
    <p class='ocr_par' dir='ltr' id='par_1_74' title="bbox 2094 3310 3686 3383">
     <span class='ocr_line' id='line_1_74' title="bbox 2094 3310 3686 3383; baseline -0.004 -16"><span class='ocrx_word' id='word_1_492' title='bbox 2094 3313 2222 3367; x_wconf 79' lang='grc' dir='ltr'>σίν.</span> <span class='ocrx_word' id='word_1_493' title='bbox 2255 3311 2330 3366; x_wconf 83' lang='grc' dir='ltr'>Τὸ</span> <span class='ocrx_word' id='word_1_494' title='bbox 2368 3311 2464 3365; x_wconf 87' lang='grc' dir='ltr'><strong>τοῦ</strong></span> <span class='ocrx_word' id='word_1_495' title='bbox 2497 3311 2687 3383; x_wconf 83' lang='grc' dir='ltr'>νοεροῦ</span> <span class='ocrx_word' id='word_1_496' title='bbox 2733 3310 2893 3382; x_wconf 80' lang='grc' dir='ltr'>ήμῶν</span> <span class='ocrx_word' id='word_1_497' title='bbox 2938 3311 3277 3381; x_wconf 84' lang='grc' dir='ltr'>οἰκητήριον,</span> <span class='ocrx_word' id='word_1_498' title='bbox 3316 3312 3545 3375; x_wconf 85' lang='grc' dir='ltr'>πάντως</span> <span class='ocrx_word' id='word_1_499' title='bbox 3588 3313 3686 3382; x_wconf 69' lang='grc' dir='ltr'><strong>τὴν</strong></span> 
     </span>
    </p>
   </div>
   <div class='ocr_carea' id='block_1_75' title="bbox 2095 3402 3681 3475">
    <p class='ocr_par' dir='ltr' id='par_1_75' title="bbox 2095 3402 3681 3475">
     <span class='ocr_line' id='line_1_75' title="bbox 2095 3402 3681 3475; baseline -0.003 -17"><span class='ocrx_word' id='word_1_500' title='bbox 2095 3403 2425 3475; x_wconf 78' lang='grc' dir='ltr'>αἰσθητικὴν</span> <span class='ocrx_word' id='word_1_501' title='bbox 2475 3404 2677 3473; x_wconf 82' lang='grc' dir='ltr'>σάρκα,</span> <span class='ocrx_word' id='word_1_502' title='bbox 2708 3404 2804 3456; x_wconf 75' lang='grc' dir='ltr'><strong>καὶ</strong></span> <span class='ocrx_word' id='word_1_503' title='bbox 2841 3402 2942 3474; x_wconf 82' lang='grc' dir='ltr'>τὴν</span> <span class='ocrx_word' id='word_1_504' title='bbox 2975 3402 3137 3456; x_wconf 82' lang='grc' dir='ltr'>ποιάν</span> <span class='ocrx_word' id='word_1_505' title='bbox 3178 3403 3371 3456; x_wconf 88' lang='grc' dir='ltr'>τούτου</span> <span class='ocrx_word' id='word_1_506' title='bbox 3413 3402 3681 3468; x_wconf 86' lang='grc' dir='ltr'>διάθεσιν,</span> 
     </span>
    </p>
   </div>
   <div class='ocr_carea' id='block_1_76' title="bbox 2097 3494 3682 3567">
    <p class='ocr_par' dir='ltr' id='par_1_76' title="bbox 2097 3494 3682 3567">
     <span class='ocr_line' id='line_1_76' title="bbox 2097 3494 3682 3567; baseline -0.003 -17"><span class='ocrx_word' id='word_1_507' title='bbox 2097 3497 2417 3567; x_wconf 81' lang='grc' dir='ltr'>διανέμουσι</span> <span class='ocrx_word' id='word_1_508' title='bbox 2452 3497 2567 3558; x_wconf 85' lang='grc' dir='ltr'>τοῖς</span> <span class='ocrx_word' id='word_1_509' title='bbox 2588 3494 2811 3558; x_wconf 75' lang='grc' dir='ltr'>οἰκείοις</span> <span class='ocrx_word' id='word_1_510' title='bbox 2839 3494 3143 3564; x_wconf 78' lang='grc' dir='ltr'>λογισμοῖς,</span> <span class='ocrx_word' id='word_1_511' title='bbox 3168 3495 3217 3547; x_wconf 82' lang='grc' dir='ltr'>οἱ</span> <span class='ocrx_word' id='word_1_512' title='bbox 3247 3494 3459 3547; x_wconf 85' lang='grc' dir='ltr'>τούτων</span> <span class='ocrx_word' id='word_1_513' title='bbox 3487 3496 3682 3563; x_wconf 75' lang='grc' dir='ltr'>γεννήο</span> 
     </span>
    </p>
   </div>
   <div class='ocr_carea' id='block_1_77' title="bbox 2097 3583 3682 3659">
    <p class='ocr_par' dir='ltr' id='par_1_77' title="bbox 2097 3583 3682 3659">
     <span class='ocr_line' id='line_1_77' title="bbox 2097 3583 3682 3659; baseline -0.004 -18"><span class='ocrx_word' id='word_1_514' title='bbox 2097 3605 2256 3659; x_wconf 86' lang='grc' dir='ltr'>τορες</span> <span class='ocrx_word' id='word_1_515' title='bbox 2303 3588 2423 3650; x_wconf 86' lang='grc' dir='ltr'>νόες</span> <span class='ocrx_word' id='word_1_516' title='bbox 2455 3586 2859 3659; x_wconf 80' lang='grc' dir='ltr'>προσνέμοντες</span> <span class='ocrx_word' id='word_1_517' title='bbox 2903 3583 3267 3651; x_wconf 81' lang='grc' dir='ltr'>αὐτεξουσίως</span> <span class='ocrx_word' id='word_1_518' title='bbox 3307 3585 3530 3654; x_wconf 77' lang='grc' dir='ltr'>ἑκάστῳ</span> <span class='ocrx_word' id='word_1_519' title='bbox 3573 3586 3682 3636; x_wconf 83' lang='grc' dir='ltr'><strong>τῶν</strong></span> 
     </span>
    </p>
   </div>
   <div class='ocr_carea' id='block_1_78' title="bbox 2098 3674 3678 3747">
    <p class='ocr_par' dir='ltr' id='par_1_78' title="bbox 2098 3674 3678 3747">
     <span class='ocr_line' id='line_1_78' title="bbox 2098 3674 3678 3747; baseline -0.002 -17"><span class='ocrx_word' id='word_1_520' title='bbox 2098 3677 2358 3731; x_wconf 84' lang='grc' dir='ltr'>τοιούτων</span> <span class='ocrx_word' id='word_1_521' title='bbox 2383 3675 2685 3747; x_wconf 83' lang='grc' dir='ltr'>λογισμῶν,</span> <span class='ocrx_word' id='word_1_522' title='bbox 2704 3676 2767 3729; x_wconf 83' lang='grc' dir='ltr'><strong>τό</strong></span> <span class='ocrx_word' id='word_1_523' title='bbox 2788 3692 2849 3729; x_wconf 85' lang='grc' dir='ltr'><strong>τε</strong></span> <span class='ocrx_word' id='word_1_524' title='bbox 2885 3676 3195 3746; x_wconf 82' lang='grc' dir='ltr'>πρόσφορον</span> <span class='ocrx_word' id='word_1_525' title='bbox 3228 3674 3382 3744; x_wconf 85' lang='grc' dir='ltr'>αὐτῷ</span> <span class='ocrx_word' id='word_1_526' title='bbox 3416 3674 3678 3745; x_wconf 76' lang='grc' dir='ltr'>αἰσθητή-</span> 
     </span>
    </p>
   </div>
   <div class='ocr_carea' id='block_1_79' title="bbox 2103 3766 3680 3842">
    <p class='ocr_par' dir='ltr' id='par_1_79' title="bbox 2103 3766 3680 3842">
     <span class='ocr_line' id='line_1_79' title="bbox 2103 3766 3680 3842; baseline -0.003 -18"><span class='ocrx_word' id='word_1_527' title='bbox 2103 3788 2216 3842; x_wconf 91' lang='grc' dir='ltr'>ριον</span> <span class='ocrx_word' id='word_1_528' title='bbox 2259 3772 2359 3840; x_wconf 80' lang='grc' dir='ltr'>τῆς</span> <span class='ocrx_word' id='word_1_529' title='bbox 2394 3771 2618 3840; x_wconf 84' lang='grc' dir='ltr'>σαρκὸς,</span> <span class='ocrx_word' id='word_1_530' title='bbox 2651 3770 2745 3823; x_wconf 76' lang='grc' dir='ltr'><strong>καὶ</strong></span> <span class='ocrx_word' id='word_1_531' title='bbox 2786 3769 2886 3838; x_wconf 81' lang='grc' dir='ltr'>τὴν</span> <span class='ocrx_word' id='word_1_532' title='bbox 2931 3768 3126 3821; x_wconf 88' lang='grc' dir='ltr'>τούτου</span> <span class='ocrx_word' id='word_1_533' title='bbox 3176 3766 3321 3822; x_wconf 84' lang='grc' dir='ltr'>κατὰ</span> <span class='ocrx_word' id='word_1_534' title='bbox 3348 3767 3449 3840; x_wconf 82' lang='grc' dir='ltr'><strong>τὴν</strong></span> <span class='ocrx_word' id='word_1_535' title='bbox 3489 3769 3680 3839; x_wconf 73' lang='lat' dir='ltr'><strong>vosin</strong></span> 
     </span>
    </p>
   </div>
   <div class='ocr_carea' id='block_1_80' title="bbox 2099 3859 3677 3933">
    <p class='ocr_par' dir='ltr' id='par_1_80' title="bbox 2099 3859 3677 3933">
     <span class='ocr_line' id='line_1_80' title="bbox 2099 3859 3677 3933; baseline -0.001 -18"><span class='ocrx_word' id='word_1_536' title='bbox 2099 3860 2366 3927; x_wconf 87' lang='grc' dir='ltr'>διάθεσιν,</span> <span class='ocrx_word' id='word_1_537' title='bbox 2394 3862 2507 3915; x_wconf 81' lang='grc' dir='ltr'>εἴτε</span> <span class='ocrx_word' id='word_1_538' title='bbox 2534 3862 2671 3933; x_wconf 83' lang='grc' dir='ltr'>πρὸς</span> <span class='ocrx_word' id='word_1_539' title='bbox 2695 3862 2758 3915; x_wconf 80' lang='grc' dir='ltr'>τὸ</span> <span class='ocrx_word' id='word_1_540' title='bbox 2786 3860 3015 3929; x_wconf 85' lang='grc' dir='ltr'>ἀγαθὸν,</span> <span class='ocrx_word' id='word_1_541' title='bbox 3046 3861 3156 3913; x_wconf 74' lang='grc' dir='ltr'>εἴτε</span> <span class='ocrx_word' id='word_1_542' title='bbox 3192 3859 3328 3932; x_wconf 83' lang='grc' dir='ltr'>πρὸς</span> <span class='ocrx_word' id='word_1_543' title='bbox 3356 3860 3421 3913; x_wconf 83' lang='grc' dir='ltr'><strong>τδ</strong></span> <span class='ocrx_word' id='word_1_544' title='bbox 3440 3862 3677 3932; x_wconf 70' lang='grc' dir='ltr'>πονηρὸν</span> 
     </span>
    </p>
   </div>
   <div class='ocr_carea' id='block_1_81' title="bbox 2100 3946 3519 4025">
    <p class='ocr_par' dir='ltr' id='par_1_81' title="bbox 2100 3946 3519 4025">
     <span class='ocr_line' id='line_1_81' title="bbox 2100 3946 3519 4025; baseline -0.001 -17"><span class='ocrx_word' id='word_1_545' title='bbox 2100 3955 2320 4025; x_wconf 82' lang='grc' dir='ltr'>χρῆσιν.</span> <span class='ocrx_word' id='word_1_546' title='bbox 3504 3946 3519 3953; x_wconf 73' lang='grc'><strong>’</strong></span> 
     </span>
    </p>
   </div>
   <div class='ocr_carea' id='block_1_82' title="bbox 2172 4040 3673 4115">
    <p class='ocr_par' dir='ltr' id='par_1_82' title="bbox 2172 4040 3673 4115">
     <span class='ocr_line' id='line_1_82' title="bbox 2172 4040 3673 4115; baseline -0.004 -15"><span class='ocrx_word' id='word_1_547' title='bbox 2172 4047 2339 4115; x_wconf 80' lang='grc' dir='ltr'><strong>Παρὰ</strong></span> <span class='ocrx_word' id='word_1_548' title='bbox 2361 4046 2585 4115; x_wconf 82' lang='grc' dir='ltr'>Κυρίου</span> <span class='ocrx_word' id='word_1_549' title='bbox 2609 4043 2915 4114; x_wconf 79' lang='grc' dir='ltr'>ἁρμόζεται</span> <span class='ocrx_word' id='word_1_550' title='bbox 2937 4043 3094 4114; x_wconf 77' lang='grc' dir='ltr'>γυνὴ</span> <span class='ocrx_word' id='word_1_551' title='bbox 3123 4042 3313 4111; x_wconf 82' lang='grc' dir='ltr'>ἀνδρί.</span> <span class='ocrx_word' id='word_1_552' title='bbox 3336 4041 3492 4111; x_wconf 80' lang='grc' dir='ltr'><strong>Παρᾶ</strong></span> <span class='ocrx_word' id='word_1_553' title='bbox 3515 4042 3565 4095; x_wconf 74' lang='grc' dir='ltr'>δὲ</span> <span class='ocrx_word' id='word_1_554' title='bbox 3585 4040 3673 4094; x_wconf 82' lang='grc' dir='ltr'><strong>τοῦ</strong></span> 
     </span>
    </p>
   </div>
   <div class='ocr_carea' id='block_1_83' title="bbox 2102 4134 3673 4211">
    <p class='ocr_par' dir='ltr' id='par_1_83' title="bbox 2102 4134 3673 4211">
     <span class='ocr_line' id='line_1_83' title="bbox 2102 4134 3673 4211; baseline -0.006 -15"><span class='ocrx_word' id='word_1_555' title='bbox 2102 4141 2377 4196; x_wconf 77' lang='grc' dir='ltr'>Δεσπότου</span> <span class='ocrx_word' id='word_1_556' title='bbox 2401 4140 2512 4194; x_wconf 87' lang='grc' dir='ltr'><strong>τῶν</strong></span> <span class='ocrx_word' id='word_1_557' title='bbox 2545 4139 2686 4194; x_wconf 87' lang='grc' dir='ltr'>ὅλων</span> <span class='ocrx_word' id='word_1_558' title='bbox 2736 4138 3130 4211; x_wconf 85' lang='grc' dir='ltr'>παραμείνασα</span> <span class='ocrx_word' id='word_1_559' title='bbox 3177 4137 3211 4206; x_wconf 81' lang='grc' dir='ltr'>ἠ</span> <span class='ocrx_word' id='word_1_560' title='bbox 3244 4136 3383 4206; x_wconf 84' lang='grc' dir='ltr'><strong>μετά</strong></span> <span class='ocrx_word' id='word_1_561' title='bbox 3413 4134 3507 4188; x_wconf 81' lang='grc' dir='ltr'><strong>τοῦ</strong></span> <span class='ocrx_word' id='word_1_562' title='bbox 3541 4136 3673 4188; x_wconf 71' lang='grc' dir='ltr'>κατὰ</span> 
     </span>
    </p>
   </div>
   <div class='ocr_carea' id='block_1_84' title="bbox 2102 4224 3671 4302">
    <p class='ocr_par' dir='ltr' id='par_1_84' title="bbox 2102 4224 3671 4302">
     <span class='ocr_line' id='line_1_84' title="bbox 2102 4224 3671 4302; baseline -0.003 -18"><span class='ocrx_word' id='word_1_563' title='bbox 2102 4231 2281 4302; x_wconf 74' lang='grc' dir='ltr'>ψυχὴν</span> <span class='ocrx_word' id='word_1_564' title='bbox 2305 4229 2520 4300; x_wconf 90' lang='grc' dir='ltr'>νοεροῦ,</span> <span class='ocrx_word' id='word_1_565' title='bbox 2550 4228 2656 4299; x_wconf 83' lang='grc' dir='ltr'><strong>τῆς</strong></span> <span class='ocrx_word' id='word_1_566' title='bbox 2679 4228 3005 4300; x_wconf 80' lang='grc' dir='ltr'>αἰσθητικῆς</span> <span class='ocrx_word' id='word_1_567' title='bbox 3036 4226 3241 4298; x_wconf 83' lang='grc' dir='ltr'>σαρκὸς</span> <span class='ocrx_word' id='word_1_568' title='bbox 3275 4224 3454 4295; x_wconf 82' lang='grc' dir='ltr'>μίξις·</span> <span class='ocrx_word' id='word_1_569' title='bbox 3485 4225 3562 4278; x_wconf 79' lang='grc' dir='ltr'>διὸ</span> <span class='ocrx_word' id='word_1_570' title='bbox 3589 4228 3671 4279; x_wconf 79' lang='grc' dir='ltr'>οὐ·</span> 
     </span>
    </p>
   </div>
   <div class='ocr_carea' id='block_1_85' title="bbox 425 4309 1984 4395">
    <p class='ocr_par' dir='ltr' id='par_1_85' title="bbox 425 4309 1984 4383">
     <span class='ocr_line' id='line_1_85' title="bbox 425 4309 1984 4383; baseline 0.006 -20"><span class='ocrx_word' id='word_1_571' title='bbox 425 4310 703 4364; x_wconf 87' lang='lat' dir='ltr'><strong>soeietatis</strong></span> <span class='ocrx_word' id='word_1_572' title='bbox 738 4310 903 4363; x_wconf 87' lang='lat' dir='ltr'><strong>vitam</strong></span> <span class='ocrx_word' id='word_1_573' title='bbox 948 4309 1155 4362; x_wconf 89' lang='lat' dir='ltr'><strong>amanti</strong></span> <span class='ocrx_word' id='word_1_574' title='bbox 1202 4312 1356 4364; x_wconf 90' lang='lat' dir='ltr'><strong>nullo</strong></span> <span class='ocrx_word' id='word_1_575' title='bbox 1409 4312 1571 4366; x_wconf 91' lang='lat' dir='ltr'><strong>modo</strong></span> <span class='ocrx_word' id='word_1_576' title='bbox 1616 4315 1862 4383; x_wconf 86' lang='lat' dir='ltr'><strong>prodest,</strong></span> <span class='ocrx_word' id='word_1_577' title='bbox 1905 4333 1984 4374; x_wconf 82' lang='lat' dir='ltr'><strong>set</strong></span> 
     </span>
    </p>
   </div>
   <div class='ocr_carea' id='block_1_86' title="bbox 2117 4309 3670 4395">
    <p class='ocr_par' dir='ltr' id='par_1_86' title="bbox 2117 4318 3670 4395">
     <span class='ocr_line' id='line_1_86' title="bbox 2117 4318 3670 4395; baseline -0.003 -17"><span class='ocrx_word' id='word_1_578' title='bbox 2117 4323 2291 4395; x_wconf 67' lang='grc' dir='ltr'>δαμῶς</span> <span class='ocrx_word' id='word_1_579' title='bbox 2335 4320 2694 4392; x_wconf 78' lang='grc' dir='ltr'>συμϐαλεῖται</span> <span class='ocrx_word' id='word_1_580' title='bbox 2723 4320 2803 4391; x_wconf 83' lang='grc' dir='ltr'>τῷ</span> <span class='ocrx_word' id='word_1_581' title='bbox 2845 4318 3094 4390; x_wconf 76' lang='grc' dir='ltr'>φιλοζώῳ</span> <span class='ocrx_word' id='word_1_582' title='bbox 3124 4319 3186 4373; x_wconf 83' lang='grc' dir='ltr'><strong>τὸ</strong></span> <span class='ocrx_word' id='word_1_583' title='bbox 3226 4318 3502 4387; x_wconf 83' lang='grc' dir='ltr'>φιλὸὐλον,</span> <span class='ocrx_word' id='word_1_584' title='bbox 3548 4319 3670 4373; x_wconf 77' lang='grc' dir='ltr'><strong>ἀλλά</strong></span> 
     </span>
    </p>
   </div>
   <div class='ocr_carea' id='block_1_87' title="bbox 425 4384 1984 4487">
    <p class='ocr_par' dir='ltr' id='par_1_87' title="bbox 425 4402 1984 4475">
     <span class='ocr_line' id='line_1_87' title="bbox 425 4402 1984 4475; baseline 0.004 -18"><span class='ocrx_word' id='word_1_585' title='bbox 425 4406 607 4472; x_wconf 89' lang='lat' dir='ltr'><strong>potius</strong></span> <span class='ocrx_word' id='word_1_586' title='bbox 638 4402 796 4457; x_wconf 71' lang='lat' dir='ltr'><strong>laedet</strong></span> <span class='ocrx_word' id='word_1_587' title='bbox 829 4403 983 4469; x_wconf 88' lang='lat' dir='ltr'><strong>illud,</strong></span> <span class='ocrx_word' id='word_1_588' title='bbox 1026 4402 1153 4473; x_wconf 82' lang='lat' dir='ltr'><strong>quia</strong></span> <span class='ocrx_word' id='word_1_589' title='bbox 1185 4419 1282 4475; x_wconf 88' lang='lat' dir='ltr'><strong>per</strong></span> <span class='ocrx_word' id='word_1_590' title='bbox 1325 4405 1660 4475; x_wconf 85' lang='lat' dir='ltr'><strong>impietatem</strong></span> <span class='ocrx_word' id='word_1_591' title='bbox 1705 4412 1984 4468; x_wconf 77' lang='lat' dir='ltr'><strong>exacerbal</strong></span> 
     </span>
    </p>
   </div>
   <div class='ocr_carea' id='block_1_88' title="bbox 2117 4384 3666 4487">
    <p class='ocr_par' dir='ltr' id='par_1_88' title="bbox 2117 4384 3666 4487">
     <span class='ocr_line' id='line_1_88' title="bbox 2117 4384 3666 4487; baseline -0.003 -16"><span class='ocrx_word' id='word_1_592' title='bbox 2117 4384 2315 4487; x_wconf 66' lang='grc' dir='ltr'>μάλλον</span> <span class='ocrx_word' id='word_1_593' title='bbox 2356 4384 2549 4486; x_wconf 75' lang='grc' dir='ltr'>βλάψει</span> <span class='ocrx_word' id='word_1_594' title='bbox 2571 4384 2786 4477; x_wconf 66' lang='grc' dir='ltr'>τοῦτον,</span> <span class='ocrx_word' id='word_1_595' title='bbox 2806 4384 2882 4476; x_wconf 78' lang='grc' dir='ltr'><strong>ὡς</strong></span> <span class='ocrx_word' id='word_1_596' title='bbox 2911 4414 3045 4466; x_wconf 80' lang='grc' dir='ltr'>Θεὸν</span> <span class='ocrx_word' id='word_1_597' title='bbox 3065 4384 3164 4467; x_wconf 66' lang='grc' dir='ltr'><strong>τὸν</strong></span> <span class='ocrx_word' id='word_1_598' title='bbox 3186 4384 3287 4483; x_wconf 60' lang='grc' dir='ltr'><strong>τῆς</strong></span> <span class='ocrx_word' id='word_1_599' title='bbox 3319 4412 3471 4483; x_wconf 79' lang='grc' dir='ltr'>ζωῆς</span> <span class='ocrx_word' id='word_1_600' title='bbox 3493 4411 3666 4477; x_wconf 86' lang='grc' dir='ltr'>αῖτιον,</span> 
     </span>
    </p>
   </div>
   <div class='ocr_carea' id='block_1_89' title="bbox 425 4491 1082 4550">
    <p class='ocr_par' dir='ltr' id='par_1_89' title="bbox 425 4491 1082 4550">
     <span class='ocr_line' id='line_1_89' title="bbox 425 4491 1082 4550; baseline 0.009 -6"><span class='ocrx_word' id='word_1_601' title='bbox 425 4491 593 4547; x_wconf 89' lang='lat' dir='ltr'><strong>Deum</strong></span> <span class='ocrx_word' id='word_1_602' title='bbox 624 4493 747 4547; x_wconf 74' lang='lat' dir='ltr'><strong>vitae</strong></span> <span class='ocrx_word' id='word_1_603' title='bbox 775 4505 1082 4550; x_wconf 88' lang='lat' dir='ltr'><strong>auctorem.</strong></span> 
     </span>
    </p>
   </div>
   <div class='ocr_carea' id='block_1_90' title="bbox 500 4583 2002 4660">
    <p class='ocr_par' dir='ltr' id='par_1_90' title="bbox 500 4583 2002 4660">
     <span class='ocr_line' id='line_1_90' title="bbox 500 4583 2002 4660; baseline 0.012 -26"><span class='ocrx_word' id='word_1_604' title='bbox 500 4583 664 4640; x_wconf 74' lang='lat' dir='ltr'><strong>Vens.</strong></span> <span class='ocrx_word' id='word_1_605' title='bbox 696 4586 784 4639; x_wconf 81' lang='grc'><strong>15.</strong></span> <span class='ocrx_word' id='word_1_606' title='bbox 828 4586 1004 4640; x_wconf 85' lang='lat' dir='ltr'><strong>Pavor</strong></span> <span class='ocrx_word' id='word_1_607' title='bbox 1033 4589 1227 4646; x_wconf 83' lang='lat' dir='ltr'><strong>detinet</strong></span> <span class='ocrx_word' id='word_1_608' title='bbox 1240 4591 1617 4660; x_wconf 74' lang='lat' dir='ltr'><strong>&#39;e/femiuatum</strong></span> <span class='ocrx_word' id='word_1_609' title='bbox 1646 4608 1665 4647; x_wconf 90' lang='lat'><strong><em>:</em></strong></span> <span class='ocrx_word' id='word_1_610' title='bbox 1699 4595 1881 4650; x_wconf 85' lang='lat' dir='ltr'><strong>anima</strong></span> <span class='ocrx_word' id='word_1_611' title='bbox 1902 4613 2002 4651; x_wconf 88' lang='lat' dir='ltr'><strong>au-</strong></span> 
     </span>
    </p>
   </div>
   <div class='ocr_carea' id='block_1_91' title="bbox 427 4677 2004 4753">
    <p class='ocr_par' dir='ltr' id='par_1_91' title="bbox 427 4677 2004 4753">
     <span class='ocr_line' id='line_1_91' title="bbox 427 4677 2004 4753; baseline 0.008 -23"><span class='ocrx_word' id='word_1_612' title='bbox 427 4686 527 4731; x_wconf 87' lang='lat' dir='ltr'><strong>tem</strong></span> <span class='ocrx_word' id='word_1_613' title='bbox 563 4677 961 4733; x_wconf 84' lang='lat' dir='ltr'><strong>oliosiesuriet.</strong></span> <span class='ocrx_word' id='word_1_614' title='bbox 989 4679 1169 4745; x_wconf 86' lang='lat' dir='ltr'><strong>Quiut</strong></span> <span class='ocrx_word' id='word_1_615' title='bbox 1203 4683 1287 4736; x_wconf 89' lang='lat' dir='ltr'><strong>vir</strong></span> <span class='ocrx_word' id='word_1_616' title='bbox 1310 4684 1532 4753; x_wconf 91' lang='lat' dir='ltr'><strong>quidem</strong></span> <span class='ocrx_word' id='word_1_617' title='bbox 1569 4685 1811 4741; x_wconf 85' lang='lat' dir='ltr'><strong>animum</strong></span> <span class='ocrx_word' id='word_1_618' title='bbox 1842 4688 2004 4743; x_wconf 87' lang='lat' dir='ltr'><strong>habet</strong></span> 
     </span>
    </p>
   </div>
   <div class='ocr_carea' id='block_1_92' title="bbox 427 4770 2005 4850">
    <p class='ocr_par' dir='ltr' id='par_1_92' title="bbox 427 4770 2005 4850">
     <span class='ocr_line' id='line_1_92' title="bbox 427 4770 2005 4850; baseline 0.007 -28"><span class='ocrx_word' id='word_1_619' title='bbox 427 4770 494 4823; x_wconf 90' lang='lat' dir='ltr'><strong>ad</strong></span> <span class='ocrx_word' id='word_1_620' title='bbox 549 4770 687 4823; x_wconf 89' lang='lat' dir='ltr'><strong>mala</strong></span> <span class='ocrx_word' id='word_1_621' title='bbox 723 4771 1109 4839; x_wconf 78' lang='lat' dir='ltr'><strong>perpetranda,</strong></span> <span class='ocrx_word' id='word_1_622' title='bbox 1152 4773 1554 4844; x_wconf 82' lang='lat' dir='ltr'><strong>audaciamque</strong></span> <span class='ocrx_word' id='word_1_623' title='bbox 1603 4777 1671 4832; x_wconf 84' lang='lat' dir='ltr'><strong>ad</strong></span> <span class='ocrx_word' id='word_1_624' title='bbox 1721 4782 2005 4850; x_wconf 90' lang='lat' dir='ltr'><strong>proprium</strong></span> 
     </span>
    </p>
   </div>
   <div class='ocr_carea' id='block_1_93' title="bbox 428 4861 2008 4938">
    <p class='ocr_par' dir='ltr' id='par_1_93' title="bbox 428 4861 2008 4938">
     <span class='ocr_line' id='line_1_93' title="bbox 428 4861 2008 4938; baseline 0.007 -21"><span class='ocrx_word' id='word_1_625' title='bbox 428 4861 771 4918; x_wconf 87' lang='lat' dir='ltr'><strong>subeundum</strong></span> <span class='ocrx_word' id='word_1_626' title='bbox 812 4862 1151 4931; x_wconf 88' lang='lat' dir='ltr'><strong>periculum,</strong></span> <span class='ocrx_word' id='word_1_627' title='bbox 1209 4867 1387 4933; x_wconf 86' lang='lat' dir='ltr'><strong>parcit</strong></span> <span class='ocrx_word' id='word_1_628' title='bbox 1432 4878 1614 4922; x_wconf 86' lang='lat' dir='ltr'><strong>autem</strong></span> <span class='ocrx_word' id='word_1_629' title='bbox 1667 4871 1794 4938; x_wconf 88' lang='lat' dir='ltr'><strong>sibi,</strong></span> <span class='ocrx_word' id='word_1_630' title='bbox 1831 4873 2008 4929; x_wconf 87' lang='lat' dir='ltr'><strong>instar</strong></span> 
     </span>
    </p>
   </div>
   <div class='ocr_carea' id='block_1_94' title="bbox 429 4954 2013 5032">
    <p class='ocr_par' dir='ltr' id='par_1_94' title="bbox 429 4954 2013 5032">
     <span class='ocr_line' id='line_1_94' title="bbox 429 4954 2013 5032; baseline 0.006 -22"><span class='ocrx_word' id='word_1_631' title='bbox 429 4956 701 5017; x_wconf 87' lang='lat' dir='ltr'><strong>mulieris.</strong></span> <span class='ocrx_word' id='word_1_632' title='bbox 752 4954 808 5008; x_wconf 89' lang='lat' dir='ltr'><strong>in</strong></span> <span class='ocrx_word' id='word_1_633' title='bbox 849 4955 1109 5024; x_wconf 89' lang='lat' dir='ltr'><strong>operibus</strong></span> <span class='ocrx_word' id='word_1_634' title='bbox 1143 4955 1304 5011; x_wconf 85' lang='lat' dir='ltr'><strong>bonis</strong></span> <span class='ocrx_word' id='word_1_635' title='bbox 1352 4967 1406 5012; x_wconf 90' lang='lat' dir='ltr'><strong>et</strong></span> <span class='ocrx_word' id='word_1_636' title='bbox 1437 4959 1504 5014; x_wconf 91' lang='lat' dir='ltr'><strong>ad</strong></span> <span class='ocrx_word' id='word_1_637' title='bbox 1552 4963 1828 5032; x_wconf 88' lang='lat' dir='ltr'><strong>propriam</strong></span> <span class='ocrx_word' id='word_1_638' title='bbox 1862 4967 2013 5020; x_wconf 86' lang='lat' dir='ltr'><strong>salu-</strong></span> 
     </span>
    </p>
   </div>
   <div class='ocr_carea' id='block_1_95' title="bbox 428 5046 2013 5128">
    <p class='ocr_par' dir='ltr' id='par_1_95' title="bbox 428 5046 2013 5128">
     <span class='ocr_line' id='line_1_95' title="bbox 428 5046 2013 5128; baseline 0.008 -29"><span class='ocrx_word' id='word_1_639' title='bbox 428 5054 537 5100; x_wconf 88' lang='lat' dir='ltr'><strong>tem</strong></span> <span class='ocrx_word' id='word_1_640' title='bbox 574 5047 724 5118; x_wconf 79' lang='lat' dir='ltr'><strong>piger</strong></span> <span class='ocrx_word' id='word_1_641' title='bbox 753 5054 835 5101; x_wconf 90' lang='lat' dir='ltr'><strong>est</strong></span> <span class='ocrx_word' id='word_1_642' title='bbox 864 5063 880 5102; x_wconf 88' lang='lat'><strong>:</strong></span> <span class='ocrx_word' id='word_1_643' title='bbox 915 5046 1129 5118; x_wconf 82' lang='lat' dir='ltr'><strong>ignavia</strong></span> <span class='ocrx_word' id='word_1_644' title='bbox 1158 5047 1225 5101; x_wconf 87' lang='lat' dir='ltr'><strong>ad</strong></span> <span class='ocrx_word' id='word_1_645' title='bbox 1255 5050 1476 5108; x_wconf 83' lang='lat' dir='ltr'><strong>virtutis</strong></span> <span class='ocrx_word' id='word_1_646' title='bbox 1502 5053 1745 5109; x_wconf 79' lang='lat' dir='ltr'><strong>laborem</strong></span> <span class='ocrx_word' id='word_1_647' title='bbox 1780 5057 2013 5128; x_wconf 86' lang='lat' dir='ltr'><strong>impedi-</strong></span> 
     </span>
    </p>
   </div>
   <div class='ocr_carea' id='block_1_96' title="bbox 431 5141 2018 5220">
    <p class='ocr_par' dir='ltr' id='par_1_96' title="bbox 431 5141 2018 5220">
     <span class='ocr_line' id='line_1_96' title="bbox 431 5141 2018 5220; baseline 0.009 -27"><span class='ocrx_word' id='word_1_648' title='bbox 431 5148 519 5193; x_wconf 89' lang='lat' dir='ltr'><strong>tur</strong></span> <span class='ocrx_word' id='word_1_649' title='bbox 545 5144 856 5209; x_wconf 86' lang='lat' dir='ltr'><strong>quominus</strong></span> <span class='ocrx_word' id='word_1_650' title='bbox 882 5141 1029 5194; x_wconf 87' lang='lat' dir='ltr'><strong>illam</strong></span> <span class='ocrx_word' id='word_1_651' title='bbox 1046 5142 1330 5196; x_wconf 88' lang='lat' dir='ltr'><strong>colendam</strong></span> <span class='ocrx_word' id='word_1_652' title='bbox 1346 5152 1519 5200; x_wconf 87' lang='lat' dir='ltr'><strong>curet.</strong></span> <span class='ocrx_word' id='word_1_653' title='bbox 1538 5147 1731 5203; x_wconf 67' lang='lat' dir='ltr'><strong>Anima</strong></span> <span class='ocrx_word' id='word_1_654' title='bbox 1749 5150 1869 5217; x_wconf 83' lang='lat' dir='ltr'><strong>ejus</strong></span> <span class='ocrx_word' id='word_1_655' title='bbox 1890 5155 2018 5220; x_wconf 88' lang='lat' dir='ltr'><strong>quia</strong></span> 
     </span>
    </p>
   </div>
   <div class='ocr_carea' id='block_1_97' title="bbox 434 5233 2019 5311">
    <p class='ocr_par' dir='ltr' id='par_1_97' title="bbox 434 5233 2019 5311">
     <span class='ocr_line' id='line_1_97' title="bbox 434 5233 2019 5311; baseline 0.009 -24"><span class='ocrx_word' id='word_1_656' title='bbox 434 5233 487 5287; x_wconf 83' lang='lat' dir='ltr'><strong>in</strong></span> <span class='ocrx_word' id='word_1_657' title='bbox 516 5236 770 5289; x_wconf 88' lang='lat' dir='ltr'><strong>virtutem</strong></span> <span class='ocrx_word' id='word_1_658' title='bbox 821 5250 1042 5305; x_wconf 89' lang='lat' dir='ltr'><strong>operam</strong></span> <span class='ocrx_word' id='word_1_659' title='bbox 1108 5251 1217 5289; x_wconf 91' lang='lat' dir='ltr'><strong>non</strong></span> <span class='ocrx_word' id='word_1_660' title='bbox 1274 5238 1584 5307; x_wconf 75' lang='lat' dir='ltr'><strong>impendit,</strong></span> <span class='ocrx_word' id='word_1_661' title='bbox 1649 5240 1834 5311; x_wconf 92' lang='lat' dir='ltr'><strong>inopia</strong></span> <span class='ocrx_word' id='word_1_662' title='bbox 1888 5245 2019 5301; x_wconf 84' lang='lat' dir='ltr'><strong>boni</strong></span> 
     </span>
    </p>
   </div>
   <div class='ocr_carea' id='block_1_98' title="bbox 432 5327 660 5381">
    <p class='ocr_par' dir='ltr' id='par_1_98' title="bbox 432 5327 660 5381">
     <span class='ocr_line' id='line_1_98' title="bbox 432 5327 660 5381; baseline 0.004 -1"><span class='ocrx_word' id='word_1_663' title='bbox 432 5327 660 5381; x_wconf 87' lang='lat' dir='ltr'><strong>esuriet.</strong></span> 
     </span>
    </p>
   </div>
   <div class='ocr_carea' id='block_1_99' title="bbox 500 5416 2017 5488">
    <p class='ocr_par' dir='ltr' id='par_1_99' title="bbox 500 5416 2017 5488">
     <span class='ocr_line' id='line_1_99' title="bbox 500 5416 2017 5488; baseline 0.009 -17"><span class='ocrx_word' id='word_1_664' title='bbox 500 5416 666 5472; x_wconf 75' lang='lat' dir='ltr'><strong>Vens.</strong></span> <span class='ocrx_word' id='word_1_665' title='bbox 704 5417 791 5473; x_wconf 79' lang='grc'><strong>16.</strong></span> <span class='ocrx_word' id='word_1_666' title='bbox 836 5419 941 5485; x_wconf 86' lang='lat' dir='ltr'><strong>Qui</strong></span> <span class='ocrx_word' id='word_1_667' title='bbox 993 5422 1240 5488; x_wconf 64' lang='lat' dir='ltr'><strong>custodit:</strong></span> <span class='ocrx_word' id='word_1_668' title='bbox 1274 5426 1605 5488; x_wconf 78' lang='lat' dir='ltr'><strong>mandatum,</strong></span> <span class='ocrx_word' id='word_1_669' title='bbox 1652 5438 1825 5481; x_wconf 83' lang='lat' dir='ltr'><strong>servat</strong></span> <span class='ocrx_word' id='word_1_670' title='bbox 1863 5446 2017 5485; x_wconf 84' lang='lat' dir='ltr'><strong>suam</strong></span> 
     </span>
    </p>
   </div>
   <div class='ocr_carea' id='block_1_100' title="bbox 434 5511 2018 5590">
    <p class='ocr_par' dir='ltr' id='par_1_100' title="bbox 434 5511 2018 5590">
     <span class='ocr_line' id='line_1_100' title="bbox 434 5511 2018 5590; baseline 0.01 -25"><span class='ocrx_word' id='word_1_671' title='bbox 434 5516 689 5567; x_wconf 80' lang='lat' dir='ltr'><strong>animum.</strong></span> <span class='ocrx_word' id='word_1_672' title='bbox 724 5511 825 5578; x_wconf 86' lang='lat' dir='ltr'><strong>Qui</strong></span> <span class='ocrx_word' id='word_1_673' title='bbox 873 5512 967 5568; x_wconf 88' lang='lat' dir='ltr'><strong>Dei</strong></span> <span class='ocrx_word' id='word_1_674' title='bbox 1008 5513 1264 5568; x_wconf 82' lang='lat' dir='ltr'><strong>mandata</strong></span> <span class='ocrx_word' id='word_1_675' title='bbox 1309 5530 1418 5571; x_wconf 82' lang='lat' dir='ltr'><strong>non</strong></span> <span class='ocrx_word' id='word_1_676' title='bbox 1461 5520 1863 5590; x_wconf 75' lang='lat' dir='ltr'><strong>transgreditur</strong></span> <span class='ocrx_word' id='word_1_677' title='bbox 1899 5526 2018 5581; x_wconf 83' lang='lat' dir='ltr'><strong>ani-</strong></span> 
     </span>
    </p>
   </div>
   <div class='ocr_carea' id='block_1_101' title="bbox 412 5696 977 5762">
    <p class='ocr_par' dir='ltr' id='par_1_101' title="bbox 412 5696 977 5762">
     <span class='ocr_line' id='line_1_101' title="bbox 412 5696 977 5762; baseline 0.002 -12"><span class='ocrx_word' id='word_1_678' title='bbox 412 5747 421 5757; x_wconf 86' lang='grc'><strong>,</strong></span> <span class='ocrx_word' id='word_1_679' title='bbox 509 5696 779 5753; x_wconf 67' lang='lat' dir='ltr'><strong>1&quot;‘iacob.</strong></span> <span class='ocrx_word' id='word_1_680' title='bbox 817 5715 890 5762; x_wconf 86' lang='lat' dir='ltr'><strong>tv,</strong></span> <span class='ocrx_word' id='word_1_681' title='bbox 924 5699 977 5754; x_wconf 79' lang='lat'><strong>5.</strong></span> 
     </span>
    </p>
   </div>
   <div class='ocr_carea' id='block_1_102' title="bbox 2108 4506 3043 4579">
    <p class='ocr_par' dir='ltr' id='par_1_102' title="bbox 2108 4506 3043 4579">
     <span class='ocr_line' id='line_1_102' title="bbox 2108 4506 3043 4579; baseline -0.004 -14"><span class='ocrx_word' id='word_1_682' title='bbox 2108 4512 2195 4565; x_wconf 83' lang='grc' dir='ltr'><strong>διὰ</strong></span> <span class='ocrx_word' id='word_1_683' title='bbox 2227 4511 2289 4564; x_wconf 83' lang='grc' dir='ltr'>τὺ</span> <span class='ocrx_word' id='word_1_684' title='bbox 2317 4509 2604 4579; x_wconf 89' lang='grc' dir='ltr'>ἀφιλόθεον</span> <span class='ocrx_word' id='word_1_685' title='bbox 2635 4506 3043 4578; x_wconf 77' lang='grc' dir='ltr'>παροξύναντα.</span> 
     </span>
    </p>
   </div>
   <div class='ocr_carea' id='block_1_103' title="bbox 2184 4596 3672 4669">
    <p class='ocr_par' dir='ltr' id='par_1_103' title="bbox 2184 4596 3672 4669">
     <span class='ocr_line' id='line_1_103' title="bbox 2184 4596 3672 4669; baseline -0.004 -14"><span class='ocrx_word' id='word_1_686' title='bbox 2184 4608 2268 4657; x_wconf 87' lang='grc' dir='ltr'>ιε’.</span> <span class='ocrx_word' id='word_1_687' title='bbox 2292 4601 2495 4656; x_wconf 64' lang='lat' dir='ltr'><strong>Aen/lla</strong></span> <span class='ocrx_word' id='word_1_688' title='bbox 2531 4600 2771 4669; x_wconf 79' lang='grc' dir='ltr'>κατέχει</span> <span class='ocrx_word' id='word_1_689' title='bbox 2809 4598 3217 4668; x_wconf 75' lang='grc' dir='ltr'>ἀνδρόγυνον·</span> <span class='ocrx_word' id='word_1_690' title='bbox 3256 4596 3429 4667; x_wconf 55' lang='grc' dir='ltr'><strong>1ψυχὴ</strong></span> <span class='ocrx_word' id='word_1_691' title='bbox 3465 4596 3531 4650; x_wconf 81' lang='grc' dir='ltr'>δὲ</span> <span class='ocrx_word' id='word_1_692' title='bbox 3559 4597 3672 4665; x_wconf 77' lang='grc' dir='ltr'>ἀερ-</span> 
     </span>
    </p>
   </div>
   <div class='ocr_carea' id='block_1_104' title="bbox 2109 4689 3670 4768">
    <p class='ocr_par' dir='ltr' id='par_1_104' title="bbox 2109 4689 3670 4768">
     <span class='ocr_line' id='line_1_104' title="bbox 2109 4689 3670 4768; baseline -0.006 -17"><span class='ocrx_word' id='word_1_693' title='bbox 2109 4695 2244 4768; x_wconf 77' lang='grc' dir='ltr'>τοῦ,</span> <span class='ocrx_word' id='word_1_694' title='bbox 2278 4694 2575 4749; x_wconf 58' lang='lat' dir='ltr'><strong>«seniost.</strong></span> <span class='ocrx_word' id='word_1_695' title='bbox 2606 4691 2711 4745; x_wconf 79' lang='grc' dir='ltr'>Τὸν</span> <span class='ocrx_word' id='word_1_696' title='bbox 2739 4691 2817 4754; x_wconf 85' lang='grc' dir='ltr'>ὠς</span> <span class='ocrx_word' id='word_1_697' title='bbox 2854 4690 3027 4761; x_wconf 77' lang='grc' dir='ltr'>ἄνδρα</span> <span class='ocrx_word' id='word_1_698' title='bbox 3068 4691 3167 4760; x_wconf 85' lang='grc' dir='ltr'>μὲν</span> <span class='ocrx_word' id='word_1_699' title='bbox 3202 4689 3593 4762; x_wconf 84' lang='grc' dir='ltr'>θρασυνόμενον</span> <span class='ocrx_word' id='word_1_700' title='bbox 3618 4692 3670 4741; x_wconf 83' lang='grc' dir='ltr'><strong>ὲν</strong></span> 
     </span>
    </p>
   </div>
   <div class='ocr_carea' id='block_1_105' title="bbox 2112 4782 3672 4859">
    <p class='ocr_par' dir='ltr' id='par_1_105' title="bbox 2112 4782 3672 4859">
     <span class='ocr_line' id='line_1_105' title="bbox 2112 4782 3672 4859; baseline -0.004 -16"><span class='ocrx_word' id='word_1_701' title='bbox 2112 4793 2227 4854; x_wconf 85' lang='grc' dir='ltr'>τοῖς</span> <span class='ocrx_word' id='word_1_702' title='bbox 2261 4788 2559 4859; x_wconf 83' lang='grc' dir='ltr'>μοχθηροῖς</span> <span class='ocrx_word' id='word_1_703' title='bbox 2590 4785 2795 4857; x_wconf 73' lang='grc' dir='ltr'>ἔργοις,</span> <span class='ocrx_word' id='word_1_704' title='bbox 2832 4784 2928 4838; x_wconf 79' lang='grc' dir='ltr'>καὶ</span> <span class='ocrx_word' id='word_1_705' title='bbox 2959 4783 3053 4837; x_wconf 93' lang='grc' dir='ltr'><strong>τοῦ</strong></span> <span class='ocrx_word' id='word_1_706' title='bbox 3087 4783 3218 4837; x_wconf 82' lang='grc' dir='ltr'>ἰδίου</span> <span class='ocrx_word' id='word_1_707' title='bbox 3253 4782 3501 4836; x_wconf 80' lang='grc' dir='ltr'>κινδύνου</span> <span class='ocrx_word' id='word_1_708' title='bbox 3525 4799 3672 4836; x_wconf 58' lang='grc' dir='ltr'>κατα.</span> 
     </span>
    </p>
   </div>
   <div class='ocr_carea' id='block_1_106' title="bbox 2115 4875 3671 4952">
    <p class='ocr_par' dir='ltr' id='par_1_106' title="bbox 2115 4875 3671 4952">
     <span class='ocr_line' id='line_1_106' title="bbox 2115 4875 3671 4952; baseline -0.004 -17"><span class='ocrx_word' id='word_1_709' title='bbox 2115 4881 2419 4952; x_wconf 80' lang='grc' dir='ltr'>τολμῶντα,</span> <span class='ocrx_word' id='word_1_710' title='bbox 2467 4878 2789 4948; x_wconf 80' lang='grc' dir='ltr'>φειδόμενον</span> <span class='ocrx_word' id='word_1_711' title='bbox 2818 4876 2877 4929; x_wconf 81' lang='grc' dir='ltr'><strong>δὲ</strong></span> <span class='ocrx_word' id='word_1_712' title='bbox 2905 4875 3096 4940; x_wconf 88' lang='grc' dir='ltr'>αὐτοῦ,</span> <span class='ocrx_word' id='word_1_713' title='bbox 3134 4875 3391 4944; x_wconf 84' lang='grc' dir='ltr'>γυναικὸς</span> <span class='ocrx_word' id='word_1_714' title='bbox 3430 4875 3596 4943; x_wconf 79' lang='grc' dir='ltr'>δίκην,</span> <span class='ocrx_word' id='word_1_715' title='bbox 3623 4877 3671 4928; x_wconf 83' lang='grc' dir='ltr'><strong>ἐν</strong></span> 
     </span>
    </p>
   </div>
   <div class='ocr_carea' id='block_1_107' title="bbox 2117 4967 3674 5042">
    <p class='ocr_par' dir='ltr' id='par_1_107' title="bbox 2117 4967 3674 5042">
     <span class='ocr_line' id='line_1_107' title="bbox 2117 4967 3674 5042; baseline -0.004 -15"><span class='ocrx_word' id='word_1_716' title='bbox 2117 4977 2232 5037; x_wconf 85' lang='grc' dir='ltr'>τοῖς</span> <span class='ocrx_word' id='word_1_717' title='bbox 2260 4973 2471 5036; x_wconf 86' lang='grc' dir='ltr'>καλοῖς,</span> <span class='ocrx_word' id='word_1_718' title='bbox 2496 4971 2593 5024; x_wconf 74' lang='grc' dir='ltr'>καὶ</span> <span class='ocrx_word' id='word_1_719' title='bbox 2624 4968 2759 5042; x_wconf 83' lang='grc' dir='ltr'>πρὸς</span> <span class='ocrx_word' id='word_1_720' title='bbox 2781 4969 2884 5039; x_wconf 79' lang='grc' dir='ltr'>τὴν</span> <span class='ocrx_word' id='word_1_721' title='bbox 2915 4969 3055 5023; x_wconf 78' lang='grc' dir='ltr'>ἰδίαν</span> <span class='ocrx_word' id='word_1_722' title='bbox 3097 4967 3376 5039; x_wconf 84' lang='grc' dir='ltr'>σωτηρίαν</span> <span class='ocrx_word' id='word_1_723' title='bbox 3404 4967 3674 5020; x_wconf 81' lang='grc' dir='ltr'>ἀποκνευὸ-</span> 
     </span>
    </p>
   </div>
   <div class='ocr_carea' id='block_1_108' title="bbox 2125 5060 3676 5139">
    <p class='ocr_par' dir='ltr' id='par_1_108' title="bbox 2125 5060 3676 5139">
     <span class='ocr_line' id='line_1_108' title="bbox 2125 5060 3676 5139; baseline -0.006 -18"><span class='ocrx_word' id='word_1_724' title='bbox 2125 5085 2306 5139; x_wconf 87' lang='grc' dir='ltr'>μενον,</span> <span class='ocrx_word' id='word_1_725' title='bbox 2341 5069 2374 5136; x_wconf 82' lang='grc' dir='ltr'>ἠ</span> <span class='ocrx_word' id='word_1_726' title='bbox 2415 5064 2552 5136; x_wconf 80' lang='grc' dir='ltr'>πρὸς</span> <span class='ocrx_word' id='word_1_727' title='bbox 2585 5065 2678 5119; x_wconf 81' lang='grc' dir='ltr'><strong>τὸν</strong></span> <span class='ocrx_word' id='word_1_728' title='bbox 2721 5064 2885 5117; x_wconf 85' lang='grc' dir='ltr'>πόνον</span> <span class='ocrx_word' id='word_1_729' title='bbox 2915 5063 3017 5132; x_wconf 82' lang='grc' dir='ltr'>τῆς</span> <span class='ocrx_word' id='word_1_730' title='bbox 3041 5061 3247 5133; x_wconf 85' lang='grc' dir='ltr'>ἀρετῆς</span> <span class='ocrx_word' id='word_1_731' title='bbox 3298 5060 3548 5131; x_wconf 65' lang='grc' dir='ltr'>ἀτολμία,</span> <span class='ocrx_word' id='word_1_732' title='bbox 3584 5078 3676 5112; x_wconf 82' lang='grc' dir='ltr'>κω-</span> 
     </span>
    </p>
   </div>
   <div class='ocr_carea' id='block_1_109' title="bbox 2116 5150 3674 5228">
    <p class='ocr_par' dir='ltr' id='par_1_109' title="bbox 2116 5150 3674 5228">
     <span class='ocr_line' id='line_1_109' title="bbox 2116 5150 3674 5228; baseline -0.008 -14"><span class='ocrx_word' id='word_1_733' title='bbox 2116 5160 2234 5214; x_wconf 89' lang='grc' dir='ltr'>λύει</span> <span class='ocrx_word' id='word_1_734' title='bbox 2261 5159 2400 5212; x_wconf 81' lang='grc' dir='ltr'>ὥστε</span> <span class='ocrx_word' id='word_1_735' title='bbox 2428 5160 2502 5228; x_wconf 80' lang='grc' dir='ltr'>μὴ</span> <span class='ocrx_word' id='word_1_736' title='bbox 2534 5156 2920 5226; x_wconf 77' lang='grc' dir='ltr'>ἐπιμελεῖσθαι</span> <span class='ocrx_word' id='word_1_737' title='bbox 2950 5153 3097 5207; x_wconf 80' lang='grc' dir='ltr'>κατὰ</span> <span class='ocrx_word' id='word_1_738' title='bbox 3122 5152 3323 5226; x_wconf 78' lang='grc' dir='ltr'>πρᾶξιν</span> <span class='ocrx_word' id='word_1_739' title='bbox 3348 5152 3516 5220; x_wconf 71' lang='grc' dir='ltr'>αὐτῆς</span> <span class='ocrx_word' id='word_1_740' title='bbox 3534 5168 3546 5182; x_wconf 92' lang='grc'><strong>·</strong></span> <span class='ocrx_word' id='word_1_741' title='bbox 3569 5150 3674 5203; x_wconf 83' lang='grc' dir='ltr'>τού-</span> 
     </span>
    </p>
   </div>
   <div class='ocr_carea' id='block_1_110' title="bbox 2118 5243 3675 5324">
    <p class='ocr_par' dir='ltr' id='par_1_110' title="bbox 2118 5243 3675 5324">
     <span class='ocr_line' id='line_1_110' title="bbox 2118 5243 3675 5324; baseline -0.008 -19"><span class='ocrx_word' id='word_1_742' title='bbox 2118 5270 2211 5308; x_wconf 90' lang='grc' dir='ltr'><strong>του</strong></span> <span class='ocrx_word' id='word_1_743' title='bbox 2244 5250 2302 5303; x_wconf 77' lang='grc' dir='ltr'>δὲ</span> <span class='ocrx_word' id='word_1_744' title='bbox 2329 5251 2362 5320; x_wconf 86' lang='grc' dir='ltr'>ἡ</span> <span class='ocrx_word' id='word_1_745' title='bbox 2385 5248 2554 5319; x_wconf 72' lang='grc' dir='ltr'>ψυχὴ,</span> <span class='ocrx_word' id='word_1_746' title='bbox 2586 5247 2662 5309; x_wconf 84' lang='grc' dir='ltr'><strong>ὡς</strong></span> <span class='ocrx_word' id='word_1_747' title='bbox 2703 5246 2786 5324; x_wconf 65' lang='grc' dir='ltr'>μὴ</span> <span class='ocrx_word' id='word_1_748' title='bbox 2807 5246 2937 5315; x_wconf 75' lang='grc' dir='ltr'>περὶ</span> <span class='ocrx_word' id='word_1_749' title='bbox 2955 5244 3055 5315; x_wconf 79' lang='grc' dir='ltr'>τὴν</span> <span class='ocrx_word' id='word_1_750' title='bbox 3080 5244 3180 5314; x_wconf 85' lang='grc' dir='ltr'>τῆς</span> <span class='ocrx_word' id='word_1_751' title='bbox 3210 5243 3416 5315; x_wconf 77' lang='grc' dir='ltr'>ἀρετῆς</span> <span class='ocrx_word' id='word_1_752' title='bbox 3443 5243 3675 5314; x_wconf 75' lang='grc' dir='ltr'>ἐργασίαν</span> 
     </span>
    </p>
   </div>
   <div class='ocr_carea' id='block_1_111' title="bbox 2122 5334 3523 5425">
    <p class='ocr_par' dir='ltr' id='par_1_111' title="bbox 2122 5334 3523 5425">
     <span class='ocr_line' id='line_1_111' title="bbox 2122 5334 3523 5425; baseline -0.006 -27"><span class='ocrx_word' id='word_1_753' title='bbox 2122 5342 2560 5416; x_wconf 73' lang='grc' dir='ltr'>φιλοπονοῦντας,</span> <span class='ocrx_word' id='word_1_754' title='bbox 2593 5340 2821 5425; x_wconf 56' lang='grc' dir='ltr'>λιμὼξει</span> <span class='ocrx_word' id='word_1_755' title='bbox 2856 5341 2923 5409; x_wconf 85' lang='grc' dir='ltr'>τῇ</span> <span class='ocrx_word' id='word_1_756' title='bbox 2956 5336 3136 5408; x_wconf 62' lang='grc' dir='ltr'><strong>ἐνδείᾳ⁵</strong></span> <span class='ocrx_word' id='word_1_757' title='bbox 3169 5336 3264 5389; x_wconf 79' lang='grc' dir='ltr'><strong>τοῦ</strong></span> <span class='ocrx_word' id='word_1_758' title='bbox 3299 5334 3523 5404; x_wconf 79' lang='grc' dir='ltr'>ἀγαθοῦ.</span> 
     </span>
    </p>
   </div>
   <div class='ocr_carea' id='block_1_112' title="bbox 2199 5424 3674 5505">
    <p class='ocr_par' dir='ltr' id='par_1_112' title="bbox 2199 5424 3674 5505">
     <span class='ocr_line' id='line_1_112' title="bbox 2199 5424 3674 5505; baseline -0.009 -14"><span class='ocrx_word' id='word_1_759' title='bbox 2199 5442 2299 5503; x_wconf 86' lang='grc' dir='ltr'>ις’.</span> <span class='ocrx_word' id='word_1_760' title='bbox 2332 5438 2439 5498; x_wconf 84' lang='grc' dir='ltr'>Ὃς</span> <span class='ocrx_word' id='word_1_761' title='bbox 2462 5424 2771 5505; x_wconf 68' lang='grc' dir='ltr'>φυλάσσει</span> <span class='ocrx_word' id='word_1_762' title='bbox 2805 5428 3089 5497; x_wconf 71' lang='grc' dir='ltr'>ἐντολὴν,</span> <span class='ocrx_word' id='word_1_763' title='bbox 3126 5427 3291 5498; x_wconf 82' lang='grc' dir='ltr'>τηρεῖ</span> <span class='ocrx_word' id='word_1_764' title='bbox 3339 5426 3454 5493; x_wconf 72' lang='grc' dir='ltr'><strong>τὴν</strong></span> <span class='ocrx_word' id='word_1_765' title='bbox 3490 5424 3674 5479; x_wconf 80' lang='grc' dir='ltr'>ἑαυτοῦ</span> 
     </span>
    </p>
   </div>
   <div class='ocr_carea' id='block_1_113' title="bbox 2133 5518 3674 5599">
    <p class='ocr_par' dir='ltr' id='par_1_113' title="bbox 2133 5518 3674 5599">
     <span class='ocr_line' id='line_1_113' title="bbox 2133 5518 3674 5599; baseline -0.01 -14"><span class='ocrx_word' id='word_1_766' title='bbox 2133 5527 2367 5599; x_wconf 72' lang='grc' dir='ltr'><strong>ψυχήν.</strong></span> <span class='ocrx_word' id='word_1_767' title='bbox 2399 5529 2496 5591; x_wconf 84' lang='grc' dir='ltr'>Ὃς</span> <span class='ocrx_word' id='word_1_768' title='bbox 2529 5525 2603 5596; x_wconf 82' lang='grc' dir='ltr'>μὴ</span> <span class='ocrx_word' id='word_1_769' title='bbox 2634 5521 2969 5594; x_wconf 78' lang='grc' dir='ltr'>παρασαίνει</span> <span class='ocrx_word' id='word_1_770' title='bbox 2997 5519 3148 5573; x_wconf 85' lang='grc' dir='ltr'>θείαν</span> <span class='ocrx_word' id='word_1_771' title='bbox 3178 5518 3423 5591; x_wconf 67' lang='grc' dir='ltr'>ἐντολὴν,</span> <span class='ocrx_word' id='word_1_772' title='bbox 3451 5518 3674 5589; x_wconf 73' lang='grc' dir='ltr'>φυλάσσει</span> 
     </span>
    </p>
   </div>
  </div>
