3900 6228
276 409 415 472 ΗΠ

1329 411 1862 478 COMMENTARI]
1908 414 1992 475 IN
2032 411 2464 473 PROVERBIA

3395 414 3529 477 liii

269 527 371 595 τὴν
392 521 586 577 ἑαυτοῦ
611 523 786 595 ψυχὴν
811 524 921 578 ἀπὸ
947 524 1056 578 τῶν
1078 525 1541 581 ἐπιϐουλευόντων
1571 530 1742 599 ταύτῃ
1763 531 1825 583 διι

1955 542 2099 582 mam
2134 542 2287 582 suam
2335 528 2633 582 custodita
2670 530 2851 597 pravis
2892 531 3179 602 spiritibus
3219 534 3311 603 qui
3347 534 3396 588 ei
3438 552 3533 605 per

268 615 536 669 ποικίλων
565 613 774 678 παθῶν,
805 615 907 683 τῆς
935 615 1198 686 πονηρίας
1227 617 1574 687 πνευμάτων.

357 708 411 757 Ὁ
439 705 508 757 δὲ
540 705 932 774 καταφρονῶν
973 705 1093 759 τῶν
1131 705 1346 760 ἑαυτοῦ
1377 705 1554 771 ὁδῶν,
1603 708 1846 762 ἀπο.ιεῖ-

267 815 386 852 ται.
434 797 492 848 ὐ
518 796 563 849 δ’
594 796 814 867 ἀμελῶς
850 799 980 868 περὶ
1007 797 1106 862 τάς
1136 797 1289 861 θείας
1319 798 1540 861 ὲντολάς
1573 801 1851 871 διακείμε-

266 905 385 951 νος,
425 887 481 940 αἳ
514 886 669 958 δίκην
690 887 825 941 ὁδῶν
851 887 1078 957 ἄγουσιν
1106 890 1270 943 αὑτὸν
1307 891 1442 960 πρὸς
1460 891 1615 956 Θεὸν,
1656 893 1848 946 τούτου

266 981 587 1032 ἐκπεσεῖται
639 978 734 1033 τοῦ
789 981 1069 1051 πανταχοῦ
1118 982 1383 1053 παρόντος
1413 985 1507 1051 καὶ
1557 983 1627 1038 τὰ
1669 987 1849 1041 πάντα

266 1071 376 1141 πλη
386 1071 626 1142 ροῦντος.

344 1159 429 1225 ιζ’.
472 1161 732 1227 Δανείζει
784 1161 906 1228 Θεῷ
940 1164 973 1216 ὁ
1004 1160 1194 1217 ἐλεῶν
1231 1164 1489 1231 πτωχόν.
1535 1165 1595 1216 ’0
1631 1165 1848 1235 συμπά-

1954 618 2140 673 varias
2170 618 2461 687 passiones
2490 619 2851 675 insidiantur.

2024 708 2132 775 Qui
2171 717 2346 764 autem
2387 712 2601 781 negligit
2633 729 2761 767 suas
2794 715 2931 775 vias,
2955 716 3167 783 peribit.
3205 715 3308 783 Qui
3348 726 3530 771 autem

1954 799 2009 852 in
2063 800 2455 857 observatione
2492 802 2587 858 Dei
2622 806 3035 870 mandatorum,
3073 823 3195 877 qua:
3232 809 3390 878 quasi
3430 809 3534 863 vim

1951 902 2074 941 eum
2110 889 2318 946 ducunt
2354 892 2424 947 ad
2455 892 2645 958 Deum,
2680 895 2963 965 negligens
2995 905 3098 960 est,
3120 897 3332 953 deliciet
3359 914 3390 954 a
3425 898 3533 954 Deo

1952 979 2043 1048 qui
2077 982 2283 1052 ubique
2318 998 2560 1054 prazsens
2588 994 2675 1040 est
2706 994 2759 1039 et
2789 985 2976 1041 omnia
3005 986 3214 1056 implet.

2022 1157 2186 1214 Vens.
2222 1161 2308 1216 i7.
2353 1161 2650 1217 Feneratur
2693 1165 2922 1222 Domino
2965 1168 3054 1237 qui
3086 1170 3359 1223 miseretur
3397 1186 3531 1238 pau-

264 1250 418 1305 θειαν
449 1252 591 1306 κατὰ
637 1253 699 1306 τὸ
733 1254 911 1324 παρὸν
942 1255 1021 1316 είς
1061 1252 1152 1306 τὸν
1183 1252 1412 1307 πλούτου
1447 1257 1825 1312 ὲκπεπτωκὸτι

1945 1250 2108 1315 peris.
2137 1252 2313 1306 Homo
2346 1269 2493 1309 nunc
2527 1257 2964 1314 miscricordiam
2999 1262 3298 1317 ostendens
3327 1263 3378 1316 in
3405 1281 3529 1319 eum

262 1344 735 1414 ἐπιδεικνύμενος,
769 1346 861 1397 τὸν
893 1345 1024 1397 Θεὸν
1050 1346 1335 1417 χρεώστην
1366 1351 1527 1400 ποιεῖ.

335 1436 496 1490 Κατὰ
543 1436 612 1489 δὲ
643 1436 711 1489 τὸ
764 1436 918 1504 δόμα
953 1435 1144 1491 αὐτοῦ
1201 1437 1614 1492 ἀνταποδώσω
1660 1440 1838 1506 αὐτῷ.

276 1528 680 1582 Ἀνταποδῶσει
705 1528 759 1582 δὲ
786 1524 942 1592 οὗτος
957 1528 1108 1599 αὐτῷ
1132 1529 1190 1581 ἐν
1213 1531 1277 1599 τῇ
1299 1534 1503 1600 φρικτῇ
1525 1531 1692 1583 αὑτοῦ
1712 1550 1846 1604 παρ-

259 1619 441 1689 ουσίᾳ,
496 1618 681 1685 ἀξίους
724 1618 825 1687 τῆς
870 1618 1036 1673 αὑτοῦ
1077 1620 1160 1681 είς
1202 1619 1293 1671 τὸν
1348 1618 1504 1688 ἐνδεῆ
1548 1618 1843 1686 διαθέσεως

260 1710 388 1772 τοὺς
423 1707 671 1777 μισθούς.

335 1809 426 1872 ιη’.
459 1802 711 1855 Παίδευε
730 1804 863 1856 υἱόν
885 1817 1022 1856 σου·
1049 1802 1236 1868 οὕτως
1253 1802 1362 1872 γὰρ
1383 1806 1555 1860 ἔσται
1570 1807 1838 1875 εὔελπις.

1956 1340 2051 1411 qui
2083 1341 2308 1397 fortuna
2338 1346 2561 1412 excidit,
2596 1351 2927 1405 creditorem
2963 1352 3094 1407 facit
3134 1355 3324 1410 Deum.

2018 1431 2319 1490 Secundum
2347 1436 2534 1492 datum
2563 1441 2677 1509 ejus
2700 1443 2951 1498 retribuet
2977 1447 3042 1499 ei.
3080 1445 3222 1504 Deus
3255 1462 3438 1507 autem
3474 1455 3527 1508 in

1948 1526 2181 1581 terribili
2209 1543 2309 1583 suo
2339 1531 2576 1587 adventu
2598 1532 2821 1604 dignam
2839 1537 2924 1592 sui
2950 1536 3177 1596 allectus
3202 1541 3257 1595 in
3279 1553 3527 1614 egentem

1946 1619 2138 1679 reddet
2176 1625 2505 1681 mercedem.

2016 1801 2180 1857 Vens.
2208 1803 2295 1858 18.
2343 1804 2515 1860 Erudi
2540 1809 2713 1878 ﬁlium
2741 1822 2921 1879 tuum;
2949 1817 3026 1871 sic
3061 1821 3201 1873 enim
3239 1824 3340 1875 erit
3378 1824 3527 1881 bona:

257 1896 523 1965 Παραίνει
554 1896 621 1948 τὰ
644 1895 831 1948 δέοντα
857 1894 935 1964 τῷ
971 1894 1188 1966 φυσικῷ
1216 1897 1330 1948 εἴτε
1361 1894 1562 1969 καῖ’τῷ
1590 1917 1825 1970 πνευμα-

1945 1892 2073 1959 spei.
2109 1892 2290 1950 Edoce
2311 1912 2431 1965 qua:
2455 1899 2657 1955 decent
2684 1902 2856 1957 filium
2901 1914 3054 1962 tuum
3098 1911 3214 1965 sive
3249 1917 3525 1972 carnalem

254 1986 395 2055 τικῷ
426 2003 519 2039 σου
549 1985 651 2057 υἱῷ
674 2004 688 2018 ·
725 1984 978 2039 ἐντεῦθεν
1009 1986 1118 2057 γὰρ
1150 1987 1303 2059 παρά
1335 1988 1471 2042 Θεοῦ
1504 1991 1839 2060 κομίσασθαι

256 2077 471 2130 ὲλπίσει
498 2077 566 2131 τὰ
589 2076 771 2146 ἀγαθά
790 2094 802 2108 ·
835 2078 905 2130 τὰ
930 2077 1049 2147 θεῷ
1069 2079 1342 2150 εὑάρεστα
1368 2082 1621 2152 μυηθεὶς,
1653 2084 1746 2136 καὶ
1772 2087 1837 2156 τῇ

257 2171 532 2241 φιλοπόνῳ
558 2171 763 2224 τούτων
793 2170 1052 2241 ἐργασίᾳ,
1079 2172 1147 2224 τὰ
1182 2176 1241 2227 ὲν
1271 2173 1627 2242 ἐπαγγελίαις
1656 2174 1840 2244 ἀγαθά

257 2262 448 2333 ὲκδεχό
456 2279 637 2331 μενος.

322 2357 433 2419 Εἰς.
461 2353 528 2406 δὲ
554 2354 721 2422 ὕϐριν
754 2354 839 2422 μὴ
885 2354 1134 2423 sxa/pou
1164 2356 1239 2425 τῇ
1284 2358 1459 2427 ψυχῇ
1489 2376 1628 2415 σου.
1664 2362 1758 2425 Εἰς
1780 2361 1838 2415 δὲ

254 2446 318 2497 τὸ
342 2445 594 2516 ἡγεῖσθαι
619 2446 780 2498 αὑτὸν
805 2446 998 2512 κακὸν,
1033 2447 1128 2500 καὶ
1148 2448 1257 2501 ἀπὸ
1284 2448 1380 2501 σοῦ
1415 2451 1725 2517 ἐκκόπτειν,
1762 2452 1837 2524 μὴ

255 2537 489 2606 διέγειρε
521 2536 618 2607 τὴν
644 2538 826 2608 ψυχήν
862 2555 954 2590 σου
989 2540 1049 2592 ἐν
1082 2538 1158 2610 τῷ
1202 2540 1525 2611 συμϐαίνειν
1551 2543 1837 2599 λυπεῖσθαι

256 2631 336 2690 εἰς
365 2629 560 2682 αὐτόν’
596 2629 681 2682 ἵνα
717 2629 793 2700 μὴ
818 2631 1038 2695 πάντως
1069 2632 1334 2702 μισόπαις
1368 2635 1725 2706 κατακριθῇς.

323 2720 408 2774 ιθν.
447 2722 775 2791 Κακόφρων
816 2722 995 2790 ἀνὴρ,
1038 2727 1240 2779 πολλὰ
1286 2724 1732 2795 ζημιωθήσεται.
1777 2732 1836 2785 '0

252 2815 322 2869 τὰ
354 2815 542 2870 δέοντα
579 2818 655 2888 μὴ
703 2818 920 2888 φρονῶν
959 2819 1268 2891 ἄνθρωπος,
1302 2820 1396 2873 τοῦ
1443 2822 1674 2877 πλούτου
1727 2826 1835 2880 τῶν

253 2907 466 2979 ἀρετῶν
517 2896 951 2980 στερηθήσεταιέ
981 2910 1062 2963 ὅτι
1097 2911 1173 2980 μὴ
1216 2911 1439 2981 διαιρῶν
1480 2914 1541 2966 τὸ
1587 2918 1836 2985 κρεῖττον

253 2999 361 3052 ἀπὸ
385 2997 480 3052 τοῦ
526 3001 794 3072 χείρονος,
846 3003 992 3054 ποιεῖ
1016 3001 1093 3064 ὡς
1128 3000 1284 3072 ἔτυχε
1323 3002 1382 3055 τὸ
1406 3005 1606 3071 κακὸν,
1629 3006 1834 3078 ζημίαν

254 3092 619 3161 ὑφιστάμενος
647 3092 741 3146 τοῦ
768 3092 957 3148 καλοῦ.

1944 1984 2057 2039 sive
2084 1987 2447 2055 spiritualem.
2499 1991 2640 2048 llinc
2672 1996 2817 2050 enim
2857 2012 2887 2051 a
2929 1997 3039 2056 Deo
3069 2013 3352 2073 reportare
3384 2008 3525 2062 bona

1943 2065 2206 2143 speribit.
2246 2078 2315 2134 lis
2353 2096 2475 2149 qua:
2524 2081 2636 2137 Deo
2664 2085 2871 2155 placita
2926 2102 3054 2145 sunt
3107 2065 3390 2160 initiatus,
3433 2114 3526 2165 per

1941 2167 2258 2240 diligentem
2302 2189 2493 2229 eorum
2532 2177 3001 2250 adimplctionem,
3062 2188 3204 2241 bona
3249 2192 3521 2259 promissa

1942 2262 2192 2332 accipiet.

2011 2352 2096 2405 Ad
2132 2358 2504 2413 contumeliam
2535 2371 2713 2416 autem
2753 2380 2815 2419 ne
2840 2367 3057 2422 eleveris
3088 2371 3266 2426 animo
3319 2383 3430 2429 tuo.
3466 2374 3520 2429 Si

1942 2445 2157 2502 accidat
2191 2457 2249 2503 ut
2300 2466 2400 2521 per
2437 2468 2564 2507 eum
2600 2454 2795 2512 dolore
2838 2459 3115 2529 alliciaris,
3162 2479 3230 2518 ne
3276 2465 3519 2520 animum

1943 2542 2097 2591 tuum
2125 2541 2333 2597 excites
2366 2543 2434 2599 ad
2467 2544 2780 2603 ducendum
2821 2549 2977 2605 illum
3024 2554 3255 2619 malum,
3285 2572 3521 2628 eumque

1940 2636 2044 2683 ate
2066 2634 2457 2704 separandum,
2482 2653 2552 2692 ne
2568 2654 2796 2708 prorsus
2817 2643 2999 2699 odisse
3018 2660 3245 2715 puerum
3269 2664 3435 2720 argua
3446 2653 3521 2707 ris

2012 2719 2147 2776 Van.
2180 2723 2266 2779 i9.
2303 2725 2359 2780 Μ
2367 2728 2451 2783 ale
2481 2732 2719 2800 cogitans
2742 2734 2823 2786 vir
2849 2735 3019 2791 multa
3039 2737 3236 2793 damna
3259 2719 3514 2809 patietur.

1947 2809 2222 2870 Virtutum
2252 2816 2462 2877 divitiis
2501 2824 2750 2893 carebit,
2778 2827 2874 2897 qui
2906 2845 3027 2899 qua:
3048 2831 3244 2886 decent
3279 2850 3386 2890 non
3423 2852 3518 2891 co-

1941 2903 2109 2972 gitat.
2165 2905 2305 2973 Quia
2344 2924 2385 2969 ,a
2434 2917 2679 2981 pessimo
2712 2931 2824 2973 non
2870 2919 3160 2991 distinguit
3202 2928 3470 2995 Optimum
3500 2971 3516 2994 ,

1938 2996 2178 3063 malum,
2253 3010 2310 3054 ut
2357 3005 2668 3076 contingit,
2730 3019 3014 3079 operatur,
3066 3014 3329 3072 damnum
3386 3020 3516 3075 boui

1937 3086 2168 3154 patiens.
3040 3109 3044 3112 ’

328 3182 470 3236 Ἐὰν
485 3182 552 3234 δὲ
568 3187 936 3253 λοιμεύηται,
959 3185 1058 3239 καὶ
1080 3186 1193 3254 τὴν
1206 3187 1420 3258 ψυχὴν
1439 3191 1626 3246 αὐτοῦ
1645 3207 1825 3261 προσ-

2014 3175 2076 3232 Si
2103 3190 2275 3235 autent
2299 3188 2608 3256 corruperit,
2643 3197 2693 3242 et
2727 3192 2962 3247 animam
2993 3211 3145 3250 suam
3190 3200 3368 3255 addet.
3410 3203 3514 3269 Qui

254 3272 447 3339 θήσει.
497 3273 554 3326 '0
577 3273 634 3326 δὲ
668 3274 756 3329 διὰ
787 3277 1055 3347 πονηρίας
1105 3282 1445 3350 περιουσίαν,
1482 3285 1581 3354 τῆς
1632 3284 1831 3353 φθορο-

254 3364 409 3416 ποιοῦ
440 3364 605 3418 αὐτοῦ
641 3365 840 3428 κακίας
868 3370 957 3420 καὶ
984 3370 1189 3437 ἑτέροις
1220 3373 1553 3439 μεταδιδοὺς,
1587 3377 1830 3449 προσθή-

253 3473 336 3508 σει
396 3454 455 3507 τὸ
500 3456 597 3508 καὶ
657 3457 829 3527 αὐτὴν
882 3458 985 3527 τὴν
1047 3460 1183 3513 ἰδίαν
1236 3463 1583 3535 ζημιωθῆναι
1646 3465 1826 3539 ζωήν·

253 3545 667 3617 ἐκκοπτομένης
693 3546 859 3600 αὑτοῦ
885 3549 988 3618 τῆς
1016 3548 1198 3619 ψυχῆς
1229 3553 1337 3622 πρὸ
1375 3554 1546 3625 ὥρας,
1581 3557 1721 3612 ὥστε
1755 3561 1830 3632 μὴ

253 3634 624 3710 ὑπάρχεινέίς
655 3640 861 3711 βλάὅην
889 3641 1124 3699 πολλῶν.

320 3731 392 3783 κ’.
464 3731 704 3795 Ἄκουε,
739 3730 854 3795 υἱὲ,
882 3732 1165 3787 παιδείαν
1200 3737 1426 3803 πατρός
1447 3752 1585 3802 σου,
1619 3740 1717 3793 ἵνα
1757 3736 1827 3795 εὖ

250 3837 345 3874 σοι
363 3821 604 3889 γένηται
625 3823 717 3876 ἐπ’
732 3822 1008 3893 ἐσχάτων
1026 3840 1162 3889 σου.
1182 3827 1460 3901 Εὑπειθὴς
1484 3830 1595 3897 ἔσο,
1614 3833 1824 3899 τέκνον,

250 3913 367 3973 ταῖς
396 3910 530 3980 ἐμοῦ
554 3910 648 3965 τοῦ
683 3913 1009 3967 διδασκάλου
1050 3932 1143 3968 σου
1187 3917 1493 3984 νουθεσίαις
1519 3939 1532 3954 ·
1559 3922 1646 3975 ἵνα
1688 3926 1825 3994 μετὰ

248 4000 309 4053 τὸ
347 4002 692 4075 καθαρθῆναι
730 4004 923 4059 παθῶν
948 4007 1044 4059 καὶ
1079 4009 1361 4081 φωτισμὸν
1394 4005 1654 4077 δέξασθαι
1681 4017 1823 4085 γνώ-

251 4110 407 4159 σεως,
438 4093 607 4166 εὕρῃς
634 4097 693 4149 ὲν
722 4097 799 4167 τῷ
826 4099 926 4169 τῆς
959 4100 1227 4172 κινήσεώς
1259 4119 1354 4155 σου
1382 4104 1549 4169 τέλει,
1573 4108 1635 4160 τὸ
1658 4108 1826 4180 ἔσχα-

246 4202 335 4237 τον
362 4187 607 4257 ὀρεκτὸν,
634 4188 722 4241 διὰ
760 4189 821 4242 τὸ
849 4189 976 4243 νοῦν
1008 4194 1245 4263 περᾶσαι
1276 4195 1453 4261 πάντα
1477 4199 1545 4252 τὰ
1576 4200 1702 4254 ὄντα
1728 4204 1822 4257 καὶ

247 4279 323 4340 είς
358 4280 448 4331 τὸν
492 4281 699 4333 τούτων
738 4281 931 4350 αἴτιον,
964 4285 1059 4337 καὶ
1104 4286 1246 4357 ὑπὲρ
1280 4288 1453 4342 ταῦτα
1485 4292 1819 4364 ὑπάρχοντα,

247 4370 580 4439 καταντῆσαι
610 4370 762 4426 Θεόν.

1938 3275 2120 3324 autem
2154 3272 2223 3326 ob
2253 3277 2541 3343 gravitatis
2584 3294 2870 3338 excessum
2923 3286 3063 3342 alios
3106 3292 3333 3349 malitiw
3393 3314 3509 3353 suae

1936 3363 2303 3432 corruptricis
2348 3370 2643 3441 participes
2684 3374 2903 3442 ell‘ecit,
2954 3378 3118 3434 addet
3167 3386 3333 3439 etiam
3384 3407 3511 3458 pro-

1933 3454 2109 3522 priam
2154 3459 2383 3526 perdere
2432 3462 2623 3519 vitam.
2683 3468 2879 3523 Anima
2929 3470 3051 3539 ejus
3108 3483 3236 3531 ante
3294 3454 3509 3556 tempus

1932 3547 2239 3617 excidetur,
2272 3566 2341 3609 ne
2371 3556 2560 3613 multis
2588 3569 2804 3618 noceat.

2004 3722 2170 3781 Vnus.
2196 3727 2287 3819 9.0.
2332 3731 2507 3797 Audi,
2551 3736 2669 3804 ﬁli,
2710 3739 3053 3812 disciplinam
3091 3755 3409 3819 patris'tui,
3449 3772 3503 3811 ut

1932 3816 2142 3880 sapiens
2176 3818 2249 3870 sis
2301 3820 2355 3872 in
2405 3824 2707 3881 novissimis
2762 3830 2889 3889 tuis.
2936 3816 3136 3894 Docilis
3177 3851 3330 3909 esto,
3386 3846 3504 3915 ﬁli,

1932 3902 2405 3966 admonitionibus
2452 3914 2591 3972 meis
2635 3932 2774 3988 quas
2810 3927 3070 3996 praecipio
3100 3930 3222 3997 tibi,
3268 3902 3329 3987 ut
3354 3902 3506 4005 post:

1928 4010 2091 4064 quam
2154 4014 2183 4052 a
2241 4004 2591 4070 passiouibus
2677 4009 2849 4072 lueris
2915 4020 3239 4086 purilicatus
3308 4004 3504 4096 cogni-

1926 4089 2206 4162 tionisque
2275 4096 2458 4165 Lumen
2548 4107 2868 4175 acceperis,
2952 4111 3202 4170 invenias
3266 4117 3319 4171 in
3399 4122 3505 4175 line

1926 4189 2109 4239 motus
2172 4188 2281 4253 tui,
2338 4192 2666 4265 novissima]
2699 4198 3128 4270 desiderabilia,
3184 4215 3242 4258 ut
3293 4209 3502 4264 scilicet

1924 4274 2105 4327 omnia
2154 4281 2444 4346 praesentia
2498 4298 2678 4342 mente
2726 4294 3201 4364 prmtergrediens,
3255 4298 3363 4355 Deo
3408 4308 3499 4374 qui

1925 4363 2118 4420 horum
2152 4382 2316 4425 causa
2365 4384 2448 4428 est
2474 4384 2528 4430 et
2551 4379 2643 4447 qui
2678 4397 2842 4451 super
2875 4384 2990 4442 lucc
3021 4388 3204 4442 omnia
3260 4397 3497 4460 exsistit,

1923 4469 2207 4515 occurras.

313 4554 419 4600 κα’.
457 4550 677 4603 Πολλοὶ
709 4553 999 4622 λογισμοὶ
1037 4556 1105 4607 ἐν
1157 4557 1370 4624 καρδίᾳ
1417 4559 1656 4627 ἀνδρός.
1706 4562 1817 4631 Τὴν

1994 4568 2166 4627 νειιιι.
2196 4573 2284 4630 2i.
2354 4576 2543 4635 Multae
2580 4586 2926 4655 cogitationes
2974 4592 3027 4646 in
3056 4595 3214 4648 corde
3248 4600 3366 4655 viri.
3406 4601 3497 4658 Dl-

242 4640 476 4693 διάνοιαν
495 4641 588 4694 τοῦ
613 4642 902 4715 ἀνθρώπου
919 4645 1166 4716 διάφοροι
1188 4647 1522 4718 διαδέχονται
1547 4649 1813 4722 λογισμοί·

243 4729 371 4781 ποτὲ
393 4727 438 4781 δ’
459 4729 656 4801 ἐκείνῳ
683 4733 1134 4803 προστιθεμένου,
1173 4737 1264 4789 καὶ
1288 4740 1354 4809 τῇ
1379 4739 1487 4792 τῶν
1510 4739 1816 4796 ἁλλοιωτῶν

242 4819 518 4872 ἀλλοιώσει
554 4821 874 4876 συναλλοιου
883 4825 1065 4894 μένου.

316 4912 379 4965 Ἡ
412 4911 480 4964 δὲ
502 4914 708 4982 ,βουλὴ
736 4912 844 4968 τοῦ
873 4918 1100 4985 Κυρίου
1133 4923 1220 4986 εις
1262 4923 1372 4976 τὸν
1408 4924 1594 4981 αἰῶνα
1622 4927 1811 4996 μένει.

241 5002 308 5056 Τὸ
333 5004 377 5056 δ’
407 5006 499 5059 ἐπὶ
521 5008 655 5060 πᾶσι
689 5008 830 5062 θεῖον
860 5011 953 5062 καὶ
994 5014 1324 5068 Δεσποτικὸν
1356 5014 1586 5087 θέλημα,
1607 5021 1812 5090 ἀμετα-

240 5097 449 5166 κίνητον
477 5101 557 5162 εἰς
583 5101 675 5153 τὸν
699 5100 918 5155 ἅπαντα
946 5102 1193 5174 διαμένει
1213 5109 1413 5162 αἰῶνα·
1445 5111 1565 5164 ὅθεν
1591 5115 1618 5166 ὁ
1638 5115 1810 5185 τούτῳ

238 5192 594 5262 προσερείσας
625 5192 685 5244 τὸ
717 5196 819 5263 τῆς
863 5193 1043 5265 ψυχῆς
1087 5196 1261 5274 ὅμμα,
1297 5201 1391 5254 καὶ
1436 5205 1538 5274 τῆς
1578 5204 1686 5258 τῶν
1722 5224 1811 5260 κι-

234 5282 504 5351 νουμένων
542 5285 814 5355 ὑπεριδὼν
864 5270 1254 5362 ματαιότητος,
1286 5270 1502 5363 γέγονε⁷
1523 5299 1618 5353 καὶ
1646 5301 1810 5366 αὐτὸς

234 5374 493 5444 ἄτρεπτος
536 5380 603 5448 τῇ
651 5379 939 5434 ἀλλοιώσει
989 5384 1098 5439 τῶν
1136 5385 1446 5443 ἀλλοιωτῶν
1490 5390 1564 5462 μὴ
1613 5394 1808 5448 συναλ-

233 5466 366 5518 λοιού
366 5484 553 5535 μενος.

297 5558 401 5627 κβ⁸.
429 5559 668 5626 Καρπὸς
694 5563 860 5630 ἀνδρὲ
886 5565 1288 5637 ἐλεημοσύνη.
1309 5573 1665 5645 Καρποφορεῖ
1686 5577 1805 5650 Θεῷ

230 5648 526 5719 ἄνθρωπος,
581 5653 681 5720 τὴν
712 5656 848 5722 πρὸς
884 5658 1011 5720 τοὺς
1048 5663 1312 5728 ὁμοφυεῖς
1364 5668 1739 5732 συμπάθειαν’
1765 5671 1800 5740 ἦ

229 5743 335 5793 ἐστι
381 5742 534 5807 τέλος
583 5743 690 5795 τῶν
740 5746 971 5813 ἀρετῶν,
1026 5752 1100 5813 ὡς
1152 5753 1318 5822 νόμου
1366 5757 1463 5810 καὶ
1506 5761 1801 5832 προφητῶν

228 5839 509 5912 πλῄρωμα.

530 5928 803 5991 Parnm.
836 5931 953 5990 (3n.
997 5934 1159 5995 LXX
1179 5940 1218 5997 κς
1237 5934 1360 5999 Vll.

1921 4676 2092 4718 versa:
2142 4665 2197 4719 in
2241 4682 2426 4725 mente
2472 4675 2711 4732 hominis
2756 4682 3121 4751 cogitationes
3160 4687 3267 4742 sibi
3303 4706 3495 4748 succe-

1919 4751 2077 4825 dunt.
2130 4756 2444 4828 Aliquando
2491 4773 2674 4820 autem
2706 4769 2835 4826 huic
2867 4773 2945 4828 rei
2982 4775 3215 4833 intendit
3249 4784 3491 4838 animum

1916 4853 1970 4899 et
1998 4848 2163 4903 modo
2190 4855 2537 4912 mutabilium
2571 4863 2872 4920 mutatione
2904 4867 3246 4927 immutatur.

1904 4961 1927 4968 ε
1987 4938 2284 4997 Consilium
2346 4957 2522 5003 autem
2572 4952 2789 5008 Domini
2856 4958 2911 5011 in
2977 4961 3229 5014 saeculum
3292 4974 3486 5016 manet.

1916 5029 2095 5100 Super
2123 5037 2379 5094 universa
2415 5053 2596 5097 autem
2633 5046 2728 5100 Dei
2783 5063 2846 5102 ac
2886 5048 3098 5103 Domini
3135 5051 3389 5108 voluntas
3432 5056 3485 5108 in

1914 5126 2095 5178 omnia
2126 5130 2323 5183 saecula
2356 5146 2641 5201 permanet
2677 5137 2926 5192 immota.
2964 5138 3118 5194 Unde
3156 5141 3249 5210 qui
3290 5143 3485 5198 anima:

1912 5215 2129 5270 oculum
2166 5219 2294 5276 huic
2330 5224 2521 5290 allixit,
2555 5238 2817 5283 eteorum
2866 5244 2986 5297 ηυδε
3016 5242 3307 5286 moventur
3350 5249 3482 5288 con-

1911 5311 2133 5377 tempsit
2164 5314 2491 5383 vanitatem,
2533 5318 2708 5374 evasit
2734 5330 2788 5374 et
2819 5322 2937 5391 ipse
2978 5321 3239 5380 immotus
3261 5365 3275 5392 ,
3309 5336 3485 5381 muta-

1910 5396 2058 5454 tione
2092 5404 2436 5459 mutabilium
2466 5422 2575 5462 non
2610 5408 2962 5467 immutatus.

1979 5579 2142 5637 Vens.
2187 5585 2275 5638 22.
2306 5584 2542 5641 Fructus
2576 5590 2684 5644 viro
2715 5590 3067 5664 eleemosyna.
3111 5593 3223 5651 Deo
3252 5595 3485 5657 fructifi-

1905 5681 1993 5725 cat
2028 5676 2119 5743 qui
2169 5676 2222 5728 in
2256 5678 2539 5745 proximos
2568 5684 2814 5739 ostendit
2854 5685 3313 5742 misericordiam.
3358 5687 3485 5743 llaec

1902 5775 1987 5817 est
2017 5764 2281 5833 perfectio
2303 5769 2589 5841 virtutum,
2616 5783 2670 5832 et
2694 5776 2827 5843 legis
2851 5791 2914 5833 ac
2939 5785 3329 5850 prophetarum
3368 5780 3489 5869 pie:

1902 5853 2117 5912 nitudo.
3365 5880 3417 5899 ·⁴“

3054 5959 3125 6020 hii
