3900 6228
434 415 564 480 Ιίὶἕ)

1722 394 2075 456 PROCOPII
2114 395 2354 455 GAZEI

3552 392 3671 455 illi

506 519 693 573 Melior
733 521 909 568 autent
951 525 1145 582 panper
1186 508 1363 579 justus
1396 524 1551 580 quam
1583 508 1809 561 mendax
1835 508 1999 561 dit‘t’s.
2036 542 2044 569 ε

2179 506 2493 574 Ιιζρείσσων
2515 504 2583 558 δὲ
2617 504 2852 573 πτωχὸς
2882 502 3133 569 δίκαιος,
3157 505 3196 573 ἦ
3232 506 3528 571 πλούσιος
3548 508 3675 575 ψεύ-

434 612 621 665 Μι·ιὶοι·
669 616 752 663 est
807 605 897 674 qui
962 602 1191 657 scientia
1246 611 1399 654 caret
1429 610 1485 654 et
1541 598 1823 669 inculpatg
1878 598 2012 650 vivit

435 721 598 776 quam
635 705 681 759 is
711 703 803 773 qui
849 699 1077 757 scientia
1116 696 1271 751 dives
1308 709 1415 749 non
1452 691 1788 761 inculpatam
1844 704 2009 762 quam

435 817 469 872 p
491 776 687 854 omisit
715 795 826 851 Deo
853 789 1332 847 conversationem
1369 783 1636 841 ostendit.

508 972 675 1026 Vens.
706 968 796 1024 2'5.
845 968 1028 1023 Timor
1062 963 1277 1018 Domini
1307 960 1377 1015 ad
1406 960 1567 1015 vitam
1606 959 1737 1013 uiro.
1789 954 1893 1023 Qui
1945 952 2016 1007 ob

442 1064 656 1120 Domini
692 1063 944 1116 timorem
972 1058 1156 1113 divina
1186 1054 1509 1123 exsequitur
1544 1048 1824 1111 mandata,
1856 1046 1911 1100 in
1936 1046 2018 1100 eis

441 1156 646 1212 invenit
675 1154 838 1207 vitam
870 1149 1119 1222 spiritus,
1137 1148 1323 1203 lumen
1350 1144 1561 1201 scilicet
1588 1138 1946 1212 cognitionis.

514 1333 713 1389 Carens
764 1338 940 1383 autem
989 1326 1177 1379 timore
1211 1362 1226 1388 ,
1274 1322 1575 1376 morabitur
1635 1321 1694 1374 in
1748 1318 1877 1373 locis
1930 1315 2020 1371 ubi

445 1445 547 1483 non
574 1424 812 1495 invigilat
856 1421 1097 1475 scientia.
1128 1417 1233 1483 Qui
1261 1425 1441 1469 autem
1483 1412 1579 1468 Dei
1613 1412 1813 1467 timore
1848 1416 2021 1473 caret,

451 1517 761 1586 requiescet
788 1514 840 1566 in
874 1512 943 1566 iis
970 1524 1091 1580 qua:
1123 1522 1232 1563 non
1261 1506 1478 1560 ratione
1501 1503 1804 1561 secundum
1837 1503 2021 1558 scien-

448 1612 578 1663 tiam
605 1604 1011 1662 examinantur.
1038 1601 1128 1656 sed
1161 1600 1216 1654 in
1246 1597 1505 1669 operibus
1536 1594 1868 1667 iniquitatis,
1894 1609 2027 1665 ope-

449 1700 624 1763 ribus,
673 1703 733 1750 ut
769 1693 1066 1764 contingit,
1100 1688 1522 1745 occurrentibus
1563 1701 1794 1758 quorum
1827 1700 2024 1757 Opera-

2113 613 2285 663 στης.
2312 597 2561 651 Καλλίων
2591 596 2650 650 δέ
2684 597 2833 650 ἐστιν
2875 595 3061 666 ἐνδεὴς
3099 596 3353 664 γνώσεως
3382 597 3673 667 ἀμέμπτως

2115 690 2557 760 πολιτευόμενος,
2595 687 2737 759 ὑπὲρ
2781 686 2873 741 τὸν
2926 686 3263 742 πλουτοῦντα
3308 688 3459 742 κατὰ
3496 688 3677 755 γνῶσιν

2115 780 2211 835 καὶ
2235 779 2334 851 τὴν
2371 780 2663 852 ἄμεμπτον
2705 777 3007 845 πολιτείαν,
3036 780 3102 851 ἣν
3133 779 3261 852 ,Θεῷ
3293 781 3585 852 ὑπέσχετο,
3614 782 3681 852 μὴ

2116 870 2583 941 ἐπιδεικνύμενον.

2187 964 2293 1026 κγ’.
2327 959 2514 1025 Φόϐος
2561 959 2804 1028 Κυρίου,
2839 961 2928 1027 εις
2970 957 3126 1028 ζωὴν
3160 959 3352 1030 ἀνδρί.
3394 960 3457 1013 Ὃ
3491 958 3567 1029 τῷ
3600 962 3683 1013 Δε-

2121 1050 2368 1121 σποτικῷ
2417 1050 2568 1121 φόϐῳ
2594 1051 2695 1116 τὰς
2745 1050 2894 1115 θείας
2934 1052 3122 1125 τηρῶν
3168 1051 3415 1118 ἐντολὰς,
3456 1051 3686 1119 εὑρίσκει

2121 1142 2180 1194 ἐν
2203 1141 2398 1205 αὐταῖς
2420 1141 2521 1214 τὴν
2539 1141 2689 1215 ζωὴν
2715 1142 2810 1197 τοῦ
2834 1144 2951 1210 νοῦ,
2975 1145 3193 1209 πάντως
3211 1143 3301 1197 τὸν
3319 1144 3425 1215 τῆς
3452 1141 3687 1212 γνώσεως

2123 1232 2433 1303 φωτισμόν.

2205 1323 2268 1375 '0
2300 1322 2368 1376 δὲ
2400 1323 2623 1392 ἄφοϐος
2671 1324 3111 1394 αὐλισθήσεται
3136 1325 3205 1378 ἐν
3225 1325 3459 1390 τόποις,
3486 1316 3575 1389 οἷς
3593 1325 3691 1377 οὐκ

2122 1412 2449 1466 ἐπισκοπεῖ
2471 1412 2711 1483 γνῶσις.
2758 1413 2818 1469 Ὀ
2854 1413 2912 1467 δέ
2945 1414 3040 1468 τοῦ
3085 1414 3233 1468 θείου
3270 1413 3445 1484 φόϐου
3484 1415 3691 1482 ἐστερηο

2128 1504 2311 1575 μένος,
2344 1504 2865 1577 ἐπαναπαυθήσεται
2900 1508 3017 1569 τοῖς
3048 1504 3123 1577 μὴ
3154 1504 3300 1576 λόγῳ
3332 1503 3483 1559 κατά
3512 1503 3694 1572 γνῶσιν

2127 1596 2562 1669 ἐξεταζομένοις,
2614 1598 2732 1653 ἀλλ’
2772 1599 2849 1664 ὡς
2882 1598 3042 1670 ἔτυχε
3090 1599 3487 1672 προϐαίνουσιν
3532 1597 3694 1669 ἔργοις

2125 1691 2225 1761 τῆς
2254 1690 2505 1761 ἀνομίας,
2539 1688 2576 1743 ἃ
2607 1693 3130 1764 περιγεγραμμένον
3155 1692 3291 1764 μόνῃ
3320 1694 3389 1763 τῇ
3424 1689 3619 1763 πράξει
3645 1688 3695 1742 τὸ

451 1793 530 1846 tio
610 1788 831 1859 quidem
890 1787 1223 1854 voluptatem
1279 1779 1634 1835 inlimrentem
1684 1777 1873 1843 habet,
1927 1777 2020 1833 sed

2152 1781 2227 1853 ιδὺ
2260 1782 2558 1853 κέκτηνται
2603 1783 2722 1851 μετ’
2753 1784 2924 1855 αὐτὴν
2954 1784 3062 1838 ὑπὸ
3102 1784 3203 1855 τῆς
3247 1783 3447 1854 ὀδύνης
3476 1781 3693 1851 διαδεχό-

452 1897 575 1953 quae
610 1879 861 1950 sequitur
897 1876 1075 1932 dolor.
1105 1872 1260 1931 Finis
1292 1872 1440 1927 enim
1477 1884 1741 1928 sensuum
1774 1869 2025 1941 volupta-

2152 1892 2270 1929 ιενα
2291 1892 2305 1906 ·
2339 1876 2491 1939 τέλος
2527 1876 2636 1946 γὰρ
2679 1876 2777 1947 τῆς
2807 1876 2928 1932 κατ’
2966 1875 3221 1948 αἴσθησιν
3265 1875 3467 1947 ἡδονῆς
3490 1876 3525 1948 ἡ
3555 1874 3691 1943 ὀδύνη

455 1974 526 2029 tis
556 1972 737 2027 dolor.

528 2065 691 2118 Vens.
723 2060 813 2115 24.
866 2058 970 2125 Qui
1013 2056 1284 2113 abscondit
1330 2058 1385 2112 in
1428 2058 1604 2112 sinum
1650 2070 1804 2110 suum
1843 2069 2031 2108 manus

455 2158 671 2227 injuste,
693 2170 854 2225 neque
868 2153 949 2206 ori
968 2149 1176 2222 quidem
1196 2150 1489 2205 admovebit
1511 2166 1625 2205 eas.
1641 2147 1830 2215 Quiob
1847 2147 2033 2202 carnis

457 2242 695 2303 ιςιῐιοτοιιι
714 2247 767 2299 in
784 2243 1014 2298 colenda
1038 2242 1539 2311 virtute,practicas
1554 2241 1749 2295 anima:
1762 2237 2035 2309 potentias

458 2342 627 2398 stulte
657 2336 946 2397 abscondit
976 2350 1078 2392 nec
1111 2334 1234 2391 illas
1262 2333 1501 2404 explicat
1530 2331 1597 2387 ad
1628 2330 1906 2402 implenda
1938 2327 2037 2384 Dei

460 2434 757 2498 mandata,
801 2431 1043 2485 fructum
1082 2427 1305 2483 virtutis
1348 2442 1379 2481 e
1432 2441 1600 2481 carne
1651 2432 1874 2480 terrena
1924 2437 2034 2477 non

461 2525 702 2593 colliget,
731 2537 910 2593 neque
938 2520 1043 2574 hoc
1077 2518 1180 2588 ipsi
1204 2515 1615 2587 jucundissimo
1640 2512 1819 2567 fructu
1848 2520 2039 2582 pascet

464 2616 732 2670 animam:
758 2628 887 2668 caro
907 2612 1051 2667 enim
1074 2624 1195 2680 quae
1221 2607 1447 2677 iustitiae
1468 2605 1732 2676 operibus
1758 2604 1826 2657 ab
1852 2602 2037 2656 anima

464 2723 574 2764 non
604 2706 875 2761 addicitur
901 2718 1078 2773 neque
1116 2700 1430 2770 adjuvetur,
1462 2698 1584 2757 loco
1616 2695 1831 2751 fruetus
1862 2694 2039 2749 virtu-

467 2801 561 2865 tis,
617 2798 725 2869 ipsi
764 2794 972 2868 profert
1020 2792 1341 2865 iguominia‘.
1385 2790 1674 2862 passiones
1723 2802 1847 2857 quae
1889 2785 2040 2841 velut

466 2894 636 2965 spinae
668 2892 812 2950 illam
846 2874 1205 2945 conscientiae
1230 2884 1473 2941 stimulis
1501 2890 1770 2955 pungunt.

542 3155 705 3210 Vnus.
735 3153 827 3207 25.
892 3149 1180 3205 Pestilente
1228 3130 1519 3220 ﬂagellato
1551 3146 1748 3200 stultus
1814 3144 2044 3199 astutior

2133 1968 2300 2023 ἐστίν.

2205 2061 2305 2117 κδ’.
2349 2061 2404 2114 '0
2426 2061 2777 2131 ἐγκρύπτων
2803 2065 2889 2130 εις
2917 2062 3026 2117 τὸν
3046 2062 3283 2117 κόλπον
3301 2060 3495 2116 αὑτοῦ
3518 2058 3697 2129 χεῂνις

2133 2153 2373 2222 ἀδίκως,
2399 2154 2543 2211 οὐδὲ
2564 2154 2644 2221 τῷ
2662 2157 2914 2225 στόματι
2934 2157 3005 2210 οὐ
3021 2154 3107 2225 μὴ
3128 2154 3487 2225 προσαγάγῃ
3510 2151 3694 2215 αὑτάς.

2145 2247 2205 2301 '0
2246 2248 2333 2300 διὰ
2369 2246 2432 2300 τὸ
2476 2246 2620 2303 κατὰ
2664 2248 2845 2318 σάρκα
2891 2246 3149 2300 ἐπίπονον
3193 2246 3293 2315 τῆς
3329 2246 3553 2317 ἀρετῆς,
3586 2243 3700 2316 κρύ-

2136 2356 2287 2392 πτων
2318 2339 2463 2393 κατά
2514 2338 2694 2409 ψυχὴν
2734 2338 3038 2408 ἀλογίστως
3081 2336 3541 2406 τὰς.πρακτικάς
3566 2334 3698 2387 δυνά·

2141 2451 2263 2504 μεις
2297 2433 2492 2503 αὐτῆς,
2530 2432 2622 2485 καὶ
2671 2433 2745 2504 μὴ
2795 2431 3057 2486 ἐκτείνων
3098 2430 3302 2492 ταύτας
3342 2431 3427 2492 είς
3462 2427 3699 2499 ἐργασίαν

2138 2522 2244 2577 τῶν
2272 2522 2366 2575 τοῦ
2399 2521 2539 2578 Θεοῦ
2567 2522 2820 2588 ἐντολῶν,
2852 2525 2912 2574 οῦ
2942 2520 3204 2591 δρέψεται
3236 2520 3331 2574 τὸν
3368 2519 3492 2572 κατ’
3521 2517 3696 2589 ἀρετὴν

2139 2612 2351 2683 καρπὸν
2393 2612 2597 2683 γηῒνης
2620 2611 2839 2683 σαρκὸς,
2878 2611 2973 2664 καὶ
3006 2608 3135 2682 [μὴ]
3166 2609 3263 2681 τὴν
3299 2608 3503 2662 ἐαυτοῦ
3535 2606 3698 2677 θρέψει

2138 2703 2316 2776 ψυχὴν
2354 2704 2432 2774 τῷ
2466 2705 2668 2775 ἡδίστῳ
2700 2704 2839 2775 αὐτῇ
2872 2702 3061 2773 τοιῷδε
3100 2699 3299 2770 καρπῷ
3323 2716 3339 2730 ’
3375 2701 3410 2770 ή
3438 2698 3545 2767 γὰρ
3584 2695 3696 2765 σὰρξ

2141 2797 2325 2869 ἔργοις
2370 2797 2736 2865 δικαιοσύνης,
2786 2795 2891 2849 ὑπὸ
2933 2795 3037 2864 τῆς
3080 2793 3258 2863 ψυχῆς
3288 2791 3365 2861 μὴ
3401 2790 3696 2859 φιλοπονονς

2145 2888 2306 2959 μένη,
2333 2887 2453 2940 ἀντὶ
2476 2886 2569 2940 τοῦ
2602 2886 2719 2940 κατ’
2744 2884 2945 2957 ἀρετὴν
2976 2884 3216 2955 καρποῦ,
3239 2880 3526 2936 ἀνατέλλει
3550 2877 3693 2946 ταύτῃ

2142 2979 2365 3050 ἀτιμίας
2394 2978 2572 3046 πάθη,
2605 2977 2760 3047 δίκην
2791 2974 3041 3029 ἀκανθῶν
3071 2974 3148 3045 τῷ
3180 2974 3394 3044 ἐλέγχῳ
3427 2971 3521 3025 τοῦ
3548 2985 3695 3025 συνει-

2144 3072 2294 3133 δότος
2326 3068 2768 3123 κατακεντοῦντα
2797 3069 2988 3137 αὐτὴν.

2220 3170 2318 3219 κε’.
2355 3162 2577 3233 Λοιμοῦ
2603 3158 3109 3232 μαστιγουμένου,
3147 3157 3354 3227 ἄφρων·
3393 3153 3693 3223 πανοιφνό-

470 3249 555 3319 lit.
583 3246 719 3301 Cum
751 3245 840 3300 ille
869 3242 966 3314 qui
996 3241 1361 3313 eorruptricis
1408 3238 1698 3309 pravitatis
1744 3237 2044 3308 participes

2152 3275 2319 3327 τερος
2352 3257 2596 3328 γίνεται.
2631 3253 2739 3307 Τοῦ
2768 3253 2867 3323 τῆς
2899 3249 3227 3323 φθοροποιοῦ
3251 3247 3458 3312 κακίας
3486 3248 3575 3302 καὶ
3602 3244 3693 3299 ἐτέ-

471 3341 611 3395 alios
656 3337 840 3395 eﬂecit
864 3377 880 3403 ,
928 3335 1023 3391 dat
1048 3349 1243 3406 pmuas
1265 3375 1280 3402 ,
1331 3334 1526 3388 melior
1559 3332 1618 3386 tit
1648 3331 1740 3402 qui
1770 3345 1893 3401 qua:
1941 3346 2049 3385 non

471 3434 668 3489 decent
699 3430 999 3501 cogitabat,
1022 3428 1089 3483 ab
1124 3425 1534 3482 irrationalibus
1573 3424 1759 3478 anima
1792 3422 2050 3494 appetiti-

442 3576 449 3595 ,
473 3530 577 3581 bus
604 3526 918 3578 abstractus
945 3520 1014 3576 ad
1047 3518 1271 3574 meliora
1307 3515 1616 3573 contendit.

546 3617 610 3672 Si
646 3624 823 3669 autem
859 3610 1175 3679 corripueris
1208 3610 1379 3664 uirum
1404 3608 1713 3677 prudentem
1737 3648 1751 3673 ,
1798 3606 2050 3676 cogitabit

477 3723 710 3764 sensum.
766 3704 824 3760 Si
892 3712 1074 3759 autem
1140 3700 1352 3758 homini
1410 3699 1647 3770 sapienti
1703 3698 2054 3753 demonstras

478 3814 601 3855 eum
626 3811 747 3867 quae
769 3810 880 3849 non
911 3793 1200 3863 oportebat
1233 3790 1528 3848 admisisse
1553 3832 1568 3856 ,
1612 3790 1815 3846 b0num
1848 3803 1877 3842 a
1910 3787 2055 3843 malo

482 3896 627 3941 recta
654 3884 995 3940 discretione
1022 3882 1328 3953 distinguet
1354 3878 1878 3951 exprobrationibus
1906 3877 2057 3932 exci-

482 3984 630 4031 tatus
658 3976 723 4029 ad
763 3973 1166 4045 exquirendum
1202 3987 1325 4043 qua:
1355 3972 1540 4028 facere
1572 3971 1751 4027 debet.

556 4151 724 4207 Vens.
756 4150 849 4205 26.
892 4149 996 4219 Qui
1038 4149 1322 4205 inhonorat
1364 4158 1575 4220 patrem
1608 4148 1660 4204 el
1696 4146 1909 4215 expellit
1949 4162 2062 4199 ma-

488 4258 623 4301 trem
656 4261 829 4310 suam,
874 4242 1226 4313 confundetur
1266 4251 1314 4297 et
1359 4241 1742 4312 exprobrabilis
1776 4242 1897 4296 erit.
1956 4241 2058 4308 Qui

485 4339 769 4393 rmlestem
845 4334 1065 4390 Patrem
1127 4334 1430 4391 secundum
1505 4337 1741 4404 gratiam
1799 4334 2061 4403 Oper-ibus

483 4431 715 4501 justitiae
758 4443 864 4482 non
923 4428 1155 4483 honorat
1202 4434 1258 4481 et
1304 4426 1428 4495 ejus
1463 4440 1587 4495 quae
1615 4424 1669 4478 in
1693 4425 1860 4479 vitam
1908 4425 2062 4479 illum

2155 3367 2270 3420 ροις
2318 3348 2715 3418 μεταδιδόντος,
2755 3342 3192 3415 τιμωρουμένου,
3247 3339 3553 3411 βελτιοῦται
3586 3339 3611 3391 ὁ
3642 3336 3694 3387 τὰ

2158 3444 2232 3515 μὴ
2269 3443 2461 3498 δέοντα
2502 3439 2737 3512 φρονῶν,
2768 3437 3195 3507 συστελλόμενος
3232 3435 3341 3489 ἀπὸ
3389 3434 3500 3488 τῶν
3550 3430 3694 3499 ἀλογί-

2156 3554 2299 3592 στων
2323 3536 2533 3606 ὁρμῶν,
2559 3536 2652 3587 καὶ
2678 3530 3133 3599 ἐπεκτεινόμενος
3166 3526 3303 3599 πρὸς
3324 3527 3398 3582 τὰ
3422 3524 3693 3597 κρείττονα.

2237 3630 2379 3685 Ἐὰν
2400 3626 2468 3680 δὲ
2483 3625 2740 3696 ὲλέγχῃς
2756 3622 2947 3692 ἄνδρα
2961 3620 3273 3690 φρόνιμον,
3289 3618 3509 3687 νοήσει
3527 3613 3695 3677 αισθη·

2152 3739 2279 3779 σιν.
2326 3720 2452 3775 Ἐἀν
2483 3719 2539 3772 δέ
2569 3716 2864 3787 δηλοποιῇς
2901 3712 2970 3766 τὰ
3011 3710 3087 3782 μὴ
3119 3709 3328 3775 δέοντα,
3382 3704 3693 3779 πραττόμενα

2157 3811 2431 3885 ἀνθρώπῳ
2470 3809 2744 3882 ἐχέφρονι,
2787 3803 3075 3874 καταλάϐῃ
3118 3801 3417 3871 διάκρισιν,
3465 3797 3559 3869 τὴν
3588 3795 3694 3847 διαι-

2160 3906 2363 3979 ροῦσαν
2401 3903 2461 3957 τὸ
2491 3888 2735 3971 κρεῖττον
2766 3897 2874 3952 ἀπὸ
2904 3895 3000 3950 τοῦ
3032 3897 3299 3967 χείρονος,
3330 3895 3453 3956 ταῖς
3477 3886 3693 3958 ἐπιτιμή-

2163 3977 2281 4052 σεσι
2315 3993 2717 4065 διεγειροῖμενος
2746 3990 2883 4061 πρὸς
2915 3987 3015 4059 τὴν
3056 3988 3167 4043 τῶν
3190 3984 3322 4057 παρ’
3357 3982 3523 4037 αὑτοῦ
3554 3977 3693 4051 πράτο

2159 4088 2351 4145 τεσθαι
2381 4086 2683 4158 μελλόντων
2712 4081 2982 4149 ἐξέτασιν.

2233 4187 2347 4245 κςν.
2381 4179 2442 4232 '0
2466 4174 2754 4246 ἀτιμάζων
2777 4173 3024 4242 πατέρα,
3058 4171 3155 4226 καί
3182 4171 3591 4239 ἀπωθούμενος
3608 4176 3693 4231 μη·

2164 4273 2303 4341 τέρα
2329 4269 2537 4334 αὐτοῦ,
2561 4265 3175 4334 καταισχυνθήσεται.
3208 4264 3304 4317 καὶ
3325 4258 3691 4316 ἐπονείδιστος

2165 4367 2355 4420 ἔσται.
2401 4364 2459 4416 '0
2490 4361 2582 4415 τὸν
2613 4361 2670 4413 ἐν
2712 4359 2958 4429 οὐρανοῖς
3001 4356 3143 4409 κατά
3188 4354 3350 4425 χάριν
3382 4351 3603 4419 Πατέρα,
3637 4341 3690 4411 μὴ

2166 4459 2253 4515 διὰ
2282 4457 2390 4512 τῶν
2428 4455 2528 4524 τῆς
2554 4451 2901 4520 δικαιοσύνης
2940 4448 3117 4520 ἔργων
3149 4446 3345 4517 τιμῶν,
3372 4446 3467 4499 καὶ
3493 4441 3579 4511 τὴν
3600 4450 3690 4504 γεν-

490 4521 677 4589 gcnuit
734 4519 976 4573 divinam
1018 4518 1329 4572 doctrinam
1379 4515 1630 4585 repellit,
1680 4513 1748 4568 ab
1806 4515 2044 4569 omnibm

2171 4513 2349 4603 νῶσαν
2379 4513 2540 4599 αῦτδν
2563 4543 2643 4605 εἰς
2672 4540 2839 4611 ζωὴν,
2859 4513 3028 4592 θείαν⁷
3042 4513 3289 4592 παιδείαν
3316 4535 3376 4599 ἐξ
3420 4528 3595 4591 ἐαυτοῦ
3614 4526 3691 4577 ἁπ-

493 4612 801 4681 iepelletur,
831 4617 1021 4678 utpote
1046 4609 1138 4678 qui
1170 4608 1446 4664 caelestem
1474 4605 1689 4661 Patrem
1727 4607 1953 4660 mutavit
1971 4621 2068 4674 pro

492 4704 709 4760 diabolo
746 4716 909 4772 quem
942 4702 1073 4754 colit
1098 4716 1195 4771 per
1224 4701 1510 4771 passiOnes
1542 4697 1884 4770 ignominiae.

570 4930 733 4985 \‘Ens.
769 4927 863 4982 27.
898 4924 1076 4979 Filius
1124 4923 1368 4978 amittens
1408 4921 1677 4977 custodire
1726 4922 2068 4992 disciplinam

492 5026 659 5082 patris
685 5019 1029 5076 meditabitur
1054 5016 1264 5086 eloquia
1290 5015 1455 5070 mala.
1478 5014 1582 5083 Qui
1609 5030 1703 5085 per
1731 5015 1887 5070 tidem
1911 5029 1940 5066 a
1965 5013 2074 5068 Deo

495 5114 794 5170 secundum
826 5111 1056 5182 gratiam
1098 5110 1151 5162 in
1180 5106 1349 5161 ﬁlium
1391 5105 1704 5178 adoptatus,
1745 5105 1950 5163 omittit
1976 5104 2075 5159 ob-

497 5221 718 5262 servare
756 5204 851 5259 Dei
890 5212 946 5261 et
995 5203 1165 5275 patris
1192 5204 1448 5258 mandata
1515 5216 1636 5272 quae
1666 5201 1923 5256 decenter
1974 5214 2075 5253 no-

496 5309 666 5352 stram
714 5298 883 5351 vitam
927 5297 1309 5360 moderantur,
1366 5293 1643 5350 contraria
1665 5290 1954 5360 cegitabit.
1994 5288 2075 5343 Ad

497 5392 610 5445 luce
626 5389 875 5444 facienda
896 5389 1047 5442 illum
1069 5388 1301 5458 impellit
1320 5388 1550 5457 quicum
1568 5383 1795 5457 perdere
1817 5389 2074 5447 conatur,

499 5483 761 5541 inimicus
791 5483 1099 5535 animarum
1135 5487 1472 5535 nostrarum.

572 5574 732 5628 Vens.
766 5574 857 5629 28.
886 5573 990 5639 Qui
1020 5572 1236 5641 spondet
1262 5590 1481 5641 puerum
1510 5571 1891 5641 imprudentem
1913 5609 1927 5633 ,
1953 5584 2080 5621 con-

502 5667 721 5717 tnmctia
756 5665 1429 5735 a/ﬁcietjusti/icationem.
1462 5662 1570 5730 Qui
1621 5678 1822 5733 corpus
1880 5660 2076 5713 animm

2110 4690 2115 4697 .
2171 4641 2433 4703 ελαύνων,
2466 4634 2874 4706 ἐντραπήσιται
2916 4629 3068 4701 παρὰ
3101 4630 3288 4683 πᾶσιν-
3315 4627 3392 4691 ὡς
3433 4622 3520 4677 τοῦ
3554 4618 3687 4672 ἐνοίο

2070 4726 2073 4727 ν
2176 4734 2359 4805 ρανοῖς
2399 4729 2609 4800 [ἰατρὸς
2669 4722 3145 4794 ἀνταλλαξάμενος
3199 4722 3292 4775 τὸν
3343 4718 3594 4776 διάϐολον,
3625 4706 3689 4762 καὶ

2173 4824 2405 4879 πάθεσιν
2434 4820 2658 4891 ἀτιμίας
2686 4814 3011 4888 θεραπεύων
3043 4813 3228 4868 αὐτόν.

2244 4915 2347 4981 κζ’.
2386 4912 2518 4978 Υἱὸς
2536 4909 3014 4979 ἀπολειπόμενος
3039 4903 3304 4976 φυλάξαι
3331 4899 3588 4957 παιδείαν
3609 4904 3689 4981 παᾉ·

2174 4979 2332 5078 τρὺξ,
2357 5003 2678 5077 μελετήσει
2701 5001 2917 5071 ῥήσεις
2944 4997 3155 5065 κακὰς.
3198 4997 3258 5051 Ὁ
3275 4996 3364 5051 διὰ
3381 4995 3590 5049 πίστεως
3602 4979 3686 5078 9ξῴ

2177 5072 2325 5156 κατά
2350 5072 2512 5170 γὰριν
2545 5093 2901 5164 υἱοθετηθεὶς,
2933 5088 3252 5155 καταλιπὼν
3274 5088 3336 5141 τὸ
3385 5072 3685 5170 τηρῆσαι-ᾖς

2179 5193 2329 5255 θείας
2351 5159 2578 5250 ’ἐντολὰς
2610 5186 2666 5240 αἳ
2694 5159 2785 5239 τὸν
2818 5184 3085 5255 ἡμέτερον
3119 5180 3232 5250 βίον
3285 5178 3506 5237 δεόντως
3542 5159 3685 5241 ῥυθμί’

2180 5286 2354 5352 ζουσι,
2388 5280 2754 5349 διαλογίσεται
2777 5276 2845 5331 τὰ
2873 5275 3095 5329 ἐναντία
3113 5289 3130 5305 ⁸
3159 5272 3195 5327 ἃ
3222 5269 3413 5325 τοῦτον
3450 5256 3684 5352 προτρῶἷει

2181 5342 2442 5447 πράττειν
2504 5342 2562 5425 ὁ⁷
2588 5368 2883 5441 ἐπιχειρῶν
2915 5365 3182 5421 ἀπολέσαι
3206 5362 3390 5428 αὑτὸν,
3434 5353 3594 5429 ἐχθρὸς
3611 5342 3683 5398 τῶν

2182 5470 2465 5541 ἡμετέρων
2505 5464 2710 5536 ψυχῶν.

2257 5528 2370 5632 κη’..
2409 5562 2460 5612 '0
2503 5528 2876 5627 ἐγγυώμενος
2910 5551 3094 5605 παῖδα
3127 5550 3383 5618 ἄφρονα,
3433 5528 3681 5632 nam:de

2171 5652 2489 5721 ’δικαίωμα
2537 5650 2593 5701 '0
2625 5648 2683 5700 τὸ
2715 5643 3034 5708 ὑπεξούσιον
3054 5644 3118 5711 τῇ
3136 5640 3304 5709 ψυχῇ,
3329 5638 3421 5691 καὶ
3450 5627 3551 5687 καθ’
3569 5624 3680 5721 ἑαυτό

503 5706 721 5717 ..-...-....
757 5706 1429 5735 ..,,.-.-.J--..,.-....v.......
1466 5706 1570 5730 κ...
1622 5706 1822 5733 νην-η

503 5758 867 5821 mancipatum
912 5770 975 5808 ac
1028 5770 1123 5823 per
1172 5770 1230 5811 se
1281 5756 1602 5810 irrationale
1635 5757 1686 5809 in
1736 5754 1839 5808 ﬁne
1863 5752 2044 5807 virtuti

2186 5744 2376 5811 ἄλογον
2410 5741 2590 5811 σῶμα,
2622 5740 2715 5791 ἐπὶ
2739 5738 2884 5789 τέλει
2927 5732 3221 5786 ἀποδοῦναι
3272 5729 3411 5781 κατὰ
3456 5717 3615 5794 πρὶξεν
3642 5706 3680 5755 τδ

502 5844 891 5913 ρεγίέειίυιιοηι
942 5856 1291 5913 Operaturutn
1342 5846 1607 5915 spondet,
1654 5863 1751 5901 nec
1783 5845 1913 5900 illud
1958 5844 2082 5897 data

2187 5835 2339 5897 τέλοῖ
2370 5834 2468 5902 τῆς
2502 5830 2701 5901 ἀρετῆς
2724 5826 3095 5897 ἐγγυώμενος,
3131 5822 3228 5876 καὶ
3283 5821 3357 5892 μὴ
3388 5815 3515 5873 κατὰ
3541 5809 3587 5862 τὸ
3612 5816 3679 5853 κατ’
