3900 6228
291 396 418 477 ιιει

1319 407 1853 473 COMMENTARII
1897 406 1976 467 IN
2019 406 2467 469 PBOVERBIA.

3404 413 3427 478 1
3439 416 3539 483 493

291 525 389 593 ρὸν
441 518 575 591 πρὸς
616 518 718 590 τὴν
769 521 863 574 τοῦ
891 519 1058 575 καλοῦ
1088 521 1351 593 ἐργασίαν
1382 519 1666 589 διεγείρων
1701 514 1856 578 αὐτὸ,

1977 515 2117 583 mpia
2184 519 2252 570 ad
2294 513 2421 571 boni
2461 520 2834 589 operationem
2862 523 3100 589 excitat,
3148 539 3256 580 non
3313 527 3547 581 honorat

287 610 348 662 ού
397 612 531 681 τιμᾷ
569 610 661 664 τὸν
695 610 1006 667 δικαιοῦντα
1035 612 1179 666 θεῖον
1205 614 1370 684 νόμον
1398 611 1527 673 τοὺς
1558 607 1859 678 τηροῦντας

286 700 472 763 αὐτὸν,
485 701 560 765 ὡς
575 702 644 755 τὰ
658 702 716 754 ὲν
736 702 912 775 τούτῳ
928 704 1355 775 ἀπηγορευμένα
1373 699 1857 771 διαπραττόμενος.

355 793 553 859 Στόμα
598 791 668 844 δὲ
697 792 936 847 ἀσεϐῶν
969 794 1319 849 κατασείεται
1366 793 1623 861 κρίσεις.
1676 789 1785 852 Τὰς
1816 786 1860 840 δ’

286 883 581 952 ἀπολογίας
610 884 793 948 πάσας
830 886 941 940 τῶν
976 888 1053 959 μὴ
1086 888 1152 941 δι’
1181 886 1546 959 ἀγαθοεργίας
1575 884 1863 954 τιμώντων

284 974 440 1039 Θεὸν,
471 976 812 1031 οἰκειώσεται
843 979 877 1050 ή
911 982 1051 1034 κατὰ
1077 979 1139 1032 τὸ
1176 979 1369 1050 μέλλον
1422 975 1864 1045 ἁπαραλόγιστος

286 1067 467 1138 κρίσις
519 1067 709 1132 αὑτοῦ,
756 1070 899 1123 κατὰ
953 1071 1014 1125 τὸ
1043 1071 1313 1140 διελέγξαι
1344 1069 1547 1133 ταύτας
1579 1070 1659 1133 εἰς
1691 1070 1862 1125 κατά-

285 1176 467 1230 κρισιν
508 1159 616 1213 τῶν
653 1162 1111 1233 προϐαλλομένων
1166 1161 1357 1226 αὐτὰς,
1408 1162 1504 1214 καὶ
1557 1158 1862 1215 καταλῦσαι

284 1250 503 1306 ἃπασαν
531 1251 826 1323 πρόφασιν.

355 1343 461 1396 κο’.
524 1342 948 1414 Ἑτοιμάζονται
1002 1343 1367 1410 ἀκολάστοις
1394 1344 1705 1414 μάστιγες,
1761 1343 1859 1399 καὶ

282 1435 547 1504 τιμωρίαι
576 1436 797 1504 ὁμοίως
825 1434 1111 1504 ἄφροσιν.
1142 1433 1572 1507 Εὐτρεπίζονται
1593 1438 1707 1499 τοῖς
1740 1437 1861 1489 κατ’

284 1526 573 1596 ἐνέργειαν
602 1527 982 1598 ἁμαρτάνουσι
1014 1528 1332 1599 σωματικαὶ
1365 1526 1574 1582 ὀδύναι·
1606 1529 1699 1582 καὶ
1755 1527 1859 1598 ψυ-

279 1619 430 1687 χικαὶ
450 1616 716 1682 ὡσαύτως
743 1617 934 1684 λύπαι,
969 1621 1083 1683 τοῖς
1111 1618 1254 1673 κατὰ
1292 1618 1534 1673 διάνοιαν
1565 1619 1817 1673 πταίουσι
1844 1636 1857 1650 ·

281 1710 423 1764 κατὰ
456 1712 554 1784 μὲν
570 1711 629 1763 τὸ
654 1712 850 1783 παρὸν,
884 1715 1021 1784 πρὸς
1050 1713 1396 1783 ἐπιστροφὴν
1417 1715 1512 1764 καὶ
1530 1697 1818 1785 διόρθωσιν
1842 1728 1857 1744 ο

280 1802 424 1858 κατὰ
454 1802 512 1857 δὲ
536 1802 751 1874 μέλλον,
777 1804 857 1868 εἰς
884 1803 1259 1859 ἀνταπόδοσιν.

877 1934 1133 1994 ΚΕΦΑΛ.
1166 1936 1251 1989 K'.

348 2052 417 2102 α’.
462 2047 847 2114 Ἀκόλαστον,
873 2045 1066 2116 οἶνος·
1101 2048 1587 2118 καίύϐριστικὸν,
1614 2047 1785 2118 μέθη.
1804 2048 1862 2103 Ὀ

278 2134 753 2211 οἷνος,ἐπιθυμιῶν
769 2142 916 2195 ἐστιν
928 2139 1224 2206 ἀλογίστων
1242 2140 1548 2211 παραίτιος,
1563 2139 1662 2210 τὴν
1681 2140 1860 2210 σάρκα

277 2231 652 2303 ὲκθερμαίνων
683 2230 794 2286 τῶν
837 2231 914 2301 μὴ
973 2228 1277 2301 χρωμένων
1333 2229 1484 2301 αὐτῷ
1543 2227 1853 2300 ἐγκρατῶς,

278 2324 372 2377 καὶ
410 2323 698 2396 διεγείρων
762 2321 984 2386 τούτους
1029 2319 1167 2393 πρὸς
1232 2320 1409 2391 μίξεις
1435 2318 1708 2391 αἰσχράς·
1766 2319 1861 2374 καὶ

278 2414 596 2485 ἀτιμοποιὸς
630 2412 925 2485 ὑπᾶρχειή
980 2413 1142 2484 μέθη,
1204 2411 1628 2483 ἀπεργαζομένη
1677 2409 1860 2481 παραυ

279 2523 451 2576 φρονα
476 2506 566 2558 τὸν
598 2505 887 2576 μεθύοντα.
902 2538 910 2567 ,

351 2598 475 2665 Πᾶς
498 2598 567 2652 δὲ
593 2599 800 2668 ἄφρων
826 2597 1118 2663 τοιούτοις
1147 2595 1577 2666 συμπλέκεται.
1630 2597 1744 2659 Πᾶς
1802 2594 1861 2650 δὲ

276 2693 385 2756 ζῶν
418 2690 744 2759 ἀλογίστως,
771 2690 883 2754 τοῖς
911 2689 1114 2761 ὁμοίως
1134 2687 1465 2760 βλάπτουσιν
1497 2687 1860 2759 ὲμπεριστρέ-

278 2800 433 2852 φεται
445 2823 459 2837 .

350 2876 416 2945 β’.
438 2878 521 2930 Οὐ
544 2873 805 2943 διαφέρει
823 2872 1044 2941 ἀπειλή
1060 2871 1371 2939 ,βασιλέως
1386 2870 1577 2940 θυμοῦ
1588 2869 1856 2935 λέοντος.

281 2969 500 3024 Ἔοικεν
545 2969 579 3039 ἡ
635 2966 838 3038 ἀπειλὴ
893 2966 987 3020 τοῦ
1058 2961 1456 3034 παμϐασιλὲως
1506 2960 1643 3016 Θεοῦ
1703 2960 1860 3033 θυμῷ

276 3058 506 3125 λέοντος,
558 3058 723 3128 φόϐον
763 3057 997 3112 θανάτου
1029 3056 1311 3126 ἐπάγοντι.

357 3152 424 3204 '0
455 3152 521 3204 δὲ
568 3151 929 3217 παροξύνων
971 3148 1181 3214 αὑτὸν,
1237 3144 1563 3216 ἁμαρτάνει
1605 3145 1696 3210 είς
1741 3142 1858 3211 τὴν

278 3240 495 3294 ἑαυτοῦ
526 3241 753 3310 ψυχήν.
793 3239 851 3295 '0
888 3240 933 3294 δ’
963 3240 1124 3297 αὐτὸν
1163 3238 1254 3291 τὸν
1305 3237 1523 3291 πάντων
1581 3234 1860 3306 Δεσπότην

277 3328 412 3383 Θεὸν
464 3329 835 3399 παροργίζων,
889 3328 995 3382 κᾶν
1049 3329 1125 3397 μὴ
1159 3324 1482 3395 κινδυνεύσῃ
1523 3324 1667 3378 κατὰ
1700 3322 1859 3392 σῶμα

281 3417 562 3482 πολλάκις.
589 3416 663 3480 ὡς
690 3419 719 3472 ὁ
752 3417 857 3470 ὑπὸ
886 3415 980 3470 τοῦ
1008 3416 1304 3486 εἰρημένου
1346 3415 1511 3486 θηρὸς
1553 3413 1858 3484 βιϐρωσκό-

284 3527 466 3581 μενος,
497 3507 621 3562 κατ’
654 3506 823 3577 αὐτὴν
845 3505 1144 3560 κινδυνεύει
1178 3502 1277 3574 τὴν
1301 3503 1435 3556 ἰδίαν
1472 3503 1670 3574 ψυχὴν,
1724 3503 1859 3556 Θεοῦ

279 3604 378 3673 τῆς
409 3602 561 3664 ὄντος
588 3600 732 3667 ζωῆς
763 3595 1208 3668 στερισκόμενος.

350 3700 419 3762 γ’.
443 3694 600 3756 Δόξα
618 3689 814 3758 ἀνδρὶ,
847 3686 1337 3754 ἀποστρέφεσθαι
1361 3684 1686 3751 λοιδορίας.
1713 3683 1860 3755 Τιμὴ

276 3786 358 3857 τῷ
384 3784 657 3856 ἀνθρώπῳ
689 3779 828 3848 ἐστὶ,
860 3779 919 3834 τὸ
950 3780 1129 3849 μισεῖν
1155 3777 1253 3840 τὰς
1301 3777 1423 3830 κατ’
1455 3772 1631 3828 ἄλλων
1674 3772 1857 3827 διαϐο-

277 3875 702 3942 λάςοὲπαινετὸς
723 3874 831 3944 γάρ
863 3869 1057 3929 ἐστινὸ
1082 3866 1342 3930 τοιοῦτος,
1371 3866 1447 3928 ὡς
1482 3863 1567 3918 διὰ
1596 3864 1656 3917 τὸ
1681 3864 1860 3934 μισεῖν

276 3970 377 4035 τὰς
408 3969 550 4024 κατὰ
577 3966 672 4021 τοῦ
703 3964 932 4034 ἀδελφοῦ
965 3961 1252 4033 λοιδορίας.
1284 3958 1378 4012 τὸν
1406 3956 1635 4027 ἀδελφὸν
1657 3956 1734 4028 μὴ
1767 3973 1855 4027 μι-

281 4065 417 4117 σῶν·
447 4062 636 4131 ὥσπερ
664 4056 732 4115 αὖ
753 4056 952 4130 ψεκτός
986 4058 1137 4109 ἐστιν
1158 4054 1185 4106 ὁ
1209 4051 1298 4107 διὰ
1331 4051 1394 4104 τὸ
1427 4049 1503 4121 μὴ
1537 4050 1718 4120 μισεῖν
1760 4046 1861 4109 τὰς

278 4156 397 4211 κατ’
428 4152 594 4208 αὐτοῦ
615 4150 881 4221 λοιδορίας
914 4146 1101 4201 τοῦτον
1139 4142 1332 4215 μισῶν.

346 4245 473 4312 Πᾶς
493 4245 561 4297 δὲ
588 4245 792 4312 ἄφρων
806 4241 1096 4303 τοιούτοις
1127 4235 1563 4305 συμπλέκεται.
1590 4233 1687 4293 Διὰ
1703 4230 1861 4286 τοῦτο

275 4340 333 4393 δὲ
361 4340 468 4402 πᾶς
498 4339 526 4391 ὁ
552 4337 628 4406 μὴ
658 4337 800 4407 κατὰ
814 4335 972 4403 λόγον
1000 4330 1274 4396 ἐξετάζων
1300 4328 1369 4382 τὰ
1394 4326 1613 4392 ἑαυτοῦ,
1646 4326 1740 4379 καὶ
1761 4324 1860 4394 τὴν

276 4430 429 4485 δοκὸν
490 4429 695 4482 οἰκείου
734 4423 1016 4494 ὀφθαλμοῦ
1086 4423 1340 4475 ἐκϐαλεῖν
1384 4419 1654 4481 σπεύδων,
1697 4433 1860 4487 περι-

280 4524 503 4577 σκοπεῖν
532 4521 732 4575 ἐθέλων
755 4519 816 4572 τὸ
850 4520 906 4572 ὲν
933 4516 1012 4587 τῷ
1037 4515 1304 4587 ὀφθαλμῷ
1327 4514 1421 4568 τοῦ
1459 4511 1688 4580 ἀδελφοῦ
1715 4510 1854 4577 κάρ-

278 4629 395 4681 φος,
418 4612 514 4665 καὶ
530 4613 704 4680 τούτῳ
724 4609 1053 4680 ὲπεγγελᾷν.
1082 4609 1199 4669 τοῖς
1222 4606 1489 4668 τοιούτοις
1516 4603 1612 4656 ἀνθ
1622 4601 1848 4673 ρώποις,

275 4702 582 4765 διαδολεῦσι
609 4703 847 4767 πάντως,
878 4698 1395 4771 συναναστρέφεται.

346 4816 409 4872 δ’.
454 4813 916 4885 Ὀνειδιζόμενος
959 4810 1240 4880 ὀκνηρὸς,
1300 4810 1414 4864 οὐκ
1467 4807 1854 4877 αἰσχύνεται·

275 4910 562 4975 ὡσαύτως
591 4909 691 4962 καὶ
739 4911 772 4962 ό
801 4903 1211 4974 δανειῶιιενος
1242 4901 1419 4957 σῖτον
1438 4900 1508 4954 ἐν
1533 4898 1757 4968 ἁμητῷ.
1800 4897 1857 4948 '0

281 4999 520 5069 ῥᾴθυμος
548 5000 677 5069 περὶ
703 4999 802 5069 τὴν
832 4996 939 5051 τῶν
967 4996 1179 5068 ἀρετῶν
1205 4993 1489 5065 ἐργασίαν,
1523 4991 1612 5045 διὰ
1640 4989 1701 5043 τὸ
1726 4987 1857 5043 τού-

277 5105 386 5140 των
417 5088 696 5154 ἐπίπονον,
721 5088 1059 5154 ὲλεγκτικοίς
1092 5084 1272 5153 λύγοις
1314 5083 1420 5137 ὑπὸ
1474 5080 1571 5135 τοῦ
1609 5079 1861 5134 διδασκαο

278 5181 392 5235 λίου
420 5181 767 5251 βαλλόμενος,
791 5182 891 5235 οὐκ
909 5179 1175 5232 αἰδεῖται·
1201 5174 1513 5238 ἀκολούθως
1545 5173 1603 5226 δὲ
1639 5172 1733 5225 καὶ
1756 5171 1784 5222 ὁ
1802 5174 1859 5224 ὲν

280 5274 357 5345 τῷ
390 5275 637 5345 μέλλοντι
664 5272 844 5337 αἰῶνι,
880 5271 1002 5326 καθ’
1028 5271 1088 5324 ὂν
1118 5274 1174 5321 ἐν
1198 5266 1514 5338 ἀγαλλιάσει
1542 5264 1859 5332 συλλέγουσι

279 5366 388 5419 τῶν
415 5367 635 5420 οἰκείων
662 5367 844 5421 πόνων
871 5368 999 5428 τοὶς
1032 5365 1283 5437 καρποὺς
1318 5364 1368 5416 οἱ
1402 5360 1545 5416 κατὰ
1572 5360 1664 5414 τὸν
1720 5377 1862 5431 παρ-

279 5459 410 5512 όντα
443 5462 500 5511 ὲν
529 5459 762 5529 δάκρυσι
815 5458 1156 5528 σπείροντες,
1199 5459 1298 5527 τῆς
1331 5455 1463 5525 παρ’
1503 5453 1710 5522 ἑτέρων
1739 5453 1857 5504 ἐπι·

283 5549 509 5619 κουρίας
522 5548 796 5619 δεόμενος,
821 5548 961 5602 ὥστε
978 5549 1080 5620 τὴν
1104 5545 1483 5618 λιμώττουσαν
1510 5545 1619 5598 τῶν
1642 5542 1862 5611 ἀγαθῶν

284 5639 423 5691 ίδίαν
456 5638 653 5710 ψυχὴν,
678 5642 790 5705 τοῖς
822 5639 1042 5693 ἐκείνων
1065 5637 1264 5712 θρέψαι
1282 5638 1583 5707 πονήμασι,
1606 5632 1749 5686 κατὰ
1769 5635 1860 5686 τὸν

285 5731 346 5784 ὲν
367 5732 722 5800 Εὐαγγελίοις
756 5731 1029 5796 πλούσιον,
1064 5731 1277 5793 καὶτὰς
1312 5729 1502 5801 μωρὰς
1533 5725 1857 5797 παρθένους,

286 5823 573 5896 ἀνηνύτοις
611 5825 904 5895 ἐπιχειρῶν
936 5826 1035 5877 οὐκ
1061 5822 1407 5893 αἰσχύνεται·
1448 5822 1475 5873 ὁ
1530 5818 1637 5889 γὰρ
1667 5819 1724 5871 ἐν
1782 5815 1859 5885 τῷ

1964 604 2136 675 legem
2169 607 2408 661 divinam
2430 622 2553 679 quae
2586 610 2942 668 observantes
2964 630 3082 670 eam
3111 614 3397 686 justificat,
3419 623 3545 688 quia

1963 711 2084 766 quae
2112 696 2473 766 prohibentur
2501 700 2570 755 ab
2601 700 2695 755 illa
2720 714 2998 772 operatur.

2036 786 2108 843 08
2136 800 2313 842 autem
2336 792 2921 860 impiorum-devorabit
2948 796 3182 863 judicia.
3218 800 3423 856 Omnes
3452 816 3548 856 ex~

1963 874 2274 932 cusationes
2302 888 2491 932 eorum
2516 881 2608 949 qui
2638 883 2797 937 bonis
2819 885 3079 953 operibus
3109 887 3274 944 Deum
3309 906 3414 945 non
3449 892 3548 944 ho-

1965 973 2184 1031 norant,
2217 969 2454 1039 excipiet
2477 972 2777 1043 aliquando
2824 976 3110 1035 infallibile
3138 980 3255 1049 ejus
3278 982 3544 1048 judicium

1964 1056 2031 1110 ad
2082 1057 2515 1129 redarguendum
2556 1079 2652 1120 eas
2695 1066 2748 1120 in
2805 1069 3320 1127 condemnationem
3358 1089 3544 1128 eorum

1963 1147 2055 1217 qui
2092 1148 2378 1217 proferunt
2420 1168 2516 1209 eas
2561 1165 2617 1210 et
2675 1157 2744 1213 ad
2789 1160 3092 1217 tollendum
3136 1178 3352 1219 omnem
3405 1181 3543 1236 prac-
3582 1224 3591 1247 ,

1965 1248 2196 1295 textum.

2036 1329 2199 1387 Vnus.
2254 1335 2345 1390 29.
2372 1333 2646 1391 Parentur
2690 1339 3162 1411 inlemperantibns
3217 1346 3459 1417 ﬂagella,
3493 1359 3541 1402 et

1962 1422 2226 1492 supplicia
2255 1427 2502 1483 similiter
2523 1430 2964 1502 imprudentibus.
3001 1433 3271 1494 Parantur
3300 1445 3547 1512 corporis

1962 1513 2182 1570 dolores
2213 1527 2342 1572 actu
2388 1522 2764 1589 peccantibus,
2785 1524 2928 1578 sicut
2971 1533 3025 1582 et
3065 1527 3231 1581 animi
3284 1544 3549 1585 maerori-s-

1962 1604 2030 1660 iis
2069 1605 2162 1675 qui
2200 1617 2383 1665 mente
2434 1609 2748 1679 offendunt,
2799 1615 2853 1669 in
2899 1624 3144 1687 tempore
3183 1622 3438 1689 praesenti
3482 1624 3546 1675 ad

1965 1697 2381 1754 conversionem
2411 1709 2465 1755 ct
2490 1704 2950 1772 emendationem,
2972 1706 3027 1761 in
3058 1707 3243 1765 futuro
3275 1720 3455 1765 autem
3480 1713 3549 1766 ad

1963 1784 2401 1842 retributionem.

2606 1924 2758 1979 CAP.
2792 1924 2910 1980 XX.

2038 2030 2207 2089 Vens.
2244 2033 2296 2086 i.
2332 2033 2637 2089 Luxuriosa
2668 2052 2752 2090 res
2775 2075 2791 2103 ,
2827 2037 3026 2105 vinum,
3066 2048 3119 2093 et
3169 2042 3550 2096 contumeliosa

1963 2122 2212 2179 ebrietas.
2241 2123 2441 2181 Vinum
2468 2141 2692 2183 carnem
2720 2128 3122 2189 excalcfaciens
3150 2131 3547 2188 irrationalium

1963 2228 2133 2273 causa
2162 2225 2249 2271 est
2281 2218 2622 2287 appetitnum
2667 2217 2723 2272 in
2755 2218 2824 2274 iis
2858 2219 2955 2290 qui
2994 2221 3088 2276 illo
3125 2238 3235 2277 non
3269 2225 3549 2280 moderate.

1964 2314 2218 2371 utuntur,
2255 2307 2489 2379 illosque
2517 2309 2719 2365 excitat
2759 2310 2828 2366 ad
2858 2318 3050 2383 turpes
3082 2315 3412 2372 concubitus
3442 2335 3455 2369 :
3494 2328 3547 2371 et

1963 2400 2364 2457 contumeliosa
2435 2409 2520 2457 est
2560 2401 2826 2473 ebrietas,
2882 2403 3019 2478 quia
3059 2417 3328 2464 amentem
3385 2409 3549 2464 eﬂicit

1962 2491 2203 2545 ebrium.
2724 2492 2730 2500 ’

2037 2582 2227 2638 Omnis
2249 2593 2427 2655 autem
2458 2586 2713 2656 insipiens
2747 2589 2943 2645 talibus
2971 2601 3332 2647 conversatur.
3357 2590 3548 2647 Omnis

1966 2686 2153 2735 autem
2190 2677 2581 2736 irrationaliler
2613 2681 2836 2748 vivens,
2877 2682 3130 2740 similiter
3163 2684 3549 2756 insipientibus

1960 2767 2282 2829 delectatur.

2032 2854 2196 2915 Vens.
2230 2857 2283 2913 2.
2335 2857 2459 2915 Νοη
2503 2860 2683 2935 differt
2726 2866 3069 2927 comminatio
3106 2869 3243 2936 regis
3287 2885 3320 2922 a
3366 2867 3547 2936 furore

1962 2945 2147 3000 leonis.
2185 2944 2392 3003 Similis
2429 2960 2514 3006 est
2542 2952 2687 3022 regis
2717 2970 2905 3024 regum
2944 2955 3038 3011 Dei
3074 2959 3429 3016 comminatio
3463 2961 3549 3016 fu-

1968 3034 2080 3087 rori
2117 3034 2322 3102 leonis;
2358 3052 2483 3091 nam
2516 3040 2767 3097 timorem
2798 3044 2990 3099 mortis
3016 3044 3271 3100 inducit.

2034 3124 2141 3191 Qui
2172 3139 2426 3196 provocat
2464 3147 2605 3197 eum,
2636 3143 2818 3203 peccat
2852 3136 2907 3188 in
2951 3138 3187 3191 animam
3227 3156 3401 3197 suam.
3444 3142 3546 3209 Qui

1886 3209 1929 3267 C
1963 3211 2133 3269 Deum
2161 3218 2406 3272 omnium
2434 3217 2726 3275 Dominum
2749 3223 2958 3290 irritat,
2984 3226 3238 3294 quamvis
3266 3242 3411 3295 saepe
3439 3245 3549 3282 non

1964 3319 2191 3376 corpore
2214 3311 2576 3377 periclitetur,
2608 3320 2669 3371 ut
2695 3312 2785 3367 ille
2813 3315 2906 3383 qui
2935 3331 2963 3367 a
2990 3314 3217 3384 praefata
3246 3319 3422 3375 bestia
3453 3323 3551 3376 de-

1965 3407 2209 3464 voratur,
2241 3401 2421 3454 anima
2459 3404 2580 3471 ejus
2598 3406 2962 3472 periclitatur,
2995 3409 3125 3477 quia
3158 3408 3407 3477 privatur
3441 3412 3550 3467 Deo

1961 3493 2054 3561 qui
2093 3506 2224 3545 vera
2258 3493 2363 3551 vita
2389 3504 2494 3550 est.

2031 3668 2198 3727 Vens.
2231 3670 2287 3724 5.
2332 3674 2515 3727 Honor
2556 3681 2635 3725 est
2675 3672 2878 3728 homini
2922 3672 3252 3737 contemnere
3297 3680 3544 3750 injurias.

1961 3765 2150 3821 Honor
2177 3776 2261 3822 est
2287 3767 2530 3833 homini,
2561 3768 2747 3825 odisse
2775 3771 3006 3826 aliorum
3045 3774 3370 3833 calumnias.
3399 3775 3545 3833 Lau-

1960 3858 2176 3917 dandus
2204 3861 2349 3917 enim
2377 3870 2463 3916 est
2485 3861 2610 3916 talis
2627 3863 2757 3933 quia
2780 3881 2905 3919 cum
2934 3865 3122 3922 fratris
3148 3848 3383 3939 injurias
3404 3872 3539 3937 Odit,

1960 3948 2182 4006 fratrem
2195 3958 2377 4011 tamen
2391 3967 2500 4008 non
2516 3952 2650 4008 odit.
2667 3953 3136 4020 Quemadmodum
3152 3959 3547 4029 vituperandus

1958 4053 2044 4103 est
2072 4047 2164 4115 qui
2193 4046 2322 4101 dum
2371 4061 2481 4105 non
2503 4046 2696 4105 fratris
2716 4047 2833 4103 odit
2864 4049 3119 4121 injurias,
3146 4050 3369 4108 fratrem
3406 4054 3543 4108 odit.

2039 4224 2222 4279 Omnis
2262 4235 2436 4298 autem
2460 4218 2725 4294 insipiens
2764 4224 3029 4280 similibus
3067 4226 3383 4296 congnudet.
3418 4227 3544 4282 Ideo

1960 4320 2142 4375 omnis
2179 4318 2273 4389 qui
2296 4323 2459 4373 rectae
2503 4317 2704 4372 rationi
2728 4332 2882 4372 suam
2908 4320 3381 4373 conversationem
3433 4335 3542 4375 non

1961 4412 2274 4469 conformat
2303 4425 2403 4463 nec
2432 4409 2615 4464 studet
2660 4424 2724 4464 ex
2752 4410 2913 4464 oculo
2944 4425 3044 4464 suo
3081 4411 3288 4466 trabem
3323 4427 3539 4480 eruere,

1962 4502 2090 4556 dum
2115 4500 2232 4557 vult
2267 4499 2600 4568 redarguere
2620 4498 2879 4567 stipulam
2899 4499 2953 4552 in
2981 4501 3143 4554 oculo
3162 4500 3368 4568 fratris,
3391 4519 3543 4558 eum-

1959 4610 2066 4666 que
2100 4594 2355 4657 irridere,
2392 4591 2594 4647 talibus
2642 4591 2958 4647 hominibus
2998 4593 3224 4649 omnino
3278 4596 3539 4651 crimina-

1959 4687 2172 4746 toribus
2203 4692 2585 4741 conversatur.

2030 4803 2199 4859 Vnns.
2217 4804 2271 4858 4.
2293 4803 2662 4871 Exprobratus
2686 4803 2832 4873 piger
2858 4818 2963 4857 non
2987 4803 3369 4872 confunditur;
3392 4806 3541 4858 simio

1961 4897 2080 4951 liter
2109 4905 2159 4952 et
2191 4896 2280 4967 qni
2316 4895 2513 4966 [tenore
2542 4896 2733 4965 accipit
2762 4895 3084 4965 frumentum
3130 4894 3184 4948 in
3221 4912 3404 4951 messe.
3437 4895 3540 4963 Qui

1952 4988 2240 5060 negligens
2275 4995 2360 5044 est
2392 4988 2449 5042 in
2481 4988 2639 5058 praxi
2671 4985 2939 5041 virtutum
2980 4992 3205 5056 propter
3234 5001 3422 5041 earum
3465 4990 3544 5041 la-

1960 5083 2172 5144 borem,
2199 5080 2591 5151 redargutoriis
2624 5078 2870 5150 magistri
2904 5076 3083 5132 verbis
3114 5075 3402 5133 lacessitus
3432 5094 3539 5133 non

1962 5171 2270 5229 erubescit;
2310 5171 2501 5226 eodem
2533 5168 2697 5224 modo
2727 5168 2821 5237 qui
2862 5167 2916 5220 in
2948 5173 3195 5234 tempore
3234 5166 3442 5232 futuro,
3485 5169 3538 5223 in

1962 5279 2073 5333 quo
2105 5279 2227 5317 cum
2260 5261 2623 5319 exsultatione
2657 5257 2902 5312 laborum
2930 5270 3154 5310 suorum
3181 5255 3392 5313 fructus
3426 5260 3537 5314 col-

1963 5358 2139 5428 ligunt
2177 5356 2269 5426 qui
2304 5355 2357 5409 in
2409 5350 2665 5422 lacrymis
2700 5351 2752 5404 in
2795 5358 3041 5419 tempore
3081 5353 3335 5419 praesenti
3375 5356 3541 5407 semi-

1962 5456 2128 5513 nant,
2183 5444 2392 5500 auxilio
2435 5456 2624 5496 eorum
2666 5438 2873 5510 indiget
2908 5447 2966 5493 ut
3015 5454 3205 5495 eorum
3261 5441 3540 5497 laboribus

1964 5554 2119 5596 suam
2151 5536 2390 5591 animam
2419 5530 2749 5587 esurientem
2780 5529 3042 5596 enutriat,
3072 5540 3130 5583 ut
3158 5531 3210 5583 in
3253 5530 3542 5600 Evangelia

1964 5631 2138 5686 malus
2171 5627 2323 5681 dives
2369 5634 2422 5679 et
2461 5622 2623 5676 fatua:
2657 5622 2928 5691 virgines,
2965 5621 3325 5692 impossibilia
3356 5631 3543 5692 petens

1965 5738 2029 5777 ac
2062 5723 2339 5774 incassum
2385 5715 2627 5779 enitens,
2675 5729 2784 5768 non
2819 5713 3201 5770 confunditur.
3248 5714 3351 5781 Qui
3397 5717 3541 5771 enim

1966 5824 2211 5883 tempore
2243 5804 2623 5863 retributionis
2662 5805 2939 5861 erubescit
2970 5806 3128 5862 bonis
3171 5806 3422 5877 indigens
3467 5809 3551 5870 inc.-
