3900 6228
292 400 429 466 ΗΞὶῇ

1346 404 1883 468 COMMENTARII
1925 403 2004 464 ΙΝ
2049 402 2494 465 PROVERBIA.

3406 361 3544 454 ubi:

289 511 480 570 τοῦντα
514 515 759 583 τούτους,
787 519 961 588 μικρὰ
982 518 1036 572 δὲ
1062 517 1243 584 αὑτὸν,
1277 516 1573 572 κάντεῦθεν
1607 519 1703 589 τὴν
1732 519 1860 587 μίαν

2005 516 2140 571 tsius
2175 525 2450 580 auctorem
2486 521 2539 568 et
2568 511 2934 583 lcgislalorem
2959 509 3286 582 impingere,
3325 519 3538 560 ttlt'ttm-

291 605 453 676 φύσιν
477 607 741 678 μερίζειν,
775 609 866 662 καὶ
892 609 1034 663 οὕτω
1070 609 1206 680 πρὸς
1239 609 1332 664 τὸν
1359 608 1564 680 ταύτης
1589 611 1860 680 Δημιουρ-

1967 625 2072 678 que
2109 603 2476 662 abominabile
2507 615 2598 662 est.
2625 603 2767 676 apud
2809 604 3054 659 omnium
3095 601 3408 655 Dominum.
3439 599 3540 664 Qui

290 695 387 764 γὺν
410 699 500 751 καὶ
531 699 827 772 νομοθέτην
863 702 1244 773 προσκρούειν,
1273 701 1540 773 βδελύκτά
1567 703 1672 755 εἱσι
1711 701 1862 772 παρὰ

2005 705 2098 755 icit
2143 717 2210 756 ex
2250 699 2488 770 propriis
2529 697 3016 754 adinventionibus
3052 693 3446 766 implicabitur.
3482 691 3544 744 lu

290 786 370 856 τῷ
395 787 501 840 τῶν
537 789 672 842 ὅλων
703 791 950 863 Δεσπότῃ
971 791 1064 845 καὶ
1093 793 1380 864 ἀμφότερα
1399 810 1412 824 ·
1471 795 1567 847 καὶ
1615 793 1643 844 ὁ
1693 791 1863 845 ταῦτα

294 881 778 952 διαπραττόμενος,
809 885 867 938 ἐν
901 885 1018 948 ταῖς
1048 883 1323 949 τοιαύταις
1359 883 1525 937 αὐτοῦ
1583 883 1846 946 ἐπινοίαις

1974 793 2337 864 quibuscnim
2362 792 2502 848 alios
2535 790 2771 862 judicat,
2801 789 3045 859 scipsum
3096 787 3447 844 condemnat.
3487 781 3546 838 In

1973 899 2080 954 qua
2114 898 2372 940 mensura
2432 884 2676 944 metitur,
2707 879 3028 934 remetictnr
3059 879 3128 932 ei.

294 972 611 1041 προσκὸψει·
636 977 695 1028 ἐν
725 969 806 1040 οἷς
837 975 945 1048 γὰρ
972 977 1190 1050 ἐτέρους
1220 977 1420 1048 κρίνει,
1461 975 1652 1028 ἑαυτὸν
1691 977 2043 1050 κατακρίνειο
2076 977 2170 1030 καὶ
2197 969 2241 1045 ᾧ
2272 977 2456 1047 μέτρῳ
2489 973 2696 1046 μετρεῖ,
2735 970 3154 1042 μετρηθήσεται.

370 1063 706 1132 [νεανίσκος
718 1067 868 1135 μετὰ
889 1046 1085 1131 ὁσίου,
1109 1067 1206 1122 καὶ
1223 1046 1422 1122 sbdola
1436 1065 1475 1133 ἡ
1501 1064 1642 1131 ὁδὸς
1657 1046 1887 1120 αὐτοῦᾸ

2047 1067 2114 1121 Et
2149 1046 2452 1122 adolescens
2487 1082 2606 1120 cum
2654 1075 2858 1124 sancto,
2898 1071 2946 1115 et
3005 1071 3147 1115 recta
3197 1059 3282 1112 via
3322 1057 3456 1127 ejus.
3490 1053 3546 1108 Si

295 1151 358 1205 Ei
387 1155 416 1206 ὁ
435 1153 553 1220 νέος
571 1155 674 1210 ὑπὸ
699 1157 1014 1212 διδάσκαλον
1033 1157 1266 1229 ὑπάρχει
1294 1156 1679 1227 πνευματικὸν,
1702 1155 1875 1229 ὀρθῶς

2010 1159 2300 1215 dulescens
2330 1158 2433 1215 sub
2461 1157 2726 1227 magistro
2751 1155 2996 1224 sapiente
3031 1149 3363 1205 sullicientcr
3394 1146 3462 1200 ab
3483 1161 3550 1199 en

295 1245 394 1316 τὴν
417 1248 536 1301 κατ’
564 1248 762 1320 ἀρετὴν
784 1251 920 1321 πρὸς
953 1250 1086 1304 Θεὸν
1129 1251 1400 1322 φέρουσαν
1430 1249 1616 1320 τρίϐον
1647 1249 1870 1319 βαδίζει,

298 1336 389 1388 ὑπ’
424 1338 588 1392 αὐτοῦ
608 1340 833 1402 δεόντως
862 1341 1401 1412 παιδαγωγούμενος.

370 1426 458 1497 ιβ’.
493 1425 615 1495 Οὖς
633 1431 864 1494 ἀκούει,
883 1430 982 1486 καί
1003 1432 1312 1503 ὀφθαλμὸς
1333 1433 1463 1504 ὁρᾷ,
1488 1438 1706 1505 Κυρίου
1730 1435 1873 1504 ἔργα

299 1517 398 1570 καί
431 1519 757 1590 ἀμφότερα.
781 1521 940 1594 Παρὰ
991 1523 1085 1576 τοῦ
1120 1524 1399 1578 Δεσπότου
1440 1526 1549 1580 τῶν
1575 1529 1713 1581 ὅλων
1738 1525 1871 1580 Θεοῦ

1976 1251 2141 1306 fuerit
2168 1251 2468 1306 instructus
2497 1247 2564 1303 ad
2599 1257 2747 1302 recte
2779 1243 3118 1317 sequendum
3150 1242 3294 1296 viam
3329 1237 3566 1311 virtutis

1974 1357 2094 1412 quae
2123 1341 2275 1396 ducit
2310 1340 2374 1396 ad
2413 1339 2604 1393 Deum.

2049 1433 2212 1486 Vens.
2246 1432 2332 1486 i2.
2369 1432 2561 1484 Aurem
2593 1427 2890 1482 audientem
2919 1433 2968 1482 et
3011 1427 3222 1481 oculum
3271 1423 3568 1488 videntem,‘

1980 1523 2240 1578 Dominus
2280 1523 2404 1592 fecit
2437 1529 2733 1590 utrumque.
2789 1517 2992 1574 Omnes
3027 1534 3056 1572 a
3109 1517 3217 1572 Deo
3273 1515 3555 1569 universo-

303 1607 480 1672 πάσας
511 1609 609 1672 τὰς
640 1609 920 1682 αἰσθήσεις
943 1612 1202 1682 εἴληφας,
1270 1613 1554 1686 ἄνθρωπε·
1613 1611 1724 1670 οἷον
1775 1617 1874 1683 τὴν

2005 1631 2102 1670 ’11111
2137 1613 2371 1669 Domino
2420 1627 2620 1668 sensus
2654 1609 2940 1678 accepisti,
2963 1609 3148 1670 homo,
3175 1605 3372 1676 quales
3404 1603 3557 1658 audi-

300 1698 632 1771 ἅκουστικήν
663 1719 723 1754 τε
759 1703 850 1755 καὶ
867 1703 1100 1774 ὁπτικὴν
1128 1705 1225 1758 καὶ
1261 1701 1494 1778 καθεξῆς
1521 1709 1620 1772 τὰς
1649 1709 1871 1772 λοιπὰς’

1983 1716 2118 1774 tum,
2147 1708 2326 1762 visum
2353 1712 2407 1760 et
2455 1716 2702 1759 caeteros.
2761 1701 2991 1772 Oportet
3040 1699 3208 1770 igitur
3254 1707 3306 1752 te
3343 1697 3429 1752 bis
3456 1696 3558 1760 uti,

301 1789 422 1843 δέον
483 1791 575 1845 οὖν
616 1809 676 1845 σε
732 1794 968 1865 χρῆσθαι
1024 1797 1276 1866 ταύταις,
1308 1798 1384 1863 ὡς
1435 1801 1469 1870 ἡ
1503 1798 1623 1852 θεία
1684 1798 1875 1872 ἐντολὴ

2005 1797 2126 1852 .icut
2156 1795 2404 1870 praecipit
2439 1794 2534 1850 Dei
2560 1793 2903 1848 mandatum.

303 1881 545 1939 ἀπαιτεῖ.¹

375 1979 463 2039 ιγ’.
497 1973 596 2039 Μὴ
626 1972 827 2042 ἀγάπα
854 1977 1450 2050 καταλαλεῖν,ῖναμὴ
1479 1981 1757 2049 ἑξαρθῇς.
1789 1979 1879 2050 Μὴ

2052 1968 2212 2026 Vens.
2257 1969 2342 2024 15.
2381 1967 2510 2023 Noli
2540 1967 2760 2038 diligere
2783 1965 3185 2030 detractionem,
3217 1978 3278 2017 ne
3323 1959 3574 2018 totlaris.~

295 2064 552 2128 ἀσπὲιζου
585 2065 644 2120 τὸ
671 2066 850 2136 λέγειν
889 2071 1029 2125 κατά
1055 2087 1222 2134 τινος,
1253 2073 1351 2125 καὶ
1386 2073 1586 2127 διδόναι
1641 2075 1708 2144 τῇ
1741 2073 1877 2144 ἀκοῇ

2005 2055 2102 2110 doli
2133 2071 2319 2112 amare
2348 2071 2684 2127 quemquam
2709 2055 3022 2121 detrahere,
3039 2067 3141 2108 nec
3163 2053 3295 2108 dare
3321 2052 3562 2123 linguam

303 2154 398 2207 τοῦ
418 2156 709 2224 φιλοῲόγου
740 2159 838 2230 τὴν
867 2160 1122 2228 γλῶσσάν
1159 2179 1275 2216 σου⁸
1309 2163 1396 2216 ἵνα
1423 2163 1498 2235 μὴ
1527 2163 1603 2228 ὡς
1632 2164 1882 2235 βλάπτων

312 2248 410 2300 σὺν
433 2247 582 2318 αύτῷ
607 2250 701 2310 καὶ
731 2251 974 2324 ἐτέρους,
1017 2253 1370 2324 ἀνάρπαστος
1430 2255 1585 2328 γένῃ,
1639 2254 1883 2319 ὑποστὰς

307 2337 572 2406 αἰφνίδιον
599 2339 841 2411 ὄλεθρον.

375 2425 690 2492 Διάνοιξον
715 2428 784 2482 δὲ
813 2429 956 2497 τοὺς
988 2431 1334 2504 ὀφθαλμούς
1358 2451 1496 2496 σου,
1539 2436 1635 2489 καί
1654 2436 1883 2505 ἐμπλή-

309 2519 482 2582 σθητι
507 2519 724 2587 ἀρτων.
743 2521 1109 2578 Ἀναπέτασον
1131 2525 1186 2578 δὲ
1209 2525 1347 2598 πρὸς
1391 2526 1523 2580 Θεὸν
1545 2527 1645 2591 τὰς
1673 2527 1885 2599 θεωρη-

309 2607 466 2672 τικὰς
499 2609 598 2680 τῆς
654 2611 836 2682 ψυχῆς
869 2630 962 2668 σου
994 2613 1274 2686 δυνάμεις,
1298 2617 1514 2672 καὶτῶν
1543 2618 1744 2689 ταύτην
1765 2636 1890 2690 τρε-

313 2699 519 2768 φόντων
565 2701 762 2770 λογίων
813 2703 978 2758 αὑτοῦ
1016 2707 1332 2775 γνωστικῶς
1379 2709 1754 2782 ὲμφορήθητι·
1795 2710 1887 2764 τοῦ

311 2792 489 2861 λέγειν
528 2794 736 2862 κακῶς,
768 2795 828 2850 τὸ
865 2797 1158 2868 μανθάνειν
1187 2799 1392 2865 καλῶς,
1425 2803 1874 2874 προαιρούμενος.

380 2885 871 2954 Κακολογοῦντος
896 2886 1124 2957 πατέρα
1141 2889 1178 2958 ἢ
1199 2888 1450 2959 μητέρα,
1481 2895 1888 2962 σϐεσθήσεται

309 2975 614 3044 λιιμπτήρ.
657 2975 732 3029 Τὸ
757 2977 1214 3048 τῆςηθεογνωσίας
1240 2983 1423 3053 νοερὸν
1476 2984 1592 3053 φῶς
1651 2987 1890 3040 ἀποσϐε-

1985 2157 2132 2204 tuam
2170 2149 2380 2204 auditui
2415 2145 2765 2214 detractoris,
2793 2162 2864 2202 ne
2891 2161 3012 2201 cum
3043 2145 3139 2201 illo
3170 2145 3308 2200 alios
3359 2143 3564 2198 lazdcns

1985 2236 2300 2308 altripiaris,
2328 2236 2680 2309 repentinam
2712 2235 3012 2308 perniciem
3049 2233 3355 2290 subeundo.

2059 2417 2216 2488 Operi
2247 2419 2425 2474 oculos
2472 2427 2606 2486 tuos,
2633 2427 2683 2474 et
2711 2419 2926 2488 implere
2974 2415 3220 2486 panibus.
3255 2414 3475 2484 Explica
3512 2415 3565 2469 in

1987 2511 2158 2568 Deum
2193 2512 2472 2583 potentias
2519 2513 2719 2566 anima:
2769 2519 2877 2566 tua:
2934 2509 3323 2580 spcculativas,
3353 2515 3406 2565 et
3469 2521 3568 2577 per

1989 2603 2276 2658 scientiam
2303 2601 2530 2673 implere
2553 2601 2602 2672 ej
2614 2618 2676 2656 ns
2695 2601 2930 2671 eloquiis
2961 2615 3084 2670 qua:
3113 2613 3234 2653 eam
3256 2598 3568 2660 enutriunt,

1990 2697 2130 2751 bene
2153 2695 2368 2750 discere
2400 2709 2566 2766 quam
2609 2696 2751 2751 male
2793 2695 2979 2750 dicere
3013 2693 3193 2766 potius
3229 2691 3458 2748 habens.

2062 2872 2228 2929 Vens.
2265 2873 2354 2927 20.
2403 2873 2505 2939 Qui
2549 2873 2814 2928 maledicit
2852 2873 2996 2938 patri
3047 2888 3143 2926 suo
3169 2880 3217 2926 et
3258 2871 3441 2935 matri,
3475 2885 3571 2924 ea?-

1995 2965 2298 3035 stinguetur
2329 2965 2546 3020 lucerna
2605 2965 2744 3034 ejus.
2777 2964 2987 3019 Lumen
3041 2963 3420 3019 intellectuale
3476 2962 3571 3016 Dci

315 3063 574 3133 σθήσεται
597 3065 692 3126 τοῦ
743 3067 1214 3141 βλασφημοῦντος,
1245 3073 1356 3126 εἴτε
1402 3077 1483 3138 εἰς
1514 3077 1605 3130 τὸν
1635 3077 1769 3131 Θεὸν
1799 3077 1887 3133 καὶ

2005 3059 2330 3128 cognitionis
2359 3060 2744 3129 cxstinguetur
2769 3059 2823 3112 in
2859 3073 2925 3113 eo
2954 3057 3049 3127 qui
3083 3055 3568 3126 blasphematsivu

314 3119 529 3226 Πατέρα
549 3175 560 3186 ·
588 3159 646 3211 ἐν
667 3119 1064 3234 τῷῗτολιέηρῶς
1094 3119 1297 3232 λέγειν,
1336 3167 1412 3237 μὴ
1437 3119 1573 3234 ὅλως
1603 3119 1887 3226 εἶναιΘεδν

2005 3147 2052 3202 in
2074 3147 2240 3204 Deum
2261 3160 2317 3206 et
2336 3158 2544 3220 patrem
2569 3147 2807 3206 dicendo
2837 3149 3102 3204 audacter
3122 3163 3232 3202 non
3256 3162 3380 3202 esse
3405 3146 3572 3202 Deum

313 3245 408 3298 τοῦ
442 3248 640 3312 παντὸς
668 3250 874 3307 αἴτιονο
913 3255 1026 3307 εἴτε
1059 3255 1140 3319 είς
1167 3257 1265 3325 τὴν
1303 3259 1668 3316 ἐνυπόστατον
1726 3261 1891 3316 αὑτοῦ

316 3337 532 3406 σοφίαν,
581 3341 646 3394 δι’
715 3337 785 3412 ἧς
831 3345 1046 3415 ὑπέστη
1097 3365 1156 3401 τε
1213 3351 1308 3404 καὶ
1356 3351 1452 3422 τῆς
1505 3354 1895 3424 προσηκούσης

317 3427 563 3493 ἀξιοῦται
635 3433 892 3502 προνοίας
944 3433 1005 3487 τὸ
1066 3439 1210 3502 πᾶν,
1269 3441 1326 3493 ἐν
1380 3440 1460 3510 τῷ
1519 3442 1896 3513 ἀναισχύντως

317 3523 568 3593 φάσκειν,
620 3527 696 3598 μὴ
743 3527 972 3594 δεόντως
1024 3531 1186 3585 τοῦτο
1219 3533 1310 3586 ὑπ’
1356 3535 1523 3590 αὐτοῦ
1568 3537 1703 3591 Θεοῦ
1752 3539 1897 3605 διεξ-

321 3616 580 3686 ἀγεσθαι,

377 3714 452 3766 Αἱ
472 3712 541 3764 δὲ
560 3713 728 3783 κόραι
754 3713 871 3768 τῶν
891 3715 1215 3786 ὀφθαλμῶν
1255 3717 1443 3773 αὐτοῦ
1479 3719 1733 3788 ὄψονται
1753 3726 1898 3778 σκό-

317 3821 438 3872 τος.
476 3805 612 3860 Αίδ⁵
639 3807 860 3860 όπτικαὶ
880 3807 980 3878 τῆς
1016 3809 1199 3879 ψυχῆς
1262 3810 1427 3865 αὐτοῦ
1479 3811 1758 3882 δυνάμεις,
1806 3815 1898 3868 τὸν

319 3897 511 3962 σκότος
553 3897 683 3952 ὅντα
743 3901 838 3954 καὶ
865 3899 980 3970 φῶς
1013 3897 1154 3955 εἶναι
1191 3903 1618 3974 ὑποκρινόμενον
1643 3904 1894 3976 δαίμονα,

319 3990 463 4046 κατὰ
492 3990 699 4062 πλάνην
727 3992 803 4056 ὡς
831 3991 949 4062 φῶς
973 3993 1327 4060 ὑποδέξονται
1345 4011 1359 4026 ·
1399 3996 1897 4068 κάντεῦθενλέμπεο

321 4085 497 4143 σείται,
520 4085 548 4138 ὁ
577 4083 818 4148 τοιοῦτος
841 4087 922 4148 εἰς
955 4085 1186 4156 ἀγνοίας
1225 4090 1526 4160 κρημνοὺς,
1556 4091 1651 4148 καὶ
1697 4093 1898 4157 κακίας

322 4173 590 4248 βάραθρα.

388 4273 495 4320 καθ.
519 4266 699 4335 Μερίς
725 4267 1282 4339 ἐπισπουδαζομένη
1302 4271 1371 4326 ἐν
1392 4273 1666 4342 πρώτοις,
1687 4275 1756 4329 ἐν
1773 4275 1896 4342 τοῖς

317 4361 682 4424 τελευταίοις
732 4361 844 4414 οὐκ
883 4361 1376 4430 εὐλογηθήσεται.
1453 4365 1514 4417 Ἦ
1562 4369 1694 4437 παρ’
1737 4368 1898 4438 ἡμῶν

2001 3238 2245 3296 universi
2271 3241 2630 3312 principium,
2655 3239 2774 3295 sive
2802 3239 2857 3294 in
2883 3237 3306 3294 substantialem
3335 3237 3456 3307 ejus
3480 3252 3573 3292 sa-

1999 3332 2262 3402 pientiam
2291 3346 2412 3401 qua:
2439 3329 2691 3385 condidit
2717 3331 2987 3386 universa
3015 3313 3421 3402 et-congruenti
3449 3344 3577 3399 pro-

1998 3421 2238 3476 videntia
2256 3435 2442 3491 regere
2465 3421 2741 3492 dignatur,
2766 3419 2886 3474 sine
2914 3418 3125 3490 pudore
3159 3419 3396 3474 dicendo
3417 3434 3579 3472 mun-

2000 3514 2131 3569 dum
2166 3513 2489 3569 universum
2525 3527 2634 3567 non
2689 3511 3032 3568 suﬂicienter
3082 3509 3152 3566 ab
3204 3511 3324 3582 ipso
3353 3509 3576 3564 ordina—

2001 3613 2138 3662 tum.
2695 3605 2710 3618 ’

2071 3695 2302 3762 Pupilla:
2333 3703 2509 3749 autem
2544 3693 2821 3749 oculorum
2868 3694 2984 3762 ejus
3020 3693 3266 3772 videbunt
3313 3695 3574 3750 tenebras.

2001 3786 2213 3840 Animae
2245 3793 2428 3842 autem
2449 3786 2572 3856 ejus
2603 3785 2834 3841 visionis
2868 3787 3128 3854 potentiae
3159 3786 3436 3841 diabolum
3482 3788 3578 3855 qui

2001 3877 2242 3932 tenebrae
2291 3885 2375 3934 est
2429 3877 2704 3932 et-lumen
2759 3891 2820 3931 se
2872 3890 2998 3932 esse
3055 3877 3317 3942 simulat,
3355 3893 3450 3948 per
3492 3893 3580 3932 er-

2001 3985 2177 4024 rorem
2207 3978 2270 4026 ttt
2297 3971 2490 4025 lumen.
2509 3969 2798 4040 accipient.
2819 3969 2886 4025 Et
2908 3968 3108 4024 exinde
3132 3969 3395 4026 cadetille
3424 3971 3480 4026 in
3501 3971 3580 4041 ig-

2001 4063 2280 4118 norantiae
2303 4063 2690 4136 prazeipitium,
2724 4073 2780 4120 et
2814 4063 2868 4119 in
2899 4063 3020 4118 vitii
3055 4064 3337 4138 abyssum.

2070 4251 2235 4309 Vnus.
2265 4253 2356 4307 2|.
2390 4251 2526 4306 Pars
2562 4243 2818 4321 festinata
2852 4253 2905 4306 in
2937 4253 3150 4322 primis,
3182 4253 3235 4306 in
3277 4251 3576 4306 novissimis

1999 4364 2100 4402 non
2155 4347 2504 4402 benedicetur.
2549 4346 2814 4418 Voluptas
2854 4363 3018 4418 quam
3059 4349 3111 4402 in
3163 4349 3454 4419 juventutc
3506 4350 3577 4402 ob

319 4449 594 4520 ἐπιμελῶς
625 4449 934 4523 ζητουμένη
966 4452 1052 4506 διὰ
1079 4455 1380 4525 νηπιότητα
1415 4455 1648 4527 φρενῶν,
1681 4459 1744 4510 ἐκ
1777 4459 1887 4512 νεό·

2005 4441 2265 4496 mentium
2297 4439 2582 4494 infantiam
2616 4455 2740 4494 cum
2767 4439 2964 4496 ardore
2993 4441 3313 4511 quaerimus,
3339 4457 3457 4497 eam
3484 4457 3580 4512 per

315 4558 478 4612 τητος
499 4541 694 4612 ἡδονὴ,
710 4543 1044 4616 μεριζομένη
1075 4547 1184 4599 ἀπὸ
1211 4547 1310 4617 τῆς
1339 4547 1532 4617 ὀδύνης
1557 4549 1679 4602 κατ’
1701 4549 1895 4620 αἴσθη-

319 4649 426 4696 σιν,
447 4632 541 4685 καὶ
559 4633 970 4705 προαιρουμένη
989 4633 1086 4690 τοῦ
1111 4635 1376 4689 ἐπιπόνου
1401 4635 1499 4704 τῆς
1530 4635 1733 4706 ἀρετῆς
1755 4637 1896 4690 κατὰ

315 4721 542 4793 γνώμην
571 4721 752 4793 ἡμῶν,
785 4723 924 4795 πρὸς
963 4725 1024 4778 τὸ
1053 4725 1206 4790 τέλος
1262 4725 1476 4798 ὁρώσης
1531 4727 1764 4798 ταυτησὶ
1795 4727 1897 4798 τῆς

318 4814 591 4884 ἡμετέρας
625 4815 800 4885 ζωῆς,
844 4816 943 4870 οὐκ
973 4815 1394 4888 ἐπαινεθήσεται
1427 4816 1534 4870 ὑπὸ
1584 4816 1683 4870 τοῦ
1711 4817 1892 4884 λόγου,

292 4907 699 4984 ἀνδρωθέντος,
729 4907 824 4962 καὶ
853 4907 914 4960 τὸ
942 4908 1112 4972 ὅντως
1144 4909 1309 4963 καλὸν
1357 4909 1466 4962 ἀπὸ
1523 4907 1620 4962 τοῦ
1674 4910 1894 4981 νομιζο-

319 5001 481 5071 μένου
507 5001 809 5072 διακρίνειν
839 5000 1230 5072 δεδυνημένουο
1266 5001 1786 5074 κατηγορηθήσεται
1837 5002 1896 5054 δὲ

321 5091 540 5160 μᾶλλον,
579 5090 768 5162 ἐπειδὴ
809 5090 1073 5162 κέκτηται
1103 5091 1278 5156 τέλος,
1316 5091 1418 5162 τὴν
1467 5090 1896 5163 περιποιητικὴν

315 5184 414 5252 τῆς
435 5181 628 5254 ὀδύνης
649 5182 859 5254 φθοράν
879 5199 893 5213 ⁸
916 5184 1010 5237 καὶ
1031 5183 1326 5254 ἄγκιστρόν
1363 5186 1480 5238 ἐστι
1503 5183 1598 5237 τοῦ
1624 5182 1892 5250 διαὸόλου,

316 5272 452 5342 πρὸς
493 5272 768 5326 ἀπώλειαν
783 5273 958 5329 ἕλκον.

387 5365 489 5438 κβ’·
534 5369 629 5436 Μὴ
654 5369 862 5438 εἴπῃς·
894 5373 1136 5442 Τίσομαι
1171 5372 1278 5424 τὸν
1308 5370 1561 5439 ἐχθρόν’
1581 5370 1721 5423 ἀλλ’
1747 5369 1888 5423 ὑπό-

311 5475 521 5529 μεινον
547 5460 654 5514 τὸν
675 5463 916 5530 Κύριον,
953 5464 1053 5516 ἵνα
1085 5479 1184 5518 σοι
1213 5461 1524 5529 βοηθήσῃ.
1567 5460 1660 5530 Μὴ
1698 5459 1894 5530 βουλη-

318 5552 419 5622 θῇς
449 5553 869 5623 τιμωρήσασθαι
901 5554 990 5608 τὸν
1018 5555 1339 5626 λυπήσαντά
1377 5571 1436 5606 σε
1472 5553 1616 5606 κατὰ
1642 5569 1695 5604 τι
1719 5567 1732 5580 ·
1758 5551 1894 5605 ἀλλὰ

317 5645 408 5695 τὸν
456 5635 537 5695 δι”
569 5643 735 5696 αὐτοῦ
793 5661 849 5696 σε
909 5645 1274 5699 παιδεύσαντα
1310 5647 1445 5716 πρὸς
1488 5643 1776 5710 διόρθωσιν
1798 5641 1890 5694 τοῦ

319 5732 522 5798 παντὸς
575 5735 878 5805 Δεσπότην,
933 5737 1225 5807 ὑπόμεινον
1285 5737 1624 5808 εὐχαρίστως
1656 5752 1668 5766 ·
1698 5737 1783 5790 ἵνα
1810 5753 1892 5787 σοι

319 5827 529 5898 ἀρωγὸς
562 5826 784 5897 γένηται
803 5829 956 5910 ἕκατά
977 5831 1084 5884 τῶν
1110 5829 1474 5900 ἐνοχλούντων
1510 5847 1588 5882 σοι
1623 5829 1686 5881 δι’
1722 5829 1882 5882 ἀκου-

2001 4522 2200 4591 sensus
2219 4550 2246 4588 a
2267 4535 2456 4590 dolore
2471 4525 2794 4606 separantes
2826 4535 3114 4606 laborique
3151 4536 3371 4591 virtutis
3397 4545 3580 4592 mente

2001 4635 2406 4696 prae-ponentes,
2446 4636 2706 4696 vergente
2751 4627 2818 4683 ad
2851 4626 3014 4683 ﬁnem
3071 4627 3175 4682 bac
3218 4627 3331 4682 vita
3361 4636 3574 4692 nostra,

2001 4734 2107 4774 non
2144 4718 2510 4774 Iaudabitur—a
2549 4721 2762 4777 ratione
2786 4721 2900 4791 jam
2927 4719 3075 4775 virili
3107 4707 3322 4786 eliecta,
3357 4736 3576 4777 verum-

1999 4826 2105 4882 que
2135 4811 2338 4866 bonum
2371 4812 2440 4866 ab
2466 4826 2532 4867 eo
2582 4811 2726 4883 quod
2773 4820 3033 4867 censetur
3077 4813 3424 4882 distinguere
3475 4827 3574 4864 va-

2000 4905 2162 4958 lente.
2202 4901 2622 4972 Vituperabitur
2663 4903 2846 4974 potius
2876 4903 3114 4972 quando
3147 4904 3274 4956 ﬁnis
3299 4901 3574 4964 adveniet,

1999 4995 2284 5065 corruptio
2318 5010 2441 5066 qua:
2483 4994 2728 5066 dolorem
2762 4995 2903 5065 parit
2938 5002 2993 5049 et
3036 4994 3230 5048 hamus
3257 4999 3342 5046 est
3369 4991 3578 5047 diaboli

2003 5087 2072 5143 ad
2107 5062 2472 5159 perditionem
2483 5062 2807 5143 ‘attraltens.
3071 5089 3076 5096 ’

2068 5357 2238 5412 Vsus.
2262 5353 2352 5408 2‘2.
2381 5351 2463 5406 Ne
2492 5349 2694 5402 dixeris
2715 5322 3004 5398 :‘Ulciscar
3023 5343 3317 5403 mimicum,
3353 5340 3444 5394 sed
3461 5357 3580 5394 sua!

1998 5456 2104 5507 tine
2170 5449 2452 5504 Dominum
2487 5453 2544 5496 ut
2576 5441 2669 5494 tibi
2703 5436 2912 5493 auxilio
2941 5437 3032 5494 sit.
3068 5435 3144 5488 Ne
3173 5434 3456 5489 mediteris
3487 5435 3571 5486 ul-

1998 5545 2134 5602 cisci
2166 5559 2291 5596 eum
2323 5539 2416 5608 qui
2445 5545 2497 5591 te
2525 5534 2716 5589 dolore
2769 5531 2852 5585 vel
2872 5528 3074 5599 injuria
3093 5527 3296 5582 affecit.
3324 5525 3428 5580 Sed
3455 5542 3574 5580 om-

1999 5641 2146 5694 nium
2185 5633 2472 5688 Dominum
2501 5629 2593 5698 qui
2644 5635 2698 5681 te
2723 5641 2819 5696 per
2849 5638 2974 5678 eum
3007 5623 3075 5676 ad
3128 5619 3570 5675 emendationem

1997 5731 2250 5799 castigat,
2269 5731 2522 5792 exspecta
2545 5736 2668 5775 cum
2687 5717 2988 5790 gratiarum
3003 5715 3236 5777 actione,
3261 5721 3320 5766 ut
3337 5713 3452 5781 ipse
3475 5709 3567 5765 tibi

1995 5822 2138 5876 ultor
2157 5817 2384 5873 exsistat
2405 5815 2456 5868 in
2481 5828 2677 5883 pravos
2701 5810 2922 5881 spirit-us
2941 5809 3032 5878 qui
3054 5823 3150 5877 per
3167 5806 3220 5860 in
3232 5804 3450 5860 volnntu
3462 5801 3572 5856 rias
