3900 6228
291 334 426 414 1427
471 324 473 327 ’

1575 353 1930 414 PROCOPII
1965 349 2206 414 GAZIEI

3396 349 3534 420 1438

287 460 580 530 passiones
615 460 709 515 tibi
749 469 873 517 sunt
900 462 1134 518 molesti.
1163 461 1661 522 lnvoluutariarum
1697 467 1843 522 enim

1987 464 2080 520 ίων
2095 465 2302 532 παθῶν,
2318 465 2420 536 τῆς
2441 463 2703 535 πονηρίας
2723 463 3062 534 πνευμάτων·
3084 465 3236 538 ἡγὰρ
3250 467 3361 521 τῶν
3382 469 3537 522 ἀκου-

290 553 610 623 pas’siouum
641 553 932 607 tolerantia
965 569 992 606 ιι
1023 555 1356 610 voluntariis
1392 557 1610 612 liberat.

365 643 532 701 Vens.
565 645 656 700 23.
687 644 1028 700 Abominatio
1053 655 1130 701 est
1164 648 1304 716 apud
1338 647 1621 703 Dominum
1654 648 1855 720 pondus

288 743 338 787 et
381 733 606 802 pondus,
642 742 844 788 statera
873 733 1060 791 dolosa
1114 753 1219 791 non
1255 747 1332 793 est
1376 739 1511 794 bona
1542 756 1720 795 coram
1773 757 1856 794 eo.

292 824 524 882 0dibilis
557 825 666 880 Deo
694 825 890 882 anima:
941 827 1239 899 dispositio
1271 827 1490 886 diversa
1525 830 1646 900 ejus
1683 833 1776 900 qui
1801 831 1856 884 in

289 917 532 988 appetitu
557 919 978 989 concupiseibili
1007 929 1062 976 et
1121 923 1176 977 in
1210 922 1453 993 appetitu
1489 922 1752 978 irascibili
1787 924 1860 978 ob

289 1025 531 1064 amorem
564 1010 786 1081 quidem
823 1011 1031 1083 preprii
1056 1014 1327 1084 corporis,
1357 1014 1605 1085 jucunda
1631 1015 1735 1071 sibi
1769 1031 1858 1070 ar-

289 1110 466 1171 rogat,
503 1102 852 1172 tyrannidem
902 1115 1084 1159 autem
1129 1105 1185 1161 in
1241 1103 1462 1170 fratres,
1489 1107 1720 1162 molesta
1753 1107 1861 1164 illis

291 1192 591 1247 meditatur
623 1212 636 1247 :
667 1193 743 1248 ita
772 1195 916 1249 enim
952 1195 1096 1250 male
1130 1195 1400 1266 ponderat
1437 1213 1558 1266 quae
1605 1214 1704 1252 sua
1733 1208 1862 1254 sunt

203 1266 231 1290 ’⁸
289 1292 344 1336 ιιι
378 1298 500 1354 qua:
529 1293 658 1340 sunt
689 1287 942 1356 proximi.
963 1285 1198 1343 0dibilis
1227 1289 1432 1362 pariter
1463 1290 1728 1360 cogitatio
1763 1305 1860 1360 ap-

292 1373 524 1442 petitqu
577 1375 1074 1445 coneupiseibilem
1105 1383 1160 1430 et
1195 1377 1492 1448 appetitum
1526 1378 1861 1434 iraseibilem

281 1459 608 1534 'pmiderans
647 1469 770 1536 ejus
801 1467 892 1538 qui
926 1481 989 1522 se
1021 1467 1291 1538 quidema
1325 1469 1698 1538 voluptatibus
1728 1485 1862 1525 con-

291 1559 428 1612 tinet
447 1567 501 1612 et
523 1559 753 1613 molesta
777 1559 1036 1624 sustinet,
1062 1573 1170 1613 non
1199 1567 1257 1614 ut
1283 1557 1393 1613 Deo
1420 1559 1516 1614 sed
1545 1561 1865 1614 hominibus

295 1651 526 1714 qlaceat,
561 1655 614 1703 et
649 1648 720 1704 ob
761 1664 959 1704 vanam
1000 1649 1252 1721 gloriam.
1293 1651 1419 1704 lude
1466 1651 1728 1720 virtutum
1765 1667 1866 1722 pu-

294 1743 509 1796 ritatem
545 1743 855 1813 corrumpit
883 1751 938 1796 et
961 1742 1214 1813 quamvis
1243 1742 1428 1798 bonus
1447 1743 1766 1799 hominibus
1785 1743 1864 1797 vi-

291 1837 490 1888 deatur
517 1851 622 1890 non
661 1837 784 1892 talis
817 1845 902 1894 est
933 1852 1118 1892 coram
1151 1835 1260 1891 Deo
1289 1836 1378 1908 qui
1416 1837 1603 1890 omnia
1636 1848 1696 1892 ut
1735 1845 1865 1892 sunt

293 1926 600 1992 cogitosdt.

370 2019 531 2074 Vens.
591 2018 681 2073 ‘24.
741 2024 784 2075 A
839 2020 1070 2075 Domino
1123 2020 1430 2092 diriguntur
1479 2037 1686 2092 gressus
1747 2019 1868 2074 viri.

297 2111 545 2167 Mortalis
601 2123 775 2168 autem
834 2115 1094 2184 quomodo
1161 2117 1470 2186 cogitaverit
1529 2117 1640 2170 vias
1700 2113 1871 2168 suas?

296 2209 339 2258 A
391 2205 498 2260 Deo
549 2207 933 2261 universorum
987 2205 1221 2264 Domino
1268 2207 1584 2276 diriguntur
1634 2206 1869 2264 hominis

299 2299 399 2352 via:
451 2296 505 2350 in
555 2297 836 2361 virtutem,
866 2299 941 2353 ita
988 2308 1050 2353 ut
1096 2315 1273 2370 neque
1327 2300 1381 2355 in
1439 2301 1728 2372 passiones
1777 2315 1872 2370 per

297 2389 572 2444 delectum
610 2388 834 2445 virtutis
867 2389 1128 2458 declinet,
1159 2408 1338 2463 neque
1369 2393 1422 2447 in
1456 2393 1744 2463 passiones
1776 2405 1873 2461 per

297 2495 611 2554 excessum.
659 2481 818 2536 Enim
871 2495 1003 2537 vero
1045 2483 1242 2538 timore
1287 2482 1381 2539 Dei
1439 2484 1728 2554 passiones
1777 2497 1874 2554 per

299 2571 574 2628 delectum
629 2573 850 2628 virtutis
909 2573 1140 2647 eﬂ‘ugit;
1191 2575 1467 2632 desiderio
1511 2584 1694 2632 autem
1741 2589 1871 2646 pas-

301 2662 488 2718 siones
521 2679 616 2734 per
653 2679 962 2721 excessum.
1011 2665 1114 2722 Per
1154 2665 1260 2723 hoc
1293 2667 1628 2724 desiderium
1668 2669 1870 2724 bonum

300 2761 584 2824 operatur.
642 2754 1097 2828 Quandoquidem
1161 2759 1270 2814 nisi
1333 2759 1543 2816 divinis
1600 2759 1876 2815 mandatis

303 2849 446 2900 bona
476 2855 531 2902 et
569 2848 716 2902 mala
749 2850 1091 2919 cognoverit,
1125 2851 1232 2906 nisi
1265 2867 1296 2906 a
1339 2851 1484 2908 malo
1516 2852 1738 2922 quidem
1783 2867 1878 2922 per

305 2941 560 2994 timorem
616 2941 1108 2996 comminationum
1167 2949 1466 3007 avertatur,
1525 2951 1580 2998 et
1632 2944 1697 2997 ad
1748 2943 1876 2998 boni

1896 1807 1943 1864 Β

1959 556 2088 610 σίων
2106 556 2295 610 παθῶν
2315 555 2581 627 ὑπομονὴ,
2601 556 2710 610 τῶν
2728 555 2988 610 ἑκουσίων
3003 557 3287 630 ἀπαλλαγὴ
3305 559 3535 628 γίνεται.

2029 647 2138 718 κγ’.
2165 648 2482 720 Βδέλυγμα
2541 647 2758 717 Κυρίῳ,
2798 647 3022 703 δισσὸν
3069 653 3396 722 σταθμίον·
3437 653 3537 706 καὶ

1963 741 2142 814 ζυγὸς
2173 742 2379 808 δόλιος
2429 742 2500 797 οὐ
2551 741 2744 795 καλὸν
2783 741 3042 796 ἐνώπιον
3069 743 3279 797 αὑτοῦ.
3313 745 3538 816 Miami;

1959 835 2036 905 τῷ
2069 833 2208 905 Θεῷ,
2235 835 2270 904 ἡ
2295 835 2415 889 κατ’
2452 833 2752 904 ἐπιθυμίαν
2794 833 2890 888 καὶ
2929 831 3104 903 θυμὸν
3151 833 3406 905 διάφορος
3435 836 3540 906 τῆς

1960 927 2137 998 ψυχῆς
2163 925 2404 990 διάθεσις
2433 925 2529 980 τοῦ
2567 924 2655 980 διὰ
2691 925 2790 996 μὲν
2819 925 2916 996 τὴν
2949 925 3088 995 πρὸς
3121 927 3185 980 τὸ
3219 926 3350 981 ῐδιον
3379 928 3540 998 σῶμα

1920 1025 1934 1039 ’
1963 1019 2168 1090 φιλίαν,
2199 1016 2378 1090 ἐάυτῷ
2409 1017 2478 1072 τὰ
2513 1017 2646 1088 ἡδέα
2695 1019 3162 1087 περιποιουμένου
3190 1035 3204 1052 ο
3239 1020 3325 1074 διὰ
3351 1016 3406 1074 δέ
3436 1021 3541 1091 τὴν

1963 1111 2104 1164 κατὰ
2155 1109 2265 1164 τῶν
2307 1107 2568 1181 ὁμοφυῶν
2603 1107 2922 1180 τυραννίδα,
2975 1107 3046 1162 τὰ
3097 1110 3298 1182 ἀνιαρὰ
3321 1111 3543 1174 τούτοις

1963 1200 2349 1271 ἐπινοουμένου
2370 1217 2385 1233 ο
2412 1202 2504 1254 καὶ
2532 1195 2676 1254 οὑτω
2706 1199 2894 1264 κακῶς
2930 1201 3002 1255 τὰ
3040 1200 3138 1254 τοῦ
3159 1201 3389 1272 πλησίον
3441 1205 3545 1256 καὶ

1963 1294 2032 1348 τὰ
2063 1292 2257 1346 ἐαυτοῦ
2289 1283 2712 1356 ταλαντεύοντος
2736 1307 2750 1323 ·
2779 1292 2875 1348 καὶ
2919 1293 2949 1347 ὁ
2994 1292 3094 1364 τὴν
3122 1292 3418 1364 ἐπιθυμίαν
3444 1296 3545 1348 καὶ

1968 1385 2057 1437 τὸν
2083 1383 2254 1456 θυμὸν
2297 1383 2555 1453 σταθμῶν
2599 1384 2866 1455 λογισμὸς
2911 1385 3007 1438 τοῦ
3060 1385 3544 1456 ἐγκρατευομένου

1969 1477 2069 1546 μὲν
2091 1477 2198 1529 τῶν
2221 1476 2414 1547 ἡδέων,
2441 1476 2807 1548 ὑπομένοντος
2837 1477 2894 1531 δὲ
2937 1477 3006 1532 τὰ
3041 1477 3308 1550 ὣυνηρὰ,
3348 1477 3425 1548 μὴ
3453 1477 3547 1532 διὰ

1963 1565 2102 1619 ,Θεοῦ
2150 1565 2529 1636 εὐαρέστησιν,
2577 1566 2716 1621 ἀλλὰ
2763 1567 2832 1620 δι’
2883 1563 3188 1638 ἀνθρώπων
3225 1566 3544 1638 ἀρέσκειαν,

1967 1659 2060 1713 καὶ
2083 1659 2291 1712 οίκείαν
2323 1656 2670 1722 κενοδοξίαν·
2710 1656 3008 1713 κάντεῦθεν
3047 1657 3110 1711 τὸ
3143 1657 3389 1728 καθαρὸν
3433 1655 3550 1708 τῶν

1969 1750 2177 1820 ἀρετῶν
2199 1748 2634 1820 κιϐδηλεὺοντος,
2687 1749 2788 1803 κᾶν
2823 1747 3025 1816 ἀγαθὸς
3064 1749 3199 1819 παρ’
3234 1747 3548 1819 ἀνθρώποις

1970 1841 2124 1912 δοκῇ,
2157 1840 2270 1894 ἀλλ’
2311 1839 2398 1894 ἐπ’
2435 1837 2557 1910 eos:
2585 1837 2680 1893 τοῦ
2709 1839 2784 1904 ὡς
2817 1839 3000 1909 ἔχουσι
3033 1839 3103 1894 τὰ
3141 1839 3316 1894 πάντα
3342 1838 3550 1902 εἰδότος

1966 1931 2127 1999 Θεοῦ,
2158 1931 2218 1987 οὑ
2251 1931 2494 1996 τοιοῦτός
2524 1934 2696 1994 ἐστιν,

2042 2027 2140 2082 κδ’.
2182 2025 2347 2095 Παρὰ
2379 2025 2600 2093 Κυρίου
2639 2025 2951 2078 εὐθύνεται
2977 2024 3050 2078 τὰ
3081 2021 3408 2091 διαδήματα
3437 2016 3554 2076 dr-

1969 2121 2066 2190 ὃρί
2085 2137 2098 2152 ο
2139 2117 2357 2185 θνητὸς
2389 2115 2456 2170 δὲ
2491 2115 2614 2182 πῶς
2629 2113 2704 2170 ἂν
2725 2115 2947 2184 νοῆσαι
2978 2113 3087 2181 τὰς
3117 2113 3297 2179 ὁδοὺς
3318 2115 3549 2180 αὐτοῦς

1971 2208 2132 2282 Παρὰ
2162 2207 2258 2262 τοῦ
2289 2205 2562 2260 Δεσπότου
2611 2205 2722 2259 τῶν
2763 2205 2902 2259 ὅλων
2955 2204 3090 2258 Θεοῦ
3121 2203 3456 2276 διορθοῦνται
3487 2203 3552 2258 αξ

1979 2302 2098 2357 κατ’
2129 2299 2332 2370 ἀρετὴν
2378 2300 2597 2370 πορεῖαι
2645 2297 2724 2367 τῷ
2762 2296 3062 2368 ἀνθρώπῳ,
3092 2295 3170 2360 ὡς
3192 2297 3328 2368 μήτε
3368 2297 3448 2360 εἰς
3471 2296 3552 2350 τὰ

1973 2391 2092 2446 κατ’
2126 2389 2362 2459 ἔλλειψιν
2385 2389 2592 2458 ταύτης
2619 2386 2787 2457 πάθη,
2821 2387 2960 2456 μήτε
3006 2387 3086 2448 είς
3114 2385 3183 2440 τὰ
3221 2385 3342 2438 καθ’
3370 2385 3551 2456 ὑπερ-

1971 2483 2136 2554 ϐολὴν
2187 2479 2654 2552 περιτρέπεσθαι*
2714 2479 2809 2532 καὶ
2855 2476 2965 2548 γὰρ
2991 2475 3071 2547 τῷ
3125 2477 3223 2547 μὲν
3268 2475 3416 2546 φόϐῳ
3447 2475 3548 2528 τοῦ

1973 2575 2133 2638 Θεοῦ,
2162 2573 2232 2628 τὰ
2260 2574 2385 2626 κατ’
2415 2570 2652 2640 ἔλλειψιν
2684 2569 2787 2639 τῆς
2819 2567 3025 2640 ἀρετῆς
3061 2567 3321 2636 ἐκφεύγει
3354 2565 3500 2636 πάθη
3531 2582 3547 2596 ·

1974 2667 2050 2739 τῷ
2073 2667 2127 2720 δὲ
2155 2664 2304 2735 πόθῳ
2353 2663 2424 2716 τὰ
2461 2661 2584 2716 καθ’
2633 2659 2942 2732 ὑπερϐολήν
2961 2675 2976 2690 ·
3002 2659 3072 2712 δι’
3099 2659 3264 2711 αὑτὸν
3289 2661 3348 2710 τὸ
3379 2657 3552 2710 καλου

1975 2757 2345 2831 ἐργαζόμενος
2365 2773 2379 2788 ο
2405 2754 2708 2825 ἐπειδήπερ
2731 2754 2778 2806 εί
2805 2751 2880 2823 μὴ
2909 2752 3033 2814 ταῖς
3086 2749 3256 2813 θείαις
3281 2748 3547 2814 ἐντολαῖς,

1973 2847 2045 2905 τὰ
2073 2849 2214 2905 καλὰ
2237 2845 2462 2916 διαγνῷ,
2496 2846 2593 2900 καὶ
2625 2845 2694 2899 τὰ
2725 2842 2969 2910 ἐναντία,
2998 2843 3093 2896 καὶ
3119 2841 3228 2894 τῶν
3251 2841 3346 2910 μέν
3362 2840 3552 2892 κακῶν

1976 2941 2282 3014 ἀπόσχηται
2304 2939 2385 3010 τῷ
2407 2936 2556 3010 φόϐῳ
2607 2935 2714 2990 τῶν
2745 2933 3004 2996 ἀπειλῶν,
3054 2933 3190 3006 πρὸς
3217 2933 3263 2987 δ’
3290 2930 3551 3002 ἐργασίαν

304 3033 680 3100 operationem
733 3033 982 3104 erigatur
1027 3049 1123 3104 per
1171 3033 1508 3090 desiderium
1550 3037 1874 3106 promissio-

1985 3034 2086 3088 τῶν
2116 3031 2336 3102 ἀγαθῶν
2377 3031 2636 3100 διαναστῇ
2692 3025 2769 3098 τῷ
2817 3026 2971 3096 πόθῳ
3035 3024 3145 3078 τῶν
3185 3023 3549 3092 ἐπαγγελιῶν,

308 3141 472 3186 num,
521 3124 801 3195 quomodo
857 3126 1024 3180 homo
1082 3141 1178 3194 per
1231 3128 1564 3196 voluptatem
1619 3141 1872 3191 nascens,

1985 3129 2100 3192 πῶς
2139 3126 2205 3180 ἂν
2235 3123 2596 3194 ὑποκείμενος
2620 3123 2686 3192 τῇ
2709 3119 2835 3174 καθ’
2867 3119 3061 3190 ἡδονὴν
3095 3117 3330 3187 γενέσει,
3365 3117 3455 3170 καὶ
3479 3118 3548 3185 τῇ

305 3216 547 3271 moriens
582 3231 677 3286 per
712 3215 986 3280 dolorem,
1023 3217 1177 3272 brevi
1222 3217 1414 3272 vivens
1457 3225 1723 3287 tempore,
1760 3218 1874 3271 vias

1985 3221 2100 3276 κατ’
2118 3217 2311 3289 ὀδύνην
2333 3217 2526 3286 φθορᾷ,
2545 3209 2842 3268 κάντεῦθεν
2865 3209 3204 3284 πρόσκαιρον
3226 3208 3364 3280 ἔχων
3383 3207 3548 3276 ζωὴν,

305 3323 428 3374 quae
475 3307 679 3361 ducunt
727 3323 854 3364 cum
895 3309 950 3362 in
999 3309 1234 3364 salutem
1279 3310 1456 3380 capiet
1490 3309 1874 3365 abstinendoa

1985 3311 2262 3382 καταλάϐῃ
2288 3308 2386 3373 τὰς
2439 3307 2508 3361 δι’
2559 3303 2889 3376 ἐγκρατείας
2922 3298 3020 3374 μὲν
3050 3301 3158 3356 τῶν
3184 3301 3376 3373 ἡδέων,
3417 3301 3554 3354 ὑπο-

301 3400 558 3469 jueundis
587 3401 926 3472 molestaque
955 3401 1317 3458 sustinendo?

382 3579 538 3635 Vens.
565 3581 654 3634 “'25.
682 3579 922 3650 Laqueus
945 3585 1058 3637 viro
1085 3583 1188 3636 cito
1209 3582 1338 3652 quid
1355 3599 1420 3639 ea:
1434 3585 1660 3654 propriis
1682 3585 1880 3638 sanrti-

304 3678 490 3742 βίαι-ε.
547 3672 740 3727 Postea
785 3675 923 3728 enim
979 3691 1137 3744 quam
1185 3679 1376 3732 voverit
1421 3678 1558 3732 venit
1609 3678 1874 3746 poenitere.

388 3767 615 3836 Capitur
657 3767 899 3838 propriis
948 3769 1132 3823 verbis
1176 3778 1236 3824 ut
1275 3769 1334 3824 in
1383 3769 1603 3840 laqueo,
1642 3769 1734 3839 qui
1784 3784 1880 3839 per

310 3860 684 3928 abreptionem
720 3861 1002 3931 pollicitus
1035 3870 1120 3916 est
1164 3862 1478 3918 sacriﬁcare
1509 3862 1624 3918 Deo
1669 3863 1880 3932 aliquid

307 3968 376 4008 ex
409 3953 672 4024 propriis.
715 3952 1011 4022 Postquam
1053 3953 1200 4006 enim
1243 3953 1476 4016 voverit.
1512 3968 1654 4023 saepe
1695 3953 1880 4008 evenit

309 4055 370 4100 ut
415 4047 650 4118 negligat
693 4045 941 4116 implere,
967 4057 1022 4102 et
1066 4062 1175 4101 non
1208 4048 1384 4116 possit
1415 4047 1552 4102 solvi
1591 4061 1621 4100 a
1661 4047 1882 4101 vinculo

307 4135 440 4189 voti.

378 4225 546 4281 Vens.
577 4225 669 4281 26.
736 4225 1034 4281 Ventilator
1080 4227 1362 4296 impiorum
1420 4240 1512 4282 rea:
1561 4225 1791 4294 sapiens,
1830 4235 1878 4281 et

310 4317 555 4370 immittet
601 4316 713 4370 illis
746 4309 952 4370 rotam.
999 4315 1100 4382 Qui
1145 4316 1432 4386 passiones
1471 4331 1604 4372 suas
1643 4318 1876 4388 subegit,

311 4412 530 4474 separat
573 4405 937 4477 cogitationes
983 4421 1105 4476 qua:
1156 4405 1325 4462 Deum
1372 4407 1648 4460 honorant
1695 4407 1762 4460 ab
1811 4407 1880 4460 iis

1984 3405 2150 3477 μονῆς
2179 3404 2234 3456 δὲ
2268 3401 2376 3457 τῶν
2433 3399 2711 3472 ὀδυνηρῶν
2744 3397 3021 3470 φερούσας
3051 3394 3215 3450 αὑτὸν
3246 3395 3328 3458 είς
3373 3410 3552 3464 σωτη-

1955 3554 1963 3565 _
1981 3495 2105 3568 ρίαν
2135 3493 2289 3555 ὁδούς
2312 3512 2326 3560 ;

2050 3583 2146 3640 κε’.
2183 3585 2368 3654 ﬂag-lc
2396 3583 2590 3653 ἀνδρί,
2623 3582 2774 3651 ταχύ
2812 3591 2868 3634 τι
2917 3578 3035 3634 τῶν
3063 3578 3227 3631 ὶδίων
3271 3574 3548 3646 ἁγιάσαιο

1975 3677 2128 3749 μετὰ
2159 3676 2270 3748 γὰρ
2298 3676 2366 3732 τὸ
2412 3676 2726 3741 εὔξασθαι,
2769 3669 3086 3740 μετανοεῖν
3120 3668 3366 3737 γίνεται.
3416 3665 3554 3719 Ἀλί-

1980 3787 2166 3825 σκεται
2183 3768 2258 3840 τῷ
2275 3768 2390 3840 ἰδίῳ
2403 3767 2568 3836 λόγῳ,
2584 3766 2659 3830 ώς
2682 3766 2740 3818 ἐν
2766 3761 2974 3831 παγίδι,
2991 3761 3022 3814 6
3042 3758 3180 3813 κατὰ
3205 3755 3555 3828 συναρπαγὴν

1981 3863 2410 3933 ὑπισχνούμενος
2462 3855 2801 3930 καθιερῶσαί
2850 3871 2904 3908 τι
2953 3851 3073 3924 Θεῷ
3127 3851 3238 3906 τῶν
3301 3851 3550 3905 οίκιίωνι

1985 3955 2120 4025 μετὰ
2145 3956 2252 4024 γὰρ
2283 3954 2344 4006 τὸ
2380 3949 2735 4020 ὑποσχέσθαι,
2767 3944 3056 4016 συμϐαίνει
3089 3941 3357 4005 πολλάκις
3405 3939 3554 4011 αὑτῷ

1986 4043 2449 4116 μεταμεληθῆναι,
2479 4044 2574 4096 καὶ
2603 4039 2802 4111 δεσμοῦ
2847 4039 2945 4108 τῆς
2971 4034 3316 4108 ὑποσχέσεως
3355 4033 3554 4088 ἀπολυο

1983 4137 2141 4208 θῆναι
2169 4137 2242 4208 μὴ
2275 4135 2558 4190 δύνασθαι.

2054 4236 2166 4296 κςθ.
2195 4229 2506 4298 Λικμήτωρ
2563 4223 2820 4290 ἀσεϐῶν,
2859 4220 3162 4289 ,βασιλεὺς
3201 4220 3413 4288 σοφὸς,
3455 4217 3554 4271 καί

1978 4321 2253 4378 -ἐπιὸαλεῖ
2275 4320 2478 4385 αὐτοῖς
2507 4318 2743 4388 τροχόν.
2771 4317 3100 4386 ’Λφοριστής
3133 4315 3282 4366 ἐστιν
3320 4309 3394 4366 ὡς
3421 4309 3555 4380 d16-

1987 4431 2094 4486 ρων
2126 4413 2233 4466 ἀπὸ
2264 4413 2412 4466 σίτου
2471 4409 2580 4464 τῶν
2632 4409 2706 4480 μὴ
2757 4408 2892 4461 Θεὸν
2931 4405 3220 4477 τιμώντων
3255 4403 3552 4472 λογισμῶν,

309 4511 433 4564 qna:
484 4511 599 4550 non
649 4497 954 4564 honorant,
998 4505 1060 4552 ut
1112 4497 1324 4568 paleam
1378 4513 1408 4551 a
1451 4497 1746 4551 frumento.
1785 4496 1874 4550 Sa-

1989 4505 2097 4558 ἀπὸ
2118 4503 2226 4556 τῶν
2255 4502 2542 4572 τιμώντων
2569 4499 2752 4565 αὑτὸν,
2777 4499 2807 4550 ὁ
2835 4497 2944 4551 τῶν
2975 4495 3163 4550 παθῶν
3181 4497 3552 4564 αὐτοκράτωρ·

312 4586 528 4658 pientize
556 4588 736 4644 verbis
773 4591 919 4658 quod
952 4599 1208 4646 censetur
1258 4590 1460 4646 bonum
1509 4604 1538 4644 a
1577 4589 1721 4644 bono
1752 4604 1884 4644 vero

313 4681 611 4747 discernit;
667 4680 762 4751 qui
812 4682 980 4737 etiam
1033 4684 1192 4752 longe
1231 4683 1300 4736 ab
1352 4683 1470 4752 ipso
1515 4681 1662 4736 sicut
1709 4689 1882 4734 rotam

311 4771 563 4828 devolvet
589 4770 728 4828 tales
757 4786 956 4843 pravas
986 4772 1370 4843 cogitationes.
1509 4834 1514 4842 ,

381 4864 551 4922 Vens.
594 4863 686 4920 27.
732 4862 852 4920 Lux
890 4863 1107 4920 Domini
1145 4865 1470 4934 spiraculum
1511 4865 1759 4930 hominis,
1795 4865 1886 4936 qui

311 4967 586 5015 scrutatur
614 4967 816 5014 secreta
845 4957 1062 5013 ventris.
1115 4957 1324 5012 Lumen
1355 4956 1670 5014 indeliciens
1699 4960 1886 5030 cogni-

312 5050 484 5106 tionis
533 5047 927 5120 Solisjustitiae
969 5049 1084 5105 vita
1137 5055 1222 5105 est
1266 5049 1648 5104 conservatrix
1693 5065 1884 5106 eorum

311 5141 406 5210 qui
437 5141 492 5198 in
525 5143 680 5198 illum
719 5145 1022 5218 respiciunt
1060 5153 1122 5200 ut
1169 5144 1222 5199 in
1257 5143 1614 5214 archetypum
1656 5143 1750 5212 qui
1792 5157 1888 5212 per

314 5229 760 5299 adimpletionem
815 5218 1132 5289 sanctarum
1190 5235 1310 5302 ejus
1357 5233 1702 5288 voluntatum
1755 5232 1886 5286 illud

314 5336 410 5391 per
445 5321 858 5379 similitudinem
909 5332 1132 5380 servant
1175 5324 1466 5398 integrum.
1511 5323 1646 5378 Nam
1687 5323 1886 5378 mentis

314 5413 424 5467 trita
458 5415 640 5470 lumen
669 5416 1002 5487 cegnitionis
1040 5417 1134 5474 Dei
1161 5417 1255 5488 qui
1301 5425 1581 5474 scrutatur
1615 5415 1885 5487 profunda

315 5505 665 5577 cogitationis
707 5524 830 5579 qua:
876 5509 943 5564 ad
995 5509 1170 5564 instar
1215 5509 1450 5574 ventris,
1491 5508 1646 5565 cibos
1691 5508 1888 5562 animae

319 5599 564 5668 recipere
614 5608 794 5670 potest
849 5601 964 5658 sive
1026 5602 1315 5660 nutribiles
1371 5603 1480 5660 sint
1537 5602 1651 5657 sive
1705 5600 1888 5671 perni-

316 5702 476 5742 UGSI.

392 5777 556 5836 Vens.
594 5779 684 5837 εδ.
726 5781 1100 5839 Misericordia
1138 5798 1181 5841 et
1227 5788 1419 5841 veritas
1463 5789 1626 5840 tuttlu
1665 5787 1769 5857 νιῃὶ
1796 5803 1810 5837 ;
1839 5794 1886 5840 et

1993 4595 2185 4663 σοφίας
2216 4593 2394 4661 λόγοις
2427 4591 2524 4646 τοῦ
2567 4589 2739 4652 ὅντως
2789 4585 3020 4657 ἀγαθοῦ,
3069 4587 3164 4640 τδν
3200 4585 3557 4656 νομιζόμενον

1991 4673 2363 4756 ἀποδιαιρῶν·
2424 4685 2480 4747 ὃς
2539 4683 2634 4736 καὶ
2685 4677 2844 4751 δίκην
2893 4678 3089 4749 τροχοῦ
3124 4678 3252 4741 τοὺς
3285 4674 3557 4738 τοιούτους

1991 4779 2262 4850 πονηροὺς
2290 4775 2584 4848 λογισμοὺς
2623 4770 2900 4827 ἐκκυλίσει
2935 4770 3150 4842 μακρὰν
3174 4767 3233 4835 ἐξ
3262 4766 3450 4822 αὐτοῦ.

2061 4868 2165 4934 κζ’.
2194 4868 2322 4934 Φῶς
2353 4866 2594 4934 Κυρίου,
2637 4863 2791 4931 πνοὴ
2841 4860 3154 4931 ἀνθρώπου
3178 4875 3193 4890 ·
3239 4857 3309 4925 ὃς
3347 4853 3561 4926 ἐρευνᾷ

1992 4959 2199 5030 ταμεῖα
2231 4959 2488 5023 κοιλίας.
2541 4955 2614 5007 Τὸ
2666 4953 2965 5022 ἀνέσπερον
3016 4951 3132 5020 φῶς
3163 4951 3262 5020 τῆς
3307 4946 3563 5015 γνώσεως

1991 5051 2086 5107 τοῦ
2107 5052 2208 5122 τῆς
2239 5046 2587 5115 δικαιοσύνης
2624 5044 2827 5110 Ἡλίου,
2866 5043 3155 5113 συνεκτική
3181 5042 3296 5094 ἐστι
3319 5040 3433 5111 ζωὴ
3453 5039 3562 5092 τῶν

1997 5143 2305 5216 βλεπόντων
2329 5141 2466 5210 πρὸς
2501 5138 2667 5194 αὑτὸν
2687 5137 2764 5199 ὡς
2797 5135 3104 5207 ἀρχέτυπον
3129 5149 3143 5164 ·
3173 5134 3266 5186 καὶ
3289 5134 3408 5195 ταῖς
3440 5131 3562 5184 καθ’

1995 5232 2256 5305 ὁμοίωσιν
2299 5231 2584 5305 ἐργασίαις
2630 5230 2738 5283 τῶν
2763 5225 3098 5294 παναγᾶθων
3128 5221 3295 5278 αὑτοῦ
3327 5223 3564 5292 θελημάο

1992 5343 2122 5388 των,
2180 5323 2240 5377 τὸ
2295 5321 2620 5377 κατέίκόνα
2672 5316 3058 5388 φυλασσόντων
3099 5313 3372 5386 ἀμείωτον
3398 5327 3414 5342 ·
3452 5311 3563 5382 ζωὴ

1969 5418 2102 5489 ’γὰρ
2127 5416 2221 5470 τοῦ
2237 5415 2352 5482 νοῦ,
2375 5417 2403 5470 ὁ
2426 5411 2704 5483 φωτισμός
2734 5413 2848 5464 ἐστι
2877 5409 2975 5479 τῆς
3003 5407 3260 5476 γνώσεως
3287 5405 3382 5460 τοῦ
3403 5403 3560 5466 Θεοῦ,

1993 5509 2051 5576 ὃς
2081 5507 2329 5576 ἐξετάζει
2353 5508 2422 5561 τὰ
2449 5503 2588 5577 βάθη
2627 5503 2726 5574 τῆς
2760 5501 3018 5565 διανοίας,
3054 5499 3154 5568 τῆς
3177 5496 3332 5567 δίκην
3361 5497 3564 5559 κοιλίας

1995 5602 2306 5673 χωρητικῆς
2329 5599 2434 5653 τῶν
2463 5597 2604 5653 κατὰ
2628 5596 2804 5666 ψυχὴν
2831 5592 3084 5664 βρώσεων
3101 5607 3114 5620 ο
3147 5589 3255 5644 εἴτε
3274 5589 3568 5658 θρεπτικαί.
3608 5645 3628 5664 ⁸

1997 5695 2199 5763 ταύτης
2229 5690 2358 5754 εἷεν,
2391 5693 2497 5763 εἴτε
2530 5689 2885 5760 λυμαντικαὶ.

2068 5759 2171 5854 κη’.
2215 5759 2626 5850 Ἑλεηλίοσύνὴ
2659 5777 2752 5831 καὶ
2804 5777 3071 5847 ἀλήθεια,
3123 5774 3364 5846 φυλακὴ
3387 5773 3565 5839 ,Βασι-
