3900 6228
133 379 266 445 1433

1115 387 1654 451 COMMENTARII
1707 391 1789 453 IN
1833 369 2290 457 Pno'vrznma.

3248 401 3386 468 1434

127 494 404 564 θρωπίνης
455 497 670 566 φύσεως
733 498 959 564 ἀσθενὲς
1025 501 1084 554 ἐν
1141 502 1218 573 τῷ
1263 504 1698 559 ἁκολασταίνοντι

1818 505 1986 564 fratre
2033 511 2278 581 seipsum
2311 524 2633 584 cognoscet;
2669 515 2764 572 sed
2814 514 3039 572 fratrem
3096 533 3202 572 non
3233 519 3382 588 judio

127 587 337 656 ἀδελφῷ
363 587 726 656 ἐπιγνώσεται
743 589 812 645 τὰ
825 591 1020 646 ἑαυτοῦ
1039 607 1052 622 ·
1077 595 1173 648 καὶ
1199 595 1259 648 οὐ
1284 595 1696 666 καταγνώσεται

126 674 219 729 τοῦ
244 677 493 746 ἀδελφοῦ.

198 764 286 834 ιβ’.
322 765 524 820 Συνιεῖ
543 766 775 836 δίκαιος
809 770 1056 839 καρδίας
1091 772 1329 827 ἀσεϐῶν
1348 791 1360 804 ·
1397 774 1495 828 καὶ
1539 792 1696 844 φαυ-

123 855 265 916 λίζει
289 857 527 926 ἀσεϐεῖς
549 859 621 913 ἐν
652 861 880 928 κακοῖς.
913 865 1189 918 Κατανοεῖ
1210 865 1238 918 6
1260 866 1572 936 ἀμέμπτως
1598 885 1698 922 πο-

125 948 486 1020 λιτευόμενος,
513 952 641 1016 τοὺς
671 952 747 1024 μὴ
762 952 832 1007 δι’
855 953 1220 1026 ἀγαθοεργίας
1239 957 1514 1028 τιμῶντας
1543 957 1696 1025 Θεὸν,

123 1038 268 1103 ὅπως
291 1041 434 1094 κατὰ
454 1042 636 1114 ψυχὴν
669 1044 856 1109 κακῶς
891 1030 1076 1117 έχουσι
1097 1064 1111 1078 ο
1148 1049 1242 1101 καὶ
1271 1047 1538 1118 διελέγχει
1569 1046 1698 1102 τού-

121 1150 247 1197 τους
294 1134 352 1186 ἐν
377 1136 491 1198 τοῖς
542 1135 874 1206 παραλόγοις
921 1137 1104 1208 ἔργοις
1143 1138 1354 1191 αὐτῶν·
1397 1137 1472 1202 ὡς
1507 1139 1573 1192 ἂν
1609 1139 1700 1192 τὸν

120 1225 319 1276 οἰκεῖον
341 1225 745 1296 διοροὼσωνται
786 1227 919 1299 βίον,
944 1231 1040 1283 καὶ
1071 1229 1172 1300 τῆς
1196 1231 1420 1284 αἰωνίου
1457 1230 1700 1303 ῥυσθῶσι

121 1316 418 1380 κολάσεως.

191 1406 282 1476 ιγ’.
326 1410 432 1475 Ὃς
475 1409 740 1478 φράσσει
792 1409 866 1464 τὰ
916 1405 1040 1465 ὦτα
1073 1409 1180 1468 τοῦ
1219 1412 1307 1484 μὴ
1365 1411 1701 1470 ἐπακοῦσαι

119 1497 439 1566 ἀσθενοῦς,
463 1501 564 1555 καὶ
586 1500 770 1567 αὐτὸς
797 1502 1238 1570 ἐπικαλέσεται,
1266 1505 1364 1559 καὶ
1388 1507 1499 1560 οὐκ
1531 1506 1700 1562 ἔσται

119 1592 152 1644 ὀ
177 1591 528 1645 είσακούων.
569 1593 664 1656 Ὃς
689 1591 789 1662 τῷ,
820 1593 931 1646 εἴτε
976 1595 1119 1648 κατὰ
1160 1595 1341 1666 σῶμα,
1397 1596 1511 1649 είτε
1559 1598 1702 1651 κατὰ

117 1681 294 1753 ψυχὴν
333 1683 521 1746 κακῶς
555 1682 754 1754 ἔχοντι,
780 1685 876 1738 καὶ
912 1685 1162 1757 βοηθείας
1202 1687 1304 1758 τῆς
1334 1687 1553 1741 οίασοῦν
1581 1689 1698 1742 δεο-

120 1773 288 1844 μένῳ,
311 1773 388 1843 μὴ
412 1773 845 1846 ἐπικάμπτεται,
872 1776 944 1829 τὰ
962 1777 1124 1847 ὅμοια
1145 1778 1240 1830 καὶ
1261 1777 1424 1842 αὐτὸς
1451 1778 1700 1832 πείσεται

1800 601 1919 656 cabi
1931 609 1970 656 t.

1871 781 2040 839 Vens.
2075 781 2163 842 12.
2227 783 2494 856 Intelligit
2552 785 2734 856 justus
2783 787 2946 840 corda
2992 787 3277 856 impiorum
3333 799 3383 844 et

1801 872 2074 943 vilipendit
2112 875 2304 942 impios
2329 877 2384 929 in
2434 876 2598 931 malo.
2632 877 2959 932 Considerat
2988 879 3080 950 qui
3105 881 3383 950 inculpate

1781 973 2184 1033 'conversatur,
2208 983 2303 1024 eos
2343 969 2436 1039 qui
2473 984 2570 1038 per
2601 970 2747 1025 bona
2802 987 2966 1041 opera
3001 973 3182 1028 colere
3214 972 3381 1028 Deum

1801 1059 2355 1129 recusantquomodo
2371 1061 2552 1130 quoad
2585 1062 2824 1116 animam
2858 1063 3000 1118 male
3031 1079 3090 1120 se
3120 1065 3380 1130 habeant,

1802 1147 2037 1218 illosque
2057 1149 2336 1221 redarguit
2356 1151 2407 1204 in
2431 1151 2850 1208 irrationalibus
2875 1155 3134 1224 operibus
3163 1171 3377 1222 eorum,

1801 1250 1863 1294 ut
1896 1241 2170 1310 propriam
2207 1240 2502 1298 emendcnt
2540 1243 2706 1297 vitam
2739 1284 2755 1310 ,
2813 1252 3198 1316 aeternumque
3243 1247 3379 1303 eﬂ'u-

1801 1331 1954 1402 giant
1991 1332 2344 1402 supplicium.
3269 1401 3274 1404 _

1873 1421 2041 1478 Vens.
2076 1425 2163 1478 15.
2193 1423 2300 1490 Qui
2340 1423 2551 1479 obturat
2583 1440 2763 1480 aurem
2787 1442 2940 1480 suam
2973 1427 3042 1480 ad
3093 1427 3383 1483 clamorem

1799 1514 2068 1584 pauperis,
2099 1523 2148 1568 et
2177 1515 2286 1582 ipse
2304 1515 2581 1582 clamabit,
2617 1525 2667 1570 et
2711 1533 2812 1571 non
2871 1517 3207 1590 exaudiatur.
3277 1521 3383 1586 Qui

1804 1603 1947 1680 male
1981 1619 2102 1660 sese
2127 1605 2378 1661 habentis
2409 1606 2528 1662 sive
2567 1607 2750 1676 quoad
2813 1621 3016 1675 corpus
3047 1609 3162 1664 sive
3199 1610 3382 1680 quoad

1805 1696 2064 1760 animam,
2099 1705 2155 1751 et
2183 1711 2535 1768 quocumque
2561 1697 2866 1766 indigentis
2895 1701 3109 1756 auxilio
3138 1717 3248 1756 non
3275 1703 3380 1756 mi-

1806 1793 2038 1852 seretur,
2077 1789 2206 1841 talia
2236 1799 2289 1842 et
2310 1789 2428 1858 ipse
2465 1791 2723 1860 p'tlieltlt‘.
2760 1789 2899 1845 Cum
2936 1791 3226 1862 indigebit,
3266 1809 3374 1848 non

115 1863 373 1936 δεόμενος
406 1867 466 1920 ἐν
493 1867 784 1935 ἀνάγκαις,
827 1869 922 1922 καὶ
963 1845 1038 1941 μὴ
1065 1871 1337 1941 εὑρίσκων
1372 1869 1466 1924 τὸν
1501 1869 1698 1944 βοηθή-

1827 1879 2114 1934 nvenietur
2162 1880 2256 1950 qui
2297 1895 2424 1935 eum
2473 1880 2724 1951 adjuvet.
2767 1880 2888 1937 Non
2941 1884 3380 1952 misericordiam

119 1973 308 2010 σοντα·
344 1957 443 2011 οὐκ
481 1958 716 2012 ἐλεείται
743 1961 874 2028 γὰρ,
907 1960 1096 2030 ἐπειδὴ
1123 1960 1197 2030 μὴ
1231 1960 1487 2032 ἠλέησεν.

189 2042 272 2098 ιδ’.
304 2045 477 2111 Δόσις
512 2045 778 2113 λάθριος,
812 2045 1130 2115 ἀνατρέπει
1160 2047 1359 2118 ὀργάς.
1395 2047 1701 2112 Μετάδοσις

115 2135 419 2205 χρημάτων
453 2135 744 2208 ἀνθρώπου
789 2139 936 2201 τινὸς
973 2137 1234 2208 λεληθυῖα
1298 2139 1436 2212 πρὸς
1507 2139 1698 2211 δεομέ-

115 2244 256 2292 νους,
281 2228 636 2283 καταλλάττει
678 2230 840 2284 αὐτὸν
871 2231 1010 2301 Θεῷ,
1055 2231 1194 2301 ὑπὲρ
1225 2224 1301 2285 ὧν
1336 2232 1526 2287 τοῦτον
1560 2251 1701 2304 παρ-

114 2318 342 2390 ὡργισε,
371 2321 470 2384 τὰς
498 2319 662 2375 αὐτοῦ
691 2322 942 2394 παραϐὰς
967 2322 1208 2386 ἐντολάς.

184 2409 397 2478 Δώρων
421 2411 489 2464 δέ
519 2415 552 2466 ὁ
575 2413 948 2483 φειδόμενος,
975 2414 1166 2484 θυμὸν
1185 2415 1395 2483 ἐγείρει
1419 2416 1696 2484 ἰσχυρόν.

117 2503 182 2577 λυ
209 2502 264 2556 δὲ
291 2502 379 2556 διὰ
400 2501 690 2573 φειδωλίαν
715 2504 790 2574 μὴ
823 2505 1135 2574 μεταδιδοὺς
1163 2509 1276 2570 τοῖς
1303 2504 1566 2578 χρῄζουσι
1595 2505 1699 2560 τῶν

115 2593 331 2660 ἑαυτοῦ,
353 2595 604 2665 μεγάλως
621 2596 1098 2666 παροργίζειΘεόν
1115 2613 1128 2626 ·
1152 2598 1233 2651 ὅτι
1253 2596 1472 2668 χρῄζων
1489 2596 1694 2662 ἐλέους,

119 2687 192 2759 μὴ
219 2688 362 2740 ἐλεεῖ
385 2689 514 2750 τοὺς
551 2687 732 2752 ἐλέους
759 2687 968 2752 ἀξίους.

187 2867 268 2914 ιε’.
305 2861 669 2930 Εὑρροσύνη
702 2860 969 2928 δικαίων,
999 2860 1192 2916 ποιεῖν
1219 2861 1418 2932 κρῖμα.
1443 2863 1698 2931 ῐῙνευμα-

117 2953 240 3022 τική
272 2953 420 3006 ἐστιν
451 2949 770 3020 ἀγαλλίασις
796 2951 904 3003 τῶν
927 2951 1071 3005 κατὰ
1100 2951 1301 3022 νόμους
1327 2951 1506 3016 θείους
1541 2951 1698 3006 πολι-

115 3042 448 3112 τευομένων,
493 3041 756 3114 πράττειν
787 3042 847 3096 τὺ
890 3044 1032 3096 κατὰ
1059 3044 1220 3112 λόγον
1251 3042 1438 3115 κριοέν
1471 3044 1691 3112 ἀγαθόν.

187 3135 398 3200 Ὅσιος
451 3134 540 3201 δὲ,
584 3135 922 3204 ἀκάθαρτος
962 3136 1119 3203 παρὰ
1149 3135 1524 3204 κακούργοις.
1569 3135 1628 3188 Ὁ
1651 3135 1696 3188 δ’

115 3224 262 3278 οὕτω
311 3225 748 3295 πολιτευόμενος,
794 3227 855 3280 οὐ
909 3228 1195 3296 νομίζεται
1242 3227 1394 3300 παρὰ
1439 3231 1554 3292 τοῖς
1595 3227 1698 3297 τῆς

115 3316 318 3380 κακίας
347 3317 629 3388 ἐργάταις,
647 3320 827 3384 καλῶς
857 3321 919 3374 τὸ
950 3321 1113 3374 καλὸν
1139 3321 1536 3394 ἐργαζόμενοςσ
1564 3321 1700 3377 ἀλλὰ

117 3409 185 3462 δι’
224 3407 750 3480 ἀνθρωπαρέσκειαν
791 3411 948 3464 τοῦτο
994 3413 1086 3466 καὶ
1129 3414 1438 3479 κενοδοξίαν
1467 3415 1698 3484 ὑποκρι-

118 3500 361 3572 νόμενος.
725 3564 730 3574 1

190 3588 288 3657 ις’.
341 3590 526 3662 Ἀνὴρ
567 3591 960 3662 πλανώμενος
995 3593 1066 3660 ἐξ
1108 3593 1251 3649 ὁδοῦ
1283 3593 1698 3662 δικαιοσύνης,

118 3683 181 3737 ἐν
217 3683 542 3754 συναγωγῇ
576 3684 870 3754 γιγάντων
900 3685 1338 3742 ἀναπαύσεται.
1377 3685 1702 3762 Ἄνθρωπος

119 3777 522 3846 ἐκτρεπόμενος
550 3777 651 3846 τῆς
677 3775 800 3832 κατ’
831 3777 1032 3847 ἀρετὴν
1061 3776 1270 3847 τρίϐου,
1303 3776 1440 3846 μετὰ
1469 3775 1578 3828 τῶν
1615 3793 1702 3844 φι-

119 3867 456 3938 λοσωμάτων
507 3869 1030 3940 συναυλισθὴσεταιο
1083 3871 1140 3921 ἐν
1193 3865 1274 3932 οἷς
1321 3869 1384 3922 τὸ
1427 3867 1520 3922 τοῦ
1564 3865 1700 3920 Θεοῦ

119 3959 336 4029 πνεῦμα
365 3961 423 4014 οὐ
452 3964 771 4032 καταμενεῖ,
803 3963 890 4015 διὰ
913 3962 973 4014 τὸ
1002 3958 1142 4014 εἶναι
1171 3962 1370 4024 αὐτοὺς
1401 3962 1627 4030 σάρκας.

195 4051 278 4116 ιζ’.
319 4051 498 4119 Ἀνὴρ
542 4052 758 4120 ἐνδεὴς
815 4052 1016 4122 ἀγαπᾷ
1053 4054 1464 4122 εὐφροσύνην,
1509 4049 1704 4120 φιλῶν

121 4139 288 4198 οῒνον
342 4143 444 4198 καί
496 4145 706 4198 ἔλαιον
745 4147 833 4211 είς
879 4146 1166 4199 πλοῦτον.
1221 4147 1278 4198 ’0
1325 4145 1702 4213 πνευματικῆς

121 4235 341 4308 χρῄζων
365 4237 594 4307 τροφῆς.
622 4236 720 4306 τὴν
769 4237 912 4291 κατὰ
943 4236 1120 4308 ψυχὴν
1163 4237 1319 4290 ποθεῖ
1349 4237 1698 4305 ἀγαλλίασιν·

119 4327 501 4397 ἀσπαζόμενος
526 4326 786 4397 δαψιλῶς,
817 4327 912 4381 τόν
953 4344 1014 4380 τε
1039 4327 1196 4398 δίκην
1230 4328 1376 4382 οίνου
1409 4329 1702 4382 στυπτικὸν

119 4420 257 4490 πρὸς
283 4418 460 4489 φυγὴν
489 4418 588 4488 τῆς
617 4419 816 4484 κακίας
860 4419 1002 4473 Θεῖον
1050 4420 1233 4488 φόϐον,
1277 4422 1370 4474 καὶ
1413 4421 1503 4473 τὸν
1545 4421 1701 4490 δίκην

1801 1979 2190 2042 consequetur,
2223 1972 2356 2042 quia
2405 1973 2726 2030 misericors
2754 1989 2864 2029 non
2899 1973 3028 2031 fuit.

1872 2063 2039 2120 Vens.
2077 2063 2163 2118 M.
2193 2063 2389 2119 Munus
2413 2066 2675 2120 occultum
2709 2068 2896 2122 avertit
2919 2069 3052 2122 iras.
3085 2067 3188 2135 Qui
3231 2068 3380 2123 indi-

1801 2156 2062 2228 gentibus
2095 2157 2370 2212 occultam
2411 2157 2818 2230 eleemosynam
2855 2159 3008 2224 facit,
3053 2157 3161 2215 Deo
3185 2175 3380 2214 recon-

1800 2249 2022 2306 ciliatur
2045 2249 2208 2315 cujus
2235 2249 2373 2302 iram
2395 2244 2718 2319 provocavit
2752 2264 2848 2320 per
2877 2251 3378 2321 transgressionem

1802 2341 2212 2396 mandatorum.

1872 2428 2179 2484 Muneribus
2209 2437 2382 2482 autem
2406 2429 2497 2498 qui
2513 2429 2707 2497 parcit,
2734 2429 2966 2499 furorem
2991 2433 3220 2486 suscitat
3241 2432 3378 2486 vali-

1799 2521 1946 2576 dum.
1979 2521 2085 2588 Qui
2107 2527 2287 2576 autem
2320 2520 2392 2574 ob
2439 2521 2836 2596 parcimoniam
2873 2537 2981 2577 non
3005 2523 3209 2578 datsua
3238 2523 3380 2578 indi-

1799 2614 2074 2685 gentibus,
2097 2627 2428 2683 magnopere
2474 2611 2644 2666 Deum
2664 2613 2730 2668 ad
2753 2614 2888 2668 iram
2918 2625 3178 2685 provocat
3207 2633 3221 2670 :
3249 2617 3380 2687 quia

1799 2702 2181 2758 misericordia
2213 2719 2384 2774 egens
2412 2716 2524 2757 non
2564 2702 2861 2760 miseretur
2891 2721 3084 2760 eorum
3132 2707 3224 2777 qui
3271 2705 3379 2760 mi-

1799 2793 2101 2849 sericordia
2132 2802 2262 2849 sunt
2294 2795 2466 2868 digni.

1869 2886 2037 2940 Vsus.
2085 2888 2166 2942 l5.
2199 2887 2411 2946 Lwtitia
2437 2892 2712 2962 justorum
2736 2893 2912 2961 facere
2939 2889 3223 2958 iudicium.
3255 2887 3379 2960 Spi-

1798 2977 2021 3048 ritualis
2057 2989 2140 3034 est
2169 2981 2354 3037 laetitia
2382 2985 2686 3040 secundum
2726 2985 2818 3040 Dei
2855 2987 3000 3053 leges
3031 2997 3376 3040 conversan-

1800 3071 1970 3135 tibus,
2004 3071 2184 3126 iaeere
2213 3075 2358 3144 quod
2396 3077 2538 3131 ratio
2573 3078 2775 3132 bonum
2805 3077 3096 3147 judicavit.

1873 3157 2106 3215 Sanctus
2155 3171 2330 3216 autem
2377 3164 2687 3220 immundus
2739 3173 2814 3218 est
2860 3164 3001 3232 apud
3055 3161 3382 3230 πιαίοδηρυὶ

1802 3259 1983 3308 autem
2025 3262 2219 3308 sancte
2246 3266 2628 3320 conversatur,
2657 3256 2726 3312 ab
2760 3256 3106 3327 iniquitatem
3141 3270 3379 3326 operan-
3409 3317 3414 3320 _

1801 3344 1950 3400 tibus
1981 3360 2090 3400 non
2123 3345 2359 3400 habetur
2402 3347 2538 3401 bene
2565 3349 2772 3402 bonum
2796 3362 2984 3418 agere,
3019 3348 3113 3400 sed
3179 3348 3382 3418 ﬁngere

1802 3445 1863 3492 ut
1891 3438 2184 3510 populares
2216 3453 2380 3494 auras
2411 3446 2591 3508 captet
2632 3447 2687 3495 et
2724 3439 2796 3493 ob
2829 3453 3018 3492 vanam
3050 3437 3307 3508 gloriam.

1876 3611 2043 3668 Vens.
2075 3611 2165 3668 £6.
2207 3611 2301 3666 Vir
2333 3627 2522 3667 errans
2554 3627 2587 3664 a
2611 3611 2696 3666 via
2715 3609 2970 3677 iustitiae,
3000 3609 3054 3662 in
3113 3623 3381 3678 synagoga

1804 3704 2082 3773 gigantum
2111 3705 2415 3773 requiescet.
2439 3701 2614 3757 Homo
2643 3716 2672 3754 a
2691 3700 2780 3754 via
2807 3699 3028 3755 virtutis
3057 3698 3379 3762 deﬂectens,

1807 3811 1930 3850 cum
1965 3798 2213 3866 corporis
2247 3795 2562 3848 amantibus
2587 3793 3047 3859 commorabitur,
3095 3793 3150 3848 in
3180 3793 3382 3864 quibus

1806 3902 1914 3940 non
1941 3895 2222 3956 permanet
2254 3883 2492 3956 Spiritus
2526 3884 2641 3950 Dei,
2675 3885 2804 3956 quia
2831 3899 2963 3939 caro
3003 3895 3150 3938 sunt.

1882 4059 2046 4113 Vsus.
2067 4057 2153 4111 Π.
2190 4057 2282 4111 Vir
2302 4073 2492 4126 egenus
2506 4067 2649 4110 amat
2670 4057 2936 4119 lwtitiam,
2963 4056 3184 4125 diligens
3207 4055 3383 4108 viuum

1805 4161 1853 4205 et
1883 4151 2056 4204 oleum
2087 4149 2156 4203 ari
2211 4151 2444 4204 divitias.
2491 4151 2592 4214 Qui
2628 4149 2902 4218 spirituali
2965 4148 3090 4202 cibo
3156 4147 3378 4215 indiget,

1811 4241 2158 4310 concupiscit
2199 4241 2395 4294 animat
2422 4241 2690 4294 laetitiam.
2724 4237 2792 4292 Ut
2832 4239 3020 4292 vinum
3073 4238 3220 4305 large
3267 4251 3382 4288 azn-

1810 4335 2083 4403 plectitur
2115 4333 2364 4386 timorem
2420 4330 2514 4386 Dei
2577 4333 2668 4400 qui
2715 4345 2744 4383 a
2781 4338 3006 4399 peccato
3068 4327 3288 4390 avertit,
3329 4335 3384 4380 et

1807 4425 2050 4479 divinum
2083 4425 2420 4484 desiderium
2458 4424 2604 4494 quod
2639 4423 2704 4477 ad
2739 4423 2914 4478 instar
2945 4419 3051 4476 olei
3087 4419 3140 4473 in
3166 4415 3384 4474 virtutis

119 4511 307 4564 ἐλαίου
345 4509 714 4580 ὑπαλείφονται
736 4509 872 4582 πρὸς
891 4509 1153 4583 ἐργασίαν
1173 4510 1280 4564 τῶν
1305 4509 1530 4583 [καλῶν]
1559 4511 1698 4564 θεῖον

1818 4517 2180 4588 operationem
2213 4516 2466 4574 sublinit.

120 4600 306 4654 πόθον.

191 4692 282 4762 ιη’.
335 4693 750 4765 Περικὰθαρμα
798 4695 868 4750 δὲ
903 4695 1159 4762 δικαίου,
1208 4695 1454 4766 ἄνομος.
1498 4695 1705 4761 Ἑξίλα-

103 4801 236 4853 τσμα
264 4784 341 4847 δὲ,
377 4785 454 4849 ὡς
485 4785 547 4838 τὸ
591 4787 988 4858 περικάθαρμα
1013 4789 1042 4840 6
1081 4787 1314 4850 Ἀκύλας
1359 4787 1700 4857 ἡρμήνευκε,

125 4876 215 4929 τοῦ
249 4877 671 4948 πολιτευομένου
714 4878 858 4932 κατὰ
889 4877 1064 4942 θείους
1103 4876 1302 4942 νόμους
1340 4879 1508 4944 ἐστὶν,
1539 4878 1568 4930 ὁ
1600 4895 1703 4930 πα·-

129 4967 437 5038 ραὸἀτης...
471 4968 620 5021 ἐστὶν
665 4969 872 5023 αὐτῶν·
919 4963 1297 5032 ἐξιλεουμένου
1327 4968 1458 5020 Θεὸν
1500 4966 1698 5038 τούτῳ,

127 5057 182 5108 ἐν
211 5057 289 5128 τῷ
332 5055 672 5128 διορθοῦσθαι
701 5057 870 5112 αὐτοῦ
903 5060 994 5111 τὸν
1028 5057 1164 5125 βίαν,
1203 5058 1270 5110 δι’
1307 5051 1367 5110 οὗ
1397 5055 1530 5109 Θεὸν
1566 5073 1704 5127 παρ-

125 5145 388 5219 ὡργισεν⁸
423 5148 452 5200 6
488 5147 598 5219 γὰρ
643 5147 788 5202 κατά
809 5143 942 5201 Θεὸν
968 5146 1102 5212 ζῶν,
1120 5145 1211 5198 τὸν
1241 5145 1316 5216 μὴ
1335 5143 1475 5197 οὕτω
1503 5142 1700 5208 ζῶντα,

126 5243 243 5302 ταῖς
272 5239 466 5294 ἑαυτοῦ
493 5243 851 5312 παραινέσεσι
870 5239 1161 5310 προσάγων
1186 5236 1324 5307 Θεῷ,
1344 5236 1702 5290 καταλλάττει

126 5333 310 5386 τοῦτον
341 5331 512 5402 αὐτῷ.

200 5423 286 5478 ιϐ’.
314 5423 616 5492 Κρεῖσσον
652 5423 837 5478 οἰκεῖν
871 5423 940 5475 ἐν
983 5421 1058 5491 τῇ
1098 5423 1315 5490 ἐρήμῳ,
1349 5421 1385 5488 ἢ
1411 5421 1562 5489 μετὰ
1598 5439 1702 5489 γυ-

130 5517 330 5584 ναικὸς
355 5517 622 5585 μαχίμου
649 5517 743 5570 καὶ
769 5516 1030 5586 ὀργίλου.
1063 5515 1274 5583 ’Ὠσπερ
1299 5515 1360 5566 τὸ
1385 5513 1564 5580 ἄζυγά
1583 5530 1705 5565 τινα

134 5606 269 5664 εἶναι
304 5611 402 5663 καὶ
439 5607 825 5690 μεμονωμένον
871 5610 1060 5670 οἰκεῖν,
1112 5608 1328 5660 κάλλιόν
1375 5609 1525 5660 ἐστιν
1564 5605 1704 5675 ὑπὲρ

133 5703 192 5754 τὸ
213 5691 476 5757 συνοικεῖν
507 5703 724 5770 γυναικὶ
744 5705 990 5772 ἐριστικῇ
1021 5703 1142 5769 εἰκῆ
1175 5700 1526 5772 ὀργιζομένῃ,
1562 5696 1703 5750 οὕτω

136 5796 343 5851 κάλλιόν
396 5800 507 5850 ἐστι
563 5797 656 5851 καὶ
705 5797 778 5867 τῷ
815 5798 886 5866 νῷ
941 5794 1090 5864 ἁπλαῖ)
1126 5797 1180 5846 ἐν
1218 5795 1333 5860 Qui:
1369 5795 1566 5861 μένειν,
1602 5791 1704 5855 ἔξω

1879 4695 2046 4753 Vens.
2084 4695 2171 4750 18.
2212 4695 2674 4764 Circumpurgatio
2699 4701 2850 4764 Justo
2885 4695 3118 4764 iniquus.
3178 4689 3382 4762 Legum

1806 4789 1899 4844 Dei
1933 4799 2308 4858 transgressor
2339 4789 2624 4858 placamen
2650 4795 2735 4843 est
2764 4788 2996 4856 (Aquila
3037 4789 3142 4840 circ
3160 4801 3382 4854 umpur-

1803 4883 1950 4949 gatio
2016 4880 2414 4950 interpretatus
2460 4877 2588 4948 est)
2635 4879 2756 4948 ejus
2786 4879 2880 4948 qui
2931 4877 3236 4932 scentulum
3291 4889 3386 4928 eas

1805 4981 2183 5030 conversatur.
2210 4971 2381 5026 Deum
2417 4970 2620 5040 placat,
2657 4971 2827 5022 vitam
2858 4969 2912 5022 in
2935 4969 3004 5022 iis
3043 4964 3384 5022 emendando

1805 5069 2146 5137 quibuscum
2176 5065 2241 5120 ad
2269 5067 2402 5120 iram
2427 5065 2768 5135 provocavit.
2795 5062 2928 5115 Nam
2959 5059 3052 5128 qui
3078 5055 3382 5113 secundum

1807 5159 1976 5215 Deum
2009 5159 2143 5214 vivit
2171 5173 2293 5214 cum
2325 5160 2418 5228 qui
2452 5173 2560 5212 non
2597 5157 2670 5210 ita
2721 5159 3086 5209 conversatur
3143 5147 3384 5218 propriis

1807 5252 2287 5307 adhortationibus
2327 5250 2390 5305 ad
2427 5249 2594 5303 Deum
2627 5247 2784 5300 ducit
2837 5245 3001 5312 eique
3039 5241 3382 5312 reconciliat.

1879 5430 2040 5484 Vens.
2081 5429 2164 5482 i9.
2198 5427 2391 5481 Metius
2421 5437 2500 5479 est
2529 5422 2766 5476 habitare
2791 5421 2844 5473 in
2866 5418 3070 5471 deserto
3093 5431 3384 5485 quamcum

1805 5518 2024 5571 muliere
2059 5517 2240 5570 riazosa
2265 5523 2312 5568 et
2349 5511 2634 5566 iracunda.
2666 5505 3138 5574 Quemadmodurn
3183 5503 3383 5556 melius

1805 5621 1887 5664 est
1927 5609 2174 5663 caelibem
2207 5619 2272 5660 ac
2299 5603 2472 5658 solum
2507 5614 2747 5662 manere,
2779 5611 2944 5667 (illam
2979 5586 3231 5648 habitare
3255 5607 3379 5646 cum

1808 5701 2038 5755 muliere
2073 5699 2252 5750 rimsa
2288 5705 2339 5748 et
2379 5694 2496 5750 sine
2538 5707 2700 5746 causa
2754 5691 3046 5754 irascente;
3096 5687 3168 5740 ita
3212 5684 3386 5739 satius

1811 5801 1892 5847 cst
1950 5790 2003 5843 in
2053 5797 2231 5841 mente
2261 5783 2496 5855 simplici
2531 5782 2999 5846 terrestribusque
3035 5778 3211 5830 soluta
3259 5789 3384 5828 cum
