3900 6228
512 331 651 402 1435

1807 333 2160 399 PROCOPII
2207 336 2450 402 GAZ.‘EI

3626 341 3762 408 lius

510 450 625 506 Deo
657 467 900 520 manere,
934 467 1095 522 quam
1123 467 1248 508 cum
1282 452 1467 506 rixosa
1497 451 1814 507 Graecorum
1867 449 2078 519 sapien-

2198 449 2296 502 τῶν
2327 449 2498 505 ὄντων
2530 449 2822 521 γινομένῳ,
2873 449 2906 520 ἢ
2950 451 3218 504 συνοικεῖν
3258 452 3325 520 τῇ
3361 453 3663 520 φιλονείκῳ
3697 463 3787 507 διαὶ

505 551 582 594 tua
613 557 734 611 qua:
763 543 1162 611 intempestivis
1215 541 1490 597 institutis
1535 541 1800 597 velociter
1837 541 1905 595 ad
1943 540 2080 594 iram

508 641 712 689 movet.

591 721 746 780 Vsus.
787 725 876 780 20.
924 721 1224 780 Thesaurus
1255 723 1620 780 desiderabilis
1656 725 1939 794 requiescet
1993 740 2082 779 su-

501 833 600 886 per
623 833 681 870 os
703 817 979 886 sapientis.
1021 815 1423 873 Desiderabiles
1458 815 1844 888 mysteriorum
1878 816 1971 871 Dei
2001 815 2082 869 di-

505 908 654 962 vitia:
681 923 804 975 ante
824 907 1240 963 abscondantur
1273 908 1326 962 in
1364 907 1497 974 Deo,
1526 909 1762 964 libenter
1787 917 2084 963 occurrent

507 999 562 1052 in
593 999 884 1053 doctrinali
931 1014 1185 1055 sermone
1221 998 1344 1070 ejus
1382 1001 1481 1071 qui
1531 1000 1714 1056 divina
1776 1001 2078 1070 cognoscit.

505 1084 885 1157 indigentibus
924 1089 994 1144 ab
1026 1089 1118 1145 illo
1163 1089 1417 1146 revelata:
1455 1089 1620 1146 etiam
1666 1089 1858 1160 inopes
1906 1088 2084 1145 ditare

491 1181 710 1238 .valent.
1752 1227 1769 1240 .

575 1271 943 1340 Imprudentes
985 1283 1164 1328 autem
1207 1274 1311 1352 uiri
1355 1272 1679 1329 deoarabunt
1729 1272 1904 1326 illum.
1975 1269 2082 1338 Qui

502 1357 684 1414 autem
731 1359 1058 1430 insipienter
1087 1369 1494 1418 conversantur
1549 1361 1806 1432 praal‘atas
1859 1359 2083 1415 divitias

403 1487 409 1493 -
503 1468 629 1508 eum
659 1453 972 1524 acceperint
993 1469 1024 1509 a
1052 1460 1408 1524 praeceptore,
1429 1451 1718 1508 destruent
1739 1467 1808 1508 ne
1833 1451 2080 1522 aliquan-

503 1547 677 1600 tulum
707 1547 926 1616 quidem
955 1561 1050 1600 eas
1081 1545 1342 1602 colendas
1373 1551 1656 1601 curantes.

573 1637 740 1694 Vens.
779 1637 871 1692 21.
919 1637 1020 1693 Via
1063 1639 1294 1708 justitia:
1340 1646 1390 1693 et
1435 1633 1817 1694 misericordia:
1860 1633 2082 1688 inueniet

2188 539 2326 609 πρὸς
2353 539 2526 611 ὀργὴν
2558 537 2724 604 ὀξέως
2758 537 2984 608 κινούσῃ
3023 539 3145 602 ταῖς
3171 539 3426 610 ἀκαίροις
3461 541 3790 597 ἐνστάσεσιν

2199 630 2493 704 Ἑλληνικῇ
2525 631 2711 704 σοφίᾳ.

2257 728 2328 776 κ’.
2355 721 2673 792 Θησαυρὸς
2695 721 3059 791 ἐπιθυμητὸς
3078 724 3500 778 ἀναπαύσεται
3519 723 3628 776 ἐπὶ
3654 723 3789 778 στό-

2179 828 2367 882 ματος
2401 812 2620 880 σοφοῦ.
2661 811 2722 866 ’0
2749 813 2808 864 ὲν
2835 810 2955 882 Θεῷ
2973 814 3500 885 ἀποκεκρυμμένος,
3530 812 3640 866 καὶ
3665 813 3791 881 ἐρά-

2185 921 2344 976 σμιος
2381 903 2615 965 πλοῦτος
2647 903 2758 958 τῶν
2795 903 3115 976 μυστηρίων
3147 902 3340 968 αὐτοῦ,
3387 905 3794 975 ἐμφιλοχωρὴο

2187 1009 2270 1048 σει
2295 994 2372 1065 τῷ
2399 993 2766 1066 διδασκαλικῷ
2793 995 2940 1066 λόγῳ
2963 994 3060 1048 τοῦ
3096 993 3166 1048 τά
3193 995 3315 1048 θεῖα
3347 993 3558 1062 σοφοῦ·
3592 994 3670 1046 δι’
3705 995 3794 1046 αὖ-

2181 1087 2278 1142 τοῦ
2322 1089 2436 1151 τοῖς
2481 1083 2788 1158 χρῄζουσιν
2835 1086 3380 1158 ἀνακαλυπτόμενος,
3434 1086 3538 1139 καὶ
3593 1085 3797 1148 ἐνδεεῖς

2183 1180 2368 1246 ὄντας,
2402 1179 2706 1244 πλουτίζων
2737 1179 2960 1244 αὐτούς.

2257 1269 2554 1342 Ἀφροιές
2579 1271 2648 1326 δὲ
2679 1270 2918 1340 ἄνδρες,
2971 1271 3364 1326 καταπίοι-ται
3396 1271 3628 1324 αὐτόν,
3666 1271 3733 1322 Οἱ
3758 1269 3786 1321 δ

2184 1363 2490 1434 ἀλογίστως
2522 1361 2767 1434 βιοῦντες
2797 1361 3098 1435 ἀνθρωττοι,
3119 1362 3212 1416 τὸν
3230 1361 3535 1434 εἰρημένον
3561 1359 3800 1414 πλοῦτον

2185 1456 2338 1528 παρὰ
2379 1452 2474 1509 τοῦ
2503 1453 2826 1509 διδασκάλου
2869 1453 3177 1526 δεξάμενοι,
3221 1451 3570 1523 ἀφανίσουσι
3610 1450 3800 1505 τοῦτον

2188 1549 2312 1622 μηδ’
2338 1545 2589 1601 ὁπωσοῦν
2621 1547 2789 1600 αὐτὸν
2812 1545 3174 1618 βουληθέντες
3203 1543 3664 1617 ἐπεργάσασθαι.

2256 1643 2362 1692 κα¹.
2405 1637 2584 1704 Ὃδὸς
2608 1637 3005 1706 δικαιοσύνης
3037 1636 3139 1690 καὶ
3159 1637 3606 1706 ὲλεημοσὺνης
3627 1636 3800 1705 εὑρή-

498 1728 662 1783 υἱιαιη
698 1737 749 1783 ει
783 1727 1032 1798 gloriam.
1079 1727 1311 1784 Rectum
1349 1727 1626 1797 judicium.
1655 1735 1708 1782 et
1743 1726 1798 1780 in
1833 1725 2078 1780 homines

2198 1747 2283 1785 σει
2301 1726 2460 1798 ζωὴν
2483 1729 2583 1784 καί
2625 1727 2834 1793 δόξαν.
2877 1728 2950 1781 Τδ
2985 1731 3053 1783 τὰ
3097 1729 3400 1800 πράγματα
3434 1727 3670 1800 κρίνειν
3711 1730 3797 1797 δρ-

502 1821 881 1876 misericordia
915 1821 1040 1877 illos
1069 1821 1162 1892 qui
1199 1821 1529 1892 cogitatione
1555 1827 1610 1874 et
1640 1828 1766 1874 actu
1798 1817 2074 1888 propriam

2198 1820 2321 1884 Ξῶς.
2365 1795 2546 1874 καὶτὸ
2580 1819 2720 1891 πρὸς
2753 1819 3078 1890 ἀνθρώπους
3103 1795 3409 1891 συμπαθῶς
3443 1795 3793 1882 διακεῖσθαι,

501 1913 668 1966 vitam
707 1913 790 1969 his
827 1912 1166 1970 conformem
1199 1914 1464 1980 elﬁeiuut,
1495 1913 1701 1968 ducent
1731 1921 1785 1966 et
1815 1909 1882 1964 ad
1915 1911 2081 1964 vitam

501 2009 714 2057 mentes
747 2003 803 2058 in
837 2001 1065 2073 Spiritu,
1097 2003 1164 2058 ad
1190 2005 1374 2059 lumen
1407 2001 1622 2059 scilicet
1651 2001 1916 2066 scientite,
1943 2007 1996 2055 et
2026 1999 2081 2054 in

496 2089 666 2146 vitam
701 2108 800 2164 per
827 2093 970 2148 bona
1004 2109 1170 2164 opera
1197 2095 1400 2150 claram
1439 2093 1869 2166 gloriosamque.

573 2265 742 2324 Vens.
771 2269 860 2324 22.
895 2268 1147 2326 Civitates
1182 2273 1416 2328 munitas
1448 2271 1718 2342 ingressus
1746 2281 1824 2325 est
1845 2271 2079 2338 sapiens,

501 2359 730 2416 Animas
775 2363 1017 2419 munitas
1073 2363 1284 2434 ﬁdeque
1325 2363 1378 2418 in
1431 2363 1599 2417 Deum
1635 2363 1957 2426 custoditas,
1987 2361 2083 2418 Dei

499 2445 750 2511 verbum,
785 2448 1190 2518 sapientissime
1227 2451 1350 2520 ejus
1385 2449 1732 2521 providentia
1761 2464 1826 2504 ac
1852 2449 2081 2520 judicio,

497 2548 582 2592 est
623 2539 963 2606 ingressum,
998 2541 1121 2597 illas
1171 2540 1301 2597 huic
1341 2541 1508 2596 verbo
1552 2539 1860 2612 subjiciens
1905 2553 1976 2594 ne
2027 2539 2084 2594 in

499 2628 798 2683 stultitiam
828 2629 1208 2688 deﬂectantur.

571 2718 640 2772 Et
668 2719 836 2776 diruit
874 2723 1220 2778 munitionem
1261 2725 1316 2778 in
1347 2741 1452 2794 qua
1481 2724 1672 2794 conﬁsi
1713 2732 1866 2779 erant
1913 2723 2082 2792 impii.

501 2809 567 2863 Et
607 2811 834 2866 sustulit
877 2812 948 2866 ab
981 2813 1060 2869 eis
1111 2815 1390 2869 carnalem
1439 2815 1827 2884 cogitationem
1875 2815 1928 2868 in
1976 2829 2084 2884 qua

502 2902 725 2957 malitia:
777 2904 1008 2973 spiritus
1058 2905 1230 2961 Deum
1271 2921 1382 2961 non
1432 2917 1788 2974 reverentes,
1835 2906 1983 2961 velut
2028 2907 2085 2961 in

500 2993 790 3062 pravitatis
837 2994 1076 3064 quodam
1122 2996 1466 3052 munimento
1525 3011 1743 3052 omnem
1812 2995 2086 3052 habebant

498 3085 781 3138 audaciam
805 3124 820 3148 ,
855 3085 926 3140 ob
969 3087 1154 3142 carnis
1193 3086 1551 3144 indolentiam
1599 3087 1836 3144 animam
1877 3087 2085 3146 doloris

499 3172 874 3242 impatientem
910 3178 1255 3234 seducentes.

479 3271 484 3276 '
577 3263 738 3321 Vens.
765 3267 854 3322 25.
891 3267 998 3333 Qui
1031 3271 1264 3326 custodit
1296 3288 1355 3327 os
1381 3287 1536 3327 suum
1567 3281 1618 3329 et
1647 3273 1914 3344 linguam,
1959 3289 2082 3330 cus-

500 3355 634 3410 todit
674 3373 708 3412 a
757 3358 1104 3416 tribulatione
1149 3365 1388 3418 animam
1429 3381 1615 3429 suam,
1648 3365 1753 3432 Qui
1811 3366 1866 3422 in
1898 3367 2079 3424 verbis

496 3449 790 3507 continens
815 3459 920 3518 est,
951 3463 1110 3508 caute
1134 3469 1304 3525 pauca
1327 3455 1809 3525 dicens,'custodit
1837 3458 2076 3513 animam

499 3555 654 3598 Suam
692 3543 990 3600 immunem
1030 3548 1286 3604 maeroris
1312 3563 1379 3604 ex
1417 3558 1620 3605 temere
1652 3548 1922 3604 dictorum
1960 3563 2078 3620 pa:-

499 3633 736 3690 nitentia

571 3831 737 3891 Vens.
762 3835 853 3892 2t.
887 3837 1082 3892 Audax
1105 3846 1157 3894 et
1202 3855 1460 3911 arrogans
1521 3848 1574 3896 et
1623 3849 1950 3910 ostentator,
1984 3857 2076 3912 pe-

500 3926 685 3982 stilens
714 3937 950 3987 uocatur.
985 3927 1090 3996 Qui
1118 3929 1274 3986 fratri
1314 3947 1424 3987 non
1481 3933 1682 4002 parcit,
1742 3933 1837 3990 sed
1916 3933 2072 3989 illum

503 4019 659 4088 punit
689 4020 809 4076 sine
839 4019 1240 4090 misericordia,
1279 4031 1335 4079 et
1355 4032 1668 4094 contempta
1697 4025 1834 4097 legis
1871 4025 2076 4083 divinae

499 4112 862 4182 prohibitione
889 4113 1038 4168 illum
1067 4115 1352 4172 detrahere
1405 4117 1591 4184 audet,
1621 4129 1814 4173 contra
1845 4117 2072 4176 fratrem

497 4200 791 4275 insurgens
837 4217 1073 4274 eumque
1101 4207 1256 4276 parvi
1310 4205 1544 4272 iaciens,
1579 4209 1876 4278 perditor-is
1905 4210 2072 4266 sorti—

498 4301 590 4348 tur
618 4309 816 4350 nomen
843 4305 1030 4367 utpote
1045 4297 1138 4368 qui
1167 4298 1354 4364 verbo,
1373 4313 1556 4370 opere,
1581 4299 1858 4372 animique
1873 4301 2071 4358 all'ectu

466 4423 478 4429 ο
497 4388 804 4454 proximum
829 4388 1024 4445 laedere
1039 4398 1293 4445 conatur.

571 4581 672 4646 Qui
705 4593 880 4638 autem
913 4587 1240 4656 injuriarum
1270 4605 1468 4645 memor
1519 4599 1619 4658 est,
1674 4592 1908 4664 iniquus.
1966 4595 2071 4660 Qui

499 4682 682 4728 autem
717 4691 924 4731 memor
948 4683 1306 4737 estmmroris
1357 4697 1466 4752 quo
1498 4683 1568 4738 ab
1615 4683 1798 4754 aliquo
1837 4696 1918 4742 est
1940 4685 2072 4742 alie-

496 4774 644 4828 ctus,
711 4781 891 4836 neque
933 4767 989 4822 in
1048 4771 1202 4824 illum
1254 4789 1448 4842 puram
1509 4785 1692 4832 servat
1747 4776 2070 4843 amicitiam,

489 4858 751 4926 spiamvis
778 4858 990 4912 nullum
1019 4861 1066 4916 ei
1103 4861 1296 4918 aﬂerat
1339 4865 1624 4930 damnum,
1665 4869 2075 4940 transgreditur

490 4946 592 5004 Dei
629 4949 948 5005 mandatum
977 4966 1088 5022 quo
1127 4955 1439 5024 proximum
1476 4975 1635 5016 suum
1671 4961 2073 5034 sicutseipsum

487 5039 983 5112 diligerejubetur.
1326 5065 1351 5092 .-

570 5149 732 5208 Vens.
767 5153 862 5208 25.
889 5153 1168 5214 Desideria
1195 5159 1444 5216 occidunt
1466 5163 1695 5233 pigrum.
1718 5161 2076 5222 lrrationales

487 5245 834 5300 sensualium
897 5247 1238 5320 voluptatum
1287 5254 1564 5322 appetitus
1621 5255 1959 5324 negligentis
2017 5258 2072 5312 in

489 5332 858 5405 aduuplendis
886 5337 981 5394 Dei
1002 5341 1274 5398 mandatis
1289 5343 1548 5399 occidunt
1572 5343 1834 5400 animam.

570 5531 697 5588 Non
722 5537 863 5590 enim
882 5537 1079 5609 eligunt
1103 5557 1290 5595 manus
1347 5541 1459 5610 ejus
1515 5541 1802 5612 quidquam
1843 5544 2074 5612 operari.

498 5621 708 5678 Anima:
727 5624 888 5696 hujus
909 5630 1169 5698 practiete
1192 5631 1467 5700 potentiae,
1492 5632 1829 5688 vanitatibus
1853 5630 2072 5699 deditae,

501 5727 610 5770 non
645 5717 849 5787 eligunt
881 5722 1010 5791 quid
1063 5723 1190 5778 boui
1245 5727 1494 5796 operari:
1556 5737 1839 5796 propterea
1887 5727 2067 5784 anima

2183 1911 2301 1978 ἄξει
2327 1911 2471 1965 κατά
2493 1911 2727 1983 θεωρίαν
2745 1911 2840 1966 καὶ
2879 1911 3078 1982 πρᾶξιν
3105 1911 3206 1964 τὸν
3243 1909 3390 1964 οὕτω
3428 1911 3543 1978 τὴν
3587 1912 3798 1964 οἰκείαν

2181 2000 2330 2072 ζωὴν
2359 2000 2700 2070 διεξάγοντα,
2752 1999 2834 2067 είς
2866 2017 2928 2054 τε
2957 2001 3056 2072 τὴν
3081 2003 3138 2058 ἐν
3169 1999 3460 2072 Πνεῦματι
3495 1999 3664 2071 ζωὴν
3705 2002 3792 2054 τοῦ

2183 2092 2298 2157 νοῦ,
2327 2093 2422 2147 τὸν
2453 2091 2553 2161 τῆς
2589 2091 2848 2162 γνώσεως
2879 2093 3182 2164 φωτισμὸν,
3213 2095 3307 2147 καὶ
3335 2093 3420 2157 είς
3457 2092 3526 2146 τὸ
3551 2092 3661 2146 τοῦ
3683 2091 3792 2163 βίον

2182 2185 2250 2239 δι’
2283 2185 2644 2256 ἀγαθοεργίας
2676 2184 2930 2256 λαμπρὸν
2959 2185 3054 2237 καὶ
3076 2179 3341 2250 ἐπίδοξον.

2255 2275 2359 2344 κβ’.
2391 2275 2610 2342 Πόλεις
2647 2274 2871 2344 ὀχυρὰς
2899 2273 3082 2341 ἐπέϐη
3115 2275 3330 2344 σοφός.
3386 2273 3522 2328 Ἐπὶ
3551 2273 3671 2338 τὰς
3707 2292 3791 2328 τε·

2185 2365 2599 2438 θεμελιωμένας
2656 2365 2754 2419 καὶ
2805 2363 3332 2436 κατησφαλισμένας
3377 2366 3446 2436 τῇ
3513 2366 3606 2428 εἰς
3662 2363 3789 2416 Θεδιι

2185 2457 2368 2511 πίστει
2396 2457 2598 2527 ψυχὰς,
2626 2458 2654 2510 ὁ
2679 2454 2775 2510 τοῦ
2805 2451 2940 2508 Θεοῦ
2970 2455 3152 2523 λόγος,
3185 2454 3252 2524 τῇ
3285 2454 3590 2526 σοφωτάτῃ
3621 2452 3786 2507 αὐτοῦ

2185 2547 2416 2620 προνοίᾳ
2438 2548 2535 2603 καὶ
2563 2547 2766 2620 κρίσει,
2796 2545 3024 2618 ἀνῆλθε⁸
3053 2545 3443 2612 καθυποτάξας
3467 2545 3638 2616 αὐτῷ
3660 2544 3786 2599 ταύ-

2130 2662 2137 2670 ·
2183 2656 2306 2704 τας,
2341 2638 2485 2692 ὥστε
2516 2637 2592 2708 μὴ
2620 2637 2700 2701 εἰς
2722 2637 2948 2705 ἀλογίαν
2973 2635 3293 2708 τρέπεσθαι.

2256 2729 2365 2783 Kal
2391 2727 2630 2782 καθεῖλε
2657 2725 2725 2780 τὸ
2747 2727 3045 2795 ὀχύρωμα,
3072 2725 3165 2794 ἐφ’
3188 2719 3236 2794 ᾦ
3259 2725 3713 2783 ἐπεποίθεισαν
3732 2731 3782 2784 ei

2183 2814 2444 2880 ἀσεϐεῖς.
2475 2815 2586 2870 Καὶ
2609 2813 2883 2886 περιεῖλεν
2904 2812 2964 2878 ἐξ
2991 2811 3170 2866 αὐτῶν
3196 2812 3256 2865 τδ
3278 2812 3378 2884 τῆς
3408 2814 3631 2883 σαρκὸς
3652 2821 3778 2885 φρό-

2184 2924 2335 2979 νημα
2355 2905 2441 2974 ἐφ’
2471 2897 2517 2974 ᾧ
2545 2904 2616 2958 τά
2646 2904 2722 2976 μὴ
2747 2902 2996 2974 τιμῶντα
3022 2903 3156 2957 Θεὸν
3180 2902 3282 2974 τῆς
3308 2903 3592 2974 πονηρίας
3627 2906 3778 2958 πει-εύ-
3868 2969 3871 2988 1

2189 3015 2355 3071 ματα.
2391 2995 2469 3061 ὥς
2493 3013 2601 3050 τινι
2633 2995 2836 3058 κακίας
2877 2993 3226 3066 ὀχυρώματι,
3271 2993 3333 3046 τὸ
3371 2991 3528 3048 ἅπαν
3573 2995 3780 3066 esse“
3847 3005 3872 3069 ι

2185 3090 2483 3162 ἐκέκτηντο
2510 3088 2600 3143 διὰ
2626 3088 2726 3160 τὴν
2752 3086 3022 3142 ἀπάθειαν
3050 3085 3151 3156 τῆς
3192 3084 3419 3156 σαρκὸς,
3449 3084 3562 3158 τὴν
3602 3084 3775 3156 ψυχὴν
3870 3075 3871 3087 “

2187 3185 2444 3240 πείθοντα
2469 3183 2746 3254 δυσπαθῆ.

2253 3281 2361 3345 κγ’.
2395 3276 2494 3340 Ὃς
2545 3270 2858 3344 φυλάσσει
2907 3271 2976 3325 τὸ
3023 3269 3221 3340 στόμα
3273 3267 3467 3324 αὐτοῦ
3517 3268 3621 3322 καὶ
3670 3267 3774 3336 τὴν

2180 3364 2495 3438 γλῶσσαν,
2523 3363 2791 3434 διατηρεῖ
2803 3363 2871 3418 ἐκ
2893 3363 3158 3432 θλίψεως
3173 3360 3290 3430 τὴν
3317 3358 3543 3430 ψυχὴν
3565 3361 3771 3416 αὑτοῦ.

2191 3459 2252 3514 '0
2298 3459 2356 3512 ἐν
2392 3457 2575 3526 λόγοις
2617 3455 3129 3526 ἐγκρατευόμενος,
3192 3452 3332 3524 μετά
3383 3452 3772 3524 περισκέψεως

2183 3549 2390 3621 βραχέα
2417 3547 2814 3619 φθεγγόμενος,
2850 3543 3114 3614 φυλάσσει
3153 3542 3251 3614 τὴν
3291 3541 3431 3596 ίδίαν
3456 3541 3655 3614 ψυχὴν
3683 3541 3771 3608 τῆς

2181 3643 2248 3695 ἐκ
2275 3638 2660 3712 ἀμεταμελείας
2705 3636 2815 3692 τῶν
2863 3637 2940 3701 ὡς
2989 3634 3149 3706 ἔτυχε
3207 3628 3554 3703 λεγομένων,
3599 3631 3768 3702 λύπης

2180 3732 2484 3802 ἀνέπαφον.

2247 3843 2325 3900 κδ’
2332 3887 2346 3900 .
2387 3843 2626 3915 Θρασὺς
2661 3843 2762 3898 καί
2807 3839 3078 3909 αὐθάδης
3107 3839 3209 3894 καὶ
3254 3835 3518 3903 ἀλαζών,
3565 3837 3770 3906 λοιμές

2177 3933 2466 3988 καλεῖται.
2505 3934 2564 3986 '0
2597 3931 2691 3986 τοῦ
2726 3931 2961 3999 ἀδελφοῦ
2993 3929 3070 4001 μὴ
3127 3928 3442 3998 φειδόμενος
3467 3967 3484 3990 ,
3684 3931 3769 3981 ἁν-

2176 4025 2352 4097 ηλεῶς
2381 4024 2544 4079 αὑτὸν
2563 4021 2842 4096 τιμωρῶνς
2864 4022 2960 4076 καὶ
2982 4021 3159 4090 λέγειν
3177 4020 3298 4073 κατ’
3318 4017 3488 4072 αὐτοῦ
3511 4019 3769 4073 αὐθαδεσ-

2175 4116 2425 4189 ζόμενος,
2446 4117 2548 4171 κᾶν
2575 4115 2680 4170 ὑπὸ
2697 4115 2862 4184 νόμου
2894 4114 3052 4169 θείουο
3074 4111 3212 4184 πρὸς
3245 4110 3405 4165 τοῦτο
3435 4111 3768 4173 κεκώλυται,

2175 4209 2270 4264 καὶ
2293 4207 2388 4262 τοῦ
2415 4205 2692 4278 ὁμοφυοῦς
2723 4205 3218 4276 κατεπαιρόμενος,
3245 4203 3342 4257 καὶ
3369 4203 3770 4267 κατευτελίζων

2175 4301 2360 4364 αὐτὸν,
2392 4298 2629 4371 φθορεὺς
2661 4297 3016 4370 ὀνομάζεται,
3065 4297 3143 4360 ὡς
3171 4296 3321 4366 ἔργῳ
3365 4295 3464 4348 καὶ
3493 4295 3650 4364 λόγῳ
3686 4295 3771 4347 καὶ

2173 4393 2350 4464 ψυχῆς
2376 4392 2636 4456 διαθέσει,
2672 4391 2766 4446 τὸν
2793 4391 3021 4462 πλησίον
3062 4388 3227 4444 αὐτοῦ
3257 4387 3533 4458 βλάπτειν
3571 4390 3771 4459 tralat-

2100 4477 2156 4540 D
2185 4485 2314 4556 ρῶν.

2247 4599 2352 4664 ’ος
2383 4595 2453 4650 δὲ
2485 4594 2872 4666 μνησικακεῖ,
2913 4595 3283 4664 παράνομος.
3330 4594 3430 4657 Ὃς
3470 4593 3532 4646 δὲ
3563 4609 3768 4664 μνημο-

2173 4689 2318 4744 νεύει
2353 4686 2448 4742 τοῦ
2480 4687 2634 4758 παρά
2665 4703 2812 4750 τινος
2839 4685 3154 4756 συμϐάντος
3191 4684 3340 4755 αὑτῷ
3371 4683 3655 4754 λυπηροῦ,
3685 4685 3769 4734 καὶ

2177 4781 2254 4854 μὴ
2294 4782 2455 4853 τηρεῖ
2481 4781 2700 4850 ἀγάπην
2736 4778 2874 4850 πρὸς
2917 4777 3084 4833 αὐτὸν
3122 4775 3398 4847 καθαρὰν,
3436 4777 3768 4847 παραϐαίνει

2175 4873 2270 4926 τὸν
2315 4871 2764 4943 διακελευόμενον
2807 4871 2996 4940 νόμον,
3030 4869 3262 4938 ἀγαπᾷν
3295 4868 3388 4920 τδν
3420 4866 3660 4939 πλησίον
3701 4868 3769 4926 ὡς

2177 4966 2392 5027 ἑαυτὸν,
2422 4965 2470 5017 εί
2491 4961 2586 5017 καὶ
2612 4962 2688 5035 μὴ
2709 4961 2916 5034 βλάϐην
2945 4959 3120 5032 τούτῳ
3148 4959 3348 5028 ἐπάγει
3371 4960 3524 5015 τινὰ.

2246 5172 2344 5220 κε’.
2391 5165 2727 5235 Ἐπιθυμίαι
2753 5163 3017 5234 ὀκνηρὸν
3044 5162 3545 5246 ἀποκτείνουσιν.
3575 5165 3645 5217 At
3673 5179 3768 5215 πα-

2149 5299 2154 5302 -
2180 5257 2397 5330 ράλογοι
2421 5257 2532 5312 τῶν
2575 5258 2694 5312 κατ’
2723 5257 2976 5330 αἴσθησιν
3006 5257 3182 5329 ἡδέων
3211 5255 3452 5328 ὀρέξεις,
3487 5255 3588 5308 τὸν
3617 5255 3773 5328 ρᾁυο

2181 5365 2282 5420 μον
2332 5350 2471 5420 πρὸς
2513 5349 2609 5420 τὴν
2633 5349 2743 5403 τῶν
2779 5349 2943 5405 θείων
2989 5349 3222 5404 ἐντολῶν
3253 5347 3550 5419 ἐργασίαν,
3586 5348 3773 5419 νεκρὲτ

2176 5439 2503 5494 ἀποτελοῦσι
2539 5437 2678 5494 κατὰ
2715 5439 2916 5512 ψυχήν.

2250 5551 2333 5604 Οὐ
2367 5551 2472 5620 γὰρ
2502 5550 2928 5620 προαιροῦνται
2956 5554 3012 5604 al
3039 5549 3232 5618 χεῖρες
3255 5549 3446 5604 αὐτοῦ
3476 5549 3680 5603 ποιεῖν
3707 5567 3774 5602 τι.

2179 5643 2244 5694 Ai
2278 5643 2384 5714 γὰρ
2421 5643 2518 5713 τῆς
2556 5641 2749 5696 τούτου
2793 5642 2972 5713 diem;
3013 5641 3314 5710 πρακτική
3358 5640 3657 5709 δυνάμεις,
3697 5641 3778 5692 ζιὶ

2180 5733 2237 5785 ἐδ
2285 5734 2393 5796 τοῖς
2442 5733 2689 5801 ματαίοις
2747 5730 3193 5802 anxur/7.530%,
3229 5731 3329 5783 οὔκ
3365 5728 3700 5802 ἐργάζονταί
3737 5745 3770 5778 τ·
