  <div class='ocr_page' id='page_1' title='image "/cluster/home/n/w/nwhite01/storage/ocr_20150623/87 pt.1/mdp.39015032856539/756.png"; bbox 0 0 3900 6228; ppageno 0'>
   <div class='ocr_carea' id='block_1_1' title="bbox 175 379 324 453">
    <p class='ocr_par' dir='ltr' id='par_1_1' title="bbox 175 379 324 453">
     <span class='ocr_line' id='line_1_1' title="bbox 175 379 324 453; baseline -0.013 -1"><span class='ocrx_word' id='word_1_1' title='bbox 175 379 324 453; x_wconf 66' lang='grc'><strong>1437</strong></span> 
     </span>
    </p>
   </div>
   <div class='ocr_carea' id='block_1_2' title="bbox 1240 386 2375 457">
    <p class='ocr_par' dir='ltr' id='par_1_2' title="bbox 1240 386 2375 457">
     <span class='ocr_line' id='line_1_2' title="bbox 1240 386 2375 457; baseline 0.004 -4"><span class='ocrx_word' id='word_1_2' title='bbox 1240 388 1772 453; x_wconf 79' lang='lat' dir='ltr'><strong>COMMENTARII</strong></span> <span class='ocrx_word' id='word_1_3' title='bbox 1805 386 1887 453; x_wconf 89' lang='lat' dir='ltr'><strong>IN</strong></span> <span class='ocrx_word' id='word_1_4' title='bbox 1917 388 2375 457; x_wconf 78' lang='lat' dir='ltr'><strong>PROVERBIA.</strong></span> 
     </span>
    </p>
   </div>
   <div class='ocr_carea' id='block_1_3' title="bbox 3314 394 3447 464">
    <p class='ocr_par' dir='ltr' id='par_1_3' title="bbox 3314 394 3447 464">
     <span class='ocr_line' id='line_1_3' title="bbox 3314 394 3447 464; baseline 0.023 -3"><span class='ocrx_word' id='word_1_5' title='bbox 3314 394 3447 464; x_wconf 73' lang='grc'><strong>1433</strong></span> 
     </span>
    </p>
   </div>
   <div class='ocr_carea' id='block_1_4' title="bbox 171 500 1773 583">
    <p class='ocr_par' dir='ltr' id='par_1_4' title="bbox 171 500 1773 577">
     <span class='ocr_line' id='line_1_4' title="bbox 171 500 1773 577; baseline 0.002 -22"><span class='ocrx_word' id='word_1_6' title='bbox 171 501 330 555; x_wconf 79' lang='grc' dir='ltr'><strong>κατᾶ</strong></span> <span class='ocrx_word' id='word_1_7' title='bbox 387 500 713 573; x_wconf 88' lang='grc' dir='ltr'><strong>προαίρεσιν</strong></span> <span class='ocrx_word' id='word_1_8' title='bbox 760 502 997 571; x_wconf 84' lang='grc' dir='ltr'><strong>ἀγαθόν·</strong></span> <span class='ocrx_word' id='word_1_9' title='bbox 1048 504 1173 560; x_wconf 84' lang='grc' dir='ltr'><strong>ὅθεν</strong></span> <span class='ocrx_word' id='word_1_10' title='bbox 1220 506 1413 577; x_wconf 78' lang='grc' dir='ltr'><strong>νεκρὸς</strong></span> <span class='ocrx_word' id='word_1_11' title='bbox 1459 508 1489 561; x_wconf 85' lang='grc' dir='ltr'>ὁ</span> <span class='ocrx_word' id='word_1_12' title='bbox 1534 505 1773 569; x_wconf 83' lang='grc' dir='ltr'><strong>τοιοῦτος</strong></span> 
     </span>
    </p>
   </div>
   <div class='ocr_carea' id='block_1_5' title="bbox 1896 500 3448 583">
    <p class='ocr_par' dir='ltr' id='par_1_5' title="bbox 1896 506 3448 583">
     <span class='ocr_line' id='line_1_5' title="bbox 1896 506 3448 583; baseline 0.005 -22"><span class='ocrx_word' id='word_1_13' title='bbox 1896 506 1997 577; x_wconf 70' lang='lat' dir='ltr'><strong>rjus</strong></span> <span class='ocrx_word' id='word_1_14' title='bbox 2029 517 2245 563; x_wconf 86' lang='lat' dir='ltr'><strong>mortua</strong></span> <span class='ocrx_word' id='word_1_15' title='bbox 2280 507 2591 565; x_wconf 70' lang='lat' dir='ltr'><strong>ossenditur</strong></span> <span class='ocrx_word' id='word_1_16' title='bbox 2621 516 2807 579; x_wconf 79' lang='lat' dir='ltr'><strong>utpote</strong></span> <span class='ocrx_word' id='word_1_17' title='bbox 2833 524 2953 581; x_wconf 69' lang='lat' dir='ltr'><strong>quae</strong></span> <span class='ocrx_word' id='word_1_18' title='bbox 2980 510 3045 566; x_wconf 91' lang='lat' dir='ltr'><strong>ad</strong></span> <span class='ocrx_word' id='word_1_19' title='bbox 3070 508 3292 567; x_wconf 73' lang='lat' dir='ltr'><strong>virtutis</strong></span> <span class='ocrx_word' id='word_1_20' title='bbox 3316 530 3448 583; x_wconf 81' lang='lat' dir='ltr'><strong>ope-</strong></span> 
     </span>
    </p>
   </div>
   <div class='ocr_carea' id='block_1_6' title="bbox 172 591 1769 668">
    <p class='ocr_par' dir='ltr' id='par_1_6' title="bbox 172 591 1769 668">
     <span class='ocr_line' id='line_1_6' title="bbox 172 591 1769 668; baseline 0.001 -23"><span class='ocrx_word' id='word_1_21' title='bbox 172 592 328 645; x_wconf 80' lang='grc' dir='ltr'><strong>κατὰ</strong></span> <span class='ocrx_word' id='word_1_22' title='bbox 354 592 534 663; x_wconf 71' lang='grc' dir='ltr'><strong>ψυχὴν</strong></span> <span class='ocrx_word' id='word_1_23' title='bbox 562 591 970 663; x_wconf 78' lang='grc' dir='ltr'><strong>ἀποδείκνυται,</strong></span> <span class='ocrx_word' id='word_1_24' title='bbox 988 594 1065 661; x_wconf 85' lang='grc' dir='ltr'><strong>ῶς</strong></span> <span class='ocrx_word' id='word_1_25' title='bbox 1095 597 1162 651; x_wconf 82' lang='grc' dir='ltr'>ἂν</span> <span class='ocrx_word' id='word_1_26' title='bbox 1189 597 1326 667; x_wconf 82' lang='grc' dir='ltr'><strong>πρὸς</strong></span> <span class='ocrx_word' id='word_1_27' title='bbox 1350 598 1452 668; x_wconf 79' lang='grc' dir='ltr'><strong>τὴν</strong></span> <span class='ocrx_word' id='word_1_28' title='bbox 1477 595 1571 651; x_wconf 82' lang='grc' dir='ltr'><strong>τοῦ</strong></span> <span class='ocrx_word' id='word_1_29' title='bbox 1602 593 1769 650; x_wconf 82' lang='grc' dir='ltr'><strong>καλοῦ</strong></span> 
     </span>
    </p>
   </div>
   <div class='ocr_carea' id='block_1_7' title="bbox 172 683 761 755">
    <p class='ocr_par' dir='ltr' id='par_1_7' title="bbox 172 683 761 755">
     <span class='ocr_line' id='line_1_7' title="bbox 172 683 761 755; baseline 0.01 -21"><span class='ocrx_word' id='word_1_30' title='bbox 172 683 453 755; x_wconf 75' lang='grc' dir='ltr'><strong>ἐργασίαν</strong></span> <span class='ocrx_word' id='word_1_31' title='bbox 481 683 761 754; x_wconf 80' lang='grc' dir='ltr'><strong>ἀκίνητος.</strong></span> 
     </span>
    </p>
   </div>
   <div class='ocr_carea' id='block_1_8' title="bbox 256 776 1772 850">
    <p class='ocr_par' dir='ltr' id='par_1_8' title="bbox 256 776 1772 850">
     <span class='ocr_line' id='line_1_8' title="bbox 256 776 1772 850; baseline 0.003 -21"><span class='ocrx_word' id='word_1_32' title='bbox 256 782 371 840; x_wconf 84' lang='grc' dir='ltr'><strong>κς¹.</strong></span> <span class='ocrx_word' id='word_1_33' title='bbox 416 776 661 845; x_wconf 79' lang='grc' dir='ltr'><strong>’Δσεόἠς</strong></span> <span class='ocrx_word' id='word_1_34' title='bbox 692 777 972 849; x_wconf 76' lang='grc' dir='ltr'><strong>ἐπιθυμεῖ</strong></span> <span class='ocrx_word' id='word_1_35' title='bbox 997 776 1153 847; x_wconf 76' lang='grc' dir='ltr'><strong>ὕλην</strong></span> <span class='ocrx_word' id='word_1_36' title='bbox 1184 778 1298 847; x_wconf 76' lang='grc' dir='ltr'><strong>τὴν</strong></span> <span class='ocrx_word' id='word_1_37' title='bbox 1322 780 1549 850; x_wconf 76' lang='grc' dir='ltr'><strong>ἡμέραν</strong></span> <span class='ocrx_word' id='word_1_38' title='bbox 1568 779 1772 833; x_wconf 58' lang='lat' dir='ltr'><strong>emet»</strong></span> 
     </span>
    </p>
   </div>
   <div class='ocr_carea' id='block_1_9' title="bbox 169 852 1769 943">
    <p class='ocr_par' dir='ltr' id='par_1_9' title="bbox 169 852 1769 943">
     <span class='ocr_line' id='line_1_9' title="bbox 169 852 1769 943; baseline 0.001 -23"><span class='ocrx_word' id='word_1_39' title='bbox 169 868 329 938; x_wconf 80' lang='grc' dir='ltr'><strong>μίας</strong></span> <span class='ocrx_word' id='word_1_40' title='bbox 356 869 567 935; x_wconf 71' lang='grc' dir='ltr'><strong>κακὰς.</strong></span> <span class='ocrx_word' id='word_1_41' title='bbox 615 871 673 923; x_wconf 84' lang='lat'><strong>&#39;0</strong></span> <span class='ocrx_word' id='word_1_42' title='bbox 697 870 774 943; x_wconf 69' lang='grc' dir='ltr'><strong>μὴ</strong></span> <span class='ocrx_word' id='word_1_43' title='bbox 800 870 866 925; x_wconf 86' lang='grc' dir='ltr'><strong>δι’</strong></span> <span class='ocrx_word' id='word_1_44' title='bbox 897 852 1262 943; x_wconf 81' lang='grc' dir='ltr'><strong>ἀγαθοεργίας</strong></span> <span class='ocrx_word' id='word_1_45' title='bbox 1294 869 1471 942; x_wconf 81' lang='grc' dir='ltr'><strong>τιμῶν</strong></span> <span class='ocrx_word' id='word_1_46' title='bbox 1499 869 1590 923; x_wconf 79' lang='grc' dir='ltr'><strong>τὸν</strong></span> <span class='ocrx_word' id='word_1_47' title='bbox 1616 866 1769 930; x_wconf 83' lang='grc' dir='ltr'><strong>Θεὸν,</strong></span> 
     </span>
    </p>
   </div>
   <div class='ocr_carea' id='block_1_10' title="bbox 176 955 1772 1035">
    <p class='ocr_par' dir='ltr' id='par_1_10' title="bbox 176 955 1772 1035">
     <span class='ocr_line' id='line_1_10' title="bbox 176 955 1772 1035; baseline 0.011 -26"><span class='ocrx_word' id='word_1_48' title='bbox 176 957 343 1027; x_wconf 83' lang='grc' dir='ltr'><strong>παρὰ</strong></span> <span class='ocrx_word' id='word_1_49' title='bbox 369 959 551 1013; x_wconf 79' lang='grc' dir='ltr'><strong>πᾶσαν</strong></span> <span class='ocrx_word' id='word_1_50' title='bbox 570 960 734 1015; x_wconf 82' lang='grc' dir='ltr'><strong>αὐτοῦ</strong></span> <span class='ocrx_word' id='word_1_51' title='bbox 764 962 866 1035; x_wconf 81' lang='grc' dir='ltr'><strong>τὴν</strong></span> <span class='ocrx_word' id='word_1_52' title='bbox 891 962 1057 1035; x_wconf 79' lang='grc' dir='ltr'><strong>ζωὴν,</strong></span> <span class='ocrx_word' id='word_1_53' title='bbox 1086 962 1386 1034; x_wconf 76' lang='grc' dir='ltr'><strong>ἀλογίστως</strong></span> <span class='ocrx_word' id='word_1_54' title='bbox 1413 955 1489 1018; x_wconf 82' lang='grc' dir='ltr'><strong>ὧν</strong></span> <span class='ocrx_word' id='word_1_55' title='bbox 1517 961 1578 1014; x_wconf 83' lang='grc' dir='ltr'><strong>οὐ</strong></span> <span class='ocrx_word' id='word_1_56' title='bbox 1614 959 1772 1032; x_wconf 83' lang='grc' dir='ltr'><strong>θέμις</strong></span> 
     </span>
    </p>
   </div>
   <div class='ocr_carea' id='block_1_11' title="bbox 177 1049 468 1120">
    <p class='ocr_par' dir='ltr' id='par_1_11' title="bbox 177 1049 468 1120">
     <span class='ocr_line' id='line_1_11' title="bbox 177 1049 468 1120; baseline 0.021 -18"><span class='ocrx_word' id='word_1_57' title='bbox 177 1049 468 1120; x_wconf 78' lang='grc' dir='ltr'><strong>ὀρέγεται.</strong></span> 
     </span>
    </p>
   </div>
   <div class='ocr_carea' id='block_1_12' title="bbox 271 1140 1772 1217">
    <p class='ocr_par' dir='ltr' id='par_1_12' title="bbox 271 1140 1772 1217">
     <span class='ocr_line' id='line_1_12' title="bbox 271 1140 1772 1217; baseline 0.001 -22"><span class='ocrx_word' id='word_1_58' title='bbox 271 1141 337 1195; x_wconf 89' lang='lat'><strong>&#39;0</strong></span> <span class='ocrx_word' id='word_1_59' title='bbox 382 1140 451 1197; x_wconf 82' lang='grc' dir='ltr'><strong>δὲ</strong></span> <span class='ocrx_word' id='word_1_60' title='bbox 491 1143 724 1213; x_wconf 80' lang='grc' dir='ltr'><strong>δίκαιος</strong></span> <span class='ocrx_word' id='word_1_61' title='bbox 762 1144 928 1201; x_wconf 70' lang='grc' dir='ltr'><strong>ἐλεεῖ</strong></span> <span class='ocrx_word' id='word_1_62' title='bbox 948 1146 1046 1201; x_wconf 79' lang='grc' dir='ltr'><strong>καί</strong></span> <span class='ocrx_word' id='word_1_63' title='bbox 1080 1146 1358 1216; x_wconf 72' lang='grc' dir='ltr'><strong>οἰκτείροι</strong></span> <span class='ocrx_word' id='word_1_64' title='bbox 1392 1143 1667 1217; x_wconf 74' lang='grc' dir='ltr'><strong>ἀφειδῶς.</strong></span> <span class='ocrx_word' id='word_1_65' title='bbox 1712 1143 1772 1197; x_wconf 86' lang='lat'><strong>&#39;0</strong></span> 
     </span>
    </p>
   </div>
   <div class='ocr_carea' id='block_1_13' title="bbox 177 1234 1770 1311">
    <p class='ocr_par' dir='ltr' id='par_1_13' title="bbox 177 1234 1770 1311">
     <span class='ocr_line' id='line_1_13' title="bbox 177 1234 1770 1311; baseline 0.001 -22"><span class='ocrx_word' id='word_1_66' title='bbox 177 1234 245 1290; x_wconf 81' lang='grc' dir='ltr'><strong>δὲ</strong></span> <span class='ocrx_word' id='word_1_67' title='bbox 275 1234 419 1289; x_wconf 79' lang='grc' dir='ltr'><strong>κατὰ</strong></span> <span class='ocrx_word' id='word_1_68' title='bbox 446 1236 645 1308; x_wconf 85' lang='grc' dir='ltr'><strong>νόμους</strong></span> <span class='ocrx_word' id='word_1_69' title='bbox 682 1239 863 1301; x_wconf 75' lang='grc' dir='ltr'><strong>θείους</strong></span> <span class='ocrx_word' id='word_1_70' title='bbox 884 1239 1318 1311; x_wconf 84' lang='grc' dir='ltr'><strong>πολιτευόμενος,</strong></span> <span class='ocrx_word' id='word_1_71' title='bbox 1352 1236 1679 1311; x_wconf 84' lang='grc' dir='ltr'><strong>μεταδίδωσί</strong></span> <span class='ocrx_word' id='word_1_72' title='bbox 1706 1255 1770 1291; x_wconf 86' lang='grc' dir='ltr'><strong>τε</strong></span> 
     </span>
    </p>
   </div>
   <div class='ocr_carea' id='block_1_14' title="bbox 176 1325 1774 1403">
    <p class='ocr_par' dir='ltr' id='par_1_14' title="bbox 176 1325 1774 1403">
     <span class='ocr_line' id='line_1_14' title="bbox 176 1325 1774 1403; baseline 0.002 -24"><span class='ocrx_word' id='word_1_73' title='bbox 176 1325 298 1380; x_wconf 72' lang='grc' dir='ltr'><strong>τῶν</strong></span> <span class='ocrx_word' id='word_1_74' title='bbox 335 1328 550 1382; x_wconf 75' lang='grc' dir='ltr'><strong>οἰκείων</strong></span> <span class='ocrx_word' id='word_1_75' title='bbox 594 1332 710 1394; x_wconf 83' lang='grc' dir='ltr'><strong>τοῖς</strong></span> <span class='ocrx_word' id='word_1_76' title='bbox 741 1330 1030 1402; x_wconf 76' lang='grc' dir='ltr'><strong>χρῄζουσι,</strong></span> <span class='ocrx_word' id='word_1_77' title='bbox 1079 1332 1176 1386; x_wconf 67' lang='grc' dir='ltr'><strong>καλ⁸</strong></span> <span class='ocrx_word' id='word_1_78' title='bbox 1223 1332 1534 1403; x_wconf 79' lang='grc' dir='ltr'><strong>σπλάγχνον</strong></span> <span class='ocrx_word' id='word_1_79' title='bbox 1565 1332 1774 1401; x_wconf 81' lang='grc' dir='ltr'><strong>οίκτιρο</strong></span> 
     </span>
    </p>
   </div>
   <div class='ocr_carea' id='block_1_15' title="bbox 184 1415 1308 1487">
    <p class='ocr_par' dir='ltr' id='par_1_15' title="bbox 184 1415 1308 1487">
     <span class='ocr_line' id='line_1_15' title="bbox 184 1415 1308 1487; baseline 0.006 -18"><span class='ocrx_word' id='word_1_80' title='bbox 184 1415 313 1487; x_wconf 82' lang='grc' dir='ltr'><strong>μῶν</strong></span> <span class='ocrx_word' id='word_1_81' title='bbox 349 1416 635 1485; x_wconf 70' lang='grc' dir='ltr'><strong>ὑπανοίγει</strong></span> <span class='ocrx_word' id='word_1_82' title='bbox 661 1418 873 1482; x_wconf 80' lang='grc' dir='ltr'><strong>τούτοις</strong></span> <span class='ocrx_word' id='word_1_83' title='bbox 908 1419 1308 1485; x_wconf 84' lang='grc' dir='ltr'><strong>ἀνυποστόλως.</strong></span> 
     </span>
    </p>
   </div>
   <div class='ocr_carea' id='block_1_16' title="bbox 258 1502 1771 1583">
    <p class='ocr_par' dir='ltr' id='par_1_16' title="bbox 258 1502 1771 1583">
     <span class='ocr_line' id='line_1_16' title="bbox 258 1502 1771 1583; baseline 0.007 -26"><span class='ocrx_word' id='word_1_84' title='bbox 258 1502 363 1568; x_wconf 77' lang='grc' dir='ltr'><strong>κζ’.</strong></span> <span class='ocrx_word' id='word_1_85' title='bbox 400 1507 617 1562; x_wconf 82' lang='grc' dir='ltr'><strong>Θυσίαι</strong></span> <span class='ocrx_word' id='word_1_86' title='bbox 652 1507 906 1574; x_wconf 79' lang='grc' dir='ltr'><strong>ἀσεϐῶν,</strong></span> <span class='ocrx_word' id='word_1_87' title='bbox 927 1510 1246 1582; x_wconf 74' lang='grc' dir='ltr'><strong>βδέλυγμα</strong></span> <span class='ocrx_word' id='word_1_88' title='bbox 1278 1512 1506 1580; x_wconf 80' lang='grc' dir='ltr'><strong>Κυρίῳ·</strong></span> <span class='ocrx_word' id='word_1_89' title='bbox 1540 1512 1771 1583; x_wconf 77' lang='grc' dir='ltr'><strong>καὶγὰρ</strong></span> 
     </span>
    </p>
   </div>
   <div class='ocr_carea' id='block_1_17' title="bbox 181 1594 1773 1673">
    <p class='ocr_par' dir='ltr' id='par_1_17' title="bbox 181 1594 1773 1673">
     <span class='ocr_line' id='line_1_17' title="bbox 181 1594 1773 1673; baseline 0.012 -27"><span class='ocrx_word' id='word_1_90' title='bbox 181 1594 548 1665; x_wconf 69' lang='grc' dir='ltr'><strong>παρανόμως</strong></span> <span class='ocrx_word' id='word_1_91' title='bbox 583 1598 1041 1668; x_wconf 70' lang='grc' dir='ltr'><strong>προσφέρουσιν</strong></span> <span class='ocrx_word' id='word_1_92' title='bbox 1073 1600 1282 1669; x_wconf 81' lang='grc' dir='ltr'><strong>αὐτάς.</strong></span> <span class='ocrx_word' id='word_1_93' title='bbox 1317 1600 1398 1656; x_wconf 79' lang='grc' dir='ltr'><strong>Τά</strong></span> <span class='ocrx_word' id='word_1_94' title='bbox 1426 1602 1486 1667; x_wconf 77' lang='grc' dir='ltr'><strong>ἐξ</strong></span> <span class='ocrx_word' id='word_1_95' title='bbox 1512 1603 1773 1673; x_wconf 79' lang='grc' dir='ltr'><strong>ἁρπαγῆς</strong></span> 
     </span>
    </p>
   </div>
   <div class='ocr_carea' id='block_1_18' title="bbox 181 1686 1773 1767">
    <p class='ocr_par' dir='ltr' id='par_1_18' title="bbox 181 1686 1773 1767">
     <span class='ocr_line' id='line_1_18' title="bbox 181 1686 1773 1767; baseline 0.008 -30"><span class='ocrx_word' id='word_1_96' title='bbox 181 1686 582 1759; x_wconf 77' lang='grc' dir='ltr'><strong>προσαγόμενα</strong></span> <span class='ocrx_word' id='word_1_97' title='bbox 610 1688 690 1760; x_wconf 82' lang='grc' dir='ltr'><strong>τῷ</strong></span> <span class='ocrx_word' id='word_1_98' title='bbox 716 1690 934 1746; x_wconf 84' lang='grc' dir='ltr'><strong>πάντων</strong></span> <span class='ocrx_word' id='word_1_99' title='bbox 964 1694 1230 1766; x_wconf 78' lang='grc' dir='ltr'><strong>Δεσπότῃ,</strong></span> <span class='ocrx_word' id='word_1_100' title='bbox 1259 1693 1413 1766; x_wconf 80' lang='grc' dir='ltr'><strong>παρὰ</strong></span> <span class='ocrx_word' id='word_1_101' title='bbox 1444 1694 1555 1749; x_wconf 85' lang='grc' dir='ltr'><strong>τῶν</strong></span> <span class='ocrx_word' id='word_1_102' title='bbox 1586 1695 1659 1767; x_wconf 83' lang='grc' dir='ltr'><strong>μὴ</strong></span> <span class='ocrx_word' id='word_1_103' title='bbox 1690 1712 1773 1748; x_wconf 85' lang='grc' dir='ltr'><strong>τι·-</strong></span> 
     </span>
    </p>
   </div>
   <div class='ocr_carea' id='block_1_19' title="bbox 187 1777 1771 1857">
    <p class='ocr_par' dir='ltr' id='par_1_19' title="bbox 187 1777 1771 1857">
     <span class='ocr_line' id='line_1_19' title="bbox 187 1777 1771 1857; baseline 0.006 -26"><span class='ocrx_word' id='word_1_104' title='bbox 187 1777 423 1847; x_wconf 85' lang='grc' dir='ltr'><strong>μώντων</strong></span> <span class='ocrx_word' id='word_1_105' title='bbox 446 1780 607 1834; x_wconf 79' lang='grc' dir='ltr'><strong>αὑτὸν</strong></span> <span class='ocrx_word' id='word_1_106' title='bbox 633 1780 723 1835; x_wconf 80' lang='grc' dir='ltr'><strong>διὰ</strong></span> <span class='ocrx_word' id='word_1_107' title='bbox 754 1782 851 1853; x_wconf 81' lang='grc' dir='ltr'><strong>τῆς</strong></span> <span class='ocrx_word' id='word_1_108' title='bbox 880 1782 990 1836; x_wconf 91' lang='grc' dir='ltr'><strong>τῶν</strong></span> <span class='ocrx_word' id='word_1_109' title='bbox 1021 1783 1193 1852; x_wconf 78' lang='grc' dir='ltr'><strong>ἁγίων</strong></span> <span class='ocrx_word' id='word_1_110' title='bbox 1228 1785 1394 1838; x_wconf 81' lang='grc' dir='ltr'><strong>αὑτοῦ</strong></span> <span class='ocrx_word' id='word_1_111' title='bbox 1422 1785 1651 1840; x_wconf 75' lang='grc' dir='ltr'><strong>ἐντολῶν</strong></span> <span class='ocrx_word' id='word_1_112' title='bbox 1681 1787 1771 1857; x_wconf 77' lang='grc' dir='ltr'><strong>ἐρ-</strong></span> 
     </span>
    </p>
   </div>
   <div class='ocr_carea' id='block_1_20' title="bbox 1879 599 2505 657">
    <p class='ocr_par' dir='ltr' id='par_1_20' title="bbox 1879 599 2505 657">
     <span class='ocr_line' id='line_1_20' title="bbox 1879 599 2505 657; baseline 0.008 -5"><span class='ocrx_word' id='word_1_113' title='bbox 1879 599 2152 655; x_wconf 86' lang='lat' dir='ltr'><strong>rationem</strong></span> <span class='ocrx_word' id='word_1_114' title='bbox 2179 599 2505 657; x_wconf 84' lang='lat' dir='ltr'><strong>immobilis.</strong></span> 
     </span>
    </p>
   </div>
   <div class='ocr_carea' id='block_1_21' title="bbox 1948 774 3449 845">
    <p class='ocr_par' dir='ltr' id='par_1_21' title="bbox 1948 774 3449 845">
     <span class='ocr_line' id='line_1_21' title="bbox 1948 774 3449 845; baseline 0.001 -15"><span class='ocrx_word' id='word_1_115' title='bbox 1948 775 2118 832; x_wconf 75' lang='lat' dir='ltr'><strong>Vens.</strong></span> <span class='ocrx_word' id='word_1_116' title='bbox 2150 776 2241 831; x_wconf 75' lang='lat'><strong>26.</strong></span> <span class='ocrx_word' id='word_1_117' title='bbox 2269 774 2475 845; x_wconf 85' lang='lat' dir='ltr'><strong>Impius</strong></span> <span class='ocrx_word' id='word_1_118' title='bbox 2504 775 2827 845; x_wconf 78' lang='lat' dir='ltr'><strong>concupiscit</strong></span> <span class='ocrx_word' id='word_1_119' title='bbox 2888 785 3000 832; x_wconf 90' lang='lat' dir='ltr'><strong>tota</strong></span> <span class='ocrx_word' id='word_1_120' title='bbox 3058 776 3146 833; x_wconf 82' lang='lat' dir='ltr'><strong>die</strong></span> <span class='ocrx_word' id='word_1_121' title='bbox 3199 777 3449 845; x_wconf 86' lang='lat' dir='ltr'><strong>concupi-</strong></span> 
     </span>
    </p>
   </div>
   <div class='ocr_carea' id='block_1_22' title="bbox 1873 867 3446 941">
    <p class='ocr_par' dir='ltr' id='par_1_22' title="bbox 1873 867 3446 941">
     <span class='ocr_line' id='line_1_22' title="bbox 1873 867 3446 941; baseline -0.001 -17"><span class='ocrx_word' id='word_1_122' title='bbox 1873 872 2103 941; x_wconf 83' lang='lat' dir='ltr'><strong>scentias</strong></span> <span class='ocrx_word' id='word_1_123' title='bbox 2127 869 2321 924; x_wconf 83' lang='lat' dir='ltr'><strong>malas.</strong></span> <span class='ocrx_word' id='word_1_124' title='bbox 2351 867 2453 936; x_wconf 86' lang='lat' dir='ltr'><strong>Qui</strong></span> <span class='ocrx_word' id='word_1_125' title='bbox 2480 884 2576 938; x_wconf 87' lang='lat' dir='ltr'><strong>per</strong></span> <span class='ocrx_word' id='word_1_126' title='bbox 2604 868 2749 923; x_wconf 85' lang='lat' dir='ltr'><strong>bona</strong></span> <span class='ocrx_word' id='word_1_127' title='bbox 2775 884 2941 939; x_wconf 84' lang='lat' dir='ltr'><strong>opera</strong></span> <span class='ocrx_word' id='word_1_128' title='bbox 2964 870 3135 927; x_wconf 90' lang='lat' dir='ltr'><strong>Deum</strong></span> <span class='ocrx_word' id='word_1_129' title='bbox 3171 884 3278 925; x_wconf 84' lang='lat' dir='ltr'><strong>non</strong></span> <span class='ocrx_word' id='word_1_130' title='bbox 3297 870 3446 935; x_wconf 89' lang='lat' dir='ltr'><strong>colit,</strong></span> 
     </span>
    </p>
   </div>
   <div class='ocr_carea' id='block_1_23' title="bbox 1874 956 3446 1039">
    <p class='ocr_par' dir='ltr' id='par_1_23' title="bbox 1874 956 3446 1039">
     <span class='ocr_line' id='line_1_23' title="bbox 1874 956 3446 1039; baseline 0 -22"><span class='ocrx_word' id='word_1_131' title='bbox 1874 979 1971 1034; x_wconf 88' lang='lat' dir='ltr'><strong>per</strong></span> <span class='ocrx_word' id='word_1_132' title='bbox 1998 970 2167 1017; x_wconf 91' lang='lat' dir='ltr'><strong>totam</strong></span> <span class='ocrx_word' id='word_1_133' title='bbox 2197 962 2365 1016; x_wconf 86' lang='lat' dir='ltr'><strong>vitam</strong></span> <span class='ocrx_word' id='word_1_134' title='bbox 2397 956 2554 1017; x_wconf 82' lang='lat' dir='ltr'><strong>suam</strong></span> <span class='ocrx_word' id='word_1_135' title='bbox 2585 962 2792 1032; x_wconf 91' lang='lat' dir='ltr'><strong>iujusta</strong></span> <span class='ocrx_word' id='word_1_136' title='bbox 2856 963 3025 1019; x_wconf 86' lang='lat' dir='ltr'><strong>stulte</strong></span> <span class='ocrx_word' id='word_1_137' title='bbox 3078 964 3446 1039; x_wconf 85' lang='lat' dir='ltr'><strong>concupiscit.</strong></span> 
     </span>
    </p>
   </div>
   <div class='ocr_carea' id='block_1_24' title="bbox 1944 1132 3446 1209">
    <p class='ocr_par' dir='ltr' id='par_1_24' title="bbox 1944 1132 3446 1209">
     <span class='ocr_line' id='line_1_24' title="bbox 1944 1132 3446 1209; baseline 0.002 -18"><span class='ocrx_word' id='word_1_138' title='bbox 1944 1132 2136 1191; x_wconf 79' lang='lat' dir='ltr'><strong>Justus</strong></span> <span class='ocrx_word' id='word_1_139' title='bbox 2163 1145 2337 1191; x_wconf 85' lang='lat' dir='ltr'><strong>autem</strong></span> <span class='ocrx_word' id='word_1_140' title='bbox 2362 1136 2640 1191; x_wconf 82' lang='lat' dir='ltr'><strong>miseretur</strong></span> <span class='ocrx_word' id='word_1_141' title='bbox 2665 1146 2716 1191; x_wconf 90' lang='lat' dir='ltr'><strong>et</strong></span> <span class='ocrx_word' id='word_1_142' title='bbox 2780 1138 3065 1192; x_wconf 76' lang='lat' dir='ltr'><strong>miseratur</strong></span> <span class='ocrx_word' id='word_1_143' title='bbox 3121 1154 3223 1193; x_wconf 87' lang='lat' dir='ltr'><strong>non</strong></span> <span class='ocrx_word' id='word_1_144' title='bbox 3269 1155 3446 1209; x_wconf 86' lang='lat' dir='ltr'><strong>parce.</strong></span> 
     </span>
    </p>
   </div>
   <div class='ocr_carea' id='block_1_25' title="bbox 1871 1227 3449 1301">
    <p class='ocr_par' dir='ltr' id='par_1_25' title="bbox 1871 1227 3449 1301">
     <span class='ocr_line' id='line_1_25' title="bbox 1871 1227 3449 1301; baseline 0.001 -19"><span class='ocrx_word' id='word_1_145' title='bbox 1871 1227 1977 1295; x_wconf 84' lang='lat' dir='ltr'><strong>Qui</strong></span> <span class='ocrx_word' id='word_1_146' title='bbox 2000 1237 2184 1283; x_wconf 88' lang='lat' dir='ltr'><strong>autem</strong></span> <span class='ocrx_word' id='word_1_147' title='bbox 2209 1227 2520 1283; x_wconf 88' lang='lat' dir='ltr'><strong>secundum</strong></span> <span class='ocrx_word' id='word_1_148' title='bbox 2559 1228 2708 1298; x_wconf 83' lang='lat' dir='ltr'><strong>leges</strong></span> <span class='ocrx_word' id='word_1_149' title='bbox 2741 1227 2834 1284; x_wconf 87' lang='lat' dir='ltr'><strong>Dei</strong></span> <span class='ocrx_word' id='word_1_150' title='bbox 2892 1238 3276 1298; x_wconf 81' lang='lat' dir='ltr'><strong>conversatur,</strong></span> <span class='ocrx_word' id='word_1_151' title='bbox 3316 1246 3449 1301; x_wconf 86' lang='lat' dir='ltr'><strong>pro-</strong></span> 
     </span>
    </p>
   </div>
   <div class='ocr_carea' id='block_1_26' title="bbox 1872 1320 3448 1393">
    <p class='ocr_par' dir='ltr' id='par_1_26' title="bbox 1872 1320 3448 1393">
     <span class='ocr_line' id='line_1_26' title="bbox 1872 1320 3448 1393; baseline 0.003 -20"><span class='ocrx_word' id='word_1_152' title='bbox 1872 1322 1992 1393; x_wconf 79' lang='lat' dir='ltr'><strong>pria</strong></span> <span class='ocrx_word' id='word_1_153' title='bbox 2063 1335 2187 1375; x_wconf 91' lang='lat' dir='ltr'><strong>eum</strong></span> <span class='ocrx_word' id='word_1_154' title='bbox 2245 1320 2618 1392; x_wconf 79' lang='lat' dir='ltr'><strong>indigentibus</strong></span> <span class='ocrx_word' id='word_1_155' title='bbox 2671 1320 2890 1386; x_wconf 81' lang='lat' dir='ltr'><strong>dividit,</strong></span> <span class='ocrx_word' id='word_1_156' title='bbox 2928 1331 2985 1377; x_wconf 91' lang='lat' dir='ltr'><strong>et</strong></span> <span class='ocrx_word' id='word_1_157' title='bbox 3050 1322 3448 1378; x_wconf 69' lang='lat' dir='ltr'><strong>misericordia:</strong></span> 
     </span>
    </p>
   </div>
   <div class='ocr_carea' id='block_1_27' title="bbox 1871 1415 2813 1491">
    <p class='ocr_par' dir='ltr' id='par_1_27' title="bbox 1871 1415 2813 1491">
     <span class='ocr_line' id='line_1_27' title="bbox 1871 1415 2813 1491; baseline -0.002 -20"><span class='ocrx_word' id='word_1_158' title='bbox 1871 1417 2085 1491; x_wconf 79' lang='lat' dir='ltr'><strong>viscera</strong></span> <span class='ocrx_word' id='word_1_159' title='bbox 2108 1415 2246 1485; x_wconf 90' lang='lat' dir='ltr'><strong>ipsis</strong></span> <span class='ocrx_word' id='word_1_160' title='bbox 2277 1429 2385 1468; x_wconf 88' lang='lat' dir='ltr'><strong>non</strong></span> <span class='ocrx_word' id='word_1_161' title='bbox 2417 1428 2582 1481; x_wconf 88' lang='lat' dir='ltr'><strong>parce</strong></span> <span class='ocrx_word' id='word_1_162' title='bbox 2614 1415 2813 1485; x_wconf 86' lang='lat' dir='ltr'><strong>aperit.</strong></span> 
     </span>
    </p>
   </div>
   <div class='ocr_carea' id='block_1_28' title="bbox 1944 1505 3446 1585">
    <p class='ocr_par' dir='ltr' id='par_1_28' title="bbox 1944 1505 3446 1585">
     <span class='ocr_line' id='line_1_28' title="bbox 1944 1505 3446 1585; baseline 0.001 -23"><span class='ocrx_word' id='word_1_163' title='bbox 1944 1506 2114 1585; x_wconf 68' lang='lat' dir='ltr'><strong>venit.</strong></span> <span class='ocrx_word' id='word_1_164' title='bbox 2144 1506 2234 1560; x_wconf 70' lang='lat'><strong>2‘7.</strong></span> <span class='ocrx_word' id='word_1_165' title='bbox 2266 1505 2472 1561; x_wconf 72' lang='lat' dir='ltr'><strong>Hostia:</strong></span> <span class='ocrx_word' id='word_1_166' title='bbox 2512 1506 2819 1575; x_wconf 86' lang='lat' dir='ltr'><strong>impiorum,</strong></span> <span class='ocrx_word' id='word_1_167' title='bbox 2846 1506 3173 1563; x_wconf 83' lang='lat' dir='ltr'><strong>abominatio</strong></span> <span class='ocrx_word' id='word_1_168' title='bbox 3198 1508 3446 1577; x_wconf 87' lang='lat' dir='ltr'><strong>Domino,</strong></span> 
     </span>
    </p>
   </div>
   <div class='ocr_carea' id='block_1_29' title="bbox 1872 1596 3449 1668">
    <p class='ocr_par' dir='ltr' id='par_1_29' title="bbox 1872 1596 3449 1668">
     <span class='ocr_line' id='line_1_29' title="bbox 1872 1596 3449 1668; baseline 0.002 -17"><span class='ocrx_word' id='word_1_169' title='bbox 1872 1598 2050 1668; x_wconf 87' lang='lat' dir='ltr'><strong>inique</strong></span> <span class='ocrx_word' id='word_1_170' title='bbox 2066 1599 2203 1651; x_wconf 88' lang='lat' dir='ltr'><strong>enim</strong></span> <span class='ocrx_word' id='word_1_171' title='bbox 2235 1598 2462 1667; x_wconf 69' lang='lat' dir='ltr'><strong>o/j‘erunt</strong></span> <span class='ocrx_word' id='word_1_172' title='bbox 2489 1612 2600 1651; x_wconf 88' lang='lat' dir='ltr'><strong>eas.</strong></span> <span class='ocrx_word' id='word_1_173' title='bbox 2629 1596 2759 1663; x_wconf 71' lang='lat' dir='ltr'><strong>Quae</strong></span> <span class='ocrx_word' id='word_1_174' title='bbox 2800 1611 2866 1651; x_wconf 81' lang='lat' dir='ltr'><strong>ex</strong></span> <span class='ocrx_word' id='word_1_175' title='bbox 2916 1598 3107 1666; x_wconf 84' lang='lat' dir='ltr'><strong>rapina</strong></span> <span class='ocrx_word' id='word_1_176' title='bbox 3162 1599 3449 1654; x_wconf 88' lang='lat' dir='ltr'><strong>universo-</strong></span> 
     </span>
    </p>
   </div>
   <div class='ocr_carea' id='block_1_30' title="bbox 1872 1689 3449 1761">
    <p class='ocr_par' dir='ltr' id='par_1_30' title="bbox 1872 1689 3449 1761">
     <span class='ocr_line' id='line_1_30' title="bbox 1872 1689 3449 1761; baseline 0.001 -17"><span class='ocrx_word' id='word_1_177' title='bbox 1872 1705 1992 1745; x_wconf 88' lang='lat' dir='ltr'><strong>rum</strong></span> <span class='ocrx_word' id='word_1_178' title='bbox 2026 1689 2258 1745; x_wconf 88' lang='lat' dir='ltr'><strong>Domino</strong></span> <span class='ocrx_word' id='word_1_179' title='bbox 2289 1689 2562 1745; x_wconf 79' lang='lat' dir='ltr'><strong>oil&#39;eruntu</strong></span> <span class='ocrx_word' id='word_1_180' title='bbox 2576 1706 2621 1754; x_wconf 88' lang='lat' dir='ltr'><strong>r,</strong></span> <span class='ocrx_word' id='word_1_181' title='bbox 2646 1691 2714 1744; x_wconf 87' lang='lat' dir='ltr'><strong>ab</strong></span> <span class='ocrx_word' id='word_1_182' title='bbox 2744 1689 2811 1745; x_wconf 91' lang='lat' dir='ltr'><strong>iis</strong></span> <span class='ocrx_word' id='word_1_183' title='bbox 2842 1691 2936 1760; x_wconf 89' lang='lat' dir='ltr'><strong>qui</strong></span> <span class='ocrx_word' id='word_1_184' title='bbox 2970 1705 3067 1761; x_wconf 91' lang='lat' dir='ltr'><strong>per</strong></span> <span class='ocrx_word' id='word_1_185' title='bbox 3099 1690 3449 1761; x_wconf 88' lang='lat' dir='ltr'><strong>adimpletio-</strong></span> 
     </span>
    </p>
   </div>
   <div class='ocr_carea' id='block_1_31' title="bbox 1875 1781 3451 1852">
    <p class='ocr_par' dir='ltr' id='par_1_31' title="bbox 1875 1781 3451 1852">
     <span class='ocr_line' id='line_1_31' title="bbox 1875 1781 3451 1852; baseline 0.001 -16"><span class='ocrx_word' id='word_1_186' title='bbox 1875 1797 2000 1838; x_wconf 86' lang='lat' dir='ltr'><strong>nem</strong></span> <span class='ocrx_word' id='word_1_187' title='bbox 2029 1790 2347 1838; x_wconf 87' lang='lat' dir='ltr'><strong>sanctorum</strong></span> <span class='ocrx_word' id='word_1_188' title='bbox 2370 1782 2491 1852; x_wconf 86' lang='lat' dir='ltr'><strong>ejus</strong></span> <span class='ocrx_word' id='word_1_189' title='bbox 2542 1781 2927 1837; x_wconf 79' lang='lat' dir='ltr'><strong>mandatorum</strong></span> <span class='ocrx_word' id='word_1_190' title='bbox 2977 1796 3101 1837; x_wconf 90' lang='lat' dir='ltr'><strong>eum</strong></span> <span class='ocrx_word' id='word_1_191' title='bbox 3132 1797 3241 1837; x_wconf 92' lang='lat' dir='ltr'><strong>non</strong></span> <span class='ocrx_word' id='word_1_192' title='bbox 3280 1790 3451 1838; x_wconf 75' lang='lat' dir='ltr'><strong>vene-</strong></span> 
     </span>
    </p>
   </div>
   <div class='ocr_carea' id='block_1_32' title="bbox 182 1870 1773 1949">
    <p class='ocr_par' dir='ltr' id='par_1_32' title="bbox 182 1870 1772 1949">
     <span class='ocr_line' id='line_1_32' title="bbox 182 1870 1772 1949; baseline 0.005 -26"><span class='ocrx_word' id='word_1_193' title='bbox 182 1870 424 1939; x_wconf 84' lang='grc' dir='ltr'><strong>γασίας,</strong></span> <span class='ocrx_word' id='word_1_194' title='bbox 485 1874 691 1944; x_wconf 86' lang='grc' dir='ltr'><strong>μισητά</strong></span> <span class='ocrx_word' id='word_1_195' title='bbox 735 1875 842 1929; x_wconf 88' lang='grc' dir='ltr'><strong>είσι</strong></span> <span class='ocrx_word' id='word_1_196' title='bbox 882 1874 1014 1947; x_wconf 85' lang='grc' dir='ltr'><strong>παρ’</strong></span> <span class='ocrx_word' id='word_1_197' title='bbox 1050 1876 1200 1948; x_wconf 85' lang='grc' dir='ltr'><strong>αὐτῷ</strong></span> <span class='ocrx_word' id='word_1_198' title='bbox 1222 1893 1237 1907; x_wconf 74' lang='grc' dir='ltr'><strong>ο</strong></span> <span class='ocrx_word' id='word_1_199' title='bbox 1274 1876 1459 1948; x_wconf 70' lang='grc' dir='ltr'><strong>ἐπειδὴ</strong></span> <span class='ocrx_word' id='word_1_200' title='bbox 1496 1877 1772 1949; x_wconf 75' lang='grc' dir='ltr'><strong>παραϐαί-</strong></span> 
     </span>
    </p>
   </div>
   <div class='ocr_carea' id='block_1_33' title="bbox 1896 1870 3441 1949">
    <p class='ocr_par' dir='ltr' id='par_1_33' title="bbox 1896 1873 3441 1946">
     <span class='ocr_line' id='line_1_33' title="bbox 1896 1873 3441 1946; baseline -0.001 -15"><span class='ocrx_word' id='word_1_201' title='bbox 1896 1884 2085 1942; x_wconf 78' lang='lat' dir='ltr'><strong>&#39;entur,</strong></span> <span class='ocrx_word' id='word_1_202' title='bbox 2104 1874 2294 1930; x_wconf 84' lang='lat' dir='ltr'><strong>odiosa</strong></span> <span class='ocrx_word' id='word_1_203' title='bbox 2318 1876 2541 1942; x_wconf 87' lang='lat' dir='ltr'><strong>suntei;</strong></span> <span class='ocrx_word' id='word_1_204' title='bbox 2566 1875 2824 1946; x_wconf 90' lang='lat' dir='ltr'><strong>quoniam</strong></span> <span class='ocrx_word' id='word_1_205' title='bbox 2844 1873 3137 1930; x_wconf 79' lang='lat' dir='ltr'><strong>oll‘erentes</strong></span> <span class='ocrx_word' id='word_1_206' title='bbox 3164 1890 3227 1929; x_wconf 87' lang='lat' dir='ltr'><strong>ea</strong></span> <span class='ocrx_word' id='word_1_207' title='bbox 3252 1881 3441 1930; x_wconf 78' lang='lat' dir='ltr'><strong>trans-</strong></span> 
     </span>
    </p>
   </div>
   <div class='ocr_carea' id='block_1_34' title="bbox 181 1954 1770 2037">
    <p class='ocr_par' dir='ltr' id='par_1_34' title="bbox 181 1954 1770 2037">
     <span class='ocr_line' id='line_1_34' title="bbox 181 1954 1770 2037; baseline 0.005 -24"><span class='ocrx_word' id='word_1_208' title='bbox 181 1976 373 2025; x_wconf 86' lang='grc' dir='ltr'><strong>νοντες</strong></span> <span class='ocrx_word' id='word_1_209' title='bbox 392 1954 560 2029; x_wconf 71' lang='grc' dir='ltr'><strong>οὗτοι,</strong></span> <span class='ocrx_word' id='word_1_210' title='bbox 578 1964 678 2034; x_wconf 82' lang='grc' dir='ltr'><strong>τὴν</strong></span> <span class='ocrx_word' id='word_1_211' title='bbox 692 1962 1149 2037; x_wconf 80' lang='grc' dir='ltr'><strong>διακελευομένην</strong></span> <span class='ocrx_word' id='word_1_212' title='bbox 1166 1966 1408 2035; x_wconf 62' lang='grc' dir='ltr'><strong>ἐντολὴν,</strong></span> <span class='ocrx_word' id='word_1_213' title='bbox 1424 1964 1532 2021; x_wconf 82' lang='grc' dir='ltr'><strong>άπὸ</strong></span> <span class='ocrx_word' id='word_1_214' title='bbox 1551 1967 1770 2021; x_wconf 72' lang='grc' dir='ltr'><strong>οἰκείων</strong></span> 
     </span>
    </p>
   </div>
   <div class='ocr_carea' id='block_1_35' title="bbox 180 2050 1771 2131">
    <p class='ocr_par' dir='ltr' id='par_1_35' title="bbox 180 2050 1771 2131">
     <span class='ocr_line' id='line_1_35' title="bbox 180 2050 1771 2131; baseline 0.005 -26"><span class='ocrx_word' id='word_1_215' title='bbox 180 2050 410 2107; x_wconf 81' lang='grc' dir='ltr'><strong>δικαίων</strong></span> <span class='ocrx_word' id='word_1_216' title='bbox 443 2054 621 2107; x_wconf 87' lang='grc' dir='ltr'><strong>πόνων</strong></span> <span class='ocrx_word' id='word_1_217' title='bbox 660 2056 826 2127; x_wconf 83' lang='grc' dir='ltr'><strong>τιμᾷν</strong></span> <span class='ocrx_word' id='word_1_218' title='bbox 854 2057 947 2111; x_wconf 74' lang='grc' dir='ltr'><strong>τὸν</strong></span> <span class='ocrx_word' id='word_1_219' title='bbox 992 2057 1216 2131; x_wconf 85' lang='grc' dir='ltr'><strong>Κύριον,</strong></span> <span class='ocrx_word' id='word_1_220' title='bbox 1247 2056 1422 2112; x_wconf 80' lang='grc' dir='ltr'><strong>ταῦτα</strong></span> <span class='ocrx_word' id='word_1_221' title='bbox 1456 2058 1771 2130; x_wconf 82' lang='grc' dir='ltr'><strong>προσάγον-</strong></span> 
     </span>
    </p>
   </div>
   <div class='ocr_carea' id='block_1_36' title="bbox 183 2157 295 2199">
    <p class='ocr_par' dir='ltr' id='par_1_36' title="bbox 183 2157 295 2199">
     <span class='ocr_line' id='line_1_36' title="bbox 183 2157 295 2199; baseline 0.018 -2"><span class='ocrx_word' id='word_1_222' title='bbox 183 2157 295 2199; x_wconf 79' lang='grc' dir='ltr'><strong>σιν.</strong></span> 
     </span>
    </p>
   </div>
   <div class='ocr_carea' id='block_1_37' title="bbox 256 2233 1769 2314">
    <p class='ocr_par' dir='ltr' id='par_1_37' title="bbox 256 2233 1769 2314">
     <span class='ocr_line' id='line_1_37' title="bbox 256 2233 1769 2314; baseline -0.003 -15"><span class='ocrx_word' id='word_1_223' title='bbox 256 2233 366 2307; x_wconf 61' lang='lat' dir='ltr'><strong>mf-</strong></span> <span class='ocrx_word' id='word_1_224' title='bbox 404 2237 647 2306; x_wconf 80' lang='grc' dir='ltr'><strong>Μάρτυς</strong></span> <span class='ocrx_word' id='word_1_225' title='bbox 675 2239 912 2309; x_wconf 69' lang='grc' dir='ltr'><strong>ψευδὴς</strong></span> <span class='ocrx_word' id='word_1_226' title='bbox 941 2241 1273 2298; x_wconf 74' lang='grc' dir='ltr'><strong>ἀπολεῖται.</strong></span> <span class='ocrx_word' id='word_1_227' title='bbox 1320 2243 1379 2298; x_wconf 90' lang='lat'><strong>&#39;0</strong></span> <span class='ocrx_word' id='word_1_228' title='bbox 1409 2241 1471 2297; x_wconf 73' lang='grc' dir='ltr'><strong>τὸ</strong></span> <span class='ocrx_word' id='word_1_229' title='bbox 1504 2234 1769 2314; x_wconf 82' lang='grc' dir='ltr'><strong>προσκαί-</strong></span> 
     </span>
    </p>
   </div>
   <div class='ocr_carea' id='block_1_38' title="bbox 182 2328 1769 2407">
    <p class='ocr_par' dir='ltr' id='par_1_38' title="bbox 182 2328 1769 2407">
     <span class='ocr_line' id='line_1_38' title="bbox 182 2328 1769 2407; baseline 0.004 -24"><span class='ocrx_word' id='word_1_230' title='bbox 182 2338 299 2397; x_wconf 84' lang='grc' dir='ltr'><strong>ρως</strong></span> <span class='ocrx_word' id='word_1_231' title='bbox 329 2328 426 2401; x_wconf 75' lang='grc' dir='ltr'><strong>ἡδὺ</strong></span> <span class='ocrx_word' id='word_1_232' title='bbox 466 2330 679 2399; x_wconf 79' lang='grc' dir='ltr'><strong>ψευδῶς</strong></span> <span class='ocrx_word' id='word_1_233' title='bbox 716 2332 959 2387; x_wconf 64' lang='grc' dir='ltr'><strong>ἐπαινῶν</strong></span> <span class='ocrx_word' id='word_1_234' title='bbox 985 2335 1220 2407; x_wconf 85' lang='grc' dir='ltr'><strong>δαίμων,</strong></span> <span class='ocrx_word' id='word_1_235' title='bbox 1258 2336 1352 2390; x_wconf 83' lang='grc' dir='ltr'><strong>καὶ</strong></span> <span class='ocrx_word' id='word_1_236' title='bbox 1395 2336 1616 2407; x_wconf 75' lang='grc' dir='ltr'><strong>ἀπατᾷν</strong></span> <span class='ocrx_word' id='word_1_237' title='bbox 1646 2338 1769 2389; x_wconf 81' lang='grc' dir='ltr'><strong>ὲπιο</strong></span> 
     </span>
    </p>
   </div>
   <div class='ocr_carea' id='block_1_39' title="bbox 178 2420 1767 2499">
    <p class='ocr_par' dir='ltr' id='par_1_39' title="bbox 178 2420 1767 2499">
     <span class='ocr_line' id='line_1_39' title="bbox 178 2420 1767 2499; baseline 0.008 -28"><span class='ocrx_word' id='word_1_238' title='bbox 178 2420 406 2491; x_wconf 86' lang='grc' dir='ltr'><strong>χειρῶν,</strong></span> <span class='ocrx_word' id='word_1_239' title='bbox 438 2424 504 2493; x_wconf 78' lang='grc' dir='ltr'><strong>τῇ</strong></span> <span class='ocrx_word' id='word_1_240' title='bbox 552 2423 737 2494; x_wconf 73' lang='grc' dir='ltr'><strong>σχέσει</strong></span> <span class='ocrx_word' id='word_1_241' title='bbox 779 2425 890 2479; x_wconf 86' lang='grc' dir='ltr'><strong>τῶν</strong></span> <span class='ocrx_word' id='word_1_242' title='bbox 931 2426 1317 2499; x_wconf 81' lang='grc' dir='ltr'><strong>φθειρομένων</strong></span> <span class='ocrx_word' id='word_1_243' title='bbox 1341 2433 1433 2485; x_wconf 84' lang='grc' dir='ltr'><strong>τὸν</strong></span> <span class='ocrx_word' id='word_1_244' title='bbox 1459 2429 1767 2499; x_wconf 77' lang='grc' dir='ltr'><strong>ἄνθρωπον,</strong></span> 
     </span>
    </p>
   </div>
   <div class='ocr_carea' id='block_1_40' title="bbox 179 2510 1767 2591">
    <p class='ocr_par' dir='ltr' id='par_1_40' title="bbox 179 2510 1767 2591">
     <span class='ocr_line' id='line_1_40' title="bbox 179 2510 1767 2591; baseline 0.006 -27"><span class='ocrx_word' id='word_1_245' title='bbox 179 2510 327 2564; x_wconf 82' lang='grc' dir='ltr'><strong>ὥστε</strong></span> <span class='ocrx_word' id='word_1_246' title='bbox 363 2512 691 2585; x_wconf 70' lang='grc' dir='ltr'><strong>παραϐάτην</strong></span> <span class='ocrx_word' id='word_1_247' title='bbox 722 2516 882 2571; x_wconf 79' lang='grc' dir='ltr'><strong>αὐτὸν</strong></span> <span class='ocrx_word' id='word_1_248' title='bbox 913 2519 1310 2591; x_wconf 76' lang='grc' dir='ltr'><strong>ἀποδειχθῆναι</strong></span> <span class='ocrx_word' id='word_1_249' title='bbox 1352 2522 1461 2575; x_wconf 90' lang='grc' dir='ltr'><strong>τῶν</strong></span> <span class='ocrx_word' id='word_1_250' title='bbox 1492 2521 1586 2574; x_wconf 72' lang='grc' dir='ltr'><strong>τοῦ</strong></span> <span class='ocrx_word' id='word_1_251' title='bbox 1633 2519 1767 2573; x_wconf 80' lang='grc' dir='ltr'><strong>Θεοῦ</strong></span> 
     </span>
    </p>
   </div>
   <div class='ocr_carea' id='block_1_41' title="bbox 181 2603 1770 2683">
    <p class='ocr_par' dir='ltr' id='par_1_41' title="bbox 181 2603 1770 2683">
     <span class='ocr_line' id='line_1_41' title="bbox 181 2603 1770 2683; baseline 0.007 -28"><span class='ocrx_word' id='word_1_252' title='bbox 181 2603 438 2671; x_wconf 73' lang='grc' dir='ltr'><strong>ἐντολῶν,</strong></span> <span class='ocrx_word' id='word_1_253' title='bbox 462 2605 541 2677; x_wconf 83' lang='grc' dir='ltr'><strong>τῷ</strong></span> <span class='ocrx_word' id='word_1_254' title='bbox 567 2611 958 2681; x_wconf 80' lang='grc' dir='ltr'><strong>ήτοιμασμένῳ</strong></span> <span class='ocrx_word' id='word_1_255' title='bbox 993 2612 1222 2681; x_wconf 79' lang='grc' dir='ltr'><strong>αύτῷ-τε</strong></span> <span class='ocrx_word' id='word_1_256' title='bbox 1252 2614 1346 2667; x_wconf 75' lang='grc' dir='ltr'><strong>καὶ</strong></span> <span class='ocrx_word' id='word_1_257' title='bbox 1372 2617 1485 2678; x_wconf 83' lang='grc' dir='ltr'><strong>τοῖς</strong></span> <span class='ocrx_word' id='word_1_258' title='bbox 1517 2613 1770 2683; x_wconf 78' lang='grc' dir='ltr'><strong>ἀγγέλοις</strong></span> 
     </span>
    </p>
   </div>
   <div class='ocr_carea' id='block_1_42' title="bbox 181 2697 1353 2775">
    <p class='ocr_par' dir='ltr' id='par_1_42' title="bbox 181 2697 1353 2775">
     <span class='ocr_line' id='line_1_42' title="bbox 181 2697 1353 2775; baseline 0.007 -25"><span class='ocrx_word' id='word_1_259' title='bbox 181 2697 352 2751; x_wconf 78' lang='grc' dir='ltr'><strong>αὐτοῦ</strong></span> <span class='ocrx_word' id='word_1_260' title='bbox 382 2701 516 2769; x_wconf 80' lang='grc' dir='ltr'><strong>πυρὶ</strong></span> <span class='ocrx_word' id='word_1_261' title='bbox 545 2701 752 2771; x_wconf 84' lang='grc' dir='ltr'><strong>αίωνίῳ</strong></span> <span class='ocrx_word' id='word_1_262' title='bbox 782 2702 1353 2775; x_wconf 75' lang='grc' dir='ltr'><strong>παραπεμφθήσεται.</strong></span> 
     </span>
    </p>
   </div>
   <div class='ocr_carea' id='block_1_43' title="bbox 269 2791 1771 2865">
    <p class='ocr_par' dir='ltr' id='par_1_43' title="bbox 269 2791 1771 2865">
     <span class='ocr_line' id='line_1_43' title="bbox 269 2791 1771 2865; baseline 0.004 -20"><span class='ocrx_word' id='word_1_263' title='bbox 269 2791 450 2859; x_wconf 79' lang='grc' dir='ltr'><strong>Ἀνὴρ</strong></span> <span class='ocrx_word' id='word_1_264' title='bbox 482 2792 551 2845; x_wconf 78' lang='grc' dir='ltr'><strong>δὲ</strong></span> <span class='ocrx_word' id='word_1_265' title='bbox 576 2792 845 2863; x_wconf 82' lang='grc' dir='ltr'><strong>ὑπήκοος</strong></span> <span class='ocrx_word' id='word_1_266' title='bbox 881 2798 1356 2865; x_wconf 70' lang='grc' dir='ltr'><strong>φυλασσόμενος</strong></span> <span class='ocrx_word' id='word_1_267' title='bbox 1392 2796 1674 2863; x_wconf 75' lang='grc' dir='ltr'><strong>λαλήσει.</strong></span> <span class='ocrx_word' id='word_1_268' title='bbox 1713 2798 1771 2851; x_wconf 91' lang='lat'><strong>&#39;0</strong></span> 
     </span>
    </p>
   </div>
   <div class='ocr_carea' id='block_1_44' title="bbox 183 2881 1771 2958">
    <p class='ocr_par' dir='ltr' id='par_1_44' title="bbox 183 2881 1771 2958">
     <span class='ocr_line' id='line_1_44' title="bbox 183 2881 1771 2958; baseline 0.005 -25"><span class='ocrx_word' id='word_1_269' title='bbox 183 2881 246 2935; x_wconf 77' lang='grc' dir='ltr'><strong>δὲ</strong></span> <span class='ocrx_word' id='word_1_270' title='bbox 273 2882 394 2954; x_wconf 83' lang='grc' dir='ltr'><strong>Θεῷ</strong></span> <span class='ocrx_word' id='word_1_271' title='bbox 429 2884 743 2950; x_wconf 82' lang='grc' dir='ltr'><strong>ὑπακούων,</strong></span> <span class='ocrx_word' id='word_1_272' title='bbox 776 2888 993 2951; x_wconf 73' lang='grc' dir='ltr'><strong>καὶτὰς</strong></span> <span class='ocrx_word' id='word_1_273' title='bbox 1014 2886 1179 2957; x_wconf 76' lang='grc' dir='ltr'><strong>ἁγίας</strong></span> <span class='ocrx_word' id='word_1_274' title='bbox 1212 2886 1379 2941; x_wconf 75' lang='grc' dir='ltr'><strong>αὑτοῦ</strong></span> <span class='ocrx_word' id='word_1_275' title='bbox 1408 2888 1594 2958; x_wconf 87' lang='grc' dir='ltr'><strong>τηρῶν</strong></span> <span class='ocrx_word' id='word_1_276' title='bbox 1621 2890 1771 2941; x_wconf 85' lang='grc' dir='ltr'><strong>ὲντο-</strong></span> 
     </span>
    </p>
   </div>
   <div class='ocr_carea' id='block_1_45' title="bbox 183 2975 1771 3049">
    <p class='ocr_par' dir='ltr' id='par_1_45' title="bbox 183 2975 1771 3049">
     <span class='ocr_line' id='line_1_45' title="bbox 183 2975 1771 3049; baseline 0.003 -22"><span class='ocrx_word' id='word_1_277' title='bbox 183 2975 307 3043; x_wconf 79' lang='grc' dir='ltr'><strong>λὰς,</strong></span> <span class='ocrx_word' id='word_1_278' title='bbox 349 2975 621 3047; x_wconf 75' lang='grc' dir='ltr'><strong>διατηρῶν</strong></span> <span class='ocrx_word' id='word_1_279' title='bbox 650 2977 843 3031; x_wconf 74' lang='grc' dir='ltr'><strong>ἑαυτὸν</strong></span> <span class='ocrx_word' id='word_1_280' title='bbox 880 2980 983 3049; x_wconf 76' lang='grc' dir='ltr'><strong>τῆς</strong></span> <span class='ocrx_word' id='word_1_281' title='bbox 1016 2981 1320 3045; x_wconf 78' lang='grc' dir='ltr'><strong>Σατανικῆς</strong></span> <span class='ocrx_word' id='word_1_282' title='bbox 1358 2979 1577 3048; x_wconf 81' lang='grc' dir='ltr'><strong>ἀπάτης</strong></span> <span class='ocrx_word' id='word_1_283' title='bbox 1611 2979 1771 3032; x_wconf 81' lang='grc' dir='ltr'><strong>ἀπεί-</strong></span> 
     </span>
    </p>
   </div>
   <div class='ocr_carea' id='block_1_46' title="bbox 188 3066 1771 3143">
    <p class='ocr_par' dir='ltr' id='par_1_46' title="bbox 188 3066 1771 3143">
     <span class='ocr_line' id='line_1_46' title="bbox 188 3066 1771 3143; baseline 0.006 -26"><span class='ocrx_word' id='word_1_284' title='bbox 188 3082 375 3137; x_wconf 84' lang='grc' dir='ltr'><strong>ρατον,</strong></span> <span class='ocrx_word' id='word_1_285' title='bbox 414 3066 595 3138; x_wconf 72' lang='grc' dir='ltr'><strong>ἔργοις</strong></span> <span class='ocrx_word' id='word_1_286' title='bbox 630 3069 725 3121; x_wconf 78' lang='grc' dir='ltr'><strong>καὶ</strong></span> <span class='ocrx_word' id='word_1_287' title='bbox 753 3069 936 3139; x_wconf 79' lang='grc' dir='ltr'><strong>λόγοις</strong></span> <span class='ocrx_word' id='word_1_288' title='bbox 966 3072 1027 3123; x_wconf 86' lang='grc' dir='ltr'><strong>τὸ</strong></span> <span class='ocrx_word' id='word_1_289' title='bbox 1065 3070 1235 3134; x_wconf 74' lang='grc' dir='ltr'><strong>ὅντως</strong></span> <span class='ocrx_word' id='word_1_290' title='bbox 1265 3071 1595 3143; x_wconf 83' lang='grc' dir='ltr'><strong>ὁμολογήσει</strong></span> <span class='ocrx_word' id='word_1_291' title='bbox 1629 3074 1771 3141; x_wconf 86' lang='grc' dir='ltr'><strong>ἁγα-</strong></span> 
     </span>
    </p>
   </div>
   <div class='ocr_carea' id='block_1_47' title="bbox 188 3156 1771 3235">
    <p class='ocr_par' dir='ltr' id='par_1_47' title="bbox 188 3156 1771 3235">
     <span class='ocr_line' id='line_1_47' title="bbox 188 3156 1771 3235; baseline 0.005 -24"><span class='ocrx_word' id='word_1_292' title='bbox 188 3156 307 3222; x_wconf 75' lang='grc' dir='ltr'><strong>θὸν,</strong></span> <span class='ocrx_word' id='word_1_293' title='bbox 361 3158 499 3229; x_wconf 76' lang='grc' dir='ltr'><strong>πρὸς</strong></span> <span class='ocrx_word' id='word_1_294' title='bbox 548 3160 645 3231; x_wconf 81' lang='grc' dir='ltr'><strong>τὴν</strong></span> <span class='ocrx_word' id='word_1_295' title='bbox 692 3160 802 3216; x_wconf 88' lang='grc' dir='ltr'><strong>τῶν</strong></span> <span class='ocrx_word' id='word_1_296' title='bbox 832 3163 1087 3235; x_wconf 84' lang='grc' dir='ltr'><strong>ὁρώντων</strong></span> <span class='ocrx_word' id='word_1_297' title='bbox 1147 3164 1243 3217; x_wconf 77' lang='grc' dir='ltr'><strong>καὶ</strong></span> <span class='ocrx_word' id='word_1_298' title='bbox 1288 3164 1596 3220; x_wconf 81' lang='grc' dir='ltr'><strong>ἀκουόντων</strong></span> <span class='ocrx_word' id='word_1_299' title='bbox 1628 3165 1771 3235; x_wconf 65' lang='grc' dir='ltr'><strong>ὠφέ-</strong></span> 
     </span>
    </p>
   </div>
   <div class='ocr_carea' id='block_1_48' title="bbox 187 3250 362 3302">
    <p class='ocr_par' dir='ltr' id='par_1_48' title="bbox 187 3250 362 3302">
     <span class='ocr_line' id='line_1_48' title="bbox 187 3250 362 3302; baseline 0.006 -1"><span class='ocrx_word' id='word_1_300' title='bbox 187 3250 362 3302; x_wconf 82' lang='grc' dir='ltr'><strong>λειαν.</strong></span> 
     </span>
    </p>
   </div>
   <div class='ocr_carea' id='block_1_49' title="bbox 262 3339 1774 3417">
    <p class='ocr_par' dir='ltr' id='par_1_49' title="bbox 262 3339 1774 3417">
     <span class='ocr_line' id='line_1_49' title="bbox 262 3339 1774 3417; baseline 0.005 -23"><span class='ocrx_word' id='word_1_301' title='bbox 262 3339 367 3396; x_wconf 84' lang='grc' dir='ltr'><strong>κθ’.</strong></span> <span class='ocrx_word' id='word_1_302' title='bbox 424 3339 667 3409; x_wconf 77' lang='grc' dir='ltr'><strong>Ἇσεόὴς</strong></span> <span class='ocrx_word' id='word_1_303' title='bbox 711 3341 892 3411; x_wconf 80' lang='grc' dir='ltr'><strong>ἀνὴρ,</strong></span> <span class='ocrx_word' id='word_1_304' title='bbox 944 3345 1202 3411; x_wconf 77' lang='grc' dir='ltr'><strong>ἀναιδῶς</strong></span> <span class='ocrx_word' id='word_1_305' title='bbox 1232 3347 1557 3416; x_wconf 62' lang='grc' dir='ltr'><strong>ὑφίσταται</strong></span> <span class='ocrx_word' id='word_1_306' title='bbox 1588 3364 1774 3417; x_wconf 83' lang='grc' dir='ltr'><strong>προσ-</strong></span> 
     </span>
    </p>
   </div>
   <div class='ocr_carea' id='block_1_50' title="bbox 188 3432 1775 3510">
    <p class='ocr_par' dir='ltr' id='par_1_50' title="bbox 188 3432 1775 3510">
     <span class='ocr_line' id='line_1_50' title="bbox 188 3432 1775 3510; baseline 0.006 -26"><span class='ocrx_word' id='word_1_307' title='bbox 188 3432 349 3499; x_wconf 81' lang='grc' dir='ltr'><strong>ώπῳ.</strong></span> <span class='ocrx_word' id='word_1_308' title='bbox 394 3432 453 3485; x_wconf 88' lang='lat'><strong>&#39;0</strong></span> <span class='ocrx_word' id='word_1_309' title='bbox 501 3434 575 3504; x_wconf 84' lang='grc' dir='ltr'><strong>μὴ</strong></span> <span class='ocrx_word' id='word_1_310' title='bbox 631 3434 806 3504; x_wconf 85' lang='grc' dir='ltr'><strong>τιμῶν</strong></span> <span class='ocrx_word' id='word_1_311' title='bbox 866 3434 967 3501; x_wconf 79' lang='grc' dir='ltr'><strong>τὴν</strong></span> <span class='ocrx_word' id='word_1_312' title='bbox 1022 3436 1285 3506; x_wconf 77' lang='grc' dir='ltr'><strong>ἀλήθειαν</strong></span> <span class='ocrx_word' id='word_1_313' title='bbox 1333 3438 1640 3510; x_wconf 76' lang='grc' dir='ltr'><strong>ἄνθρωπος.</strong></span> <span class='ocrx_word' id='word_1_314' title='bbox 1681 3439 1775 3493; x_wconf 81' lang='grc' dir='ltr'><strong>τὸν</strong></span> 
     </span>
    </p>
   </div>
   <div class='ocr_carea' id='block_1_51' title="bbox 190 3516 1777 3602">
    <p class='ocr_par' dir='ltr' id='par_1_51' title="bbox 190 3516 1777 3602">
     <span class='ocr_line' id='line_1_51' title="bbox 190 3516 1777 3602; baseline 0.006 -26"><span class='ocrx_word' id='word_1_315' title='bbox 190 3516 396 3595; x_wconf 83' lang='grc' dir='ltr'><strong>ταύτης</strong></span> <span class='ocrx_word' id='word_1_316' title='bbox 425 3525 517 3577; x_wconf 75' lang='grc' dir='ltr'><strong>ἐπὶ</strong></span> <span class='ocrx_word' id='word_1_317' title='bbox 560 3529 682 3590; x_wconf 83' lang='grc' dir='ltr'><strong>ταῖς</strong></span> <span class='ocrx_word' id='word_1_318' title='bbox 728 3525 1070 3597; x_wconf 74' lang='grc' dir='ltr'><strong>παραλόγοις</strong></span> <span class='ocrx_word' id='word_1_319' title='bbox 1124 3529 1291 3583; x_wconf 75' lang='grc' dir='ltr'><strong>αὐτοῦ</strong></span> <span class='ocrx_word' id='word_1_320' title='bbox 1327 3532 1590 3602; x_wconf 78' lang='grc' dir='ltr'><strong>πράξεσιν</strong></span> <span class='ocrx_word' id='word_1_321' title='bbox 1623 3532 1777 3602; x_wconf 76' lang='grc' dir='ltr'><strong>ἐλεγ-</strong></span> 
     </span>
    </p>
   </div>
   <div class='ocr_carea' id='block_1_52' title="bbox 194 3602 1203 3691">
    <p class='ocr_par' dir='ltr' id='par_1_52' title="bbox 194 3602 1203 3691">
     <span class='ocr_line' id='line_1_52' title="bbox 194 3602 1203 3691; baseline 0.002 -20"><span class='ocrx_word' id='word_1_322' title='bbox 194 3634 309 3689; x_wconf 71' lang='grc' dir='ltr'><strong>χνιν,</strong></span> <span class='ocrx_word' id='word_1_323' title='bbox 341 3617 685 3689; x_wconf 85' lang='grc' dir='ltr'><strong>ἀναισχύντῳ</strong></span> <span class='ocrx_word' id='word_1_324' title='bbox 716 3617 985 3691; x_wconf 81' lang='grc' dir='ltr'><strong>ὑποφέρει</strong></span> <span class='ocrx_word' id='word_1_325' title='bbox 1015 3618 1159 3688; x_wconf 70' lang='grc' dir='ltr'><strong>ὄψει.</strong></span> <span class='ocrx_word' id='word_1_326' title='bbox 1202 3602 1203 3605; x_wconf 8' lang='grc' dir='ltr'><strong>η</strong></span> 
     </span>
    </p>
   </div>
   <div class='ocr_carea' id='block_1_53' title="bbox 276 3708 1772 3780">
    <p class='ocr_par' dir='ltr' id='par_1_53' title="bbox 276 3708 1772 3780">
     <span class='ocr_line' id='line_1_53' title="bbox 276 3708 1772 3780; baseline 0.005 -17"><span class='ocrx_word' id='word_1_327' title='bbox 276 3712 330 3763; x_wconf 88' lang='lat'><strong>&#39;0</strong></span> <span class='ocrx_word' id='word_1_328' title='bbox 358 3708 426 3764; x_wconf 78' lang='grc' dir='ltr'><strong>δὲ</strong></span> <span class='ocrx_word' id='word_1_329' title='bbox 465 3712 669 3778; x_wconf 77' lang='grc' dir='ltr'><strong>εὐθὺς,</strong></span> <span class='ocrx_word' id='word_1_330' title='bbox 716 3712 900 3779; x_wconf 83' lang='grc' dir='ltr'><strong>αὐτὸς</strong></span> <span class='ocrx_word' id='word_1_331' title='bbox 949 3711 1159 3766; x_wconf 80' lang='grc' dir='ltr'><strong>συνιεῖ</strong></span> <span class='ocrx_word' id='word_1_332' title='bbox 1198 3711 1303 3778; x_wconf 80' lang='grc' dir='ltr'><strong>τὰς</strong></span> <span class='ocrx_word' id='word_1_333' title='bbox 1348 3709 1529 3780; x_wconf 74' lang='grc' dir='ltr'><strong>ὀδοὺς</strong></span> <span class='ocrx_word' id='word_1_334' title='bbox 1562 3716 1772 3770; x_wconf 82' lang='grc' dir='ltr'><strong>αὐτοῦ.</strong></span> 
     </span>
    </p>
   </div>
   <div class='ocr_carea' id='block_1_54' title="bbox 204 3797 1777 3877">
    <p class='ocr_par' dir='ltr' id='par_1_54' title="bbox 204 3797 1777 3877">
     <span class='ocr_line' id='line_1_54' title="bbox 204 3797 1777 3877; baseline 0.004 -22"><span class='ocrx_word' id='word_1_335' title='bbox 204 3797 265 3855; x_wconf 87' lang='lat'><strong>&#39;0</strong></span> <span class='ocrx_word' id='word_1_336' title='bbox 291 3800 337 3856; x_wconf 79' lang='grc' dir='ltr'>δ’</span> <span class='ocrx_word' id='word_1_337' title='bbox 365 3803 594 3876; x_wconf 79' lang='grc' dir='ltr'><strong>ἀληθὴς,</strong></span> <span class='ocrx_word' id='word_1_338' title='bbox 625 3805 778 3875; x_wconf 82' lang='grc' dir='ltr'><strong>ἄγων</strong></span> <span class='ocrx_word' id='word_1_339' title='bbox 816 3804 903 3861; x_wconf 84' lang='grc' dir='ltr'><strong>διὰ</strong></span> <span class='ocrx_word' id='word_1_340' title='bbox 925 3806 1095 3877; x_wconf 66' lang='grc' dir='ltr'><strong>τιμῆς</strong></span> <span class='ocrx_word' id='word_1_341' title='bbox 1128 3807 1229 3876; x_wconf 74' lang='grc' dir='ltr'><strong>τὴν</strong></span> <span class='ocrx_word' id='word_1_342' title='bbox 1259 3806 1541 3876; x_wconf 82' lang='grc' dir='ltr'><strong>ἀλήθειαν,</strong></span> <span class='ocrx_word' id='word_1_343' title='bbox 1565 3807 1777 3862; x_wconf 73' lang='grc' dir='ltr'><strong>οἴκοθεν</strong></span> 
     </span>
    </p>
   </div>
   <div class='ocr_carea' id='block_1_55' title="bbox 191 3894 1780 3969">
    <p class='ocr_par' dir='ltr' id='par_1_55' title="bbox 191 3894 1780 3969">
     <span class='ocr_line' id='line_1_55' title="bbox 191 3894 1780 3969; baseline 0.003 -22"><span class='ocrx_word' id='word_1_344' title='bbox 191 3894 569 3963; x_wconf 74' lang='grc' dir='ltr'><strong>ἐπιγινώσκει,</strong></span> <span class='ocrx_word' id='word_1_345' title='bbox 590 3897 644 3950; x_wconf 85' lang='grc' dir='ltr'><strong>εί</strong></span> <span class='ocrx_word' id='word_1_346' title='bbox 666 3896 770 3951; x_wconf 89' lang='grc' dir='ltr'><strong>πού</strong></span> <span class='ocrx_word' id='word_1_347' title='bbox 803 3914 859 3950; x_wconf 93' lang='grc' dir='ltr'><strong>τι</strong></span> <span class='ocrx_word' id='word_1_348' title='bbox 885 3896 1219 3969; x_wconf 85' lang='grc' dir='ltr'><strong>προσπταίει</strong></span> <span class='ocrx_word' id='word_1_349' title='bbox 1247 3896 1394 3968; x_wconf 77' lang='grc' dir='ltr'><strong>Θεῷ·</strong></span> <span class='ocrx_word' id='word_1_350' title='bbox 1433 3898 1530 3952; x_wconf 78' lang='grc' dir='ltr'><strong>καὶ</strong></span> <span class='ocrx_word' id='word_1_351' title='bbox 1568 3898 1780 3968; x_wconf 77' lang='grc' dir='ltr'><strong>μεμφό-</strong></span> 
     </span>
    </p>
   </div>
   <div class='ocr_carea' id='block_1_56' title="bbox 197 3987 1779 4062">
    <p class='ocr_par' dir='ltr' id='par_1_56' title="bbox 197 3987 1779 4062">
     <span class='ocr_line' id='line_1_56' title="bbox 197 3987 1779 4062; baseline 0.003 -22"><span class='ocrx_word' id='word_1_352' title='bbox 197 4003 358 4057; x_wconf 86' lang='grc' dir='ltr'><strong>μενος</strong></span> <span class='ocrx_word' id='word_1_353' title='bbox 392 3987 562 4058; x_wconf 81' lang='grc' dir='ltr'><strong>αὐτῷ,</strong></span> <span class='ocrx_word' id='word_1_354' title='bbox 595 3989 939 4061; x_wconf 80' lang='grc' dir='ltr'><strong>ἐπιμελεῖται</strong></span> <span class='ocrx_word' id='word_1_355' title='bbox 979 3990 1083 4061; x_wconf 81' lang='grc' dir='ltr'><strong>τῆς</strong></span> <span class='ocrx_word' id='word_1_356' title='bbox 1130 3989 1240 4045; x_wconf 86' lang='grc' dir='ltr'><strong>τῶν</strong></span> <span class='ocrx_word' id='word_1_357' title='bbox 1274 3989 1560 4062; x_wconf 80' lang='grc' dir='ltr'><strong>σφαλερῶν</strong></span> <span class='ocrx_word' id='word_1_358' title='bbox 1602 3990 1779 4060; x_wconf 78' lang='grc' dir='ltr'><strong>ἔργων</strong></span> 
     </span>
    </p>
   </div>
   <div class='ocr_carea' id='block_1_57' title="bbox 193 4080 751 4152">
    <p class='ocr_par' dir='ltr' id='par_1_57' title="bbox 193 4080 751 4152">
     <span class='ocr_line' id='line_1_57' title="bbox 193 4080 751 4152; baseline -0.002 -15"><span class='ocrx_word' id='word_1_359' title='bbox 193 4080 359 4137; x_wconf 81' lang='grc' dir='ltr'><strong>αὐτοῦ</strong></span> <span class='ocrx_word' id='word_1_360' title='bbox 387 4080 751 4152; x_wconf 80' lang='grc' dir='ltr'><strong>διορθώσεως.</strong></span> 
     </span>
    </p>
   </div>
   <div class='ocr_carea' id='block_1_58' title="bbox 256 4169 1778 4243">
    <p class='ocr_par' dir='ltr' id='par_1_58' title="bbox 256 4169 1778 4243">
     <span class='ocr_line' id='line_1_58' title="bbox 256 4169 1778 4243; baseline 0.001 -18"><span class='ocrx_word' id='word_1_361' title='bbox 256 4169 327 4227; x_wconf 85' lang='grc' dir='ltr'><strong>λ’.</strong></span> <span class='ocrx_word' id='word_1_362' title='bbox 350 4174 474 4227; x_wconf 84' lang='grc' dir='ltr'><strong>Οὐκ</strong></span> <span class='ocrx_word' id='word_1_363' title='bbox 512 4173 644 4228; x_wconf 75' lang='grc' dir='ltr'><strong>ἐστι</strong></span> <span class='ocrx_word' id='word_1_364' title='bbox 699 4173 919 4243; x_wconf 70' lang='grc' dir='ltr'><strong>σοφία,</strong></span> <span class='ocrx_word' id='word_1_365' title='bbox 965 4174 1077 4227; x_wconf 80' lang='grc' dir='ltr'><strong>οὐκ</strong></span> <span class='ocrx_word' id='word_1_366' title='bbox 1130 4172 1305 4228; x_wconf 77' lang='grc' dir='ltr'><strong>ἐστιν</strong></span> <span class='ocrx_word' id='word_1_367' title='bbox 1348 4172 1614 4241; x_wconf 82' lang='grc' dir='ltr'><strong>ἀνδρεία,</strong></span> <span class='ocrx_word' id='word_1_368' title='bbox 1664 4174 1778 4227; x_wconf 82' lang='grc' dir='ltr'><strong>οὐκ</strong></span> 
     </span>
    </p>
   </div>
   <div class='ocr_carea' id='block_1_59' title="bbox 192 4263 1776 4337">
    <p class='ocr_par' dir='ltr' id='par_1_59' title="bbox 192 4263 1776 4337">
     <span class='ocr_line' id='line_1_59' title="bbox 192 4263 1776 4337; baseline 0.001 -20"><span class='ocrx_word' id='word_1_369' title='bbox 192 4264 327 4317; x_wconf 78' lang='grc' dir='ltr'><strong>ἐστι</strong></span> <span class='ocrx_word' id='word_1_370' title='bbox 371 4263 574 4331; x_wconf 76' lang='grc' dir='ltr'><strong>,βουλὴ</strong></span> <span class='ocrx_word' id='word_1_371' title='bbox 610 4263 943 4329; x_wconf 46' lang='grc' dir='ltr'><strong>,κατέναντι</strong></span> <span class='ocrx_word' id='word_1_372' title='bbox 989 4263 1230 4332; x_wconf 84' lang='grc' dir='ltr'><strong>Κυρίου.</strong></span> <span class='ocrx_word' id='word_1_373' title='bbox 1263 4264 1375 4335; x_wconf 83' lang='grc' dir='ltr'><strong>Οὐχ</strong></span> <span class='ocrx_word' id='word_1_374' title='bbox 1408 4264 1646 4337; x_wconf 81' lang='grc' dir='ltr'><strong>ὑπάρχει</strong></span> <span class='ocrx_word' id='word_1_375' title='bbox 1679 4264 1776 4318; x_wconf 89' lang='grc' dir='ltr'><strong>άν-</strong></span> 
     </span>
    </p>
   </div>
   <div class='ocr_carea' id='block_1_60' title="bbox 194 4348 1779 4425">
    <p class='ocr_par' dir='ltr' id='par_1_60' title="bbox 194 4348 1779 4425">
     <span class='ocr_line' id='line_1_60' title="bbox 194 4348 1779 4425; baseline 0.004 -23"><span class='ocrx_word' id='word_1_376' title='bbox 194 4349 444 4421; x_wconf 86' lang='grc' dir='ltr'><strong>θρωπίνη</strong></span> <span class='ocrx_word' id='word_1_377' title='bbox 484 4350 665 4420; x_wconf 84' lang='grc' dir='ltr'><strong>σοφία,</strong></span> <span class='ocrx_word' id='word_1_378' title='bbox 693 4349 796 4405; x_wconf 69' lang='grc' dir='ltr'><strong>εἴτ’</strong></span> <span class='ocrx_word' id='word_1_379' title='bbox 825 4348 1070 4423; x_wconf 78' lang='grc' dir='ltr'><strong>ἀνδρεία,</strong></span> <span class='ocrx_word' id='word_1_380' title='bbox 1109 4352 1223 4406; x_wconf 73' lang='grc' dir='ltr'><strong>εἴτε</strong></span> <span class='ocrx_word' id='word_1_381' title='bbox 1253 4353 1600 4425; x_wconf 72' lang='grc' dir='ltr'><strong>περίσκεψις,</strong></span> <span class='ocrx_word' id='word_1_382' title='bbox 1630 4355 1779 4408; x_wconf 83' lang='grc' dir='ltr'><strong>ἀντι-</strong></span> 
     </span>
    </p>
   </div>
   <div class='ocr_carea' id='block_1_61' title="bbox 192 4437 1777 4515">
    <p class='ocr_par' dir='ltr' id='par_1_61' title="bbox 192 4437 1777 4515">
     <span class='ocr_line' id='line_1_61' title="bbox 192 4437 1777 4515; baseline 0.002 -22"><span class='ocrx_word' id='word_1_383' title='bbox 192 4443 385 4494; x_wconf 80' lang='grc' dir='ltr'><strong>πεσεῖν</strong></span> <span class='ocrx_word' id='word_1_384' title='bbox 421 4440 540 4512; x_wconf 80' lang='grc' dir='ltr'><strong>Θεῷ</strong></span> <span class='ocrx_word' id='word_1_385' title='bbox 571 4441 845 4515; x_wconf 77' lang='grc' dir='ltr'><strong>δυναμένη</strong></span> <span class='ocrx_word' id='word_1_386' title='bbox 866 4456 880 4471; x_wconf 73' lang='grc'><strong><em>⁵</em></strong></span> <span class='ocrx_word' id='word_1_387' title='bbox 913 4443 1140 4513; x_wconf 81' lang='grc' dir='ltr'><strong>σφάλλει</strong></span> <span class='ocrx_word' id='word_1_388' title='bbox 1175 4442 1285 4515; x_wconf 80' lang='grc' dir='ltr'><strong>γὰρ</strong></span> <span class='ocrx_word' id='word_1_389' title='bbox 1307 4437 1464 4505; x_wconf 67' lang='grc' dir='ltr'><strong>οὗτος</strong></span> <span class='ocrx_word' id='word_1_390' title='bbox 1492 4443 1620 4505; x_wconf 84' lang='grc' dir='ltr'><strong>τοὺς</strong></span> <span class='ocrx_word' id='word_1_391' title='bbox 1652 4457 1777 4496; x_wconf 81' lang='grc' dir='ltr'><strong>συν-</strong></span> 
     </span>
    </p>
   </div>
   <div class='ocr_carea' id='block_1_62' title="bbox 192 4533 1854 4630">
    <p class='ocr_par' dir='ltr' id='par_1_62' title="bbox 192 4533 1854 4630">
     <span class='ocr_line' id='line_1_62' title="bbox 192 4533 1854 4630; baseline 0 -43"><span class='ocrx_word' id='word_1_392' title='bbox 192 4533 385 4596; x_wconf 77' lang='grc' dir='ltr'><strong>ετοὺς,</strong></span> <span class='ocrx_word' id='word_1_393' title='bbox 424 4534 518 4586; x_wconf 71' lang='grc' dir='ltr'><strong>καὶ</strong></span> <span class='ocrx_word' id='word_1_394' title='bbox 572 4533 895 4630; x_wconf 70' lang='grc' dir='ltr'><strong>περιτρέπει</strong></span> <span class='ocrx_word' id='word_1_395' title='bbox 941 4534 1071 4598; x_wconf 82' lang='grc' dir='ltr'><strong>τοὺς</strong></span> <span class='ocrx_word' id='word_1_396' title='bbox 1114 4535 1391 4606; x_wconf 81' lang='grc' dir='ltr'><strong>ίσχυροὺς,</strong></span> <span class='ocrx_word' id='word_1_397' title='bbox 1441 4534 1538 4588; x_wconf 73' lang='grc' dir='ltr'><strong>καὶ</strong></span> <span class='ocrx_word' id='word_1_398' title='bbox 1582 4533 1854 4630; x_wconf 70' lang='grc' dir='ltr'><strong>βουλὰςῙ)</strong></span> 
     </span>
    </p>
   </div>
   <div class='ocr_carea' id='block_1_63' title="bbox 192 4619 1777 4697">
    <p class='ocr_par' dir='ltr' id='par_1_63' title="bbox 192 4619 1777 4697">
     <span class='ocr_line' id='line_1_63' title="bbox 192 4619 1777 4697; baseline 0.003 -23"><span class='ocrx_word' id='word_1_399' title='bbox 192 4620 366 4675; x_wconf 73' lang='grc' dir='ltr'><strong>ἐθνῶν</strong></span> <span class='ocrx_word' id='word_1_400' title='bbox 399 4619 746 4697; x_wconf 75' lang='grc' dir='ltr'><strong>διασκεδάζει</strong></span> <span class='ocrx_word' id='word_1_401' title='bbox 769 4638 786 4655; x_wconf 76' lang='grc' dir='ltr'><strong>ο</strong></span> <span class='ocrx_word' id='word_1_402' title='bbox 816 4624 851 4695; x_wconf 79' lang='grc' dir='ltr'><strong>ἠ</strong></span> <span class='ocrx_word' id='word_1_403' title='bbox 881 4622 939 4677; x_wconf 80' lang='grc' dir='ltr'><strong>δὲ</strong></span> <span class='ocrx_word' id='word_1_404' title='bbox 969 4622 1135 4695; x_wconf 82' lang='grc' dir='ltr'><strong>βουλὴ</strong></span> <span class='ocrx_word' id='word_1_405' title='bbox 1168 4622 1337 4678; x_wconf 80' lang='grc' dir='ltr'><strong>αὐτοῦ</strong></span> <span class='ocrx_word' id='word_1_406' title='bbox 1373 4623 1527 4695; x_wconf 81' lang='grc' dir='ltr'><strong>μένει</strong></span> <span class='ocrx_word' id='word_1_407' title='bbox 1567 4625 1646 4688; x_wconf 82' lang='grc' dir='ltr'><strong>εἰς</strong></span> <span class='ocrx_word' id='word_1_408' title='bbox 1686 4624 1777 4678; x_wconf 84' lang='grc' dir='ltr'><strong>τὸν</strong></span> 
     </span>
    </p>
   </div>
   <div class='ocr_carea' id='block_1_64' title="bbox 192 4711 391 4768">
    <p class='ocr_par' dir='ltr' id='par_1_64' title="bbox 192 4711 391 4768">
     <span class='ocr_line' id='line_1_64' title="bbox 192 4711 391 4768; baseline -0.01 0"><span class='ocrx_word' id='word_1_409' title='bbox 192 4711 391 4768; x_wconf 79' lang='grc' dir='ltr'><strong>αἰῶνα.</strong></span> 
     </span>
    </p>
   </div>
   <div class='ocr_carea' id='block_1_65' title="bbox 265 4803 1776 4877">
    <p class='ocr_par' dir='ltr' id='par_1_65' title="bbox 265 4803 1776 4877">
     <span class='ocr_line' id='line_1_65' title="bbox 265 4803 1776 4877; baseline 0.005 -20"><span class='ocrx_word' id='word_1_410' title='bbox 265 4804 363 4858; x_wconf 86' lang='grc' dir='ltr'><strong>λα’.</strong></span> <span class='ocrx_word' id='word_1_411' title='bbox 402 4803 626 4871; x_wconf 80' lang='grc' dir='ltr'><strong>Ἵππος</strong></span> <span class='ocrx_word' id='word_1_412' title='bbox 662 4804 1024 4875; x_wconf 77' lang='grc' dir='ltr'><strong>ἐτοιμάζεται</strong></span> <span class='ocrx_word' id='word_1_413' title='bbox 1069 4807 1159 4872; x_wconf 84' lang='grc' dir='ltr'><strong>είς</strong></span> <span class='ocrx_word' id='word_1_414' title='bbox 1204 4805 1434 4876; x_wconf 72' lang='grc' dir='ltr'><strong>ἡμέραν</strong></span> <span class='ocrx_word' id='word_1_415' title='bbox 1483 4807 1776 4877; x_wconf 78' lang='grc' dir='ltr'><strong>πολέμου.</strong></span> 
     </span>
    </p>
   </div>
   <div class='ocr_carea' id='block_1_66' title="bbox 195 4893 1776 4968">
    <p class='ocr_par' dir='ltr' id='par_1_66' title="bbox 195 4893 1776 4968">
     <span class='ocr_line' id='line_1_66' title="bbox 195 4893 1776 4968; baseline 0.002 -20"><span class='ocrx_word' id='word_1_416' title='bbox 195 4894 591 4966; x_wconf 75' lang='grc' dir='ltr'><strong>Εὐτρεπίζεται</strong></span> <span class='ocrx_word' id='word_1_417' title='bbox 621 4894 767 4950; x_wconf 82' lang='grc' dir='ltr'><strong>κατὰ</strong></span> <span class='ocrx_word' id='word_1_418' title='bbox 798 4895 1001 4967; x_wconf 77' lang='grc' dir='ltr'><strong>πρᾶξιν</strong></span> <span class='ocrx_word' id='word_1_419' title='bbox 1032 4897 1069 4968; x_wconf 83' lang='grc' dir='ltr'><strong>ἡ</strong></span> <span class='ocrx_word' id='word_1_420' title='bbox 1101 4897 1297 4966; x_wconf 74' lang='grc' dir='ltr'><strong>ἄλογος</strong></span> <span class='ocrx_word' id='word_1_421' title='bbox 1330 4893 1471 4967; x_wconf 82' lang='grc' dir='ltr'><strong>σὰρξ</strong></span> <span class='ocrx_word' id='word_1_422' title='bbox 1501 4896 1655 4967; x_wconf 83' lang='grc' dir='ltr'><strong>παρὰ</strong></span> <span class='ocrx_word' id='word_1_423' title='bbox 1680 4896 1776 4951; x_wconf 82' lang='grc' dir='ltr'><strong>τοῦ</strong></span> 
     </span>
    </p>
   </div>
   <div class='ocr_carea' id='block_1_67' title="bbox 194 4985 1775 5058">
    <p class='ocr_par' dir='ltr' id='par_1_67' title="bbox 194 4985 1775 5058">
     <span class='ocr_line' id='line_1_67' title="bbox 194 4985 1775 5058; baseline 0.002 -21"><span class='ocrx_word' id='word_1_424' title='bbox 194 4985 365 5058; x_wconf 76' lang='grc' dir='ltr'><strong>ταύτῃ</strong></span> <span class='ocrx_word' id='word_1_425' title='bbox 396 4986 790 5057; x_wconf 82' lang='grc' dir='ltr'><strong>ὲποχουμένου,</strong></span> <span class='ocrx_word' id='word_1_426' title='bbox 844 4985 977 5039; x_wconf 83' lang='grc' dir='ltr'><strong>ὥσθ’</strong></span> <span class='ocrx_word' id='word_1_427' title='bbox 1019 4985 1252 5041; x_wconf 75' lang='grc' dir='ltr'><strong>ἕπεσθαι</strong></span> <span class='ocrx_word' id='word_1_428' title='bbox 1298 4986 1475 5055; x_wconf 84' lang='grc' dir='ltr'><strong>τούτῳ</strong></span> <span class='ocrx_word' id='word_1_429' title='bbox 1519 4987 1775 5057; x_wconf 79' lang='grc' dir='ltr'><strong>ἑτοίμως,</strong></span> 
     </span>
    </p>
   </div>
   <div class='ocr_carea' id='block_1_68' title="bbox 195 5072 1776 5150">
    <p class='ocr_par' dir='ltr' id='par_1_68' title="bbox 195 5072 1776 5150">
     <span class='ocr_line' id='line_1_68' title="bbox 195 5072 1776 5150; baseline 0.002 -21"><span class='ocrx_word' id='word_1_430' title='bbox 195 5076 395 5130; x_wconf 79' lang='grc' dir='ltr'><strong>ὁπόταν</strong></span> <span class='ocrx_word' id='word_1_431' title='bbox 418 5072 575 5144; x_wconf 67' lang='grc' dir='ltr'><strong>οὗτος</strong></span> <span class='ocrx_word' id='word_1_432' title='bbox 602 5078 745 5148; x_wconf 78' lang='grc' dir='ltr'><strong>φωτὶ</strong></span> <span class='ocrx_word' id='word_1_433' title='bbox 771 5077 1031 5148; x_wconf 85' lang='grc' dir='ltr'><strong>γνώσεως</strong></span> <span class='ocrx_word' id='word_1_434' title='bbox 1058 5078 1315 5150; x_wconf 77' lang='grc' dir='ltr'><strong>αἴσθηται</strong></span> <span class='ocrx_word' id='word_1_435' title='bbox 1344 5080 1447 5149; x_wconf 78' lang='grc' dir='ltr'><strong>τῆς</strong></span> <span class='ocrx_word' id='word_1_436' title='bbox 1467 5079 1563 5132; x_wconf 80' lang='grc' dir='ltr'><strong>τοῦ</strong></span> <span class='ocrx_word' id='word_1_437' title='bbox 1585 5078 1776 5149; x_wconf 82' lang='grc' dir='ltr'><strong>νοητοῦ</strong></span> 
     </span>
    </p>
   </div>
   <div class='ocr_carea' id='block_1_69' title="bbox 198 5167 1301 5242">
    <p class='ocr_par' dir='ltr' id='par_1_69' title="bbox 198 5167 1301 5242">
     <span class='ocr_line' id='line_1_69' title="bbox 198 5167 1301 5242; baseline 0.003 -21"><span class='ocrx_word' id='word_1_438' title='bbox 198 5167 395 5240; x_wconf 64' lang='grc' dir='ltr'><strong>ἐχθροῦ</strong></span> <span class='ocrx_word' id='word_1_439' title='bbox 427 5171 571 5226; x_wconf 78' lang='grc' dir='ltr'><strong>κατὰ</strong></span> <span class='ocrx_word' id='word_1_440' title='bbox 593 5171 693 5241; x_wconf 77' lang='grc' dir='ltr'><strong>τῆς</strong></span> <span class='ocrx_word' id='word_1_441' title='bbox 721 5171 904 5242; x_wconf 76' lang='grc' dir='ltr'><strong>ψυχῆς</strong></span> <span class='ocrx_word' id='word_1_442' title='bbox 933 5171 1301 5234; x_wconf 80' lang='grc' dir='ltr'><strong>ἐπελεύσεως.</strong></span> 
     </span>
    </p>
   </div>
   <div class='ocr_carea' id='block_1_70' title="bbox 267 5259 1775 5333">
    <p class='ocr_par' dir='ltr' id='par_1_70' title="bbox 267 5259 1775 5333">
     <span class='ocr_line' id='line_1_70' title="bbox 267 5259 1775 5333; baseline 0.002 -20"><span class='ocrx_word' id='word_1_443' title='bbox 267 5259 431 5329; x_wconf 83' lang='grc' dir='ltr'><strong>Παρὰ</strong></span> <span class='ocrx_word' id='word_1_444' title='bbox 455 5260 525 5314; x_wconf 81' lang='grc' dir='ltr'><strong>δὲ</strong></span> <span class='ocrx_word' id='word_1_445' title='bbox 552 5262 774 5329; x_wconf 85' lang='grc' dir='ltr'><strong>Κυρίου</strong></span> <span class='ocrx_word' id='word_1_446' title='bbox 814 5261 1169 5333; x_wconf 52' lang='lat' dir='ltr'><strong>mammam.</strong></span> <span class='ocrx_word' id='word_1_447' title='bbox 1207 5262 1320 5333; x_wconf 79' lang='grc' dir='ltr'><strong>Τὴν</strong></span> <span class='ocrx_word' id='word_1_448' title='bbox 1350 5261 1408 5315; x_wconf 81' lang='grc' dir='ltr'><strong>δὲ</strong></span> <span class='ocrx_word' id='word_1_449' title='bbox 1457 5262 1581 5316; x_wconf 84' lang='grc' dir='ltr'><strong>κατ’</strong></span> <span class='ocrx_word' id='word_1_450' title='bbox 1608 5262 1775 5316; x_wconf 85' lang='grc' dir='ltr'><strong>αὐτοῦ</strong></span> 
     </span>
    </p>
   </div>
   <div class='ocr_carea' id='block_1_71' title="bbox 198 5349 1777 5425">
    <p class='ocr_par' dir='ltr' id='par_1_71' title="bbox 198 5349 1777 5425">
     <span class='ocr_line' id='line_1_71' title="bbox 198 5349 1777 5425; baseline 0.003 -22"><span class='ocrx_word' id='word_1_451' title='bbox 198 5349 352 5421; x_wconf 86' lang='grc' dir='ltr'><strong>νίκην</strong></span> <span class='ocrx_word' id='word_1_452' title='bbox 372 5353 401 5405; x_wconf 81' lang='grc' dir='ltr'>ὁ</span> <span class='ocrx_word' id='word_1_453' title='bbox 428 5351 707 5423; x_wconf 82' lang='grc' dir='ltr'><strong>Δεσπότης</strong></span> <span class='ocrx_word' id='word_1_454' title='bbox 746 5353 970 5407; x_wconf 88' lang='grc' dir='ltr'><strong>πάντων</strong></span> <span class='ocrx_word' id='word_1_455' title='bbox 999 5353 1132 5418; x_wconf 81' lang='grc' dir='ltr'><strong>Θεὸς</strong></span> <span class='ocrx_word' id='word_1_456' title='bbox 1165 5353 1419 5407; x_wconf 76' lang='grc' dir='ltr'><strong>δίδωσινο</strong></span> <span class='ocrx_word' id='word_1_457' title='bbox 1455 5354 1504 5407; x_wconf 89' lang='grc' dir='ltr'><strong>εί</strong></span> <span class='ocrx_word' id='word_1_458' title='bbox 1547 5353 1622 5425; x_wconf 80' lang='grc' dir='ltr'><strong>μὴ</strong></span> <span class='ocrx_word' id='word_1_459' title='bbox 1666 5355 1777 5424; x_wconf 80' lang='grc' dir='ltr'><strong>γὰρ</strong></span> 
     </span>
    </p>
   </div>
   <div class='ocr_carea' id='block_1_72' title="bbox 198 5435 1779 5518">
    <p class='ocr_par' dir='ltr' id='par_1_72' title="bbox 198 5435 1779 5518">
     <span class='ocr_line' id='line_1_72' title="bbox 198 5435 1779 5518; baseline 0.004 -24"><span class='ocrx_word' id='word_1_460' title='bbox 198 5435 351 5506; x_wconf 69' lang='grc' dir='ltr'><strong>οὗτος</strong></span> <span class='ocrx_word' id='word_1_461' title='bbox 380 5440 587 5513; x_wconf 87' lang='grc' dir='ltr'><strong>ταύτην</strong></span> <span class='ocrx_word' id='word_1_462' title='bbox 628 5444 908 5517; x_wconf 84' lang='grc' dir='ltr'><strong>παράσχῃ,</strong></span> <span class='ocrx_word' id='word_1_463' title='bbox 954 5448 1036 5510; x_wconf 81' lang='grc' dir='ltr'><strong>εἰς</strong></span> <span class='ocrx_word' id='word_1_464' title='bbox 1090 5446 1271 5518; x_wconf 83' lang='grc' dir='ltr'><strong>μάτην</strong></span> <span class='ocrx_word' id='word_1_465' title='bbox 1315 5446 1610 5501; x_wconf 75' lang='grc' dir='ltr'><strong>ἐκοπίασεν</strong></span> <span class='ocrx_word' id='word_1_466' title='bbox 1643 5448 1672 5500; x_wconf 86' lang='grc' dir='ltr'><strong>ό</strong></span> <span class='ocrx_word' id='word_1_467' title='bbox 1698 5445 1779 5517; x_wconf 84' lang='grc' dir='ltr'><strong>τῷ</strong></span> 
     </span>
    </p>
   </div>
   <div class='ocr_carea' id='block_1_73' title="bbox 201 5531 1192 5606">
    <p class='ocr_par' dir='ltr' id='par_1_73' title="bbox 201 5531 1192 5606">
     <span class='ocr_line' id='line_1_73' title="bbox 201 5531 1192 5606; baseline 0.004 -20"><span class='ocrx_word' id='word_1_468' title='bbox 201 5531 475 5603; x_wconf 76' lang='grc' dir='ltr'><strong>εἰρημένῳ</strong></span> <span class='ocrx_word' id='word_1_469' title='bbox 507 5532 689 5604; x_wconf 70' lang='grc' dir='ltr'><strong>ἐχθρῷ</strong></span> <span class='ocrx_word' id='word_1_470' title='bbox 718 5536 1192 5606; x_wconf 82' lang='grc' dir='ltr'><strong>ἀντιταττόμενος.</strong></span> 
     </span>
    </p>
   </div>
   <div class='ocr_carea' id='block_1_74' title="bbox 798 5629 1207 5686">
    <p class='ocr_par' dir='ltr' id='par_1_74' title="bbox 798 5629 1207 5686">
     <span class='ocr_line' id='line_1_74' title="bbox 798 5629 1207 5686; baseline 0.005 -2"><span class='ocrx_word' id='word_1_471' title='bbox 798 5629 1048 5685; x_wconf 77' lang='grc' dir='ltr'><strong>ΚΕΦΛΛ.</strong></span> <span class='ocrx_word' id='word_1_472' title='bbox 1081 5632 1207 5686; x_wconf 82' lang='lat' dir='ltr'><strong>KB&#39;.</strong></span> 
     </span>
    </p>
   </div>
   <div class='ocr_carea' id='block_1_75' title="bbox 272 5720 1771 5793">
    <p class='ocr_par' dir='ltr' id='par_1_75' title="bbox 272 5720 1771 5793">
     <span class='ocr_line' id='line_1_75' title="bbox 272 5720 1771 5793; baseline 0.006 -22"><span class='ocrx_word' id='word_1_473' title='bbox 272 5720 342 5772; x_wconf 87' lang='grc' dir='ltr'><strong>α’.</strong></span> <span class='ocrx_word' id='word_1_474' title='bbox 372 5720 717 5790; x_wconf 48' lang='grc' dir='ltr'><strong>Αίρετώτρδτιί</strong></span> <span class='ocrx_word' id='word_1_475' title='bbox 731 5741 762 5773; x_wconf 72' lang='grc' dir='ltr'><em>ν</em></span> <span class='ocrx_word' id='word_1_476' title='bbox 786 5724 971 5793; x_wconf 73' lang='grc' dir='ltr'><strong>ὄνομα</strong></span> <span class='ocrx_word' id='word_1_477' title='bbox 991 5726 1201 5786; x_wconf 67' lang='grc' dir='ltr'><strong>γαλὸιο,</strong></span> <span class='ocrx_word' id='word_1_478' title='bbox 1225 5727 1254 5792; x_wconf 70' lang='grc' dir='ltr'><strong>ἢ</strong></span> <span class='ocrx_word' id='word_1_479' title='bbox 1274 5742 1313 5776; x_wconf 85' lang='lat' dir='ltr'><strong>:z</strong></span> <span class='ocrx_word' id='word_1_480' title='bbox 1342 5726 1539 5790; x_wconf 74' lang='grc' dir='ltr'><strong>ίοῐστος</strong></span> <span class='ocrx_word' id='word_1_481' title='bbox 1563 5728 1771 5791; x_wconf 63' lang='grc' dir='ltr'><strong>πολύς.</strong></span> 
     </span>
    </p>
   </div>
   <div class='ocr_carea' id='block_1_76' title="bbox 211 5810 1768 5890">
    <p class='ocr_par' dir='ltr' id='par_1_76' title="bbox 211 5810 1768 5890">
     <span class='ocr_line' id='line_1_76' title="bbox 211 5810 1768 5890; baseline 0.001 -24"><span class='ocrx_word' id='word_1_482' title='bbox 211 5810 588 5887; x_wconf 71' lang='grc' dir='ltr'><strong>Προτιμοτέρα</strong></span> <span class='ocrx_word' id='word_1_483' title='bbox 636 5818 664 5885; x_wconf 75' lang='grc' dir='ltr'>ἡ</span> <span class='ocrx_word' id='word_1_484' title='bbox 702 5816 785 5867; x_wconf 72' lang='grc' dir='ltr'><strong>ἐπ’</strong></span> <span class='ocrx_word' id='word_1_485' title='bbox 828 5817 1065 5887; x_wconf 78' lang='grc' dir='ltr'><strong>ἐναρέτῳ</strong></span> <span class='ocrx_word' id='word_1_486' title='bbox 1106 5819 1351 5889; x_wconf 72' lang='grc' dir='ltr'><strong>πολιτεία</strong></span> <span class='ocrx_word' id='word_1_487' title='bbox 1389 5818 1567 5889; x_wconf 72' lang='grc' dir='ltr'><strong>ἀγαθὴ</strong></span> <span class='ocrx_word' id='word_1_488' title='bbox 1593 5820 1768 5890; x_wconf 52' lang='grc' dir='ltr'><strong>τήμη,</strong></span> 
     </span>
    </p>
   </div>
   <div class='ocr_carea' id='block_1_77' title="bbox 1871 1965 3442 2039">
    <p class='ocr_par' dir='ltr' id='par_1_77' title="bbox 1871 1965 3442 2039">
     <span class='ocr_line' id='line_1_77' title="bbox 1871 1965 3442 2039; baseline 0.001 -18"><span class='ocrx_word' id='word_1_489' title='bbox 1871 1966 2199 2039; x_wconf 84' lang='lat' dir='ltr'><strong>grediuntur</strong></span> <span class='ocrx_word' id='word_1_490' title='bbox 2240 1967 2343 2038; x_wconf 89' lang='lat' dir='ltr'><strong>ipsi</strong></span> <span class='ocrx_word' id='word_1_491' title='bbox 2379 1967 2698 2023; x_wconf 88' lang='lat' dir='ltr'><strong>mandatum</strong></span> <span class='ocrx_word' id='word_1_492' title='bbox 2741 1965 2888 2038; x_wconf 91' lang='lat' dir='ltr'><strong>quod</strong></span> <span class='ocrx_word' id='word_1_493' title='bbox 2915 1966 3071 2037; x_wconf 82' lang='lat' dir='ltr'><strong>jubet</strong></span> <span class='ocrx_word' id='word_1_494' title='bbox 3137 1980 3167 2020; x_wconf 88' lang='lat' dir='ltr'><strong>a</strong></span> <span class='ocrx_word' id='word_1_495' title='bbox 3200 1966 3442 2037; x_wconf 87' lang='lat' dir='ltr'><strong>propriis</strong></span> 
     </span>
    </p>
   </div>
   <div class='ocr_carea' id='block_1_78' title="bbox 1866 2060 2987 2140">
    <p class='ocr_par' dir='ltr' id='par_1_78' title="bbox 1866 2060 2987 2140">
     <span class='ocr_line' id='line_1_78' title="bbox 1866 2060 2987 2140; baseline -0.002 -24"><span class='ocrx_word' id='word_1_496' title='bbox 1866 2060 2033 2132; x_wconf 89' lang='lat' dir='ltr'><strong>justis</strong></span> <span class='ocrx_word' id='word_1_497' title='bbox 2059 2061 2343 2117; x_wconf 86' lang='lat' dir='ltr'><strong>laboribus</strong></span> <span class='ocrx_word' id='word_1_498' title='bbox 2376 2061 2650 2140; x_wconf 86' lang='lat' dir='ltr'><strong>honorare</strong></span> <span class='ocrx_word' id='word_1_499' title='bbox 2673 2060 2987 2115; x_wconf 90' lang='lat' dir='ltr'><strong>Dominum.</strong></span> 
     </span>
    </p>
   </div>
   <div class='ocr_carea' id='block_1_79' title="bbox 1941 2234 3449 2310">
    <p class='ocr_par' dir='ltr' id='par_1_79' title="bbox 1941 2234 3449 2310">
     <span class='ocr_line' id='line_1_79' title="bbox 1941 2234 3449 2310; baseline 0 -16"><span class='ocrx_word' id='word_1_500' title='bbox 1941 2236 2110 2296; x_wconf 74' lang='lat' dir='ltr'><strong>Vens.</strong></span> <span class='ocrx_word' id='word_1_501' title='bbox 2140 2234 2232 2295; x_wconf 68' lang='lat'><strong>28.</strong></span> <span class='ocrx_word' id='word_1_502' title='bbox 2259 2238 2430 2294; x_wconf 82' lang='lat' dir='ltr'><strong>Testis</strong></span> <span class='ocrx_word' id='word_1_503' title='bbox 2490 2239 2719 2294; x_wconf 75' lang='lat' dir='ltr'><strong>mendax</strong></span> <span class='ocrx_word' id='word_1_504' title='bbox 2769 2238 2979 2309; x_wconf 79' lang='lat' dir='ltr'><strong>peribit.</strong></span> <span class='ocrx_word' id='word_1_505' title='bbox 3033 2237 3295 2295; x_wconf 87' lang='lat' dir='ltr'><strong>Diabolus</strong></span> <span class='ocrx_word' id='word_1_506' title='bbox 3352 2238 3449 2310; x_wconf 87' lang='lat' dir='ltr'><strong>qui</strong></span> 
     </span>
    </p>
   </div>
   <div class='ocr_carea' id='block_1_80' title="bbox 1870 2331 3450 2404">
    <p class='ocr_par' dir='ltr' id='par_1_80' title="bbox 1870 2331 3450 2404">
     <span class='ocr_line' id='line_1_80' title="bbox 1870 2331 3450 2404; baseline -0.002 -14"><span class='ocrx_word' id='word_1_507' title='bbox 1870 2334 2206 2390; x_wconf 88' lang='lat' dir='ltr'><strong>mendaciter</strong></span> <span class='ocrx_word' id='word_1_508' title='bbox 2227 2333 2564 2404; x_wconf 85' lang='lat' dir='ltr'><strong>voluptatem</strong></span> <span class='ocrx_word' id='word_1_509' title='bbox 2600 2332 2823 2388; x_wconf 83' lang='lat' dir='ltr'><strong>brevem</strong></span> <span class='ocrx_word' id='word_1_510' title='bbox 2891 2331 3128 2398; x_wconf 80' lang='lat' dir='ltr'><strong>extollit,</strong></span> <span class='ocrx_word' id='word_1_511' title='bbox 3164 2340 3219 2388; x_wconf 89' lang='lat' dir='ltr'><strong>et</strong></span> <span class='ocrx_word' id='word_1_512' title='bbox 3244 2331 3450 2387; x_wconf 78' lang='lat' dir='ltr'><strong>atlectu</strong></span> 
     </span>
    </p>
   </div>
   <div class='ocr_carea' id='block_1_81' title="bbox 1872 2423 3448 2497">
    <p class='ocr_par' dir='ltr' id='par_1_81' title="bbox 1872 2423 3448 2497">
     <span class='ocr_line' id='line_1_81' title="bbox 1872 2423 3448 2497; baseline -0.001 -17"><span class='ocrx_word' id='word_1_513' title='bbox 1872 2427 2244 2497; x_wconf 87' lang='lat' dir='ltr'><strong>periturorum</strong></span> <span class='ocrx_word' id='word_1_514' title='bbox 2310 2426 2589 2480; x_wconf 86' lang='lat' dir='ltr'><strong>hominem</strong></span> <span class='ocrx_word' id='word_1_515' title='bbox 2649 2423 2904 2495; x_wconf 87' lang='lat' dir='ltr'><strong>decipere</strong></span> <span class='ocrx_word' id='word_1_516' title='bbox 2960 2432 3217 2489; x_wconf 84' lang='lat' dir='ltr'><strong>conatur,</strong></span> <span class='ocrx_word' id='word_1_517' title='bbox 3270 2432 3328 2478; x_wconf 90' lang='lat' dir='ltr'><strong>ut</strong></span> <span class='ocrx_word' id='word_1_518' title='bbox 3390 2423 3448 2478; x_wconf 90' lang='lat' dir='ltr'><strong>in</strong></span> 
     </span>
    </p>
   </div>
   <div class='ocr_carea' id='block_1_82' title="bbox 1870 2516 3447 2591">
    <p class='ocr_par' dir='ltr' id='par_1_82' title="bbox 1870 2516 3447 2591">
     <span class='ocr_line' id='line_1_82' title="bbox 1870 2516 3447 2591; baseline -0.004 -17"><span class='ocrx_word' id='word_1_519' title='bbox 1870 2519 2366 2591; x_wconf 76' lang='lat' dir='ltr'><strong>transgressionem</strong></span> <span class='ocrx_word' id='word_1_520' title='bbox 2408 2517 2501 2572; x_wconf 89' lang='lat' dir='ltr'><strong>Dei</strong></span> <span class='ocrx_word' id='word_1_521' title='bbox 2538 2517 2919 2571; x_wconf 84' lang='lat' dir='ltr'><strong>mandatorum</strong></span> <span class='ocrx_word' id='word_1_522' title='bbox 2970 2516 3290 2581; x_wconf 73' lang='lat' dir='ltr'><strong>inducatur,</strong></span> <span class='ocrx_word' id='word_1_523' title='bbox 3318 2516 3447 2569; x_wconf 84' lang='lat' dir='ltr'><strong>mit-</strong></span> 
     </span>
    </p>
   </div>
   <div class='ocr_carea' id='block_1_83' title="bbox 1873 2608 3449 2683">
    <p class='ocr_par' dir='ltr' id='par_1_83' title="bbox 1873 2608 3449 2683">
     <span class='ocr_line' id='line_1_83' title="bbox 1873 2608 3449 2683; baseline -0.003 -16"><span class='ocrx_word' id='word_1_524' title='bbox 1873 2623 2019 2667; x_wconf 88' lang='lat' dir='ltr'><strong>tetur</strong></span> <span class='ocrx_word' id='word_1_525' title='bbox 2069 2613 2123 2667; x_wconf 92' lang='lat' dir='ltr'><strong>in</strong></span> <span class='ocrx_word' id='word_1_526' title='bbox 2157 2614 2336 2683; x_wconf 81' lang='lat' dir='ltr'><strong>ignem</strong></span> <span class='ocrx_word' id='word_1_527' title='bbox 2365 2618 2628 2666; x_wconf 66' lang='lat' dir='ltr'><strong>aeternum</strong></span> <span class='ocrx_word' id='word_1_528' title='bbox 2672 2609 2777 2680; x_wconf 87' lang='lat' dir='ltr'><strong>ipsi</strong></span> <span class='ocrx_word' id='word_1_529' title='bbox 2828 2624 2892 2662; x_wconf 87' lang='lat' dir='ltr'><strong>ac</strong></span> <span class='ocrx_word' id='word_1_530' title='bbox 2933 2608 3141 2680; x_wconf 75' lang='lat' dir='ltr'><strong>angelis</strong></span> <span class='ocrx_word' id='word_1_531' title='bbox 3161 2609 3281 2679; x_wconf 84' lang='lat' dir='ltr'><strong>ejus</strong></span> <span class='ocrx_word' id='word_1_532' title='bbox 3313 2623 3449 2678; x_wconf 71' lang='lat' dir='ltr'><strong>prae-</strong></span> 
     </span>
    </p>
   </div>
   <div class='ocr_carea' id='block_1_84' title="bbox 1871 2712 2152 2776">
    <p class='ocr_par' dir='ltr' id='par_1_84' title="bbox 1871 2712 2152 2776">
     <span class='ocr_line' id='line_1_84' title="bbox 1871 2712 2152 2776; baseline 0.004 -19"><span class='ocrx_word' id='word_1_533' title='bbox 1871 2712 2152 2776; x_wconf 89' lang='lat' dir='ltr'><strong>paratum.</strong></span> 
     </span>
    </p>
   </div>
   <div class='ocr_carea' id='block_1_85' title="bbox 1963 2791 3451 2863">
    <p class='ocr_par' dir='ltr' id='par_1_85' title="bbox 1963 2791 3451 2863">
     <span class='ocr_line' id='line_1_85' title="bbox 1963 2791 3451 2863; baseline -0.001 -15"><span class='ocrx_word' id='word_1_534' title='bbox 1963 2792 2051 2848; x_wconf 80' lang='lat' dir='ltr'><strong>Vir</strong></span> <span class='ocrx_word' id='word_1_535' title='bbox 2074 2803 2248 2849; x_wconf 84' lang='lat' dir='ltr'><strong>autem</strong></span> <span class='ocrx_word' id='word_1_536' title='bbox 2276 2794 2520 2849; x_wconf 59' lang='lat' dir='ltr'><strong>obettiens</strong></span> <span class='ocrx_word' id='word_1_537' title='bbox 2550 2791 2848 2847; x_wconf 71' lang='lat' dir='ltr'><strong>custoditus</strong></span> <span class='ocrx_word' id='word_1_538' title='bbox 2896 2793 3156 2863; x_wconf 84' lang='lat' dir='ltr'><strong>loquetur.</strong></span> <span class='ocrx_word' id='word_1_539' title='bbox 3183 2791 3286 2859; x_wconf 81' lang='lat' dir='ltr'><strong>Qui</strong></span> <span class='ocrx_word' id='word_1_540' title='bbox 3340 2792 3451 2848; x_wconf 91' lang='lat' dir='ltr'><strong>Deo</strong></span> 
     </span>
    </p>
   </div>
   <div class='ocr_carea' id='block_1_86' title="bbox 1871 2885 3445 2957">
    <p class='ocr_par' dir='ltr' id='par_1_86' title="bbox 1871 2885 3445 2957">
     <span class='ocr_line' id='line_1_86' title="bbox 1871 2885 3445 2957; baseline -0.002 -17"><span class='ocrx_word' id='word_1_541' title='bbox 1871 2888 1975 2942; x_wconf 90' lang='lat' dir='ltr'><strong>obe</strong></span> <span class='ocrx_word' id='word_1_542' title='bbox 1998 2888 2054 2941; x_wconf 85' lang='lat' dir='ltr'><strong>lit</strong></span> <span class='ocrx_word' id='word_1_543' title='bbox 2089 2896 2392 2957; x_wconf 80' lang='lat' dir='ltr'><strong>sanctaque</strong></span> <span class='ocrx_word' id='word_1_544' title='bbox 2418 2894 2601 2942; x_wconf 82' lang='lat' dir='ltr'><strong>servat</strong></span> <span class='ocrx_word' id='word_1_545' title='bbox 2633 2885 2751 2956; x_wconf 85' lang='lat' dir='ltr'><strong>ejus</strong></span> <span class='ocrx_word' id='word_1_546' title='bbox 2791 2886 3069 2949; x_wconf 86' lang='lat' dir='ltr'><strong>mandata,</strong></span> <span class='ocrx_word' id='word_1_547' title='bbox 3102 2902 3131 2941; x_wconf 85' lang='lat' dir='ltr'><strong>a</strong></span> <span class='ocrx_word' id='word_1_548' title='bbox 3192 2885 3445 2940; x_wconf 85' lang='lat' dir='ltr'><strong>Satauica</strong></span> 
     </span>
    </p>
   </div>
   <div class='ocr_carea' id='block_1_87' title="bbox 1871 2975 3450 3048">
    <p class='ocr_par' dir='ltr' id='par_1_87' title="bbox 1871 2975 3450 3048">
     <span class='ocr_line' id='line_1_87' title="bbox 1871 2975 3450 3048; baseline -0.003 -15"><span class='ocrx_word' id='word_1_549' title='bbox 1871 2979 2195 3048; x_wconf 78' lang='lat' dir='ltr'><strong>deceptione</strong></span> <span class='ocrx_word' id='word_1_550' title='bbox 2223 2978 2518 3032; x_wconf 87' lang='lat' dir='ltr'><strong>immunem</strong></span> <span class='ocrx_word' id='word_1_551' title='bbox 2550 2991 2673 3031; x_wconf 88' lang='lat' dir='ltr'><strong>sese</strong></span> <span class='ocrx_word' id='word_1_552' title='bbox 2704 2977 3053 3042; x_wconf 87' lang='lat' dir='ltr'><strong>custodiens,</strong></span> <span class='ocrx_word' id='word_1_553' title='bbox 3093 2975 3356 3044; x_wconf 81' lang='lat' dir='ltr'><strong>operibus</strong></span> <span class='ocrx_word' id='word_1_554' title='bbox 3386 2990 3450 3028; x_wconf 85' lang='lat' dir='ltr'><strong>ac</strong></span> 
     </span>
    </p>
   </div>
   <div class='ocr_carea' id='block_1_88' title="bbox 1871 3067 3451 3126">
    <p class='ocr_par' dir='ltr' id='par_1_88' title="bbox 1871 3067 3451 3126">
     <span class='ocr_line' id='line_1_88' title="bbox 1871 3067 3451 3126; baseline -0.004 0"><span class='ocrx_word' id='word_1_555' title='bbox 1871 3071 2054 3126; x_wconf 85' lang='lat' dir='ltr'><strong>verbis</strong></span> <span class='ocrx_word' id='word_1_556' title='bbox 2084 3085 2274 3125; x_wconf 88' lang='lat' dir='ltr'><strong>verum</strong></span> <span class='ocrx_word' id='word_1_557' title='bbox 2305 3069 2509 3124; x_wconf 90' lang='lat' dir='ltr'><strong>bonum</strong></span> <span class='ocrx_word' id='word_1_558' title='bbox 2535 3068 2893 3122; x_wconf 83' lang='lat' dir='ltr'><strong>conﬁtebitur</strong></span> <span class='ocrx_word' id='word_1_559' title='bbox 2946 3069 3012 3122; x_wconf 87' lang='lat' dir='ltr'><strong>ad</strong></span> <span class='ocrx_word' id='word_1_560' title='bbox 3047 3067 3337 3122; x_wconf 78' lang='lat' dir='ltr'><strong>utilitatem</strong></span> <span class='ocrx_word' id='word_1_561' title='bbox 3360 3080 3451 3121; x_wconf 88' lang='lat' dir='ltr'><strong>eo-</strong></span> 
     </span>
    </p>
   </div>
   <div class='ocr_carea' id='block_1_89' title="bbox 1872 3158 2917 3231">
    <p class='ocr_par' dir='ltr' id='par_1_89' title="bbox 1872 3158 2917 3231">
     <span class='ocr_line' id='line_1_89' title="bbox 1872 3158 2917 3231; baseline -0.004 -14"><span class='ocrx_word' id='word_1_562' title='bbox 1872 3178 1993 3217; x_wconf 86' lang='lat' dir='ltr'><strong>rum</strong></span> <span class='ocrx_word' id='word_1_563' title='bbox 2026 3162 2119 3231; x_wconf 89' lang='lat' dir='ltr'><strong>qui</strong></span> <span class='ocrx_word' id='word_1_564' title='bbox 2156 3160 2345 3216; x_wconf 91' lang='lat' dir='ltr'><strong>vident</strong></span> <span class='ocrx_word' id='word_1_565' title='bbox 2382 3174 2448 3216; x_wconf 86' lang='lat' dir='ltr'><strong>ac</strong></span> <span class='ocrx_word' id='word_1_566' title='bbox 2488 3158 2719 3214; x_wconf 87' lang='lat' dir='ltr'><strong>audiunt</strong></span> <span class='ocrx_word' id='word_1_567' title='bbox 2743 3159 2917 3214; x_wconf 91' lang='lat' dir='ltr'><strong>illum.</strong></span> 
     </span>
    </p>
   </div>
   <div class='ocr_carea' id='block_1_90' title="bbox 1947 3334 3452 3405">
    <p class='ocr_par' dir='ltr' id='par_1_90' title="bbox 1947 3334 3452 3405">
     <span class='ocr_line' id='line_1_90' title="bbox 1947 3334 3452 3405; baseline -0.001 -15"><span class='ocrx_word' id='word_1_568' title='bbox 1947 3339 2116 3392; x_wconf 70' lang='lat' dir='ltr'><strong>Vens.</strong></span> <span class='ocrx_word' id='word_1_569' title='bbox 2153 3335 2244 3390; x_wconf 77' lang='lat'><strong>9.9.</strong></span> <span class='ocrx_word' id='word_1_570' title='bbox 2290 3335 2385 3389; x_wconf 80' lang='lat' dir='ltr'><strong>Vir</strong></span> <span class='ocrx_word' id='word_1_571' title='bbox 2412 3335 2601 3403; x_wconf 82' lang='lat' dir='ltr'><strong>impius</strong></span> <span class='ocrx_word' id='word_1_572' title='bbox 2634 3336 2932 3405; x_wconf 83' lang='lat' dir='ltr'><strong>procaciter</strong></span> <span class='ocrx_word' id='word_1_573' title='bbox 2951 3334 3207 3405; x_wconf 81' lang='lat' dir='ltr'><strong>obﬁrmat</strong></span> <span class='ocrx_word' id='word_1_574' title='bbox 3252 3336 3452 3390; x_wconf 83' lang='lat' dir='ltr'><strong>vultum</strong></span> 
     </span>
    </p>
   </div>
   <div class='ocr_carea' id='block_1_91' title="bbox 1876 3428 3454 3499">
    <p class='ocr_par' dir='ltr' id='par_1_91' title="bbox 1876 3428 3454 3499">
     <span class='ocr_line' id='line_1_91' title="bbox 1876 3428 3454 3499; baseline -0.004 -13"><span class='ocrx_word' id='word_1_575' title='bbox 1876 3448 2052 3487; x_wconf 88' lang='lat' dir='ltr'><strong>suum.</strong></span> <span class='ocrx_word' id='word_1_576' title='bbox 2082 3431 2173 3485; x_wconf 77' lang='lat' dir='ltr'><strong>Vir</strong></span> <span class='ocrx_word' id='word_1_577' title='bbox 2206 3431 2298 3499; x_wconf 91' lang='lat' dir='ltr'><strong>qui</strong></span> <span class='ocrx_word' id='word_1_578' title='bbox 2325 3430 2610 3484; x_wconf 81' lang='lat' dir='ltr'><strong>veritatem</strong></span> <span class='ocrx_word' id='word_1_579' title='bbox 2653 3430 2806 3499; x_wconf 89' lang='lat' dir='ltr'><strong>parvi</strong></span> <span class='ocrx_word' id='word_1_580' title='bbox 2835 3428 2966 3482; x_wconf 81' lang='lat' dir='ltr'><strong>facit</strong></span> <span class='ocrx_word' id='word_1_581' title='bbox 3019 3429 3086 3483; x_wconf 91' lang='lat' dir='ltr'><strong>de</strong></span> <span class='ocrx_word' id='word_1_582' title='bbox 3117 3429 3454 3482; x_wconf 87' lang='lat' dir='ltr'><strong>irrationali-</strong></span> 
     </span>
    </p>
   </div>
   <div class='ocr_carea' id='block_1_92' title="bbox 1876 3518 3453 3592">
    <p class='ocr_par' dir='ltr' id='par_1_92' title="bbox 1876 3518 3453 3592">
     <span class='ocr_line' id='line_1_92' title="bbox 1876 3518 3453 3592; baseline -0.004 -14"><span class='ocrx_word' id='word_1_583' title='bbox 1876 3524 1980 3578; x_wconf 87' lang='lat' dir='ltr'><strong>bus</strong></span> <span class='ocrx_word' id='word_1_584' title='bbox 2013 3520 2342 3592; x_wconf 75' lang='lat' dir='ltr'><strong>redargutus</strong></span> <span class='ocrx_word' id='word_1_585' title='bbox 2365 3518 2701 3584; x_wconf 86' lang='lat' dir='ltr'><strong>actionibus,</strong></span> <span class='ocrx_word' id='word_1_586' title='bbox 2738 3518 3046 3589; x_wconf 85' lang='lat' dir='ltr'><strong>impudenti</strong></span> <span class='ocrx_word' id='word_1_587' title='bbox 3082 3518 3221 3574; x_wconf 81' lang='lat' dir='ltr'><strong>facie</strong></span> <span class='ocrx_word' id='word_1_588' title='bbox 3281 3518 3453 3573; x_wconf 80' lang='lat' dir='ltr'><strong>susti-</strong></span> 
     </span>
    </p>
   </div>
   <div class='ocr_carea' id='block_1_93' title="bbox 1878 3623 2463 3670">
    <p class='ocr_par' dir='ltr' id='par_1_93' title="bbox 1878 3623 2463 3670">
     <span class='ocr_line' id='line_1_93' title="bbox 1878 3623 2463 3670; baseline -0.005 0"><span class='ocrx_word' id='word_1_589' title='bbox 1878 3623 1992 3670; x_wconf 88' lang='lat' dir='ltr'><strong>net.</strong></span> <span class='ocrx_word' id='word_1_590' title='bbox 2366 3650 2375 3655; x_wconf 60' lang='grc' dir='ltr'>ι</span> <span class='ocrx_word' id='word_1_591' title='bbox 2458 3624 2463 3627; x_wconf 64' lang='grc'><em>’</em></span> 
     </span>
    </p>
   </div>
   <div class='ocr_carea' id='block_1_94' title="bbox 1951 3696 3456 3775">
    <p class='ocr_par' dir='ltr' id='par_1_94' title="bbox 1951 3696 3456 3775">
     <span class='ocr_line' id='line_1_94' title="bbox 1951 3696 3456 3775; baseline 0.001 -18"><span class='ocrx_word' id='word_1_592' title='bbox 1951 3704 2139 3759; x_wconf 82' lang='lat' dir='ltr'><strong>liectus</strong></span> <span class='ocrx_word' id='word_1_593' title='bbox 2167 3713 2343 3759; x_wconf 86' lang='lat' dir='ltr'><strong>autem</strong></span> <span class='ocrx_word' id='word_1_594' title='bbox 2374 3705 2485 3774; x_wconf 83' lang='lat' dir='ltr'><strong>ipse</strong></span> <span class='ocrx_word' id='word_1_595' title='bbox 2512 3703 2778 3775; x_wconf 82' lang='lat' dir='ltr'><strong>intelliget</strong></span> <span class='ocrx_word' id='word_1_596' title='bbox 2815 3704 2924 3759; x_wconf 85' lang='lat' dir='ltr'><strong>vias</strong></span> <span class='ocrx_word' id='word_1_597' title='bbox 2953 3696 3099 3759; x_wconf 81' lang='lat' dir='ltr'><strong>suas.</strong></span> <span class='ocrx_word' id='word_1_598' title='bbox 3168 3702 3341 3759; x_wconf 76' lang='lat' dir='ltr'><strong>[lutuo</strong></span> <span class='ocrx_word' id='word_1_599' title='bbox 3361 3720 3456 3759; x_wconf 77' lang='lat' dir='ltr'><strong>ve-</strong></span> 
     </span>
    </p>
   </div>
   <div class='ocr_carea' id='block_1_95' title="bbox 1878 3796 3451 3867">
    <p class='ocr_par' dir='ltr' id='par_1_95' title="bbox 1878 3796 3451 3867">
     <span class='ocr_line' id='line_1_95' title="bbox 1878 3796 3451 3867; baseline -0.001 -16"><span class='ocrx_word' id='word_1_600' title='bbox 1878 3812 1975 3852; x_wconf 76' lang='lat' dir='ltr'><strong>rax</strong></span> <span class='ocrx_word' id='word_1_601' title='bbox 1998 3798 2090 3867; x_wconf 87' lang='lat' dir='ltr'><strong>qui</strong></span> <span class='ocrx_word' id='word_1_602' title='bbox 2127 3798 2410 3851; x_wconf 82' lang='lat' dir='ltr'><strong>veritatem</strong></span> <span class='ocrx_word' id='word_1_603' title='bbox 2439 3796 2620 3867; x_wconf 76' lang='lat' dir='ltr'><strong>magni</strong></span> <span class='ocrx_word' id='word_1_604' title='bbox 2656 3797 2811 3860; x_wconf 77' lang='lat' dir='ltr'><strong>facit,</strong></span> <span class='ocrx_word' id='word_1_605' title='bbox 2883 3797 3126 3866; x_wconf 88' lang='lat' dir='ltr'><strong>seipsum</strong></span> <span class='ocrx_word' id='word_1_606' title='bbox 3156 3798 3451 3863; x_wconf 82' lang='lat' dir='ltr'><strong>examinat,</strong></span> 
     </span>
    </p>
   </div>
   <div class='ocr_carea' id='block_1_96' title="bbox 1880 3886 3455 3958">
    <p class='ocr_par' dir='ltr' id='par_1_96' title="bbox 1880 3886 3455 3958">
     <span class='ocr_line' id='line_1_96' title="bbox 1880 3886 3455 3958; baseline -0.002 -14"><span class='ocrx_word' id='word_1_607' title='bbox 1880 3889 1927 3944; x_wconf 85' lang='lat' dir='ltr'><strong>si</strong></span> <span class='ocrx_word' id='word_1_608' title='bbox 1945 3887 2089 3943; x_wconf 81' lang='lat' dir='ltr'><strong>forte</strong></span> <span class='ocrx_word' id='word_1_609' title='bbox 2115 3888 2171 3941; x_wconf 92' lang='lat' dir='ltr'><strong>in</strong></span> <span class='ocrx_word' id='word_1_610' title='bbox 2202 3887 2389 3956; x_wconf 80' lang='lat' dir='ltr'><strong>aliquo</strong></span> <span class='ocrx_word' id='word_1_611' title='bbox 2414 3886 2584 3941; x_wconf 93' lang='lat' dir='ltr'><strong>Deum</strong></span> <span class='ocrx_word' id='word_1_612' title='bbox 2612 3886 2941 3952; x_wconf 77' lang='lat' dir='ltr'><strong>oﬂ‘enderit;</strong></span> <span class='ocrx_word' id='word_1_613' title='bbox 3007 3897 3060 3943; x_wconf 87' lang='lat' dir='ltr'><strong>et</strong></span> <span class='ocrx_word' id='word_1_614' title='bbox 3108 3888 3455 3958; x_wconf 84' lang='lat' dir='ltr'><strong>vituperatus</strong></span> 
     </span>
    </p>
   </div>
   <div class='ocr_carea' id='block_1_97' title="bbox 1878 3978 3449 4052">
    <p class='ocr_par' dir='ltr' id='par_1_97' title="bbox 1878 3978 3449 4052">
     <span class='ocr_line' id='line_1_97' title="bbox 1878 3978 3449 4052; baseline -0.001 -16"><span class='ocrx_word' id='word_1_615' title='bbox 1878 3981 1950 4037; x_wconf 85' lang='lat' dir='ltr'><strong>ab</strong></span> <span class='ocrx_word' id='word_1_616' title='bbox 1989 3980 2129 4051; x_wconf 87' lang='lat' dir='ltr'><strong>ipso,</strong></span> <span class='ocrx_word' id='word_1_617' title='bbox 2162 3980 2231 4036; x_wconf 93' lang='lat' dir='ltr'><strong>de</strong></span> <span class='ocrx_word' id='word_1_618' title='bbox 2254 3978 2638 4037; x_wconf 85' lang='lat' dir='ltr'><strong>emendatione</strong></span> <span class='ocrx_word' id='word_1_619' title='bbox 2670 3979 3030 4052; x_wconf 88' lang='lat' dir='ltr'><strong>culpabilium</strong></span> <span class='ocrx_word' id='word_1_620' title='bbox 3088 3995 3315 4052; x_wconf 89' lang='lat' dir='ltr'><strong>operum</strong></span> <span class='ocrx_word' id='word_1_621' title='bbox 3346 3995 3449 4034; x_wconf 45' lang='lat' dir='ltr'><strong>cu.</strong></span> 
     </span>
    </p>
   </div>
   <div class='ocr_carea' id='block_1_98' title="bbox 1878 4079 1982 4128">
    <p class='ocr_par' dir='ltr' id='par_1_98' title="bbox 1878 4079 1982 4128">
     <span class='ocr_line' id='line_1_98' title="bbox 1878 4079 1982 4128; baseline -0.019 0"><span class='ocrx_word' id='word_1_622' title='bbox 1878 4079 1982 4128; x_wconf 86' lang='lat' dir='ltr'><strong>rat.</strong></span> 
     </span>
    </p>
   </div>
   <div class='ocr_carea' id='block_1_99' title="bbox 1950 4160 3447 4232">
    <p class='ocr_par' dir='ltr' id='par_1_99' title="bbox 1950 4160 3447 4232">
     <span class='ocr_line' id='line_1_99' title="bbox 1950 4160 3447 4232; baseline -0.001 -15"><span class='ocrx_word' id='word_1_623' title='bbox 1950 4161 2120 4218; x_wconf 75' lang='lat' dir='ltr'><strong>Vens.</strong></span> <span class='ocrx_word' id='word_1_624' title='bbox 2153 4161 2241 4217; x_wconf 79' lang='lat'><strong>30.</strong></span> <span class='ocrx_word' id='word_1_625' title='bbox 2279 4160 2404 4218; x_wconf 77' lang='lat' dir='ltr'><strong>Non</strong></span> <span class='ocrx_word' id='word_1_626' title='bbox 2441 4172 2517 4218; x_wconf 88' lang='lat' dir='ltr'><strong>est</strong></span> <span class='ocrx_word' id='word_1_627' title='bbox 2544 4162 2833 4232; x_wconf 80' lang='lat' dir='ltr'><strong>sapientia,</strong></span> <span class='ocrx_word' id='word_1_628' title='bbox 2890 4178 2993 4216; x_wconf 87' lang='lat' dir='ltr'><strong>non</strong></span> <span class='ocrx_word' id='word_1_629' title='bbox 3044 4170 3121 4216; x_wconf 87' lang='lat' dir='ltr'><strong>est</strong></span> <span class='ocrx_word' id='word_1_630' title='bbox 3160 4161 3447 4231; x_wconf 69' lang='lat' dir='ltr'><strong>fortitudo,</strong></span> 
     </span>
    </p>
   </div>
   <div class='ocr_carea' id='block_1_100' title="bbox 1878 4253 3455 4312">
    <p class='ocr_par' dir='ltr' id='par_1_100' title="bbox 1878 4253 3455 4312">
     <span class='ocr_line' id='line_1_100' title="bbox 1878 4253 3455 4312; baseline -0.005 0"><span class='ocrx_word' id='word_1_631' title='bbox 1878 4273 1984 4312; x_wconf 85' lang='lat' dir='ltr'><strong>non</strong></span> <span class='ocrx_word' id='word_1_632' title='bbox 2014 4266 2091 4311; x_wconf 84' lang='lat' dir='ltr'><strong>est</strong></span> <span class='ocrx_word' id='word_1_633' title='bbox 2126 4257 2412 4311; x_wconf 83' lang='lat' dir='ltr'><strong>consilium</strong></span> <span class='ocrx_word' id='word_1_634' title='bbox 2449 4268 2637 4309; x_wconf 87' lang='lat' dir='ltr'><strong>contra</strong></span> <span class='ocrx_word' id='word_1_635' title='bbox 2704 4253 3011 4308; x_wconf 88' lang='lat' dir='ltr'><strong>Dominum.</strong></span> <span class='ocrx_word' id='word_1_636' title='bbox 3048 4253 3299 4308; x_wconf 72' lang='lat' dir='ltr'><strong>[luminis</strong></span> <span class='ocrx_word' id='word_1_637' title='bbox 3361 4268 3455 4307; x_wconf 86' lang='lat' dir='ltr'><strong>sa-</strong></span> 
     </span>
    </p>
   </div>
   <div class='ocr_carea' id='block_1_101' title="bbox 1878 4344 3535 4419">
    <p class='ocr_par' dir='ltr' id='par_1_101' title="bbox 1878 4344 3535 4419">
     <span class='ocr_line' id='line_1_101' title="bbox 1878 4344 3535 4419; baseline -0.004 -18"><span class='ocrx_word' id='word_1_638' title='bbox 1878 4348 2105 4419; x_wconf 87' lang='lat' dir='ltr'><strong>pientia,</strong></span> <span class='ocrx_word' id='word_1_639' title='bbox 2137 4348 2254 4403; x_wconf 87' lang='lat' dir='ltr'><strong>sive</strong></span> <span class='ocrx_word' id='word_1_640' title='bbox 2281 4346 2570 4413; x_wconf 82' lang='lat' dir='ltr'><strong>fortitudo,</strong></span> <span class='ocrx_word' id='word_1_641' title='bbox 2598 4347 2714 4402; x_wconf 84' lang='lat' dir='ltr'><strong>sive</strong></span> <span class='ocrx_word' id='word_1_642' title='bbox 2741 4346 3032 4401; x_wconf 90' lang='lat' dir='ltr'><strong>consilium</strong></span> <span class='ocrx_word' id='word_1_643' title='bbox 3065 4344 3327 4400; x_wconf 86' lang='lat' dir='ltr'><strong>resistere</strong></span> <span class='ocrx_word' id='word_1_644' title='bbox 3349 4345 3457 4397; x_wconf 83' lang='lat' dir='ltr'><strong>Deo</strong></span> <span class='ocrx_word' id='word_1_645' title='bbox 3528 4388 3535 4395; x_wconf 89' lang='lat'><strong>.</strong></span> 
     </span>
    </p>
   </div>
   <div class='ocr_carea' id='block_1_102' title="bbox 1878 4435 3457 4509">
    <p class='ocr_par' dir='ltr' id='par_1_102' title="bbox 1878 4435 3457 4509">
     <span class='ocr_line' id='line_1_102' title="bbox 1878 4435 3457 4509; baseline -0.005 -14"><span class='ocrx_word' id='word_1_646' title='bbox 1878 4455 1988 4495; x_wconf 91' lang='lat' dir='ltr'><strong>nou</strong></span> <span class='ocrx_word' id='word_1_647' title='bbox 2011 4440 2174 4495; x_wconf 90' lang='lat' dir='ltr'><strong>valet.</strong></span> <span class='ocrx_word' id='word_1_648' title='bbox 2206 4438 2413 4494; x_wconf 85' lang='lat' dir='ltr'><strong>Evertit</strong></span> <span class='ocrx_word' id='word_1_649' title='bbox 2443 4439 2589 4495; x_wconf 93' lang='lat' dir='ltr'><strong>enim</strong></span> <span class='ocrx_word' id='word_1_650' title='bbox 2625 4437 2742 4509; x_wconf 87' lang='lat' dir='ltr'><strong>ipse</strong></span> <span class='ocrx_word' id='word_1_651' title='bbox 2786 4435 3179 4507; x_wconf 81' lang='lat' dir='ltr'><strong>intelligentes,</strong></span> <span class='ocrx_word' id='word_1_652' title='bbox 3204 4444 3254 4490; x_wconf 91' lang='lat' dir='ltr'><strong>et</strong></span> <span class='ocrx_word' id='word_1_653' title='bbox 3286 4436 3457 4488; x_wconf 76' lang='lat' dir='ltr'><strong>fortes</strong></span> 
     </span>
    </p>
   </div>
   <div class='ocr_carea' id='block_1_103' title="bbox 1880 4527 3465 4601">
    <p class='ocr_par' dir='ltr' id='par_1_103' title="bbox 1880 4527 3465 4601">
     <span class='ocr_line' id='line_1_103' title="bbox 1880 4527 3465 4601; baseline -0.005 -14"><span class='ocrx_word' id='word_1_654' title='bbox 1880 4531 2154 4587; x_wconf 88' lang='lat' dir='ltr'><strong>convertit</strong></span> <span class='ocrx_word' id='word_1_655' title='bbox 2187 4538 2241 4586; x_wconf 91' lang='lat' dir='ltr'><strong>et</strong></span> <span class='ocrx_word' id='word_1_656' title='bbox 2269 4531 2513 4601; x_wconf 76' lang='lat' dir='ltr'><strong>gentium</strong></span> <span class='ocrx_word' id='word_1_657' title='bbox 2537 4529 2769 4584; x_wconf 89' lang='lat' dir='ltr'><strong>consilia</strong></span> <span class='ocrx_word' id='word_1_658' title='bbox 2825 4527 3103 4598; x_wconf 85' lang='lat' dir='ltr'><strong>dissipat:</strong></span> <span class='ocrx_word' id='word_1_659' title='bbox 3162 4527 3465 4583; x_wconf 77' lang='lat' dir='ltr'><strong>consilium</strong></span> 
     </span>
    </p>
   </div>
   <div class='ocr_carea' id='block_1_104' title="bbox 1881 4624 2820 4695">
    <p class='ocr_par' dir='ltr' id='par_1_104' title="bbox 1881 4624 2820 4695">
     <span class='ocr_line' id='line_1_104' title="bbox 1881 4624 2820 4695; baseline -0.004 -17"><span class='ocrx_word' id='word_1_660' title='bbox 1881 4636 2066 4681; x_wconf 84' lang='lat' dir='ltr'><strong>autem</strong></span> <span class='ocrx_word' id='word_1_661' title='bbox 2092 4624 2215 4695; x_wconf 91' lang='lat' dir='ltr'><strong>ejus</strong></span> <span class='ocrx_word' id='word_1_662' title='bbox 2243 4630 2428 4678; x_wconf 85' lang='lat' dir='ltr'><strong>manet</strong></span> <span class='ocrx_word' id='word_1_663' title='bbox 2451 4624 2505 4676; x_wconf 87' lang='lat' dir='ltr'><strong>in</strong></span> <span class='ocrx_word' id='word_1_664' title='bbox 2532 4630 2820 4677; x_wconf 67' lang='lat' dir='ltr'><strong>aeternum.</strong></span> 
     </span>
    </p>
   </div>
   <div class='ocr_carea' id='block_1_105' title="bbox 1949 4800 3467 4872">
    <p class='ocr_par' dir='ltr' id='par_1_105' title="bbox 1949 4800 3467 4872">
     <span class='ocr_line' id='line_1_105' title="bbox 1949 4800 3467 4872; baseline -0.003 -16"><span class='ocrx_word' id='word_1_665' title='bbox 1949 4801 2121 4858; x_wconf 76' lang='lat' dir='ltr'><strong>Vens.</strong></span> <span class='ocrx_word' id='word_1_666' title='bbox 2154 4802 2242 4856; x_wconf 77' lang='lat'><strong>5|.</strong></span> <span class='ocrx_word' id='word_1_667' title='bbox 2277 4801 2455 4872; x_wconf 87' lang='lat' dir='ltr'><strong>Equus</strong></span> <span class='ocrx_word' id='word_1_668' title='bbox 2508 4807 2737 4870; x_wconf 86' lang='lat' dir='ltr'><strong>paratur</strong></span> <span class='ocrx_word' id='word_1_669' title='bbox 2783 4801 2841 4855; x_wconf 86' lang='lat' dir='ltr'><strong>in</strong></span> <span class='ocrx_word' id='word_1_670' title='bbox 2881 4801 3021 4856; x_wconf 85' lang='lat' dir='ltr'><strong>diem</strong></span> <span class='ocrx_word' id='word_1_671' title='bbox 3059 4801 3200 4856; x_wconf 87' lang='lat' dir='ltr'><strong>belli.</strong></span> <span class='ocrx_word' id='word_1_672' title='bbox 3226 4800 3467 4855; x_wconf 78' lang='lat' dir='ltr'><strong>Paratur</strong></span> 
     </span>
    </p>
   </div>
   <div class='ocr_carea' id='block_1_106' title="bbox 1882 4891 3456 4964">
    <p class='ocr_par' dir='ltr' id='par_1_106' title="bbox 1882 4891 3456 4964">
     <span class='ocr_line' id='line_1_106' title="bbox 1882 4891 3456 4964; baseline -0.004 -14"><span class='ocrx_word' id='word_1_673' title='bbox 1882 4894 2220 4950; x_wconf 86' lang='lat' dir='ltr'><strong>irrationalis</strong></span> <span class='ocrx_word' id='word_1_674' title='bbox 2245 4908 2374 4948; x_wconf 88' lang='lat' dir='ltr'><strong>caro</strong></span> <span class='ocrx_word' id='word_1_675' title='bbox 2406 4892 2474 4947; x_wconf 88' lang='lat' dir='ltr'><strong>ab</strong></span> <span class='ocrx_word' id='word_1_676' title='bbox 2500 4908 2566 4949; x_wconf 90' lang='lat' dir='ltr'><strong>eo</strong></span> <span class='ocrx_word' id='word_1_677' title='bbox 2589 4892 2684 4964; x_wconf 90' lang='lat' dir='ltr'><strong>qui</strong></span> <span class='ocrx_word' id='word_1_678' title='bbox 2716 4893 2865 4947; x_wconf 86' lang='lat' dir='ltr'><strong>illam</strong></span> <span class='ocrx_word' id='word_1_679' title='bbox 2915 4892 3180 4959; x_wconf 90' lang='lat' dir='ltr'><strong>continet,</strong></span> <span class='ocrx_word' id='word_1_680' title='bbox 3209 4891 3276 4945; x_wconf 85' lang='lat' dir='ltr'><strong>ad</strong></span> <span class='ocrx_word' id='word_1_681' title='bbox 3303 4892 3456 4944; x_wconf 89' lang='lat' dir='ltr'><strong>illum</strong></span> 
     </span>
    </p>
   </div>
   <div class='ocr_carea' id='block_1_107' title="bbox 1880 4983 3461 5057">
    <p class='ocr_par' dir='ltr' id='par_1_107' title="bbox 1880 4983 3461 5057">
     <span class='ocr_line' id='line_1_107' title="bbox 1880 4983 3461 5057; baseline -0.004 -16"><span class='ocrx_word' id='word_1_682' title='bbox 1880 4996 2134 5057; x_wconf 89' lang='lat' dir='ltr'><strong>prompte</strong></span> <span class='ocrx_word' id='word_1_683' title='bbox 2180 4983 2543 5055; x_wconf 88' lang='lat' dir='ltr'><strong>sequendum,</strong></span> <span class='ocrx_word' id='word_1_684' title='bbox 2591 4986 3034 5057; x_wconf 89' lang='lat' dir='ltr'><strong>quandocunque</strong></span> <span class='ocrx_word' id='word_1_685' title='bbox 3068 4984 3184 5053; x_wconf 91' lang='lat' dir='ltr'><strong>ipse</strong></span> <span class='ocrx_word' id='word_1_686' title='bbox 3255 4983 3461 5035; x_wconf 84' lang='lat' dir='ltr'><strong>lumine</strong></span> 
     </span>
    </p>
   </div>
   <div class='ocr_carea' id='block_1_108' title="bbox 1880 5073 3457 5150">
    <p class='ocr_par' dir='ltr' id='par_1_108' title="bbox 1880 5073 3457 5150">
     <span class='ocr_line' id='line_1_108' title="bbox 1880 5073 3457 5150; baseline -0.007 -12"><span class='ocrx_word' id='word_1_687' title='bbox 1880 5081 2126 5138; x_wconf 71' lang='lat' dir='ltr'><strong>scientia:</strong></span> <span class='ocrx_word' id='word_1_688' title='bbox 2173 5079 2477 5150; x_wconf 88' lang='lat' dir='ltr'><strong>spiritualis</strong></span> <span class='ocrx_word' id='word_1_689' title='bbox 2508 5080 2705 5134; x_wconf 66' lang='lat' dir='ltr'><strong>animae</strong></span> <span class='ocrx_word' id='word_1_690' title='bbox 2760 5093 2875 5135; x_wconf 62' lang='lat' dir='ltr'><strong>sua:</strong></span> <span class='ocrx_word' id='word_1_691' title='bbox 2926 5075 3102 5131; x_wconf 87' lang='lat' dir='ltr'><strong>hostis</strong></span> <span class='ocrx_word' id='word_1_692' title='bbox 3133 5074 3335 5130; x_wconf 90' lang='lat' dir='ltr'><strong>sentiet</strong></span> <span class='ocrx_word' id='word_1_693' title='bbox 3360 5073 3457 5127; x_wconf 37' lang='lat' dir='ltr'><strong>ads</strong></span> 
     </span>
    </p>
   </div>
   <div class='ocr_carea' id='block_1_109' title="bbox 1880 5184 2123 5229">
    <p class='ocr_par' dir='ltr' id='par_1_109' title="bbox 1880 5184 2123 5229">
     <span class='ocr_line' id='line_1_109' title="bbox 1880 5184 2123 5229; baseline -0.008 0"><span class='ocrx_word' id='word_1_694' title='bbox 1880 5184 2123 5229; x_wconf 83' lang='lat' dir='ltr'><strong>ventum.</strong></span> 
     </span>
    </p>
   </div>
   <div class='ocr_carea' id='block_1_110' title="bbox 1951 5255 3465 5318">
    <p class='ocr_par' dir='ltr' id='par_1_110' title="bbox 1951 5255 3465 5318">
     <span class='ocr_line' id='line_1_110' title="bbox 1951 5255 3465 5318; baseline -0.005 0"><span class='ocrx_word' id='word_1_695' title='bbox 1951 5265 1995 5318; x_wconf 83' lang='grc' dir='ltr'><em>Α</em></span> <span class='ocrx_word' id='word_1_696' title='bbox 2030 5262 2255 5318; x_wconf 83' lang='lat' dir='ltr'><strong>Domino</strong></span> <span class='ocrx_word' id='word_1_697' title='bbox 2278 5273 2453 5318; x_wconf 86' lang='lat' dir='ltr'><strong>autem</strong></span> <span class='ocrx_word' id='word_1_698' title='bbox 2488 5262 2774 5316; x_wconf 80' lang='lat' dir='ltr'><strong>auxilium.</strong></span> <span class='ocrx_word' id='word_1_699' title='bbox 2807 5258 3107 5313; x_wconf 80' lang='lat' dir='ltr'><strong>Victoriam</strong></span> <span class='ocrx_word' id='word_1_700' title='bbox 3148 5263 3330 5311; x_wconf 86' lang='lat' dir='ltr'><strong>autem</strong></span> <span class='ocrx_word' id='word_1_701' title='bbox 3390 5255 3465 5312; x_wconf 84' lang='lat' dir='ltr'><strong>do</strong></span> 
     </span>
    </p>
   </div>
   <div class='ocr_carea' id='block_1_111' title="bbox 1882 5346 3459 5421">
    <p class='ocr_par' dir='ltr' id='par_1_111' title="bbox 1882 5346 3459 5421">
     <span class='ocr_line' id='line_1_111' title="bbox 1882 5346 3459 5421; baseline -0.006 -11"><span class='ocrx_word' id='word_1_702' title='bbox 1882 5356 1973 5410; x_wconf 91' lang='lat' dir='ltr'><strong>illo</strong></span> <span class='ocrx_word' id='word_1_703' title='bbox 2035 5356 2129 5410; x_wconf 88' lang='lat' dir='ltr'><strong>dat</strong></span> <span class='ocrx_word' id='word_1_704' title='bbox 2182 5355 2345 5421; x_wconf 87' lang='lat' dir='ltr'><strong>Deus,</strong></span> <span class='ocrx_word' id='word_1_705' title='bbox 2395 5353 2777 5420; x_wconf 84' lang='lat' dir='ltr'><strong>universorum</strong></span> <span class='ocrx_word' id='word_1_706' title='bbox 2828 5350 3113 5404; x_wconf 83' lang='lat' dir='ltr'><strong>Dom-inus.</strong></span> <span class='ocrx_word' id='word_1_707' title='bbox 3148 5346 3263 5402; x_wconf 85' lang='lat' dir='ltr'><strong>Nisi</strong></span> <span class='ocrx_word' id='word_1_708' title='bbox 3306 5348 3459 5404; x_wconf 84' lang='lat' dir='ltr'><strong>enim</strong></span> 
     </span>
    </p>
   </div>
   <div class='ocr_carea' id='block_1_112' title="bbox 1879 5439 3463 5519">
    <p class='ocr_par' dir='ltr' id='par_1_112' title="bbox 1879 5439 3463 5519">
     <span class='ocr_line' id='line_1_112' title="bbox 1879 5439 3463 5519; baseline -0.005 -16"><span class='ocrx_word' id='word_1_709' title='bbox 1879 5450 1996 5519; x_wconf 85' lang='lat' dir='ltr'><strong>ipse</strong></span> <span class='ocrx_word' id='word_1_710' title='bbox 2024 5449 2256 5510; x_wconf 86' lang='lat' dir='ltr'><strong>dederit,</strong></span> <span class='ocrx_word' id='word_1_711' title='bbox 2292 5449 2345 5501; x_wconf 89' lang='lat' dir='ltr'><strong>in</strong></span> <span class='ocrx_word' id='word_1_712' title='bbox 2380 5461 2583 5500; x_wconf 86' lang='lat' dir='ltr'><strong>vanum</strong></span> <span class='ocrx_word' id='word_1_713' title='bbox 2620 5443 2893 5497; x_wconf 86' lang='lat' dir='ltr'><strong>laboravit</strong></span> <span class='ocrx_word' id='word_1_714' title='bbox 2940 5441 3033 5510; x_wconf 84' lang='lat' dir='ltr'><strong>qui</strong></span> <span class='ocrx_word' id='word_1_715' title='bbox 3097 5439 3322 5511; x_wconf 63' lang='lat' dir='ltr'><strong>pratialo</strong></span> <span class='ocrx_word' id='word_1_716' title='bbox 3354 5442 3463 5495; x_wconf 62' lang='lat' dir='ltr'><strong>inia</strong></span> 
     </span>
    </p>
   </div>
   <div class='ocr_carea' id='block_1_113' title="bbox 1879 5541 2292 5596">
    <p class='ocr_par' dir='ltr' id='par_1_113' title="bbox 1879 5541 2292 5596">
     <span class='ocr_line' id='line_1_113' title="bbox 1879 5541 2292 5596; baseline -0.012 0"><span class='ocrx_word' id='word_1_717' title='bbox 1879 5542 2023 5596; x_wconf 88' lang='lat' dir='ltr'><strong>mico</strong></span> <span class='ocrx_word' id='word_1_718' title='bbox 2071 5541 2292 5595; x_wconf 83' lang='lat' dir='ltr'><strong>restitit.</strong></span> 
     </span>
    </p>
   </div>
   <div class='ocr_carea' id='block_1_114' title="bbox 2504 5625 2856 5685">
    <p class='ocr_par' dir='ltr' id='par_1_114' title="bbox 2504 5625 2856 5685">
     <span class='ocr_line' id='line_1_114' title="bbox 2504 5625 2856 5685; baseline -0.009 0"><span class='ocrx_word' id='word_1_719' title='bbox 2504 5629 2656 5685; x_wconf 76' lang='lat' dir='ltr'><strong>CAP.</strong></span> <span class='ocrx_word' id='word_1_720' title='bbox 2688 5625 2856 5683; x_wconf 76' lang='lat' dir='ltr'><strong>XXII.</strong></span> 
     </span>
    </p>
   </div>
   <div class='ocr_carea' id='block_1_115' title="bbox 1955 5717 3459 5788">
    <p class='ocr_par' dir='ltr' id='par_1_115' title="bbox 1955 5717 3459 5788">
     <span class='ocr_line' id='line_1_115' title="bbox 1955 5717 3459 5788; baseline -0.004 -13"><span class='ocrx_word' id='word_1_721' title='bbox 1955 5725 2113 5779; x_wconf 60' lang='lat' dir='ltr'><strong>Vnus.</strong></span> <span class='ocrx_word' id='word_1_722' title='bbox 2156 5725 2198 5776; x_wconf 90' lang='grc' dir='ltr'><strong>Ι.</strong></span> <span class='ocrx_word' id='word_1_723' title='bbox 2232 5721 2422 5776; x_wconf 71' lang='lat' dir='ltr'><strong>Melius</strong></span> <span class='ocrx_word' id='word_1_724' title='bbox 2469 5734 2545 5774; x_wconf 72' lang='lat' dir='ltr'><strong>est</strong></span> <span class='ocrx_word' id='word_1_725' title='bbox 2583 5738 2766 5776; x_wconf 79' lang='lat' dir='ltr'><strong>nomen</strong></span> <span class='ocrx_word' id='word_1_726' title='bbox 2823 5723 3009 5772; x_wconf 83' lang='lat' dir='ltr'><strong>bonum</strong></span> <span class='ocrx_word' id='word_1_727' title='bbox 3052 5736 3207 5788; x_wconf 80' lang='lat' dir='ltr'><strong>quam</strong></span> <span class='ocrx_word' id='word_1_728' title='bbox 3257 5717 3459 5771; x_wconf 63' lang='lat' dir='ltr'><strong>divitia!</strong></span> 
     </span>
    </p>
   </div>
   <div class='ocr_carea' id='block_1_116' title="bbox 1898 5811 3459 5885">
    <p class='ocr_par' dir='ltr' id='par_1_116' title="bbox 1898 5811 3459 5885">
     <span class='ocr_line' id='line_1_116' title="bbox 1898 5811 3459 5885; baseline -0.001 -17"><span class='ocrx_word' id='word_1_729' title='bbox 1898 5818 2098 5871; x_wconf 74' lang='lat' dir='ltr'><strong>multa&quot;.</strong></span> <span class='ocrx_word' id='word_1_730' title='bbox 2131 5815 2341 5870; x_wconf 73' lang='lat' dir='ltr'><strong>Divitiis</strong></span> <span class='ocrx_word' id='word_1_731' title='bbox 2377 5816 2645 5885; x_wconf 76' lang='lat' dir='ltr'><strong>perituris</strong></span> <span class='ocrx_word' id='word_1_732' title='bbox 2686 5813 2980 5885; x_wconf 75' lang='lat' dir='ltr'><strong>pretiosior</strong></span> <span class='ocrx_word' id='word_1_733' title='bbox 3038 5822 3119 5869; x_wconf 89' lang='lat' dir='ltr'><strong>est</strong></span> <span class='ocrx_word' id='word_1_734' title='bbox 3146 5812 3287 5870; x_wconf 84' lang='lat' dir='ltr'><strong>bona</strong></span> <span class='ocrx_word' id='word_1_735' title='bbox 3316 5811 3459 5866; x_wconf 72' lang='lat' dir='ltr'><strong>fama</strong></span> 
     </span>
    </p>
   </div>
  </div>
