3900 6228
405 401 414 409 .
477 333 615 405 ίί39

1765 355 2114 417 ΡΒΟΟΟΓΠ
2150 358 2384 419 ΟΑΖΑἘΙ

3596 370 3744 435 1540-
3775 427 3782 432 .

463 457 532 512 de
558 459 980 524 conversatione
1009 463 1212 531 optima
1255 464 1384 534 quia
1409 469 1676 538 scriptum
1709 481 1792 526 est
1821 491 1834 526 :
1867 493 1886 526 ι
1921 473 2024 527 Lu-

2140 473 2275 546 ὕπὲρ
2299 477 2390 529 τὸν
2413 477 2770 549 φθειρόμενον
2806 481 3052 534 πλοῦτονί
3076 481 3162 536 διά
3189 499 3247 535 τε
3269 483 3354 535 τό·
3387 502 3406 534 ι
3437 487 3606 553 Λαμς
3621 488 3744 539 ἀτω

463 554 586 600 ceat
617 546 708 600 lux
747 556 924 601 vestra
950 563 1136 604 coram
1175 552 1511 620 hominibus,
1555 577 1573 609 ι
1624 567 1678 614 et
1723 579 1740 610 ι
1808 561 2032 621 Dillicile

464 636 696 691 intrabit
723 637 876 694 dives
900 639 952 692 in
992 655 1222 710 regnum
1281 648 1548 703 cmlorum
1577 651 1618 705 ³.
1663 670 1681 702 ι
1720 653 1854 706 Nam
1888 655 2029 712 fama

463 727 684 794 quidem
715 727 804 781 illa
837 729 1122 785 audientes
1151 733 1218 788 ad
1252 735 1452 792 similis
1482 739 1703 795 virtutis
1725 743 1902 798 zelum
1934 761 2031 800 ex-

463 819 624 885 citat;
675 819 880 875 divitia?
904 830 1086 878 autem
1119 835 1351 883 mentem
1381 827 1718 900 distrahunt,
1741 848 1804 890 ac
1829 837 2030 908 saepius

462 920 720 977 separant
751 929 781 964 ιι
824 909 951 969 Deo.

531 1084 701 1156 Super
735 1104 923 1144 aurum
945 1101 994 1146 et
1017 1103 1292 1164 argentum
1322 1100 1497 1168 gratia
1544 1101 1700 1158 bona.
1734 1105 1910 1175 Super
1941 1125 2028 1164 ar-

458 1185 679 1246 gentum
723 1183 942 1252 quidem
973 1186 1082 1241 vita
1113 1202 1252 1258 pura
1305 1206 1369 1246 ac
1408 1192 1546 1249 bene
1575 1208 1809 1263 morata,
1864 1217 2031 1272 super

458 1279 654 1322 aurum
675 1279 854 1327 autem
871 1273 980 1328 vita
998 1289 1096 1344 per
1119 1276 1297 1345 ignem
1319 1283 1680 1339 tentationum
1714 1290 1938 1358 probata
1965 1308 2029 1347 ac

455 1356 976 1429 irrcprehensibilis,
999 1365 1108 1422 Deo
1135 1369 1204 1424 ab
1224 1370 1538 1431 hominibus
1568 1356 1770 1441 oblata,
1800 1383 1888 1435 cui
1929 1385 2028 1437 ad-

457 1447 604 1501 ditur
625 1451 828 1520 Optima
859 1457 1031 1511 sancti
1059 1457 1296 1528 Spiritus
1317 1467 1515 1534 gratia.
1554 1466 1686 1522 Nam
1710 1488 1726 1521 ι
1754 1469 1870 1528 Non
1899 1486 2028 1530 sunt

455 1540 740 1611 condignae
765 1545 1050 1614 passiones
1073 1549 1236 1620 hujus
1262 1559 1524 1626 temporis
1545 1558 1614 1614 ad
1641 1559 1879 1619 futuram
1904 1567 2025 1638 glo-

453 1629 615 1696 riam,
645 1647 768 1702 quas
796 1637 1128 1694 revelabitur
1157 1641 1200 1694 ι.
1233 1661 1252 1694 ι

528 1719 693 1778 Vens.
728 1724 780 1778 2.
811 1726 960 1783 Dives
989 1739 1036 1784 et
1055 1747 1252 1801 pauper
1290 1735 1624 1797 obviaverunt
1653 1745 1789 1800 sibi:
1817 1751 2020 1806 utrius-

451 1825 550 1876 que
601 1824 807 1870 creator
863 1827 942 1872 est
983 1819 1262 1878 Dominus.
1299 1825 1403 1892 Qui
1462 1830 1616 1890 dives
1675 1848 1762 1892 est
1812 1840 2020 1902 divitiis
2050 1830 2092 1885 Β

453 1901 572 1956 sive
604 1909 878 1978 corporis,
913 1910 1027 1968 sive
1048 1915 1264 1984 animai,
1293 1927 1350 1974 et
1375 1921 1470 1991 qui
1501 1923 1687 1996 aliquo
1720 1945 1911 1988 earum
1944 1935 2028 1990 in-

453 1993 623 2064 diget,
671 2002 920 2068 quamvis
980 2010 1262 2065 contrarie
1293 2025 1355 2068 se
1413 1993 1651 2072 habeant
1689 2020 1820 2078 dum
1884 2042 2030 2086 unus

452 2087 714 2152 abundat,
754 2091 890 2147 alter
959 2104 1140 2153 autem
1173 2100 1399 2174 indiget,
1448 2115 1633 2166 tamen
1667 2112 2029 2176 obviaveruut

453 2175 582 2238 sibi,
631 2179 969 2247 superﬂuum
1015 2188 1334 2255 possidente
1387 2197 1674 2264 penuriam
1721 2200 2026 2275 indigentis

451 2269 780 2338 cotnplente.
821 2275 912 2330 Sic
939 2277 1146 2334 etenim
1182 2281 1250 2338 de
1285 2294 1520 2358 utroque
1539 2291 1819 2362 disposuit
1844 2269 2028 2356 Domi-

451 2375 580 2425 nus,
604 2372 662 2416 ut
693 2365 924 2422 salutem
949 2377 1182 2442 uterque
1207 2375 1476 2448 obtineat,
1497 2381 1650 2440 dives
1678 2387 1900 2456 quidem
1929 2407 2027 2461 per

449 2451 880 2526 eleemosynam,
913 2476 1121 2535 pauper
1143 2475 1328 2525 autem
1365 2485 1464 2541 per
1514 2475 1684 2532 animi
1731 2472 2025 2551 gratitudi-

451 2558 597 2598 "CIII.

527 2635 687 2694 Vsus.
719 2641 774 2696 5.
808 2641 1052 2702 Callidus
1072 2649 1251 2707 videns
1279 2657 1854 2731 malignumpunitum,
1873 2668 2024 2725 valde

449 2727 560 2795 ipse
591 2733 858 2789 eruditur.
882 2735 1154 2806 Prudens,
1186 2745 1495 2816 improbum
1529 2727 1780 2821 punitum
1804 2727 2018 2826 videns,

451 2818 684 2876 multum
706 2828 1031 2884 emendatur
1053 2831 1170 2902 ipse
1203 2835 1258 2890 in
1281 2837 1348 2893 iis
1405 2818 1698 2909 quaerforte
1733 2855 1882 2903 recte
1914 2864 2020 2904 non

451 2909 606 2978 facit,
637 2922 690 2968 et
709 2916 788 2971 sic
812 2923 1171 2986 praemunitur
1193 2941 1259 2982 ne
1285 2928 1336 2982 in
1361 2944 1575 2998 pmnam
1603 2935 1831 2992 incidat.

521 3087 887 3158 Imprudentes
937 3108 1111 3152 mtrem
1151 3112 1525 3168 pra'tereuntes
1596 3113 1794 3168 damno
1845 3118 2020 3188 a/fecti

448 3195 591 3237 sum.
623 3183 946 3255 lnsipientcs
971 3202 1154 3247 autem
1183 3207 1600 3268 praetereuntes,
1630 3214 1680 3260 ct
1706 3208 1755 3263 ei
1809 3183 1902 3280 qui
1950 3215 2018 3269 ob
2047 3186 2092 3244 Ο

448 3277 717 3331 malitiam
791 3282 883 3334 dat
946 3299 1138 3354 pmnas
1197 3304 1305 3344 non
1370 3296 1735 3367 attendentes,
1785 3277 2018 3361 fructum

446 3370 646 3425 exinde
677 3373 1055 3440 perdiderunt.

521 3461 684 3519 Vens.
715 3465 769 3522 4.
822 3466 1104 3526 Generatio
1157 3477 1457 3545 sapientiai,
1494 3483 1653 3539 timor
1687 3485 1920 3553 Domini,
1973 3485 2024 3545 ei

447 3554 668 3619 dit-ilice,
728 3568 778 3612 et
846 3563 1045 3631 gloria,
1077 3575 1128 3619 et
1179 3568 1305 3624 vita.
1344 3571 1704 3634 Perfeetionis
1733 3583 2020 3650 sapientia:

449 3645 504 3700 in
563 3645 672 3702 Deo
737 3648 853 3704 hanc
881 3662 967 3708 est
1025 3661 1326 3726 generatio.
1381 3661 1580 3734 Incipit
1622 3645 1872 3728 atimo're
1928 3672 2021 3729 Dei

451 3736 658 3804 quiest
683 3739 810 3792 mali
839 3741 997 3812 fuga;
1033 3748 1247 3815 prolicit
1271 3767 1367 3821 per
1391 3754 1620 3812 divitias
1641 3759 1904 3818 virtutum
1956 3781 2021 3822 ac

449 3839 631 3879 veram
657 3827 724 3882 de
753 3832 1012 3890 omnibus
1037 3837 1203 3895 rebus
1246 3842 1584 3912 opinionem,
1625 3856 1680 3904 et
1732 3855 2015 3920 perﬁcitur

453 3917 508 3970 in
544 3919 700 3974 beata
723 3923 832 3978 vita
874 3927 929 3981 in
957 3927 1106 3996 Deo;
1133 3947 1258 3986 cum
1279 3951 1435 3991 mens
1463 3942 1647 3994 omnia
1667 3953 1850 4000 creata
1882 3963 2023 4017 prae.-

450 4013 824 4081 tergredicns,
882 4020 1154 4089 requievit
1207 4023 1261 4078 in
1295 4024 1424 4094 Deo,
1448 4031 1541 4100 qui
1579 4049 1705 4089 vera
1758 4013 2022 4107 ejus-vita

446 4103 682 4158 exsistit.
767 4130 771 4136 ·

526 4191 686 4248 νκιιε.
746 4195 804 4250 5.
841 4200 1046 4254 Tribuli
1087 4212 1135 4256 et
1168 4207 1342 4274 laquei
1383 4210 1438 4262 in
1481 4211 1578 4264 viis
1604 4220 1858 4280 perversis
1885 4237 1905 4282 ;
1932 4222 2021 4289 qui

449 4294 626 4338 autem
655 4291 887 4344 custodit
914 4294 1149 4348 animam
1183 4313 1360 4364 suam,
1398 4301 1688 4358 abstinebit
1720 4307 1784 4360 ab
1815 4311 1914 4364 eis.
1961 4312 2021 4366 in

448 4377 552 4430 viis
585 4395 704 4446 quze
733 4382 849 4436 sive
885 4383 936 4437 in
963 4385 1196 4453 tlieoria,
1230 4389 1346 4444 sive
1369 4390 1424 4444 in
1493 4395 1645 4461 praxi
1673 4411 1704 4449 a
1731 4395 1824 4452 Dei
1872 4415 2024 4454 mau-

2137 567 2198 621 τὺ
2235 569 2350 637 φῶς
2392 570 2546 639 ὑμῶν
2577 570 2887 641 ἔμπροσθεν
2916 573 3028 626 τῶν
3074 573 3384 646 ἀνθρώπων
3406 590 3421 605 ·
3463 593 3482 625 ι
3513 577 3614 627 καὶ
3647 579 3740 629 τό·

2143 679 2160 710 ι
2199 661 2482 725 Δυσκόλως
2523 661 2778 724 πλούσιος
2810 663 3182 720 εἰσελεύσεται
3208 668 3288 731 είς
3317 666 3420 738 τὴν
3443 667 3746 737 βασιλείαν

2135 752 2244 805 τῶν
2279 753 2522 824 οὐρανῶν
2542 769 2554 782 ·
2591 773 2608 804 ι
2645 757 2677 825 ὴ
2713 754 2812 820 μὲν
2841 755 2952 826 γὰρ
2980 756 3212 828 τοιαύτη
3239 760 3426 830 φήμη,
3458 759 3747 830 διεγείρει

2135 842 2262 905 τοὺς
2295 842 2590 908 ἀκούοντας
2620 844 2759 914 πρὸς
2784 844 2875 898 τὸν
2906 847 3093 916 ὅμοιον
3122 847 3284 918 ζῆλον
3309 849 3405 902 τοῦ
3437 851 3743 920 ἐναρέτου·

2134 935 2161 987 6
2188 933 2245 987 δὲ
2283 933 2512 999 πλοῦτος
2541 936 2812 1006 περισπᾷ,
2855 938 2951 991 καὶ
2992 937 3084 990 τὸν
3132 935 3257 992 νοῦν
3303 938 3583 1002 πολλάκις
3631 941 3746 994 ἀπὸ

2135 1026 2270 1078 Θεοῦ
2304 1026 2535 1098 διασπᾷ.

2215 1120 2393 1189 ’Υπὲρ
2417 1121 2485 1174 δὲ
2511 1122 2796 1192 ἀργύριον
2835 1124 2934 1178 καί
2977 1125 3240 1194 χρυσίον
3258 1169 3270 1192 ,
3300 1127 3476 1194 χάρις
3503 1127 3742 1193 ἀγαθή.

2146 1210 2314 1282 ’Υπὲρ
2366 1211 2423 1265 δὲ
2469 1212 2562 1266 τὸν
2594 1214 3012 1287 προσαγόμενον
3065 1217 3199 1288 παρ’
3233 1216 3556 1288 ἀνθρώπων
3589 1218 3745 1287 Θεῷ,

2133 1301 2288 1370 δίκην
2317 1302 2417 1369 μὲν
2437 1303 2680 1377 ἀργύρου
2712 1305 2956 1379 καθαρὸν
2984 1307 3076 1361 καὶ
3107 1306 3362 1378 σώφρονα
3388 1309 3537 1378 βίον,
3572 1309 3749 1378 δίκην

2133 1391 2188 1444 δὲ
2219 1393 2446 1464 χρυσίου
2489 1394 2714 1465 δόκιμον
2761 1399 2817 1450 ὲν
2863 1401 2930 1468 τῇ
2984 1401 3204 1470 καμίνῳ
3234 1400 3346 1454 τῶν
3385 1403 3746 1470 πειρασμῶν

2135 1483 2225 1535 καὶ
2258 1483 2550 1552 ἀμείωτον,
2585 1486 2618 1555 ἡ
2648 1487 2959 1556 πανάγαθός
2995 1490 3114 1544 ἐστι
3149 1491 3246 1544 τοῦ
3266 1491 3428 1560 ἁγίου
3461 1491 3745 1562 Πνεῦμα-

2131 1590 2224 1638 eo;
2250 1576 2410 1646 χάρις
2428 1591 2442 1606 ·
2475 1595 2493 1627 ι
2517 1577 2631 1630 υύκ
2654 1577 2783 1642 ἄξια
2803 1577 2913 1650 γὰρ
2934 1579 3002 1634 τὰ
3026 1579 3332 1652 παθήματα
3345 1581 3444 1634 τοῦ
3467 1581 3578 1634 νῦν
3608 1599 3746 1636 και-

2133 1665 2229 1735 ροῦ
2266 1666 2402 1737 πρὸς
2428 1667 2529 1739 τὴν
2562 1668 2864 1738 μέλλουσαν
2899 1672 3360 1743 ἀποκαλυφθῆναι
3378 1671 3574 1737 δόξαν.
3615 1691 3638 1724 ι

2203 1757 2270 1828 β’.
2310 1760 2614 1826 Πλούσιος
2663 1761 2761 1815 καί
2808 1762 3042 1832 πτωχὸς
3093 1761 3500 1830 συνήντησαν
3527 1763 3750 1829 ὰ.υή-

2128 1854 2292 1917 λοις·
2330 1850 2706 1920 ἀμφοτέρους
2738 1852 2807 1906 δὲ
2836 1857 2868 1908 ὁ
2914 1855 3132 1923 Κύριος
3177 1854 3493 1922 ἐποίησεν.
3553 1851 3744 1908 Πλοῦ-

2132 1960 2246 2007 σιος
2273 1943 2384 1996 εἴτε
2409 1942 2472 1996 τὸ
2547 1944 2865 2012 σωματικὸν
2907 1945 3017 1998 εἴτε
3061 1945 3122 1998 τδ
3186 1943 3599 2016 πνευματικὸν,
3643 1949 3747 1999 καὶ

2127 2034 2156 2086 6
2196 2032 2404 2088 τούτων
2455 2033 2602 2098 τινὸς
2637 2033 2858 2108 ἐνδεὴς,
2907 2035 3153 2104 καίτοιγε
3222 2034 3364 2088 κατὰ
3421 2035 3488 2088 τὸ
3533 2052 3744 2107 περιτ-

2127 2122 2384 2176 τεύεσθαι
2420 2123 2515 2177 καὶ
2549 2124 2860 2196 στερεῖσθαι
2883 2125 3145 2189 ἐναντίως
3170 2125 3411 2196 ἔχοντες,
3455 2127 3744 2198 συνῆλθον

2127 2213 2377 2284 ἀλλήλοις
2404 2213 2498 2268 τοῦ
2523 2231 2692 2286 κεκτη
2703 2215 2866 2285 μένου
2895 2216 2956 2269 τὺ
2986 2217 3250 2286 περισσὸν
3269 2217 3746 2288 ἀναπληροῦν-τος

2125 2305 2204 2378 τῷ
2231 2307 2402 2361 ἐνδεεῖ
2425 2306 2486 2360 τὸ
2514 2307 2830 2380 ὑστέρημαο
2866 2307 3010 2362 οὕτω
3038 2307 3096 2391 δὲ
3125 2309 3218 2363 καὶ
3259 2307 3330 2362 τὰ
3367 2309 3506 2379 περὶ
3542 2310 3746 2380 ἀμφο-

2125 2397 2314 2468 τέρους
2333 2397 2685 2470 ᾡκονόμησεν
2701 2401 2728 2452 6
2748 2398 2971 2471 Κύριος,
3001 2399 3070 2452 ἵν’
3097 2399 3395 2470 ἀμφότεροι
3425 2399 3584 2464 σώζο
3595 2417 3735 2454 ιντο·

2125 2491 2154 2542 ὁ
2185 2489 2286 2559 μὲν
2323 2487 2599 2554 πλούσιος,
2656 2487 3008 2560 μεταδιδούς·
3059 2489 3089 2541 6
3137 2489 3195 2542 δὲ
3246 2489 3442 2560 πένης,
3498 2490 3740 2561 εὐχαρι-

2129 2595 2290 2634 στων.
2777 2620 2782 2624 ·

2196 2667 2267 2737 γ’.
2328 2669 2676 2739 Πανοῦργος
2731 2668 2873 2724 ἰδὼν
2918 2673 3188 2740 πονηρὸν
3247 2671 3734 2741 τιμωρούμενον,

2124 2760 2414 2829 κραταιῶς
2463 2761 2644 2828 αὐτὸς
2686 2762 3052 2818 παιδεύεται.
3098 2763 3156 2818 Ὀ
3197 2765 3486 2835 φρόνιμος,
3520 2763 3734 2819 θεασά-

2127 2870 2286 2923 μενος
2309 2842 2621 2924 κακοῦργον
2641 2836 3028 2926 κολαζόμενον,
3055 2855 3364 2928 διορθοῦται
3383 2856 3516 2910 λίαν
3546 2857 3724 2921 αὐτὸς

2123 2947 2208 3016 ἐφ’
2237 2939 2317 3010 οἷς
2350 2945 2479 3009 ἴσως
2505 2945 2684 3011 καλῶς
2724 2946 2802 3018 μὴ
2847 2949 3022 3000 ποιεῖ⁹
3053 2945 3344 3002 κάντεῦθεν
3379 2946 3729 3016 φυλάττεται

2122 3035 2219 3090 τοῦ
2250 3037 2330 3100 είς
2351 3035 2588 3089 ’κόλασιν
2622 3037 2768 3106 ὲμπε
2779 3038 2914 3090 σεῖν.

2199 3130 2264 3182 0i
2292 3127 2362 3182 δὲ
2386 3128 2667 3198 ἄφρονες,
2717 3128 3119 3196 παρελθόντες
3166 3127 3616 3208 ἐζημιώθησαν.
3666 3128 3726 3182 οι

2124 3220 2170 3274 δ’
2197 3220 2470 3284 ἁσύνετοι,
2507 3219 2965 3290 παραδραμόντες
2990 3219 3086 3273 καὶ
3119 3218 3196 3291 μὴ
3238 3221 3614 3291 προσέχοντες
3650 3219 3724 3288 τῷ

2123 3313 2211 3366 διὰ
2243 3312 2342 3383 τὴν
2369 3313 2570 3385 κακίαν
2617 3311 2782 3365 αὐτοῦ
2821 3311 3241 3382 τιμωρουμένῳ,
3284 3309 3583 3364 ἀπώλεσαν
3625 3312 3724 3382 τὴν

2125 3403 2378 3457 ἐντεῦθεν
2409 3403 2697 3474 ὠφέλειαν.

2191 3494 2253 3548 δ’.
2290 3495 2481 3550 Γενεὰ
2511 3496 2752 3566 σοφίας,
2795 3496 2982 3565 φόϐος
3031 3496 3275 3566 Κυρίου,
3305 3496 3408 3550 καὶ
3448 3495 3720 3560 πλοῦτος

2125 3588 2220 3642 καί
2252 3587 2426 3655 δόξα,
2473 3587 2570 3640 καὶ
2601 3585 2734 3654 ζωή.
2777 3588 2842 3640 Ἢ
2881 3589 2938 3640 ὲν
2975 3587 3137 3658 σοφίᾳ
3177 3587 3316 3641 κατὰ
3342 3587 3480 3640 Θεὸν
3519 3588 3719 3640 τελειό-

2123 3697 2243 3749 της,
2281 3679 2536 3747 γεννᾶται
2561 3679 2840 3749 ἀρχομένη
2872 3678 2970 3749 μὲν
2995 3679 3104 3732 ἀπὸ
3128 3677 3222 3732 τοῦ
3253 3677 3401 3731 θείου
3439 3679 3638 3746 φόϐου,
3665 3679 3718 3740 ἒς

2125 3772 2241 3824 ἐστι
2272 3771 2460 3823 κακῶν
2489 3771 2670 3840 ἀποχή
2691 3786 2704 3800 ·
2750 3768 3144 3840 προκύπτουσα
3173 3769 3229 3822 δὲ
3257 3769 3336 3832 είς
3368 3785 3428 3821 τε
3469 3770 3567 3821 τὸν
3599 3769 3716 3822 κατ’

2124 3861 2327 3932 ἀρετὴν
2356 3859 2602 3926 πλοῦτον,
2633 3861 2727 3914 καὶ
2753 3859 2854 3931 τὴν
2883 3861 3012 3934 περὶ
3053 3859 3163 3914 τῶν
3207 3859 3377 3912 ὄντων
3412 3859 3591 3930 ἁληθῆ
3633 3861 3714 3912 5°"

2124 3950 2244 4017 ξαν,
2276 3953 2370 4005 καὶ
2407 3951 2752 4022 τελειουμένη
2779 3953 2858 4016 είς
2883 3950 2982 4018 τὴν
3002 3951 3060 4003 ἐν
3082 3949 3200 4020 Θεῷ
3230 3949 3514 4020 μακαρίαν
3549 3951 3711 4018 ζωήν*

2124 4044 2254 4098 ὅταν
2283 4045 2311 4096 6
2337 4044 2462 4107 νοῦς
2493 4043 2672 4098 πάντα
2707 4045 2776 4098 τὰ
2803 4043 2934 4097 ὅντα
2959 4041 3143 4112 διαϐῇ,
3171 4043 3267 4095 καὶ
3301 4043 3360 4095 ἐν
3392 4041 3515 4112 Θεῷ
3547 4059 3714 4096 κατα-

2126 4133 2313 4206 παύσῃ
2341 4136 2407 4204 τῇ
2440 4133 2611 4198 ὅντως
2645 4133 2838 4187 τούτου
2870 4133 3004 4203 ζωῇ.

2195 4227 2257 4274 ε’.
2294 4222 2558 4289 Τρίϐολοι
2603 4223 2702 4277 καὶ
2734 4222 2982 4292 παγίδες
3023 4221 3108 4302 ἐν·
3139 4221 3306 4287 ὁδοῖς
3338 4219 3648 4288 σκολιαῖς
3681 4224 3714 4275 δ

2125 4311 2192 4364 δὲ
2235 4311 2576 4381 φυλάσσων
2601 4313 2716 4380 τὴν
2741 4312 2962 4367 ἑαυτοῦ
3004 4311 3237 4382 ψυχὴν,
3287 4311 3576 4382 ἀφέξεται
3610 4315 3714 4366 αὑ·

2126 4402 2264 4457 τῶν.
2305 4403 2398 4455 Ἐν
2425 4405 2542 4466 ταῖς
2567 4403 3162 4476 παρεκτετραμμέναις
3186 4404 3289 4474 τῆς
3311 4403 3466 4466 Θείας
3492 4405 3712 4474 ἐντολῆς

451 4467 592 4523 .latis
661 4471 978 4538 deﬂectunt,
1029 4485 1318 4548 torquetur
1349 4483 1554 4548 anima,
1603 4489 1763 4556 quasi
1783 4491 2016 4560 quibus-

2140 4495 2270 4548 ιατὰ
2318 4511 2379 4547 τε
2424 4494 2659 4566 θεωρίαν
2695 4497 2790 4550 καὶ
2835 4497 3035 4568 πρᾶξιν
3076 4496 3349 4567 πορείαις,
3384 4495 3643 4565 βάλλεται
3677 4503 3708 4568 ἡ

452 4562 572 4616 dam
600 4565 836 4629 tribulis,
875 4569 1109 4638 triplicis
1137 4573 1254 4642 ejus
1319 4576 1699 4645 passibilitatis
1751 4584 2038 4652 passionis

449 4655 589 4720 bus;
626 4670 654 4707 a
689 4658 886 4724 quibus
909 4662 1064 4729 quasi
1099 4678 1127 4716 a
1163 4665 1372 4734 laqueis
1418 4669 1747 4738 quibusdam
1802 4677 2024 4746 capitur

448 4747 504 4800 in
539 4745 921 4816 perditionem.
944 4752 1194 4808 Abstinet
1226 4767 1405 4813 autem
1437 4776 1496 4814 se
1531 4761 1600 4815 ab
1628 4763 1713 4818 bis
1747 4745 2023 4833 passiam-

451 4841 573 4901 bus,
607 4842 696 4908 qui
724 4842 966 4896 animum
999 4860 1154 4900 suam
1179 4852 1439 4916 custodit,
1460 4869 1531 4908 ne
1561 4872 1589 4908 ιι
1617 4860 1889 4916 mandatis
1922 4863 2020 4917 de-

446 4933 630 4987 cliuct.

523 5023 680 5081 Vens.
705 5027 758 5079 7.
795 5026 999 5085 Divite:
1029 5033 1353 5098 pauperibus
1389 5036 1744 5106 imperabunt.
1809 5045 2024 5103 Animae

445 5121 660 5176 ratione
685 5137 748 5176 ac
776 5123 1048 5194 sapientia
1081 5126 1341 5195 praeditae,
1377 5130 1793 5192 irrationalibus
1821 5153 2024 5209 corpo-

446 5211 598 5266 ribus
632 5212 734 5268 hac
770 5215 1037 5284 sapientia
1111 5218 1488 5289 indigentibus
1552 5225 1911 5295 imperarent,
1977 5233 2021 5287 si

447 5303 743 5368 voluerint,
776 5306 842 5359 ad
872 5307 966 5362 Dei
1004 5309 1387 5368 mandatorum
1413 5313 1883 5384 adimpletioncm.

523 5392 588 5446 Et
629 5395 823 5463 [arituli
847 5401 1080 5468 propriis
1113 5403 1340 5458 dominis
1385 5403 1738 5473 faenerabuut.
1797 5410 1865 5464 Et
1901 5428 2025 5467 cur.

451 5499 583 5556 pora
618 5491 924 5544 animarum
958 5497 1254 5564 mancipia,
1284 5497 1617 5554 dominabus
1671 5503 1808 5566 suis,
1865 5508 2022 5575 quasi

451 5578 724 5646 quoddam
759 5592 1007 5637 mutuum
1036 5585 1371 5656 diligentiam
1418 5589 1482 5643 ad
1519 5593 1746 5647 virtutes
1817 5596 2021 5664 prurbe-

521 5751 753 5808 ‘Mattli.
782 5773 891 5817 xit,
924 5758 1010 5810 9.5.
1092 5761 1110 5791 ’δ
1146 5760 1300 5815 Rom.
1339 5780 1453 5828 vm,
1491 5765 1550 5820 l8
1601 5831 1609 5839 ι

2123 4585 2294 4656 ψυχὴ,
2329 4585 2404 4648 ὥς
2431 4601 2544 4639 τισι
2589 4585 2880 4657 τριϐόλοις,
2905 4589 3019 4651 τοῖς
3055 4585 3150 4640 τοῦ
3180 4586 3389 4656 ταύτης
3419 4587 3710 4658 τριμεροῦς

2123 4677 2352 4730 πάθεσιν
2380 4677 2473 4746 ὑφ’
2497 4670 2573 4730 ὧν
2595 4679 2690 4730 καὶ
2725 4676 2801 4742 ὡς
2827 4677 2932 4731 ὑπό
2974 4695 3136 4732 τινων
3162 4677 3408 4744 παγίδων
3434 4676 3710 4731 ἁλίσκεται

2126 4771 2208 4832 εἱς
2243 4768 2521 4823 ἀπώλειαν
2546 4784 2558 4799 ·
2614 4768 2922 4840 ἀπόσχηται
2942 4767 3000 4821 δὲ
3031 4767 3138 4820 τῶν
3164 4768 3427 4822 τοιούτων
3449 4767 3656 4833 παθῶν,
3683 4771 3710 4822 6

2123 4861 2306 4931 τηρῶν
2336 4859 2432 4929 τὴν
2465 4859 2600 4914 ἰδίαν
2624 4860 2825 4930 ψυχὴν,
2857 4859 3002 4914 ὥστε
3033 4859 3135 4930 τῆς
3165 4859 3391 4931 ὲντόλῆς
3427 4859 3507 4930 μὴ
3525 4860 3708 4932 ἐκτρέ-

2124 4953 2349 5006 πεσθαι.

2193 5042 2258 5106 ζ’.
2296 5043 2586 5098 Πλούσιοι
2627 5042 2882 5114 πτωχῶν
2921 5043 3238 5112 ἄρξουσιν.
3276 5044 3344 5098 Δί
3377 5045 3708 5100 πλουτοῦσαι

2126 5131 2296 5203 ψυχαὶ
2319 5130 2394 5194 ὠς
2428 5131 2646 5200 λογικαὶ
2677 5133 2895 5202 σοφίαν,
2935 5132 3004 5185 τὰ
3033 5131 3238 5201 ταύτης
3263 5130 3333 5184 δι’
3365 5131 3600 5202 ἀλογίαν
3627 5135 3708 5186 ὲν-

2123 5223 2216 5294 δεῆ
2247 5223 2474 5292 σώματα
2521 5223 2902 5288 ὑποτάξουσιν,
2937 5224 2985 5276 εί
3041 5221 3372 5292 βουληθεῖεν,
3430 5224 3572 5293 πρὸς
3622 5241 3708 5292 την

2124 5317 2232 5370 τῶν
2266 5317 2426 5370 θείων
2451 5318 2684 5374 ἐντολῶν
2717 5319 3004 5389 ἐργασίαν.

2196 5409 2303 5463 Kal
2347 5406 2570 5463 οἰκέται
2609 5409 2786 5474 ἰδίοις
2831 5409 3158 5473 δεσπόταις
3195 5407 3576 5463 δανειοῦσηο.
3611 5411 3708 5461 Καὶ

2131 5499 2198 5553 τΞι
2228 5501 2392 5556 δοῦλα
2430 5501 2536 5556 τῶν
2584 5503 2775 5572 ψυχῶν
2839 5501 3104 5572 σώματα,
3159 5501 3282 5565 ταῖς
3317 5500 3706 5562 δεσποζούσαις

2131 5594 2310 5648 αὐτῶν
2338 5595 2558 5664 ψυχαῖς,
2577 5595 2651 5660 ὥς
2680 5612 2730 5648 τι
2757 5595 2965 5650 δάνειον
2987 5592 3289 5664 παρέξουσι
3322 5590 3424 5664 τὴν
3457 5594 3590 5663 περὶ
3621 5593 3707 5655 τὰς
