3900 6228
250 298 410 370 Mil

1334 305 1863 364 COMMENTARII
1906 304 1977 362 IN
2016 304 2479 371 PROVERBIA.

3382 312 3519 378 me

247 413 482 483 ἀρετὰς
516 410 851 480 φιλοπονίαν,
896 406 1035 464 κατὰ
1078 410 1138 464 τὺ
1170 409 1378 481 παρόν·
1422 412 1509 464 ἵνα
1555 413 1655 481 τῆς
1685 428 1817 463 mea

1956 411 2107 475 bunt,
2140 416 2192 468 in
2226 416 2326 470 hac
2356 417 2487 479 vita,
2524 426 2580 472 ut
2603 418 2660 472 in
2688 417 2869 473 futura
2896 433 3018 475 cum
3077 419 3211 491 ipsis
3242 422 3516 492 spirituali

249 505 513 572 μσιτικῆς
555 503 894 574 εὐφροσύνης
927 504 1069 556 κατὰ
1112 503 1173 556 τὸ
1206 503 1400 574 μέλλον
1453 503 1674 567 ταύταις
1719 520 1841 557 συν-

246 594 677 652 απολαύσωσιν.

337 684 411 755 η’.
457 686 520 737 Ὀ
555 686 819 752 σπείρων
866 686 1088 755 φαῦλα,
1121 687 1339 757 θερίσει
1381 687 1554 740 κακά.
1603 687 1661 739 Ὀ
1708 687 1840 759 περὶ

246 777 320 826 τι.
354 776 560 842 γεῶδες
593 779 810 847 σκῆνος,
841 779 1000 850 δίκην
1035 779 1237 850 σπόρου
1274 780 1512 850 φαύλους
1544 780 1841 849 λογισμοὺς

249 865 647 933 καταϐάλλων,
706 869 961 947 θρέψεται
1032 872 1175 925 κατὰ
1237 870 1437 943 πρᾶξιν
1493 872 1590 942 τὴν
1653 873 1838 943 ἁμαρ-

246 958 409 1011 τίειν.

331 1050 591 1119 Πληγὴν
620 1050 689 1104 δὲ
720 1054 907 1121 ἔργων
933 1052 1119 1108 αὐτοῦ
1140 1054 1520 1107 συντελέσει.
1552 1056 1836 1124 Τιμωρίαν

244 1138 311 1189 δὲ
369 1139 460 1193 διὰ
514 1142 614 1204 τὰς
676 1145 920 1214 πονηρὰς
988 1144 1218 1216 πράξεις
1274 1145 1438 1198 αὐτοῦ
1501 1147 1833 1216 συγκομίσε-

242 1244 374 1282 ται.

332 1322 556 1391 Ἄνδρα
578 1327 792 1392 ἱλαρὸν
817 1325 915 1379 καί
959 1325 1147 1393 δότην
1190 1326 1391 1396 ἀγαπᾷ
1423 1332 1455 1383 ὀ
1479 1330 1640 1397 Θεός.
1672 1332 1834 1399 Ἀγα-

245 1411 335 1480 πᾷ
368 1412 397 1463 ὁ
452 1412 585 1474 Θεὸς
631 1413 919 1484 ἄνθρωπον
952 1415 1122 1481 ὑγιῶς
1157 1415 1479 1485 φρονοῦντα,
1514 1419 1609 1471 καὶ
1663 1435 1832 1488 προσ-

244 1503 498 1571 φέροντα
528 1502 704 1574 τούτῳ
727 1506 872 1557 κατὰ
906 1506 1112 1577 πρᾶξιν
1135 1507 1235 1570 τὰς
1264 1508 1486 1577 ἀρετάς.

322 1593 707 1661 Ματαιότητα
737 1593 806 1647 δὲ
834 1594 1023 1665 ἔργων
1057 1597 1244 1652 αὑτοῦ
1278 1600 1654 1655 συντελέσει.
1682 1602 1753 1654 Τὸ
1774 1602 1829 1657 δὲ

246 1686 387 1754 περὶ
438 1685 506 1738 τὰ
546 1685 860 1757 πρόσκαιρα
896 1686 1182 1756 φιλόπονον
1216 1689 1406 1753 αὑτοῦ,
1439 1692 1622 1744 τέλεον
1660 1711 1829 1746 κατα-

244 1775 492 1827 παύσει·
528 1776 635 1829 ἀπὸ
670 1776 781 1831 τῶν
810 1778 1098 1849 παρόντων
1134 1779 1270 1852 πρὸς
1304 1779 1370 1835 τά
1407 1781 1675 1850 μέλλοντα
1709 1783 1828 1838 ὅλον

248 1867 633 1935 μεταϐιϐάσας
662 1868 751 1921 τὸν
778 1868 943 1922 πόθον
972 1870 1159 1926 αὐτοῦ.

324 1956 393 2011 θ’.
444 1959 505 2013 '0
559 1959 750 2014 ἐλεῶν
793 1954 1052 2032 πτωχὸν,
1103 1963 1281 2027 αὐτὸς
1338 1964 1824 2034 διατραφήσεται.

258 2050 321 2101 Ὀ
363 2049 508 2104 θείου
538 2051 715 2119 Λόγου
743 2052 1149 2118 διδασκαλικῶς
1182 2055 1260 2127 τῷ
1289 2055 1477 2109 τούτου
1514 2058 1828 2128 μεταδιδοὺς

244 2140 439 2206 ἐνδεεῖ,
475 2141 639 2204 αὐτὸς
673 2146 1018 2214 τραφήσεται
1052 2147 1271 2216 μᾶλλον,
1296 2149 1437 2201 κατὰ
1498 2148 1679 2220 ψυχήν
1700 2166 1713 2179 ·
1746 2152 1826 2203 ὅτι

251 2250 268 2281 ι
299 2232 416 2285 Ούκ
469 2233 556 2287 ἐπ’
585 2233 735 2303 ἄρτῳ
791 2235 951 2307 μόνῳ.
982 2237 1209 2307 ζήσεται
1255 2238 1563 2309 ἄνθρωπος,
1619 2241 1735 2293 ἀλλ’
1768 2243 1826 2295 ὲν

246 2324 417 2377 παντὶ
455 2327 662 2396 ῥήματι
693 2326 1116 2398 ἐκπορευομένῳ
1140 2330 1204 2381 ὲκ
1226 2330 1494 2400 στόματος
1518 2332 1705 2385 αὑτοῦ.
1730 2352 1749 2385 ι

264 2414 273 2418 ’
325 2413 446 2468 Τῶν
470 2415 580 2483 γὰρ
606 2416 823 2471 ἑαυτοῦ
846 2416 1040 2486 ἄρτων
1079 2418 1302 2474 δέδωκε
1331 2420 1409 2486 τῷ
1455 2421 1687 2493 πτωχῷ.
1717 2424 1822 2478 Τοῦ

244 2507 356 2578 γὰρ
409 2509 702 2578 τρέφοντος
754 2511 852 2581 τὴν
905 2511 1071 2564 αὑτοῦ
1100 2512 1277 2585 ψυχὴν
1323 2514 1468 2568 Θείου
1529 2516 1710 2585 λόγου,
1745 2518 1824 2588 τῷ

246 2600 509 2669 χρῄζοντι
588 2602 780 2655 τούτου
866 2604 1175 2673 μετέδωκε·
1240 2607 1335 2659 καὶ
1415 2608 1821 2679 μεταλαμϐάνει

245 2692 441 2744 τούτου
503 2693 849 2764 τρανότερον,
894 2693 969 2758 ὡς
1020 2693 1087 2749 ἂν
1139 2694 1355 2750 δύναιτο
1392 2697 1603 2761 πολλοῖς
1651 2702 1821 2778 ἐπαρ-

251 2798 387 2835 κειν.

321 2874 514 2942 Νίκην
564 2875 661 2928 καὶ
711 2877 894 2946 τιμὴν
942 2878 1328 2945 περιποιεῖται
1384 2882 1416 2933 ὁ
1455 2878 1613 2948 δῶρα
1649 2882 1815 2949 δούς.

248 2964 290 3014 Τ
297 2965 360 3032 ὴν
382 2965 525 3018 κατὰ
555 2964 663 3020 τῶν
687 2966 876 3021 παθῶν
910 2967 1089 3038 νίκην,
1132 2968 1229 3022 καὶ
1262 2968 1360 3038 τὴν
1403 2971 1555 3040 παρὰ
1589 2972 1707 3041 Θεῷ
1733 2974 1819 3026 δό-

1945 503 2130 558 laetitia
2167 506 2543 575 perfruantur.

2011 679 2179 736 NERS.
2215 683 2267 736 8.
2316 684 2419 750 Qui
2467 685 2694 739 seminat
2732 685 3091 754 iniquitatrm',
3135 696 3287 740 metet
3345 688 3514 742 mala.

2010 772 2110 838 Qui
2143 775 2286 828 circa
2313 783 2572 830 terrestre
2622 779 3062 843 tabernaculum,
3126 780 3245 834 loco
3286 781 3513 836 seminis

1941 878 2138 933 pravas
2198 866 2651 923 ratiocinationes
2698 871 2950 942 spargit,
3009 870 3226 943 colliget
3275 872 3329 925 in
3385 880 3511 927 actu

1940 966 2247 1027 peccatum.
3390 1017 3393 1021 γ

2009 1047 2233 1119 Plagam
2272 1058 2448 1103 autent
2480 1068 2692 1119 operum
2720 1069 2935 1107 suorum
2967 1054 3375 1109 consummabit.
3396 1053 3510 1108 Ρω-

1938 1152 2062 1192 nam
2101 1145 2279 1194 autem
2310 1142 2572 1196 malarum
2600 1147 2875 1198 actionum
2909 1145 3083 1200 dabit.

2002 1313 2244 1367 Hilarem
2276 1313 2515 1370 datorem
2539 1317 2715 1387 diligit
2742 1319 2898 1374 Deus.
2951 1319 3139 1374 Virum
3170 1330 3318 1377 recte
3383 1336 3507 1377 sen-

1935 1405 2156 1460 tientem
2187 1422 2250 1461 ac
2276 1410 2510 1464 virtutes
2546 1410 2648 1480 ipsi
2677 1412 2993 1468 alicrentem
3031 1414 3214 1485 diligit
3244 1414 3387 1470 Deus

2014 1578 2311 1635 Vanitatem
2335 1598 2454 1636 vero
2480 1578 2692 1652 operum
2722 1585 2836 1654 ejus
2893 1590 3299 1647 consummabit.
3339 1591 3501 1645 Solli-

1933 1671 2233 1727 citudinem
2258 1676 2379 1743 ejus
2402 1677 2550 1729 circa
2599 1668 2941 1747 temporalia,
3000 1683 3426 1749 consummabit,
3469 1699 3501 1737 a

1932 1765 2294 1832 praesentibus
2319 1767 2385 1821 ad
2416 1768 2601 1822 l'utura
2621 1769 2958 1826 transferens
2985 1788 3147 1827 omne
3163 1773 3498 1829 desiderium

1931 1870 2085 1911 suum
2096 1894 2110 1910 ο

2001 1944 2166 2001 Vens.
2201 1947 2256 2003 9.
2288 1948 2392 2014 Qui
2420 1951 2696 2006 miseretur
2715 1955 2984 2021 pauperis,
3034 1957 3144 2023 ipse
3178 1957 3497 2013 enutrietur.

1998 2037 2104 2103 Qui
2175 2039 2395 2110 inOpem
2453 2043 2623 2098 divini
2668 2045 2822 2100 verbi
2880 2047 3200 2116 participem
3254 2048 3501 2105 docendo

1927 2128 2106 2198 elliett,
2130 2132 2311 2185 anima
2335 2132 2454 2204 ejus
2488 2137 2721 2206 amplius
2787 2141 3124 2206 enutrietur;
3159 2141 3282 2209 quia
3321 2160 3339 2192 ι
3379 2140 3496 2195 Non

1928 2220 1981 2272 in
2020 2222 2141 2276 solo
2173 2237 2312 2291 pane
2331 2226 2466 2280 vivit
2495 2228 2680 2293 homo,
2706 2228 2800 2283 sed
2834 2244 2901 2283 ex
2944 2230 3093 2283 onmi
3128 2232 3292 2286 verbo
3350 2232 3497 2302 quod

1927 2314 2174 2382 procedit
2202 2331 2265 2370 ex
2301 2331 2397 2371 ore
2426 2316 2519 2373 Dei
2557 2319 2600 2373 ⁸.
2636 2338 2654 2369 ι

1995 2405 2074 2462 De
2107 2410 2335 2478 panibus
2360 2414 2500 2466 enim
2520 2414 2632 2468 suis
2661 2414 2807 2469 dedit
2848 2418 3088 2484 pauperi.
3143 2416 3276 2471 Nam
3323 2417 3495 2471 divini

1925 2498 2075 2552 verbi
2128 2502 2271 2569 quod
2304 2504 2578 2572 propriam
2605 2507 2811 2560 enutrit
2873 2507 3111 2560 animam
3174 2507 3495 2576 participem

1923 2592 2103 2647 cliecit
2137 2593 2467 2664 indigentem
2491 2614 2506 2662 ;
2530 2604 2578 2650 et
2607 2598 2891 2669 eolargius
2920 2598 3019 2654 hoc
3048 2598 3279 2654 Verbum
3300 2598 3498 2654 dividit

1924 2699 2033 2754 quo
2055 2686 2308 2753 pluribus
2339 2688 2633 2744 subvenire
2665 2690 2860 2745 valeat.

2004 2860 2355 2917 Virtoriamet
2377 2864 2628 2918 honorem
2676 2866 2903 2936 acquirit
2956 2869 3046 2938 qui
3099 2867 3193 2922 dat
3248 2884 3487 2923 munera.

1920 2950 2221 3006 Victoriam
2247 2952 2687 3020 depassionibus
2746 2963 2800 3009 et
2856 2956 3083 3023 gloriam
3147 2974 3176 3011 a
3220 2957 3328 3011 Deo
3386 2959 3491 3014 sibi

249 3054 343 3117 ξαν
374 3055 548 3125 ἑαυτῷ
580 3059 801 3122 πάντως
826 3062 1194 3130 περιποιεῖται
1223 3062 1254 3113 ό
1280 3060 1399 3131 Θεῷ
1424 3060 1500 3125 ὥς
1521 3079 1642 3116 τινα
1667 3063 1813 3136 δῶρα

1957 3037 2142 3093 mnino
2160 3038 2395 3106 acquirit
2423 3039 2514 3108 qui
2537 3037 2647 3094 Deo
2674 3056 2771 3110 pro
2811 3040 2971 3096 donis
3030 3043 3259 3097 virtutes
3311 3044 3486 3097 otTert.

248 3148 345 3207 τὰς
381 3149 603 3217 ἀρετάς.

325 3237 441 3303 Τὴν
473 3239 677 3305 μέντοι
731 3243 939 3310 ψυχὴν
1008 3244 1338 3313 ἀφαιρεῖται
1370 3247 1488 3299 τῶν
1525 3250 1813 3319 κεκτημέ-

249 3342 389 3382 νων.
421 3327 734 3382 Κάντεύθεν
762 3331 861 3399 τὴν
900 3333 1095 3385 ἑαυτοῦ
1141 3335 1457 3404 ἀφαρπάζει
1494 3338 1671 3409 ψυχὴν
1708 3338 1816 3391 ἀπὸ

250 3414 356 3465 τῶν
382 3417 616 3485 ἑχόντων
655 3418 859 3489 ταύτην
916 3420 1016 3490 τῆς
1053 3423 1319 3491 πονηρίας
1378 3428 1706 3496 πνευμάτων
1747 3432 1814 3500 τῇ

253 3511 494 3579 ἁμαρτίᾳ
530 3510 894 3580 αἰχμάλωτον.

324 3608 375 3655 ι’.
427 3603 691 3655 Ἔκϐαλε
727 3601 797 3655 ἐκ
852 3602 1176 3670 συνεδρίου
1224 3606 1457 3673 λοιμόν.
1521 3606 1817 3664 Ἀπέλασον

251 3692 339 3747 τὸν
365 3693 715 3763 μεταδιδόντα
734 3691 835 3762 τῆς
862 3693 1058 3746 ἑαυτοῦ
1092 3695 1292 3758 κακίας
1317 3696 1411 3749 καὶ
1448 3701 1559 3762 τοῖς
1586 3697 1814 3765 λοιποῖς,

246 3784 356 3836 ἀπὸ
385 3783 491 3839 τῶν
524 3782 977 3853 συνεδριαζόντων
1014 3786 1093 3847 είς
1126 3784 1529 3857 βουλευτήριον.

324 3874 425 3927 Καὶ
479 3874 985 3937 συνεξελεύσεται
1042 3875 1202 3941 αὐτῷ
1244 3878 1475 3942 νεῖκος·
1509 3878 1656 3933 ὅταν
1705 3880 1814 3950 γὰρ

254 3966 466 4032 καθίσῃ
507 3966 574 4017 ἐν
604 3965 920 4032 συνεδρίῳ,
955 3964 1188 4031 πάντας
1213 3967 1489 4036 ἀτιμάζει.
1527 3972 1637 4023 Καὶ
1692 3989 1816 4024 συν-

254 4058 651 4127 απελαοήσεται
684 4058 862 4127 τούτῳ
914 4057 1246 4126 φιλονεικία·
1285 4059 1486 4111 ὁπόταν
1522 4061 1627 4129 γάρ
1659 4054 1814 4125 οὗτος

258 4149 573 4221 σννεδριάσῃ
605 4149 734 4211 τισὶ,
772 4147 980 4212 πάντας
1010 4147 1284 4218 χλευάζει,
1313 4150 1409 4203 καὶ
1437 4152 1698 4222 διεγείρει
1732 4154 1812 4215 εἰς

259 4241 449 4311 μάχας.

321 4332 406 4385 ια’.
457 4329 685 4399 Ἀγαπᾷ
705 4332 919 4399 Κύριος
948 4333 1124 4396 ὁσίας
1154 4332 1418 4401 καρδίας.
1446 4334 1507 4386 Ὀ
1535 4335 1810 4403 Δεσπότης

1988 3215 2241 3268 Animam
2287 3224 2462 3268 autent
2496 3214 2670 3284 aufert
2717 3215 3121 3284 possidentium.
3182 3216 3249 3269 Et
3296 3217 3491 3271 exinde

1918 3311 2155 3365 animam
2218 3325 2373 3365 suam
2415 3309 2594 3363 aufert
2626 3324 2656 3361 a
2691 3310 2875 3378 pravis
2927 3309 3215 3378 spiritibus
3245 3311 3337 3379 qui
3368 3326 3487 3365 eam

1916 3412 2144 3474 peccato
2178 3402 2544 3470 mancipatam
2571 3401 2828 3455 retinent.

1988 3605 2147 3659 Vens.
2184 3602 2265 3655 lO.
2304 3600 2451 3670 Ejice.
2474 3616 2502 3653 e
2527 3613 2769 3652 consessu
2831 3595 3179 3665 pestilentem.
3211 3598 3250 3648 A
3290 3597 3484 3652 seden-

1917 3695 2066 3750 tibus
2092 3695 2149 3747 in
2172 3694 2325 3747 curia
2354 3692 2493 3762 ejice
2515 3703 2641 3745 eum
2672 3690 2767 3760 qui
2800 3701 2899 3743 sua
2961 3687 3171 3740 malitia
3198 3687 3335 3745 alios
3364 3690 3485 3744 inti-

1915 3787 2010 3843 cit.

1984 3875 2057 3931 Et
2079 3874 2242 3931 exibit
2275 3873 2434 3929 simul
2452 3890 2568 3927 cum
2594 3874 2952 3944 eojurgium;
2976 3891 3098 3929 nam
3133 3891 3252 3928 cum
3294 3875 3484 3929 sederit

1912 3971 1969 4023 in
2002 3969 2245 4030 concilio,
2271 3982 2448 4020 omnes
2477 3965 2783 4018 inhonorat.
2817 3964 2879 4019 Et
2921 3981 3044 4020 cum
3084 3980 3152 4020 eo
3203 3968 3481 4035 expellen-

1882 4068 1887 4071 '
1914 4072 2002 4115 tur
2027 4059 2407 4113 contentiones
2439 4071 2453 4107 :
2485 4069 2610 4109 nam
2642 4054 2865 4123 quando
2888 4054 2981 4108 ille
3005 4068 3130 4107 cum
3150 4055 3482 4124 quibusdam

1913 4150 2134 4216 sederit,
2170 4163 2362 4204 omnes
2401 4147 2592 4202 irridet
2617 4155 2671 4202 et
2701 4145 2768 4200 ad
2817 4160 3028 4217 pugnas
3054 4146 3320 4200 concitat.

1982 4341 2159 4403 Vens:
2190 4346 2273 4399 ll.
2308 4345 2495 4415 Diligit
2537 4342 2798 4397 Dominus
2853 4352 3043 4397 sancta
3100 4344 3281 4398 corda.
3337 4343 3480 4403 Deus

258 4422 465 4474 πάντων
520 4422 688 4487 Θεὸς,
737 4423 930 4493 ἀγαπᾷ
975 4422 1073 4493 μὲν
1128 4423 1337 4493 ψυχὰς,
1390 4425 1591 4491 σαρκὸς
1635 4425 1807 4493 ὑπερ-

1953 4442 2291 4496 niversorum
2343 4436 2797 4506 Dominusdiligit
2851 4437 3060 4492 animas
3082 4453 3201 4507 qua:
3257 4455 3476 4497 carnem

257 4510 483 4578 ορώσας,
511 4512 603 4564 καὶ
632 4511 775 4564 κατὰ
801 4511 893 4564 τὸν
930 4513 1298 4582 πνευματικὸν
1330 4513 1491 4583 νόμον
1531 4513 1811 4566 πολιτευο-

262 4601 436 4670 μένας.
906 4586 917 4598 ’

318 4691 513 4743 Δεκτοὶ
546 4690 614 4744 δὲ
640 4690 801 4757 αὐτῷ
827 4691 1052 4757 πάντες
1082 4693 1327 4762 ἄμωμοι.
1360 4695 1728 4765 Προσδέχεται
1754 4697 1810 4751 δὲ

259 4782 566 4848 συμπαθῶς,
622 4783 969 4852 ἡπλωμέναις
990 4784 1279 4851 ἀγκάλαις,
1322 4788 1448 4847 τοὺς
1504 4786 1592 4840 διὰ
1646 4805 1809 4857 μετα-

257 4872 412 4934 νοίας,
446 4872 625 4942 πάσης
667 4875 1077 4945 ἁμαρτημάτων
1138 4875 1356 4947 κηλίδος
1393 4879 1619 4942 ἑαυτοὺς
1645 4882 1810 4933 ἐκκα-

260 4963 539 5032 θάραντας.
984 4955 1001 4969 ’

320 5057 553 5110 Χείλεσι
596 5058 897 5125 ποιμαίνει
942 5060 1260 5124 βασιλεύς.
1300 5060 1359 5113 '0
1410 5062 1625 5114 πάντων
1658 5063 1811 5131 βασι-

258 5149 413 5203 λεύων
435 5150 589 5216 Θεὸς,
616 5150 785 5214 ἀξιῶν
812 5153 899 5204 διὰ
931 5151 1037 5205 τῶν
1060 5153 1234 5220 ἁγίων
1254 5152 1419 5205 αὐτοῦ
1453 5156 1681 5207 ἐντολῶν
1711 5157 1810 5225 τῆς

261 5240 626 5311 προσηκούσης
660 5242 935 5311 προνοίας,
977 5246 1103 5306 τοὺς
1133 5245 1456 5314 δεχομένους
1495 5246 1718 5309 ἑκόντας
1748 5246 1808 5299 τὸ

261 5332 339 5386 ὑπ’
384 5332 547 5385 αὐτοῦ
583 5333 996 5403 βασιλεύεσθαι,
1052 5337 1255 5405 ἀπάγει
1322 5338 1421 5407 μὲν
1468 5339 1665 5402 αὐτοὺς
1706 5339 1804 5408 τῆς

261 5422 569 5491 φθοροποιοῦ
621 5424 841 5489 κακίας,
873 5426 995 5493 ἄγει
1037 5426 1094 5480 δὲ
1143 5431 1266 5481 κατ’
1315 5430 1514 5501 ἀρετὴν
1556 5430 1692 5500 πρὸς
1744 5431 1805 5483 τὸ

259 5514 465 5582 ἀγαθόν.
550 5560 558 5567 .

319 5698 336 5729 ⁸
363 5696 553 5750 Matth.
583 5711 655 5761 ιν,
696 5696 751 5753 4.

1911 4538 2327 4585 contemnentes
2350 4528 2650 4583 secundum
2675 4526 2844 4596 legem
2887 4526 3226 4597 spiritualem
3246 4546 3478 4589 convcr-

1910 4634 2124 4679 saritur.
3270 4668 3271 4671 η

1980 4712 2196 4781 Accepti
2227 4718 2399 4763 autent
2418 4717 2540 4762 sunt
2571 4709 2815 4763 eiomnes
2870 4712 3223 4766 immaculati.
3267 4712 3478 4784 Recipit

1915 4814 2095 4859 autem
2128 4818 2253 4857 cum
2279 4815 2467 4855 amore
2486 4801 2841 4871 brachiisque
2863 4806 3109 4859 extensis
3136 4821 3233 4860 eos
3267 4808 3357 4867 qui
3385 4824 3478 4875 μοι·

1908 4890 2289 4964 paenitentiam
2315 4904 2539 4944 omnem
2560 4900 2914 4959 peccatorum
2954 4909 3165 4948 navum
3195 4899 3474 4949 absterse-

1906 4994 2056 5038 ιυιιι.

1976 5075 2159 5129 Labiis
2195 5075 2360 5128 pascit
2396 5090 2510 5129 rex.
2552 5073 2696 5130 Deus
2752 5081 2949 5128 cuncta
2985 5074 3319 5142 gubernans.
3382 5093 3476 5130 eos

1910 5171 2006 5240 qui
2034 5170 2267 5223 libenter
2297 5170 2414 5235 ejus
2467 5162 2780 5236 suScipiunt
2812 5167 3123 5235 imperium,
3158 5183 3251 5235 per
3284 5181 3474 5222 sancta

1915 5263 2171 5316 mandata
2205 5260 2549 5314 convcnienti
2577 5257 2913 5327 providentia
2968 5271 3322 5325 prosequens,
3355 5259 3475 5311 itins

1913 5352 2131 5422 quidem
2166 5351 2233 5404 ab
2258 5347 2551 5416 iniquitate
2574 5361 2693 5413 quae
2716 5344 2913 5413 perdit,
2939 5346 3157 5411 avertit,
3181 5346 3245 5397 ad
3273 5346 3472 5399 bonum

1913 5457 2090 5499 autent
2122 5440 2340 5497 virtutis
2369 5439 2607 5492 fructum
2642 5437 2806 5490 ducit.
