3900 6228
439 355 502 420 lli
517 354 574 418 i3

1630 370 1634 373 -
1727 335 2086 398 PROCOPH
2125 334 2369 395 GALEI

3571 335 3700 403 1444

505 465 676 523 Vsus.
703 462 789 517 12.
831 459 985 514 Oculi
1024 454 1235 513 Domini
1289 451 1597 508 custodiunt
1638 466 1870 505 sensum.
1901 447 2013 502 lla-

2188 447 2276 518 ιβ’.
2330 446 2646 516 Ὀφθαλμοῖ
2693 447 2915 516 Κυρίου
2953 447 3351 518 διατηροῦσιν
3385 452 3704 521 αῖσθησιν.

437 559 618 612 tiones
646 563 824 608 autem
863 565 1072 613 rerum,
1095 547 1299 617 quibus
1345 544 1505 616 quasi
1530 539 1860 612 quibusdam
1893 554 2026 598 oeu-

439 649 507 704 lis
546 648 662 718 ipse
687 645 1069 700 universorum
1105 637 1372 692 Dominus
1424 643 1624 690 cuncta
1663 632 1878 693 videns,
1941 643 2026 684 eo.

438 753 712 809 gnosccns
736 749 800 790 ea
831 739 1126 801 antequam
1162 729 1292 783 (lant
1315 743 1380 782 ex
1426 724 1695 796 sapientia
1732 737 1828 794 per
1859 735 2023 791 quam

439 842 495 885 et
557 829 608 882 in
651 841 756 898 qua
783 823 967 879 omnia
1005 821 1157 885 fecit,
1197 818 1344 873 sicut
1375 814 1518 870 radii
1570 812 1794 884 quidam
1879 809 2025 864 Solis

435 917 672 990 justitize
705 953 720 979 ,
779 909 1138 982 speculalivis
1165 908 1362 962 animae
1401 905 1661 976 potentiis
1717 901 2028 957 concedunt

440 1001 846 1056 utexsisteutia
882 999 1028 1052 sicut
1064 1011 1190 1050 vere
1226 1009 1287 1050 se
1324 994 1527 1048 habent
1558 991 1876 1062 inspiciam,
1899 991 2020 1059 ipsa

441 1090 621 1140 autem
658 1083 977 1139 cxsistentia
1039 1089 1102 1134 ut
1160 1078 1428 1134 continuo
1481 1077 1561 1131 sic
1616 1075 2028 1145 conspiciantur

443 1178 654 1231 faciunt
675 1217 691 1244 ,
722 1177 1082 1244 veritatisque
1109 1171 1399 1227 scientiam
1430 1184 1538 1223 non
1603 1169 1658 1222 in
1707 1165 2026 1238 apparentia

440 1269 745 1324 visibilium
773 1265 1082 1322 secundum
1118 1277 1342 1318 sensum
1373 1265 1606 1331 ponunt.

513 1357 766 1412 Rationes
813 1365 990 1410 autem
1044 1352 1316 1420 vilipendit
1359 1350 1594 1421 iniquus.
1643 1345 2028 1403 Calumniatur

443 1455 624 1503 autem
658 1443 1160 1508 Providentiaejvias
1191 1441 1286 1496 Dei
1310 1441 1694 1495 mandatorum
1718 1445 2028 1507 transgres-

443 1557 558 1606 sor,
590 1539 708 1610 qui,
732 1539 862 1592 dum
901 1537 1122 1607 quidem
1145 1548 1174 1587 a
1211 1533 1589 1604 voluptatibus
1636 1545 1757 1587 sese
1787 1543 1898 1584 non
1932 1528 2029 1584 ab-

443 1637 628 1694 slinet,
663 1632 846 1704 gravia
895 1637 949 1684 et
1000 1626 1374 1698 importabilia
1429 1625 1566 1680 dicit
1614 1623 1706 1679 illa
1765 1621 2026 1678 salutaria

445 1726 752 1790 mandata;
807 1721 1029 1792 quando
1095 1729 1276 1772 autem
1328 1716 1558 1772 molesta
1609 1714 1882 1771 sustinere
1919 1725 2027 1766 non

2126 539 2189 592 Oi
2210 539 2269 593 δὲ
2300 538 2450 606 λόγοι
2471 539 2580 592 τῶν
2612 537 2804 601 ὄντων,
2829 534 2910 604 οἷς
2941 539 3018 604 ὥς
3043 558 3184 596 τισιν
3211 542 3518 615 ὀφθαλμοῖς
3545 545 3711 609 αὐτὸς

2125 631 2154 684 ὀ
2187 627 2280 683 τοῦ
2331 629 2530 692 παντὸς
2579 629 2855 700 Δεσπότης
2909 631 2978 686 τὰ
3026 633 3203 686 πάντα
3253 634 3381 706 ὁρᾷ,
3420 633 3714 702 γινώσκων

2124 719 2299 774 ταῦτα
2333 720 2460 792 πρίν
2485 723 2754 788 γενέσεως
2797 721 2976 776 αὐτῶν
2995 764 3012 788 ,
3040 723 3108 778 ὲκ
3159 725 3258 795 τῆς
3308 726 3511 796 σοφίας
3541 725 3714 780 αὑτοῦ

2125 811 2192 866 δι’
2233 806 2300 883 ἧς
2335 813 2431 866 καὶ
2462 813 2520 864 ἐν
2607 811 2676 865 τὰ
2700 813 2875 868 πάντα
2908 814 3187 884 ἐποίησεν,
3211 811 3300 872 οἷά
3317 833 3470 880 τινες
3491 818 3718 882 ἀκτῖνες

2127 900 2292 953 αὐτοῦ
2311 900 2403 953 τοῦ
2421 903 2523 970 τῆς
2549 899 2894 972 δικαιοσύνης
2925 901 3134 966 Ἡλίου,
3149 905 3268 966 ταῖς
3290 903 3392 974 μὲν
3411 901 3720 974 θεωρικαῖς

2125 991 2228 1061 τῆς
2263 991 2444 1062 ψυχῆς
2469 991 2737 1064 δυνάμεσι
2777 992 2836 1048 τὸ
2858 993 2927 1048 τὰ
2955 993 3084 1048 ὄντα
3111 995 3246 1064 ὀρᾷν
3277 993 3355 1058 ὡς
3397 993 3594 1066 ἔχουσι
3619 993 3724 1063 φύ-

2129 1097 2266 1145 σεως
2289 1095 2303 1110 ⁸
2333 1081 2520 1146 αὑτοῖς
2544 1081 2602 1136 δέ
2634 1084 2750 1147 τοῖς
2797 1079 2918 1138 οὖσι
2947 1083 3009 1138 τὸ
3037 1084 3208 1149 οὑτως
3249 1083 3488 1155 ὁρᾶσθαι
3513 1084 3720 1154 ὃιαιρυ·

2125 1171 2398 1234 λάττουσι,
2424 1173 2519 1226 καὶ
2549 1172 2625 1244 μὴ
2665 1173 2788 1230 κατ’
2819 1173 3074 1244 αἴσθησιν
3111 1178 3176 1246 τῇ
3201 1175 3310 1230 τῶν
3336 1174 3562 1248 ὁρατῶν
3596 1177 3726 1230 ἐπι-

2127 1262 2326 1336 φανείᾳ
2352 1263 2754 1334 ἐναπομένουσι
2778 1265 2882 1336 τὴν
2905 1267 3109 1336 γνῶσιν
3133 1266 3237 1336 τῆς
3261 1267 3552 1338 ἀληθείας.

2197 1353 2474 1418 Φαυλίζει
2527 1354 2600 1409 δὲ
2629 1356 2855 1426 λόγους
2899 1356 3269 1428 παράνομος.
3317 1359 3621 1415 Διαϐἀλλει
3669 1359 3728 1415 δέ

2126 1449 2256 1513 τοὺς
2294 1448 2394 1519 τῆς
2424 1447 2688 1519 Προνοίας
2728 1447 2920 1517 λόγους
2957 1451 2987 1504 ὁ
3029 1451 3127 1515 τὰς
3169 1451 3264 1505 τοῦ
3309 1451 3449 1506 Θεοῦ
3493 1451 3734 1523 ἐντολὰς,

2128 1539 2507 1611 παραϐαίνων,
2545 1541 2748 1595 ὁπόταν
2786 1539 2886 1612 μὲν
2917 1541 3026 1594 τῶν
3055 1542 3225 1614 ἡδέων
3261 1544 3336 1616 μὴ
3368 1545 3729 1617 ἐγκρατεύηο
3757 1524 3764 1540 τ

2128 1649 2240 1698 ται,
2273 1631 2499 1702 βαρείας
2527 1632 2623 1686 καὶ
2649 1630 3126 1704 δυσκατορθώτους
3155 1634 3450 1690 ἀποκαλῶν
3481 1636 3588 1700 τὰς
3611 1638 3761 1705 αοοὲ

2127 1711 2413 1794 τηριώδεις
2441 1723 2534 1778 τοῦ
2559 1722 2696 1778 Θεοῦ
2735 1723 2958 1788 ἐντολάς
2979 1739 2996 1754 ⁶
3041 1724 3138 1783 καὶ
3181 1725 3280 1796 οὑχ
3320 1725 3549 1793 ἐαυτὸν,
3583 1727 3734 1790 ἀλλὰ

443 1829 644 1893 potest,
673 1789 951 1886 seiniuste
985 1810 1094 1884 pati
1124 1809 1277 1875 dicit,
1298 1824 1409 1864 non
1436 1809 1707 1880 seipsum,
1728 1805 1822 1861 sed
1855 1801 2024 1861 Deum

2149 1789 2262 1871 sit»
2298 1814 2645 1888 αἰτιώμενος.

445 1924 740 1966 ορειιεοηε.

514 2001 681 2057 νεεδ.
716 2001 804 2056 15.
829 1999 1242 2054 Excusationem
1275 1995 1518 2064 aﬂ‘ert,et
1553 1991 1690 2044 dicit
1712 1990 1857 2060 piger
1880 2005 1898 2043 :
1925 1987 2060 2077 Leo.

445 2093 507 2149 in
537 2094 656 2147 viis.
691 2091 798 2158 Qui
827 2091 1112 2162 negligens
1141 2095 1226 2144 est
1281 2087 1348 2141 ad
1401 2083 1776 2153 operationem
1843 2087 1900 2135 et
1961 2079 2028 2134 ad

448 2178 892 2240 meditationem,
924 2177 1318 2232 excusationes
1347 2183 1612 2228 causatur
1645 2170 1838 2224 dicens
1871 2185 1884 2222 :
1921 2167 2030 2222 Im-

448 2268 598 2341 pedit.
642 2267 896 2321 ardorem
949 2281 1131 2320 nteum
1175 2263 1240 2318 ad
1289 2261 1547 2315 mandata
1605 2258 1701 2314 Dei
1756 2258 2030 2328 implenda

451 2362 646 2423 Satan,
683 2359 748 2411 iis
777 2357 1141 2423 adversando,
1167 2364 1222 2412 et
1248 2353 1392 2410 sicut
1415 2353 1500 2408 leo
1516 2366 1770 2422 quaerens
1791 2351 2028 2405 animam

451 2465 624 2504 meam
652 2463 864 2518 rapere.

525 2543 590 2596 Et
615 2542 668 2596 in
691 2541 880 2609 pluteis
909 2540 1116 2594 sicarii.
1159 2537 1224 2592 Et
1275 2538 1330 2592 in
1354 2536 1646 2592 latitudine
1681 2533 2033 2604 corruptrice

453 2635 725 2691 naturalis
760 2633 1060 2690 visibilium
1095 2629 1604 2701 contemplationis,
1633 2627 1782 2699 pravi
1799 2625 2033 2698 spiritus

452 2729 852 2782 latrocinantes
872 2740 936 2779 ea
969 2733 1204 2779 mentem
1232 2737 1406 2776 meam
1437 2721 1491 2775 in
1515 2721 1771 2774 terimere
1823 2731 2034 2770 conan-

453 2826 566 2881 tur,
597 2831 694 2886 per
736 2829 998 2871 sensuum
1031 2827 1276 2868 errorem
1303 2809 1370 2865 ad
1402 2807 1730 2881 ignorantia:
1781 2805 2035 2861 tenebras

452 2909 601 2964 illum
633 2911 941 2964 trahentes.

525 3081 696 3136 Vsus.
767 3081 856 3135 l4.
891 3077 1066 3132 Fouea
1089 3075 1379 3146 profunda,
1437 3090 1496 3130 οε
1527 3075 1716 3144 iniqui.
1787 3069 2032 3126 Consilia

454 3171 745 3235 dannonis,
780 3167 1004 3240 qui-line
1033 3181 1144 3236 quo
1171 3173 1390 3221 creatus
1421 3171 1505 3220 est
1543 3163 1748 3218 excidit
1780 3176 1835 3218 et
1860 3177 1888 3215 a
1925 3161 2034 3215 Deo

454 3264 679 3328 defecit,
743 3263 912 3318 loveze
962 3257 1414 3331 profundissimte
1460 3257 1664 3314 similia
1718 3263 1871 3312 sunt.
1929 3253 2034 3326 Qui

456 3355 677 3413 cadit-in
699 3369 784 3418 ea,
817 3354 873 3406 in
892 3355 1033 3408 viam
1066 3349 1288 3406 virtutis
1309 3363 1420 3402 non
1444 3357 1646 3404 curret.

530 3617 630 3673 Cui
652 3617 822 3670 iratus
880 3621 957 3668 est
1005 3611 1282 3676 Dominus,
1323 3609 1518 3667 incidet
1548 3611 1604 3664 in
1652 3627 1791 3666 eam.
1835 3609 2038 3666 Incidit

459 3719 642 3770 autem
672 3709 724 3760 in
757 3721 820 3762 ea
853 3705 944 3760 ille
979 3719 1145 3775 quem
1175 3703 1319 3760 Deus
1366 3704 1621 3772 repellit,
1657 3709 1844 3772 utpote
1884 3717 2037 3757 man-

461 3802 606 3858 datis
632 3801 753 3870 ejus
814 3797 1094 3852 contraria
1163 3807 1598 3867 praeponentem.
1670 3797 1814 3850 Sinit
1882 3796 2034 3852 illum

467 3893 610 3946 Deus
639 3897 836 3958 suopte
869 3887 1100 3942 motuin
1131 3884 1341 3940 foveam
1381 3886 1591 3955 peccati
1641 3885 1840 3940 cadere
1856 3885 2036 3952 etipsa

460 3981 678 4036 discere
706 3976 1047 4047 experientia
1073 3983 1340 4046 quantum
1387 3976 1460 4030 sit
1519 3975 1726 4030 malum
1789 3974 2039 4029 dillidcre

466 4071 578 4131 Duo
625 4085 808 4124 rerum
850 4069 1096 4123 omnium
1148 4066 1516 4136 gubernatore
1547 4073 1601 4122 et
1645 4066 1866 4122 inimico
1903 4065 2038 4122 obeq-

459 4166 582 4221 dire
602 4208 617 4231 ,
641 4171 700 4218 ut
729 4161 926 4218 exinde
956 4161 1129 4217 discat
1161 4159 1334 4217 Deum
1389 4161 1649 4218 invocare
1683 4169 1742 4213 ut
1796 4160 2035 4216 auxilia-

461 4258 655 4318 tricem
693 4254 743 4308 ci
787 4269 1006 4308 manum
1045 4253 1288 4324 porrigat
1344 4268 1583 4323 eumque
1619 4251 1863 4308 retrahat
1903 4269 1934 4308 e
1966 4251 2040 4307 fo-
2098 4245 2104 4260 “

463 4362 564 4404 νεεδ
593 4344 940 4419 perditionis.

533 4537 668 4596 Sunt
720 4539 814 4593 viae
871 4538 1028 4593 mala:
1057 4555 1236 4594 corum
1261 4539 1394 4606 uiro,
1423 4549 1604 4594 etnon
1659 4547 1808 4592 amat
1856 4541 2044 4594 reuerti

461 4633 532 4692 ab
585 4631 686 4683 eis.
735 4629 979 4684 Avertere
1011 4641 1188 4685 autem
1215 4647 1269 4685 se
1291 4640 1493 4700 oportet
1527 4647 1559 4684 a
1587 4631 1670 4685 via
1699 4646 1944 4700 perversa
1994 4641 2042 4684 et

463 4722 630 4786 mala.
667 4720 930 4778 llomines
957 4723 1186 4793 quidam
1208 4724 1394 4780 sciunt
1430 4738 1493 4779 se
1519 4723 1890 4795 cogitationes
1939 4723 2044 4777 ha-

466 4817 596 4880 bere
613 4813 680 4876 ad
703 4815 903 4867 malum
935 4813 1290 4880 inducentes,
1331 4825 1388 4872 et
1419 4830 1530 4871 non
1561 4821 1768 4880 amant,
1796 4814 1932 4873 heul
1953 4815 2044 4870 isti

464 4919 703 4969 mentem
745 4923 902 4966 suam
934 4922 967 4965 a
991 4906 1140 4964 malo
1179 4909 1247 4964 ad
1271 4907 1474 4964 bonum
1534 4917 1882 4966 convertere.
1937 4907 2046 4962 Ne-

464 5016 624 5057 cesse
645 5011 826 5055 autem
855 5007 940 5055 est
970 4997 1244 5054 divertere
1278 5013 1310 5053 a
1345 4999 1572 5056 virtutis
1614 4999 1858 5069 deiectu,
1905 5006 1960 5054 et
2014 5013 2044 5053 a

467 5091 556 5146 via
571 5091 734 5147 nimis
756 5088 977 5148 quidem
1017 5103 1049 5144 a
1083 5088 1288 5145 virtute
1317 5089 1610 5157 declinata,
1645 5089 1702 5146 in
1740 5089 2046 5161 praecipitia

465 5194 646 5240 autem
681 5188 922 5244 ducente
953 5198 1019 5240 ac
1055 5182 1403 5255 inborathra
1441 5182 1686 5239 malitiae.

541 5470 706 5527 Vsus.
751 5473 840 5529 15.
885 5473 1133 5529 Stultitia
1163 5475 1418 5551 colligata
1453 5483 1533 5528 est
1561 5475 1618 5528 in
1663 5472 1820 5527 corde
1877 5475 2047 5543 pueri.

471 5563 784 5634 lnsipientia
820 5567 1023 5632 pendet
1052 5583 1080 5622 a
1109 5568 1276 5622 corde
1309 5567 1430 5637 ejus
1473 5567 1564 5636 qui
1621 5574 1780 5621 aetate
1819 5565 2050 5636 juvene-

471 5656 594 5712 scit.

548 5746 706 5818 Virga
733 5758 904 5804 autem
935 5760 982 5802 et
1013 5751 1299 5820 disciplina
1353 5750 1502 5822 longe
1534 5749 1599 5806 ab
1653 5767 1734 5806 eo.
1762 5749 2045 5819 Redarguv

2201 1991 2292 2064 ιγ’.
2327 1988 2760 2062 Προφασίζεται
2788 1989 2887 2046 καὶ
2912 1987 3079 2059 λέγει
3111 1989 3366 2061 ὀκνηρός
3395 2007 3412 2022 ο
3441 1989 3629 2046 Λέων
3661 1992 3738 2046 ἐν·

2127 2086 2258 2149 ταῖς
2286 2083 2470 2152 ὁδοῖς.
2515 2083 2576 2137 '0
2625 2082 2762 2154 πρὸς
2809 2081 3012 2154 πρᾶξιν
3058 2083 3154 2136 καὶ
3200 2081 3438 2154 θεωρίαν
3469 2083 3741 2155 ῥᾴθυμος

2127 2175 2494 2248 προϐάλλεται
2532 2173 2790 2246 ἀφορμὰς
2811 2213 2826 2239 ,
2883 2172 3082 2230 οὑτωσὶ
3105 2172 3306 2242 λέγων’
3342 2174 3578 2228 Κωλύει
3631 2193 3742 2244 μου

2125 2271 2188 2325 τὸ
2217 2269 2502 2342 πρόθυμον
2529 2268 2630 2338 τῆς
2681 2269 2738 2322 ἐν
2781 2268 2899 2330 ταῖς
2935 2266 3178 2332 ἐντολαῖς
3223 2265 3358 2338 πρὸς
3402 2267 3554 2322 Θεὸν
3592 2271 3744 2322 κατὰ

2129 2361 2332 2434 πρᾶξιν
2359 2360 2611 2432 πορείας,
2640 2357 2996 2430 παρεδρεύων
3025 2358 3268 2422 ταύταις,
3309 2359 3338 2410 ὁ
3365 2358 3540 2430 δίκην
3586 2360 3746 2417 λέον.

2127 2464 2221 2511 τος
2251 2445 2432 2516 ζητῶν
2459 2444 2708 2517 ἁρπάσαι
2741 2461 2844 2515 μου
2871 2443 2968 2516 τὴν
2998 2445 3178 2516 ψυχὴν
3207 2445 3408 2499 Σατᾶν.

2212 2540 2316 2593 Ἔν
2377 2537 2446 2590 δὲ
2474 2536 2605 2604 ταῖς
2659 2536 2976 2604 πλατείαις
3018 2539 3328 2606 {por-avrai.
3391 2541 3519 2595 Καὶ
3554 2542 3624 2594 ἐν
3667 2544 3746 2613 τῷ

2131 2630 2274 2684 κατὰ
2295 2629 2392 2702 τὴν
2421 2627 2725 2700 διαφθορὰν
2751 2628 2945 2684 πλάτει
2972 2627 3076 2700 τῆς
3099 2631 3337 2700 φυσικῆς
3358 2632 3476 2686 τῶν
3509 2635 3743 2707 ὁρατῶν

2131 2721 2388 2794 θεωρίας,
2447 2721 2782 2794 λῃστεύοντα
2817 2721 2885 2776 τὰ
2931 2722 3024 2776 ὑπ’
3059 2723 3239 2776 αὐτῶν
3283 2724 3385 2794 τῆς
3451 2729 3745 2798 πονηρίας

2133 2813 2445 2883 πνεύματα,
2485 2813 2727 2882 ἀναιρεῖν
2761 2827 2864 2881 μου
2907 2812 3248 2883 ἐπιχειροῦσι
3292 2814 3386 2867 τὸν
3437 2817 3606 2878 νοῦν,
3657 2819 3744 2872 διὰ
3842 2858 3851 2883 ες

2133 2905 2229 2975 τῆς
2253 2908 2374 2958 κατ’
2403 2902 2660 2974 αἴσθησιν
2687 2902 2920 2972 πλάνης,
2939 2905 3075 2976 πρὸς
3102 2903 3262 2973 ζόφον
3285 2906 3520 2974 ἀγνοίας
3544 2910 3744 2964 τοῦτον

2137 2994 2434 3051 σπεύδοντα
2457 2995 2772 3065 κατασπᾷν.

2207 3086 2290 3148 ιδ’,
2325 3087 2550 3154 Βόθρος
2582 3086 2806 3153 βαθὺς.
2837 3086 3033 3156 στόμα
3064 3088 3442 3156 παρανόμου.
3478 3091 3604 3146 Τοῦ
3645 3112 3742 3150 πε.

2139 3178 2400 3250 ραϐάντος
2448 3177 2702 3247 δαίμονος
2748 3177 3050 3245 τὸνλόγον
3085 3179 3206 3232 καθ’
3262 3180 3323 3232 ὃν
3356 3181 3595 3250 γέγονε.
3649 3187 3740 3238 καὶ

2134 3267 2270 3323 Θεοῦ
2323 3267 2660 3332 ἀποστάντος
2684 3309 2700 3336 ,
2749 3268 2806 3321 αἱ
2852 3268 3126 3338 ὑποθῆκαι
3179 3269 3370 3341 λάκκῳ
3433 3272 3740 3348 βαθυτάτῳ

2135 3361 2410 3418 ἐοίκασιν·
2442 3363 2525 3416 ὅτι
2561 3362 2590 3414 ὁ
2617 3360 2842 3422 ταύταις
2869 3360 2992 3414 κατ’
3023 3361 3306 3431 ἐνέργειαν
3343 3368 3736 3436 περιπίπτων,

2135 3453 2229 3506 τοῦ
2277 3454 2399 3506 κατ’
2437 3452 2720 3523 ἐνέργειαν
2769 3451 3155 3522 περιπίπτων,
3205 3453 3298 3507 τοῦ
3344 3456 3472 3510 κατ’
3522 3460 3736 3532 ἀρετὴν

2137 3544 2372 3599 παύεται
2406 3545 2642 3616 δρόμου.
2685 3560 2688 3562 ⁷
2819 3545 2824 3548 ’

2217 3635 2282 3690 '0
2333 3635 2404 3690 δὲ
2443 3637 2730 3706 μισηθεὶς
2773 3636 2894 3693 ὑπὸ
2939 3638 3184 3708 Κυρίου,
3229 3639 3594 3711 ἐμπεσεῖται
3649 3649 3736 3712 εις

2136 3727 2341 3782 αὐτόν.
2378 3729 2708 3797 Περιπίπτει
2735 3727 2782 3780 δ’
2805 3728 3024 3794 αὑταῖς,
3044 3728 3104 3782 ὃν
3122 3729 3255 3795 θεὸς
3273 3731 3702 3804 ἀποστρέφεται
3715 3754 3732 3777 ν

2137 3820 2212 3884 ὡς
2236 3819 2306 3873 τὰ
2335 3818 2558 3873 ἐναντία
2600 3821 2726 3883 ταῖς
2753 3819 2999 3884 ἐντολαῖς
3029 3819 3192 3876 αὑτοῦ
3242 3825 3696 3896 προαιρούμενον
3714 3847 3730 3860 ·

2138 3910 2642 3983 ἐγκαταλιμπάνων
2665 3911 2756 3966 τὸν
2777 3911 3020 3966 τοιοῦτον
3054 3912 3134 3976 είς
3161 3913 3253 3968 τὸν
3283 3915 3406 3969 κατ’
3437 3918 3732 3990 ἐνέργειαν

2137 4003 2236 4074 τῆς
2258 4001 2536 4075 ἁμαρτίας
2569 4004 2836 4071 ἐμπεσεῖν
2876 4001 3126 4074 βόθυνον·
3160 4003 3258 4059 καὶ
3295 4005 3496 4075 μαθεῖν
3522 4011 3595 4062 ὲκ
3631 4009 3730 4074 τῆς

2139 4096 2337 4167 πείρας
2361 4094 2531 4165 αὐτῆς
2569 4089 2684 4148 οἷόν
2707 4095 2826 4151 ἐστι
2860 4094 3032 4148 κακὸν
3064 4093 3124 4148 τὸ
3157 4097 3410 4150 ἀπιστεῖν
3439 4098 3600 4170 αὑτῷ
3632 4118 3732 4170 κη-

2138 4186 2322 4257 δεμόνι
2359 4185 2578 4242 πάντων
2609 4183 2931 4256 ὑπάρχοντι,
2966 4185 3061 4240 καὶ
3090 4185 3379 4242 πείθεσθαι
3405 4188 3490 4259 τῷ
3519 4191 3725 4261 ἐχθρῷ.

2140 4277 2434 4332 κάντεῦθεν
2466 4275 2897 4332 ἐπικαλέσασθαι
2941 4277 3150 4342 τοῦτον,
3190 4277 3330 4332 ὥστε
3375 4282 3544 4354 χεῖρα
3607 4282 3728 4352 ﬂon-

2142 4371 2290 4434 θείας
2325 4370 2510 4442 ὀρέξαι
2557 4371 2729 4442 αὐτῷ,
2764 4371 2861 4424 καὶ
2895 4369 2990 4427 τοῦ
3031 4371 3133 4442 τῆς
3167 4372 3452 4438 ἀπωλείας
3495 4375 3726 4446 βοθύνοει

2147 4461 2456 4531 ἐξαγαγεῖν.

2216 4553 2393 4612 Εἰσὶν
2446 4551 2574 4610 ὁδοὶ
2631 4551 2810 4608 κακαὶ
2863 4553 3122 4608 ἐνώπιον
3171 4555 3428 4625 ἀνδρὸς,
3463 4559 3566 4612 καὶ
3615 4561 3726 4614 οὐκ

2143 4644 2348 4716 ἀγαπᾷ
2364 4646 2474 4701 τοῦ
2495 4645 2874 4715 ἀποστρέψαι
2912 4645 3014 4702 ἀπ’
3045 4645 3278 4702 αὐτῶν·
3313 4649 3728 4721 ἀποστρέφειν

2145 4740 2214 4796 δὲ
2235 4739 2334 4796 δεῖ
2363 4739 2482 4796 ἀπὸ
2521 4737 2668 4795 ὀδοῦ
2701 4737 2961 4806 σκολιᾶς
2996 4739 3096 4792 καὶ
3137 4738 3354 4808 κακῆς.
3386 4741 3724 4814 ’Υπάρχονσι

2145 4831 2492 4902 διαλογισμοὶ
2524 4829 2820 4902 ἀνθρώπου
2853 4831 3018 4893 τινὸς,
3052 4832 3133 4896 είς
3163 4821 3394 4901 πράξεις
3425 4835 3653 4898 κακίας·
3673 4839 3728 4888 ἐν

2145 4922 2347 4992 γνώσει
2369 4919 2536 4975 αὑτοῦ
2559 4921 2840 4991 φέροντες,
2859 4923 2956 4972 καὶ
2983 4921 3083 4976 οὑκ
3105 4923 3227 4993 ἐρᾷ,
3260 4921 3396 4991 ipsi!
3426 4925 3456 4977 ὁ
3483 4924 3728 4986 τοιοῦτος

2146 5015 2240 5070 τοῦ
2277 5011 2610 5084 ἐπιστρέψαι
2650 5011 2750 5082 τὴν
2803 5012 3045 5068 διάνοιαν
3080 5014 3246 5067 αὑτοῦ
3275 5015 3385 5068 ἀπὸ
3425 5017 3524 5069 τοῦ
3558 5017 3727 5071 animi:

2147 5109 2288 5179 πρὸς
2318 5106 2380 5160 τὸ
2407 5105 2645 5174 ἀγαθόν·
2677 5105 2796 5160 δέον
2829 5105 2887 5158 δέ
2937 5107 3090 5159 ἐστιν
3127 5094 3482 5177 ἐπιστρέφειν
3527 5109 3594 5161 ἐκ
3635 5109 3728 5176 τῆς

2149 5197 2272 5255 κατ’
2301 5197 2538 5266 ἔλλειψιν
2567 5195 2670 5266 τῆς
2719 5188 2931 5267 ἀρετῆς
2959 5198 3056 5250 καὶ
3102 5197 3416 5269 ὑπερϐολὴν
3449 5216 3729 5270 stupens-

2150 5290 2413 5361 κλιμένης
2443 5288 2542 5358 μὲν
2569 5287 2680 5340 ἀπὸ
2703 5287 2798 5340 τοῦ
2832 5286 3042 5355 ἀγαθοῦ
3077 5288 3324 5357 πορείας,
3342 5289 3424 5350 εἰς
3449 5290 3731 5358 κρημνοὺς

2135 5385 2209 5462 .δέ
2238 5381 2440 5444 κακίας
2473 5379 2749 5450 φερούσης
2790 5381 2884 5432 καὶ
2921 5378 3192 5450 βάραθρα.

2223 5481 2304 5527 ιε’.
2347 5473 2549 5526 "Arata
2592 5469 2849 5537 ἐξῆπται
2896 5469 3147 5537 καρδίαν
3198 5469 3363 5526 νέου.
3421 5471 3732 5541 “epos-Sag

2152 5566 2448 5636 ἐξήρτηται
2481 5562 2580 5633 τῆς
2619 5559 2802 5632 ψυχῆς
2849 5560 2942 5615 τοῦ
2974 5561 3054 5618 ἔτι
3097 5561 3221 5616 καθ’
3252 5563 3473 5634 ἡλικίαν
3509 5564 3729 5621 νεάζον-

2151 5678 2264 5724 τος.
2684 5669 2688 5672 ’

2237 5750 2480 5818 Ῥίίϐδος
2513 5749 2582 5804 δὲ
2621 5751 2720 5806 καὶ
2762 5747 3002 5804 παιδεία
3034 5748 3271 5819 μακρὰν
3301 5749 3405 5804 ἀντ·
3429 5749 3643 5806 αὑτοῦ.
3669 5748 3730 5803 οι
