3900 6228
150 371 283 435 1445

1155 362 1687 424 COMMENTARII
1727 362 1808 421 IN
1840 362 2299 426 PROVERBIA.

3265 373 3407 441 WG

146 479 199 530 δὲ
240 476 561 548 πλήττοντες
595 471 786 527 τοῦτον
835 470 992 543 δίκην
1033 469 1232 542 ρἁδου
1272 469 1582 538 ἐλεγκτικοὶ
1634 470 1718 524 λό-

1839 469 1965 524 .oria
1992 471 2159 526 verba
2182 485 2302 541 qua:
2323 469 2469 526 sicut
2499 471 2651 543 virga
2676 473 2995 545 percutiunt
3028 475 3206 544 illum,
3243 489 3299 534 et
3334 481 3405 533 ad

146 586 254 636 γοι,
283 568 376 621 καὶ
400 568 449 621 οἱ
480 565 617 637 πρὸς
643 566 703 618 τὸ
728 564 846 618 δέον
873 564 1180 631 ἐνάγοντες,
1216 561 1406 633 πόρρω
1429 562 1522 615 ἀπ’
1556 562 1722 616 αὐτοῦ

146 658 567 722 ἀπελαύνονται,
631 656 708 729 μὴ
760 654 1208 729 παραδεχομένου
1247 654 1575 727 τοπαράπαν
1629 655 1725 710 αύ-

147 755 294 817 τοὺς,
327 752 418 806 διὰ
447 753 510 806 τὸ
537 752 634 824 τὴν
673 750 912 806 διάνοιαν
950 748 1114 804 αὑτοῦ
1139 748 1419 825 ἐπιμελῶς
1442 749 1723 819 ἐγκεῖσθαι

148 847 257 908 τοῖς
286 846 567 916 πονηροῖς.

217 942 313 1003 ις’.
374 935 438 989 '0
480 934 884 1005 συκοφαντῶν
921 934 1173 1005 πένητα,
1220 933 1423 990 πολλὰ
1460 931 1622 987 ποιεῖ
1651 931 1725 988 τὰ

144 1020 366 1077 ἑαυτοῦ
395 1021 571 1082 κακά.
615 1023 674 1075 ’0
704 1022 915 1089 ψευδῶς
940 1022 1117 1091 λέγων
1140 1024 1284 1079 κατά
1312 1039 1454 1087 τινος
1485 1020 1722 1093 πενομέ-

145 1131 256 1177 νου,
286 1112 389 1184 τὴν
422 1113 522 1184 μὲν
550 1115 745 1167 ἑαυτοῦ
777 1116 976 1169 κακίαν
1004 1114 1157 1182 αὔξει
1185 1116 1278 1168 ἐπὶ
1310 1114 1467 1169 πολύ.

210 1188 428 1258 Δῖδωσι
458 1204 528 1258 δὲ
566 1208 843 1274 πλουσίῳ
870 1207 964 1261 ἐπ’
997 1206 1315 1263 ἐλάσσονι.
1340 1208 1459 1262 Ἐπ’
1500 1208 1720 1266 ἔλαττον

144 1296 201 1349 δὲ
232 1296 331 1368 τὴν
360 1296 450 1351 τοῦ
491 1296 774 1362 πλουσίου,
807 1298 947 1369 πρὸς
973 1297 1032 1352 ὃν
1063 1301 1294 1353 κατεῖπε
1328 1301 1425 1355 τοῦ
1449 1301 1718 1375 πένητοςο

140 1389 222 1443 ὅτι
260 1389 423 1452 αὐτὸς
447 1390 542 1442 καὶ
572 1390 674 1459 τῆς
702 1387 896 1443 τούτου
924 1390 1134 1463 βλάϐης
1166 1392 1341 1457 αἴτιος
1382 1395 1612 1463 γίνεται.

214 1480 301 1544 ιζ’.
343 1484 557 1551 Λόγοις
591 1481 801 1551 σοφῶν
829 1482 1140 1552 παράϐαλε
1171 1484 1290 1538 σὸν
1318 1481 1447 1553 οὖς.
1479 1487 1614 1552 Ταῖς
1645 1488 1721 1542 δι-

137 1572 458 1638 Exsultat;
485 1572 594 1626 τῶν
635 1573 781 1627 θείου
815 1574 975 1644 λόγου
1041 1564 1467 1648 μετειληφότων,
1516 1580 1609 1634 καὶ
1652 1580 1720 1635 τὰ

140 1664 265 1719 θεῖα
287 1662 862 1735 φρονούντων,ύπόθες
888 1664 987 1736 τὴν
1023 1666 1121 1737 σὴν
1157 1666 1354 1737 ἀκοὴν,
1391 1668 1720 1740 ἐτεροδόξλς

138 1754 278 1817 ὁλως
319 1754 394 1824 μὴ
423 1752 738 1809 ὑπακούων.

1825 576 1888 618 ea
1933 577 2057 632 quae
2106 562 2293 619 facere
2342 570 2562 635 oportet
2589 565 2883 634 inducunt,
2920 568 3080 640 longe
3110 569 3182 625 ab
3215 586 3281 627 eo
3306 588 3403 627 ex-

1824 653 2125 725 pelluntur.
2162 655 2289 711 Hmc
2311 655 2540 712 omnino
2563 657 2766 729 rejicit,
2821 662 2953 731 quia
2991 662 3171 718 omnis
3193 663 3400 733 cogita-

1826 743 1902 798 tio
1937 742 2056 813 ejus
2081 744 2148 800 ad
2179 745 2386 800 malum
2426 745 2659 803 intenta.

1894 917 2064 981 Vsus.
2091 920 2180 977 i6.
2206 922 2311 990 Qui
2333 923 2703 980 calumniatur
2727 941 3005 996 pauperem
3058 928 3227 983 multa
3267 928 3400 998 facit

1823 1027 1922 1067 sua
1953 1013 2119 1088 mala.
2156 1013 2262 1081 Qui
2315 1017 2661 1074 mendaciter
2722 1018 2791 1074 de
2855 1035 3097 1090 paupere
3130 1022 3398 1091 loquitur,

1822 1105 2054 1160 multum
2081 1120 2235 1160 suam
2262 1118 2423 1178 auget
2454 1110 2742 1164 malitiam.

1890 1197 2056 1253 Dabit
2100 1199 2213 1268 ipse
2265 1198 2478 1266 ditiori,
2526 1210 2576 1255 et
2608 1201 2800 1272 egebit.
2855 1203 2936 1260 Ad
2971 1206 3155 1261 minus
3210 1215 3393 1265 autem

1823 1299 1985 1361 auget
2009 1290 2151 1345 mala
2191 1291 2384 1349 divitis
2415 1293 2557 1365 apud
2619 1309 2782 1364 quem
2849 1297 3213 1354 calumniatur
3261 1317 3400 1373 pau-

1821 1395 2043 1452 perem;
2072 1383 2201 1453 quia
2230 1385 2347 1453 ipse
2372 1382 2491 1454 ejus
2523 1384 2711 1439 damni
2746 1386 2807 1440 ﬁt
2837 1400 3027 1443 causa.

1899 1473 2060 1531 Vsus.
2083 1476 2172 1530 Π.
2209 1475 2554 1532 Set-monibus
2592 1479 2911 1546 sapientium
2961 1481 3162 1536 inclina
3214 1498 3395 1538 aurem

1822 1574 1991 1621 tuam.
2021 1566 2301 1623 Doctrinis
2320 1583 2511 1624 eorum
2539 1570 2635 1639 qui
2670 1570 2840 1624 divini
2903 1564 3067 1628 Verbi
3103 1576 3397 1644 participes

1822 1657 1981 1723 liunt,
2029 1667 2085 1714 et
2132 1658 2317 1714 divina
2370 1661 2637 1728 sentiunt,
2671 1662 2904 1719 admove
2963 1679 3150 1719 aurem
3220 1674 3393 1731 tuam,

1820 1750 2037 1805 esetcris
2068 1759 2247 1805 autem
2282 1767 2352 1807 ne
2378 1768 2594 1824 pareas.

208 1846 318 1899 Καὶ
357 1846 541 1901 ἄκουε
574 1844 734 1915 ἐμῶν
759 1848 978 1919 λόγων.
1014 1850 1326 1905 Κὰντεῦθεν
1370 1851 1538 1922 αύτῆς
1581 1851 1718 1923 ἐμοῦ

1899 1838 1963 1895 Et
1988 1841 2115 1896 audi
2133 1859 2275 1898 meos
2298 1861 2584 1902 sermones.
2618 1846 2687 1902 Et
2705 1846 2903 1903 exinde
2927 1849 3214 1920 sapientiae
3245 1865 3397 1906 meos

135 1940 238 2008 τῆς
276 1938 469 2006 σοφίας
493 1939 752 2005 ὲνωτίζου
783 1941 911 2004 τοὺς
939 1941 1159 2009 λόγουςσ
1188 1942 1277 1997 διὰ
1309 1942 1490 2014 μέσων
1516 1943 1625 1997 τῶν
1650 1945 1718 1997 τὰ

137 2030 246 2100 ἐμὰ
276 2029 649 2100 μεμυημένων
683 2032 980 2105 μυστήρια.

211 2122 333 2190 Τὴν
366 2121 435 2175 δὲ
464 2121 584 2191 σὴν
616 2123 872 2193 καρδίαν
901 2124 1263 2195 ἐπίστησον,
1286 2128 1388 2182 ἵνα
1428 2126 1583 2199 γνῷς
1627 2129 1718 2184 ὅτι

136 2212 317 2267 καλοί
346 2214 488 2268 εἱσι.
519 2213 677 2268 Κατὰ
717 2213 775 2268 δὲ
812 2215 911 2287 τὴν
940 2216 1183 2271 διάνοιάν
1214 2234 1309 2272 σου
1347 2201 1609 2290 πρόσχες,
1642 2218 1718 2282 ὡς

133 2307 199 2362 ἂν
231 2306 549 2379 καταλάϐῃς
579 2306 664 2360 δτι
687 2307 826 2361 εἰσὶν
863 2308 1080 2377 ἀγαθοί.

175 2405 304 2472 ·ιη’.
348 2398 456 2453 Kal
502 2399 613 2453 ἐὰν
646 2398 914 2469 ἐμϐάλῃς
947 2400 1143 2470 αὐτὴν
1184 2404 1273 2470 εὶς
1312 2402 1428 2472 τὴν
1466 2403 1719 2472 καρδίαν

134 2508 275 2555 σου,
308 2489 688 2560 εὐφρανοῦσι
720 2505 793 2544 σε
834 2490 956 2562 ἅμα
989 2492 1085 2546 ἐπὶ
1121 2494 1258 2561 σοῖς
1286 2496 1577 2565 χείλεσιν.
1608 2496 1716 2550 Καὶ

134 2584 235 2638 ἐὰν
266 2582 570 2661 εἰσαγάγῃς
592 2580 820 2646 τούτους
849 2583 929 2647 εἰς
959 2581 1061 2656 τὴν
1087 2582 1271 2657 ψυχήν
1300 2602 1395 2639 σου
1413 2626 1426 2650 ,
1458 2587 1717 2659 γενήσον-

133 2675 225 2731 ται
254 2692 348 2731 σου
372 2676 547 2746 χαρᾶς
583 2677 963 2748 πνευματικῆς
1004 2677 1255 2748 πρόξενοι
1279 2694 1293 2709 ·
1343 2678 1461 2749 ἅμα
1492 2682 1560 2752 τῇ
1594 2681 1716 2735 δια-

133 2768 257 2839 νοίᾳ
285 2785 377 2822 σου
410 2768 582 2820 ἐνίοτε
612 2768 1037 2839 περιφερόμενοι
1060 2772 1287 2834 καὶτοῖς
1316 2770 1554 2840 χείλεσιν
1572 2786 1586 2801 °
1607 2772 1716 2824 sire

133 2860 270 2913 Θεὸν
298 2860 385 2914 διὰ
413 2858 618 2913 τούτων
644 2858 1069 2930 ύμνολογοῦντός
1101 2877 1216 2928 σου,
1263 2861 1362 2915 εἴτ’
1393 2860 1716 2934 ἀνθρώπους

133 2953 487 3016 διδάσκοντος
514 2951 583 3005 τὰ
612 2951 956 3008 συνοίσοντα.

211 3044 296 3099 ιθθ.
348 3046 482 3100 Ἵνα
529 3058 646 3098 σου
693 3042 937 3114 γένηται
991 3042 1091 3098 ἐπὶ
1144 3043 1369 3113 Κύριον
1412 3043 1451 3113 ἠ
1517 3044 1711 3111 ἐλπίς.

138 3137 206 3190 Ὅ
217 3154 329 3199 πως
358 3134 578 3209 ὑπάρξῃ
613 3151 707 3188 σου
730 3135 932 3205 πᾶσαή
963 3133 1118 3197 ἐλπὶς
1147 3135 1240 3189 ἐπὶ
1265 3137 1358 3188 τὸν
1379 3134 1473 3188 τοῦ
1514 3136 1716 3200 παντὸς

136 3227 418 3298 Δεσπότην
455 3226 607 3293 Θεὸν,
648 3226 785 3296 μόνα
819 3226 1146 3296 φρονοῦντος
1172 3226 1268 3281 καὶ⁵
1309 3226 1598 3293 λαλοῦντος
1648 3228 1714 3282 τὰ

138 3319 283 3372 θεῖα.

212 3408 321 3463 Καὶ
372 3406 639 3478 γνωρίσῃ
678 3420 778 3460 σοι
808 3405 915 3473 τὰς
953 3407 1132 3473 ὀδοὺς
1169 3410 1377 3465 αὐτοῦ.
1433 3410 1543 3465 Kal.
1571 3426 1716 3479 γνω-

140 3503 273 3566 στάς
301 3517 382 3553 σοι
410 3495 563 3562 οὗτος
592 3498 793 3571 ποιήσῃ
824 3498 923 3561 τὰς
951 3500 1031 3562 εἰς
1078 3499 1242 3552 αὑτὸν
1273 3501 1543 3571 φερούσας
1576 3503 1718 3556 κατὰ

140 3594 346 3664 γνῶσιν
388 3592 479 3644 καὶ
508 3588 708 3660 ἀρετὴν
745 3587 1001 3660 πορείας’
1045 3588 1223 3660 πέρας
1251 3589 1568 3661 ὑπάρχοντα
1608 3591 1717 3643 τῶν

144 3686 246 3756 μὲν
280 3683 559 3754 γνωστῶν,
614 3680 690 3745 ὡς
729 3679 989 3753 ἀλήθειαν
1010 3696 1023 3710 ’
1058 3679 1169 3734 τῶν
1201 3681 1257 3735 δὲ
1304 3681 1601 3753 πρακτῶν,
1643 3682 1720 3745 ὡς

140 3774 368 3843 ἀγαθόν.

212 3872 279 3921 κ’.
319 3866 424 3921 Καὶ
452 3866 533 3920 σὺ
557 3864 625 3920 δὲ
650 3866 991 3936 ἁπόγραψαι
1013 3863 1199 3933 αὐτὰς
1216 3864 1410 3932 ἑαυτῷ
1432 3866 1715 3935 τρισσῶς.

141 3961 252 4013 Καὶ
294 3959 456 4021 αὐτὸς
497 3958 555 4012 δὲ
595 3957 912 4015 ὲντύπωσον
943 3959 1069 4022 τοὺς
1104 3957 1380 4023 τοιούτους
1413 3959 1609 4030 λόγους
1660 3964 1720 4015 ὲν

141 4050 361 4122 σεαυτῷ
388 4050 702 4125 τριαδικῶς,
734 4049 877 4105 κατὰ
905 4048 966 4105 τὸ
989 4049 1087 4122 τῆς
1112 4050 1291 4123 ψυχῆς
1322 4068 1416 4108 σου
1451 4052 1680 4125 μέγεθος
1701 4073 1716 4087 ο

140 4141 563 4215 ὑφαπλούμενον
586 4141 665 4205 εἷς
686 4158 747 4201 τε
772 4141 871 4212 τὴν
899 4144 1021 4197 κατ’
1052 4144 1308 4217 αἴσθησιν
1337 4149 1431 4200 καὶ
1460 4147 1557 4218 τὴν
1579 4148 1723 4201 κατὰ

137 4237 386 4293 διάνοιαν
442 4235 538 4289 καὶ
567 4235 668 4305 τὴν
690 4235 834 4292 κατὰ
860 4235 986 4289 νοῦν
1022 4235 1258 4307 θεωρίαν
1277 4256 1291 4269 ο
1314 4239 1388 4304 ὡς
1417 4242 1515 4311 τῆς
1545 4240 1721 4311 ψυχῆς

142 4328 468 4401 Ξστορούσης
501 4329 599 4399 μὲν
622 4329 747 4386 κατ’
776 4329 1031 4401 αἴσθησιν
1057 4330 1120 4387 τὸ
1150 4331 1255 4387 τῶν
1295 4334 1605 4405 εἰρημένων.
1627 4334 1718 4389 λό-

140 4440 257 4492 γων
288 4421 451 4492 ῥητὸν
480 4420 541 4474 τὸ
592 4420 893 4492 δυνάμενον
925 4423 1134 4488 πάντας
1173 4425 1496 4495 οἰκοδομεῖν,
1534 4424 1623 4478 διὰ
1659 4426 1721 4479 τὸ

142 4516 246 4583 τῆς
265 4513 474 4575 ἐννοίας
497 4511 662 4567 αὑτοῦ
688 4513 1111 4583 προχειρότατον
1128 4531 1142 4546 ο
1186 4516 1458 4588 ἐχομένης
1487 4515 1543 4570 δὲ
1577 4516 1721 4570 κατὰ

138 4606 384 4663 διάνοιαν
410 4605 509 4675 τῆς
542 4603 651 4659 τῶν
692 4604 953 4662 τοιούτων
988 4605 1163 4676 λόγων
1196 4609 1550 4679 ἀναγωγικῆς
1581 4608 1719 4664 θεω-

142 4698 298 4770 ρίαςο
357 4697 458 4768 τῆς
488 4695 718 4760 πολλοὺς
751 4697 867 4751 ἀλλ’
899 4699 958 4751 ού
990 4702 1201 4763 πάντας
1231 4700 1319 4755 διὰ
1354 4702 1415 4754 τὸ
1455 4701 1725 4754 ἐπαναϐε-

142 4790 314 4862 ϐηκδς
349 4786 593 4859 βελτιοῦν
634 4787 966 4861 δυναμένης,
1012 4789 1108 4843 καὶ
1133 4789 1511 4863 ἀναφερούσης
1555 4792 1721 4845 αὐτοῦ

142 4881 273 4941 τοὺς
302 4880 402 4950 τῆς
434 4880 629 4950 σοφίας
663 4879 858 4950 λόγους
885 4882 964 4944 εἰς
990 4879 1270 4951 θεολογίαν
1294 4883 1433 4936 κατὰ
1456 4871 1600 4950 νοίν,
1626 4884 1725 4956 τὴν

99 4980 103 4984 ”
144 4970 347 5039 ὀλίγοις
383 4972 525 5023 τισὶν
568 4965 736 5027 οὖσαν
768 4971 1057 5044 χωρητὴν,
1097 4974 1193 5026 καὶ
1244 4974 1457 5045 μεγάλα
1502 4975 1725 5041 τούτους

144 5062 378 5129 ὠφελεῖν
407 5061 748 5133 δυναμένην·
795 5064 888 5116 καὶ
937 5064 1059 5135 οὐχὶ
1087 5067 1199 5127 τοῖς
1246 5066 1489 5122 πλείοσιν
1536 5067 1569 5139 ἣ
1613 5071 1726 5132 τοῖς

155 5155 309 5219 πᾶσι,
334 5153 421 5207 διὰ
452 5153 512 5206 τὸ
545 5154 1032 5227 ύπεραναβεϐηκὸς
1072 5156 1243 5228 αὐτῆς
1282 5158 1376 5211 καὶ
1411 5159 1726 5229 κρυφιώτα-

148 5265 263 5301 τον.

229 5336 328 5401 Εἷς
351 5336 595 5404 βουλὴν
621 5336 719 5390 καὶ
754 5334 981 5406 γνῶσιν
1011 5336 1109 5393 ἐπὶ
1134 5338 1200 5393 τὸ
1226 5339 1452 5405 πλάτος
1478 5341 1729 5408 καρδίας

151 5444 291 5482 σου.
326 5428 481 5481 Οὕτω
502 5429 560 5481 δὲ
589 5429 814 5492 τούτους
846 5431 913 5501 τῇ
944 5429 1089 5502 ψυχῇ
1116 5447 1209 5483 σου
1243 5431 1567 5504 ὲγχάραξον,
1594 5434 1731 5502 πρὸς

151 5516 425 5587 διὰκρισίν
452 5534 511 5569 τε
540 5518 648 5570 τῶν
683 5519 963 5588 πρακτῶν,
994 5522 1088 5573 καὶ
1125 5521 1432 5592 κατάληψιν
1457 5522 1566 5575 τῶν
1593 5524 1727 5576 θεω-

156 5610 336 5680 ρητῶν
358 5626 375 5642 σ
409 5608 584 5681 τούτῳ
618 5612 725 5682 γὰρ
744 5611 821 5680 τῷ
856 5613 1064 5683 τρόπῳ,
1095 5611 1156 5664 τὸ
1194 5612 1361 5678 ὅντως
1387 5614 1591 5681 ἀγαθὸν
1622 5615 1731 5667 ἀπὸ

154 5701 247 5754 τοῦ
279 5703 634 5772 νομιζομένου
681 5704 1005 5776 διακρινεῖςο
1043 5705 1136 5758 καὶ
1168 5704 1352 5777 γνώσῃ
1395 5706 1463 5760 τὰ
1495 5706 1623 5760 ὄντα
1656 5708 1732 5772 ὡς

156 5795 335 5865 ἔχουσι
359 5795 595 5866 φύσεως.
924 5798 933 5807 “
1064 5800 1067 5803 ’

1743 3177 1790 3241 C

1749 3221 1790 3266 τ’
1818 3221 1946 3279 dum
1975 3223 2157 3278 divina
2193 3231 2402 3278 tantum
2431 3224 2642 3294 cogitas
2674 3233 2728 3279 ct
2779 3225 3045 3294 loqueris.

1819 1930 2051 1987 auribus
2069 1932 2291 2004 percipe
2324 1947 2656 1992 sermones:
2699 1936 2755 1992 in
2822 1940 3007 1995 medio
3066 1955 3258 1996 eorum
3304 1941 3396 2012 qui

1818 2022 1957 2081 meis
1986 2024 2185 2079 initiati
2216 2034 2346 2080 sunt
2369 2028 2672 2099 mysteriis.

1886 2114 1957 2170 Et
1979 2132 2073 2171 cor
2098 2126 2247 2171 tuum
2276 2118 2457 2187 ﬁrma,
2491 2130 2550 2175 ut
2582 2137 2872 2193 cognoscas
2923 2125 3048 2194 quia
3094 2122 3218 2178 boni
3248 2136 3394 2179 sunt.

1818 2204 1916 2263 llis
1940 2218 2124 2266 autem
2157 2214 2371 2283 applica
2400 2222 2636 2270 mentem
2675 2223 2733 2271 ut
2756 2218 3036 2289 intelligas
3067 2217 3199 2289 quia
3263 2218 3397 2275 boni

1818 2312 1970 2361 sunt.

1889 2393 2059 2453 Vens.
2090 2396 2178 2453 18.
2212 2396 2346 2455 Etsi
2372 2400 2657 2455 immiseris
2680 2418 2767 2456 eos
2798 2401 2853 2455 in
2883 2418 2974 2456 cor
3004 2410 3173 2468 tuum,
3222 2401 3397 2472 (ediﬁ-

1818 2487 2013 2545 cabunt
2041 2500 2089 2545 te
2120 2490 2282 2549 simul
2319 2492 2374 2547 in
2406 2494 2510 2546 tuis
2535 2494 2712 2548 labiis.
2747 2493 2811 2546 Et
2867 2494 2912 2548 si
2939 2510 3033 2549 eos
3063 2495 3117 2548 in
3156 2496 3395 2548 animam

1818 2590 1967 2638 tuam
2024 2583 2332 2646 induxeris.
2390 2584 2487 2638 tibi
2540 2586 2739 2640 laetitiae
2768 2584 3077 2656 spiritualis
3141 2594 3396 2640 auctores

1817 2684 2008 2739 erunt;
2048 2691 2079 2731 e
2109 2687 2288 2733 mente
2309 2679 2471 2733 simul
2504 2678 2799 2748 aliquando
2865 2678 3028 2733 labiis
3056 2681 3218 2733 etiam
3271 2693 3399 2749 pro-

1819 2769 2092 2837 feruntur,
2128 2769 2245 2824 sive
2282 2768 2451 2825 Deum
2482 2785 2577 2840 per
2603 2784 2699 2826 eos
2747 2769 2958 2837 laudes,
2986 2769 3100 2825 sive
3146 2770 3396 2825 homines

1818 2863 1953 2935 ipsis
1977 2866 2263 2935 profutura
2288 2865 2509 2922 doceas.

1895 3040 2058 3096 Vens.
2109 3040 2194 3097 19.
2258 3040 2326 3099 Ut
2360 3051 2451 3098 tua
2488 3042 2588 3111 ﬁat
2618 3056 2775 3111 super
2823 3040 3111 3096 Dominum
3133 3058 3271 3113 spes.
3326 3040 3399 3101 Ut

1819 3135 2001 3190 omnis
2023 3136 2094 3189 sit
2116 3144 2209 3188 tua
2241 3150 2366 3204 Spes
2404 3136 2459 3189 in
2483 3134 2651 3190 Deum
2677 3135 3061 3190 universorum
3078 3136 3398 3201 Dominum,

1892 3406 1961 3460 Et
1985 3414 2142 3461 notas
2180 3405 2274 3459 tibi
2308 3405 2473 3460 faciat
2503 3404 2616 3459 vias
2653 3412 2796 3457 tuas.
2836 3401 2900 3457 Et
2921 3412 3082 3459 notas
3114 3403 3211 3460 tibi
3234 3403 3401 3464 faciet

1819 3499 2064 3554 scientiae
2116 3514 2182 3553 ae
2233 3499 2453 3553 virtutis
2509 3499 2628 3553 vias
2686 3511 2811 3567 qum
2858 3495 2926 3549 ad
2989 3510 3115 3553 eum
3165 3498 3396 3564 ducunt,

1819 3591 2021 3662 quippe
2045 3592 2136 3663 qui
2157 3591 2370 3648 exsistit
2392 3605 2590 3660 scopus
2620 3591 2674 3645 in
2709 3589 3120 3659 cognoscendis.
3137 3591 3268 3662 quia
3301 3606 3398 3646 ve-

1819 3699 1937 3750 rus,
1961 3683 2187 3755 agendis
2212 3695 2418 3753 autem,
2440 3685 2568 3754 quia
2594 3683 2791 3738 bonus.

1891 3859 2062 3919 Vsus.
2128 3861 2219 3917 ρο.
2278 3861 2343 3917 Ει
2389 3872 2444 3918 tu
2467 3862 2705 3920 describe
2746 3882 2835 3922 eos
2867 3867 2964 3923 tibi
2984 3871 3286 3938 tripliciter.
3315 3872 3396 3930 Ttt

1822 3964 2005 4011 autem
2032 3953 2363 4027 tibimetipsi
2395 3957 2654 4027 imprime
2685 3958 2787 4014 hos
2844 3974 3133 4017 sermones
3193 3965 3397 4034 triplici

1822 4047 2007 4114 modo,
2039 4047 2343 4102 secundum
2379 4047 2578 4104 animae
2602 4057 2708 4104 tua:
2747 4052 3148 4121 extensionem,
3202 4071 3401 4113 secun.

1824 4138 1955 4193 dum
1987 4138 2222 4205 scilicet,
2247 4139 2442 4193 animas
2487 4141 2923 4211 speculationem
2952 4144 3262 4200 sensibilem
3283 4146 3401 4215 spi.

1823 4231 2037 4287 ritalem
2085 4239 2141 4287 et
2178 4231 2628 4289 intellectualem.
2678 4234 2879 4289 Anima
2934 4251 3032 4305 per
3072 4238 3392 4294 sensibiletn

1822 4322 2249 4393 speculationem
2268 4324 2498 4394 inquirit
2517 4324 2792 4379 dictorum
2809 4327 3100 4382 verborum
3125 4330 3403 4399 signiﬁca.

1825 4409 2053 4473 tionem,
2099 4423 2243 4479 quae,
2299 4416 2493 4477 utpote
2528 4409 2811 4465 intellectu
2847 4410 3133 4479 facillima,
3170 4425 3403 4471 cunctos

1825 4498 2102 4555 aedificare
2131 4508 2332 4570 potest.
2357 4499 2459 4555 Per
2514 4502 3035 4571 contemplationem
3068 4518 3251 4561 autem
3292 4508 3401 4579 spi-

1825 4592 2076 4646 ritualem
2128 4592 2421 4647 verborum
2472 4594 2656 4649 sensui
2701 4595 2937 4664 mystico
2983 4596 3245 4664 adlueret,
3306 4601 3402 4671 qui

1825 4682 2087 4750 quoniam
2111 4683 2272 4737 altior
2298 4692 2403 4750 est,
2439 4684 2645 4740 multos
2676 4686 2771 4741 sed
2804 4701 2913 4741 non
2930 4701 3125 4744 omnes
3144 4689 3404 4748 meliores

1826 4775 2056 4830 reddere
2087 4784 2299 4846 potest;
2332 4777 2646 4835 intellectus
2692 4779 2914 4835 tandem
2970 4783 3254 4852 sapientiae
3284 4799 3402 4838 spr-

1826 4881 2020 4923 mones
2051 4867 2116 4923 ad
2151 4867 2481 4939 theologiam
2496 4869 2669 4925 refert
2696 4888 2820 4943 qua:
2844 4875 3034 4943 paucis
3062 4875 3390 4943 quibusdam

1830 4975 2076 5025 accessa,
2113 4978 2366 5033 magnam
2394 4965 2475 5019 eis
2511 4966 2789 5023 utiliatem
2829 4969 3024 5023 aﬂ'erre
3045 4971 3408 5039 vanum-que

1829 5063 1958 5103 vero
1989 5052 2243 5119 pluribus
2276 5061 2372 5109 aut
2402 5056 2641 5125 cunctis,
2665 5058 2795 5128 quia
2822 5058 3095 5113 altissima
3136 5069 3189 5114 et
3218 5062 3409 5115 occul-

1828 5142 2043 5198 tissima
2071 5154 2175 5201 est.

1904 5346 1970 5401 In
2007 5348 2232 5402 consilio
2263 5356 2313 5401 et
2341 5347 2562 5402 scientia
2617 5362 2773 5413 super
2834 5347 3174 5402 latitudinem
3232 5352 3408 5405 cordis

1834 5434 1933 5487 tui.
1958 5431 2051 5489 Sic
2073 5448 2253 5490 autem
2280 5437 2380 5488 bos
2408 5449 2697 5491 sermones
2712 5436 2910 5490 animae
2934 5444 3042 5491 una:
3064 5437 3315 5507 insculpe
3343 5442 3410 5494 ad

1834 5527 2223 5583 discretionem
2274 5528 2613 5599 agendorum
2676 5541 2731 5584 et
2761 5529 2827 5583 ad
2875 5531 3284 5599 perceptionem
3319 5550 3416 5587 eo-

1833 5621 2298 5690 gnoseemlorum.
2354 5620 2567 5673 l‘ltenin.
2602 5622 2705 5675 hoc
2740 5621 2905 5676 modo
2967 5638 3153 5677 verum
3205 5625 3410 5678 bonum

1835 5714 1903 5766 ab
1934 5728 1998 5767 eo
2039 5712 2182 5782 quod
2218 5718 2443 5779 putatur
2471 5712 2670 5766 bonum
2702 5714 3009 5782 discernes,
3044 5731 3240 5788 resque
3263 5720 3410 5771 exsi-

1837 5814 2045 5860 stentes
2068 5812 2124 5856 ut
2163 5818 2290 5857 vero.
2315 5812 2438 5856 sunt
2477 5821 2801 5876 cognosces.
