3900 6228
254 441 388 507 1449

1320 427 1850 494 COMMENTARH
1895 425 1976 485 IN
2004 423 2458 485 PROVERBIA.

3391 417 3528 482 1450

249 560 474 629 θαρχεῖν
503 557 687 622 θείοις,
721 560 815 613 καὶ
853 558 1090 629 ἐννόμως
1135 553 1491 610 ὲπιστατοῦσι
1535 553 1649 614 τοῖς
1693 547 1833 619 πρά-

1958 542 2060 614 μιὼ
2087 543 2210 612 jure
2226 539 2483 597 omnibus
2525 542 2655 590 sunt
2683 531 3018 604 superiores,
3041 542 3095 586 et
3118 547 3224 586 non
3269 532 3526 586 humanis

252 665 450 719 γμαοι,
485 649 581 703 καὶ
614 650 688 719 μὴ
719 649 1082 715 ἀνθρωπίνοις
1108 649 1202 701 καὶ
1244 645 1383 714 πρὸς
1418 641 1680 716 ἐργασίαν
1736 637 1831 690 τοῦ

253 738 414 795 καλοῦ
445 737 534 791 διὰ
595 738 662 791 τὸ
707 739 804 809 τῆς
846 739 1050 809 ἀρετῆς
1109 737 1367 791 ἐπίπονον
1394 733 1781 788 ἀποκναίουσιν
1815 742 1831 759 ⁶

248 831 397 896 ὅπως
425 833 549 895 ταῖς
567 830 935 902 θεωρητικαῖς
964 831 1062 884 καὶ
1086 833 1206 893 ταῖς
1237 828 1573 900 πρακτικαῖς
1598 827 1698 895 τῆς
1731 823 1835 892 ψυ-

249 927 352 998 χῆς
383 925 647 996 δυνάμεσι
687 924 787 994 τὴν
827 925 1029 992 γνῶσιν
1062 923 1158 976 καὶ
1200 923 1295 992 τὴν
1325 919 1523 992 ἀρετὴν
1571 915 1833 987 ἐνεργῶν,

252 1022 333 1080 εἰς
355 1015 508 1081 Θεὸν,
541 1014 914 1086 (ὓς-ἀλήθειαν
945 1017 1040 1069 καὶ
1085 1014 1286 1083 ἀγαθὸν
1330 1013 1581 1082 φέρηται,
1623 1009 1717 1064 καὶ⁵
1761 1007 1836 1079 μὴ

254 1105 604 1180 μακρύνηται
642 1105 859 1172 τούτου,
889 1109 957 1178 τῇ
995 1105 1176 1176 σχέσει
1206 1103 1313 1156 τῶν
1359 1101 1560 1154 ύλικῶν
1617 1097 1837 1155 ἁπατώ·

254 1215 434 1270 μενος,
465 1197 562 1251 καὶ
590 1197 721 1266 περὶ
750 1196 924 1252 ταῦτα
960 1195 1096 1264 μόνα
1118 1192 1574 1264 καταγινόμενος.

241 1343 244 1346 .
831 1288 1083 1340 ΚΕΦΑΛ.
1122 1286 1248 1340 Kl".

320 1381 391 1446 α’,
451 1383 518 1453 β’.
587 1381 724 1434 Ἐὰν
761 1380 1019 1446 καθίσῃς
1070 1377 1340 1432 δειπνεῖν
1386 1375 1486 1430 ἐπὶ
1536 1373 1837 1446 τραπέζης

176 1456 192 1476 ’
252 1474 578 1538 ίυνάστου,
605 1469 835 1540 νοητῶς
857 1471 983 1525 νόει
1017 1471 1090 1524 τὰ
1113 1466 1549 1539 παρατιθέμενα
1583 1483 1703 1532 σοι,
1739 1465 1840 1520 καὶ

249 1567 539 1620 ἐπίϐαλλε
572 1563 688 1631 τὴν
721 1562 892 1633 χεῖρά
931 1578 1070 1620 σου.
1115 1561 1243 1615 Ἐἀν
1275 1564 1356 1626 είς
1401 1561 1668 1635 ἀπάθειαν
1697 1558 1840 1630 φθά-

253 1673 375 1727 σης,
406 1654 759 1725 παυσάμενος
786 1653 885 1724 τῆς
920 1653 1059 1724 πρὸς
1117 1652 1320 1707 κακίαν
1353 1652 1640 1722 κινήσεως,
1696 1649 1839 1704 ὥστε

252 1749 346 1800 τοῦ
381 1745 613 1818 οὐρανοῦ
639 1745 980 1821 καταϐάντος
1017 1743 1184 1816 ἄρτου
1231 1744 1493 1798 δύνασθαι
1525 1807 1532 1815 _
1558 1743 1840 1814 μεταλαμ-

255 1842 461 1904 ϐἀνειν,
489 1839 582 1892 ἐπὶ
615 1840 728 1902 τοῖς
754 1837 829 1901 ὡς
867 1839 925 1890 ἐν
953 1837 1215 1908 τέσσαρσι
1251 1837 1382 1889 ποσὶ
1415 1837 1525 1898 τοῖς
1551 1833 1838 1905 στοιχείοις

1943 642 1999 689 et
2039 632 2106 688 ad
2137 631 2511 704 operationem
2554 626 2682 682 boni
2713 633 2933 696 propter
2951 622 3528 690 virtutislaborempi-

1908 769 1910 772 μ
1940 727 2084 798 gris:
2109 732 2168 778 ut
2197 719 2551 794 speculativis
2585 728 2637 773 et
2659 715 3070 772 activisanimze
3094 714 3304 769 viribus
3347 713 3528 767 scien-

1943 819 2074 875 tiam
2114 831 2178 872 ac
2207 816 2465 870 virtutem
2482 826 2737 882 operans,
2771 810 2824 862 in
2866 807 3034 860 Deum
3063 812 3123 860 ut
3156 805 3440 860 veritatem
3473 815 3529 862 ct

1942 911 2147 966 bonum
2176 907 2402 971 feratur,
2420 919 2598 974 neque
2617 903 2684 956 ab
2706 916 2769 955 eo
2790 901 2950 969 longe
2971 904 3310 958 amoveatur.
3331 894 3529 951 aﬂ'ectu

1942 1011 2286 1061 terrenorum
2315 1000 2593 1069 deceptus,
2626 997 2802 1066 iisque
2827 993 2961 1048 solis
2993 1001 3318 1061 occupatus.

2538 1261 2690 1317 CAP.
2747 1257 2939 1312 xxm.
3398 1315 3414 1330 ,

2014 1355 2182 1412 Vens.
2219 1354 2271 1422 1,
2301 1354 2358 1409 2.
2400 1352 2462 1408 Si
2498 1353 2698 1407 sederis
2725 1366 2932 1404 cauare
2961 1349 3030 1401 ad
3077 1363 3312 1402 mensam
3347 1357 3533 1411 poten-

1948 1451 2052 1516 tis,
2112 1449 2377 1518 sapienter
2439 1445 2675 1515 intelligo
2736 1461 2850 1516 quae
2908 1452 3248 1510 apponuntur
3305 1439 3428 1504 tibi,
3479 1447 3530 1492 et

1947 1543 2098 1596 mitte
2126 1554 2341 1594 manant
2369 1547 2541 1593 tuam.
2578 1537 2636 1590 Si
2674 1537 2739 1590 ad
2773 1536 3092 1606 passionum
3131 1534 3531 1586 immunitatem

1948 1633 2288 1706 perveneris,
2330 1630 2718 1698 sedaverisque
2758 1627 2824 1681 ad
2851 1628 3051 1680 malum
3081 1623 3531 1695 propensionem,

1948 1729 2024 1783 ita
2057 1735 2118 1782 ut
2161 1726 2322 1798 panis
2354 1723 2449 1794 qui
2474 1723 2541 1778 de
2565 1723 2706 1777 eu-lo
2729 1719 3012 1776 descendit
3042 1719 3224 1789 possis
3257 1717 3371 1770 ﬁeri
3405 1729 3533 1786 par-

1959 1818 2156 1888 ticeps,
2191 1816 2403 1872 scilicet
2444 1813 2537 1870 Dei
2573 1813 2966 1883 omnipotentis
2993 1818 3265 1865 creatura:
3291 1807 3534 1866 elemen-

255 1931 549 2000 ἱσταμένης
572 1929 802 1992 κτίσεως
827 1927 922 1981 τοῦ
957 1928 1369 1997 παντοδυνάμου
1405 1925 1567 1990 Θεοῦ,
1600 1926 1675 1996 μὴ
1701 1922 1834 1977 κατ’

1958 1907 2017 1963 Lis
2055 1906 2216 1978 quasi
2253 1913 2488 1976 quatuor
2522 1902 2746 1973 pedibus
2777 1901 3000 1968 stantis,
3047 1901 3149 1955 hac
3198 1915 3268 1955 ne
3303 1913 3534 1955 sensua-

253 2021 508 2090 αξσθησιν
529 2020 733 2090 ταύτης
762 2019 1001 2074 ἀπόλαυε
1036 2034 1050 2047 ·
1086 2018 1226 2074 ἀλλά
1253 2018 1320 2072 τὰ
1351 2017 1491 2072 κατά
1541 2018 1602 2070 τὸ
1655 2014 1841 2086 φαινό-

259 2114 418 2185 μενόν
459 2130 541 2166 σοι
573 2114 911 2187 προκείμενα
935 2113 1051 2184 εῐδη
1075 2111 1305 2184 ταύτης,
1338 2112 1542 2184 νοερῶς
1567 2111 1840 2180 καταλάμ-

254 2205 408 2269 ϐανε,
441 2205 570 2267 τοὺς
597 2204 802 2258 τούτων
831 2204 1025 2273 λόγους
1065 2204 1362 2274 συλλέγων,
1416 2203 1511 2259 καὶ
1572 2205 1692 2258 κατ’
1737 2202 1839 2258 αύ-

253 2299 379 2360 τοὺς
408 2295 676 2367 ἐπιχείρει
702 2295 963 2366 πράττειν
992 2294 1054 2348 τὸ
1083 2294 1307 2364 ἀγαθόν.

323 2387 512 2455 Εἰδὼς
545 2388 634 2441 ὅτι
671 2386 915 2442 τοιαῦτά
953 2403 1027 2440 σε
1055 2387 1152 2442 δεῖ
1169 2383 1646 2455 παρασκευάσαι.
1681 2381 1844 2437 Γινώ-

256 2498 402 2536 σκων
425 2482 508 2534 ὅτι
535 2479 822 2550 μιμεῖσθαι
850 2479 983 2534 Θεὸν
1014 2482 1126 2542 τοῖς
1167 2479 1354 2550 έργοις
1406 2477 1665 2546 ὀφείλεις,
1716 2493 1841 2547 κιρ-

255 2572 360 2626 νῶν
385 2571 529 2626 κατά
555 2571 786 2642 γνώμην
823 2571 923 2635 τὰς
965 2571 1341 2640 ἀναλογούσας
1384 2573 1498 2634 τοῖς
1555 2567 1840 2639 στοιχείοις

253 2664 528 2735 τέσσαρας
562 2663 788 2732 γενικὰς
828 2664 1039 2734 ἀρετάς
1071 2679 1088 2696 ο
1139 2665 1235 2718 καὶ⁹
1285 2663 1375 2717 τὸν
1426 2662 1567 2716 κατὰ
1602 2661 1842 2716 διάνοιαν

255 2742 724 2825 (θεοπρεπέστατον
747 2757 841 2809 καὶ
870 2755 1032 2819 αὐτὸς
1063 2753 1325 2808 συνιστῶν
1347 2753 1575 2823 κόσμον,
1593 2753 1706 2816 τοῖς
1738 2769 1842 2805 κα·-

253 2844 324 2898 τά
352 2844 514 2914 μέρος
540 2844 650 2899 τῶν
679 2843 888 2911 ἀρετῶν
911 2843 1110 2897 εἴδεσιν
1144 2859 1157 2873 ·
1210 2844 1268 2898 έν
1329 2841 1408 2914 τῷ
1454 2841 1715 2914 μετάγειν
1755 2857 1844 2894 σο-

257 2934 373 3004 φῶς
400 2934 469 2988 δι’
487 2933 764 3006 ἐμφεροῦς
790 2935 1130 3005 ὁμοιότητος,
1161 2933 1257 3005 τὴν
1291 2933 1435 2987 κατὰ
1462 2933 1554 2986 τὸν
1584 2931 1844 3002 αἰσθητὸν

255 3026 427 3079 αἰῶνα
460 3025 732 3096 μυστικὴν
755 3024 1010 3096 θεωρίαν,
1037 3025 1131 3078 ἐπὶ
1159 3025 1250 3078 τὸν
1299 3025 1442 3079 κατὰ
1497 3023 1738 3078 διάνοιαν
1783 3023 1842 3077 ὲν

254 3111 527 3184 πνεύματι
569 3113 659 3167 διὰ
690 3111 799 3166 τῶν
834 3113 1045 3184 ἀρετῶν
1083 3113 1576 3185 συμπληρούμενον
1614 3115 1838 3184 κόσμον.

215 3199 218 3204 ’
327 3211 398 3272 γ’.
451 3206 518 3257 El
569 3203 636 3258 δὲ
685 3206 1138 3275 ἀπληστότερος
1187 3206 1262 3271 εἴ,
1292 3206 1377 3276 μὴ
1424 3207 1692 3276 ἐπιθύμει
1722 3205 1841 3259 τῶν

219 3276 225 3286 ’
259 3293 602 3362 ἐδεσμάτων
631 3295 838 3349 αὑτοῦ.
880 3296 941 3348 Εἰ
967 3296 1010 3348 δ’
1039 3297 1140 3349 οὐκ
1163 3297 1306 3367 ἀρχῇ
1337 3299 1402 3368 τῇ
1438 3297 1614 3368 τοιᾷδε
1637 3295 1841 3364 γνώσει

258 3386 370 3440 τῶν
398 3384 630 3456 ἀρετῶν,
665 3386 781 3438 ἀλλ’
819 3387 912 3438 ἐπὶ
943 3387 1103 3440 πλέον
1142 3389 1284 3441 κατά
1310 3390 1542 3458 Θεωρίαν
1602 3387 1839 3458 ὲκτείνῃ,

264 3479 342 3550 μὴ
365 3477 466 3548 ἐρα
504 3475 947 3546 καταλαμϐάνειν
973 3478 1042 3530 τὰ
1087 3479 1216 3546 παρ’
1277 3477 1442 3530 αὑτοῦ
1489 3479 1650 3546 μόνου
1704 3477 1840 3530 Θεοῦ

261 3570 645 3641 γινωσκόμενα
669 3570 943 3640 μυσςήρια
975 3566 1085 3622 οἷον
1101 3569 1183 3632 τὸ,
1210 3570 1358 3631 ὅπως
1390 3571 1454 3621 ἐκ
1483 3571 1575 3622 τοῦ
1611 3571 1843 3640 ἀγεννή-

259 3679 355 3716 sou
382 3661 594 3730 Πατρὸς
624 3661 652 3712 ὁ
700 3661 992 3731 μονογενὴς
1037 3659 1206 3712 αὐτοῦ
1264 3662 1360 3713 καὶ
1420 3660 1684 3724 συναῖδιος
1715 3661 1843 3724 Υἱὸς

260 3755 536 3822 γεννᾶται,
572 3754 664 3806 καὶ
692 3753 753 3805 τὸ
781 3753 1050 3806 συνσΐόιον
1078 3753 1243 3805 αὑτοῦ
1279 3752 1641 3822 ἐκπορεύεται
1673 3751 1844 3805 Πνεῦ-

1941 2000 2066 2055 liter
2123 1999 2365 2064 fruaris,
2422 1997 2516 2053 sed
2579 2003 2907 2066 apparentes
2965 1994 3085 2064 ejus
3153 1993 3368 2049 oblatas
3431 1991 3532 2046 tibi

1942 2091 2149 2146 formas
2187 2090 2560 2160 intelligenter
2599 2089 2818 2157 accipe,
2856 2086 3051 2140 harum
3092 2087 3336 2141 rationes
3380 2083 3536 2140 colli-

1943 2198 2078 2257 gens
2105 2192 2162 2239 et
2186 2182 2487 2239 secundum
2520 2196 2614 2236 eas
2644 2181 2860 2235 enitens
2883 2178 3087 2234 bonum
3114 2179 3352 2249 operari.

2015 2365 2200 2422 Sciens
2233 2363 2371 2435 quod
2418 2371 2617 2432 oportet
2659 2372 2706 2417 te
2746 2361 2879 2416 talia
2931 2376 3256 2432 prwparare.
3315 2360 3534 2431 Cogno-

1943 2473 2108 2514 scens
2143 2457 2272 2527 quia
2310 2455 2478 2510 Deum
2517 2456 2571 2510 in
2607 2455 2868 2524 Operihus
2899 2453 3098 2507 imitari
3133 2452 3299 2507 debes
3327 2466 3422 2520 per
3438 2465 3536 2505 co-

1944 2551 2265 2624 gitationem
2328 2549 2567 2604 miscens
2622 2557 2862 2619 quatuor
2912 2548 3148 2603 virtutes
3202 2547 3535 2618 principales

1943 2643 2231 2700 elementis
2288 2641 2734 2698 accommodatas
2796 2648 2851 2698 ct
2904 2649 3167 2696 mundum
3226 2640 3535 2698 secundum

1943 2752 2202 2804 sensum,
2258 2737 2367 2791 Deo
2415 2735 2804 2806 dignissimum
2857 2735 3243 2800 constituens,
3297 2735 3535 2806 singulis

1945 2831 2206 2884 virtutum
2238 2827 2554 2898 speciebus,
2598 2827 2676 2881 ita
2725 2833 2785 2881 ut
2810 2827 3225 2896 comparatione
3260 2827 3532 2891 instituta,

1945 2919 2230 2991 mysticam
2259 2918 2443 2974 saaculi
2472 2918 2752 2973 sensibilis
2781 2918 3279 2974 considerationem
3312 2917 3530 2988 sapien-

1945 3023 2026 3067 ter
2050 3009 2358 3064 transferas
2389 3009 2455 3063 ad
2483 3008 2905 3064 intellectualem
2941 3009 3205 3064 mundum
3237 3008 3332 3079 qui
3363 3007 3532 3080 spiri-

1944 3099 2169 3153 tualiter
2199 3112 2297 3168 per
2330 3099 2564 3152 virtutes
2594 3104 3034 3151 consummatur.
3346 3089 3348 3092 ’

2014 3189 2182 3245 Vens.
2218 3191 2271 3244 δ.
2309 3170 2757 3244 εϊξηεαείαθίιεοὶ
2785 3203 2866 3254 es,
2907 3203 2969 3242 ne
3003 3187 3266 3243 desideres
3301 3186 3365 3242 de
3403 3187 3534 3242 cibis

1943 3284 2080 3355 ejus.
2139 3281 2197 3337 Si
2247 3298 2355 3336 non
2407 3282 2502 3335 tibi
2553 3279 2785 3336 sufﬁciat
2844 3280 3078 3335 scientia
3124 3280 3218 3334 illa
3244 3281 3534 3344 virtutum,

1945 3376 2290 3445 ampliusque
2321 3373 2651 3428 extendatur
2680 3372 2986 3441 speculatio
3021 3381 3134 3436 tua,
3159 3387 3227 3427 ne
3248 3371 3536 3427 desideres

1944 3482 2140 3537 capere
2167 3466 2425 3536 mysteria
2474 3479 2504 3518 a
2559 3461 2666 3517 Deo
2722 3461 2842 3518 solo
2877 3461 3122 3531 cognita,
3157 3461 3344 3530 qualia
3404 3469 3537 3516 sunt

1943 3556 2230 3625 generatio
2275 3555 2542 3626 unigeniti
2587 3561 2643 3608 ct
2667 3553 2926 3608 coaeterni
2968 3551 3094 3608 Filii
3127 3568 3156 3606 a
3187 3550 3350 3609 Patre
3381 3554 3536 3623 inge-

1947 3647 2082 3713 nito,
2111 3646 2393 3716 processio
2423 3644 2680 3700 coaeterni
2705 3643 2968 3715 Spiritus,
2989 3655 3042 3701 et
3065 3644 3276 3702 creatio
3303 3660 3334 3701 e
3361 3640 3544 3700 nihilo’

1949 3749 1978 3789 a
2013 3737 2124 3792 Dco
2160 3736 2327 3791 facta.

264 3863 343 3916 μα
369 3864 380 3876 ο
413 3846 508 3899 καὶ
532 3846 677 3908 ὅπως
706 3843 858 3915 παρά
886 3842 1022 3898 Θεοῦ
1056 3844 1291 3914 ήκτίσις
1342 3846 1406 3897 ὲκ
1446 3843 1540 3896 τοῦ
1574 3842 1648 3916 μὴ
1694 3843 1846 3907 ὖντος
1939 3859 1948 3869 ⁴

263 3939 549 4009 παρήχθη·

339 4028 528 4082 Ταῦτα
557 4025 669 4097 γὰρ
702 4025 901 4096 ἔχεται
942 4025 1093 4094 ζωῆς
1140 4025 1428 4094 ψευδοῦς.
1488 4026 1546 4078 '0
1604 4025 1713 4094 γὰρ
1778 4024 1844 4078 τὰ

261 4117 508 4181 τοιαῦτα,
538 4117 666 4170 ὄντα
711 4117 1090 4187 ἀκατάληπτα,
1153 4116 1592 4188 καταλαμϐάνειν
1634 4118 1844 4188 ἐπιχει-

264 4210 396 4282 ρῶν,
416 4207 644 4278 ψευδοῦς
669 4209 954 4286 ἀντέχετὲι
971 4209 1245 4278 γνώσεως.

330 4303 394 4358 δ’.
425 4301 522 4371 Μὴ
569 4302 985 4371 παρεκτείνου,
1029 4303 1220 4370 πένης
1272 4302 1377 4366 ὢν.
1421 4306 1715 4368 exavdire.
1752 4307 1845 4378 Μὴ

262 4394 355 4453 οῦν
371 4399 672 4464 ὀπλασϐεὶς
694 4400 757 4452 ἐκ
773 4399 917 4470 χοὸς,
937 4399 1151 4468 καὶτῆς
1173 4398 1322 4462 θείας
1353 4399 1574 4470 χάριτος
1603 4400 1843 4471 ἐπιδεὴς,

263 4492 368 4544 κᾶν
421 4492 657 4562 μετέχῃς
709 4489 868 4557 Θεοῦ,
919 4490 1212 4563 παρεξίσου
1272 4487 1445 4562 τούτῳ
1498 4493 1735 4558 ἑαυτὸν,
1767 4493 1845 4564 τῷ

2011 4029 2139 4084 Πιεε
2157 4030 2297 4084 enim
2329 4029 2560 4084 obtinent
2589 4030 2748 4083 vitam
2782 4029 3000 4099 falsam.
3026 4028 3182 4083 Talia
3209 4029 3382 4095 enim,
3407 4045 3535 4084 enm

1948 4121 2070 4192 capi
2105 4135 2212 4175 non
2244 4131 2498 4192 possunt,
2536 4128 2627 4192 qut
2662 4136 2860 4192 capere
2893 4133 3150 4186 conatur,
3170 4120 3320 4176 falsae
3354 4121 3536 4177 scicn-

1945 4215 2037 4269 tia
2062 4214 2322 4268 adhaeret.

2018 4303 2187 4360 Vsus.
2219 4304 2273 4360 4.
2295 4301 2526 4371 Pauper,
2546 4320 2607 4358 ne
2635 4304 2812 4376 erigas
2837 4304 3018 4360 oculos
3046 4312 3162 4358 tuos
3190 4304 3258 4358 ad
3289 4303 3530 4367 divitem.

1946 4394 2071 4452 Noli
2099 4398 2287 4469 igitur,
2313 4398 2590 4468 epulvere
2637 4398 2967 4467 plasmatus,
3010 4397 3309 4467 divinaque
3359 4397 3537 4468 gratia

1946 4489 2222 4561 indigens.
2253 4491 2504 4560 quamvis
2540 4489 2633 4544 Dei
2687 4491 2968 4560 particeps
3011 4489 3286 4554 eﬂiciaris,
3340 4500 3538 4545 temet-

261 4581 503 4653 ἀκτιστῳ
521 4583 614 4634 καὶ
639 4581 1010 4654 ύπερπλήρει,
1050 4583 1493 4656 καταλαμϐάνειν
1517 4585 1682 4638 αὑτὸν
1717 4587 1840 4640 επι-

1958 4583 2132 4653 ipsum
2171 4583 2266 4638 illo
2297 4585 2545 4638 increato
2575 4598 2640 4636 ac
2676 4583 2953 4639 immenso
3001 4583 3372 4652 aequiparare,
3409 4597 3536 4637 eum

257 4673 488 4744 χειρῶν,
512 4672 588 4736 ὡς
617 4668 760 4726 οἶδεν
785 4674 949 4738 αὐτὸς
966 4674 1181 4729 ἑαυτόν.

337 4762 415 4832 Τῇ
455 4764 524 4818 δὲ
551 4763 638 4833 σῇ
665 4764 871 4832 ἐννοίᾳ
902 4765 1206 4834 ἀπόσχου.
1258 4765 1592 4836 Ἀπόστησον
1638 4766 1694 4820 δὲ
1742 4766 1844 4836 τὴν

259 4853 496 4908 διάνοιάν
553 4870 646 4908 σου
707 4854 818 4910 ἀπὸ
865 4855 966 4924 τῆς
996 4857 1118 4907 κατ’
1160 4855 1349 4909 οὐσίαν
1377 4855 1472 4908 τοῦ
1506 4855 1641 4909 Θεοῦ
1671 4857 1844 4924 Λόγου

261 4947 642 5018 καταλήψεως.

330 5047 392 5095 ε’.
443 5043 584 5095 Ἐὰν
609 5041 955 5112 ἐπιστήσῃς
977 5044 1042 5095 τὸ
1075 5042 1194 5097 σὸν
1223 5043 1383 5112 ὄμμα
1433 5043 1587 5112 πρὸς
1629 5042 1839 5108 αὑτὸν,

258 5131 526 5202 οὐδαμοῦ
553 5133 848 5202 φανεῖται.
891 5134 1016 5188 Ἐὰν
1063 5133 1171 5206 γάρ
1218 5134 1279 5188 τὸ
1306 5135 1488 5206 νοερὸν
1524 5137 1620 5206 τῆς
1665 5133 1844 5204 ψυχῆς

262 5241 356 5276 σου
385 5223 541 5294 ὄμμα
570 5224 786 5296 ἑρείσῃς
813 5225 949 5296 πρὸς
981 5225 1146 5279 αὐτὸν
1180 5226 1408 5292 ἀτενῶς,
1432 5227 1523 5280 τὸν
1559 5226 1663 5280 ὑπὸ
1703 5227 1843 5279 πάν-

259 5331 367 5368 των
399 5316 474 5380 ῶς
506 5318 678 5373 αἴτιον
721 5320 1154 5392 κηρυττόμενον,
1187 5323 1244 5374 ὲν
1274 5322 1452 5375 οὐδενὶ
1500 5323 1620 5374 κατ’
1654 5321 1841 5375 οὐσίαν

260 5405 534 5476 εὑρήσεις,
555 5410 630 5473 ὼς
664 5410 1009 5481 ὑπερούσιον.

330 5501 815 5556 Κατεσκεύασται
872 5504 982 5573 γὰρ
1040 5503 1201 5572 αὺτῷ
1265 5503 1552 5575 πτέρυγες
1639 5503 1841 5573 ὥσπερ

259 5588 460 5643 ἀετοῦ.
507 5589 565 5642 ’0
599 5592 708 5661 γὰρ
737 5594 857 5646 κατ’
890 5595 1076 5648 οὐσίαν
1107 5595 1282 5666 μένων
1313 5599 1369 5648 ὲν
1400 5595 1478 5665 τῷ
1501 5596 1696 5662 Πατρὶ,
1745 5597 1841 5648 καὶ

261 5681 602 5745 ἀδιαστάτως
631 5684 712 5747 είς
741 5685 833 5738 τὸν
858 5685 1062 5757 κόσμον
1103 5687 1462 5758 ἐξερχόμενος
1521 5687 1642 5741 κατ’
1690 5687 1842 5759 mp.

262 5786 439 5838 γειαν,
459 5771 535 5835 ὡς
569 5772 636 5826 ἂν
667 5790 841 5844 κηρυτ
854 5793 992 5831 τοιτο
1025 5777 1130 5832 ὑπὸ
1154 5779 1262 5831 τῶν
1285 5778 1542 5832 αἰτιατῶν
1573 5781 1640 5849 τῇ
1666 5795 1836 5832 κατα-

263 5863 467 5934 φατικῇ
521 5862 788 5935 Θεολογίᾳ,
846 5865 922 5929 ὼς
979 5867 1150 5931 αἴτιος
1201 5868 1494 5938 μονογενὴς
1554 5868 1650 5921 τοῦ
1699 5869 1835 5924 Θεοῦ

581 5959 852 6023 Parnm"
899 5963 1018 6024 Gn.
1051 5965 1422 6026 LXXXVII.

1947 4675 2166 4729 enitens
2191 4675 2658 4744 comprehendere
2690 4675 2841 4729 sicut
2869 4673 2982 4744 ipse
3014 4673 3257 4743 seipsum
3290 4673 3464 4728 novit.

2039 4763 2156 4820 Tua
2186 4774 2364 4820 autent
2397 4766 2819 4821 consideratione
2844 4765 3072 4820 abstine.
3098 4766 3299 4820 Averte
3321 4765 3538 4835 cogita-

1949 4856 2155 4912 tionem
2212 4866 2365 4914 tuatn
2423 4873 2452 4910 a
2515 4858 2610 4913 Dei
2647 4857 2828 4913 Verbo
2875 4855 3180 4914 secundum
3234 4855 3533 4911 essentiam

1947 4953 2488 5024 comprehendendo.

2003 5043 2230 5100 Vsas.5.
2249 5043 2310 5100 Si
2327 5045 2610 5101 intenderis
2628 5045 2836 5100 oculum
2857 5054 3003 5098 tuum
3021 5032 3090 5096 ad
3106 5042 3255 5096 illum
3273 5055 3536 5110 nusquam

1948 5140 2244 5208 apparebit.
2286 5139 2341 5194 Si
2382 5139 2526 5194 enim
2568 5139 2789 5194 oculum
2843 5138 3041 5192 anima:
3097 5133 3532 5190 intellectualem
3613 5149 3618 5153 ‘

1945 5241 2152 5288 attente
2180 5231 2364 5289 ﬂxeris
2395 5232 2796 5301 ineum,qnem
2833 5238 2891 5284 ut
2921 5243 3148 5283 causam
3174 5227 3356 5282 omnia
3387 5241 3535 5297 prte-

1943 5322 2168 5388 dicant,
2202 5338 2475 5393 nusquam
2507 5323 2879 5378 essentialiter
2910 5320 3167 5375 invenies
3188 5360 3202 5382 ,
3235 5319 3327 5390 qui
3365 5333 3534 5390 supra

1943 5431 2160 5471 omnem
2195 5417 2492 5472 essentiam
2537 5416 2752 5485 positus
2785 5422 2889 5470 est.

2016 5504 2233 5560 Parata:
2255 5507 2392 5560 enim
2417 5515 2538 5560 sunt
2562 5506 2610 5559 ei
2638 5506 2741 5560 alte
2777 5515 3032 5576 tanquam
3071 5505 3288 5575 aquilre.
3326 5502 3534 5575 Unige-

1941 5599 2118 5653 nitum
2153 5601 2298 5654 enim
2339 5597 2434 5654 Dei
2482 5597 2746 5665 Verbum,
2799 5615 3027 5654 manens
3063 5598 3439 5654 essentialiter
3475 5598 3532 5654 in

1939 5690 2103 5746 Patre
2134 5705 2198 5745 ac
2231 5691 2353 5747 sine
2385 5694 2731 5762 separatione
2760 5695 2814 5748 in
2841 5691 3106 5746 mundum
3143 5705 3238 5760 per
3269 5691 3532 5745 virtutem

1941 5784 2189 5848 veniens,
2217 5791 2277 5836 ut
2306 5782 2450 5836 sicut
2477 5798 2643 5839 causa
2669 5799 2695 5837 a
2721 5784 2967 5838 causalis
2995 5783 3048 5838 in
3081 5783 3354 5854 theologia
3385 5781 3527 5836 allir-

1940 5873 2146 5931 mativa
2195 5875 2557 5948 praedimtur,
2615 5875 2855 5949 Spiritus
2911 5876 2989 5935 illi
3037 5873 3526 5933 consubstantialis

3041 5973 3123 6038 ιιο
