3900 6228
301 460 436 524 1453

1341 448 1874 516 COMMENTARII
1909 445 1986 506 IN
2041 441 2488 508 PROVERBIA.

3407 435 3541 498 1454

365 552 440 630 Τὰ
492 575 559 628 δὲ
585 569 704 628 ὦτά
741 541 858 626 σου
891 570 1211 639 ἐτοίμασον
1259 569 1463 637 λόγοις
1507 563 1867 630 αἰσθήσεως.

2023 557 2188 610 Aures
2208 564 2382 609 autem
2398 562 2517 606 tuas
2537 549 2723 605 adhibe
2739 550 3063 604 sermonibus
3083 549 3546 605 sensus.Facult.a-

287 670 401 731 Τὰς
452 669 496 721 δ’
547 663 849 727 ὲπιπειθείς
899 662 1043 731 λόγῳ
1068 660 1162 714 τοῦ
1191 658 1492 730 παθητικοῦ
1524 657 1726 728 μέρους
1761 655 1863 724 τῆς

289 761 467 832 ψυχῆς
497 777 590 813 σου
629 758 913 827 δυνάμεις,
944 755 1044 826 τὴν
1073 753 1366 824 ἐπιθυμίαν
1406 752 1499 805 καὶ
1546 752 1639 804 τὸν
1668 748 1859 818 θυμὸν,

290 847 612 919 εὖτρέπισον
664 846 946 915 λογισμοῖς
1007 845 1120 906 τοῖς
1167 843 1499 911 διακρίνουσι
1572 839 1634 892 τὸ
1692 838 1861 900 ὅντως

289 939 493 1009 ἀγαθὸν
527 936 635 991 ἀπὸ
657 935 751 989 τοῦ
775 933 1136 1006 νομιζομένου
1159 949 1173 963 θ
1195 932 1334 985 ὥστε
1362 929 1460 1000 τὴν
1495 929 1614 997 μὲν,
1643 927 1738 981 τοῦ
1777 926 1864 981 δν-

289 1047 399 1092 τως
435 1027 725 1098 ὀρέγεσθαι
758 1023 963 1095 ἀγαθοῦ
995 1041 1007 1054 ⁸
1036 1023 1130 1078 τὸν
1157 1022 1236 1088 δὲ,
1263 1021 1322 1076 τὸ
1348 1019 1703 1092 νομιζόμενον
1725 1020 1864 1074 ἀπο-

292 1121 639 1193 στρέφεσθαι.

364 1280 453 1350 ιγ’.
480 1279 578 1348 Μὴ
615 1278 860 1347 ἀπόσχῃ
887 1276 1109 1344 νήπιον
1130 1275 1436 1330 παιδεύειν
1467 1289 1484 1307 ο
1510 1274 1600 1326 ὅτι
1621 1271 1729 1326 ἐὰν
1751 1285 1868 1325 πα·-

290 1373 483 1441 τάιξῃς
504 1369 693 1425 αὐτὸν
711 1367 934 1437 ῥάϐδῳ,
961 1369 1034 1422 οὐ
1073 1365 1161 1437 μὴ
1203 1365 1498 1434 ἀποθάνῃ.
1542 1363 1635 1434 Μὴ
1681 1361 1866 1434 παύσῃ

291 1465 352 1518 τὸ
379 1481 443 1535 νη
454 1461 664 1524 πιωδῶς
694 1459 945 1530 φρονοῦν,
967 1462 1062 1515 καὶ
1084 1458 1384 1527 ἀλογίστως
1409 1455 1710 1527 φερόμενον
1739 1470 1870 1525 σαρ-

290 1555 411 1609 κίον
441 1570 560 1619 σου,
583 1551 721 1624 πρὸς
741 1551 1002 1624 ἐργασίαν
1028 1550 1312 1622 ῥυθμίζειν
1330 1549 1423 1603 τοῦ
1453 1546 1659 1621 ἀγαθοῦ
1681 1563 1696 1577 ο
1719 1547 1872 1599 ἐπει-

291 1647 467 1718 δήπερ
493 1646 542 1698 εί
569 1644 647 1708 ὡς
682 1645 740 1697 ἐν
759 1661 867 1697 τινι
893 1643 1098 1714 ράὁδῳ,
1137 1641 1281 1712 λόγῳ
1334 1637 1692 1700 ταπεινώσεις
1737 1634 1872 1690 αὐτὸ

295 1733 632 1801 ὕπωπιάζων
660 1737 754 1791 καὶ
779 1733 1164 1803 δουλαγωγῶν,
1194 1731 1254 1805 οὐ
1298 1731 1372 1803 μὴ
1409 1729 1710 1802 διαφθαρῇ,
1767 1727 1873 1782 κᾶν

204 1837 209 1842 ’
296 1826 570 1899 ὑποτρέχῃ
605 1843 664 1879 σε
696 1824 861 1896 φόϐος
887 1823 1146 1883 τοιοῦτος.

1963 654 2045 704 tes
2065 652 2249 700 autem
2289 658 2414 714 quae
2429 643 2626 697 animae
2643 642 2780 711 parti
2797 642 3072 695 sensitive:
3088 641 3368 703 obediunl,
3383 655 3549 710 apped

1962 739 2124 798 tilum
2149 732 2866 804 scilicetconcupiscibilem
2886 740 2937 785 et
2959 731 3258 801 appetitum
3287 731 3551 786 irascibi-

1967 830 2098 895 lem,
2125 841 2371 899 praepara
2409 824 2924 882 ratiocinationibus
2956 836 3078 893 quia
3112 838 3300 882 verum
3342 824 3550 877 bonum

1964 919 2288 986 discernunt
2317 921 2384 974 ab
2415 934 2481 974 eo
2501 917 2644 988 quod
2685 923 2946 972 censetur
2977 917 3214 980 bonum;
3251 915 3551 984 appetitum

1966 1011 2186 1084 quidem
2208 1009 2696 1080 concupiscibilem
2746 1015 2806 1062 ut
2832 1021 3020 1061 verum
3053 1005 3254 1060 bonum
3283 1007 3551 1074 concupi-

1966 1110 2104 1170 scat,
2161 1101 2498 1157 irascibilem
2575 1106 2759 1156 autem
2807 1107 2859 1152 ut
2908 1096 3065 1152 abeo
3111 1096 3255 1166 quod
3295 1105 3555 1151 censetur

1964 1194 2170 1250 bonum
2211 1198 2510 1248 avertatur.

2038 1284 2210 1340 Vens.
2242 1285 2330 1339 15.
2372 1281 2506 1338 Νοίὶ
2536 1282 2846 1338 subtrahere
2906 1299 2939 1336 a
2969 1297 3130 1351 puero
3172 1280 3504 1350 disciplinam
3536 1293 3555 1332 .-

1968 1379 2014 1431 si
2061 1375 2203 1432 enim
2247 1372 2567 1443 percusseris
2610 1386 2728 1425 eum
2794 1371 2966 1438 ui‘rga,
3018 1384 3120 1422 non
3165 1365 3560 1422 morietur..Ne

1970 1466 2284 1524 cessaveris
2313 1478 2536 1519 carnem
2564 1462 2800 1532 puerilia
2828 1460 3160 1516 sentientem
3208 1469 3262 1514 et
3306 1460 3372 1514 ad
3421 1460 3561 1511 irra-

1969 1558 2204 1614 tionalia
2237 1555 2562 1626 proclivem,
2593 1552 2830 1621 dirigere
2868 1551 2936 1606 ad
2974 1551 3351 1621 operationem
3393 1549 3558 1613 boni;

1974 1650 2246 1721 siquidem
2299 1647 2449 1702 illam
2507 1644 2726 1700 ratione
2786 1643 2947 1712 quasi
3004 1642 3159 1712 virga
3218 1641 3560 1695 humiliatam

1975 1739 2283 1812 subjeceris
2314 1746 2369 1793 et
2407 1737 2462 1792 in
2506 1735 2828 1792 servitutem
2862 1731 3162 1803 redegeris,
3212 1745 3322 1786 non
3358 1728 3565 1785 interli-

1979 1833 2178 1899 cietur,
2202 1831 2307 1887 etsi
2333 1829 2497 1884 timor
2527 1828 2655 1883 talis
2686 1827 2741 1881 in
2769 1834 3006 1881 mentem
3029 1825 3130 1881 tibi
3156 1824 3370 1881 subeat.

365 1920 448 1973 ιδ’.
476 1917 559 1972 Σὺ
583 1917 701 1987 μὲν
735 1916 849 1986 γὰρ
877 1913 1178 1981 πατάξεις,
1205 1911 1395 1967 αὐτὸν
1421 1909 1644 1980 ῥάϐδῳ,
1669 1908 1786 1979 τὴν
1812 1907 1880 1962 δὲ

2061 1919 2224 1976 Vens.
2259 1919 2346 1988 H.
2373 1918 2453 1973 Tu
2480 1917 2689 1989 quidem
2715 1918 2971 1987 percuties
2992 1933 3112 1971 eum
3143 1918 3311 1986 virga,
3328 1916 3566 1969 animam

296 2009 514 2079 ’ψυχὴν
536 2007 724 2064 αὐτοῦ
768 2009 838 2061 ἐκ
878 2005 1140 2061 θανάτου
1165 2005 1356 2072 ῥύσῃ.
1403 2003 1478 2056 Σὺ
1520 2001 1621 2073 μὲν
1647 2000 1777 2072 γὰρ,
1809 1999 1884 2064 ὡς

298 2103 537 2174 εἴρηται,
583 2099 951 2164 ταπεινώσεις
985 2098 1146 2165 αὐτὸ,
1175 2098 1251 2162 ὡς
1281 2097 1348 2152 ἂν
1380 2096 1456 2167 μὴ
1492 2093 1785 2167 παρασύρῃ
1826 2111 1886 2149 σε

295 2197 376 2258 εἰς
393 2193 676 2266 κρημνοὺς
695 2191 892 2254 κακίας
903 2191 998 2245 καῖ
1017 2189 1288 2263 βάραθραο
1303 2187 1471 2259 τὴνδὲ
1511 2185 1887 2256 ζωογονοῦσαν

295 2286 452 2341 τοῦτο
481 2286 660 2356 ψυχήν
690 2301 806 2349 σου,
841 2283 1002 2356 ἐξέλῃ
1035 2282 1127 2336 τοῦ
1162 2281 1284 2336 καθ’
1314 2280 1591 2351 ἁμαρτίαν
1625 2278 1884 2334 θανάτου.

371 2377 452 2442 ιε’,
483 2383 580 2441 ις’.
608 2374 722 2442 Υἱὲ,
771 2375 889 2429 ἐὰν
924 2373 1091 2443 σοφὴ
1141 2373 1387 2444 γένηταί
1427 2386 1546 2426 σου
1574 2369 1885 2440 ή-καρδία,

297 2467 620 2537 εὐφρανεῖς
647 2467 748 2520 καὶ
776 2465 894 2534 τὴν
932 2466 1090 2535 ἐμὴν
1122 2465 1379 2534 καρδίαν
1403 2479 1419 2495 ⁸
1457 2464 1557 2519 καί
1597 2461 1887 2530 ἐνδιατρί-

301 2561 402 2630 ψει
431 2558 636 2624 λόγοις
681 2555 754 2608 τὰ
789 2555 870 2609 σὰ
915 2556 1089 2625 χείλη
1121 2555 1271 2624 πρὸς
1317 2554 1392 2608 τὰ
1430 2553 1544 2624 ἐμὰ
1580 2553 1776 2622 χείλη,
1810 2550 1888 2604 ἂν

303 2647 448 2715 ὀρθὰ
486 2645 620 2699 ὦσι.
663 2644 890 2709 Τέκνον,
925 2642 956 2696 ὃ
1004 2641 1393 2712 πνευματικῶς
1434 2643 1559 2704 ταῖς
1615 2641 1776 2711 ἐμαῖς
1809 2638 1888 2692 δι-

211 2801 220 2808 _
302 2735 625 2798 δασκαλίαις
661 2733 932 2802 ’ὠδίνησα,
972 2732 1070 2787 ἐὰν
1111 2732 1272 2802 λόγου
1323 2732 1473 2787 θείου
1512 2731 1760 2804 μετάσχῃ
1793 2746 1886 2784 σου

303 2825 530 2900 ἡψυχὴ,
582 2824 906 2895 ἀγαλλίασιν
949 2825 1046 2879 καὶ
1095 2827 1161 2896 τῇ
1211 2825 1320 2894 ἐμῇ
1347 2823 1495 2895 ψυχῇ
1543 2823 1886 2894 ἐμποιήσεις,

303 2919 482 2975 οἰκεῖά
531 2936 632 2990 μου
689 2917 1046 2989 λογιζομένου
1086 2916 1156 2970 τὰ
1201 2916 1272 2969 σά
1296 2931 1310 2945 ⁸
1359 2917 1457 2970 καὶ
1491 2913 1560 2968 τὰ
1597 2914 1754 2982 λόγια
1795 2927 1888 2966 σου

305 3011 442 3082 πρὸς
472 3011 540 3064 τὰ
572 3011 682 3081 ἐμὲ
709 3009 786 3073 ὡς
819 3008 956 3088 πρός
981 3026 1103 3061 τινα
1129 3007 1332 3061 κανόνα
1388 3005 1751 3078 παραδαλεϊς,
1795 3004 1891 3058 καὶ
1947 3005 1958 3012 ’

309 3102 690 3166 συνεξετάσεις
724 3099 818 3154 ἐὰν
843 3100 1173 3172 ὑπάρχωσιν
1197 3096 1397 3169 ἀληθῆ.

382 3193 470 3256 ιζ’,
497 3192 586 3262 ιη’.
607 3192 702 3260 Μὴ
735 3191 997 3260 ζηλούτω
1027 3193 1064 3260 ἠ
1098 3189 1310 3259 καρδία
1331 3205 1452 3244 σου
1478 3187 1888 3259 ἁμαρτωλοὺς,

307 3285 472 3338 ἀλλὰ
528 3284 598 3335 ἐν
627 3283 787 3351 φόϐῳ
835 3283 1059 3350 Κυρίου
1103 3282 1228 3336 ισθι
1267 3281 1422 3349 ὅλην
1453 3279 1570 3348 τὴν
1628 3281 1890 3348 ἡμέραν·

307 3372 420 3426 ἐῆν
449 3372 557 3441 γὰρ
582 3369 858 3438 τηρήσῃς
888 3369 1062 3433 αὐτὰ,
1105 3369 1277 3423 ἐσται
1315 3386 1412 3440 σοι
1445 3369 1670 3438 ἔκγονα
1694 3385 1708 3400 ο
1753 3369 1791 3435 ’ἡ
1828 3367 1896 3421 δὲ

306 3462 489 3528 ἐλπίς
517 3477 635 3515 σου
685 3462 798 3515 οὐκ
837 3459 1272 3528 ἀποστήσεται.
1319 3461 1413 3530 Μὴ
1437 3461 1565 3523 τοὺς
1595 3460 1702 3513 τῶν
1735 3459 1896 3513 θείων

311 3553 545 3608 ἐντολῶν
601 3552 927 3624 παραϐάτας
985 3551 1264 3622 μιμείσθω
1319 3569 1414 3604 σου
1457 3552 1490 3620 ή
1545 3550 1711 3621 ψυχὴ,
1760 3550 1899 3603 ἀλλὰ

317 3645 482 3716 φόϐον
511 3644 601 3714 ἔχε
645 3643 740 3697 τοῦ
787 3641 897 3696 τῶν
937 3641 1072 3696 ὅλων
1114 3639 1388 3694 Δεσπότου
1437 3639 1596 3703 θεοῦ,
1635 3639 1742 3701 ἓως
1767 3638 1833 3691 ἂν
1865 3640 1899 3708 ἡ

309 3737 409 3790 ,τοῦ
454 3736 703 3790 θανάτου¹
742 3733 839 3799 νὺξ
895 3731 1203 3806 καταλάϐῃ.
1263 3730 1390 3786 Ἐὰν
1447 3730 1554 3801 γὰρ
1610 3730 1899 3800 ἀμφότερα

315 3827 493 3882 ταῦτα
547 3825 834 3899 φυλάξῃς,
896 3825 1039 3889 ἕξεις
1108 3822 1370 3894 μαθητῶν
1431 3820 1724 3892 μαθητὰς,
1773 3820 1900 3882 τοὺς

309 3914 622 3985 ,ἑπομένους
647 3916 712 3985 τῇ
747 3913 1064 3984 διδασκαλίᾳ
1099 3929 1216 3978 σου,
1250 3915 1346 3966 καὶ
1374 3912 1467 3965 τὸν
1493 3910 1785 3982 ἄμεμπτόν
1809 3927 1901 3965 σου

321 4003 433 4073 βίον
467 4003 785 4074 ζηλοῦντας,
816 4004 912 4057 καὶ
939 4003 1196 4057 οὐδέποτε
1245 4002 1572 4066 ἀπελπίσεις
1603 4001 1701 4074 τὴν
1730 4017 1904 4071 σωτη-

309 4096 446 4166 -ρίαν
479 4113 595 4150 σου.

395 4188 480 4242 ιθ’.
516 4189 746 4253 Ἄκουε,
786 4186 900 4254 υἱὲ,
942 4186 1041 4241 καὶ
1080 4185 1275 4255 σοφὸς
1316 4185 1522 4254 γίνου·
1554 4184 1650 4238 καί
1695 4185 1903 4238 κατεύ-

322 4280 466 4332 θυνε
498 4277 742 4332 ἔννοιαν
783 4279 905 4344 σῆς
954 4276 1224 4345 καρδίας.
1272 4275 1504 4340 Ἀπόθες
1549 4293 1638 4347 μοι
1687 4277 1754 4330 τὰ
1791 4271 1907 4332 ὦτά

313 4383 443 4434 σου,
471 4369 682 4432 τέκνον,
706 4367 799 4421 καὶ
819 4367 966 4420 θείου
1001 4367 1400 4439 μεταλαμϐανε
1428 4368 1612 4436 λόγου,
1647 4369 1740 4420 καὶ
1767 4369 1907 4422 κατὰ

1989 2022 2164 2068 autem
2189 2011 2305 2082 ejus
2345 2027 2379 2065 a
2417 2019 2584 2064 morte
2627 2009 2897 2064 liberabis.
2941 2007 3077 2063 Nam
3112 2017 3170 2062 tu
3211 2008 3458 2077 quidem,
3507 2019 3568 2060 ut

1987 2103 2250 2169 diximus,
2277 2101 2602 2158 humiliabis
2644 2116 2764 2156 eam
2791 2109 2854 2156 ut
2883 2115 2992 2155 non
3019 2107 3073 2154 te
3103 2100 3338 2168 abripiat
3365 2100 3417 2153 in
3449 2098 3568 2153 vltii

1988 2194 2350 2265 praecipitium
2379 2199 2433 2246 et
2470 2193 2524 2245 iu
2557 2191 2896 2260 perniciem;
2931 2189 3168 2243 animam
3200 2198 3382 2242 autem
3416 2199 3566 2241 tuam

1997 2298 2119 2354 quae
2147 2283 2294 2338 illam
2327 2280 2568 2335 viviﬁcat
2598 2297 2627 2334 a
2659 2288 2835 2335 morte
2870 2279 3078 2349 peccati
3107 2278 3389 2333 liberabis.

2061 2365 2229 2430 Vens.
2261 2372 2350 2440 15,
2379 2357 2478 2432 115.
2504 2369 2658 2439 Fili,
2684 2372 2732 2425 si
2759 2371 2970 2440 sapiens
3000 2370 3160 2438 fuerit
3183 2371 3390 2423 animus
3421 2379 3565 2431 tuus,

1989 2469 2238 2541 gaudebit
2268 2478 2438 2522 tecum
2479 2473 2570 2521 cor
2605 2481 2803 2530 meum,
2838 2475 2888 2519 et
2914 2463 3337 2518 immorabuntur
3369 2481 3569 2517 sermo-

1989 2562 2141 2618 nibus
2170 2575 2262 2616 tua
2288 2561 2430 2615 labia
2454 2560 2521 2613 ad
2546 2576 2661 2614 mea
2677 2557 2842 2623 labia,
2867 2559 2913 2612 si
2943 2567 3088 2611 recta
3113 2558 3240 2611 sint.
3258 2555 3380 2616 Fili,
3406 2572 3569 2626 quem

1993 2652 2366 2724 spiritualiter
2407 2649 2549 2705 meis
2580 2647 2853 2704 doctrinis
2898 2647 3084 2716 genui,
3132 2647 3179 2700 si
3211 2647 3380 2701 divini
3419 2646 3571 2701 verbi

1990 2743 2178 2798 anima
2202 2751 2291 2796 tua
2315 2738 2591 2810 particeps
2624 2736 2768 2793 facta
2796 2736 2982 2804 fuerit,
3025 2736 3229 2808 gaudio
3258 2745 3312 2791 et
3332 2737 3572 2789 animam

1990 2847 2167 2892 meam
2197 2832 2474 2896 aﬂeceris,
2508 2832 2637 2901 quia
2672 2839 2762 2884 tua
2809 2839 3003 2898 reputo
3048 2843 3208 2884 mea:
3255 2839 3310 2884 et
3355 2829 3575 2897 eloquia

1993 2935 2088 2980 tua
2122 2939 2252 2980 cum
2282 2922 2518 2993 eloquiis
2551 2921 2689 2977 meis
2723 2922 2881 2991 quasi
2912 2921 2980 2975 ad
3009 2920 3300 2989 quamda‘m
3336 2921 3576 2990 regulam

1993 3017 2268 3081 conteres,
2297 3025 2351 3071 et
2392 3023 2577 3069 utrum
2611 3027 2734 3068 vera
2767 3012 2882 3068 sint
2915 3013 3187 3083 inquires.

2066 3193 2230 3247 Vens.
2264 3192 2460 3255 17,18.
2487 3189 2609 3246 Νοη
2622 3191 2901 3246 aemuletur
2931 3207 3024 3244 cor
3053 3199 3200 3243 tuum
3227 3202 3527 3256 peccatores
3560 3205 3580 3241 :

1997 3284 2086 3338 sed
2119 3283 2176 3336 in
2212 3284 2401 3336 timore
2439 3281 2535 3336 Dei
2577 3292 2687 3337 esto
2716 3291 2829 3336 tota
2857 3280 2965 3335 die.
3001 3279 3144 3333 Nam
3195 3282 3243 3335 si
3277 3281 3580 3335 observave—

1998 3377 2073 3430 ris
2091 3384 2347 3441 ea,erunt
2373 3373 2468 3428 tibi
2494 3385 2737 3443 nepotes;
2766 3389 2879 3441 spes
2905 3381 3084 3426 autem
3106 3383 3198 3426 tua
3221 3389 3326 3426 non
3356 3373 3574 3427 recedet.
3619 3364 3628 3369 ’

1998 3466 2076 3522 Ne
2108 3467 2421 3521 divinorum
2445 3467 2827 3520 mandatorum
2860 3471 3302 3534 tranSgressores
3335 3464 3584 3517 imitetur

1934 3558 2187 3623 _.anima
2239 3563 2358 3620 tua,
2410 3555 2505 3610 sed
2556 3554 2650 3609 Dei
2709 3554 3096 3608 universorum
3144 3551 3363 3606 Domini
3444 3553 3583 3606 habe

2001 3649 2282 3715 timorem,
2312 3648 2489 3703 donec
2525 3645 2723 3702 mortis
2752 3660 2863 3700 nox
2896 3645 3173 3701 adveniat.
3209 3645 3265 3701 Si
3295 3654 3585 3716 utrumque.

2003 3739 2416 3802 observaveris,
2448 3738 2674 3792 habebis
2718 3737 3027 3808 discipulos
3062 3739 3460 3807 discipulorum
3491 3741 3585 3810 qui

2003 3829 2312 3884 doctrinam
2364 3836 2512 3882 tuam
2570 3837 2871 3899 sequentur
2924 3842 2988 3881 ac
3047 3827 3586 3897 irrepreheusibilem

2007 3932 2154 3976 tuam
2195 3921 2746 3987 minulabuntvitam,
2776 3931 2828 3977 et
2865 3933 3146 3991 nunquam
3185 3919 3250 3974 de
3287 3919 3464 3975 salute
3496 3930 3587 3974 tua

2005 4014 2346 4085 desperabis.

2071 4199 2236 4256 Vens.
2275 4201 2363 4256 19.
2397 4200 2559 4264 Audi,
2592 4200 2671 4270 ﬁli
2701 4200 2794 4262 mi,
2839 4208 2889 4254 et
2933 4210 3048 4253 esto
3078 4199 3318 4269 sapiens;
3345 4209 3393 4252 et
3424 4198 3589 4264 dirige

2009 4293 2365 4364 cogitationes
2387 4293 2563 4346 cordis
2584 4292 2681 4344 tui.
2710 4293 2953 4361 Appone,
2977 4291 3076 4356 illi,
3095 4306 3258 4346 aures
3282 4299 3406 4345 tuas
3429 4292 3587 4356 mihi,

2007 4366 2282 4440 et‘divini
2326 4374 2444 4440 esto
2493 4387 2773 4454 particeps
2830 4385 3008 4447 verbi,
3040 4385 3420 4438 etsecundqu
3455 4385 3590 4438 illud

325 4459 512 4514 τοῦτον
564 4458 858 4513 κατεύθυνε
899 4458 998 4529 τὴν
1045 4458 1269 4532 πρώτην
1317 4458 1460 4512 κατά
1519 4458 1641 4513 νοῦν
1689 4459 1890 4528 κίνησιη

2009 4475 2238 4533 verbum
2267 4476 2445 4546 dirige
2475 4476 2904 4530 intellectualem
2931 4476 3125 4528 animae
3149 4487 3253 4528 tua:
3276 4485 3507 4541 motum,
3537 4485 3596 4529 ut.

327 4553 430 4622 τῆς
458 4550 640 4621 ψυχῆς
674 4566 766 4602 σου
794 4567 807 4579 ο
858 4549 999 4604 ὥστε
1047 4553 1146 4622 τῆς
1192 4549 1465 4620 ἀληθείας
1488 4549 1565 4622 μὴ
1597 4550 1890 4622 παρεκτρέ-

2009 4585 2040 4625 a
2070 4571 2301 4626 veritate
2341 4585 2446 4625 non
2480 4571 2769 4625 averteris.
2914 4588 2920 4594 -
2964 4573 2981 4602 τ
3033 4572 3041 4585 "
3293 4567 3295 4569 ·

325 4640 544 4696 πεσθαι.

395 4741 465 4789 κ’.
512 4733 610 4801 Μὴ
654 4733 780 4789 ἴσθι
821 4735 1161 4802 οἰνοπότης,
1186 4734 1341 4804 μηδὲ
1370 4736 1639 4790 ἐκτείνου
1678 4737 1902 4805 συμϐο-

324 4826 484 4893 λαῖς,
513 4825 702 4894 κρεῶν
731 4843 800 4880 τε
849 4827 1233 4896 ἀγθοριισμοῖς.
1269 4829 1362 4896 Μὴ
1396 4827 1512 4898 χρῶ
1535 4831 1602 4898 τῇ
1632 4829 1729 4882 τοῦ
1757 4829 1902 4882 οίνου

326 4916 485 4969 πόσει
514 4915 766 4986 ἀμέτρως
793 4931 806 4946 ⁸
843 4917 983 4988 μήτε
1034 4916 1140 4988 μὴν
1188 4917 1281 4970 ἐπὶ
1328 4917 1467 4971 πολὺ
1500 4920 1621 4981 ταῖς
1675 4919 1905 4988 ἀγοραῖς

326 5008 654 5080 ὲνδιάτρισε,
701 5009 771 5064 τὰ
824 5009 962 5080 πρὸς
1021 5009 1322 5080 θεραπείαν
1371 5010 1470 5082 τῆς
1520 5009 1757 5083 γαστρός
1810 5027 1903 5063 σου

326 5100 464 5155 ὠνοῦ
474 5118 654 5171 μενος.
941 5091 958 5112 ⁸
1737 5163 1740 5166 .

396 5198 504 5245 κα’.
544 5189 670 5256 Πᾶς
723 5192 833 5262 γὰρ
857 5177 1121 5262 μέθυσος
1165 5193 1265 5248 καί
1299 5196 1678 5264 πορνοκόπος
1751 5208 1906 5248 πτω-

327 5285 568 5353 χεύσει,
602 5284 702 5339 καί
749 5285 1070 5339 ἐνδύσεται
1109 5285 1503 5356 διερῤηγμένα
1541 5289 1640 5340 καὶ
1664 5283 1906 5354 ῥακὼδη

327 5373 446 5441 πᾶς
477 5374 778 5444 ὑπνώδης.
831 5376 947 5438 Πᾶς
989 5377 1101 5446 γὰρ
1153 5379 1219 5447 τῇ
1261 5377 1430 5448 πολλῇ
1472 5377 1773 5448 οίνοποσίᾳ,
1810 5373 1905 5427 τοῦ

328 5465 446 5528 νοὸς
491 5465 867 5537 ἐξιστάμενος,
923 5469 1017 5521 καὶ
1065 5471 1124 5522 ὲν
1177 5468 1257 5538 τῷ
1303 5471 1404 5540 τὴν
1447 5468 1691 5540 γαστέρα
1743 5466 1907 5537 θερα-

329 5555 539 5623 πεύειν,
568 5559 679 5618 τοῖς
721 5557 1109 5629 ὑπογαστρίοις
1149 5559 1648 5630 ὲκθερμαινόμενος
1687 5555 1906 5618 πάθεσι,

331 5646 426 5701 καὶ
451 5645 779 5717 ἐκλυόμενος
814 5651 881 5719 τῇ
911 5649 1201 5720 ἀκολασίᾳ,
1232 5653 1554 5705 ἐκπεσεῖται
1583 5647 1690 5720 ,τοῦ
1719 5664 1778 5701 τε
1805 5665 1910 5700 σω-

307 5735 566 5817 .ματικοῦ
599 5737 692 5790 καὶ
727 5741 1102 5818 πνευματικοῦ
1137 5739 1384 5802 πλούτου
1406 5755 1419 5770 ·
1450 5739 1911 5810 καταδαπανήσας

332 5826 430 5882 καὶ
463 5829 813 5903 ἀμφοτέρους
872 5833 928 5887 ὲν
987 5834 1100 5896 τοῖς
1149 5833 1245 5904 τῆς
1293 5832 1554 5904 αἰσχύνης
1601 5831 1784 5902 ἔργοις
1818 5831 1912 5884 καὶ

2077 4727 2243 4784 Vsus.
2273 4728 2364 4782 20.
2411 4725 2540 4780 Noli
2569 4743 2680 4781 esse
2724 4728 2778 4780 in
2809 4727 3060 4781 conuiuiis
3111 4735 3414 4795 palatorum
3464 4727 3592 4786 uini,

2005 4835 2098 4872 nec
2127 4818 2182 4871 in
2214 4815 2683 4870 comessationibus
2710 4831 2894 4868 eorum
2943 4815 3033 4885 qui
3068 4829 3250 4868 carnes
3284 4813 3352 4866 ad
3385 4828 3593 4866 vescen-

2005 4909 2132 4962 dunt
2160 4906 2458 4974 conferunt.
2503 4903 2578 4958 Ne
2632 4903 2996 4959 immoderate
3034 4902 3147 4955 viui
3201 4911 3329 4970 potu
3382 4903 3594 4964 utaris,

2007 5013 2186 5069 neque
2216 4999 2447 5052 multum
2483 4996 2536 5049 in
2562 4994 2680 5050 loro
2714 4994 3029 5049 immoreris
3051 4991 3120 5046 ad
3148 4990 3439 5046 emendum
3475 5008 3597 5062 quae

2010 5091 2186 5146 ventri
2223 5101 2319 5144 tuo
2354 5087 2686 5142 inserviunt.
3470 5101 3476 5107 ·

2081 5184 2239 5238 Vens.
2274 5181 2367 5237 2L
2403 5180 2587 5237 Omnis
2615 5179 2758 5232 enim
2797 5177 2972 5230 ebrius
3017 5183 3067 5227 et
3090 5182 3354 5226 scortator
3396 5172 3600 5226 mandi.

2009 5277 2171 5341 cabit,
2212 5284 2261 5330 et
2299 5274 2548 5327 induetur
2590 5268 2843 5336 disruptis
2887 5278 2937 5321 et
2985 5265 3174 5320 laceris
3208 5265 3406 5335 pannis
3429 5267 3597 5319 omnis

2010 5368 2391 5423 sonmalentus.
2434 5363 2626 5418 Omnis
2657 5361 2802 5416 enim
2856 5360 3020 5414 homo
3057 5359 3242 5414 multm
3284 5359 3394 5413 vini
3447 5366 3602 5427 pota-

2012 5460 2146 5515 tioni
2175 5458 2392 5514 deditus
2417 5471 2482 5510 ac
2511 5453 2740 5508 servitio
2772 5451 3005 5515 ventris,
3037 5452 3312 5521 corporeis
3331 5465 3602 5505 accensus

2012 5550 2333 5606 libidinibus
2361 5555 2414 5601 et
2435 5547 2492 5600 in
2528 5544 2984 5599 incontinentiam
3015 5543 3340 5613 dissipatus,
3378 5542 3599 5598 divitiis

2014 5653 2131 5699 tum
2165 5638 2546 5710 corporalibus
2575 5644 2688 5691 tum
2722 5635 3102 5706 spiritualibus
3122 5635 3358 5691 excidet.
3380 5633 3609 5695 Utrum-

2014 5751 2122 5807 que
2153 5734 2297 5788 enim
2355 5730 2620 5800 impendit
2670 5729 2727 5784 in
2761 5729 3025 5799 operibus
3073 5744 3139 5785 ac
3178 5729 3609 5800 cogitationibus

2019 5823 2404 5897 turpitudinis.
2438 5823 2500 5877 Et
2535 5823 2716 5878 omnis
2741 5823 2905 5878 homo
2932 5821 3210 5895 negligens
3241 5829 3294 5877 ct
3319 5821 3376 5877 in
3407 5836 3616 5896 carpo-1
