3900 6228
431 413 563 480 ιιδδ

1722 405 2068 468 PROCOPII
2102 409 2344 469 GAZEI

3535 405 3658 466 155i:

423 527 637 580 ralibus
661 534 714 578 et
743 525 795 577 in
819 520 1200 593 spiritualibns
1223 520 1476 574 induetur
1499 519 1722 589 quidem
1737 521 1997 592 disruptis

2114 523 2390 592 λογισμοῖς
2418 539 2431 552 ·
2470 522 2564 574 καὶ
2593 519 2978 592 περιϐαλεῖται
3011 517 3336 589 σωματικῶς
3367 519 3484 588 μὲν,
3514 523 3658 587 xta?)-

424 629 476 675 et
499 617 702 671 vilibus
722 616 945 686 pannis;
981 613 1164 668 anima
1205 623 1386 667 autem
1421 611 1544 681 ejus
1566 612 1884 679 Iinvolvetur
1907 629 2001 666 co-

425 709 782 781 gitationibus
827 705 1021 762 divisis
1078 705 1220 756 inter
1265 704 1533 773 plurimas
1595 703 2000 759 irrationabiles

427 801 738 872 cupidines,
762 806 815 854 et
846 795 1106 859 humiles,
1146 810 1267 863 qure
1297 795 1363 848 ad
1405 796 1636 868 gloriam
1658 795 1750 852 Dei
1785 798 2002 853 univer-

425 909 613 949 sorum
658 890 921 946 creatoris
951 888 1254 960 perducere
1285 902 1394 942 non
1423 888 1626 943 valent.

497 1155 660 1211 Vnus.
693 1155 783 1208 22.
819 1154 983 1222 Audi,
1018 1156 1117 1225 ﬁli,
1155 1167 1357 1226 patrem
1395 1165 1542 1208 tuum
1591 1156 1680 1222 qui
1719 1157 1894 1227 genuit
1933 1163 2002 1211 te.

425 1247 614 1312 Obeali,
661 1248 734 1301 ﬁli
796 1248 1126 1316 spiritualis,
1163 1248 1439 1302 mandatis
1476 1246 1596 1316 ejus
1625 1247 1718 1316 qui
1771 1254 1823 1301 te
1869 1246 2005 1314 ado-

425 1342 620 1409 ptavit,
651 1339 952 1395 secundum
984 1340 1216 1408 gratiam
1251 1354 1348 1407 per
1379 1339 1536 1392 (idem
1568 1337 1662 1395 Dei
1695 1338 1749 1392 in
1785 1354 1930 1393 eum.

497 1433 562 1485 Et
595 1449 657 1486 ne
703 1442 1008 1486 contemnas
1047 1449 1165 1484 cum
1199 1434 1428 1486 senuerit
1477 1441 1648 1484 mater
1690 1441 1804 1484 tua.
1853 1431 2004 1486 Vete-

427 1541 540 1577 rem
574 1526 885 1580 doctrinam
915 1541 1036 1595 qurc
1066 1536 1118 1578 te
1141 1526 1407 1578 entitrivit
1442 1540 1509 1578 ne
1527 1533 1851 1578 contemnas
1877 1525 2004 1592 quia

423 1619 642 1670 intirma
699 1617 844 1680 facta
899 1625 1031 1671 sunt
1085 1617 1337 1687 symbola
1364 1617 1518 1685 ejus,
1575 1633 1698 1672 cum
1752 1598 2004 1674 Christus

422 1717 611 1777 typum
646 1723 742 1777 per
771 1707 942 1778 legem
975 1721 1300 1777 expressum
1333 1723 1456 1762 vere
1487 1707 1752 1780 implerit.

494 1883 658 1940 Vens.
677 1886 768 1940 Ἡ.
798 1886 934 1941 Bene
949 1887 1136 1940 educat
1149 1896 1298 1953 pater
1317 1889 1514 1955 justus.
1540 1886 1837 1942 Commode
1854 1886 2000 1941 enim

423 1991 522 2043 per
555 1979 721 2030 talum
762 1978 1073 2032 doctrinam
1109 1979 1307 2033 educat
1339 1977 1485 2033 Deus
1519 1988 1671 2048 pater
1700 1979 1999 2035 secundum

419 2069 648 2136 gratiam
673 2068 794 2138 ejus
822 2069 1107 2138 quicredit
1137 2071 1192 2123 in
1229 2085 1380 2137 eum,
1416 2070 1571 2124 illum
1617 2085 1648 2123 a
1684 2071 1828 2126 malo
1878 2074 2001 2141 qui-

419 2159 831 2217 dcmaversum.
865 2160 931 2212 ad
962 2173 1182 2212 omnem
1217 2168 1401 2213 autent
1453 2158 1702 2216 excitans
1743 2159 1999 2218 virtutem

417 2249 746 2319 justissimis
772 2247 896 2318 ejus
927 2249 1223 2304 mandatis.

494 2339 563 2394 Et
604 2342 658 2394 in
690 2341 806 2408 ﬁlio
854 2341 1091 2408 sapiente
1131 2340 1349 2394 twtatur
1379 2341 1580 2403 anima_
1614 2340 1748 2410 ejus.
1782 2340 1839 2397 In
1889 2341 2000 2396 [ilio

417 2440 598 2482 autem
632 2430 752 2500 ejus
779 2430 1081 2485 secundum
1108 2432 1337 2501 gratiam
1368 2431 1651 2499 sapientiae
1700 2433 1883 2501 pleno,
1915 2448 2002 2486 re-

420 2522 710 2576 Iocillatur
763 2529 988 2577 sanctus
1022 2521 1253 2590 spiritus
1280 2521 1420 2589 ejus,
1447 2519 1574 2574 dum
1610 2521 1781 2592 legem
1812 2523 1998 2592 implet

417 2613 786 2680 spiritualem,
812 2626 921 2665 non
947 2622 1092 2665 metu
1122 2627 1411 2680 poenarum
1450 2613 1594 2666 sicut
1646 2629 1860 2679 servus,
1903 2631 2000 2670 ne-

418 2720 524 2769 qua
561 2702 837 2756 desiderio
855 2702 1364 2756 remunerationutn
1411 2700 1556 2755 sicut
1601 2703 1995 2767 mercenarius,

417 2794 511 2846 sud
536 2805 585 2846 ut
611 2795 753 2848 lilius
783 2791 1100 2847 mandatum
1131 2792 1306 2862 patris
1329 2806 1658 2862 exsequens,
1687 2794 1999 2866 boottmque

419 2885 544 2951 quia
573 2885 860 2953 pulchrum
896 2883 1129 2938 faciens.

489 3061 658 3116 Vens.
689 3060 778 3115 25.
809 3061 1077 3116 Lwtentur
1115 3072 1268 3131 pater
1295 3072 1348 3116 et
1404 3071 1574 3116 mater
1597 3077 1752 3130 super
1779 3041 1895 3127 ‘te;
1944 3075 1993 3118 et

413 3151 646 3222 gaudeat
680 3169 797 3222 quw
825 3156 1021 3221 peperit
1056 3163 1122 3207 te.
1156 3153 1396 3208 Laetetur
1418 3167 1548 3223 ergo
1569 3169 1735 3222 super
1753 3163 1805 3208 te
1833 3155 1992 3223 quasi

417 3261 584 3316 super
612 3246 783 3300 lilium
815 3246 1116 3301 secundum
1149 3244 1383 3314 gratiam
1416 3253 1469 3300 et
1491 3245 1634 3301 Deus
1672 3247 1761 3317 qui
1791 3259 1842 3301 te
1859 3247 1992 3302 ado-

416 3338 614 3410 ptavit,
645 3348 698 3392 et
737 3341 853 3407 ipsa
893 3337 1164 3406 lcgislalio
1194 3346 1351 3390 vetus
1379 3353 1500 3406 qua:
1527 3347 1578 3394 te
1609 3339 1911 3394 secundum
1935 3340 1996 3394 ti-

419 3432 541 3482 dum
575 3431 629 3484 in
663 3445 786 3484 eum
812 3431 1094 3498 concepit,
1129 3430 1282 3497 quasi
1316 3430 1366 3482 in
1393 3432 1642 3496 matrice,
1676 3433 1727 3484 in
1761 3443 1887 3502 typo
1904 3433 1995 3503 qui

419 3525 702 3577 veritatem
723 3521 1039 3583 obumbrat,
1073 3534 1124 3574 et
1162 3523 1217 3575 in
1259 3536 1369 3590 quo
1391 3522 1716 3606 .purilicatus
1741 3539 1803 3577 es
1837 3541 1866 3576 a
1899 3541 1998 3594 po-

418 3613 590 3662 tentia
625 3609 856 3678 peccati.
901 3610 1127 3677 Insuper
1168 3610 1401 3678 gaudeat
1431 3626 1552 3678 qua:
1599 3627 1697 3680 per
1745 3626 1996 3668 sanetum

422 3703 758 3770 baptismum
818 3708 870 3754 te
918 3702 1108 3769 genuit
1146 3701 1429 3770 liliumque
1461 3701 1552 3755 Dei
1586 3703 1788 3774 recepit
1826 3707 1998 3773 gratia

420 3804 692 3844 reuovans
712 3786 952 3858 Spiritus
982 3790 1185 3856 sancti,
1205 3791 1334 3844 dum
1359 3793 1506 3846 clare
1536 3795 1830 3862 perspicis,
1852 3796 1997 3850 nulla

417 3881 676 3951 passione
692 3881 912 3938 oculum
939 3882 1137 3937 mentis
1155 3880 1502 3946 obfuscante,
1523 3885 1774 3938 veritatis
1794 3887 1995 3951 radios,

420 3973 625 4042 Deique
653 3973 987 4028 voluntatem
1011 3987 1174 4044 quam
1208 3973 1308 4027 tibi
1340 3973 1610 4046 pracipit,
1644 3984 1702 4030 ut
1731 3974 1876 4034 lilius
1899 3977 1998 4032 im-

418 4068 536 4134 ples
570 4079 695 4120 cum
727 4062 948 4120 aﬂ‘ectu.

489 4355 657 4412 Vsus.
687 4356 778 4412 ‘26.
810 4355 1018 4422 Praebe,
1047 4357 1152 4427 ﬁli,
1176 4373 1269 4410 cor
1295 4365 1444 4410 tuum
1468 4358 1598 4410 mihi
1623 4373 1644 4411 :
1665 4367 1716 4412 et
1756 4360 1898 4412 oculi
1921 4360 1998 4414 tui

2107 634 2200 678 νας
2249 615 2619 686 διερῤωγότας
2661 631 2756 668 και
2801 611 3076 676 εὐτελεῖς·
3121 612 3364 682 ψυχικῶς
3406 614 3476 670 δὲ.
3523 613 3658 676 δόξας

2107 724 2173 759 πε
2182 709 2236 778 ρί
2264 705 2357 759 τοῦ
2380 707 2579 769 παντὸς
2601 697 3008 776 μεμερισμένας
3021 705 3141 765 ταῖς
3168 705 3293 772 περὶ
3321 703 3386 756 τά
3407 703 3522 756 καθ’
3545 705 3662 756 ἐκα-

2112 817 2236 852 στον
2279 799 2584 866 ἀλογίστοις
2625 796 2964 866 ἐπιθυμίαις,
3026 795 3122 848 καὶ
3170 795 3451 858 ταπεινάς,
3489 796 3558 858 ὡς
3598 797 3662 868 μὴ

2109 886 2417 954 ἀναγούσας
2448 888 2526 950 εἰς
2547 879 2709 950 ’δόξαν
2733 884 2825 937 τοῦ
2849 885 2917 938 τὰ
2936 886 3110 937 πάντα
3149 883 3505 953 πεποιηκότος
3520 884 3661 946 Θεοῦ,

2105 977 2253 1051 ἄπας
2313 979 2449 1049 πρός
2503 995 2562 1030 τε
2631 977 2701 1031 τὰ
2755 977 3044 1048 σωματικά
3097 977 3190 1030 καὶ
3234 976 3301 1029 τὰ
3339 979 3664 1048 πνειματικά

2107 1069 2351 1141 ῥᾴθυμος

2179 1161 2283 1229 κβ’.
2321 1164 2564 1226 Ἀκουε,
2598 1161 2710 1226 υἱὲ,
2737 1163 2962 1231 πατρὸς
3005 1159 3111 1215 τοῦ
3151 1158 3558 1230 γεννῆσαν-τός
3581 1175 3661 1215 σε.

2109 1254 2326 1319 Πείθου,
2349 1253 2538 1307 τέκνον
2566 1255 2938 1323 πνευματικὸν
2961 1295 2977 1320 ,
3011 1255 3130 1315 ταῖς
3165 1252 3410 1314 ἐντολαῖς
3446 1251 3536 1304 τοῦ
3565 1252 3663 1304 υἱο-

2112 1343 2483 1414 θετησαμένου
2512 1360 2572 1394 σε
2602 1344 2742 1396 κατά
2759 1343 2918 1413 χάριν
2942 1343 3008 1411 τῇ
3030 1343 3109 1404 εἰς
3138 1340 3301 1394 αὐτὸν
3329 1337 3662 1391 πίστειΘεοῦ.

2182 1435 2289 1488 Καὶ
2326 1433 2412 1502 μὴ
2457 1435 2811 1502 καταφρόνει
2855 1433 2944 1486 ὅτι
2988 1431 3281 1500 γεγήρακέ
3323 1445 3443 1484 σου
3466 1429 3662 1498 μήτηρ.

2108 1526 2220 1580 Καὶ
2273 1526 2375 1596 τὴν
2415 1525 2766 1598 θρεψαμένην
2810 1543 2870 1578 σε
2918 1524 3155 1578 παλαιάν
3202 1523 3548 1577 διδασκαλίαν
3602 1523 3665 1593 μὴ

2107 1618 2427 1689 περιφρόνει
2455 1619 2538 1670 ὅτι
2567 1620 2681 1680 τοῖς
2711 1617 2832 1670 κατ’
2863 1616 3035 1686 αὐτὴν
3066 1613 3356 1683 συμϐόλοις
3379 1613 3631 1681 ἠσθένησε
3651 1629 3662 1641 ·

2108 1710 2214 1780 πλη
2226 1709 2496 1780 ρὼσαντος
2523 1709 2697 1763 ταῦτα
2722 1707 2985 1784 Χριστοῦ,
3013 1708 3113 1777 τῆς
3141 1705 3403 1776 ἀληθείας
3429 1703 3518 1756 τδν
3545 1703 3665 1756 κατά

2101 1801 2268 1871 νόμον
2294 1799 2485 1854 τύπον.

2173 1892 2269 1946 κδ’.
2296 1890 2504 1958 Καλῶς
2522 1891 2790 1960 ἐκτρέφει
2811 1890 3008 1959 πατὴρ
3031 1889 3279 1954 δίκαιος.
3306 1887 3547 1949 Δεόντως
3573 1886 3664 1956 γὰρ

2100 1981 2188 2036 διὰ
2206 1983 2304 2051 τῆς
2327 1981 2941 2052 τοιαύτηςδιδασκαλίας
2960 1981 3153 2047 ἀνάγει
3171 1979 3302 2041 Θεὸς
3322 1980 3352 2031 ὁ
3374 1979 3513 2032 κατὰ
3530 1979 3667 2046 χάριν

2101 2074 2378 2144 γεννήτωρ
2412 2073 2506 2126 τοῦ
2538 2072 2887 2136 πιστεύοντος
2913 2074 2992 2135 εἰς
3017 2071 3205 2125 αὐτόν·
3241 2069 3565 2140 ἀποτρέπων
3583 2068 3667 2137 μὲν

2099 2166 2289 2220 τοῦτον
2320 2166 2502 2238 πάσης
2534 2167 2756 2230 κακίας,
2794 2165 2931 2236 πρὸς
2971 2165 3026 2218 δὲ
3071 2166 3252 2218 πᾶσαν
3307 2162 3510 2234 ἀρετὴν
3548 2177 3666 2232 προ-

2099 2257 2318 2330 τρέπων
2355 2261 2476 2322 ταϊς
2504 2258 2878 2320 δικαιοτάταις
2909 2255 3076 2310 αὐτοῦ
3109 2255 3376 2318 ἐντολαῖς.

2185 2349 2238 2401 Ἐ
2248 2349 2308 2402 πὶ
2348 2348 2415 2402 δὲ
2444 2347 2550 2414 υιῷ
2580 2347 2750 2416 σοφῷ
2779 2347 3157 2416 εὐφραίνεται
3188 2346 3226 2411 ἡ
3261 2343 3436 2412 ψυχὴ
3477 2341 3664 2396 αὐτοῦ.

2112 2440 2235 2492 Ἐπὶ
2289 2439 2348 2494 δὲ
2389 2439 2468 2510 τῷ
2513 2438 2931 2510 πεπληρωμένῳ
2961 2435 3231 2498 συνέσεως
3273 2434 3380 2504 υἱῷ
3419 2434 3554 2486 κατὰ
3583 2432 3666 2501 χάο

2101 2550 2187 2604 ριν
2210 2533 2428 2598 τούτου,
2459 2533 2520 2586 τὸ
2553 2533 2820 2600 πανάγιον
2848 2528 3014 2582 αὐτοῦ
3043 2525 3392 2582 ἀναπαύεται
3422 2525 3625 2594 πνεῦμα
3650 2540 3663 2554 ’

2097 2623 2439 2679 τελειωθέντι
2476 2625 2618 2679 κατά
2661 2624 2754 2676 τὸν
2783 2622 3153 2692 πνευματικὸν
3196 2620 3364 2690 νόμον
3390 2635 3404 2649 ·
3458 2621 3550 2672 καὶ
3580 2633 3666 2686 μη·

2099 2717 2217 2769 κέτι
2248 2717 2398 2787 φόϐῳ
2429 2717 2535 2769 τῶν
2580 2715 2866 2768 κολάσεων
2914 2708 3004 2766 οἷα
3053 2712 3250 2782 δούλῳ,
3300 2711 3332 2782 ἢ
3378 2713 3526 2780 πόθῳ
3575 2708 3664 2761 τῶν

2102 2809 2449 2875 ἐπαγγελιῶν
2481 2802 2568 2861 οἷα
2600 2807 2820 2878 μισθίῳ,
2873 2803 2988 2858 ἀλλ’
3035 2804 3110 2867 ὠς
3161 2804 3263 2874 υἱῷ
3301 2801 3664 2872 πληροῦντιτδ

2099 2900 2363 2968 πατρικὸν
2399 2899 2633 2970 θέλημα,
2684 2899 2742 2952 ὲν
2789 2895 2868 2967 τῷ
2917 2893 3248 2968 ἐργάξεσθαι
3295 2894 3360 2946 τὸ
3400 2892 3589 2961 ἀγαθὸν
3607 2891 3663 2944 δι’

2098 2990 2230 3042 αὐτὸ
2258 2990 2318 3042 τὸ
2349 2989 2531 3044 καλόν.

2174 3090 2270 3136 κε’.
2291 3081 2714 3151 Ε’ὺμραινέσθω
2740 3085 2772 3135 ό
2790 3079 3090 3150 πατὴρκαὶ
3120 3079 3157 3146 ἡ
3183 3080 3387 3147 μήτηρ
3433 3076 3526 3131 ἐπὶ
3557 3074 3659 3132 σοι»

2099 3175 2196 3226 καὶ
2237 3172 2484 3242 χαιρέτω
2510 3174 2544 3240 ἡ
2597 3171 2860 3225 τεκοῦσά
2913 3188 3008 3227 σε.
3055 3167 3435 3238 Ἀγαλλιάσθω
3465 3164 3551 3221 οὖν
3586 3165 3662 3218 ἐπὶ

2101 3265 2187 3317 σοὶ
2217 3265 2291 3326 ὼς
2322 3263 2464 3317 κατὰ
2489 3264 2650 3333 χάριν
2673 3262 2800 3333 υἱῷ,
2831 3263 2922 3315 ὅτε
2951 3260 3414 3329 υἱοθετησάμενὸς
3442 3276 3498 3312 σε
3531 3257 3657 3323 Θεὸς,

2098 3357 2192 3410 καὶ
2227 3356 2365 3426 αὐτὴ
2397 3357 2429 3426 ὴ
2465 3356 2607 3410 κατὰ
2640 3357 2739 3425 τὴν
2787 3359 2869 3419 εὶς
2898 3353 3060 3408 αὐτὸν
3105 3352 3287 3406 πίστιν
3334 3351 3659 3420 βρεφουργήο

2100 3447 2245 3501 σασά
2278 3443 2336 3499 σέ
2367 3449 2573 3501 παλαιά
2602 3447 2917 3515 νομοθεσία,
2953 3445 3029 3507 ὡς
3056 3446 3114 3496 ἐν
3165 3444 3348 3513 μήτρα
3401 3442 3479 3511 τῷ
3506 3440 3656 3508 τύπῳ,

2099 3535 2160 3593 οὗ
2185 3539 2337 3602 ἐντὸς
2375 3542 2408 3610 ἡ
2441 3539 2692 3608 ἀλήθεια,
2735 3539 2794 3590 ὲν
2817 3537 2913 3607 τῷ
2938 3536 3184 3607 καθαρόν
3217 3551 3275 3587 σε
3303 3533 3551 3602 γενέσθαι
3578 3532 3659 3599 τῆς

2099 3631 2220 3686 κατ’
2251 3631 2533 3702 ἐνέργειαν
2583 3629 2892 3701 ἁμαρτίας·
2935 3628 3014 3682 ἔτι
3063 3645 3126 3696 γε
3178 3627 3285 3697 μὴν
3311 3623 3658 3693 εύφραινέσθω

2098 3725 2196 3777 καὶ
2233 3723 2375 3795 ήδιὰ
2421 3723 2515 3776 τοῦ
2561 3724 2720 3791 ἁγίου
2771 3721 3146 3792 βαπτίσματος
3183 3717 3544 3788 ἀποκυήσασά
3589 3729 3655 3774 σε,

2099 3818 2193 3870 καὶ
2212 3817 2340 3868 Υἰδν
2360 3815 2496 3889 Θεοῦ
2523 3813 2856 3878 ἀναδείξασα
2886 3812 3193 3874 καινοποιὸς
3219 3811 3382 3882 χάρις
3406 3811 3493 3863 τοῦ
3519 3805 3657 3862 Πνεύ·

2103 3924 2313 3979 ματος,
2374 3907 2759 3969 διαϐλέποντός
2837 3923 2932 3959 σου
2989 3904 3242 3976 τρανῶς,
3299 3901 3654 3968 ἀνεπιθολώτφ

2101 3999 2262 4052 παντὶ
2312 3997 2493 4063 πάθει,
2539 3996 2618 4068 τῷ
2661 3997 2761 4066 τῆς
2797 3994 3036 4058 διανοίας
3086 3991 3380 4063 ὀφθαλμῷ,
3440 3995 3533 4055 τὰς
3571 3989 3654 4057 τῆς

2099 4090 2360 4162 ἀληθείας
2399 4089 2592 4158 αὐγὰς,
2625 4089 2720 4142 καὶ
2750 4085 3088 4156 πληροῦντος
3128 4084 3204 4148 ὡς
3256 4081 3401 4149 υἱοῦ,
3435 4083 3493 4135 τὸ
3521 4080 3652 4148 θέλησ

2103 4200 2178 4254 μα
2217 4181 2308 4235 τοῦ
2364 4183 2498 4234 Θεοῦ
2547 4181 2686 4252 μετὰ
2735 4177 3056 4243 διαθέσεως,
3093 4176 3157 4240 ὃς
3203 4192 3286 4230 σοι
3321 4176 3451 4230 τάδε
3499 4175 3651 4227 διακε·

2100 4276 2335 4328 λεύεται.

2171 4371 2286 4430 εις-⁸,
2347 4364 2460 4429 Δός
2509 4379 2634 4432 μοι,
2671 4362 2788 4431 υιὲ,
2836 4361 2964 4429 σὴν
3017 4359 3309 4428 καρδίανο
3367 4361 3424 4414 οι
3469 4357 3532 4411 δὲ
3571 4351 3648 4408 σοι

417 4451 533 4503 tias
564 4465 706 4503 meas
732 4450 1061 4504 custodiant.
1104 4447 1295 4503 Praebe
1336 4448 1491 4513 mihi,
1528 4447 1626 4514 ﬁli,
1653 4464 1892 4504 amorem
1931 4468 1996 4507 ex

2114 4456 2395 4526 ὄρθαλμοὶ
2423 4455 2569 4525 ἐμὰς
2619 4453 2800 4518 ὀδοὺς
2850 4450 3226 4520 τηρήτωσαν.
3271 4447 3518 4520 Πάρασχέ
3559 4459 3644 4513 μοι.

419 4553 530 4597 iuta
561 4541 740 4594 anima
766 4551 881 4604 tua,
922 4550 975 4595 et
1002 4541 1183 4596 omnis
1204 4541 1328 4596 ﬁnis
1348 4543 1583 4606 tuussit,
1602 4544 1855 4598 mandata
1881 4560 1996 4598 mea

420 4648 662 4690 scrvare.
701 4631 970 4686 Virtutem
1025 4632 1145 4686 cole
1177 4647 1341 4701 quam
1379 4632 1726 4702 praecipiunt,
1773 4641 1827 4687 et
1865 4633 2000 4686 nihil

418 4745 481 4783 ex
515 4725 777 4798 perituris
798 4723 1070 4777 charitate
1093 4725 1149 4777 in
1177 4725 1489 4793 proximum
1511 4725 1806 4792 pretiosius
1825 4725 1998 4782 habe:

418 4821 544 4888 quia
571 4835 601 4869 -ι
643 4816 745 4883 Qui
798 4813 974 4882 diligit
1015 4828 1122 4877 me,
1159 4814 1419 4868 mandata
1459 4829 1578 4870 mea
1609 4817 1852 4870 servabit
1893 4818 1934 4882 ⁸,
1975 4837 1994 4868 ι

335 4903 344 4906 ’
417 4923 471 4965 ct
515 4928 529 4964 :
567 4929 585 4960 ι
622 4907 734 4963 Hoc
777 4917 868 4962 est
906 4902 1226 4959 mandatum
1286 4921 1465 4960 meum
1501 4917 1558 4961 ut
1588 4908 1829 4980 diligatis
1863 4911 2001 4964 invi-

395 5007 535 5056 'ccm
563 5001 603 5055 ⁷.
646 5020 664 5052 ι

489 5195 656 5250 Vnus.
689 5194 778 5248 27.
799 5192 1013 5247 Delium
1045 5191 1186 5244 enim
1230 5188 1562 5260 perforatum
1585 5187 1773 5241 domm
1801 5185 1998 5242 aliena.

420 5287 577 5340 Dolio
612 5288 759 5341 enim
793 5286 1077 5355 perforato
1107 5282 1449 5336 assimilatur
1492 5281 1584 5334 ille
1612 5279 1706 5348 qui
1743 5293 1839 5347 per
1872 5293 2001 5346 pas-

417 5358 606 5435 siones
635 5385 847 5432 naturae
877 5375 1136 5428 rationali
1171 5374 1380 5428 alienas
1427 5373 1482 5425 in
1537 5385 1596 5425 se
1629 5369 2002 5423 inhabitantes

419 5470 776 5540 intelligentia
801 5468 1053 5535 orbatus,
1073 5467 1331 5522 mandata
1359 5463 1453 5520 Dei
1486 5479 1515 5518 a
1557 5463 1854 5533 semetipso
1884 5479 1999 5516 ser-

422 5578 551 5618 vare
577 5578 683 5616 non
727 5557 929 5631 potest.

496 5647 760 5714 Etputens
797 5657 1050 5717 angustus
1079 5648 1310 5715 alienus.
1350 5646 1417 5700 Et
1452 5658 1614 5717 puteo
1647 5644 1920 5715 profundo
1947 5653 2002 5697 ct

423 5740 606 5793 alieno
658 5741 853 5793 similis
906 5749 992 5794 est
1022 5739 1115 5809 qui
1158 5741 1555 5808 temporalibus
1590 5737 2000 5792 circumscribit

496 5877 516 5906 ‘
553 5874 712 5931 Joan.
743 5885 850 5939 xlv,
875 5873 967 5930 23.
1046 5876 1064 5906 ⁷
1091 5874 1250 5930 Joan.
1285 5892 1371 5943 xv,
1413 5878 1497 5930 12.

2101 4553 2313 4615 τέκνον,
2345 4550 2442 4620 τὴν
2487 4550 2545 4616 ἐξ
2574 4550 2703 4620 ὅλης
2732 4548 2914 4618 ψυχῆς
2953 4564 3043 4598 σου
3078 4546 3358 4616 ἀγάπησιν
3381 4563 3396 4576 ο
3445 4543 3577 4602 ἅπας
3602 4534 3644 4588 δέ

2105 4662 2186 4698 σοι
2242 4643 2464 4706 σκοπὸς,
2508 4642 2643 4712 πρὸς
2687 4643 2748 4694 τδ
2797 4641 3094 4711 φυλάττειν
3138 4640 3238 4700 τὰς
3282 4638 3422 4707 ἐμὰς
3464 4630 3645 4688 ἐντολὰς

2103 4736 2243 4789 ἔστω
2266 4751 2279 4764 ·
2311 4737 2564 4805 ἑπομένῳ
2588 4733 2817 4795 ταύταις
2844 4732 2965 4785 κατ’
2989 4731 3212 4801 ἀρετὴν,
3247 4730 3344 4782 καὶ
3386 4727 3540 4797 μηδὲν
3561 4720 3640 4772 τῶν

2103 4825 2358 4896 φθαρτῶν
2417 4824 2518 4894 τῆς
2571 4822 2665 4876 τοῦ
2722 4822 2954 4890 πλησίον
3005 4822 3232 4890 ἀγάπης
3292 4816 3643 4890 προτιμότερον

2102 4901 2410 4987 ποιουμένῳ
2434 4932 2448 4948 ·
2503 4916 2626 4968 ἐπεὶ
2660 4934 2677 4966 ι
2721 4913 2782 4967 Ὀ
2803 4913 3036 4981 ἀγαπῶν
3070 4929 3159 4983 με,
3196 4911 3294 4973 τὰς
3327 4909 3536 4968 ἐντολάς
3567 4917 3641 4971 μου

2100 5011 2386 5079 τηρήσει.»
2411 5036 2479 5048 -
2505 5027 2523 5058 ‹
2548 5005 2694 5077 Αὕτη
2715 5007 2771 5059 δέ
2794 5007 2942 5060 ἐστιν
2963 5007 2995 5077 ἡ
3013 5005 3200 5073 ἐντολὴ
3229 5005 3262 5073 ἡ
3286 5002 3511 5072 ὲμὴ,ῖνα
3534 4999 3640 5062 ἀτα-

2102 5097 2240 5149 πᾶτε
2269 5095 2550 5164 ἀλλήλους.
2587 5113 2608 5147 ι

2173 5186 2276 5247 κζ’.
2322 5185 2504 5251 Πίθος
2549 5184 2659 5254 γὰρ
2717 5183 3075 5254 τετρημένος
3134 5182 3306 5237 ἐστὶν
3369 5179 3636 5244 meum

2101 5270 2286 5341 οἶκος.
2328 5276 2475 5347 Πίθῳ
2509 5293 2568 5329 τε
2619 5277 2728 5348 γὰρ
2760 5277 3166 5347 τετρυπημένῳ
3200 5274 3379 5326 ἔοικεν
3413 5273 3441 5326 ὁ
3466 5273 3566 5330 τοῖς
3585 5267 3640 5317 οἱ·

2102 5368 2339 5436 κήσασιν
2367 5367 2424 5418 ὲν
2457 5364 2608 5436 αὐτῷ
2632 5367 2809 5432 ξένοις
2834 5365 2953 5435 τῆς
2981 5364 3208 5434 λογικῆς
3243 5364 3452 5430 φύσεως
3479 5357 3636 5412 πάθεσι

2100 5457 2193 5511 τὸν
2224 5457 2348 5511 νοῦν
2371 5457 2787 5527 διεφθαρμένος,
2815 5456 2888 5519 ὡς
2912 5454 3206 5525 φυλάσσειν
3238 5455 3368 5527 παρ’
3388 5449 3548 5520 ἑαυτῷ
3565 5446 3636 5504 τὰς

2102 5549 2321 5613 ἐντολὰς
2357 5549 2430 5622 μὴ
2477 5550 2798 5620 δυνάμενος.
2837 5615 2840 5617 _

2172 5643 2280 5697 Καὶ
2325 5645 2511 5712 φρέαρ
2547 5643 2769 5696 στενὸν
2805 5643 3150 5710 ἀλλότριον.
3187 5641 3298 5694 Καὶ
3339 5637 3516 5709 φρέατι
3545 5643 3636 5683 στε-

2103 5736 2178 5806 νῷ
2228 5739 2324 5790 καὶ
2374 5737 2528 5809 ξένῳ,
2561 5738 2636 5802 ὼς
2671 5739 2783 5801 τοῖς
2822 5735 3186 5809 προσκαίροις
3231 5720 3635 5806 περιγεγραμμθ
