  <div class='ocr_page' id='page_1' title='image "/cluster/home/n/w/nwhite01/storage/ocr_20150623/87 pt.1/mdp.39015032856539/766.png"; bbox 0 0 3900 6228; ppageno 0'>
   <div class='ocr_carea' id='block_1_1' title="bbox 361 296 495 360">
    <p class='ocr_par' dir='ltr' id='par_1_1' title="bbox 361 296 495 360">
     <span class='ocr_line' id='line_1_1' title="bbox 361 296 495 360; baseline -0.03 0"><span class='ocrx_word' id='word_1_1' title='bbox 361 296 495 360; x_wconf 68' lang='lat' dir='ltr'><strong>H57</strong></span> 
     </span>
    </p>
   </div>
   <div class='ocr_carea' id='block_1_2' title="bbox 1401 294 2554 365">
    <p class='ocr_par' dir='ltr' id='par_1_2' title="bbox 1401 294 2554 365">
     <span class='ocr_line' id='line_1_2' title="bbox 1401 294 2554 365; baseline 0.009 -10"><span class='ocrx_word' id='word_1_2' title='bbox 1401 294 1932 357; x_wconf 80' lang='lat' dir='ltr'><strong>COMMENTARII</strong></span> <span class='ocrx_word' id='word_1_3' title='bbox 1972 298 2053 358; x_wconf 83' lang='lat' dir='ltr'><strong>IN</strong></span> <span class='ocrx_word' id='word_1_4' title='bbox 2094 301 2554 365; x_wconf 68' lang='lat' dir='ltr'><strong>PROVERBLA.</strong></span> 
     </span>
    </p>
   </div>
   <div class='ocr_carea' id='block_1_3' title="bbox 3472 307 3606 375">
    <p class='ocr_par' dir='ltr' id='par_1_3' title="bbox 3472 307 3606 375">
     <span class='ocr_line' id='line_1_3' title="bbox 3472 307 3606 375; baseline 0.037 -5"><span class='ocrx_word' id='word_1_5' title='bbox 3472 307 3606 375; x_wconf 72' lang='grc'><strong>1458</strong></span> 
     </span>
    </p>
   </div>
   <div class='ocr_carea' id='block_1_4' title="bbox 360 404 1945 488">
    <p class='ocr_par' dir='ltr' id='par_1_4' title="bbox 360 404 1924 479">
     <span class='ocr_line' id='line_1_4' title="bbox 360 404 1924 479; baseline 0 -17"><span class='ocrx_word' id='word_1_6' title='bbox 360 426 457 478; x_wconf 88' lang='grc' dir='ltr'><strong>νην</strong></span> <span class='ocrx_word' id='word_1_7' title='bbox 502 407 641 479; x_wconf 77' lang='grc' dir='ltr'>ἔχων</span> <span class='ocrx_word' id='word_1_8' title='bbox 690 404 793 477; x_wconf 78' lang='grc' dir='ltr'>τὴν</span> <span class='ocrx_word' id='word_1_9' title='bbox 850 408 1053 478; x_wconf 76' lang='grc' dir='ltr'>σχέσιν,</span> <span class='ocrx_word' id='word_1_10' title='bbox 1107 405 1202 461; x_wconf 75' lang='grc' dir='ltr'>καὶ</span> <span class='ocrx_word' id='word_1_11' title='bbox 1249 408 1364 471; x_wconf 79' lang='grc' dir='ltr'>τοῖς</span> <span class='ocrx_word' id='word_1_12' title='bbox 1422 405 1620 475; x_wconf 71' lang='grc' dir='ltr'>διψῶσι</span> <span class='ocrx_word' id='word_1_13' title='bbox 1665 409 1766 478; x_wconf 83' lang='grc' dir='ltr'><strong>τὴν</strong></span> <span class='ocrx_word' id='word_1_14' title='bbox 1816 408 1924 461; x_wconf 87' lang='grc' dir='ltr'>ἀπ-</span> 
     </span>
    </p>
   </div>
   <div class='ocr_carea' id='block_1_5' title="bbox 2046 404 3609 488">
    <p class='ocr_par' dir='ltr' id='par_1_5' title="bbox 2046 410 3609 488">
     <span class='ocr_line' id='line_1_5' title="bbox 2046 410 3609 488; baseline 0.009 -24"><span class='ocrx_word' id='word_1_15' title='bbox 2046 410 2279 466; x_wconf 75' lang='lat' dir='ltr'><strong>illectum</strong></span> <span class='ocrx_word' id='word_1_16' title='bbox 2296 425 2350 469; x_wconf 89' lang='lat' dir='ltr'><strong>et</strong></span> <span class='ocrx_word' id='word_1_17' title='bbox 2367 414 2663 485; x_wconf 80' lang='lat' dir='ltr'><strong>perniciem</strong></span> <span class='ocrx_word' id='word_1_18' title='bbox 2685 429 2839 469; x_wconf 87' lang='lat' dir='ltr'><strong>suam</strong></span> <span class='ocrx_word' id='word_1_19' title='bbox 2874 414 3095 473; x_wconf 75' lang='lat' dir='ltr'><strong>lmmire</strong></span> <span class='ocrx_word' id='word_1_20' title='bbox 3131 418 3341 488; x_wconf 56' lang='lat' dir='ltr'><strong>praebet.</strong></span> <span class='ocrx_word' id='word_1_21' title='bbox 3370 419 3609 478; x_wconf 75' lang='lat' dir='ltr'><strong>inimicis</strong></span> 
     </span>
    </p>
   </div>
   <div class='ocr_carea' id='block_1_6' title="bbox 360 497 1934 575">
    <p class='ocr_par' dir='ltr' id='par_1_6' title="bbox 360 497 1934 575">
     <span class='ocr_line' id='line_1_6' title="bbox 360 497 1934 575; baseline 0.001 -23"><span class='ocrx_word' id='word_1_22' title='bbox 360 500 556 555; x_wconf 80' lang='grc' dir='ltr'>ώλειαν</span> <span class='ocrx_word' id='word_1_23' title='bbox 582 497 748 554; x_wconf 81' lang='grc' dir='ltr'>αὐτοῦ</span> <span class='ocrx_word' id='word_1_24' title='bbox 781 503 988 573; x_wconf 79' lang='grc' dir='ltr'>νοητοῖς</span> <span class='ocrx_word' id='word_1_25' title='bbox 1013 499 1227 575; x_wconf 76' lang='grc' dir='ltr'><strong>ἐχθροῖς</strong></span> <span class='ocrx_word' id='word_1_26' title='bbox 1253 499 1507 572; x_wconf 83' lang='grc' dir='ltr'>παρέχων</span> <span class='ocrx_word' id='word_1_27' title='bbox 1544 499 1747 571; x_wconf 80' lang='grc' dir='ltr'>ταύτην</span> <span class='ocrx_word' id='word_1_28' title='bbox 1770 501 1934 573; x_wconf 83' lang='grc' dir='ltr'>ἀρύε-</span> 
     </span>
    </p>
   </div>
   <div class='ocr_carea' id='block_1_7' title="bbox 363 590 508 644">
    <p class='ocr_par' dir='ltr' id='par_1_7' title="bbox 363 590 508 644">
     <span class='ocr_line' id='line_1_7' title="bbox 363 590 508 644; baseline 0.007 -1"><span class='ocrx_word' id='word_1_29' title='bbox 363 590 508 644; x_wconf 82' lang='grc' dir='ltr'>σθαι.</span> 
     </span>
    </p>
   </div>
   <div class='ocr_carea' id='block_1_8' title="bbox 433 678 1935 755">
    <p class='ocr_par' dir='ltr' id='par_1_8' title="bbox 433 678 1935 755">
     <span class='ocr_line' id='line_1_8' title="bbox 433 678 1935 755; baseline 0.005 -21"><span class='ocrx_word' id='word_1_30' title='bbox 433 680 539 751; x_wconf 84' lang='grc' dir='ltr'>κη’.</span> <span class='ocrx_word' id='word_1_31' title='bbox 584 678 773 749; x_wconf 81' lang='grc' dir='ltr'>Οὗτος</span> <span class='ocrx_word' id='word_1_32' title='bbox 800 683 908 755; x_wconf 78' lang='grc' dir='ltr'><strong>γὰρ</strong></span> <span class='ocrx_word' id='word_1_33' title='bbox 951 685 1265 753; x_wconf 76' lang='grc' dir='ltr'><strong>συντόμως</strong></span> <span class='ocrx_word' id='word_1_34' title='bbox 1297 682 1603 740; x_wconf 79' lang='grc' dir='ltr'>ἀπολεῖται</span> <span class='ocrx_word' id='word_1_35' title='bbox 1623 701 1636 715; x_wconf 83' lang='lat'><strong><em>°</em></strong></span> <span class='ocrx_word' id='word_1_36' title='bbox 1665 683 1762 738; x_wconf 80' lang='grc' dir='ltr'><strong>καὶ</strong></span> <span class='ocrx_word' id='word_1_37' title='bbox 1817 683 1935 750; x_wconf 83' lang='grc' dir='ltr'>πᾶς</span> 
     </span>
    </p>
   </div>
   <div class='ocr_carea' id='block_1_9' title="bbox 363 773 1935 846">
    <p class='ocr_par' dir='ltr' id='par_1_9' title="bbox 363 773 1935 846">
     <span class='ocr_line' id='line_1_9' title="bbox 363 773 1935 846; baseline 0.004 -22"><span class='ocrx_word' id='word_1_38' title='bbox 363 773 709 843; x_wconf 80' lang='grc' dir='ltr'>παράνομος</span> <span class='ocrx_word' id='word_1_39' title='bbox 736 773 1207 844; x_wconf 77' lang='grc' dir='ltr'>ἀναλωθήσεται.</span> <span class='ocrx_word' id='word_1_40' title='bbox 1258 776 1319 831; x_wconf 80' lang='lat'><strong>&#39;0</strong></span> <span class='ocrx_word' id='word_1_41' title='bbox 1354 775 1593 839; x_wconf 86' lang='grc' dir='ltr'>τοιοῦτος</span> <span class='ocrx_word' id='word_1_42' title='bbox 1642 774 1753 846; x_wconf 80' lang='grc' dir='ltr'><strong>γὰρ</strong></span> <span class='ocrx_word' id='word_1_43' title='bbox 1796 775 1935 845; x_wconf 84' lang='grc' dir='ltr'>μετὰ</span> 
     </span>
    </p>
   </div>
   <div class='ocr_carea' id='block_1_10' title="bbox 363 860 1936 938">
    <p class='ocr_par' dir='ltr' id='par_1_10' title="bbox 363 860 1936 938">
     <span class='ocr_line' id='line_1_10' title="bbox 363 860 1936 938; baseline 0.007 -25"><span class='ocrx_word' id='word_1_44' title='bbox 363 860 460 930; x_wconf 83' lang='grc' dir='ltr'>τὴν</span> <span class='ocrx_word' id='word_1_45' title='bbox 489 862 820 935; x_wconf 79' lang='grc' dir='ltr'><strong>πρόσκαιρον</strong></span> <span class='ocrx_word' id='word_1_46' title='bbox 874 864 1042 935; x_wconf 75' lang='grc' dir='ltr'>ζωὴν,</span> <span class='ocrx_word' id='word_1_47' title='bbox 1078 867 1157 930; x_wconf 83' lang='grc' dir='ltr'><strong>είς</strong></span> <span class='ocrx_word' id='word_1_48' title='bbox 1194 866 1415 937; x_wconf 85' lang='grc' dir='ltr'><strong>διηνεκῆ</strong></span> <span class='ocrx_word' id='word_1_49' title='bbox 1451 865 1724 919; x_wconf 83' lang='grc' dir='ltr'>ἀπώλειαν</span> <span class='ocrx_word' id='word_1_50' title='bbox 1757 884 1936 938; x_wconf 85' lang='grc' dir='ltr'>παρα-</span> 
     </span>
    </p>
   </div>
   <div class='ocr_carea' id='block_1_11' title="bbox 364 951 1935 1023">
    <p class='ocr_par' dir='ltr' id='par_1_11' title="bbox 364 951 1935 1023">
     <span class='ocr_line' id='line_1_11' title="bbox 364 951 1935 1023; baseline 0.006 -21"><span class='ocrx_word' id='word_1_51' title='bbox 364 951 787 1020; x_wconf 82' lang='grc' dir='ltr'>πεμφθήσεται·</span> <span class='ocrx_word' id='word_1_52' title='bbox 837 955 1129 1009; x_wconf 85' lang='grc' dir='ltr'>κάντεῦθεν</span> <span class='ocrx_word' id='word_1_53' title='bbox 1175 957 1282 1019; x_wconf 84' lang='grc' dir='ltr'><strong>πᾶς</strong></span> <span class='ocrx_word' id='word_1_54' title='bbox 1325 958 1355 1010; x_wconf 83' lang='grc' dir='ltr'><strong>ὁ</strong></span> <span class='ocrx_word' id='word_1_55' title='bbox 1392 955 1492 1019; x_wconf 66' lang='grc' dir='ltr'>τὰς</span> <span class='ocrx_word' id='word_1_56' title='bbox 1539 955 1688 1020; x_wconf 81' lang='grc' dir='ltr'><strong>θείας</strong></span> <span class='ocrx_word' id='word_1_57' title='bbox 1716 957 1935 1023; x_wconf 74' lang='grc' dir='ltr'>ἐντολὰς</span> 
     </span>
    </p>
   </div>
   <div class='ocr_carea' id='block_1_12' title="bbox 367 1045 1931 1120">
    <p class='ocr_par' dir='ltr' id='par_1_12' title="bbox 367 1045 1931 1120">
     <span class='ocr_line' id='line_1_12' title="bbox 367 1045 1931 1120; baseline 0.004 -23"><span class='ocrx_word' id='word_1_58' title='bbox 367 1045 740 1115; x_wconf 90' lang='grc' dir='ltr'>παραϐαίνων,</span> <span class='ocrx_word' id='word_1_59' title='bbox 762 1046 851 1102; x_wconf 79' lang='grc' dir='ltr'>τὸν</span> <span class='ocrx_word' id='word_1_60' title='bbox 882 1047 1003 1102; x_wconf 83' lang='grc' dir='ltr'>καθ’</span> <span class='ocrx_word' id='word_1_61' title='bbox 1034 1048 1310 1120; x_wconf 80' lang='grc' dir='ltr'>ἁμαρτίαν</span> <span class='ocrx_word' id='word_1_62' title='bbox 1346 1046 1445 1119; x_wconf 82' lang='grc' dir='ltr'><strong>τῆς</strong></span> <span class='ocrx_word' id='word_1_63' title='bbox 1484 1046 1667 1120; x_wconf 82' lang='grc' dir='ltr'>ψυχῆς</span> <span class='ocrx_word' id='word_1_64' title='bbox 1690 1049 1931 1120; x_wconf 81' lang='grc' dir='ltr'>ὑποστή-</span> 
     </span>
    </p>
   </div>
   <div class='ocr_carea' id='block_1_13' title="bbox 367 1136 1669 1223">
    <p class='ocr_par' dir='ltr' id='par_1_13' title="bbox 367 1136 1669 1223">
     <span class='ocr_line' id='line_1_13' title="bbox 367 1136 1669 1223; baseline 0.012 -36"><span class='ocrx_word' id='word_1_65' title='bbox 367 1151 521 1191; x_wconf 88' lang='grc' dir='ltr'>σεται</span> <span class='ocrx_word' id='word_1_66' title='bbox 551 1136 671 1190; x_wconf 76' lang='grc' dir='ltr'>δλεθ</span> <span class='ocrx_word' id='word_1_67' title='bbox 680 1155 771 1210; x_wconf 91' lang='grc' dir='ltr'><strong>ρον</strong></span> <span class='ocrx_word' id='word_1_68' title='bbox 1662 1210 1669 1223; x_wconf 44' lang='grc'><em>1</em></span> 
     </span>
    </p>
   </div>
   <div class='ocr_carea' id='block_1_14' title="bbox 437 1228 1937 1304">
    <p class='ocr_par' dir='ltr' id='par_1_14' title="bbox 437 1228 1937 1304">
     <span class='ocr_line' id='line_1_14' title="bbox 437 1228 1937 1304; baseline 0.005 -20"><span class='ocrx_word' id='word_1_69' title='bbox 437 1230 541 1287; x_wconf 71' lang='grc' dir='ltr'>κθν.</span> <span class='ocrx_word' id='word_1_70' title='bbox 596 1231 718 1287; x_wconf 82' lang='grc' dir='ltr'>Τίνι</span> <span class='ocrx_word' id='word_1_71' title='bbox 773 1228 930 1297; x_wconf 78' lang='grc' dir='ltr'>οὐαὶ,</span> <span class='ocrx_word' id='word_1_72' title='bbox 967 1233 1085 1288; x_wconf 80' lang='grc' dir='ltr'>τίνι</span> <span class='ocrx_word' id='word_1_73' title='bbox 1114 1234 1382 1302; x_wconf 77' lang='grc' dir='ltr'>θόρυϐος,</span> <span class='ocrx_word' id='word_1_74' title='bbox 1415 1235 1532 1289; x_wconf 81' lang='grc' dir='ltr'>τίνι</span> <span class='ocrx_word' id='word_1_75' title='bbox 1568 1237 1788 1304; x_wconf 81' lang='grc' dir='ltr'>κρίσις,</span> <span class='ocrx_word' id='word_1_76' title='bbox 1819 1237 1937 1293; x_wconf 78' lang='grc' dir='ltr'>τίνι</span> 
     </span>
    </p>
   </div>
   <div class='ocr_carea' id='block_1_15' title="bbox 366 1318 1935 1398">
    <p class='ocr_par' dir='ltr' id='par_1_15' title="bbox 366 1318 1935 1398">
     <span class='ocr_line' id='line_1_15' title="bbox 366 1318 1935 1398; baseline 0.007 -24"><span class='ocrx_word' id='word_1_77' title='bbox 366 1318 434 1376; x_wconf 81' lang='grc' dir='ltr'>δὲ</span> <span class='ocrx_word' id='word_1_78' title='bbox 470 1321 672 1392; x_wconf 83' lang='grc' dir='ltr'>ἀηᾶἰαι</span> <span class='ocrx_word' id='word_1_79' title='bbox 713 1325 814 1377; x_wconf 80' lang='grc' dir='ltr'>καὶ</span> <span class='ocrx_word' id='word_1_80' title='bbox 846 1327 1084 1394; x_wconf 77' lang='grc' dir='ltr'>λέσχαι,</span> <span class='ocrx_word' id='word_1_81' title='bbox 1119 1326 1236 1379; x_wconf 79' lang='grc' dir='ltr'>τίνι</span> <span class='ocrx_word' id='word_1_82' title='bbox 1276 1328 1690 1398; x_wconf 82' lang='grc' dir='ltr'>συντρΙμμιιτα</span> <span class='ocrx_word' id='word_1_83' title='bbox 1737 1329 1935 1385; x_wconf 54' lang='grc' dir='ltr'>διακεκ-</span> 
     </span>
    </p>
   </div>
   <div class='ocr_carea' id='block_1_16' title="bbox 363 1411 1938 1487">
    <p class='ocr_par' dir='ltr' id='par_1_16' title="bbox 363 1411 1938 1487">
     <span class='ocr_line' id='line_1_16' title="bbox 363 1411 1938 1487; baseline 0.005 -20"><span class='ocrx_word' id='word_1_84' title='bbox 363 1411 500 1484; x_wconf 82' lang='grc' dir='ltr'>νῆς,</span> <span class='ocrx_word' id='word_1_85' title='bbox 547 1415 712 1481; x_wconf 83' lang='grc' dir='ltr'>τίνος</span> <span class='ocrx_word' id='word_1_86' title='bbox 759 1414 1028 1469; x_wconf 76' lang='grc' dir='ltr'>πελιδνοὶ</span> <span class='ocrx_word' id='word_1_87' title='bbox 1076 1419 1131 1470; x_wconf 87' lang='grc' dir='ltr'><strong>οί</strong></span> <span class='ocrx_word' id='word_1_88' title='bbox 1174 1417 1471 1487; x_wconf 73' lang='grc' dir='ltr'>ὀφθαλμοί</span> <span class='ocrx_word' id='word_1_89' title='bbox 1483 1436 1504 1484; x_wconf 86' lang='grc'><strong><em>;</em></strong></span> <span class='ocrx_word' id='word_1_90' title='bbox 1551 1419 1668 1472; x_wconf 86' lang='grc' dir='ltr'>Τίνι</span> <span class='ocrx_word' id='word_1_91' title='bbox 1707 1420 1938 1486; x_wconf 80' lang='grc' dir='ltr'>κοπετὸς</span> 
     </span>
    </p>
   </div>
   <div class='ocr_carea' id='block_1_17' title="bbox 362 1506 1939 1583">
    <p class='ocr_par' dir='ltr' id='par_1_17' title="bbox 362 1506 1939 1583">
     <span class='ocr_line' id='line_1_17' title="bbox 362 1506 1939 1583; baseline 0.006 -26"><span class='ocrx_word' id='word_1_92' title='bbox 362 1508 589 1574; x_wconf 79' lang='grc' dir='ltr'>γοερός;</span> <span class='ocrx_word' id='word_1_93' title='bbox 627 1506 732 1559; x_wconf 89' lang='grc' dir='ltr'>τίνι</span> <span class='ocrx_word' id='word_1_94' title='bbox 761 1506 1019 1572; x_wconf 80' lang='grc' dir='ltr'>διένεξις;</span> <span class='ocrx_word' id='word_1_95' title='bbox 1055 1510 1160 1562; x_wconf 89' lang='grc' dir='ltr'>τίνι</span> <span class='ocrx_word' id='word_1_96' title='bbox 1196 1509 1253 1563; x_wconf 83' lang='grc' dir='ltr'>δὲ</span> <span class='ocrx_word' id='word_1_97' title='bbox 1278 1510 1621 1582; x_wconf 75' lang='grc' dir='ltr'>ἀποστροφαὶ</span> <span class='ocrx_word' id='word_1_98' title='bbox 1648 1511 1756 1565; x_wconf 88' lang='grc' dir='ltr'><strong>τῶν</strong></span> <span class='ocrx_word' id='word_1_99' title='bbox 1804 1513 1939 1583; x_wconf 83' lang='grc' dir='ltr'>ὁμο-</span> 
     </span>
    </p>
   </div>
   <div class='ocr_carea' id='block_1_18' title="bbox 362 1592 1937 1673">
    <p class='ocr_par' dir='ltr' id='par_1_18' title="bbox 362 1592 1937 1673">
     <span class='ocr_line' id='line_1_18' title="bbox 362 1592 1937 1673; baseline 0.006 -26"><span class='ocrx_word' id='word_1_100' title='bbox 362 1592 514 1658; x_wconf 81' lang='grc' dir='ltr'>φυῶν</span> <span class='ocrx_word' id='word_1_101' title='bbox 548 1596 642 1653; x_wconf 79' lang='grc' dir='ltr'>καὶ</span> <span class='ocrx_word' id='word_1_102' title='bbox 689 1597 809 1651; x_wconf 88' lang='grc' dir='ltr'>κατ’</span> <span class='ocrx_word' id='word_1_103' title='bbox 843 1597 1023 1652; x_wconf 85' lang='grc' dir='ltr'>αὐτῶν</span> <span class='ocrx_word' id='word_1_104' title='bbox 1065 1597 1321 1672; x_wconf 84' lang='grc' dir='ltr'>φλυαρίαι</span> <span class='ocrx_word' id='word_1_105' title='bbox 1351 1617 1365 1666; x_wconf 90' lang='grc'><strong>;</strong></span> <span class='ocrx_word' id='word_1_106' title='bbox 1396 1602 1503 1656; x_wconf 92' lang='grc' dir='ltr'>τίνι</span> <span class='ocrx_word' id='word_1_107' title='bbox 1553 1603 1937 1673; x_wconf 83' lang='grc' dir='ltr'>συμπτώματα</span> 
     </span>
    </p>
   </div>
   <div class='ocr_carea' id='block_1_19' title="bbox 365 1684 1935 1763">
    <p class='ocr_par' dir='ltr' id='par_1_19' title="bbox 365 1684 1935 1763">
     <span class='ocr_line' id='line_1_19' title="bbox 365 1684 1935 1763; baseline 0.007 -23"><span class='ocrx_word' id='word_1_108' title='bbox 365 1685 457 1740; x_wconf 77' lang='grc' dir='ltr'><strong>ἐπὶ</strong></span> <span class='ocrx_word' id='word_1_109' title='bbox 486 1684 724 1760; x_wconf 81' lang='grc' dir='ltr'>μηδεμιᾷ</span> <span class='ocrx_word' id='word_1_110' title='bbox 757 1688 993 1762; x_wconf 64' lang='grc' dir='ltr'>ὠφελείᾳ</span> <span class='ocrx_word' id='word_1_111' title='bbox 1016 1692 1313 1763; x_wconf 88' lang='grc' dir='ltr'>γινόμενα;</span> <span class='ocrx_word' id='word_1_112' title='bbox 1344 1694 1487 1761; x_wconf 88' lang='grc' dir='ltr'>τίνος</span> <span class='ocrx_word' id='word_1_113' title='bbox 1518 1696 1573 1749; x_wconf 75' lang='grc' dir='ltr'>αἱ</span> <span class='ocrx_word' id='word_1_114' title='bbox 1604 1695 1827 1750; x_wconf 74' lang='grc' dir='ltr'>ὀπτικαὶ</span> <span class='ocrx_word' id='word_1_115' title='bbox 1845 1696 1935 1751; x_wconf 87' lang='grc' dir='ltr'>δυ-</span> 
     </span>
    </p>
   </div>
   <div class='ocr_carea' id='block_1_20' title="bbox 324 1774 1503 1847">
    <p class='ocr_par' dir='ltr' id='par_1_20' title="bbox 324 1774 1503 1847">
     <span class='ocr_line' id='line_1_20' title="bbox 324 1774 1503 1847; baseline 0.006 -21"><span class='ocrx_word' id='word_1_116' title='bbox 324 1800 331 1804; x_wconf 63' lang='grc' dir='ltr'><strong>ι</strong></span> <span class='ocrx_word' id='word_1_117' title='bbox 363 1774 553 1846; x_wconf 79' lang='grc' dir='ltr'>νάμεις</span> <span class='ocrx_word' id='word_1_118' title='bbox 583 1777 828 1842; x_wconf 83' lang='grc' dir='ltr'>ἀσθενεῖς</span> <span class='ocrx_word' id='word_1_119' title='bbox 843 1796 861 1847; x_wconf 86' lang='grc'>;</span> <span class='ocrx_word' id='word_1_120' title='bbox 1018 1790 1021 1793; x_wconf 86' lang='grc'>·</span> <span class='ocrx_word' id='word_1_121' title='bbox 1500 1808 1503 1811; x_wconf 95' lang='grc'><strong><em>-</em></strong></span> 
     </span>
    </p>
   </div>
   <div class='ocr_carea' id='block_1_21' title="bbox 346 1863 1942 1943">
    <p class='ocr_par' dir='ltr' id='par_1_21' title="bbox 346 1863 1942 1943">
     <span class='ocr_line' id='line_1_21' title="bbox 346 1863 1942 1943; baseline 0.008 -23"><span class='ocrx_word' id='word_1_122' title='bbox 346 1906 353 1914; x_wconf 90' lang='grc'>.</span> <span class='ocrx_word' id='word_1_123' title='bbox 433 1863 497 1922; x_wconf 80' lang='grc' dir='ltr'><strong>λ’.</strong></span> <span class='ocrx_word' id='word_1_124' title='bbox 531 1870 614 1924; x_wconf 85' lang='grc' dir='ltr'><strong>οὐ</strong></span> <span class='ocrx_word' id='word_1_125' title='bbox 635 1866 754 1925; x_wconf 74' lang='grc' dir='ltr'>τῶν</span> <span class='ocrx_word' id='word_1_126' title='bbox 798 1870 1258 1942; x_wconf 75' lang='grc' dir='ltr'>ἐγχρογιζόντων</span> <span class='ocrx_word' id='word_1_127' title='bbox 1312 1874 1384 1929; x_wconf 72' lang='grc' dir='ltr'><strong>ἐν</strong></span> <span class='ocrx_word' id='word_1_128' title='bbox 1434 1875 1659 1943; x_wconf 81' lang='grc' dir='ltr'>οινοις;</span> <span class='ocrx_word' id='word_1_129' title='bbox 1705 1879 1777 1932; x_wconf 76' lang='grc' dir='ltr'>οὐ</span> <span class='ocrx_word' id='word_1_130' title='bbox 1823 1876 1942 1931; x_wconf 83' lang='grc' dir='ltr'>τῶν</span> 
     </span>
    </p>
   </div>
   <div class='ocr_carea' id='block_1_22' title="bbox 320 1958 1941 2039">
    <p class='ocr_par' dir='ltr' id='par_1_22' title="bbox 320 1958 1941 2039">
     <span class='ocr_line' id='line_1_22' title="bbox 320 1958 1941 2039; baseline 0.006 -26"><span class='ocrx_word' id='word_1_131' title='bbox 320 2031 328 2037; x_wconf 27' lang='grc'><strong>,</strong></span> <span class='ocrx_word' id='word_1_132' title='bbox 367 1961 731 2030; x_wconf 76' lang='grc' dir='ltr'>ίχνευόντων</span> <span class='ocrx_word' id='word_1_133' title='bbox 767 1964 885 2019; x_wconf 88' lang='grc' dir='ltr'><strong>ποῦ</strong></span> <span class='ocrx_word' id='word_1_134' title='bbox 918 1966 1088 2019; x_wconf 82' lang='grc' dir='ltr'>πότοι</span> <span class='ocrx_word' id='word_1_135' title='bbox 1118 1958 1419 2036; x_wconf 63' lang='lat' dir='ltr'><strong>river-tat;</strong></span> <span class='ocrx_word' id='word_1_136' title='bbox 1443 1968 1577 2039; x_wconf 79' lang='grc' dir='ltr'>Οὐχὶ</span> <span class='ocrx_word' id='word_1_137' title='bbox 1608 1967 1717 2022; x_wconf 90' lang='grc' dir='ltr'><strong>τῶν</strong></span> <span class='ocrx_word' id='word_1_138' title='bbox 1747 1970 1941 2023; x_wconf 74' lang='grc' dir='ltr'>ἐναποο</span> 
     </span>
    </p>
   </div>
   <div class='ocr_carea' id='block_1_23' title="bbox 368 2051 1942 2129">
    <p class='ocr_par' dir='ltr' id='par_1_23' title="bbox 368 2051 1942 2129">
     <span class='ocr_line' id='line_1_23' title="bbox 368 2051 1942 2129; baseline 0.006 -27"><span class='ocrx_word' id='word_1_139' title='bbox 368 2051 638 2119; x_wconf 78' lang='grc' dir='ltr'>μενόντων</span> <span class='ocrx_word' id='word_1_140' title='bbox 688 2056 810 2117; x_wconf 85' lang='grc' dir='ltr'>ταῖς</span> <span class='ocrx_word' id='word_1_141' title='bbox 856 2054 1199 2122; x_wconf 74' lang='grc' dir='ltr'>ἐπιφανείαις</span> <span class='ocrx_word' id='word_1_142' title='bbox 1229 2057 1337 2110; x_wconf 89' lang='grc' dir='ltr'><strong>τῶν</strong></span> <span class='ocrx_word' id='word_1_143' title='bbox 1392 2057 1625 2127; x_wconf 84' lang='grc' dir='ltr'>ὁρατῶν,</span> <span class='ocrx_word' id='word_1_144' title='bbox 1681 2059 1849 2129; x_wconf 76' lang='grc' dir='ltr'>αἴπερ</span> <span class='ocrx_word' id='word_1_145' title='bbox 1878 2061 1942 2113; x_wconf 75' lang='grc' dir='ltr'>ἐκ</span> 
     </span>
    </p>
   </div>
   <div class='ocr_carea' id='block_1_24' title="bbox 366 2141 1942 2221">
    <p class='ocr_par' dir='ltr' id='par_1_24' title="bbox 366 2141 1942 2221">
     <span class='ocr_line' id='line_1_24' title="bbox 366 2141 1942 2221; baseline 0.006 -26"><span class='ocrx_word' id='word_1_146' title='bbox 366 2141 461 2196; x_wconf 87' lang='grc' dir='ltr'><strong>τοῦ</strong></span> <span class='ocrx_word' id='word_1_147' title='bbox 490 2143 630 2198; x_wconf 87' lang='grc' dir='ltr'>κατὰ</span> <span class='ocrx_word' id='word_1_148' title='bbox 665 2145 855 2214; x_wconf 87' lang='grc' dir='ltr'>φύσιν,</span> <span class='ocrx_word' id='word_1_149' title='bbox 906 2147 1041 2219; x_wconf 81' lang='grc' dir='ltr'>πρὸς</span> <span class='ocrx_word' id='word_1_150' title='bbox 1088 2146 1150 2200; x_wconf 77' lang='grc' dir='ltr'><strong>τὸ</strong></span> <span class='ocrx_word' id='word_1_151' title='bbox 1192 2150 1342 2218; x_wconf 87' lang='grc' dir='ltr'>παρὰ</span> <span class='ocrx_word' id='word_1_152' title='bbox 1390 2148 1550 2217; x_wconf 90' lang='grc' dir='ltr'>φύσιν</span> <span class='ocrx_word' id='word_1_153' title='bbox 1596 2148 1753 2221; x_wconf 73' lang='grc' dir='ltr'>δίκην</span> <span class='ocrx_word' id='word_1_154' title='bbox 1796 2151 1942 2206; x_wconf 86' lang='grc' dir='ltr'>οἴνου</span> 
     </span>
    </p>
   </div>
   <div class='ocr_carea' id='block_1_25' title="bbox 367 2232 1942 2310">
    <p class='ocr_par' dir='ltr' id='par_1_25' title="bbox 367 2232 1942 2310">
     <span class='ocr_line' id='line_1_25' title="bbox 367 2232 1942 2310; baseline 0.006 -25"><span class='ocrx_word' id='word_1_155' title='bbox 367 2232 460 2286; x_wconf 75' lang='grc' dir='ltr'><strong>τὸν</strong></span> <span class='ocrx_word' id='word_1_156' title='bbox 491 2232 616 2287; x_wconf 82' lang='grc' dir='ltr'>νοῦν</span> <span class='ocrx_word' id='word_1_157' title='bbox 663 2235 1022 2306; x_wconf 87' lang='grc' dir='ltr'>μεθιστῶσιν;</span> <span class='ocrx_word' id='word_1_158' title='bbox 1072 2238 1192 2307; x_wconf 67' lang='grc' dir='ltr'>οὐχ).</span> <span class='ocrx_word' id='word_1_159' title='bbox 1232 2237 1342 2292; x_wconf 90' lang='grc' dir='ltr'><strong>τῶν</strong></span> <span class='ocrx_word' id='word_1_160' title='bbox 1370 2238 1784 2310; x_wconf 76' lang='grc' dir='ltr'>ἀναζητούντων</span> <span class='ocrx_word' id='word_1_161' title='bbox 1814 2241 1942 2295; x_wconf 81' lang='grc' dir='ltr'>ἔνθα</span> 
     </span>
    </p>
   </div>
   <div class='ocr_carea' id='block_1_26' title="bbox 367 2325 1945 2403">
    <p class='ocr_par' dir='ltr' id='par_1_26' title="bbox 367 2325 1945 2403">
     <span class='ocr_line' id='line_1_26' title="bbox 367 2325 1945 2403; baseline 0.004 -23"><span class='ocrx_word' id='word_1_162' title='bbox 367 2325 513 2380; x_wconf 75' lang='grc' dir='ltr'>κατά</span> <span class='ocrx_word' id='word_1_163' title='bbox 558 2326 719 2399; x_wconf 84' lang='grc' dir='ltr'>κόρον</span> <span class='ocrx_word' id='word_1_164' title='bbox 767 2331 800 2398; x_wconf 85' lang='grc' dir='ltr'><strong>ἡ</strong></span> <span class='ocrx_word' id='word_1_165' title='bbox 834 2327 928 2381; x_wconf 86' lang='grc' dir='ltr'><strong>τοῦ</strong></span> <span class='ocrx_word' id='word_1_166' title='bbox 980 2327 1203 2401; x_wconf 80' lang='grc' dir='ltr'>θολεροῦ</span> <span class='ocrx_word' id='word_1_167' title='bbox 1238 2330 1483 2401; x_wconf 83' lang='grc' dir='ltr'>πόματος</span> <span class='ocrx_word' id='word_1_168' title='bbox 1513 2330 1614 2400; x_wconf 84' lang='grc' dir='ltr'>τῆς</span> <span class='ocrx_word' id='word_1_169' title='bbox 1669 2332 1945 2403; x_wconf 82' lang='grc' dir='ltr'>ἁμαρτίας</span> 
     </span>
    </p>
   </div>
   <div class='ocr_carea' id='block_1_27' title="bbox 366 2415 1943 2495">
    <p class='ocr_par' dir='ltr' id='par_1_27' title="bbox 366 2415 1943 2495">
     <span class='ocr_line' id='line_1_27' title="bbox 366 2415 1943 2495; baseline 0.006 -27"><span class='ocrx_word' id='word_1_170' title='bbox 366 2415 600 2471; x_wconf 79' lang='grc' dir='ltr'>τελεῖται</span> <span class='ocrx_word' id='word_1_171' title='bbox 653 2418 991 2492; x_wconf 82' lang='grc' dir='ltr'>μετάληψις;</span> <span class='ocrx_word' id='word_1_172' title='bbox 1042 2421 1140 2474; x_wconf 60' lang='grc' dir='ltr'><strong>καὶ¹</strong></span> <span class='ocrx_word' id='word_1_173' title='bbox 1194 2422 1303 2494; x_wconf 79' lang='grc' dir='ltr'><strong>γὰρ</strong></span> <span class='ocrx_word' id='word_1_174' title='bbox 1355 2424 1384 2477; x_wconf 85' lang='grc' dir='ltr'><strong>ό</strong></span> <span class='ocrx_word' id='word_1_175' title='bbox 1426 2425 1551 2486; x_wconf 73' lang='grc' dir='ltr'>ταῖς</span> <span class='ocrx_word' id='word_1_176' title='bbox 1577 2422 1943 2495; x_wconf 84' lang='grc' dir='ltr'>θεωρητικαῖς</span> 
     </span>
    </p>
   </div>
   <div class='ocr_carea' id='block_1_28' title="bbox 368 2507 1946 2584">
    <p class='ocr_par' dir='ltr' id='par_1_28' title="bbox 368 2507 1946 2584">
     <span class='ocr_line' id='line_1_28' title="bbox 368 2507 1946 2584; baseline 0.007 -25"><span class='ocrx_word' id='word_1_177' title='bbox 368 2507 466 2575; x_wconf 77' lang='grc' dir='ltr'>τῆς</span> <span class='ocrx_word' id='word_1_178' title='bbox 492 2508 670 2580; x_wconf 81' lang='grc' dir='ltr'>ψυχῆς</span> <span class='ocrx_word' id='word_1_179' title='bbox 716 2510 1014 2581; x_wconf 85' lang='grc' dir='ltr'>δυνάμεσιν</span> <span class='ocrx_word' id='word_1_180' title='bbox 1056 2512 1313 2584; x_wconf 82' lang='grc' dir='ltr'>ἀσθενὴς,</span> <span class='ocrx_word' id='word_1_181' title='bbox 1341 2512 1416 2584; x_wconf 83' lang='grc' dir='ltr'>μὴ</span> <span class='ocrx_word' id='word_1_182' title='bbox 1467 2512 1764 2584; x_wconf 79' lang='grc' dir='ltr'>δυνάμενος</span> <span class='ocrx_word' id='word_1_183' title='bbox 1803 2515 1946 2570; x_wconf 88' lang='grc' dir='ltr'><strong>κατά</strong></span> 
     </span>
    </p>
   </div>
   <div class='ocr_carea' id='block_1_29' title="bbox 368 2595 1945 2678">
    <p class='ocr_par' dir='ltr' id='par_1_29' title="bbox 368 2595 1945 2678">
     <span class='ocr_line' id='line_1_29' title="bbox 368 2595 1945 2678; baseline 0.008 -30"><span class='ocrx_word' id='word_1_184' title='bbox 368 2595 492 2649; x_wconf 82' lang='grc' dir='ltr'>νοῦν</span> <span class='ocrx_word' id='word_1_185' title='bbox 525 2598 660 2670; x_wconf 74' lang='grc' dir='ltr'>πρὸς</span> <span class='ocrx_word' id='word_1_186' title='bbox 684 2600 810 2663; x_wconf 79' lang='grc' dir='ltr'>τοὺς</span> <span class='ocrx_word' id='word_1_187' title='bbox 845 2599 953 2657; x_wconf 82' lang='grc' dir='ltr'><strong>τῶν</strong></span> <span class='ocrx_word' id='word_1_188' title='bbox 986 2598 1155 2675; x_wconf 70' lang='grc' dir='ltr'>ὄντων</span> <span class='ocrx_word' id='word_1_189' title='bbox 1192 2603 1445 2672; x_wconf 81' lang='grc' dir='ltr'>διαϐῆναι</span> <span class='ocrx_word' id='word_1_190' title='bbox 1481 2603 1695 2673; x_wconf 79' lang='grc' dir='ltr'>λόγους,</span> <span class='ocrx_word' id='word_1_191' title='bbox 1734 2605 1821 2661; x_wconf 88' lang='grc' dir='ltr'><strong>διά</strong></span> <span class='ocrx_word' id='word_1_192' title='bbox 1845 2606 1945 2678; x_wconf 77' lang='grc' dir='ltr'><strong>τὴν</strong></span> 
     </span>
    </p>
   </div>
   <div class='ocr_carea' id='block_1_30' title="bbox 368 2687 1944 2772">
    <p class='ocr_par' dir='ltr' id='par_1_30' title="bbox 368 2687 1944 2772">
     <span class='ocr_line' id='line_1_30' title="bbox 368 2687 1944 2772; baseline 0.009 -33"><span class='ocrx_word' id='word_1_193' title='bbox 368 2688 490 2740; x_wconf 81' lang='grc' dir='ltr'>κατ’</span> <span class='ocrx_word' id='word_1_194' title='bbox 521 2687 776 2760; x_wconf 78' lang='grc' dir='ltr'>αἴσθησιν</span> <span class='ocrx_word' id='word_1_195' title='bbox 801 2692 929 2762; x_wconf 71' lang='grc' dir='ltr'>περὶ</span> <span class='ocrx_word' id='word_1_196' title='bbox 957 2692 1056 2757; x_wconf 83' lang='grc' dir='ltr'><strong>τὰς</strong></span> <span class='ocrx_word' id='word_1_197' title='bbox 1098 2694 1422 2763; x_wconf 77' lang='grc' dir='ltr'>ἐπιφανείας</span> <span class='ocrx_word' id='word_1_198' title='bbox 1448 2695 1626 2759; x_wconf 74' lang='grc' dir='ltr'>αὐτῶν</span> <span class='ocrx_word' id='word_1_199' title='bbox 1657 2697 1840 2768; x_wconf 84' lang='grc' dir='ltr'>σχέσιν</span> <span class='ocrx_word' id='word_1_200' title='bbox 1877 2704 1944 2772; x_wconf 78' lang='grc' dir='ltr'>τῇ</span> 
     </span>
    </p>
   </div>
   <div class='ocr_carea' id='block_1_31' title="bbox 366 2776 1947 2864">
    <p class='ocr_par' dir='ltr' id='par_1_31' title="bbox 366 2776 1947 2864">
     <span class='ocr_line' id='line_1_31' title="bbox 366 2776 1947 2864; baseline 0.009 -32"><span class='ocrx_word' id='word_1_201' title='bbox 366 2776 574 2834; x_wconf 83' lang='grc' dir='ltr'>τούτων</span> <span class='ocrx_word' id='word_1_202' title='bbox 617 2781 835 2837; x_wconf 79' lang='grc' dir='ltr'>ἀνιᾶται</span> <span class='ocrx_word' id='word_1_203' title='bbox 870 2783 1046 2856; x_wconf 82' lang='grc' dir='ltr'>φθορᾷ</span> <span class='ocrx_word' id='word_1_204' title='bbox 1070 2801 1084 2815; x_wconf 75' lang='grc'><strong><em>⁸</em></strong></span> <span class='ocrx_word' id='word_1_205' title='bbox 1133 2787 1229 2840; x_wconf 78' lang='grc' dir='ltr'>καὶ</span> <span class='ocrx_word' id='word_1_206' title='bbox 1280 2789 1481 2858; x_wconf 82' lang='grc' dir='ltr'>στῆσαι</span> <span class='ocrx_word' id='word_1_207' title='bbox 1512 2789 1719 2861; x_wconf 88' lang='grc' dir='ltr'>ταύτην</span> <span class='ocrx_word' id='word_1_208' title='bbox 1748 2791 1947 2864; x_wconf 84' lang='grc' dir='ltr'>ἀνηνύ-</span> 
     </span>
    </p>
   </div>
   <div class='ocr_carea' id='block_1_32' title="bbox 366 2869 1946 2948">
    <p class='ocr_par' dir='ltr' id='par_1_32' title="bbox 366 2869 1946 2948">
     <span class='ocr_line' id='line_1_32' title="bbox 366 2869 1946 2948; baseline 0.009 -27"><span class='ocrx_word' id='word_1_209' title='bbox 366 2885 474 2933; x_wconf 89' lang='grc' dir='ltr'><strong>τως</strong></span> <span class='ocrx_word' id='word_1_210' title='bbox 503 2869 818 2942; x_wconf 81' lang='grc' dir='ltr'>ἐπιχειρῶν,</span> <span class='ocrx_word' id='word_1_211' title='bbox 848 2872 1115 2942; x_wconf 78' lang='grc' dir='ltr'>ἐμπίπτει</span> <span class='ocrx_word' id='word_1_212' title='bbox 1143 2875 1224 2938; x_wconf 78' lang='grc' dir='ltr'>εἰς</span> <span class='ocrx_word' id='word_1_213' title='bbox 1246 2875 1533 2946; x_wconf 84' lang='grc' dir='ltr'>φροντίδας</span> <span class='ocrx_word' id='word_1_214' title='bbox 1559 2878 1821 2948; x_wconf 86' lang='grc' dir='ltr'>ὀχλούσας</span> <span class='ocrx_word' id='word_1_215' title='bbox 1847 2880 1946 2934; x_wconf 87' lang='grc' dir='ltr'>αύ-</span> 
     </span>
    </p>
   </div>
   <div class='ocr_carea' id='block_1_33' title="bbox 367 2959 1947 3042">
    <p class='ocr_par' dir='ltr' id='par_1_33' title="bbox 367 2959 1947 3042">
     <span class='ocr_line' id='line_1_33' title="bbox 367 2959 1947 3042; baseline 0.007 -29"><span class='ocrx_word' id='word_1_216' title='bbox 367 2959 458 3015; x_wconf 72' lang='grc' dir='ltr'><strong>τδν</strong></span> <span class='ocrx_word' id='word_1_217' title='bbox 483 2961 544 3015; x_wconf 88' lang='grc' dir='ltr'><strong>ού</strong></span> <span class='ocrx_word' id='word_1_218' title='bbox 569 2962 781 3034; x_wconf 75' lang='grc' dir='ltr'>μικρῶς</span> <span class='ocrx_word' id='word_1_219' title='bbox 803 2981 819 2996; x_wconf 80' lang='grc' dir='ltr'><strong><em>ο</em></strong></span> <span class='ocrx_word' id='word_1_220' title='bbox 850 2964 943 3017; x_wconf 78' lang='grc' dir='ltr'>καὶ</span> <span class='ocrx_word' id='word_1_221' title='bbox 963 2963 1052 3017; x_wconf 76' lang='grc' dir='ltr'><strong>διὰ</strong></span> <span class='ocrx_word' id='word_1_222' title='bbox 1078 2964 1395 3033; x_wconf 74' lang='grc' dir='ltr'>πλεονεξίαν</span> <span class='ocrx_word' id='word_1_223' title='bbox 1424 2968 1533 3021; x_wconf 90' lang='grc' dir='ltr'><strong>τῶν</strong></span> <span class='ocrx_word' id='word_1_224' title='bbox 1556 2968 1776 3035; x_wconf 86' lang='grc' dir='ltr'>ὑλικῶν,</span> <span class='ocrx_word' id='word_1_225' title='bbox 1808 2971 1947 3042; x_wconf 87' lang='grc' dir='ltr'><strong>μετά</strong></span> 
     </span>
    </p>
   </div>
   <div class='ocr_carea' id='block_1_34' title="bbox 365 3051 1941 3131">
    <p class='ocr_par' dir='ltr' id='par_1_34' title="bbox 365 3051 1941 3131">
     <span class='ocr_line' id='line_1_34' title="bbox 365 3051 1941 3131; baseline 0.006 -26"><span class='ocrx_word' id='word_1_226' title='bbox 365 3051 473 3105; x_wconf 87' lang='grc' dir='ltr'><strong>τῶν</strong></span> <span class='ocrx_word' id='word_1_227' title='bbox 492 3052 750 3123; x_wconf 80' lang='grc' dir='ltr'>ὁμοφυῶν</span> <span class='ocrx_word' id='word_1_228' title='bbox 772 3054 1123 3127; x_wconf 85' lang='grc' dir='ltr'>διαμάχεται·</span> <span class='ocrx_word' id='word_1_229' title='bbox 1144 3058 1238 3111; x_wconf 73' lang='grc' dir='ltr'>καὶ</span> <span class='ocrx_word' id='word_1_230' title='bbox 1265 3059 1671 3131; x_wconf 78' lang='grc' dir='ltr'>ἀποστρέφεται</span> <span class='ocrx_word' id='word_1_231' title='bbox 1694 3062 1941 3130; x_wconf 83' lang='grc' dir='ltr'>τούτους,</span> 
     </span>
    </p>
   </div>
   <div class='ocr_carea' id='block_1_35' title="bbox 366 3140 1941 3226">
    <p class='ocr_par' dir='ltr' id='par_1_35' title="bbox 366 3140 1941 3226">
     <span class='ocr_line' id='line_1_35' title="bbox 366 3140 1941 3226; baseline 0.009 -31"><span class='ocrx_word' id='word_1_232' title='bbox 366 3144 461 3196; x_wconf 82' lang='grc' dir='ltr'>καὶ</span> <span class='ocrx_word' id='word_1_233' title='bbox 502 3140 800 3212; x_wconf 77' lang='grc' dir='ltr'>διαϐάλλει,</span> <span class='ocrx_word' id='word_1_234' title='bbox 852 3146 948 3202; x_wconf 67' lang='grc' dir='ltr'>καὶ</span> <span class='ocrx_word' id='word_1_235' title='bbox 986 3148 1403 3222; x_wconf 88' lang='grc' dir='ltr'>συμφθείρεται,</span> <span class='ocrx_word' id='word_1_236' title='bbox 1453 3152 1811 3226; x_wconf 78' lang='grc' dir='ltr'>προσκρούων</span> <span class='ocrx_word' id='word_1_237' title='bbox 1841 3155 1941 3208; x_wconf 67' lang='lat' dir='ltr'><strong>aiio</strong></span> 
     </span>
    </p>
   </div>
   <div class='ocr_carea' id='block_1_36' title="bbox 366 3236 818 3308">
    <p class='ocr_par' dir='ltr' id='par_1_36' title="bbox 366 3236 818 3308">
     <span class='ocr_line' id='line_1_36' title="bbox 366 3236 818 3308; baseline 0.002 -17"><span class='ocrx_word' id='word_1_238' title='bbox 366 3238 480 3298; x_wconf 64' lang='lat' dir='ltr'><strong>soi;</strong></span> <span class='ocrx_word' id='word_1_239' title='bbox 522 3236 818 3308; x_wconf 82' lang='grc' dir='ltr'>ἀνονήτως.</span> 
     </span>
    </p>
   </div>
   <div class='ocr_carea' id='block_1_37' title="bbox 440 3326 1946 3407">
    <p class='ocr_par' dir='ltr' id='par_1_37' title="bbox 440 3326 1946 3407">
     <span class='ocr_line' id='line_1_37' title="bbox 440 3326 1946 3407; baseline 0.009 -27"><span class='ocrx_word' id='word_1_240' title='bbox 440 3326 541 3382; x_wconf 87' lang='grc' dir='ltr'>λα’.</span> <span class='ocrx_word' id='word_1_241' title='bbox 574 3328 671 3397; x_wconf 76' lang='grc' dir='ltr'><strong>Μὴ</strong></span> <span class='ocrx_word' id='word_1_242' title='bbox 715 3332 1097 3399; x_wconf 75' lang='grc' dir='ltr'>μεθύσκεσθε</span> <span class='ocrx_word' id='word_1_243' title='bbox 1138 3334 1208 3388; x_wconf 76' lang='grc' dir='ltr'><strong>ἐν</strong></span> <span class='ocrx_word' id='word_1_244' title='bbox 1254 3335 1463 3403; x_wconf 78' lang='grc' dir='ltr'>οἴνοις,</span> <span class='ocrx_word' id='word_1_245' title='bbox 1498 3336 1639 3392; x_wconf 72' lang='grc' dir='ltr'>ἀλλ’</span> <span class='ocrx_word' id='word_1_246' title='bbox 1688 3338 1946 3407; x_wconf 72' lang='grc' dir='ltr'>ὁμιλεῖτε</span> 
     </span>
    </p>
   </div>
   <div class='ocr_carea' id='block_1_38' title="bbox 370 3415 1942 3496">
    <p class='ocr_par' dir='ltr' id='par_1_38' title="bbox 370 3415 1942 3496">
     <span class='ocr_line' id='line_1_38' title="bbox 370 3415 1942 3496; baseline 0.007 -24"><span class='ocrx_word' id='word_1_247' title='bbox 370 3415 708 3486; x_wconf 74' lang='grc' dir='ltr'>ἀνθρώποις</span> <span class='ocrx_word' id='word_1_248' title='bbox 735 3416 1007 3488; x_wconf 83' lang='grc' dir='ltr'>δικάἰοις,</span> <span class='ocrx_word' id='word_1_249' title='bbox 1047 3423 1145 3476; x_wconf 79' lang='grc' dir='ltr'><strong>καί</strong></span> <span class='ocrx_word' id='word_1_250' title='bbox 1190 3425 1448 3493; x_wconf 75' lang='grc' dir='ltr'>ὁμιλεῖτε</span> <span class='ocrx_word' id='word_1_251' title='bbox 1475 3426 1545 3480; x_wconf 77' lang='grc' dir='ltr'><strong>ἐν</strong></span> <span class='ocrx_word' id='word_1_252' title='bbox 1577 3427 1942 3496; x_wconf 78' lang='grc' dir='ltr'>περιπάτοις.</span> 
     </span>
    </p>
   </div>
   <div class='ocr_carea' id='block_1_39' title="bbox 369 3510 1947 3590">
    <p class='ocr_par' dir='ltr' id='par_1_39' title="bbox 369 3510 1947 3590">
     <span class='ocr_line' id='line_1_39' title="bbox 369 3510 1947 3590; baseline 0.008 -27"><span class='ocrx_word' id='word_1_253' title='bbox 369 3510 462 3565; x_wconf 81' lang='grc' dir='ltr'>Διδ</span> <span class='ocrx_word' id='word_1_254' title='bbox 500 3511 586 3583; x_wconf 77' lang='grc' dir='ltr'>μὴ</span> <span class='ocrx_word' id='word_1_255' title='bbox 635 3511 922 3577; x_wconf 73' lang='grc' dir='ltr'>ὶξίστασθε</span> <span class='ocrx_word' id='word_1_256' title='bbox 960 3515 1053 3568; x_wconf 81' lang='grc' dir='ltr'>τὸν</span> <span class='ocrx_word' id='word_1_257' title='bbox 1101 3513 1227 3569; x_wconf 86' lang='grc' dir='ltr'>νοῦν</span> <span class='ocrx_word' id='word_1_258' title='bbox 1273 3517 1331 3569; x_wconf 80' lang='grc' dir='ltr'>ὲν</span> <span class='ocrx_word' id='word_1_259' title='bbox 1362 3519 1484 3579; x_wconf 82' lang='grc' dir='ltr'>ταῖς</span> <span class='ocrx_word' id='word_1_260' title='bbox 1532 3520 1654 3572; x_wconf 90' lang='grc' dir='ltr'>κατ’</span> <span class='ocrx_word' id='word_1_261' title='bbox 1693 3520 1947 3590; x_wconf 81' lang='grc' dir='ltr'>αἴσθησιν</span> 
     </span>
    </p>
   </div>
   <div class='ocr_carea' id='block_1_40' title="bbox 371 3601 1943 3676">
    <p class='ocr_par' dir='ltr' id='par_1_40' title="bbox 371 3601 1943 3676">
     <span class='ocr_line' id='line_1_40' title="bbox 371 3601 1943 3676; baseline 0.006 -21"><span class='ocrx_word' id='word_1_262' title='bbox 371 3601 630 3674; x_wconf 85' lang='grc' dir='ltr'>θεωρίαις</span> <span class='ocrx_word' id='word_1_263' title='bbox 658 3603 764 3657; x_wconf 89' lang='grc' dir='ltr'><strong>τῶν</strong></span> <span class='ocrx_word' id='word_1_264' title='bbox 798 3604 1029 3676; x_wconf 82' lang='grc' dir='ltr'>ὁρατῶν,</span> <span class='ocrx_word' id='word_1_265' title='bbox 1065 3606 1275 3673; x_wconf 81' lang='grc' dir='ltr'>ἀλόγως</span> <span class='ocrx_word' id='word_1_266' title='bbox 1307 3606 1492 3670; x_wconf 86' lang='grc' dir='ltr'>αὐτοῖς</span> <span class='ocrx_word' id='word_1_267' title='bbox 1523 3608 1906 3676; x_wconf 71' lang='grc' dir='ltr'>ἐπιϐάλλοντες</span> <span class='ocrx_word' id='word_1_268' title='bbox 1929 3628 1943 3643; x_wconf 78' lang='grc' dir='ltr'><strong>ο</strong></span> 
     </span>
    </p>
   </div>
   <div class='ocr_carea' id='block_1_41' title="bbox 369 3680 1949 3772">
    <p class='ocr_par' dir='ltr' id='par_1_41' title="bbox 369 3680 1949 3772">
     <span class='ocr_line' id='line_1_41' title="bbox 369 3680 1949 3772; baseline 0.006 -25"><span class='ocrx_word' id='word_1_269' title='bbox 369 3694 508 3748; x_wconf 84' lang='grc' dir='ltr'><strong>ἀλλά</strong></span> <span class='ocrx_word' id='word_1_270' title='bbox 550 3680 933 3762; x_wconf 81' lang='grc' dir='ltr'>συναυλίζεσθε</span> <span class='ocrx_word' id='word_1_271' title='bbox 969 3697 1333 3764; x_wconf 84' lang='grc' dir='ltr'>διδασκάλοις,</span> <span class='ocrx_word' id='word_1_272' title='bbox 1367 3698 1573 3770; x_wconf 79' lang='grc' dir='ltr'>ἑκάστῃ</span> <span class='ocrx_word' id='word_1_273' title='bbox 1626 3700 1727 3769; x_wconf 80' lang='grc' dir='ltr'>τῆς</span> <span class='ocrx_word' id='word_1_274' title='bbox 1770 3703 1949 3772; x_wconf 85' lang='grc' dir='ltr'>ψυχῆς</span> 
     </span>
    </p>
   </div>
   <div class='ocr_carea' id='block_1_42' title="bbox 369 3785 1948 3860">
    <p class='ocr_par' dir='ltr' id='par_1_42' title="bbox 369 3785 1948 3860">
     <span class='ocr_line' id='line_1_42' title="bbox 369 3785 1948 3860; baseline 0.004 -20"><span class='ocrx_word' id='word_1_275' title='bbox 369 3785 596 3858; x_wconf 84' lang='grc' dir='ltr'>δυνάμει</span> <span class='ocrx_word' id='word_1_276' title='bbox 625 3789 686 3840; x_wconf 73' lang='grc' dir='ltr'>τὸ</span> <span class='ocrx_word' id='word_1_277' title='bbox 716 3787 1026 3860; x_wconf 89' lang='grc' dir='ltr'>πρόσφορον</span> <span class='ocrx_word' id='word_1_278' title='bbox 1071 3787 1413 3857; x_wconf 77' lang='grc' dir='ltr'>ἀπονέμουσι</span> <span class='ocrx_word' id='word_1_279' title='bbox 1438 3804 1452 3819; x_wconf 73' lang='grc' dir='ltr'><strong>ο</strong></span> <span class='ocrx_word' id='word_1_280' title='bbox 1501 3791 1598 3845; x_wconf 76' lang='grc' dir='ltr'>καὶ</span> <span class='ocrx_word' id='word_1_281' title='bbox 1629 3792 1948 3856; x_wconf 78' lang='grc' dir='ltr'>συναυλίζε-</span> 
     </span>
    </p>
   </div>
   <div class='ocr_carea' id='block_1_43' title="bbox 373 3875 1950 3953">
    <p class='ocr_par' dir='ltr' id='par_1_43' title="bbox 373 3875 1950 3953">
     <span class='ocr_line' id='line_1_43' title="bbox 373 3875 1950 3953; baseline 0.004 -25"><span class='ocrx_word' id='word_1_282' title='bbox 373 3876 466 3929; x_wconf 83' lang='grc' dir='ltr'><strong>σθε</strong></span> <span class='ocrx_word' id='word_1_283' title='bbox 503 3876 714 3940; x_wconf 88' lang='grc' dir='ltr'>τούτοις</span> <span class='ocrx_word' id='word_1_284' title='bbox 735 3878 794 3930; x_wconf 85' lang='grc' dir='ltr'>ὲν</span> <span class='ocrx_word' id='word_1_285' title='bbox 810 3880 928 3942; x_wconf 78' lang='grc' dir='ltr'>ταῖς</span> <span class='ocrx_word' id='word_1_286' title='bbox 960 3876 1099 3933; x_wconf 85' lang='grc' dir='ltr'><strong>κατά</strong></span> <span class='ocrx_word' id='word_1_287' title='bbox 1119 3876 1356 3947; x_wconf 85' lang='grc' dir='ltr'>θεωρίαν</span> <span class='ocrx_word' id='word_1_288' title='bbox 1380 3875 1489 3933; x_wconf 84' lang='grc' dir='ltr'><strong>τῶν</strong></span> <span class='ocrx_word' id='word_1_289' title='bbox 1510 3878 1787 3951; x_wconf 85' lang='grc' dir='ltr'>αίσθητῶν</span> <span class='ocrx_word' id='word_1_290' title='bbox 1811 3881 1950 3953; x_wconf 78' lang='grc' dir='ltr'>πρὸς</span> 
     </span>
    </p>
   </div>
   <div class='ocr_carea' id='block_1_44' title="bbox 367 3965 994 4038">
    <p class='ocr_par' dir='ltr' id='par_1_44' title="bbox 367 3965 994 4038">
     <span class='ocr_line' id='line_1_44' title="bbox 367 3965 994 4038; baseline 0.008 -19"><span class='ocrx_word' id='word_1_291' title='bbox 367 3966 439 4020; x_wconf 83' lang='grc' dir='ltr'>τὰ</span> <span class='ocrx_word' id='word_1_292' title='bbox 465 3965 634 4038; x_wconf 85' lang='grc' dir='ltr'>νοητὰ</span> <span class='ocrx_word' id='word_1_293' title='bbox 660 3967 994 4024; x_wconf 82' lang='grc' dir='ltr'>διαϐἀσεσιν.</span> 
     </span>
    </p>
   </div>
   <div class='ocr_carea' id='block_1_45' title="bbox 452 4057 1953 4139">
    <p class='ocr_par' dir='ltr' id='par_1_45' title="bbox 452 4057 1953 4139">
     <span class='ocr_line' id='line_1_45' title="bbox 452 4057 1953 4139; baseline 0.004 -27"><span class='ocrx_word' id='word_1_294' title='bbox 452 4057 594 4113; x_wconf 78' lang='grc' dir='ltr'><strong>Ἐὰν</strong></span> <span class='ocrx_word' id='word_1_295' title='bbox 622 4060 731 4130; x_wconf 79' lang='grc' dir='ltr'>γὰρ</span> <span class='ocrx_word' id='word_1_296' title='bbox 769 4061 877 4139; x_wconf 27' lang='grc' dir='ltr'>εὶςλ</span> <span class='ocrx_word' id='word_1_297' title='bbox 902 4062 1005 4127; x_wconf 82' lang='grc' dir='ltr'>τὰς</span> <span class='ocrx_word' id='word_1_298' title='bbox 1044 4061 1266 4128; x_wconf 76' lang='grc' dir='ltr'>φιάλας</span> <span class='ocrx_word' id='word_1_299' title='bbox 1304 4061 1404 4117; x_wconf 74' lang='grc' dir='ltr'><strong>καὶ</strong></span> <span class='ocrx_word' id='word_1_300' title='bbox 1449 4061 1523 4117; x_wconf 84' lang='grc' dir='ltr'>τὰ</span> <span class='ocrx_word' id='word_1_301' title='bbox 1552 4064 1805 4134; x_wconf 79' lang='grc' dir='ltr'>ποτήρια</span> <span class='ocrx_word' id='word_1_302' title='bbox 1833 4064 1953 4132; x_wconf 82' lang='grc' dir='ltr'>δῷς</span> 
     </span>
    </p>
   </div>
   <div class='ocr_carea' id='block_1_46' title="bbox 371 4150 1952 4226">
    <p class='ocr_par' dir='ltr' id='par_1_46' title="bbox 371 4150 1952 4226">
     <span class='ocr_line' id='line_1_46' title="bbox 371 4150 1952 4226; baseline 0.004 -23"><span class='ocrx_word' id='word_1_303' title='bbox 371 4150 514 4218; x_wconf 79' lang='grc' dir='ltr'>τοὺς</span> <span class='ocrx_word' id='word_1_304' title='bbox 568 4151 916 4221; x_wconf 73' lang='grc' dir='ltr'>ὀφθαλμούς</span> <span class='ocrx_word' id='word_1_305' title='bbox 971 4169 1088 4208; x_wconf 90' lang='grc' dir='ltr'><strong>σου</strong></span> <span class='ocrx_word' id='word_1_306' title='bbox 1111 4193 1127 4219; x_wconf 89' lang='grc'><strong>,</strong></span> <span class='ocrx_word' id='word_1_307' title='bbox 1194 4155 1456 4223; x_wconf 79' lang='grc' dir='ltr'>ὕστερον</span> <span class='ocrx_word' id='word_1_308' title='bbox 1519 4156 1952 4226; x_wconf 78' lang='grc' dir='ltr'>περιπατήσεις</span> 
     </span>
    </p>
   </div>
   <div class='ocr_carea' id='block_1_47' title="bbox 372 4242 1952 4319">
    <p class='ocr_par' dir='ltr' id='par_1_47' title="bbox 372 4242 1952 4319">
     <span class='ocr_line' id='line_1_47' title="bbox 372 4242 1952 4319; baseline 0.004 -24"><span class='ocrx_word' id='word_1_309' title='bbox 372 4242 733 4312; x_wconf 76' lang='grc' dir='ltr'>γυμνότερος</span> <span class='ocrx_word' id='word_1_310' title='bbox 765 4243 1013 4312; x_wconf 85' lang='grc' dir='ltr'>ὑπέρου.</span> <span class='ocrx_word' id='word_1_311' title='bbox 1052 4245 1116 4298; x_wconf 80' lang='lat' dir='ltr'><strong>Ei</strong></span> <span class='ocrx_word' id='word_1_312' title='bbox 1170 4244 1280 4317; x_wconf 82' lang='grc' dir='ltr'>γὰρ</span> <span class='ocrx_word' id='word_1_313' title='bbox 1327 4246 1410 4309; x_wconf 84' lang='grc' dir='ltr'><strong>είς</strong></span> <span class='ocrx_word' id='word_1_314' title='bbox 1451 4247 1618 4317; x_wconf 85' lang='grc' dir='ltr'>μόνας</span> <span class='ocrx_word' id='word_1_315' title='bbox 1650 4248 1749 4311; x_wconf 86' lang='grc' dir='ltr'><strong>τὰς</strong></span> <span class='ocrx_word' id='word_1_316' title='bbox 1796 4247 1952 4319; x_wconf 82' lang='grc' dir='ltr'>δίκην</span> 
     </span>
    </p>
   </div>
   <div class='ocr_carea' id='block_1_48' title="bbox 375 4331 1952 4410">
    <p class='ocr_par' dir='ltr' id='par_1_48' title="bbox 375 4331 1952 4410">
     <span class='ocr_line' id='line_1_48' title="bbox 375 4331 1952 4410; baseline 0.006 -26"><span class='ocrx_word' id='word_1_317' title='bbox 375 4331 583 4401; x_wconf 84' lang='grc' dir='ltr'>φιαλῶν</span> <span class='ocrx_word' id='word_1_318' title='bbox 611 4332 705 4386; x_wconf 76' lang='grc' dir='ltr'>καὶ</span> <span class='ocrx_word' id='word_1_319' title='bbox 739 4333 1014 4404; x_wconf 86' lang='grc' dir='ltr'>ποτηρίων</span> <span class='ocrx_word' id='word_1_320' title='bbox 1038 4335 1292 4401; x_wconf 77' lang='grc' dir='ltr'>δεκτικὰς</span> <span class='ocrx_word' id='word_1_321' title='bbox 1321 4336 1417 4391; x_wconf 89' lang='grc' dir='ltr'><strong>τοῦ</strong></span> <span class='ocrx_word' id='word_1_322' title='bbox 1462 4341 1562 4410; x_wconf 81' lang='grc' dir='ltr'>τῆς</span> <span class='ocrx_word' id='word_1_323' title='bbox 1618 4337 1952 4409; x_wconf 83' lang='grc' dir='ltr'>θεογνωσίας</span> 
     </span>
    </p>
   </div>
   <div class='ocr_carea' id='block_1_49' title="bbox 374 4418 1950 4502">
    <p class='ocr_par' dir='ltr' id='par_1_49' title="bbox 374 4418 1950 4502">
     <span class='ocr_line' id='line_1_49' title="bbox 374 4418 1950 4502; baseline 0.005 -24"><span class='ocrx_word' id='word_1_324' title='bbox 374 4419 614 4493; x_wconf 83' lang='grc' dir='ltr'>νᾶματος</span> <span class='ocrx_word' id='word_1_325' title='bbox 634 4425 955 4495; x_wconf 69' lang='grc' dir='ltr'>ἐπιφανείας</span> <span class='ocrx_word' id='word_1_326' title='bbox 998 4426 1107 4480; x_wconf 85' lang='grc' dir='ltr'><strong>τῶν</strong></span> <span class='ocrx_word' id='word_1_327' title='bbox 1159 4428 1371 4499; x_wconf 85' lang='grc' dir='ltr'>ὁρατῶν</span> <span class='ocrx_word' id='word_1_328' title='bbox 1407 4430 1818 4502; x_wconf 84' lang='grc' dir='ltr'>ἀποσχολήσεις,</span> <span class='ocrx_word' id='word_1_329' title='bbox 1850 4418 1950 4486; x_wconf 63' lang='grc' dir='ltr'><strong>’ὃσ-</strong></span> 
     </span>
    </p>
   </div>
   <div class='ocr_carea' id='block_1_50' title="bbox 375 4515 1948 4594">
    <p class='ocr_par' dir='ltr' id='par_1_50' title="bbox 375 4515 1948 4594">
     <span class='ocr_line' id='line_1_50' title="bbox 375 4515 1948 4594; baseline 0.008 -27"><span class='ocrx_word' id='word_1_330' title='bbox 375 4527 458 4578; x_wconf 87' lang='grc' dir='ltr'><strong>τις</strong></span> <span class='ocrx_word' id='word_1_331' title='bbox 491 4515 557 4569; x_wconf 85' lang='grc' dir='ltr'>ἂν</span> <span class='ocrx_word' id='word_1_332' title='bbox 593 4515 686 4570; x_wconf 75' lang='grc' dir='ltr'>καὶ</span> <span class='ocrx_word' id='word_1_333' title='bbox 718 4516 858 4585; x_wconf 84' lang='grc' dir='ltr'>είης,</span> <span class='ocrx_word' id='word_1_334' title='bbox 893 4518 990 4579; x_wconf 80' lang='grc' dir='ltr'><strong>τὰς</strong></span> <span class='ocrx_word' id='word_1_335' title='bbox 1014 4518 1355 4592; x_wconf 83' lang='grc' dir='ltr'>θεωρητικὰς</span> <span class='ocrx_word' id='word_1_336' title='bbox 1389 4522 1487 4591; x_wconf 85' lang='grc' dir='ltr'>τῆς</span> <span class='ocrx_word' id='word_1_337' title='bbox 1514 4521 1694 4594; x_wconf 84' lang='grc' dir='ltr'>ψυχῆς</span> <span class='ocrx_word' id='word_1_338' title='bbox 1728 4541 1820 4578; x_wconf 91' lang='grc' dir='ltr'><strong>σου</strong></span> <span class='ocrx_word' id='word_1_339' title='bbox 1854 4524 1948 4580; x_wconf 85' lang='grc' dir='ltr'>δυ·-</span> 
     </span>
    </p>
   </div>
   <div class='ocr_carea' id='block_1_51' title="bbox 376 4604 1956 4683">
    <p class='ocr_par' dir='ltr' id='par_1_51' title="bbox 376 4604 1956 4683">
     <span class='ocr_line' id='line_1_51' title="bbox 376 4604 1956 4683; baseline 0.005 -24"><span class='ocrx_word' id='word_1_340' title='bbox 376 4604 593 4676; x_wconf 86' lang='grc' dir='ltr'>νᾶμεις,</span> <span class='ocrx_word' id='word_1_341' title='bbox 638 4606 777 4677; x_wconf 87' lang='grc' dir='ltr'>μετὰ</span> <span class='ocrx_word' id='word_1_342' title='bbox 803 4606 979 4661; x_wconf 85' lang='grc' dir='ltr'>ταῦτα</span> <span class='ocrx_word' id='word_1_343' title='bbox 1018 4610 1288 4683; x_wconf 79' lang='grc' dir='ltr'>κινηθήσῃ</span> <span class='ocrx_word' id='word_1_344' title='bbox 1339 4612 1461 4664; x_wconf 86' lang='grc' dir='ltr'>κατ’</span> <span class='ocrx_word' id='word_1_345' title='bbox 1502 4612 1801 4682; x_wconf 78' lang='grc' dir='ltr'>ἐπιθυμίαν</span> <span class='ocrx_word' id='word_1_346' title='bbox 1828 4612 1956 4667; x_wconf 80' lang='grc' dir='ltr'>ἀλό-</span> 
     </span>
    </p>
   </div>
   <div class='ocr_carea' id='block_1_52' title="bbox 376 4697 1957 4773">
    <p class='ocr_par' dir='ltr' id='par_1_52' title="bbox 376 4697 1957 4773">
     <span class='ocr_line' id='line_1_52' title="bbox 376 4697 1957 4773; baseline 0.006 -24"><span class='ocrx_word' id='word_1_347' title='bbox 376 4709 564 4765; x_wconf 77' lang='grc' dir='ltr'>γιστον</span> <span class='ocrx_word' id='word_1_348' title='bbox 616 4697 754 4768; x_wconf 81' lang='grc' dir='ltr'>πρὸς</span> <span class='ocrx_word' id='word_1_349' title='bbox 795 4699 1227 4769; x_wconf 81' lang='grc' dir='ltr'>συγκαταθέσεις</span> <span class='ocrx_word' id='word_1_350' title='bbox 1275 4702 1492 4766; x_wconf 84' lang='grc' dir='ltr'>πάντως</span> <span class='ocrx_word' id='word_1_351' title='bbox 1530 4698 1804 4768; x_wconf 84' lang='grc' dir='ltr'>ἀτόπους·</span> <span class='ocrx_word' id='word_1_352' title='bbox 1858 4705 1957 4773; x_wconf 79' lang='grc' dir='ltr'><strong>τῆς</strong></span> 
     </span>
    </p>
   </div>
   <div class='ocr_carea' id='block_1_53' title="bbox 381 4788 1957 4868">
    <p class='ocr_par' dir='ltr' id='par_1_53' title="bbox 381 4788 1957 4868">
     <span class='ocr_line' id='line_1_53' title="bbox 381 4788 1957 4868; baseline 0.004 -26"><span class='ocrx_word' id='word_1_353' title='bbox 381 4788 531 4853; x_wconf 84' lang='grc' dir='ltr'>θείας</span> <span class='ocrx_word' id='word_1_354' title='bbox 573 4791 795 4861; x_wconf 86' lang='grc' dir='ltr'>χάριτος</span> <span class='ocrx_word' id='word_1_355' title='bbox 835 4794 1262 4864; x_wconf 78' lang='grc' dir='ltr'>γεγυμνωμένος</span> <span class='ocrx_word' id='word_1_356' title='bbox 1308 4793 1473 4849; x_wconf 84' lang='grc' dir='ltr'>πλέον</span> <span class='ocrx_word' id='word_1_357' title='bbox 1512 4794 1670 4860; x_wconf 82' lang='grc' dir='ltr'>ξύλου</span> <span class='ocrx_word' id='word_1_358' title='bbox 1710 4796 1857 4860; x_wconf 77' lang='grc' dir='ltr'>τινὸς</span> <span class='ocrx_word' id='word_1_359' title='bbox 1891 4799 1957 4868; x_wconf 77' lang='grc' dir='ltr'><strong>τῇ</strong></span> 
     </span>
    </p>
   </div>
   <div class='ocr_carea' id='block_1_54' title="bbox 381 4883 1534 4958">
    <p class='ocr_par' dir='ltr' id='par_1_54' title="bbox 381 4883 1534 4958">
     <span class='ocr_line' id='line_1_54' title="bbox 381 4883 1534 4958; baseline 0.003 -21"><span class='ocrx_word' id='word_1_360' title='bbox 381 4886 595 4953; x_wconf 80' lang='grc' dir='ltr'>συνεχεῖ</span> <span class='ocrx_word' id='word_1_361' title='bbox 640 4883 829 4955; x_wconf 78' lang='grc' dir='ltr'>τρίψει</span> <span class='ocrx_word' id='word_1_362' title='bbox 900 4883 995 4939; x_wconf 89' lang='grc' dir='ltr'><strong>τοῦ</strong></span> <span class='ocrx_word' id='word_1_363' title='bbox 1072 4887 1472 4958; x_wconf 80' lang='grc' dir='ltr'>προστυχόντος</span> <span class='ocrx_word' id='word_1_364' title='bbox 1517 4925 1534 4952; x_wconf 89' lang='grc'><strong>,</strong></span> 
     </span>
    </p>
   </div>
   <div class='ocr_carea' id='block_1_55' title="bbox 2040 504 3210 579">
    <p class='ocr_par' dir='ltr' id='par_1_55' title="bbox 2040 504 3210 579">
     <span class='ocr_line' id='line_1_55' title="bbox 2040 504 3210 579; baseline 0.004 -19"><span class='ocrx_word' id='word_1_365' title='bbox 2040 504 2420 575; x_wconf 83' lang='lat' dir='ltr'><strong>spiritualibus</strong></span> <span class='ocrx_word' id='word_1_366' title='bbox 2459 507 2551 577; x_wconf 88' lang='lat' dir='ltr'><strong>qui</strong></span> <span class='ocrx_word' id='word_1_367' title='bbox 2582 521 2706 562; x_wconf 87' lang='lat' dir='ltr'><strong>eum</strong></span> <span class='ocrx_word' id='word_1_368' title='bbox 2740 506 2972 579; x_wconf 87' lang='lat' dir='ltr'><strong>perdere</strong></span> <span class='ocrx_word' id='word_1_369' title='bbox 2999 510 3210 565; x_wconf 85' lang='lat' dir='ltr'><strong>volunt.</strong></span> 
     </span>
    </p>
   </div>
   <div class='ocr_carea' id='block_1_56' title="bbox 2113 678 3663 759">
    <p class='ocr_par' dir='ltr' id='par_1_56' title="bbox 2113 678 3663 759">
     <span class='ocr_line' id='line_1_56' title="bbox 2113 678 3663 759; baseline 0.002 -23"><span class='ocrx_word' id='word_1_370' title='bbox 2113 678 2283 738; x_wconf 70' lang='lat' dir='ltr'><strong>Vens.</strong></span> <span class='ocrx_word' id='word_1_371' title='bbox 2308 681 2398 737; x_wconf 77' lang='grc'><strong>28.</strong></span> <span class='ocrx_word' id='word_1_372' title='bbox 2433 680 2537 737; x_wconf 84' lang='lat' dir='ltr'><strong>Hic</strong></span> <span class='ocrx_word' id='word_1_373' title='bbox 2551 685 2691 737; x_wconf 87' lang='lat' dir='ltr'><strong>enim</strong></span> <span class='ocrx_word' id='word_1_374' title='bbox 2719 684 2856 740; x_wconf 86' lang='lat' dir='ltr'><strong>brevi</strong></span> <span class='ocrx_word' id='word_1_375' title='bbox 2880 686 3091 753; x_wconf 75' lang='lat' dir='ltr'><strong>peribit,</strong></span> <span class='ocrx_word' id='word_1_376' title='bbox 3112 696 3161 742; x_wconf 88' lang='lat' dir='ltr'><strong>et</strong></span> <span class='ocrx_word' id='word_1_377' title='bbox 3194 690 3364 743; x_wconf 86' lang='lat' dir='ltr'><strong>omnis</strong></span> <span class='ocrx_word' id='word_1_378' title='bbox 3397 688 3616 759; x_wconf 73' lang='lat' dir='ltr'><strong>iniquus</strong></span> <span class='ocrx_word' id='word_1_379' title='bbox 3656 736 3663 739; x_wconf 69' lang='grc'>,</span> 
     </span>
    </p>
   </div>
   <div class='ocr_carea' id='block_1_57' title="bbox 2042 770 3610 847">
    <p class='ocr_par' dir='ltr' id='par_1_57' title="bbox 2042 770 3610 847">
     <span class='ocr_line' id='line_1_57' title="bbox 2042 770 3610 847; baseline 0.007 -21"><span class='ocrx_word' id='word_1_380' title='bbox 2042 770 2365 830; x_wconf 85' lang='lat' dir='ltr'><strong>absumelur.</strong></span> <span class='ocrx_word' id='word_1_381' title='bbox 2400 773 2506 830; x_wconf 85' lang='lat' dir='ltr'><strong>Isle</strong></span> <span class='ocrx_word' id='word_1_382' title='bbox 2540 777 2684 832; x_wconf 89' lang='lat' dir='ltr'><strong>enim</strong></span> <span class='ocrx_word' id='word_1_383' title='bbox 2729 784 2854 847; x_wconf 90' lang='lat' dir='ltr'><strong>post</strong></span> <span class='ocrx_word' id='word_1_384' title='bbox 2880 778 3098 833; x_wconf 78' lang='lat' dir='ltr'><strong>brevem</strong></span> <span class='ocrx_word' id='word_1_385' title='bbox 3136 780 3276 834; x_wconf 87' lang='lat' dir='ltr'><strong>hanc</strong></span> <span class='ocrx_word' id='word_1_386' title='bbox 3326 781 3517 846; x_wconf 84' lang='lat' dir='ltr'><strong>vitam,</strong></span> <span class='ocrx_word' id='word_1_387' title='bbox 3554 784 3610 839; x_wconf 86' lang='lat' dir='ltr'><strong>in</strong></span> 
     </span>
    </p>
   </div>
   <div class='ocr_carea' id='block_1_58' title="bbox 2043 867 3612 941">
    <p class='ocr_par' dir='ltr' id='par_1_58' title="bbox 2043 867 3612 941">
     <span class='ocr_line' id='line_1_58' title="bbox 2043 867 3612 941; baseline 0.005 -23"><span class='ocrx_word' id='word_1_388' title='bbox 2043 873 2363 936; x_wconf 85' lang='lat' dir='ltr'><strong>perpetuam</strong></span> <span class='ocrx_word' id='word_1_389' title='bbox 2389 867 2635 922; x_wconf 90' lang='lat' dir='ltr'><strong>mittetur</strong></span> <span class='ocrx_word' id='word_1_390' title='bbox 2660 868 2980 938; x_wconf 87' lang='lat' dir='ltr'><strong>perniciem.</strong></span> <span class='ocrx_word' id='word_1_391' title='bbox 3007 868 3334 941; x_wconf 86' lang='lat' dir='ltr'><strong>Quicunque</strong></span> <span class='ocrx_word' id='word_1_392' title='bbox 3355 873 3612 926; x_wconf 86' lang='lat' dir='ltr'><strong>mandata</strong></span> 
     </span>
    </p>
   </div>
   <div class='ocr_carea' id='block_1_59' title="bbox 2042 952 3613 1031">
    <p class='ocr_par' dir='ltr' id='par_1_59' title="bbox 2042 952 3613 1031">
     <span class='ocr_line' id='line_1_59' title="bbox 2042 952 3613 1031; baseline 0.005 -23"><span class='ocrx_word' id='word_1_393' title='bbox 2042 952 2136 1009; x_wconf 72' lang='lat' dir='ltr'><strong>Dei</strong></span> <span class='ocrx_word' id='word_1_394' title='bbox 2172 957 2595 1028; x_wconf 76' lang='lat' dir='ltr'><strong>transgreditur,</strong></span> <span class='ocrx_word' id='word_1_395' title='bbox 2657 958 2847 1018; x_wconf 68' lang='lat' dir='ltr'><strong>animae</strong></span> <span class='ocrx_word' id='word_1_396' title='bbox 2902 974 2998 1031; x_wconf 88' lang='lat' dir='ltr'><strong>per</strong></span> <span class='ocrx_word' id='word_1_397' title='bbox 3047 968 3332 1031; x_wconf 87' lang='lat' dir='ltr'><strong>peccatum</strong></span> <span class='ocrx_word' id='word_1_398' title='bbox 3382 962 3613 1017; x_wconf 81' lang='lat' dir='ltr'><strong>exitium</strong></span> 
     </span>
    </p>
   </div>
   <div class='ocr_carea' id='block_1_60' title="bbox 2043 1047 2273 1106">
    <p class='ocr_par' dir='ltr' id='par_1_60' title="bbox 2043 1047 2273 1106">
     <span class='ocr_line' id='line_1_60' title="bbox 2043 1047 2273 1106; baseline 0.009 -2"><span class='ocrx_word' id='word_1_399' title='bbox 2043 1047 2273 1106; x_wconf 81' lang='lat' dir='ltr'><strong>subibit.</strong></span> 
     </span>
    </p>
   </div>
   <div class='ocr_carea' id='block_1_61' title="bbox 2068 1223 3615 1301">
    <p class='ocr_par' dir='ltr' id='par_1_61' title="bbox 2068 1223 3615 1301">
     <span class='ocr_line' id='line_1_61' title="bbox 2068 1223 3615 1301; baseline 0.006 -23"><span class='ocrx_word' id='word_1_400' title='bbox 2068 1284 2077 1291; x_wconf 40' lang='grc' dir='ltr'><strong><em>η</em></strong></span> <span class='ocrx_word' id='word_1_401' title='bbox 2112 1223 2281 1281; x_wconf 74' lang='lat' dir='ltr'><strong>Vens.</strong></span> <span class='ocrx_word' id='word_1_402' title='bbox 2334 1225 2424 1281; x_wconf 76' lang='lat'><strong>29.</strong></span> <span class='ocrx_word' id='word_1_403' title='bbox 2459 1225 2560 1281; x_wconf 87' lang='lat' dir='ltr'><strong>Cui</strong></span> <span class='ocrx_word' id='word_1_404' title='bbox 2609 1227 2739 1283; x_wconf 69' lang='lat' dir='ltr'><strong>ore?</strong></span> <span class='ocrx_word' id='word_1_405' title='bbox 2781 1230 2868 1282; x_wconf 86' lang='lat' dir='ltr'><strong>cui</strong></span> <span class='ocrx_word' id='word_1_406' title='bbox 2905 1229 3196 1285; x_wconf 76' lang='lat' dir='ltr'><strong>tumultus?</strong></span> <span class='ocrx_word' id='word_1_407' title='bbox 3240 1228 3326 1284; x_wconf 87' lang='lat' dir='ltr'><strong>cui</strong></span> <span class='ocrx_word' id='word_1_408' title='bbox 3363 1228 3615 1301; x_wconf 80' lang='lat' dir='ltr'><strong>judicia?</strong></span> 
     </span>
    </p>
   </div>
   <div class='ocr_carea' id='block_1_62' title="bbox 2043 1318 3712 1377">
    <p class='ocr_par' dir='ltr' id='par_1_62' title="bbox 2043 1318 3712 1377">
     <span class='ocr_line' id='line_1_62' title="bbox 2043 1318 3712 1377; baseline -0.001 -3"><span class='ocrx_word' id='word_1_409' title='bbox 2043 1320 2131 1374; x_wconf 83' lang='lat' dir='ltr'><strong>cui</strong></span> <span class='ocrx_word' id='word_1_410' title='bbox 2169 1328 2344 1373; x_wconf 86' lang='lat' dir='ltr'><strong>autem</strong></span> <span class='ocrx_word' id='word_1_411' title='bbox 2379 1318 2636 1374; x_wconf 64' lang='lat' dir='ltr'><strong>molestia</strong></span> <span class='ocrx_word' id='word_1_412' title='bbox 2674 1330 2725 1374; x_wconf 86' lang='lat' dir='ltr'><strong>et</strong></span> <span class='ocrx_word' id='word_1_413' title='bbox 2770 1323 2957 1376; x_wconf 75' lang='lat' dir='ltr'><strong>tricw?</strong></span> <span class='ocrx_word' id='word_1_414' title='bbox 2996 1323 3087 1376; x_wconf 85' lang='lat' dir='ltr'><strong>cui</strong></span> <span class='ocrx_word' id='word_1_415' title='bbox 3138 1322 3480 1377; x_wconf 80' lang='lat' dir='ltr'><strong>contritiones</strong></span> <span class='ocrx_word' id='word_1_416' title='bbox 3518 1338 3614 1376; x_wconf 77' lang='grc' dir='ltr'>ιιι·-</span> <span class='ocrx_word' id='word_1_417' title='bbox 3709 1354 3712 1357; x_wconf 96' lang='grc'><strong>-</strong></span> 
     </span>
    </p>
   </div>
   <div class='ocr_carea' id='block_1_63' title="bbox 2043 1409 3617 1483">
    <p class='ocr_par' dir='ltr' id='par_1_63' title="bbox 2043 1409 3617 1483">
     <span class='ocr_line' id='line_1_63' title="bbox 2043 1409 3617 1483; baseline 0.002 -20"><span class='ocrx_word' id='word_1_418' title='bbox 2043 1412 2362 1480; x_wconf 66' lang='lat' dir='ltr'><strong>parvarum?</strong></span> <span class='ocrx_word' id='word_1_419' title='bbox 2398 1410 2485 1464; x_wconf 85' lang='lat' dir='ltr'><strong>cui</strong></span> <span class='ocrx_word' id='word_1_420' title='bbox 2505 1409 2642 1463; x_wconf 85' lang='lat' dir='ltr'><strong>oculi</strong></span> <span class='ocrx_word' id='word_1_421' title='bbox 2677 1410 2830 1463; x_wconf 83' lang='lat' dir='ltr'><strong>lividi</strong></span> <span class='ocrx_word' id='word_1_422' title='bbox 2853 1412 2996 1466; x_wconf 83' lang='lat' dir='ltr'><strong>?Cui</strong></span> <span class='ocrx_word' id='word_1_423' title='bbox 3031 1413 3291 1481; x_wconf 86' lang='lat' dir='ltr'><strong>planctus</strong></span> <span class='ocrx_word' id='word_1_424' title='bbox 3311 1412 3566 1483; x_wconf 79' lang='lat' dir='ltr'><strong>lugubris</strong></span> <span class='ocrx_word' id='word_1_425' title='bbox 3590 1413 3617 1466; x_wconf 68' lang='grc' dir='ltr'><strong>’ἒ</strong></span> 
     </span>
    </p>
   </div>
   <div class='ocr_carea' id='block_1_64' title="bbox 2043 1500 3618 1574">
    <p class='ocr_par' dir='ltr' id='par_1_64' title="bbox 2043 1500 3618 1574">
     <span class='ocr_line' id='line_1_64' title="bbox 2043 1500 3618 1574; baseline -0.001 -16"><span class='ocrx_word' id='word_1_426' title='bbox 2043 1503 2134 1559; x_wconf 88' lang='lat' dir='ltr'><strong>cui</strong></span> <span class='ocrx_word' id='word_1_427' title='bbox 2181 1500 2471 1557; x_wconf 84' lang='lat' dir='ltr'><strong>dissidium</strong></span> <span class='ocrx_word' id='word_1_428' title='bbox 2505 1502 2529 1555; x_wconf 67' lang='grc' dir='ltr'><em>ἲ</em></span> <span class='ocrx_word' id='word_1_429' title='bbox 2555 1503 2643 1557; x_wconf 92' lang='lat' dir='ltr'><strong>cui</strong></span> <span class='ocrx_word' id='word_1_430' title='bbox 2672 1502 2932 1559; x_wconf 86' lang='lat' dir='ltr'><strong>similium</strong></span> <span class='ocrx_word' id='word_1_431' title='bbox 2959 1503 3084 1557; x_wconf 87' lang='lat' dir='ltr'><strong>odia</strong></span> <span class='ocrx_word' id='word_1_432' title='bbox 3118 1519 3182 1557; x_wconf 91' lang='lat' dir='ltr'><strong>ac</strong></span> <span class='ocrx_word' id='word_1_433' title='bbox 3211 1504 3564 1574; x_wconf 80' lang='lat' dir='ltr'><strong>garrulitates</strong></span> <span class='ocrx_word' id='word_1_434' title='bbox 3594 1504 3618 1556; x_wconf 73' lang='grc' dir='ltr'><strong><em>τ</em></strong></span> 
     </span>
    </p>
   </div>
   <div class='ocr_carea' id='block_1_65' title="bbox 2049 1593 3619 1652">
    <p class='ocr_par' dir='ltr' id='par_1_65' title="bbox 2049 1593 3619 1652">
     <span class='ocr_line' id='line_1_65' title="bbox 2049 1593 3619 1652; baseline 0.001 -3"><span class='ocrx_word' id='word_1_435' title='bbox 2049 1595 2139 1649; x_wconf 84' lang='lat' dir='ltr'><strong>eui</strong></span> <span class='ocrx_word' id='word_1_436' title='bbox 2169 1602 2403 1652; x_wconf 79' lang='lat' dir='ltr'><strong>eventus</strong></span> <span class='ocrx_word' id='word_1_437' title='bbox 2436 1594 2555 1649; x_wconf 86' lang='lat' dir='ltr'><strong>sine</strong></span> <span class='ocrx_word' id='word_1_438' title='bbox 2613 1593 2720 1648; x_wconf 84' lang='lat' dir='ltr'><strong>ulla</strong></span> <span class='ocrx_word' id='word_1_439' title='bbox 2756 1594 3045 1649; x_wconf 81' lang='lat' dir='ltr'><strong>utilitate?</strong></span> <span class='ocrx_word' id='word_1_440' title='bbox 3102 1596 3189 1650; x_wconf 91' lang='lat' dir='ltr'><strong>cui</strong></span> <span class='ocrx_word' id='word_1_441' title='bbox 3245 1596 3390 1650; x_wconf 84' lang='lat' dir='ltr'><strong>vires</strong></span> <span class='ocrx_word' id='word_1_442' title='bbox 3434 1595 3619 1651; x_wconf 72' lang='lat' dir='ltr'><strong>visivas</strong></span> 
     </span>
    </p>
   </div>
   <div class='ocr_carea' id='block_1_66' title="bbox 2046 1684 2315 1741">
    <p class='ocr_par' dir='ltr' id='par_1_66' title="bbox 2046 1684 2315 1741">
     <span class='ocr_line' id='line_1_66' title="bbox 2046 1684 2315 1741; baseline -0.004 -2"><span class='ocrx_word' id='word_1_443' title='bbox 2046 1684 2254 1741; x_wconf 81' lang='lat' dir='ltr'><strong>debiles</strong></span> <span class='ocrx_word' id='word_1_444' title='bbox 2290 1684 2315 1738; x_wconf 67' lang='grc' dir='ltr'>ἵ</span> 
     </span>
    </p>
   </div>
   <div class='ocr_carea' id='block_1_67' title="bbox 2112 1854 3620 1931">
    <p class='ocr_par' dir='ltr' id='par_1_67' title="bbox 2112 1854 3620 1931">
     <span class='ocr_line' id='line_1_67' title="bbox 2112 1854 3620 1931; baseline -0.001 -14"><span class='ocrx_word' id='word_1_445' title='bbox 2112 1859 2280 1917; x_wconf 71' lang='lat' dir='ltr'><strong>Vens.</strong></span> <span class='ocrx_word' id='word_1_446' title='bbox 2317 1859 2409 1915; x_wconf 79' lang='lat'><strong>&#39;50.</strong></span> <span class='ocrx_word' id='word_1_447' title='bbox 2443 1856 2632 1913; x_wconf 82' lang='lat' dir='ltr'><strong>Nonne</strong></span> <span class='ocrx_word' id='word_1_448' title='bbox 2658 1859 2738 1913; x_wconf 83' lang='lat' dir='ltr'><strong>his</strong></span> <span class='ocrx_word' id='word_1_449' title='bbox 2783 1859 2876 1931; x_wconf 83' lang='lat' dir='ltr'><strong>qui</strong></span> <span class='ocrx_word' id='word_1_450' title='bbox 2905 1865 3306 1913; x_wconf 73' lang='lat' dir='ltr'><strong>commorantur</strong></span> <span class='ocrx_word' id='word_1_451' title='bbox 3335 1858 3391 1912; x_wconf 85' lang='lat' dir='ltr'><strong>in</strong></span> <span class='ocrx_word' id='word_1_452' title='bbox 3421 1854 3541 1915; x_wconf 80' lang='lat' dir='ltr'><strong>vino</strong></span> <span class='ocrx_word' id='word_1_453' title='bbox 3567 1870 3620 1916; x_wconf 83' lang='lat' dir='ltr'><strong>et</strong></span> 
     </span>
    </p>
   </div>
   <div class='ocr_carea' id='block_1_68' title="bbox 2040 1949 3623 2019">
    <p class='ocr_par' dir='ltr' id='par_1_68' title="bbox 2040 1949 3623 2019">
     <span class='ocr_line' id='line_1_68' title="bbox 2040 1949 3623 2019; baseline -0.002 -10"><span class='ocrx_word' id='word_1_454' title='bbox 2040 1952 2250 2009; x_wconf 76' lang='lat' dir='ltr'><strong>student</strong></span> <span class='ocrx_word' id='word_1_455' title='bbox 2278 1951 2536 2006; x_wconf 74' lang='lat' dir='ltr'><strong>calicibus</strong></span> <span class='ocrx_word' id='word_1_456' title='bbox 2567 1951 2850 2019; x_wconf 80' lang='lat' dir='ltr'><strong>epotandis</strong></span> <span class='ocrx_word' id='word_1_457' title='bbox 2879 1954 2905 2007; x_wconf 70' lang='grc' dir='ltr'><em>γ</em></span> <span class='ocrx_word' id='word_1_458' title='bbox 2936 1950 3130 2004; x_wconf 77' lang='lat' dir='ltr'><strong>Nonne</strong></span> <span class='ocrx_word' id='word_1_459' title='bbox 3174 1949 3263 2004; x_wconf 88' lang='lat' dir='ltr'><strong>his</strong></span> <span class='ocrx_word' id='word_1_460' title='bbox 3294 1949 3386 2019; x_wconf 85' lang='lat' dir='ltr'><strong>qui</strong></span> <span class='ocrx_word' id='word_1_461' title='bbox 3424 1949 3623 2006; x_wconf 81' lang='lat' dir='ltr'><strong>immo-</strong></span> 
     </span>
    </p>
   </div>
   <div class='ocr_carea' id='block_1_69' title="bbox 2042 2034 3621 2109">
    <p class='ocr_par' dir='ltr' id='par_1_69' title="bbox 2042 2034 3621 2109">
     <span class='ocr_line' id='line_1_69' title="bbox 2042 2034 3621 2109; baseline -0.004 -12"><span class='ocrx_word' id='word_1_462' title='bbox 2042 2051 2236 2097; x_wconf 80' lang='lat' dir='ltr'><strong>rantur</strong></span> <span class='ocrx_word' id='word_1_463' title='bbox 2275 2043 2331 2095; x_wconf 93' lang='lat' dir='ltr'><strong>in</strong></span> <span class='ocrx_word' id='word_1_464' title='bbox 2392 2039 2728 2109; x_wconf 86' lang='lat' dir='ltr'><strong>apparentiis</strong></span> <span class='ocrx_word' id='word_1_465' title='bbox 2761 2038 3060 2095; x_wconf 77' lang='lat' dir='ltr'><strong>visibilium</strong></span> <span class='ocrx_word' id='word_1_466' title='bbox 3097 2050 3218 2107; x_wconf 66' lang='lat' dir='ltr'><strong>qua:</strong></span> <span class='ocrx_word' id='word_1_467' title='bbox 3253 2038 3397 2091; x_wconf 85' lang='lat' dir='ltr'><strong>sicut</strong></span> <span class='ocrx_word' id='word_1_468' title='bbox 3432 2034 3621 2091; x_wconf 83' lang='lat' dir='ltr'><strong>vinum</strong></span> 
     </span>
    </p>
   </div>
   <div class='ocr_carea' id='block_1_70' title="bbox 2043 2131 3620 2190">
    <p class='ocr_par' dir='ltr' id='par_1_70' title="bbox 2043 2131 3620 2190">
     <span class='ocr_line' id='line_1_70' title="bbox 2043 2131 3620 2190; baseline -0.003 -2"><span class='ocrx_word' id='word_1_469' title='bbox 2043 2144 2276 2190; x_wconf 84' lang='lat' dir='ltr'><strong>mentem</strong></span> <span class='ocrx_word' id='word_1_470' title='bbox 2300 2148 2371 2189; x_wconf 82' lang='lat' dir='ltr'><strong>ex</strong></span> <span class='ocrx_word' id='word_1_471' title='bbox 2415 2143 2562 2188; x_wconf 86' lang='lat' dir='ltr'><strong>statu</strong></span> <span class='ocrx_word' id='word_1_472' title='bbox 2602 2131 2841 2185; x_wconf 88' lang='lat' dir='ltr'><strong>naturali</strong></span> <span class='ocrx_word' id='word_1_473' title='bbox 2881 2131 2947 2184; x_wconf 87' lang='lat' dir='ltr'><strong>ad</strong></span> <span class='ocrx_word' id='word_1_474' title='bbox 2985 2138 3192 2186; x_wconf 84' lang='lat' dir='ltr'><strong>statum</strong></span> <span class='ocrx_word' id='word_1_475' title='bbox 3225 2138 3417 2185; x_wconf 80' lang='lat' dir='ltr'><strong>contra</strong></span> <span class='ocrx_word' id='word_1_476' title='bbox 3451 2139 3620 2184; x_wconf 88' lang='lat' dir='ltr'><strong>natu-</strong></span> 
     </span>
    </p>
   </div>
   <div class='ocr_carea' id='block_1_71' title="bbox 2043 2218 3620 2291">
    <p class='ocr_par' dir='ltr' id='par_1_71' title="bbox 2043 2218 3620 2291">
     <span class='ocr_line' id='line_1_71' title="bbox 2043 2218 3620 2291; baseline -0.005 -12"><span class='ocrx_word' id='word_1_477' title='bbox 2043 2240 2160 2279; x_wconf 91' lang='lat' dir='ltr'><strong>ram</strong></span> <span class='ocrx_word' id='word_1_478' title='bbox 2196 2222 2589 2280; x_wconf 80' lang='lat' dir='ltr'><strong>transierunt?</strong></span> <span class='ocrx_word' id='word_1_479' title='bbox 2618 2238 2725 2277; x_wconf 90' lang='lat' dir='ltr'><strong>non</strong></span> <span class='ocrx_word' id='word_1_480' title='bbox 2780 2221 2865 2276; x_wconf 87' lang='lat' dir='ltr'><strong>bis</strong></span> <span class='ocrx_word' id='word_1_481' title='bbox 2895 2220 2988 2291; x_wconf 91' lang='lat' dir='ltr'><strong>qui</strong></span> <span class='ocrx_word' id='word_1_482' title='bbox 3039 2228 3290 2290; x_wconf 68' lang='lat' dir='ltr'><strong>quaerunt</strong></span> <span class='ocrx_word' id='word_1_483' title='bbox 3328 2219 3422 2273; x_wconf 88' lang='lat' dir='ltr'><strong>ubi</strong></span> <span class='ocrx_word' id='word_1_484' title='bbox 3460 2218 3620 2289; x_wconf 88' lang='lat' dir='ltr'><strong>plena</strong></span> 
     </span>
    </p>
   </div>
   <div class='ocr_carea' id='block_1_72' title="bbox 2043 2307 3623 2383">
    <p class='ocr_par' dir='ltr' id='par_1_72' title="bbox 2043 2307 3623 2383">
     <span class='ocr_line' id='line_1_72' title="bbox 2043 2307 3623 2383; baseline -0.006 -13"><span class='ocrx_word' id='word_1_485' title='bbox 2043 2328 2301 2370; x_wconf 87' lang='lat' dir='ltr'><strong>mensura</strong></span> <span class='ocrx_word' id='word_1_486' title='bbox 2323 2314 2379 2368; x_wconf 88' lang='lat' dir='ltr'><strong>lit</strong></span> <span class='ocrx_word' id='word_1_487' title='bbox 2410 2312 2641 2368; x_wconf 73' lang='lat' dir='ltr'><strong>turbidae</strong></span> <span class='ocrx_word' id='word_1_488' title='bbox 2664 2314 2872 2381; x_wconf 81' lang='lat' dir='ltr'><strong>peccati</strong></span> <span class='ocrx_word' id='word_1_489' title='bbox 2905 2311 3205 2383; x_wconf 79' lang='lat' dir='ltr'><strong>potationis</strong></span> <span class='ocrx_word' id='word_1_490' title='bbox 3229 2307 3623 2380; x_wconf 71' lang='lat' dir='ltr'><strong>participatioi</strong></span> 
     </span>
    </p>
   </div>
   <div class='ocr_carea' id='block_1_73' title="bbox 2043 2387 3621 2476">
    <p class='ocr_par' dir='ltr' id='par_1_73' title="bbox 2043 2387 3621 2476">
     <span class='ocr_line' id='line_1_73' title="bbox 2043 2387 3621 2476; baseline -0.004 -16"><span class='ocrx_word' id='word_1_491' title='bbox 2043 2405 2256 2460; x_wconf 86' lang='lat' dir='ltr'><strong>Etenim</strong></span> <span class='ocrx_word' id='word_1_492' title='bbox 2310 2387 2403 2476; x_wconf 86' lang='lat' dir='ltr'><strong>qui</strong></span> <span class='ocrx_word' id='word_1_493' title='bbox 2437 2406 2793 2475; x_wconf 85' lang='lat' dir='ltr'><strong>speculativis</strong></span> <span class='ocrx_word' id='word_1_494' title='bbox 2823 2404 3020 2459; x_wconf 73' lang='lat' dir='ltr'><strong>anima:</strong></span> <span class='ocrx_word' id='word_1_495' title='bbox 3053 2400 3321 2473; x_wconf 79' lang='lat' dir='ltr'><strong>potentiis</strong></span> <span class='ocrx_word' id='word_1_496' title='bbox 3356 2399 3621 2459; x_wconf 82' lang='lat' dir='ltr'><strong>inﬁrmus</strong></span> 
     </span>
    </p>
   </div>
   <div class='ocr_carea' id='block_1_74' title="bbox 2043 2479 3623 2567">
    <p class='ocr_par' dir='ltr' id='par_1_74' title="bbox 2043 2479 3623 2567">
     <span class='ocr_line' id='line_1_74' title="bbox 2043 2479 3623 2567; baseline -0.008 -12"><span class='ocrx_word' id='word_1_497' title='bbox 2043 2506 2150 2563; x_wconf 89' lang='lat' dir='ltr'><strong>est,</strong></span> <span class='ocrx_word' id='word_1_498' title='bbox 2173 2512 2284 2552; x_wconf 91' lang='lat' dir='ltr'><strong>non</strong></span> <span class='ocrx_word' id='word_1_499' title='bbox 2306 2497 2495 2552; x_wconf 84' lang='lat' dir='ltr'><strong>valens</strong></span> <span class='ocrx_word' id='word_1_500' title='bbox 2518 2479 2613 2567; x_wconf 71' lang='lat' dir='ltr'><strong>per</strong></span> <span class='ocrx_word' id='word_1_501' title='bbox 2639 2503 2874 2550; x_wconf 85' lang='lat' dir='ltr'><strong>mentem</strong></span> <span class='ocrx_word' id='word_1_502' title='bbox 2910 2493 2978 2549; x_wconf 90' lang='lat' dir='ltr'><strong>ad</strong></span> <span class='ocrx_word' id='word_1_503' title='bbox 3014 2494 3260 2549; x_wconf 81' lang='lat' dir='ltr'><strong>rationes</strong></span> <span class='ocrx_word' id='word_1_504' title='bbox 3282 2506 3463 2546; x_wconf 88' lang='lat' dir='ltr'><strong>rerum</strong></span> <span class='ocrx_word' id='word_1_505' title='bbox 3507 2505 3623 2559; x_wconf 85' lang='lat' dir='ltr'><strong>per-</strong></span> 
     </span>
    </p>
   </div>
   <div class='ocr_carea' id='block_1_75' title="bbox 2045 2583 3622 2662">
    <p class='ocr_par' dir='ltr' id='par_1_75' title="bbox 2045 2583 3622 2662">
     <span class='ocr_line' id='line_1_75' title="bbox 2045 2583 3622 2662; baseline -0.002 -20"><span class='ocrx_word' id='word_1_506' title='bbox 2045 2591 2250 2657; x_wconf 89' lang='lat' dir='ltr'><strong>venire,</strong></span> <span class='ocrx_word' id='word_1_507' title='bbox 2288 2591 2418 2662; x_wconf 85' lang='lat' dir='ltr'><strong>quia</strong></span> <span class='ocrx_word' id='word_1_508' title='bbox 2458 2605 2556 2660; x_wconf 89' lang='lat' dir='ltr'><strong>per</strong></span> <span class='ocrx_word' id='word_1_509' title='bbox 2580 2604 2801 2645; x_wconf 87' lang='lat' dir='ltr'><strong>sensum</strong></span> <span class='ocrx_word' id='word_1_510' title='bbox 2849 2587 3231 2644; x_wconf 79' lang='lat' dir='ltr'><strong>exsistentium</strong></span> <span class='ocrx_word' id='word_1_511' title='bbox 3284 2583 3622 2656; x_wconf 84' lang='lat' dir='ltr'><strong>apparentiis</strong></span> 
     </span>
    </p>
   </div>
   <div class='ocr_carea' id='block_1_76' title="bbox 2046 2677 3619 2751">
    <p class='ocr_par' dir='ltr' id='par_1_76' title="bbox 2046 2677 3619 2751">
     <span class='ocr_line' id='line_1_76' title="bbox 2046 2677 3619 2751; baseline -0.006 -13"><span class='ocrx_word' id='word_1_512' title='bbox 2046 2684 2391 2745; x_wconf 89' lang='lat' dir='ltr'><strong>immoratur,</strong></span> <span class='ocrx_word' id='word_1_513' title='bbox 2418 2681 2487 2737; x_wconf 86' lang='lat' dir='ltr'><strong>de</strong></span> <span class='ocrx_word' id='word_1_514' title='bbox 2516 2697 2707 2737; x_wconf 87' lang='lat' dir='ltr'><strong>eorum</strong></span> <span class='ocrx_word' id='word_1_515' title='bbox 2744 2681 3099 2751; x_wconf 88' lang='lat' dir='ltr'><strong>corruptione</strong></span> <span class='ocrx_word' id='word_1_516' title='bbox 3137 2677 3303 2733; x_wconf 87' lang='lat' dir='ltr'><strong>dolet.</strong></span> <span class='ocrx_word' id='word_1_517' title='bbox 3340 2677 3475 2731; x_wconf 90' lang='lat' dir='ltr'><strong>Cum</strong></span> <span class='ocrx_word' id='word_1_518' title='bbox 3521 2690 3619 2729; x_wconf 87' lang='lat' dir='ltr'><strong>au-</strong></span> 
     </span>
    </p>
   </div>
   <div class='ocr_carea' id='block_1_77' title="bbox 2047 2767 3614 2837">
    <p class='ocr_par' dir='ltr' id='par_1_77' title="bbox 2047 2767 3614 2837">
     <span class='ocr_line' id='line_1_77' title="bbox 2047 2767 3614 2837; baseline -0.006 -9"><span class='ocrx_word' id='word_1_519' title='bbox 2047 2781 2155 2828; x_wconf 85' lang='lat' dir='ltr'><strong>tem</strong></span> <span class='ocrx_word' id='word_1_520' title='bbox 2198 2774 2291 2828; x_wconf 85' lang='lat' dir='ltr'><strong>illa</strong></span> <span class='ocrx_word' id='word_1_521' title='bbox 2330 2772 2582 2829; x_wconf 87' lang='lat' dir='ltr'><strong>stabilire</strong></span> <span class='ocrx_word' id='word_1_522' title='bbox 2612 2772 2817 2828; x_wconf 80' lang='lat' dir='ltr'><strong>frustra</strong></span> <span class='ocrx_word' id='word_1_523' title='bbox 2871 2781 3066 2836; x_wconf 90' lang='lat' dir='ltr'><strong>tentat,</strong></span> <span class='ocrx_word' id='word_1_524' title='bbox 3104 2768 3295 2824; x_wconf 90' lang='lat' dir='ltr'><strong>incidit</strong></span> <span class='ocrx_word' id='word_1_525' title='bbox 3326 2768 3379 2821; x_wconf 90' lang='lat' dir='ltr'><strong>in</strong></span> <span class='ocrx_word' id='word_1_526' title='bbox 3411 2767 3614 2837; x_wconf 82' lang='lat' dir='ltr'><strong>cogita-</strong></span> 
     </span>
    </p>
   </div>
   <div class='ocr_carea' id='block_1_78' title="bbox 2048 2861 3618 2935">
    <p class='ocr_par' dir='ltr' id='par_1_78' title="bbox 2048 2861 3618 2935">
     <span class='ocr_line' id='line_1_78' title="bbox 2048 2861 3618 2935; baseline -0.006 -15"><span class='ocrx_word' id='word_1_527' title='bbox 2048 2865 2225 2922; x_wconf 90' lang='lat' dir='ltr'><strong>tiones</strong></span> <span class='ocrx_word' id='word_1_528' title='bbox 2253 2880 2583 2935; x_wconf 78' lang='lat' dir='ltr'><strong>magnOpere</strong></span> <span class='ocrx_word' id='word_1_529' title='bbox 2613 2880 2736 2920; x_wconf 89' lang='lat' dir='ltr'><strong>eum</strong></span> <span class='ocrx_word' id='word_1_530' title='bbox 2768 2866 3148 2920; x_wconf 88' lang='lat' dir='ltr'><strong>molestanles.</strong></span> <span class='ocrx_word' id='word_1_531' title='bbox 3184 2863 3248 2915; x_wconf 82' lang='lat' dir='ltr'><strong>Et</strong></span> <span class='ocrx_word' id='word_1_532' title='bbox 3274 2861 3344 2914; x_wconf 86' lang='lat' dir='ltr'><strong>ob</strong></span> <span class='ocrx_word' id='word_1_533' title='bbox 3375 2873 3618 2913; x_wconf 74' lang='lat' dir='ltr'><strong>amorem</strong></span> 
     </span>
    </p>
   </div>
   <div class='ocr_carea' id='block_1_79' title="bbox 2048 2951 3621 3025">
    <p class='ocr_par' dir='ltr' id='par_1_79' title="bbox 2048 2951 3621 3025">
     <span class='ocr_line' id='line_1_79' title="bbox 2048 2951 3621 3025; baseline -0.008 -12"><span class='ocrx_word' id='word_1_534' title='bbox 2048 2964 2392 3013; x_wconf 86' lang='lat' dir='ltr'><strong>terrenorum</strong></span> <span class='ocrx_word' id='word_1_535' title='bbox 2423 2971 2549 3011; x_wconf 89' lang='lat' dir='ltr'><strong>cum</strong></span> <span class='ocrx_word' id='word_1_536' title='bbox 2583 2955 2856 3011; x_wconf 80' lang='lat' dir='ltr'><strong>similibus</strong></span> <span class='ocrx_word' id='word_1_537' title='bbox 2890 2962 3116 3025; x_wconf 81' lang='lat' dir='ltr'><strong>pugnat.</strong></span> <span class='ocrx_word' id='word_1_538' title='bbox 3160 2951 3268 3007; x_wconf 86' lang='lat' dir='ltr'><strong>Eos</strong></span> <span class='ocrx_word' id='word_1_539' title='bbox 3313 2957 3621 3017; x_wconf 74' lang='lat' dir='ltr'><strong>aversatur,</strong></span> 
     </span>
    </p>
   </div>
   <div class='ocr_carea' id='block_1_80' title="bbox 2046 3041 3453 3118">
    <p class='ocr_par' dir='ltr' id='par_1_80' title="bbox 2046 3041 3453 3118">
     <span class='ocr_line' id='line_1_80' title="bbox 2046 3041 3453 3118; baseline -0.008 -14"><span class='ocrx_word' id='word_1_540' title='bbox 2046 3048 2394 3115; x_wconf 80' lang='lat' dir='ltr'><strong>criminatur,</strong></span> <span class='ocrx_word' id='word_1_541' title='bbox 2430 3059 2485 3104; x_wconf 90' lang='lat' dir='ltr'><strong>et</strong></span> <span class='ocrx_word' id='word_1_542' title='bbox 2503 3045 2734 3118; x_wconf 89' lang='lat' dir='ltr'><strong>peritde</strong></span> <span class='ocrx_word' id='word_1_543' title='bbox 2763 3045 2874 3102; x_wconf 89' lang='lat' dir='ltr'><strong>illis</strong></span> <span class='ocrx_word' id='word_1_544' title='bbox 2902 3044 3107 3100; x_wconf 81' lang='lat' dir='ltr'><strong>frustra</strong></span> <span class='ocrx_word' id='word_1_545' title='bbox 3145 3041 3453 3098; x_wconf 82' lang='lat' dir='ltr'><strong>oll&#39;endcns.</strong></span> 
     </span>
    </p>
   </div>
   <div class='ocr_carea' id='block_1_81' title="bbox 2115 3329 3622 3396">
    <p class='ocr_par' dir='ltr' id='par_1_81' title="bbox 2115 3329 3622 3396">
     <span class='ocr_line' id='line_1_81' title="bbox 2115 3329 3622 3396; baseline -0.003 -8"><span class='ocrx_word' id='word_1_546' title='bbox 2115 3332 2289 3390; x_wconf 76' lang='lat' dir='ltr'><strong>Vens.</strong></span> <span class='ocrx_word' id='word_1_547' title='bbox 2321 3332 2416 3389; x_wconf 76' lang='lat' dir='ltr'><strong>3i.</strong></span> <span class='ocrx_word' id='word_1_548' title='bbox 2454 3330 2637 3387; x_wconf 84' lang='lat' dir='ltr'><strong>Nolite</strong></span> <span class='ocrx_word' id='word_1_549' title='bbox 2678 3330 2935 3387; x_wconf 84' lang='lat' dir='ltr'><strong>inebriari</strong></span> <span class='ocrx_word' id='word_1_550' title='bbox 2962 3330 3020 3384; x_wconf 90' lang='lat' dir='ltr'><strong>in</strong></span> <span class='ocrx_word' id='word_1_551' title='bbox 3049 3330 3188 3396; x_wconf 79' lang='lat' dir='ltr'><strong>vino,</strong></span> <span class='ocrx_word' id='word_1_552' title='bbox 3213 3329 3305 3384; x_wconf 84' lang='lat' dir='ltr'><strong>sed</strong></span> <span class='ocrx_word' id='word_1_553' title='bbox 3339 3344 3622 3386; x_wconf 79' lang='lat' dir='ltr'><strong>conversa-</strong></span> 
     </span>
    </p>
   </div>
   <div class='ocr_carea' id='block_1_82' title="bbox 2047 3415 3622 3489">
    <p class='ocr_par' dir='ltr' id='par_1_82' title="bbox 2047 3415 3622 3489">
     <span class='ocr_line' id='line_1_82' title="bbox 2047 3415 3622 3489; baseline -0.006 -11"><span class='ocrx_word' id='word_1_554' title='bbox 2047 3423 2179 3478; x_wconf 85' lang='lat' dir='ltr'><strong>mini</strong></span> <span class='ocrx_word' id='word_1_555' title='bbox 2208 3438 2326 3477; x_wconf 87' lang='lat' dir='ltr'><strong>cum</strong></span> <span class='ocrx_word' id='word_1_556' title='bbox 2359 3421 2659 3476; x_wconf 82' lang='lat' dir='ltr'><strong>hominibus</strong></span> <span class='ocrx_word' id='word_1_557' title='bbox 2680 3420 2871 3489; x_wconf 76' lang='lat' dir='ltr'><strong>justis,</strong></span> <span class='ocrx_word' id='word_1_558' title='bbox 2902 3427 2953 3472; x_wconf 85' lang='lat' dir='ltr'><strong>et</strong></span> <span class='ocrx_word' id='word_1_559' title='bbox 2987 3417 3371 3473; x_wconf 78' lang='lat' dir='ltr'><strong>conrersamini</strong></span> <span class='ocrx_word' id='word_1_560' title='bbox 3404 3416 3458 3468; x_wconf 86' lang='lat' dir='ltr'><strong>in</strong></span> <span class='ocrx_word' id='word_1_561' title='bbox 3491 3415 3622 3474; x_wconf 79' lang='lat' dir='ltr'><strong>locis</strong></span> 
     </span>
    </p>
   </div>
   <div class='ocr_carea' id='block_1_83' title="bbox 2046 3507 3623 3582">
    <p class='ocr_par' dir='ltr' id='par_1_83' title="bbox 2046 3507 3623 3582">
     <span class='ocr_line' id='line_1_83' title="bbox 2046 3507 3623 3582; baseline -0.004 -15"><span class='ocrx_word' id='word_1_562' title='bbox 2046 3514 2516 3571; x_wconf 83' lang='lat' dir='ltr'><strong>deambulationis.</strong></span> <span class='ocrx_word' id='word_1_563' title='bbox 2563 3511 2689 3569; x_wconf 83' lang='lat' dir='ltr'><strong>ideo</strong></span> <span class='ocrx_word' id='word_1_564' title='bbox 2732 3511 2904 3571; x_wconf 80' lang='lat' dir='ltr'><strong>nolite</strong></span> <span class='ocrx_word' id='word_1_565' title='bbox 2960 3523 3232 3580; x_wconf 89' lang='lat' dir='ltr'><strong>apponere</strong></span> <span class='ocrx_word' id='word_1_566' title='bbox 3272 3515 3507 3563; x_wconf 89' lang='lat' dir='ltr'><strong>mentem</strong></span> <span class='ocrx_word' id='word_1_567' title='bbox 3544 3507 3623 3582; x_wconf 84' lang='lat' dir='ltr'><strong>in</strong></span> 
     </span>
    </p>
   </div>
   <div class='ocr_carea' id='block_1_84' title="bbox 2049 3597 3623 3663">
    <p class='ocr_par' dir='ltr' id='par_1_84' title="bbox 2049 3597 3623 3663">
     <span class='ocr_line' id='line_1_84' title="bbox 2049 3597 3623 3663; baseline -0.006 -3"><span class='ocrx_word' id='word_1_568' title='bbox 2049 3604 2299 3661; x_wconf 86' lang='lat' dir='ltr'><strong>sensibili</strong></span> <span class='ocrx_word' id='word_1_569' title='bbox 2320 3604 2619 3659; x_wconf 86' lang='lat' dir='ltr'><strong>visibilium</strong></span> <span class='ocrx_word' id='word_1_570' title='bbox 2639 3600 3108 3663; x_wconf 86' lang='lat' dir='ltr'><strong>consideratione,</strong></span> <span class='ocrx_word' id='word_1_571' title='bbox 3130 3599 3278 3653; x_wconf 86' lang='lat' dir='ltr'><strong>illam</strong></span> <span class='ocrx_word' id='word_1_572' title='bbox 3308 3598 3377 3654; x_wconf 87' lang='lat' dir='ltr'><strong>iis</strong></span> <span class='ocrx_word' id='word_1_573' title='bbox 3400 3597 3623 3652; x_wconf 86' lang='lat' dir='ltr'><strong>irratio-</strong></span> 
     </span>
    </p>
   </div>
   <div class='ocr_carea' id='block_1_85' title="bbox 2049 3691 3626 3766">
    <p class='ocr_par' dir='ltr' id='par_1_85' title="bbox 2049 3691 3626 3766">
     <span class='ocr_line' id='line_1_85' title="bbox 2049 3691 3626 3766; baseline -0.006 -14"><span class='ocrx_word' id='word_1_574' title='bbox 2049 3697 2248 3752; x_wconf 87' lang='lat' dir='ltr'><strong>naliter</strong></span> <span class='ocrx_word' id='word_1_575' title='bbox 2273 3697 2607 3766; x_wconf 86' lang='lat' dir='ltr'><strong>applicantes</strong></span> <span class='ocrx_word' id='word_1_576' title='bbox 2635 3694 2766 3759; x_wconf 90' lang='lat' dir='ltr'><strong>;sed</strong></span> <span class='ocrx_word' id='word_1_577' title='bbox 2801 3691 3205 3748; x_wconf 82' lang='lat' dir='ltr'><strong>conversamini</strong></span> <span class='ocrx_word' id='word_1_578' title='bbox 3254 3705 3379 3747; x_wconf 89' lang='lat' dir='ltr'><strong>cum</strong></span> <span class='ocrx_word' id='word_1_579' title='bbox 3421 3704 3626 3760; x_wconf 71' lang='lat' dir='ltr'><strong>praeco.</strong></span> 
     </span>
    </p>
   </div>
   <div class='ocr_carea' id='block_1_86' title="bbox 2049 3780 3622 3858">
    <p class='ocr_par' dir='ltr' id='par_1_86' title="bbox 2049 3780 3622 3858">
     <span class='ocr_line' id='line_1_86' title="bbox 2049 3780 3622 3858; baseline -0.003 -17"><span class='ocrx_word' id='word_1_580' title='bbox 2049 3786 2300 3858; x_wconf 87' lang='lat' dir='ltr'><strong>ptoribus</strong></span> <span class='ocrx_word' id='word_1_581' title='bbox 2339 3786 2433 3855; x_wconf 89' lang='lat' dir='ltr'><strong>qui</strong></span> <span class='ocrx_word' id='word_1_582' title='bbox 2463 3784 2662 3855; x_wconf 91' lang='lat' dir='ltr'><strong>cuique</strong></span> <span class='ocrx_word' id='word_1_583' title='bbox 2705 3785 2902 3839; x_wconf 61' lang='lat' dir='ltr'><strong>anima:</strong></span> <span class='ocrx_word' id='word_1_584' title='bbox 2955 3783 3214 3854; x_wconf 73' lang='lat' dir='ltr'><strong>potentia:</strong></span> <span class='ocrx_word' id='word_1_585' title='bbox 3242 3780 3386 3852; x_wconf 92' lang='lat' dir='ltr'><strong>quod</strong></span> <span class='ocrx_word' id='word_1_586' title='bbox 3419 3796 3622 3836; x_wconf 78' lang='lat' dir='ltr'><strong>conve-</strong></span> 
     </span>
    </p>
   </div>
   <div class='ocr_carea' id='block_1_87' title="bbox 2050 3872 3624 3946">
    <p class='ocr_par' dir='ltr' id='par_1_87' title="bbox 2050 3872 3624 3946">
     <span class='ocr_line' id='line_1_87' title="bbox 2050 3872 3624 3946; baseline -0.004 -15"><span class='ocrx_word' id='word_1_587' title='bbox 2050 3878 2133 3931; x_wconf 89' lang='lat' dir='ltr'><strong>nit</strong></span> <span class='ocrx_word' id='word_1_588' title='bbox 2157 3876 2480 3946; x_wconf 76' lang='lat' dir='ltr'><strong>assignant;</strong></span> <span class='ocrx_word' id='word_1_589' title='bbox 2506 3882 2703 3929; x_wconf 85' lang='lat' dir='ltr'><strong>etcum</strong></span> <span class='ocrx_word' id='word_1_590' title='bbox 2724 3873 2836 3930; x_wconf 84' lang='lat' dir='ltr'><strong>illis</strong></span> <span class='ocrx_word' id='word_1_591' title='bbox 2874 3872 3278 3928; x_wconf 87' lang='lat' dir='ltr'><strong>conversamini</strong></span> <span class='ocrx_word' id='word_1_592' title='bbox 3309 3872 3366 3927; x_wconf 79' lang='lat' dir='ltr'><strong>in</strong></span> <span class='ocrx_word' id='word_1_593' title='bbox 3387 3872 3624 3931; x_wconf 89' lang='lat' dir='ltr'><strong>transitu</strong></span> 
     </span>
    </p>
   </div>
   <div class='ocr_carea' id='block_1_88' title="bbox 2050 3964 3622 4040">
    <p class='ocr_par' dir='ltr' id='par_1_88' title="bbox 2050 3964 3622 4040">
     <span class='ocr_line' id='line_1_88' title="bbox 2050 3964 3622 4040; baseline -0.003 -17"><span class='ocrx_word' id='word_1_594' title='bbox 2050 3984 2147 4040; x_wconf 88' lang='lat' dir='ltr'><strong>per</strong></span> <span class='ocrx_word' id='word_1_595' title='bbox 2184 3968 2613 4037; x_wconf 86' lang='lat' dir='ltr'><strong>speculationem</strong></span> <span class='ocrx_word' id='word_1_596' title='bbox 2643 3982 2675 4022; x_wconf 89' lang='lat' dir='ltr'><strong>a</strong></span> <span class='ocrx_word' id='word_1_597' title='bbox 2718 3965 3074 4023; x_wconf 84' lang='lat' dir='ltr'><strong>sensibilibus</strong></span> <span class='ocrx_word' id='word_1_598' title='bbox 3102 3965 3168 4019; x_wconf 89' lang='lat' dir='ltr'><strong>ad</strong></span> <span class='ocrx_word' id='word_1_599' title='bbox 3205 3964 3622 4020; x_wconf 83' lang='lat' dir='ltr'><strong>intellectualia.</strong></span> 
     </span>
    </p>
   </div>
   <div class='ocr_carea' id='block_1_89' title="bbox 2122 4056 3625 4128">
    <p class='ocr_par' dir='ltr' id='par_1_89' title="bbox 2122 4056 3625 4128">
     <span class='ocr_line' id='line_1_89' title="bbox 2122 4056 3625 4128; baseline -0.002 -14"><span class='ocrx_word' id='word_1_600' title='bbox 2122 4059 2267 4115; x_wconf 89' lang='lat' dir='ltr'><strong>Nam</strong></span> <span class='ocrx_word' id='word_1_601' title='bbox 2288 4062 2334 4114; x_wconf 85' lang='lat' dir='ltr'><strong>si</strong></span> <span class='ocrx_word' id='word_1_602' title='bbox 2360 4061 2412 4114; x_wconf 86' lang='lat' dir='ltr'><strong>in</strong></span> <span class='ocrx_word' id='word_1_603' title='bbox 2460 4059 2669 4128; x_wconf 77' lang='lat' dir='ltr'><strong>phialas</strong></span> <span class='ocrx_word' id='word_1_604' title='bbox 2693 4067 2743 4112; x_wconf 87' lang='lat' dir='ltr'><strong>et</strong></span> <span class='ocrx_word' id='word_1_605' title='bbox 2785 4057 2977 4125; x_wconf 83' lang='lat' dir='ltr'><strong>pocula</strong></span> <span class='ocrx_word' id='word_1_606' title='bbox 3024 4056 3232 4111; x_wconf 84' lang='lat' dir='ltr'><strong>dederis</strong></span> <span class='ocrx_word' id='word_1_607' title='bbox 3261 4057 3440 4112; x_wconf 81' lang='lat' dir='ltr'><strong>oculos</strong></span> <span class='ocrx_word' id='word_1_608' title='bbox 3481 4066 3625 4123; x_wconf 77' lang='lat' dir='ltr'><strong>tuos,</strong></span> 
     </span>
    </p>
   </div>
   <div class='ocr_carea' id='block_1_90' title="bbox 2049 4148 3626 4223">
    <p class='ocr_par' dir='ltr' id='par_1_90' title="bbox 2049 4148 3626 4223">
     <span class='ocr_line' id='line_1_90' title="bbox 2049 4148 3626 4223; baseline -0.003 -15"><span class='ocrx_word' id='word_1_609' title='bbox 2049 4161 2230 4223; x_wconf 82' lang='lat' dir='ltr'><strong>postea</strong></span> <span class='ocrx_word' id='word_1_610' title='bbox 2261 4152 2559 4206; x_wconf 76' lang='lat' dir='ltr'><strong>ambulabis</strong></span> <span class='ocrx_word' id='word_1_611' title='bbox 2582 4148 2776 4204; x_wconf 84' lang='lat' dir='ltr'><strong>nudior</strong></span> <span class='ocrx_word' id='word_1_612' title='bbox 2800 4150 3027 4220; x_wconf 82' lang='lat' dir='ltr'><strong>pistillo.</strong></span> <span class='ocrx_word' id='word_1_613' title='bbox 3065 4149 3130 4204; x_wconf 77' lang='lat' dir='ltr'><strong>Si</strong></span> <span class='ocrx_word' id='word_1_614' title='bbox 3153 4149 3298 4204; x_wconf 90' lang='lat' dir='ltr'><strong>enim</strong></span> <span class='ocrx_word' id='word_1_615' title='bbox 3324 4150 3626 4220; x_wconf 89' lang='lat' dir='ltr'><strong>speculati-</strong></span> 
     </span>
    </p>
   </div>
   <div class='ocr_carea' id='block_1_91' title="bbox 2053 4236 3628 4310">
    <p class='ocr_par' dir='ltr' id='par_1_91' title="bbox 2053 4236 3628 4310">
     <span class='ocr_line' id='line_1_91' title="bbox 2053 4236 3628 4310; baseline -0.006 -13"><span class='ocrx_word' id='word_1_616' title='bbox 2053 4259 2149 4299; x_wconf 86' lang='lat' dir='ltr'><strong>vas</strong></span> <span class='ocrx_word' id='word_1_617' title='bbox 2194 4240 2389 4299; x_wconf 71' lang='lat' dir='ltr'><strong>anima:</strong></span> <span class='ocrx_word' id='word_1_618' title='bbox 2419 4248 2526 4295; x_wconf 83' lang='lat' dir='ltr'><strong>tuae</strong></span> <span class='ocrx_word' id='word_1_619' title='bbox 2555 4238 2830 4310; x_wconf 80' lang='lat' dir='ltr'><strong>potentias</strong></span> <span class='ocrx_word' id='word_1_620' title='bbox 2864 4238 2921 4294; x_wconf 86' lang='lat' dir='ltr'><strong>in</strong></span> <span class='ocrx_word' id='word_1_621' title='bbox 2955 4237 3102 4293; x_wconf 87' lang='lat' dir='ltr'><strong>solas</strong></span> <span class='ocrx_word' id='word_1_622' title='bbox 3132 4236 3427 4292; x_wconf 78' lang='lat' dir='ltr'><strong>visibilium</strong></span> <span class='ocrx_word' id='word_1_623' title='bbox 3454 4251 3628 4308; x_wconf 81' lang='lat' dir='ltr'><strong>appa-</strong></span> 
     </span>
    </p>
   </div>
   <div class='ocr_carea' id='block_1_92' title="bbox 2053 4329 3628 4404">
    <p class='ocr_par' dir='ltr' id='par_1_92' title="bbox 2053 4329 3628 4404">
     <span class='ocr_line' id='line_1_92' title="bbox 2053 4329 3628 4404; baseline -0.002 -13"><span class='ocrx_word' id='word_1_624' title='bbox 2053 4336 2261 4391; x_wconf 88' lang='lat' dir='ltr'><strong>rentias</strong></span> <span class='ocrx_word' id='word_1_625' title='bbox 2296 4348 2418 4404; x_wconf 60' lang='lat' dir='ltr'><strong>quae</strong></span> <span class='ocrx_word' id='word_1_626' title='bbox 2443 4342 2502 4387; x_wconf 92' lang='lat' dir='ltr'><strong>ut</strong></span> <span class='ocrx_word' id='word_1_627' title='bbox 2534 4332 2731 4402; x_wconf 64' lang='lat' dir='ltr'><strong>phialae</strong></span> <span class='ocrx_word' id='word_1_628' title='bbox 2773 4339 2828 4386; x_wconf 84' lang='lat' dir='ltr'><strong>et</strong></span> <span class='ocrx_word' id='word_1_629' title='bbox 2872 4331 3069 4402; x_wconf 88' lang='lat' dir='ltr'><strong>pocula</strong></span> <span class='ocrx_word' id='word_1_630' title='bbox 3108 4329 3352 4400; x_wconf 84' lang='lat' dir='ltr'><strong>recipere</strong></span> <span class='ocrx_word' id='word_1_631' title='bbox 3389 4338 3628 4402; x_wconf 83' lang='lat' dir='ltr'><strong>possunt</strong></span> 
     </span>
    </p>
   </div>
   <div class='ocr_carea' id='block_1_93' title="bbox 2054 4420 3626 4491">
    <p class='ocr_par' dir='ltr' id='par_1_93' title="bbox 2054 4420 3626 4491">
     <span class='ocr_line' id='line_1_93' title="bbox 2054 4420 3626 4491; baseline -0.004 -8"><span class='ocrx_word' id='word_1_632' title='bbox 2054 4428 2252 4483; x_wconf 64' lang='lat' dir='ltr'><strong>divinae</strong></span> <span class='ocrx_word' id='word_1_633' title='bbox 2288 4425 2531 4481; x_wconf 72' lang='lat' dir='ltr'><strong>scientiae</strong></span> <span class='ocrx_word' id='word_1_634' title='bbox 2600 4422 2887 4489; x_wconf 84' lang='lat' dir='ltr'><strong>ﬂuentum,</strong></span> <span class='ocrx_word' id='word_1_635' title='bbox 2936 4420 3177 4487; x_wconf 91' lang='lat' dir='ltr'><strong>dederis,</strong></span> <span class='ocrx_word' id='word_1_636' title='bbox 3221 4421 3474 4491; x_wconf 86' lang='lat' dir='ltr'><strong>quisquis</strong></span> <span class='ocrx_word' id='word_1_637' title='bbox 3526 4424 3626 4486; x_wconf 86' lang='lat' dir='ltr'><strong>sis,</strong></span> 
     </span>
    </p>
   </div>
   <div class='ocr_carea' id='block_1_94' title="bbox 2054 4514 3625 4593">
    <p class='ocr_par' dir='ltr' id='par_1_94' title="bbox 2054 4514 3625 4593">
     <span class='ocr_line' id='line_1_94' title="bbox 2054 4514 3625 4593; baseline -0.005 -18"><span class='ocrx_word' id='word_1_638' title='bbox 2054 4535 2244 4593; x_wconf 81' lang='lat' dir='ltr'><strong>postea</strong></span> <span class='ocrx_word' id='word_1_639' title='bbox 2264 4516 2713 4588; x_wconf 81' lang='lat' dir='ltr'><strong>concupiscentia</strong></span> <span class='ocrx_word' id='word_1_640' title='bbox 2738 4523 2831 4570; x_wconf 86' lang='lat' dir='ltr'><strong>tua</strong></span> <span class='ocrx_word' id='word_1_641' title='bbox 2856 4514 3199 4570; x_wconf 84' lang='lat' dir='ltr'><strong>irrationalis</strong></span> <span class='ocrx_word' id='word_1_642' title='bbox 3235 4514 3544 4568; x_wconf 82' lang='lat' dir='ltr'><strong>movebitur</strong></span> <span class='ocrx_word' id='word_1_643' title='bbox 3560 4515 3625 4568; x_wconf 82' lang='lat' dir='ltr'><strong>ad</strong></span> 
     </span>
    </p>
   </div>
   <div class='ocr_carea' id='block_1_95' title="bbox 2052 4602 3627 4678">
    <p class='ocr_par' dir='ltr' id='par_1_95' title="bbox 2052 4602 3627 4678">
     <span class='ocr_line' id='line_1_95' title="bbox 2052 4602 3627 4678; baseline -0.006 -11"><span class='ocrx_word' id='word_1_644' title='bbox 2052 4611 2339 4668; x_wconf 83' lang='lat' dir='ltr'><strong>volitiones</strong></span> <span class='ocrx_word' id='word_1_645' title='bbox 2366 4622 2590 4678; x_wconf 86' lang='lat' dir='ltr'><strong>prorsus</strong></span> <span class='ocrx_word' id='word_1_646' title='bbox 2607 4605 2894 4662; x_wconf 67' lang='lat' dir='ltr'><strong>absurdae.</strong></span> <span class='ocrx_word' id='word_1_647' title='bbox 2917 4603 3106 4660; x_wconf 82' lang='lat' dir='ltr'><strong>Gratia</strong></span> <span class='ocrx_word' id='word_1_648' title='bbox 3140 4604 3327 4660; x_wconf 88' lang='lat' dir='ltr'><strong>divina</strong></span> <span class='ocrx_word' id='word_1_649' title='bbox 3352 4602 3627 4675; x_wconf 89' lang='lat' dir='ltr'><strong>privatus,</strong></span> 
     </span>
    </p>
   </div>
   <div class='ocr_carea' id='block_1_96' title="bbox 2055 4697 3643 4771">
    <p class='ocr_par' dir='ltr' id='par_1_96' title="bbox 2055 4697 3643 4771">
     <span class='ocr_line' id='line_1_96' title="bbox 2055 4697 3643 4771; baseline -0.007 -12"><span class='ocrx_word' id='word_1_650' title='bbox 2055 4702 2256 4759; x_wconf 89' lang='lat' dir='ltr'><strong>nudior</strong></span> <span class='ocrx_word' id='word_1_651' title='bbox 2284 4702 2396 4757; x_wconf 83' lang='lat' dir='ltr'><strong>eris</strong></span> <span class='ocrx_word' id='word_1_652' title='bbox 2440 4701 2587 4771; x_wconf 81' lang='lat' dir='ltr'><strong>ligno</strong></span> <span class='ocrx_word' id='word_1_653' title='bbox 2615 4698 2759 4770; x_wconf 90' lang='lat' dir='ltr'><strong>quod</strong></span> <span class='ocrx_word' id='word_1_654' title='bbox 2791 4698 2936 4754; x_wconf 84' lang='lat' dir='ltr'><strong>loliis</strong></span> <span class='ocrx_word' id='word_1_655' title='bbox 2966 4698 3259 4768; x_wconf 81' lang='lat' dir='ltr'><strong>spoliatum</strong></span> <span class='ocrx_word' id='word_1_656' title='bbox 3313 4697 3643 4753; x_wconf 72' lang='lat' dir='ltr'><strong>indesinen--</strong></span> 
     </span>
    </p>
   </div>
   <div class='ocr_carea' id='block_1_97' title="bbox 2059 4789 3629 4867">
    <p class='ocr_par' dir='ltr' id='par_1_97' title="bbox 2059 4789 3629 4867">
     <span class='ocr_line' id='line_1_97' title="bbox 2059 4789 3629 4867; baseline -0.008 -13"><span class='ocrx_word' id='word_1_657' title='bbox 2059 4806 2140 4854; x_wconf 88' lang='lat' dir='ltr'><strong>ter</strong></span> <span class='ocrx_word' id='word_1_658' title='bbox 2172 4796 2242 4851; x_wconf 90' lang='lat' dir='ltr'><strong>ab</strong></span> <span class='ocrx_word' id='word_1_659' title='bbox 2276 4795 2532 4850; x_wconf 88' lang='lat' dir='ltr'><strong>omnibus</strong></span> <span class='ocrx_word' id='word_1_660' title='bbox 2563 4794 2780 4848; x_wconf 89' lang='lat' dir='ltr'><strong>teritur.</strong></span> <span class='ocrx_word' id='word_1_661' title='bbox 2809 4791 2901 4847; x_wconf 90' lang='lat' dir='ltr'><strong>Sic</strong></span> <span class='ocrx_word' id='word_1_662' title='bbox 2931 4789 3327 4867; x_wconf 82' lang='lat' dir='ltr'><strong>propemodum</strong></span> <span class='ocrx_word' id='word_1_663' title='bbox 3357 4803 3513 4843; x_wconf 88' lang='lat' dir='ltr'><strong>meus</strong></span> <span class='ocrx_word' id='word_1_664' title='bbox 3536 4794 3629 4842; x_wconf 82' lang='lat' dir='ltr'><strong>tua</strong></span> 
     </span>
    </p>
   </div>
   <div class='ocr_carea' id='block_1_98' title="bbox 1596 4876 3064 4944">
    <p class='ocr_par' dir='ltr' id='par_1_98' title="bbox 1596 4876 3064 4944">
     <span class='ocr_line' id='line_1_98' title="bbox 1596 4876 3064 4944; baseline -0.001 -3"><span class='ocrx_word' id='word_1_665' title='bbox 1596 4876 1689 4941; x_wconf 73' lang='grc' dir='ltr'><strong>τδν</strong></span> <span class='ocrx_word' id='word_1_666' title='bbox 1763 4882 1962 4944; x_wconf 75' lang='grc' dir='ltr'>οίκεῖὃν</span> <span class='ocrx_word' id='word_1_667' title='bbox 2060 4894 2379 4943; x_wconf 90' lang='lat' dir='ltr'><strong>conteretur</strong></span> <span class='ocrx_word' id='word_1_668' title='bbox 2413 4895 2758 4941; x_wconf 78' lang='lat' dir='ltr'><strong>terrenarum</strong></span> <span class='ocrx_word' id='word_1_669' title='bbox 2786 4891 3064 4939; x_wconf 89' lang='lat' dir='ltr'><strong>contactu.</strong></span> 
     </span>
    </p>
   </div>
   <div class='ocr_carea' id='block_1_99' title="bbox 378 4968 3634 5054">
    <p class='ocr_par' dir='ltr' id='par_1_99' title="bbox 378 4968 3634 5054">
     <span class='ocr_line' id='line_1_99' title="bbox 378 4968 3634 5054; baseline -0.002 -24"><span class='ocrx_word' id='word_1_670' title='bbox 378 4975 824 5049; x_wconf 77' lang='grc' dir='ltr'>ἀποϐαλλομένου</span> <span class='ocrx_word' id='word_1_671' title='bbox 899 4976 1083 5050; x_wconf 87' lang='grc' dir='ltr'>φλοιόν</span> <span class='ocrx_word' id='word_1_672' title='bbox 1121 4994 1135 5010; x_wconf 79' lang='grc'><strong><em>⁸</em></strong></span> <span class='ocrx_word' id='word_1_673' title='bbox 1190 4980 1267 5044; x_wconf 84' lang='grc' dir='ltr'>ὡς</span> <span class='ocrx_word' id='word_1_674' title='bbox 1326 4979 1501 5052; x_wconf 81' lang='grc' dir='ltr'>τούτῳ</span> <span class='ocrx_word' id='word_1_675' title='bbox 1531 4969 1965 5053; x_wconf 73' lang='grc' dir='ltr'>παραπλησίως</span> <span class='ocrx_word' id='word_1_676' title='bbox 2003 4979 2478 5054; x_wconf 80' lang='grc' dir='ltr'>κατατριϐομένου</span> <span class='ocrx_word' id='word_1_677' title='bbox 2526 4977 2623 5032; x_wconf 87' lang='grc' dir='ltr'><strong>τοῦ</strong></span> <span class='ocrx_word' id='word_1_678' title='bbox 2662 4975 2784 5042; x_wconf 82' lang='grc' dir='ltr'>νοός</span> <span class='ocrx_word' id='word_1_679' title='bbox 2842 4992 2959 5041; x_wconf 90' lang='grc' dir='ltr'>σου,</span> <span class='ocrx_word' id='word_1_680' title='bbox 3014 4976 3080 5044; x_wconf 76' lang='grc' dir='ltr'>τῇ</span> <span class='ocrx_word' id='word_1_681' title='bbox 3129 4968 3468 5042; x_wconf 69' lang='grc' dir='ltr'>ἐνδιατρίψει</span> <span class='ocrx_word' id='word_1_682' title='bbox 3523 4968 3634 5022; x_wconf 72' lang='grc' dir='ltr'><strong>τῶν</strong></span> 
     </span>
    </p>
   </div>
   <div class='ocr_carea' id='block_1_100' title="bbox 377 5070 601 5126">
    <p class='ocr_par' dir='ltr' id='par_1_100' title="bbox 377 5070 601 5126">
     <span class='ocr_line' id='line_1_100' title="bbox 377 5070 601 5126; baseline 0.004 -1"><span class='ocrx_word' id='word_1_683' title='bbox 377 5070 601 5126; x_wconf 83' lang='grc' dir='ltr'>ὑλικῶν.</span> 
     </span>
    </p>
   </div>
   <div class='ocr_carea' id='block_1_101' title="bbox 447 5163 1958 5241">
    <p class='ocr_par' dir='ltr' id='par_1_101' title="bbox 447 5163 1958 5241">
     <span class='ocr_line' id='line_1_101' title="bbox 447 5163 1958 5241; baseline 0.006 -23"><span class='ocrx_word' id='word_1_684' title='bbox 447 5164 547 5236; x_wconf 72' lang='grc' dir='ltr'>λβν.</span> <span class='ocrx_word' id='word_1_685' title='bbox 583 5163 660 5219; x_wconf 87' lang='grc' dir='ltr'><strong>Τὸ</strong></span> <span class='ocrx_word' id='word_1_686' title='bbox 693 5164 763 5219; x_wconf 82' lang='grc' dir='ltr'>δὲ</span> <span class='ocrx_word' id='word_1_687' title='bbox 804 5167 1090 5236; x_wconf 76' lang='grc' dir='ltr'>ἔσχατον,</span> <span class='ocrx_word' id='word_1_688' title='bbox 1133 5164 1336 5238; x_wconf 85' lang='grc' dir='ltr'>ὥσπερ</span> <span class='ocrx_word' id='word_1_689' title='bbox 1362 5169 1479 5225; x_wconf 86' lang='grc' dir='ltr'><strong>ὑπὸ</strong></span> <span class='ocrx_word' id='word_1_690' title='bbox 1503 5171 1693 5241; x_wconf 69' lang='grc' dir='ltr'>ὄφεως</span> <span class='ocrx_word' id='word_1_691' title='bbox 1721 5177 1958 5240; x_wconf 74' lang='grc' dir='ltr'>πεπλη-</span> 
     </span>
    </p>
   </div>
   <div class='ocr_carea' id='block_1_102' title="bbox 371 5250 1956 5328">
    <p class='ocr_par' dir='ltr' id='par_1_102' title="bbox 371 5250 1956 5328">
     <span class='ocr_line' id='line_1_102' title="bbox 371 5250 1956 5328; baseline 0.007 -25"><span class='ocrx_word' id='word_1_692' title='bbox 371 5250 491 5322; x_wconf 60' lang='grc' dir='ltr'><strong>γὼς</strong></span> <span class='ocrx_word' id='word_1_693' title='bbox 519 5252 865 5319; x_wconf 83' lang='grc' dir='ltr'>ἐκτείνεται,</span> <span class='ocrx_word' id='word_1_694' title='bbox 899 5255 998 5309; x_wconf 75' lang='grc' dir='ltr'>καὶ</span> <span class='ocrx_word' id='word_1_695' title='bbox 1030 5253 1233 5324; x_wconf 80' lang='grc' dir='ltr'>ὥσπερ</span> <span class='ocrx_word' id='word_1_696' title='bbox 1256 5256 1374 5310; x_wconf 84' lang='grc' dir='ltr'><strong>ὑπὸ</strong></span> <span class='ocrx_word' id='word_1_697' title='bbox 1408 5256 1707 5326; x_wconf 79' lang='grc' dir='ltr'>κεράστου</span> <span class='ocrx_word' id='word_1_698' title='bbox 1735 5258 1956 5328; x_wconf 67' lang='grc' dir='ltr'>διαχεῖν</span> 
     </span>
    </p>
   </div>
   <div class='ocr_carea' id='block_1_103' title="bbox 372 5341 1959 5423">
    <p class='ocr_par' dir='ltr' id='par_1_103' title="bbox 372 5341 1959 5423">
     <span class='ocr_line' id='line_1_103' title="bbox 372 5341 1959 5423; baseline 0.007 -29"><span class='ocrx_word' id='word_1_699' title='bbox 372 5360 468 5398; x_wconf 86' lang='grc' dir='ltr'><strong>ται</strong></span> <span class='ocrx_word' id='word_1_700' title='bbox 504 5341 672 5423; x_wconf 81' lang='grc' dir='ltr'><strong>αὐτῷ</strong></span> <span class='ocrx_word' id='word_1_701' title='bbox 722 5346 756 5397; x_wconf 90' lang='lat' dir='ltr'><strong>o&#39;</strong></span> <span class='ocrx_word' id='word_1_702' title='bbox 802 5345 911 5411; x_wconf 72' lang='grc' dir='ltr'>ἰός.</span> <span class='ocrx_word' id='word_1_703' title='bbox 968 5345 1291 5401; x_wconf 84' lang='grc' dir='ltr'>Τελευταῖον</span> <span class='ocrx_word' id='word_1_704' title='bbox 1334 5347 1411 5417; x_wconf 85' lang='grc' dir='ltr'>δὲ,</span> <span class='ocrx_word' id='word_1_705' title='bbox 1456 5348 1707 5423; x_wconf 83' lang='grc' dir='ltr'>καθάπερ</span> <span class='ocrx_word' id='word_1_706' title='bbox 1745 5351 1774 5404; x_wconf 85' lang='grc' dir='ltr'>ὀ</span> <span class='ocrx_word' id='word_1_707' title='bbox 1806 5350 1959 5421; x_wconf 78' lang='grc' dir='ltr'>δεδηι-</span> 
     </span>
    </p>
   </div>
   <div class='ocr_carea' id='block_1_104' title="bbox 372 5431 1957 5512">
    <p class='ocr_par' dir='ltr' id='par_1_104' title="bbox 372 5431 1957 5512">
     <span class='ocr_line' id='line_1_104' title="bbox 372 5431 1957 5512; baseline 0.003 -29"><span class='ocrx_word' id='word_1_708' title='bbox 372 5431 574 5500; x_wconf 72' lang='grc' dir='ltr'>γξιὲνος</span> <span class='ocrx_word' id='word_1_709' title='bbox 628 5431 732 5485; x_wconf 78' lang='grc' dir='ltr'><strong>ὑπὸ</strong></span> <span class='ocrx_word' id='word_1_710' title='bbox 776 5432 953 5502; x_wconf 77' lang='grc' dir='ltr'>ὄφεως</span> <span class='ocrx_word' id='word_1_711' title='bbox 1003 5436 1380 5509; x_wconf 53' lang='grc' dir='ltr'>κερασφόρου(</span> <span class='ocrx_word' id='word_1_712' title='bbox 1424 5440 1505 5503; x_wconf 81' lang='grc' dir='ltr'><strong>είς</strong></span> <span class='ocrx_word' id='word_1_713' title='bbox 1536 5442 1641 5512; x_wconf 82' lang='grc' dir='ltr'>γῆν</span> <span class='ocrx_word' id='word_1_714' title='bbox 1688 5440 1957 5496; x_wconf 60' lang='lat' dir='ltr'><strong>animiin;</strong></span> 
     </span>
    </p>
   </div>
   <div class='ocr_carea' id='block_1_105' title="bbox 374 5522 1956 5602">
    <p class='ocr_par' dir='ltr' id='par_1_105' title="bbox 374 5522 1956 5602">
     <span class='ocr_line' id='line_1_105' title="bbox 374 5522 1956 5602; baseline 0.008 -29"><span class='ocrx_word' id='word_1_715' title='bbox 374 5522 586 5590; x_wconf 78' lang='grc' dir='ltr'>νεκρὸς,</span> <span class='ocrx_word' id='word_1_716' title='bbox 622 5524 718 5595; x_wconf 84' lang='grc' dir='ltr'>καὶ</span> <span class='ocrx_word' id='word_1_717' title='bbox 761 5523 880 5577; x_wconf 82' lang='grc' dir='ltr'>ὅλον</span> <span class='ocrx_word' id='word_1_718' title='bbox 936 5525 1100 5579; x_wconf 81' lang='grc' dir='ltr'>αὐτὸν</span> <span class='ocrx_word' id='word_1_719' title='bbox 1134 5530 1162 5580; x_wconf 84' lang='grc' dir='ltr'>ὁ</span> <span class='ocrx_word' id='word_1_720' title='bbox 1208 5527 1286 5591; x_wconf 76' lang='lat' dir='ltr'><strong>ib;</strong></span> <span class='ocrx_word' id='word_1_721' title='bbox 1319 5529 1595 5602; x_wconf 80' lang='grc' dir='ltr'>διατρέχει</span> <span class='ocrx_word' id='word_1_722' title='bbox 1617 5548 1631 5564; x_wconf 73' lang='grc' dir='ltr'><strong><em>ο</em></strong></span> <span class='ocrx_word' id='word_1_723' title='bbox 1668 5530 1812 5593; x_wconf 65' lang='grc' dir='ltr'>οῦτω</span> <span class='ocrx_word' id='word_1_724' title='bbox 1861 5533 1956 5586; x_wconf 70' lang='grc' dir='ltr'>καὶ</span> 
     </span>
    </p>
   </div>
   <div class='ocr_carea' id='block_1_106' title="bbox 376 5611 1956 5697">
    <p class='ocr_par' dir='ltr' id='par_1_106' title="bbox 376 5611 1956 5697">
     <span class='ocr_line' id='line_1_106' title="bbox 376 5611 1956 5697; baseline 0.008 -33"><span class='ocrx_word' id='word_1_725' title='bbox 376 5613 538 5676; x_wconf 78' lang='grc' dir='ltr'>αὐτὸς</span> <span class='ocrx_word' id='word_1_726' title='bbox 573 5611 678 5667; x_wconf 78' lang='grc' dir='ltr'><strong>ὑπὸ</strong></span> <span class='ocrx_word' id='word_1_727' title='bbox 706 5616 799 5669; x_wconf 88' lang='grc' dir='ltr'><strong>τοῦ</strong></span> <span class='ocrx_word' id='word_1_728' title='bbox 834 5618 1072 5690; x_wconf 87' lang='grc' dir='ltr'>πονηροῦ</span> <span class='ocrx_word' id='word_1_729' title='bbox 1111 5619 1440 5693; x_wconf 81' lang='grc' dir='ltr'>δεδηγμένος</span> <span class='ocrx_word' id='word_1_730' title='bbox 1482 5623 1842 5697; x_wconf 74' lang='grc' dir='ltr'>ὲξαπλωθήσῃ</span> <span class='ocrx_word' id='word_1_731' title='bbox 1876 5627 1956 5689; x_wconf 84' lang='grc' dir='ltr'><strong>εἰς</strong></span> 
     </span>
    </p>
   </div>
   <div class='ocr_carea' id='block_1_107' title="bbox 376 5705 1955 5790">
    <p class='ocr_par' dir='ltr' id='par_1_107' title="bbox 376 5705 1955 5790">
     <span class='ocr_line' id='line_1_107' title="bbox 376 5705 1955 5790; baseline 0.007 -32"><span class='ocrx_word' id='word_1_732' title='bbox 376 5707 471 5778; x_wconf 71' lang='grc' dir='ltr'>τὴν</span> <span class='ocrx_word' id='word_1_733' title='bbox 498 5705 797 5780; x_wconf 78' lang='grc' dir='ltr'>πολυσχιδῆ</span> <span class='ocrx_word' id='word_1_734' title='bbox 818 5709 911 5764; x_wconf 91' lang='grc' dir='ltr'><strong>τοῦ</strong></span> <span class='ocrx_word' id='word_1_735' title='bbox 969 5712 1153 5783; x_wconf 82' lang='grc' dir='ltr'>χοϊκοῦ</span> <span class='ocrx_word' id='word_1_736' title='bbox 1196 5718 1543 5787; x_wconf 77' lang='grc' dir='ltr'>φρονήματος</span> <span class='ocrx_word' id='word_1_737' title='bbox 1575 5717 1955 5790; x_wconf 76' lang='grc' dir='ltr'>ἁμαρτητικὴν</span> 
     </span>
    </p>
   </div>
   <div class='ocr_carea' id='block_1_108' title="bbox 2129 5160 3634 5225">
    <p class='ocr_par' dir='ltr' id='par_1_108' title="bbox 2129 5160 3634 5225">
     <span class='ocr_line' id='line_1_108' title="bbox 2129 5160 3634 5225; baseline -0.009 -5"><span class='ocrx_word' id='word_1_738' title='bbox 2129 5163 2411 5221; x_wconf 69' lang='lat' dir='ltr'><strong>Vens.52.</strong></span> <span class='ocrx_word' id='word_1_739' title='bbox 2445 5160 2743 5217; x_wconf 78' lang='lat' dir='ltr'><strong>Novissime</strong></span> <span class='ocrx_word' id='word_1_740' title='bbox 2790 5164 2966 5212; x_wconf 86' lang='lat' dir='ltr'><strong>autem</strong></span> <span class='ocrx_word' id='word_1_741' title='bbox 3014 5163 3269 5225; x_wconf 80' lang='lat' dir='ltr'><strong>tanquam</strong></span> <span class='ocrx_word' id='word_1_742' title='bbox 3320 5170 3352 5208; x_wconf 91' lang='lat' dir='ltr'><strong>a</strong></span> <span class='ocrx_word' id='word_1_743' title='bbox 3398 5164 3634 5223; x_wconf 77' lang='lat' dir='ltr'><strong>serpente</strong></span> 
     </span>
    </p>
   </div>
   <div class='ocr_carea' id='block_1_109' title="bbox 2056 5240 3633 5329">
    <p class='ocr_par' dir='ltr' id='par_1_109' title="bbox 2056 5240 3633 5329">
     <span class='ocr_line' id='line_1_109' title="bbox 2056 5240 3633 5329; baseline -0.013 -15"><span class='ocrx_word' id='word_1_744' title='bbox 2056 5274 2336 5329; x_wconf 83' lang='lat' dir='ltr'><strong>percussus</strong></span> <span class='ocrx_word' id='word_1_745' title='bbox 2359 5253 2682 5313; x_wconf 74' lang='lat' dir='ltr'><strong>extenditur,</strong></span> <span class='ocrx_word' id='word_1_746' title='bbox 2708 5257 2758 5303; x_wconf 85' lang='lat' dir='ltr'><strong>et</strong></span> <span class='ocrx_word' id='word_1_747' title='bbox 2787 5257 3041 5317; x_wconf 82' lang='lat' dir='ltr'><strong>tanquam</strong></span> <span class='ocrx_word' id='word_1_748' title='bbox 3068 5260 3100 5297; x_wconf 88' lang='lat' dir='ltr'><strong>a</strong></span> <span class='ocrx_word' id='word_1_749' title='bbox 3126 5252 3329 5299; x_wconf 84' lang='lat' dir='ltr'><strong>ceraste</strong></span> <span class='ocrx_word' id='word_1_750' title='bbox 3384 5240 3633 5312; x_wconf 66' lang='grc' dir='ltr'><strong>άὶίῑιιηάξτ</strong></span> 
     </span>
    </p>
   </div>
   <div class='ocr_carea' id='block_1_110' title="bbox 2059 5333 3735 5413">
    <p class='ocr_par' dir='ltr' id='par_1_110' title="bbox 2059 5333 3735 5413">
     <span class='ocr_line' id='line_1_110' title="bbox 2059 5333 3735 5413; baseline -0.01 -9"><span class='ocrx_word' id='word_1_751' title='bbox 2059 5361 2145 5404; x_wconf 83' lang='grc' dir='ltr'>ιιιι·</span> <span class='ocrx_word' id='word_1_752' title='bbox 2164 5349 2211 5403; x_wconf 89' lang='lat' dir='ltr'><strong>ei</strong></span> <span class='ocrx_word' id='word_1_753' title='bbox 2237 5359 2512 5402; x_wconf 81' lang='lat' dir='ltr'><strong>venenum.</strong></span> <span class='ocrx_word' id='word_1_754' title='bbox 2557 5338 2872 5393; x_wconf 80' lang='lat' dir='ltr'><strong>Novissime</strong></span> <span class='ocrx_word' id='word_1_755' title='bbox 2910 5342 3121 5397; x_wconf 87' lang='lat' dir='ltr'><strong>autem,</strong></span> <span class='ocrx_word' id='word_1_756' title='bbox 3162 5333 3626 5403; x_wconf 80' lang='lat' dir='ltr'><strong>quemadmodum</strong></span> <span class='ocrx_word' id='word_1_757' title='bbox 3730 5410 3735 5413; x_wconf 11' lang='grc' dir='ltr'><strong>ν</strong></span> 
     </span>
    </p>
   </div>
   <div class='ocr_carea' id='block_1_111' title="bbox 2057 5425 3633 5513">
    <p class='ocr_par' dir='ltr' id='par_1_111' title="bbox 2057 5425 3633 5513">
     <span class='ocr_line' id='line_1_111' title="bbox 2057 5425 3633 5513; baseline -0.01 -19"><span class='ocrx_word' id='word_1_758' title='bbox 2057 5441 2151 5513; x_wconf 87' lang='lat' dir='ltr'><strong>qui</strong></span> <span class='ocrx_word' id='word_1_759' title='bbox 2183 5454 2213 5493; x_wconf 89' lang='lat' dir='ltr'><strong>a</strong></span> <span class='ocrx_word' id='word_1_760' title='bbox 2240 5445 2452 5492; x_wconf 88' lang='lat' dir='ltr'><strong>ceraste</strong></span> <span class='ocrx_word' id='word_1_761' title='bbox 2480 5444 2780 5502; x_wconf 85' lang='lat' dir='ltr'><strong>percussus</strong></span> <span class='ocrx_word' id='word_1_762' title='bbox 2828 5426 2947 5490; x_wconf 75' lang='lat' dir='ltr'><strong>fuit,</strong></span> <span class='ocrx_word' id='word_1_763' title='bbox 2976 5426 3031 5479; x_wconf 91' lang='lat' dir='ltr'><strong>in</strong></span> <span class='ocrx_word' id='word_1_764' title='bbox 3066 5432 3268 5478; x_wconf 89' lang='lat' dir='ltr'><strong>terram</strong></span> <span class='ocrx_word' id='word_1_765' title='bbox 3318 5425 3633 5480; x_wconf 80' lang='lat' dir='ltr'><strong>extenditur</strong></span> 
     </span>
    </p>
   </div>
   <div class='ocr_carea' id='block_1_112' title="bbox 2059 5515 3633 5594">
    <p class='ocr_par' dir='ltr' id='par_1_112' title="bbox 2059 5515 3633 5594">
     <span class='ocr_line' id='line_1_112' title="bbox 2059 5515 3633 5594; baseline -0.014 -7"><span class='ocrx_word' id='word_1_766' title='bbox 2059 5539 2332 5592; x_wconf 78' lang='lat' dir='ltr'><strong>mortuus,</strong></span> <span class='ocrx_word' id='word_1_767' title='bbox 2366 5525 2574 5594; x_wconf 86' lang='lat' dir='ltr'><strong>totique</strong></span> <span class='ocrx_word' id='word_1_768' title='bbox 2603 5521 2720 5590; x_wconf 88' lang='lat' dir='ltr'><strong>ejus</strong></span> <span class='ocrx_word' id='word_1_769' title='bbox 2747 5518 2967 5588; x_wconf 91' lang='lat' dir='ltr'><strong>corpori</strong></span> <span class='ocrx_word' id='word_1_770' title='bbox 2994 5515 3317 5573; x_wconf 76' lang='lat' dir='ltr'><strong>diﬂ‘unditur</strong></span> <span class='ocrx_word' id='word_1_771' title='bbox 3340 5529 3633 5580; x_wconf 88' lang='lat' dir='ltr'><strong>venenum,</strong></span> 
     </span>
    </p>
   </div>
   <div class='ocr_carea' id='block_1_113' title="bbox 2061 5605 3635 5707">
    <p class='ocr_par' dir='ltr' id='par_1_113' title="bbox 2061 5605 3635 5707">
     <span class='ocr_line' id='line_1_113' title="bbox 2061 5605 3635 5707; baseline -0.015 -26"><span class='ocrx_word' id='word_1_772' title='bbox 2061 5628 2136 5683; x_wconf 85' lang='lat' dir='ltr'><strong>ita</strong></span> <span class='ocrx_word' id='word_1_773' title='bbox 2182 5624 2277 5696; x_wconf 88' lang='lat' dir='ltr'><strong>qui</strong></span> <span class='ocrx_word' id='word_1_774' title='bbox 2308 5622 2377 5676; x_wconf 88' lang='lat' dir='ltr'><strong>ab</strong></span> <span class='ocrx_word' id='word_1_775' title='bbox 2412 5618 2635 5673; x_wconf 87' lang='lat' dir='ltr'><strong>homine</strong></span> <span class='ocrx_word' id='word_1_776' title='bbox 2680 5623 3197 5686; x_wconf 84' lang='lat' dir='ltr'><strong>perversomorsus</strong></span> <span class='ocrx_word' id='word_1_777' title='bbox 3244 5613 3352 5674; x_wconf 82' lang='lat' dir='ltr'><strong>est,</strong></span> <span class='ocrx_word' id='word_1_778' title='bbox 3391 5605 3635 5707; x_wconf 40' lang='lat' dir='ltr'><strong>explicas</strong></span> 
     </span>
    </p>
   </div>
   <div class='ocr_carea' id='block_1_114' title="bbox 2064 5702 3635 5779">
    <p class='ocr_par' dir='ltr' id='par_1_114' title="bbox 2064 5702 3635 5779">
     <span class='ocr_line' id='line_1_114' title="bbox 2064 5702 3635 5779; baseline -0.016 -6"><span class='ocrx_word' id='word_1_779' title='bbox 2064 5717 2214 5773; x_wconf 76' lang='lat' dir='ltr'><strong>bitur</strong></span> <span class='ocrx_word' id='word_1_780' title='bbox 2243 5715 2297 5767; x_wconf 90' lang='lat' dir='ltr'><strong>in</strong></span> <span class='ocrx_word' id='word_1_781' title='bbox 2336 5708 2711 5779; x_wconf 73' lang='lat' dir='ltr'><strong>mullipliciter</strong></span> <span class='ocrx_word' id='word_1_782' title='bbox 2740 5702 3180 5777; x_wconf 84' lang='lat' dir='ltr'><strong>pcccaminosam</strong></span> <span class='ocrx_word' id='word_1_783' title='bbox 3205 5712 3445 5755; x_wconf 71' lang='grc' dir='ltr'>ςίειιοειε</span> <span class='ocrx_word' id='word_1_784' title='bbox 3489 5702 3635 5767; x_wconf 73' lang='lat' dir='ltr'><strong>rogi.</strong></span> 
     </span>
    </p>
   </div>
  </div>
