3900 6228
384 228 405 290 1
419 229 444 288 ί
453 228 521 290 59

1706 233 2063 294 PROCOPII
2101 232 2344 293 GAZ/EI

3503 230 3635 292 liti‘

379 341 604 396 talionis
636 342 908 398 actionem
935 356 1057 412 qua
1077 348 1161 398 est
1187 343 1428 414 perlecta
1457 345 1522 401 ad
1555 347 1760 402 bonum
1789 364 1937 404 mors

2065 349 2346 420 ἐνέργειαν
2373 366 2384 378 ·
2413 349 2447 420 ἦ
2482 349 2631 402 ἐστιν
2661 345 2912 418 ὁλοτελὴς
2949 346 3084 417 πρὸς
3114 345 3175 402 τὸ
3207 346 3409 417 ἀγαθὸν
3429 346 3636 417 νέκρω-

373 431 810 504 Spiritualisque
839 435 1109 504 serpentis
1141 436 1230 504 qui
1269 443 1319 490 te
1340 439 1635 493 momordit
1669 440 1874 494 malitia
1902 451 1956 496 te

377 535 548 581 totum
571 528 809 596 invadet,
842 529 1033 583 animae
1068 527 1288 598 quidem
1310 529 1560 598 allectus,
1588 539 1742 589 actus
1772 541 1953 589 autem

303 637 308 661 τ
378 623 652 688 corporis.

453 709 720 766 Vens.55.
739 711 894 767 Oculi
919 715 998 768 tui
1033 731 1151 768 cum
1180 715 1404 770 viderint
1430 717 1682 782 alienam,
1719 733 1776 772 os
1805 727 1955 771 tuum

379 813 501 856 tunc
531 793 772 873 loquetur
819 820 1080 872 perversa.
1117 806 1270 864 Mens
1322 814 1410 862 tua
1465 808 1684 878 quando
1727 823 1953 864 cessans

377 896 597 966 propria
657 895 928 967 inspicere
990 899 1056 952 ad
1124 900 1490 956 sensationem
1545 901 1652 972 ipsi
1719 901 1952 956 alienam

377 987 668 1056 aspexerit,
708 995 759 1041 et
787 989 930 1058 typis
960 1005 1022 1044 ac
1058 991 1447 1061 apparentibus
1474 993 1762 1062 speciebus
1793 991 1953 1059 hujus

378 1077 718 1132 scnsationis
759 1079 1167 1134 inconsiderate
1195 1080 1534 1144 incubuerit,
1570 1089 1701 1135 tunc
1742 1080 1954 1135 intelle-

377 1175 502 1222 ctus
533 1177 658 1223 tuus
689 1169 936 1223 veritatis
967 1163 1263 1226 inclinatas
1285 1171 1576 1241 opiniones
1592 1170 1949 1239 causabitur;

375 1254 770 1312 irrationaliter
789 1261 1102 1328 apparentia
1132 1259 1374 1314 laudabit
1398 1267 1450 1315 et
1473 1259 1540 1314 ad
1564 1259 1951 1316 intellectualia

375 1362 473 1416 per
506 1350 776 1404 ratione-ui
817 1365 924 1404 non
959 1351 1240 1407 ascendet.

447 1522 607 1579 Vens.
651 1527 738 1602 54.
776 1526 841 1578 Ει
857 1526 1062 1596 jacebis
1098 1529 1254 1598 quasi
1285 1529 1338 1582 in
1375 1527 1531 1582 corde
1553 1529 1718 1583 maris
1745 1537 1800 1604 _et
1826 1538 1950 1582 tan-

357 1629 530 1682 .quam
561 1617 881 1686 gubernator
921 1619 973 1671 in
1002 1620 1168 1672 multa
1221 1629 1548 1690 tempestate.
1586 1620 1652 1676 Et
1675 1622 1816 1676 sicut
1850 1623 1950 1676 im-

2059 455 2142 501 σις
2170 455 2184 468 ο
2226 441 2319 492 καὶ
2361 439 2394 507 ἡ
2436 436 2530 490 τοῦ
2579 436 2836 500 δακόντος
2883 453 2944 490 σε
2989 437 3180 507 νοητοῦ
3226 437 3399 506 δφεως
3455 438 3636 498 κακία,

2055 528 2176 582 ὅλον
2205 546 2264 582 σε
2299 529 2615 600 περιδράμῃ
2640 544 2654 558 ’
2699 528 2801 598 τὴν
2838 527 2936 597 μὲν
2973 527 3154 598 ψυχήν
3185 545 3299 592 σου,
3332 527 3461 581 καθ’
3507 526 3636 592 ἕξιν,

2057 617 2158 689 τὴν
2194 617 2249 670 δέ
2283 616 2466 686 σάρκα
2489 634 2603 682 σου,
2645 615 2769 670 κατ’
2802 615 3106 684 ἐνέργειαν.

2126 707 2226 774 λγ¹.
2266 708 2330 759 Ol
2369 705 2666 775 ὀφθαλμοί
2712 720 2831 758 σου
2877 703 3022 757 ὅταν
3052 702 3264 756 ἴδωσιν
3287 702 3638 770 ἀλλοτρίαν,

2053 797 2120 850 τὸ
2155 797 2348 866 στόμα
2375 811 2491 850 σου
2521 796 2653 848 τότε
2688 794 2948 862 λαλήσει
2988 792 3237 848 σκολιά.
3277 793 3516 847 Ὀπόταν
3567 794 3639 864 τῷ

2051 891 2135 942 νοΐ
2166 905 2259 941 σου
2290 887 2488 962 ἀπίδῃς
2541 886 2679 958 πρὸς
2705 887 2806 957 τὴν
2835 884 3009 956 τούτῳ
3036 884 3336 954 ἀλλόφυλον
3361 884 3638 954 αἴσθησιν,

2055 978 2407 1033 καταλιπόντι
2465 979 2533 1030 τὰ
2582 978 2760 1030 οἰκεῖα
2793 977 3175 1044 περισκοπεῖν,
3227 975 3319 1027 καὶ
3364 976 3482 1038 τοῖς
3522 975 3640 1028 κατ’

2053 1072 2223 1141 αὐτὴν
2245 1071 2307 1124 τύ
2317 1088 2436 1134 ποις
2457 1070 2553 1124 καὶ
2575 1069 2922 1140 φαινομένοις
2951 1067 3206 1122 κάλλεσιν
3220 1066 3641 1137 ἀπερισκέπτως

2053 1161 2419 1225 ἐπιδάλλοντι,
2446 1159 2569 1212 τότε
2599 1159 2661 1212 τὸ
2701 1157 3043 1229 διανοητικόν
3076 1172 3194 1219 σου,
3247 1156 3347 1226 τῆς
3384 1154 3638 1226 ἀληθείας

2052 1249 2563 1321 παρεγκεκλιμένας
2607 1249 2960 1320 προϐαλείται
3003 1247 3164 1312 δόξας
3187 1264 3202 1278 ·
3231 1248 3494 1301 ἐπαινοῦν
3520 1247 3640 1300 ἀλο-

2051 1343 2259 1412 γίστως
2281 1343 2349 1397 τὰ
2383 1342 2706 1413 φαινόμενα,
2743 1342 2838 1397 καλ⁵
2869 1341 2946 1411 μὴ
2991 1340 3274 1394 διαϐαῖνον
3307 1339 3461 1393 κατά
3488 1339 3640 1409 λόγον

2055 1437 2194 1508 πρὸς
2223 1437 2293 1491 τὰ
2323 1436 2610 1508 νοούμενα.

2122 1529 2215 1586 λδ’.
2244 1528 2352 1583 Καὶ
2377 1529 2701 1596 κατακείσῃ
2730 1525 2932 1594 ὥσπερ
2959 1525 3030 1579 ἐν
3054 1523 3266 1595 καρδίᾳ
3293 1520 3637 1589 θαλάσσης,

2052 1621 2148 1676 καὶ
2181 1620 2386 1689 ὥσπερ
2420 1618 2792 1687 κυϐερνήτης
2836 1618 2905 1671 ἐν
2935 1615 3144 1680 πολλῷ
3197 1615 3490 1671 κλύδωνι.
3539 1615 3640 1669 Καὶ

374 1706 619 1772 prudens
672 1709 1007 1777 gubernator
1062 1711 1116 1763 in
1167 1711 1334 1764 multa
1390 1719 1735 1781 tempestate,
1785 1712 1941 1767 cades

2052 1714 2365 1783 καταπέσῃς
2438 1711 2514 1776 ὼς
2573 1709 2835 1777 ἀδόκιμος
2907 1705 3250 1778 κυϐερνήτης
3320 1708 3384 1759 ὲν
3461 1703 3636 1775 πολλῷ

369 1795 425 1850 iu
483 1797 814 1866 profundum
865 1800 1191 1870 ignorantiae
1222 1809 1275 1856 et
1305 1802 1358 1856 in
1395 1802 1691 1872 procellam
1727 1808 1944 1857 contra-

369 1888 577 1941 riarum
617 1889 1036 1958 cogitationum.

443 1978 606 2034 Vens.
639 1982 726 2035 55.
764 1980 828 2035 Et
857 1983 1032 2038 dices:
1069 1984 1478 2040 Verberaverunt
1515 2003 1614 2048 me,
1645 1995 1694 2039 et
1719 2003 1822 2040 non
1851 1985 1946 2039 do-

363 2071 445 2124 lui
465 2090 483 2136 ,-
510 2083 558 2126 et
585 2072 868 2128 illuseruut
905 2077 1056 2144 mihi,
1087 2094 1180 2148 ego
1217 2090 1390 2132 autem
1422 2096 1523 2132 nou
1550 2080 1714 2135 sensi.
1744 2076 1943 2134 Postea

367 2175 544 2218 autem
569 2165 893 2234 pcenitentia
935 2177 1119 2224 motus
1155 2169 1306 2225 dices
1336 2185 1351 2224 :
1384 2169 1669 2225 Laeserunt
1704 2185 1790 2224 me
1821 2183 1945 2237 pas-

364 2253 571 2316 siones,
595 2262 648 2307 et
673 2272 782 2308 non
813 2258 959 2311 sensi
989 2273 1003 2322 ;
1033 2259 1365 2326 deceperunt
1393 2276 1478 2314 me
1506 2261 1731 2328 maligni
1781 2260 1944 2330 spiri-

364 2352 478 2407 tus,
519 2356 702 2399 etnon
732 2350 986 2417 cognovi,
1015 2349 1083 2403 ab
1109 2351 1190 2405 eis
1221 2366 1342 2419 qum
1361 2353 1662 2407 secundum
1691 2362 1940 2407 naturam

363 2442 493 2487 Sunt
523 2433 586 2486 ad
618 2450 678 2487 ea
701 2446 822 2504 quae
847 2445 1040 2490 contra
1067 2445 1317 2491 naturam
1353 2439 1638 2510 abreptus,
1670 2441 1942 2497 tenebris-

363 2537 468 2590 que
505 2522 823 2590 ignorantiae
851 2524 1126 2581 detentus.

435 2613 661 2680 Quando
701 2619 800 2671 erit
822 2619 1136 2684 diluculum,
1163 2629 1217 2672 ut
1252 2620 1444 2674 vadens
1471 2638 1704 2688 quaeram
1728 2621 1941 2691 quibus-

363 2723 480 2759 cum
512 2711 864 2782 conveniant?
912 2709 985 2770 De
1029 2721 1229 2764 caetero
1266 2712 1838 2781 quandoilluniinabit
1855 2728 1942 2767 me

364 2798 543 2853 lumen
575 2800 986 2870 Solisjustitize,
1034 2811 1092 2857 ut
1123 2803 1484 2874 spiritualiter
1536 2820 1836 2860 conversus
1872 2807 1940 2860 ab

362 2905 578 2956 errore,
611 2904 787 2947 mente
808 2907 1119 2964 perscrutor
1143 2912 1300 2953 veras
1336 2897 1639 2968 secundum
1675 2899 1938 2952 rationem

2049 1802 2302 1869 κλύδωνι,
2352 1803 2432 1864 εἰς
2488 1799 2649 1870 βυθὸν
2699 1797 2922 1868 ἀγνοίας
2991 1795 3086 1850 καὶ
3137 1796 3306 1869 ζάλην
3360 1789 3638 1866 λογισμῶν

2047 1893 2328 1948 ἐναντίων.

2116 1983 2210 2039 λε’.
2259 1983 2438 2052 Ἐρεῖς
2457 1983 2544 2046 δὲ,
2582 1984 2878 2038 Ἔτυπτόν
2913 2002 3011 2054 με,
3059 1985 3155 2038 καὶ
3185 1985 3297 2038 οὐκ
3327 1982 3632 2036 ἐπόνεσα·

2046 2073 2142 2127 καὶ
2172 2071 2501 2138 ἐνέπαιξάν
2526 2091 2646 2142 μοι,
2672 2073 2787 2142 ἐγὼ
2815 2073 2884 2126 δὲ
2911 2076 3023 2128 οὐκ
3049 2074 3236 2144 ᾔδειν.
3271 2073 3436 2126 Μετὰ
3467 2072 3637 2126 ταῦτα

2044 2163 2101 2218 δὲ
2157 2164 2581 2236 μεταμεληθεὶς,
2635 2165 2796 2238 εἴπῃς
2839 2165 2981 2218 κατά
3029 2166 3091 2217 τὸ
3139 2164 3404 2230 συνειδὸς,
3451 2151 3635 2234 ᾔκιζόν

2049 2272 2116 2322 με
2153 2255 2220 2308 τὰ
2254 2254 2426 2325 πάθη,
2469 2255 2631 2317 αὐτὸς
2677 2254 2723 2307 δ’
2773 2255 2872 2308 οὐκ
2918 2254 3234 2326 ᾐσθάνθηνο
3286 2255 3387 2307 κα)⁸
3429 2253 3639 2323 ἠπάτη-

2047 2348 2145 2400 σάν
2202 2364 2269 2416 με
2321 2347 2392 2400 τά
2452 2347 2552 2417 τῆς
2608 2329 2875 2416 πονηρίας
2921 2347 3231 2416 πνεύματα,
3282 2345 3402 2415 ἐγὼ
3452 2345 3499 2398 δ’
3540 2345 3634 2398 οὐκ

2042 2438 2406 2509 ἠπιστάμηνο
2461 2438 2756 2509 ἐκτραπείς
2809 2455 2869 2491 τε
2921 2437 3016 2491 τοῦ
3071 2438 3214 2492 κατά
3275 2438 3447 2507 φύσιν
3504 2434 3633 2504 πρὸς

2043 2529 2103 2582 τὸ
2136 2528 2288 2599 παρά
2327 2526 2510 2596 φύσιν,
2549 2528 2641 2580 καὶ
2677 2526 2825 2596 ζόφῳ
2853 2526 3075 2594 ἀγνοίας
3108 2525 3496 2595 κατασχεθείς.

2113 2623 2266 2674 Πότε
2297 2619 2506 2688 ὄρθρος
2534 2620 2726 2684 ἕσται,
2765 2619 2865 2672 ἵνα
2902 2619 3095 2672 ἐλθὼν
3130 2617 3365 2686 ζητήσω
3392 2617 3524 2686 μεθ’
3551 2608 3631 2668 ὧν

2043 2713 2491 2779 συνελεύσομαι
2518 2724 2538 2774 ;
2573 2710 2775 2764 Λοιπδν
2804 2711 2934 2763 πότε
2966 2711 3304 2778 καταυγάσει
3333 2727 3408 2780 με
3433 2711 3496 2764 τὸ
3523 2711 3629 2778 φῶς

2043 2801 2139 2854 τοῦ
2184 2802 2284 2872 τῆς
2333 2802 2681 2873 δικαιοσύνης
2701 2802 2915 2868 Ἦλίους
2970 2803 3038 2856 ἵν’
3084 2804 3454 2874 ἐπιστραφεὶς
3499 2800 3629 2855 κατά

2045 2886 2188 2950 νοῦν,
2225 2889 2333 2942 ἀπὸ
2355 2889 2454 2959 τῆς
2488 2887 2690 2956 ἔξωθεν
2715 2891 2945 2962 πλάνης,
2985 2891 3298 2963 ψηλαφήσω
3328 2892 3482 2947 κατά
3519 2891 3626 2945 διά-

363 2997 545 3034 rerum
580 2983 961 3040 exsistentium
999 2988 1256 3043 notiones
1300 2989 1628 3058 quibuscum
1655 2991 1843 3043 vadam
1873 2988 1939 3043 ad

2052 2995 2197 3032 νοιαν
2228 2979 2325 3042 τὰς
2350 2979 2492 3033 κατὰ
2513 2979 2672 3048 λόγον
2697 2981 2823 3052 περὶ
2849 2981 2956 3034 τῶν
2979 2981 3147 3034 ὄντων
3176 2978 3408 3050 ἀληθεῖς
3439 2979 3590 3045 δόξας
3607 3015 3621 3043 ,

362 3071 580 3126 beatam.
616 3076 958 3146 spiritualem
984 3079 1148 3132 vitam
1179 3080 1230 3133 in
1269 3078 1411 3135 Deo?

949 3255 1100 3312 CAP.
1131 3257 1315 3313 XXIV.

437 3339 729 3412 VunsJﬂ.
769 3342 902 3411 Fili,
930 3360 992 3400 ne
1051 3349 1321 3402 teuiuleris
1364 3349 1504 3403 viros
1568 3351 1763 3411 malos,
1832 3365 1924 3402 nec

360 3434 623 3487 desideres
654 3451 766 3488 esse
792 3452 907 3489 cum
937 3437 1032 3492 eis.
1072 3436 1234 3492 Falsa
1252 3440 1390 3493 enim
1423 3441 1711 3494 meditatur
1736 3456 1940 3495 careo-

363 3541 502 3589 rum,
539 3537 586 3578 et
615 3526 760 3579 labia
811 3543 993 3581 eorum
1029 3529 1321 3600 loquuntur
1359 3531 1592 3585 labores.
1629 3530 1730 3585 Fili
1770 3532 1936 3601 spiri-

366 3617 554 3680 tualis,
591 3618 701 3690 noli
737 3618 946 3671 imitari
990 3619 1243 3677 homines
1274 3621 1368 3691 qui
1397 3633 1698 3692 operantur
1738 3621 1940 3692 iniqui-

363 3714 550 3779 tate‘ni,
581 3722 760 3776 neque
788 3707 1071 3764 desideres
1104 3710 1266 3764 simul
1305 3713 1504 3783 degere
1529 3727 1652 3767 cum
1675 3712 1790 3780 eis;
1818 3727 1940 3767 om-

363 3811 462 3850 nes
489 3798 632 3851 enim
668 3799 1030 3869 cogitationes
1063 3817 1254 3857 eorum
1288 3803 1357 3858 ad
1410 3804 1820 3874 decipiendum,
1883 3811 1938 3858 et

363 3889 530 3941 verba
564 3905 684 3959 quae
735 3891 1020 3960 proferunt
1051 3894 1195 3948 labia
1245 3910 1458 3961 eorum,
1494 3897 1807 3966 percutiunt
1836 3911 1937 3949 au-

362 3980 595 4043 dientes,
622 3989 675 4036 ct
704 3995 1010 4055 praeparant
1033 3984 1271 4052 dolores,
1299 3986 1429 4056 quia
1489 3987 1623 4040 nihil
1669 3987 1795 4041 boni
1841 3970 1965 4042 an:

363 4071 640 4123 nuntiant.

370 4251 377 4260 ’
432 4254 597 4309 Vens.
627 4256 682 4321 3,
708 4255 761 4308 ι.
795 4257 931 4310 Cum
977 4257 1239 4324 sapientia
1291 4257 1594 4327 a’diﬁcatur
1649 4259 1855 4326 domus,
1885 4269 1935 4315 et

359 4363 474 4399 cum
497 4347 777 4412 prudentia
803 4345 1076 4418 dirigitur.
1095 4346 1162 4401 In
1195 4347 1443 4403 doctrina
1466 4350 1928 4419 replebunturcel-
1964 4381 2008 4435 ι)

362 4436 522 4497 lnria,
563 4437 810 4490 universa
885 4438 1188 4492 substantia
1227 4440 1461 4507 pretiosa
1483 4449 1533 4494 et
1549 4441 1932 4508 pulcherrima.

361 4523 556 4576 Divino
584 4525 750 4578 verbo
791 4536 1085 4582 renovatur
1122 4543 1296 4595 meus,
1335 4529 1456 4601 ejus
1487 4531 1850 4596 domicilium,
1876 4539 1932 4586 et

358 4618 458 4682 per
485 4612 900 4682 dispositionem
925 4633 1047 4686 qua:
1077 4619 1346 4688 triplicem
1381 4621 1576 4676 anima:
1617 4620 1930 4675 facultatem

357 4704 422 4757 ad
450 4704 582 4758 illud
617 4702 868 4768 inclinat,
901 4708 1173 4762 excitatur
1197 4725 1263 4764 ex
1300 4711 1620 4780 passionum
1676 4711 1934 4765 omissio-

355 4796 446 4850 nis
478 4811 542 4850 ac
573 4795 979 4852 commissionis
1023 4798 1244 4854 casibus
1281 4817 1296 4862 ;
1326 4801 1453 4854 dum
1490 4817 1618 4858 caro
1670 4818 1700 4858 a
1748 4803 1934 4858 labore

358 4888 423 4942 ad
450 4886 860 4957 inquisitionem
895 4887 1008 4942 veri
1042 4887 1173 4944 boni
1204 4891 1715 4957 excitatur,animze
1747 4905 1932 4965 poten-

358 4980 444 5034 tia:
498 4980 753 5049 practicac
801 4995 866 5037 ac
915 4981 1266 5053 speculativte
1302 4984 1510 5042 divitiis
1556 4988 1934 5057 spiritualibus

358 5076 665 5144 replentur,
723 5079 950 5133 scicntia
1029 5079 1243 5135 scilicet
1301 5095 1365 5137 ac
1423 5081 1646 5152 virtute,
1701 5085 1931 5142 veritate

263 5157 266 5160 ’
357 5162 477 5236 quae
505 5184 670 5238 super
725 5172 907 5226 omnia
965 5174 1203 5239 exsistit,
1268 5185 1320 5232 et
1371 5177 1518 5246 quod
1554 5179 1624 5234 ab
1674 5179 1932 5235 omnibus

357 5273 392 5328 p
425 5261 690 5314 sorbeatur
746 5270 889 5318 nono
918 5308 932 5332 ,
977 5267 1122 5337 quod
1179 5275 1262 5324 est
1312 5267 1475 5333 Deus.
1509 5285 1606 5339 per
1639 5269 1930 5326 essentiam

359 5351 740 5416 immutabilis,
773 5356 1052 5414 beneﬁcus
1087 5375 1182 5430 per
1214 5363 1610 5430 operationem.

429 5623 596 5678 Vsus.
718 5626 905 5684 .ilelior
929 5639 1004 5681 est
1031 5630 1237 5698 sapiens
1258 5633 1388 5703 forti
1420 5649 1440 5699 ,°
1495 5645 1541 5691 et
1572 5637 1661 5691 vir"
1689 5639 1925 5707 pruden-

2047 3072 2143 3124 καὶ
2176 3069 2402 3134 ταύταις
2457 3071 2788 3125 συνεισέλθω
2831 3073 2966 3145 πρὸς
3007 3070 3107 3144 τὴν
3145 3070 3290 3127 κατὰ
3315 3071 3536 3144 πνεῦμα
3571 3074 3620 3126 ἐν

2043 3161 2163 3233 Θεῷ
2195 3162 2471 3233 μακαρίαν
2501 3163 2649 3234 ζωήν
2675 3182 2690 3230 ;

2626 3257 2874 3318 ΚΕΦΛΑ.
2903 3259 3028 3312 ΚΔ’.

2112 3353 2180 3407 α’,
2217 3347 2282 3417 β’.
2350 3349 2463 3412 Υἱὲ,
2484 3347 2570 3416 μὴ
2624 3347 2897 3418 ζηλώσῃς
2933 3349 3154 3416 κακοὺς
3195 3349 3448 3419 ἄνδρας,
3474 3349 3619 3420 μηδὲ

2039 3437 2421 3506 ἐπιθυμήσῃς
2452 3435 2601 3492 εἶναι
2618 3440 2746 3508 μετ’
2769 3439 2968 3494 αὐτῶν
2993 3458 3007 3471 ·
3041 3439 3240 3509 ’ψευδῆ
3268 3441 3383 3511 γὰρ
3406 3437 3617 3512 μελετᾷ

2039 3529 2078 3595 ἡ
2131 3529 2346 3597 καρδία
2373 3530 2592 3594 αὐτῶν,
2666 3530 2765 3584 καὶ
2813 3533 3034 3598 πόνους
3083 3530 3155 3585 τὰ
3199 3534 3376 3601 χείλη
3429 3531 3616 3587 αὐτῶν

2040 3623 2236 3677 λαλεῖ.
2273 3622 2478 3676 Τέκνον
2537 3624 2927 3692 πνευματικὸν,
2966 3625 3235 3696 μηδαμῶς
3264 3628 3482 3697 μιμήσῃ
3525 3625 3611 3678 ἀν·

2042 3714 2295 3784 θρώπους
2328 3715 2732 3787 ἐργαζομένους
2776 3716 2871 3784 τὴν
2913 3717 3162 3786 ἀνομίαν,
3207 3717 3343 3790 μηδέ
3376 3718 3612 3787 ποθήσῃς

2042 3805 2350 3874 συνδιάγειν
2395 3807 2579 3870 αὐτοῖς
2605 3823 2618 3835 ·
2651 3807 2830 3861 πάντα
2857 3807 2964 3879 γάρ
2997 3809 3063 3862 τὰ
3093 3809 3228 3881 πρὸς
3260 3811 3481 3882 ἀπάτην
3507 3810 3610 3862 δια⁶

2039 3898 2317 3967 λογίζεται
2346 3902 2379 3969 ὴ
2407 3899 2615 3954 τούτων
2645 3899 2791 3971 ψυχή
2813 3916 2830 3934 ο
2874 3901 2966 3953 καὶ
2995 3900 3065 3953 τά
3095 3900 3185 3953 διὰ
3216 3900 3492 3972 στόματος
3522 3898 3607 3952 αὐ-

2037 3993 2145 4047 τῶν
2176 3994 2560 4064 προφερόμενα
2615 3995 2860 4065 ῥήματα,
2892 3995 3187 4065 πλήττουσι
3236 3994 3367 4056 τοὺς
3391 3992 3605 4048 ἀκούον-

2036 4100 2158 4146 τας.
2205 4084 2299 4136 καὶ
2331 4083 2621 4137 ὀδυνᾶσθαι
2659 4083 3192 4155 παρασκευάζουσιν,
3236 4085 3427 4156 ἐπειδὴ
3453 4082 3603 4154 μηδὲν

2037 4175 2473 4244 ἀπαγγέλλουσιν
2502 4174 2723 4243 ἀγαθόν.

2108 4272 2179 4332 γ’,
2213 4267 2275 4320 δ’.
2305 4266 2466 4322 Μετὰ
2494 4267 2714 4336 σοφίας
2745 4266 3132 4336 οἰκοδομεῖται
3166 4263 3353 4334 οἶκος,
3383 4266 3478 4321 καὶ
3510 4281 3601 4335 μευ

2037 4355 2107 4408 τὰ
2130 4357 2438 4420 συνέσεως
2460 4357 2811 4425 ἀνορθοῦται
2838 4375 2853 4389 ·
2891 4359 3042 4429 μετὰ
3078 4359 3418 4426 αἰσθήσεως
3447 4359 3598 4428 ἐμπί-

2035 4452 2295 4504 πλανται
2325 4449 2553 4518 ταμιεῖα
2585 4450 2650 4503 ἐκ
2694 4451 2919 4517 παντὸς
2962 4451 3231 4504 πλούτου
3281 4453 3474 4521 τιμίου
3510 4447 3596 4502 καί

2035 4540 2246 4595 καλοῦ.
2288 4539 2445 4610 Λόγῳ
2470 4540 2599 4611 θείῳ
2629 4543 2966 4612 νεουργεῖται
2992 4541 3054 4594 τὸ
3080 4541 3266 4594 τούτου
3295 4542 3594 4612 οἰκητήριον

2036 4634 2250 4695 πάντως
2276 4633 2303 4684 ὁ
2334 4631 2458 4696 νοῦς
2482 4650 2497 4664 ·
2535 4634 2630 4688 καὶ
2676 4635 2740 4704 τῇ
2787 4634 2930 4688 κατά
2970 4634 3211 4688 διάθεσιν
3257 4635 3396 4706 πρὸς
3421 4633 3591 4687 τοῦτον

2037 4726 2338 4788 συννεύσει,
2363 4724 2458 4778 τοῦ
2488 4725 2784 4797 τριμεροῦς
2813 4726 2914 4796 τῆς
2939 4725 3139 4797 ψυχῆς,
3177 4728 3514 4798 ἀνεγείρεται
3534 4726 3589 4776 ἐκ

2035 4813 2142 4868 τῶν
2169 4815 2290 4868 κατ’
2320 4814 2557 4885 ἔλλειψιν
2585 4815 2685 4885 τῆς
2714 4816 2938 4886 ἀρετῆς,
2972 4816 3066 4869 καὶ
3099 4818 3402 4888 ὑπερϐολὴν
3428 4821 3586 4886 ἐμπα·

2035 4907 2144 4960 θῶν
2176 4906 2603 4977 συμπτωμάτων
2623 4923 2636 4937 ·
2671 4906 2765 4960 καὶ
2794 4907 2942 4976 πόνῳ
2967 4909 3172 4978 σαρκὸς
3196 4908 3587 4980 διεγειρομένης

2035 4998 2280 5052 ἐντεῦθεν
2327 4996 2464 5066 πρὸς
2514 4998 2836 5068 ἐπιμέλειαν
2887 4999 2982 5074 τού
3034 5001 3200 5065 ὅντως
3245 5001 3432 5062 καλοῦ,
3463 5000 3584 5067 πλη-

2037 5088 2252 5160 ροῦνται
2301 5090 2358 5142 αἱ
2405 5089 2545 5142 κατά
2585 5089 2764 5160 ψυχὴν
2813 5091 3146 5160 φυλακτικαὶ
3201 5094 3300 5164 τῆς
3352 5093 3583 5162 γνώσεως

2006 5167 2128 5236 ίκαὶ
2156 5181 2253 5252 τῆς
2283 5181 2484 5253 ἀρετῆς
2515 5181 2845 5252 θεωρητικαὶ
2887 5182 3049 5248 ἕξεις,
3075 5183 3182 5236 ἀπὸ
3213 5183 3305 5238 τοῦ
3359 5201 3580 5253 πνευμα-

2033 5269 2186 5324 τικοῦ
2221 5272 2474 5336 πλούτου,
2519 5270 2618 5341 τῆς
2663 5289 2722 5325 τε
2765 5274 2984 5328 πάντων
3029 5275 3430 5348 ὑπερκειμένης
3465 5277 3580 5344 άλη-

2033 5362 2203 5426 θείας,
2244 5363 2335 5416 καὶ
2365 5362 2456 5416 τοῦ
2487 5364 2702 5416 πάντων
2735 5366 3151 5437 κηρυττομένυυ
3181 5368 3386 5436 ἀγαθοῦ
3411 5383 3425 5398 ·
3457 5369 3576 5430 ἇπερ

2033 5455 2180 5507 ἐστὶν
2211 5456 2240 5508 ὁ
2295 5455 2450 5520 Θεὸς,
2497 5455 2572 5518 ὡς
2598 5454 2716 5509 κατ’
2768 5457 2957 5511 οὐσίαν
3004 5457 3294 5529 ἄτρεπτος,
3343 5447 3430 5514 κάὶ
3477 5456 3576 5510 κατ’

2033 5547 2316 5616 ἐνέργειαν
2358 5547 2724 5618 εὐεργετικός.

2102 5643 2162 5696 ε’.
2191 5638 2500 5707 ιιζρείσσων
2523 5637 2712 5704 σοφὸς
2761 5638 3033 5708 ἰσχυροῦ
3065 5639 3162 5694 καὶ
3195 5639 3568 5712 ἀνὶυγρρόνη-
3653 5630 3664 5644 ’
