3900 6228
295 311 421 376 1461

1323 311 1852 372 COMMENTARII
1893 313 1974 372 IN
2007 312 2462 374 PROVERBIA.

3412 300 3554 372 1462

291 440 396 478 σιν
430 425 606 493 ἔχων,
655 424 935 493 rerum-[0v
977 423 1265 492 μεγάλου.
1319 423 1572 477 Καλλίων
1619 423 1735 477 ἐστὶ
1771 423 1896 484 se,

2010 443 2096 480 am
2126 425 2344 479 habens.
2373 439 2502 493 agro
2553 437 2764 493 magno.
2798 410 2993 476 Melior
3017 427 3100 476 est
3156 433 3222 477 ac
3251 420 3552 489 perfectior

291 515 605 585 τελειότητα
641 515 782 586 βίου,
815 517 842 568 ὁ
872 515 1014 584 λόγῳ
1044 515 1236 583 σοφίας
1261 514 1435 567 πάντα
1463 515 1531 567 τὰ
1560 513 1692 566 ὄντα
1718 513 1860 566 κατά

292 606 416 660 νοῦν
442 607 652 672 διαϐὰς,
687 607 782 668 καὶ
815 608 872 660 ἐν
905 605 1024 677 Θεῷ
1051 603 1406 668 καταπαύσας
1431 607 1498 676 τῇ
1527 603 1696 670 ὅντως
1724 602 1859 672 ζωῇ,

1970 518 2062 588 qui
2100 531 2196 587 per
2227 515 2552 587 sapientiam
2591 513 2774 569 omnia
2800 513 3127 568 exsislcntia
3161 521 3345 568 mente
3403 527 3552 582 praei

1969 607 2332 679 tergrediens,
2373 607 2429 661 in
2469 604 2583 660 Deo
2622 605 2916 674 requievit,
2968 620 3090 673 quae
3136 613 3220 659 est
3255 615 3380 658 vera
3421 606 3554 668 vita,

296 696 436 767 ὑπὲρ
469 697 560 750 τὸν
612 697 692 750 ἐτι
729 697 870 750 κατὰ
909 696 1017 748 τῶν
1062 695 1250 749 παθῶν
1305 694 1740 764 ἀγωνιζόμενον,
1771 695 1868 760 καὶ

2013 703 2064 756 lo
2095 701 2189 772 qui
2220 699 2401 753 adhuc
2428 696 2690 752 adversus
2723 697 3006 766 passiones
3070 697 3332 760 luctatur,
3364 695 3554 764 eisque

294 788 559 856 γενναίως
595 788 776 852 αὐτοῖς
819 787 1211 857 ἀνθιστάμενον
1237 799 1252 818 ⁶
1301 786 1397 840 καὶ
1424 788 1451 839 ό
1489 784 1750 853 γενναίως
1799 784 1868 838 τὰ

297 877 445 948 πάθη
480 877 893 942 καταπαλαίων,
933 877 1071 948 μετά
1102 877 1263 946 λόγου
1312 875 1564 946 πράττων
1601 874 1699 945 τὴν
1733 875 1832 945 ἀρε
1847 903 1871 942 ο¹

296 969 416 1040 τὴν,
459 971 552 1023 καὶ
583 971 642 1022 ἐν
690 973 804 1035 τοῖς
851 972 1174 1039 ἀναγκαίοις
1213 968 1374 1040 μόνον
1418 967 1872 1036 συγκαταϐαίνων

297 1059 388 1114 διά
416 1060 514 1130 τὴν
553 1060 840 1130 ἀσθένειαν
886 1063 953 1132 τῇ
989 1061 1152 1132 σαρκὶ
1191 1059 1328 1129 πρὸς
1370 1057 1650 1123 σύστασιν,
1684 1057 1873 1128 κρείσ-

300 1166 411 1203 σων
461 1151 580 1205 ἐστὶ
624 1151 718 1205 τοῦ
771 1153 828 1220 ἐξ
859 1153 1029 1222 αὐτῆς
1071 1151 1236 1205 πολὺν
1268 1150 1442 1222 σωρὸν
1490 1150 1701 1221 ἀρετῶν
1734 1149 1877 1204 κατά

303 1242 504 1308 πρᾶξιν
553 1242 898 1315 συνάγοντος,
949 1244 1045 1298 καὶ
1088 1242 1523 1306 καταϐάλλοντος
1572 1241 1778 1313 ταύτην
1808 1243 1874 1312 τῇ

287 1333 532 1399 ἀγωνων
578 1332 878 1404 ὑπερϐολῇ.
930 1331 989 1386 '0
1012 1333 1112 1406 μὲν
1139 1332 1250 1403 γὰρ
1307 1333 1368 1385 οὐ
1418 1332 1582 1407 μόνον
1617 1331 1680 1384 τὸ
1710 1331 1879 1384 κακὸν

306 1421 523 1490 φεύγει,
555 1423 692 1477 ἀλλά
721 1424 814 1478 καὶ
864 1423 1002 1496 πρὸς
1032 1425 1094 1478 τὸ
1139 1425 1342 1493 ἀγαθὸν
1377 1427 1565 1496 χωρεῖ,
1591 1422 1730 1493 ἔχων
1782 1422 1882 1493 τὴν

307 1514 488 1584 σάρκα
539 1515 800 1586 συνεργὸν
847 1516 986 1588 πρὸς
1022 1514 1092 1570 τὰ
1135 1515 1423 1585 κρείττονα
1453 1531 1467 1546 ο
1515 1516 1544 1568 ὁ
1585 1513 1645 1567 δὲ
1692 1511 1888 1584 φεύγει-

309 1602 410 1670 μὲν
440 1602 507 1656 τὰ
530 1607 649 1658 κατ’
697 1603 934 1675 ἔλλειψιν
975 1608 1076 1676 τῆς
1122 1602 1327 1677 ἀρετῆς
1361 1604 1528 1676 πάθη,
1562 1603 1661 1656 οὐκ
1685 1601 1798 1673 ἔχει
1827 1602 1884 1655 δέ

305 1693 413 1747 τίνι
448 1693 694 1765 συνεργῷ
727 1697 866 1764 πρὸς
891 1696 960 1749 τὰ
986 1694 1252 1749 κάλλιστα
1278 1695 1572 1766 χρήσηται.

1972 806 2236 864 generose
2255 789 2501 847 resistit:
2524 798 2577 844 et
2611 789 2702 844 ille
2727 789 2822 858 qui
2853 803 3119 858 generose
3145 789 3408 843 adversus
3433 802 3558 857 pas:

1973 885 2157 940 siones
2175 883 2435 954 luctatur,
2455 879 2796 934 rationaliter
2809 879 3064 934 virtutem
3085 893 3274 948 agens,
3303 885 3357 932 et
3379 878 3434 932 in
3464 892 3560 932 ne—

1975 973 2242 1028 cessariis
2279 979 2489 1026 tantum
2522 984 2646 1026 sese
2673 969 2860 1025 carnis
2895 969 3207 1024 infirmitati
3246 983 3555 1023 accommoo

1978 1065 2118 1120 dans
2151 1063 2220 1119 ad
2247 1062 2729 1122 sustentationem,
2756 1059 2954 1116 melior
2983 1068 3071 1116 est
3124 1075 3188 1115 eo
3223 1059 3316 1130 qui
3351 1074 3417 1113 ex
3467 1059 3560 1112 illa

1978 1170 2236 1225 magnum
2261 1153 2526 1208 Virtutum
2554 1151 2832 1221 operando
2859 1150 3105 1222 congerit
3128 1164 3382 1204 acervum
3410 1157 3561 1203 eam;

1978 1259 2086 1314 que
2124 1240 2309 1310 dejicit
2332 1238 2696 1294 certaminum
2727 1237 3126 1293 excessu.Nam
3156 1239 3306 1308 prior
3337 1237 3559 1307 quidem

1979 1351 2089 1390 non
2123 1332 2284 1389 modo
2311 1331 2515 1388 malum
2545 1333 2704 1404 fugit,
2731 1328 2824 1385 sed
2871 1331 2937 1384 ad
2972 1331 3176 1384 bonum
3209 1329 3372 1382 etiam
3430 1343 3561 1398 pro-

1982 1427 2250 1496 greditur,
2278 1440 2500 1480 carnem
2527 1425 2739 1479 habens
2767 1422 2831 1475 ad
2852 1421 3078 1475 meliora
3106 1419 3558 1489 e00peratrieem.

1983 1514 2262 1572 Posterior
2288 1527 2420 1567 vero
2467 1511 2608 1581 fugit
2632 1509 2852 1580 quidem
2885 1509 3174 1578 passiones
3214 1505 3564 1568 omissionis,

1986 1607 2193 1664 nullius
2223 1614 2403 1672 autem
2438 1603 2643 1659 auxilio
2677 1601 2742 1656 ad
2780 1601 2987 1671 optima
3015 1599 3210 1652 utitur.

381 1790 456 1848 ς’.
482 1739 1084 1853 Μεζάῖιυϐιερνήσεως
1140 1739 1672 1853 γίνεὲάιιπόλεμος,
1729 1781 1882 1848 ,βοή-

2057 1777 2225 1834 VEns.
2267 1776 2322 1832 6.
2371 1775 2514 1842 Quia
2583 1789 2702 1828 cum
2755 1770 3097 1839 dispositione
3151 1739 3320 1822 initur
3353 1765 3572 1830 bellum,

310 1871 437 1922 θεια
465 1869 534 1922 δὲ
565 1870 717 1940 μετὰ
769 1871 1020 1939 καρδίας
1065 1869 1498 1939 βουλευτικῆς.
1556 1869 1823 1942 Καθάπερ
1856 1872 1885 1925 ὁ

314 1961 450 2033 πρὸς
480 1963 604 2026 τοὺς
631 1963 861 2032 όρατοὺς
884 1963 1211 2027 ἀντιπάλους
1237 1962 1496 2033 πόλεμος,
1528 1965 1884 2033 ἐπιστημονι-

312 2053 418 2124 κῆς
447 2053 636 2125 χρῄζει
685 2055 1041 2126 στρατηγίας,
1087 2055 1299 2126 μεγάλα
1319 2055 1378 2109 δέ
1406 2053 1774 2127 συμϐάλλεται
1807 2055 1886 2125 τῷ

316 2149 436 2218 ίσχυ
447 2149 523 2219 ρῷ
553 2149 944 2221 στρατεύματι,
966 2150 1136 2204 καὶτὸ
1154 2150 1244 2204 τὸν
1265 2150 1510 2221 ἡγεμόνα
1540 2149 1682 2207 κατὰ
1705 2147 1886 2219 ψυχὴν

313 2241 383 2293 τὰ
408 2240 594 2295 δέοντα
625 2259 691 2294 πε
701 2241 1108 2312 ρισκὲπτεσθαι·
1130 2239 1276 2296 οὕτω
1292 2243 1388 2297 καὶ
1403 2243 1437 2313 ἡ
1467 2242 1609 2296 κατὰ
1629 2240 1737 2295 τῶν
1762 2257 1889 2312 νοη-

315 2330 425 2384 τῶν
455 2331 664 2402 ἐχθρῶν
697 2334 1163 2412 ἀντιπαράταξις,
1194 2333 1330 2404 πρὸς
1346 2333 1405 2387 τὸ
1431 2333 1660 2404 ήττῆσαι
1680 2330 1884 2384 τούτων

317 2423 411 2477 καὶ
441 2425 790 2494 καταϐαλεῖν,
845 2426 1115 2496 ἔμφρονος
1135 2427 1305 2480 δεῖται
1337 2425 1679 2490 ἐπιστασίας,
1707 2423 1890 2488 καλῶς

316 2514 670 2587 διεξαγούσης
703 2517 801 2581 τὰς
842 2516 936 2571 τοῦ
987 2516 1292 2587 παθητικοῦ
1331 2519 1527 2589 μέρους
1562 2515 1661 2586 τῆς
1708 2515 1890 2585 ψυχῆς

318 2607 595 2678 δυνάμεις,
624 2611 720 2680 τὴν
743 2609 1037 2680 ἐπιθυμίαν
1065 2612 1161 2666 καὶ
1187 2613 1279 2664 τὸν
1312 2611 1483 2681 θυμόν
1505 2626 1518 2640 ο
1547 2609 1684 2680 πρὸς
1707 2609 1765 2662 δέ
1789 2608 1898 2662 καὶ·

1986 1881 2035 1927 et
2054 1871 2152 1926 erit
2185 1868 2333 1924 salus
2366 1867 2455 1921 ubi
2483 1866 2654 1920 multa
2679 1863 2900 1918 consilia
2925 1869 3068 1916 sunt.
3098 1856 3562 1926 Quemadmodum
3613 1889 3619 1894 ς

1985 1963 2251 2019 adversus
2269 1959 2456 2014 hostes
2474 1956 2717 2012 visibiles
2746 1955 2944 2008 bellum
2967 1951 3252 2007 scientiam
3278 1949 3568 2004 militarem

1991 2054 2182 2124 exigit,
2229 2051 2574 2118 multumque
2613 2051 2848 2116 prosunt
2879 2040 3085 2112 potenti
3117 2039 3381 2094 exercitui
3413 2036 3572 2092 ducis

1989 2142 2279 2215 prudentia
2305 2147 2360 2194 et
2394 2138 2610 2208 peritia,
2633 2135 2792 2190 sicin
2814 2145 2995 2204 pugna
3019 2130 3287 2184 adversus
3313 2127 3574 2196 spiritua-

1992 2237 2073 2292 les
2125 2235 2334 2297 hostes,
2364 2231 2432 2286 ad
2455 2230 2578 2284 illos
2603 2225 2905 2283 vincendos
2926 2230 2982 2278 et
3021 2220 3362 2292 dejiciendos
3387 2217 3571 2286 requi-

1995 2328 2131 2382 ritur
2167 2325 2406 2396 prudens
2435 2318 2859 2389 cireumspectio
2895 2328 3016 2384 quae
3059 2311 3346 2366 facultates
3375 2309 3573 2363 animm

1978 2418 2170 2489 partis
2226 2413 2508 2470 sensibilis
2564 2413 2710 2466 bene
2756 2407 2978 2478 dirigat,
3015 2403 3317 2474 appetitum
3364 2399 3575 2456 scilicet

1997 2507 2477 2578 concupiscibilem
2508 2512 2562 2560 et
2592 2502 2887 2572 appetitum
2906 2496 3234 2554 irascibilem
3266 2503 3320 2548 et
3349 2490 3576 2548 rationis

1986 2603 2254 2674 judicium
2313 2600 2460 2672 quod
2506 2599 2771 2670 optimum
2819 2610 2851 2649 a
2881 2593 3122 2664 pessimo
3150 2588 3448 2643 discernat.

318 2697 541 2772 λογικῆς
583 2703 904 2774 διακρίσεως
947 2704 1008 2756 τὺ
1043 2705 1291 2774 κρεῖττον
1327 2701 1640 2772 διαιρούσης
1670 2699 1776 2753 ἀπὸ
1812 2698 1906 2752 τοῦ
1940 2697 2203 2770 χείρονος.

391 2793 458 2859 ζ’.
490 2795 679 2862 Σοφία
709 2795 808 2847 καὶ
835 2795 1042 2848 ἔννοια
1079 2793 1271 2864 ἀγαθὴ
1299 2793 1611 2860 ἐνπύλαις
1660 2790 1890 2862 σοφῶν.

333 2887 742 2955 Ἦηθεογνωσία
797 2887 894 2940 καὶ
935 2887 1102 2958 ἡτῶν
1163 2884 1384 2954 ἀγαθῶν
1435 2884 1613 2958 ἔργων
1670 2882 1892 2954 μελέτη,

322 2979 647 3051 παρεδρεύει
676 2979 734 3033 ἐν
757 2982 877 3042 ταῖς
914 2978 1122 3033 τούτων
1149 2978 1480 3048 εἰσαγωγαῖς
1502 2977 1657 3047 δίκην
1678 2973 1884 3039 πυλῶν,

322 3069 747 3165 αἰσθήσεσι-τῶν
775 3070 995 3165 τελείων
1037 3071 1270 3142 ἀνδρῶν,
1296 3070 1372 3134 ὡς
1406 3071 1472 3123 ἐκ
1496 3069 1604 3124 τῶν
1646 3066 1891 3136 ποιημά-
1919 3108 1964 3165 c

238 3203 242 3207 .
323 3176 432 3214 των
481 3161 572 3213 τὸν
605 3160 844 3231 Ποιητὴν
893 3159 1466 3232 καταλαμϐανόντων,
1525 3158 1620 3214 καὶ
1668 3159 1728 3211 τὸ
1765 3158 1896 3225 περὶ

330 3251 506 3304 πάντα
521 3250 722 3304 τούτων
748 3252 1094 3322 εὐεργετικὸν
1116 3269 1182 3305 πε
1194 3246 1618 3321 ρισκοπούντων,
1638 3250 1732 3303 καὶ
1758 3247 1899 3302 κατά

327 3342 388 3396 τὸ
415 3342 638 3396 δυνατὸν
663 3342 948 3412 μιμεῖσθαι
980 3343 1430 3414 ἐπιχειρούντων.

397 3433 471 3509 η’.
508 3434 690 3503 Σοφοὶ
749 3435 862 3488 οὐκ
901 3433 1298 3489 ἐκκλίνουσιν
1325 3435 1395 3489 ἐκ
1434 3437 1733 3505 στόματος
1786 3441 1896 3492 Κυ-

325 3528 487 3596 ρίου,
515 3525 676 3582 ἀλλὰ
717 3523 1050 3594 λογίζονται
1072 3527 1142 3580 ἐν
1171 3527 1536 3594 συνεδρίοις.
1569 3527 1634 3580 Οἱ
1664 3528 1905 3596 φθάσαν-

331 3637 424 3684 τες
452 3620 532 3684 είς
559 3618 893 3688 τελειότητα,
934 3617 1186 3688 οὐδαμῶς
1215 3617 1342 3680 τοὺς
1363 3617 1556 3686 λόγους
1580 3617 1674 3671 τοῦ
1704 3619 1906 3672 Δεσπό-

334 3728 428 3764 του
446 3711 553 3765 τῶν
579 3710 716 3765 ὅλων
733 3710 864 3765 Θεοῦ
884 3711 1337 3782 παραϐαίνουσιν,
1360 3711 1497 3766 ἀλλὰ
1517 3711 1656 3782 πρὸς
1685 3710 1906 3775 τούτους

335 3801 650 3870 ἀνάγονται.

387 3893 898 3961 ⁹θ’.Ἀετιξαιδεύτοις
930 3889 1204 3962 συναντᾷ
1226 3891 1502 3958 θάνατος.
1536 3889 1911 3961 ἀποθνήσκει

339 3983 408 4038 δὲ
434 3983 638 4054 ἄφρων
650 3985 722 4038 ἐν
734 3985 1066 4053 ἁμαρτίαις.
1102 3982 1216 4038 Καὶ
1244 3982 1389 4036 κατὰ
1429 3982 1526 4046 τὰς
1547 3968 1776 4051 ἀλόγους
1812 3981 1912 4052 τῆς

339 4075 516 4147 ψυχῆς
543 4075 881 4146 θεωρητικὰς
895 4092 955 4128 τε
969 4075 1063 4128 καὶ
1086 4073 1397 4146 πρακτικὰς
1411 4073 1692 4144 δυνάμεις,
1712 4072 1810 4135 τὰς
1825 4073 1912 4126 αἰ·-

342 4167 442 4239 σθή
453 4184 563 4232 σεις
580 4170 744 4238 φημὶ,
765 4168 858 4220 καὶ
867 4166 966 4236 τὴν
981 4165 1280 4235 ἐπιθυμίαν
1297 4163 1496 4218 καὶτὸν
1510 4163 1700 4234 θυμὸν,
1720 4159 1776 4216 ἐν
1790 4164 1912 4227 ταῖς

342 4261 546 4322 τούτων
572 4260 709 4332 πρὸς
736 4243 1083 4330 τὴνένότητα
1115 4255 1210 4311 τοῦ
1239 4255 1331 4310 νοῦ
1366 4254 1768 4326 συναθροίσεσι,
1797 4256 1915 4317 τοῖς

347 4352 423 4424 μὴ
460 4349 694 4422 μαθοῦσι
755 4348 1018 4418 θεοφιλῶς
1044 4348 1144 4418 τὴν
1187 4347 1322 4400 ἰδίαν
1371 4347 1517 4424 ζωὴν
1567 4345 1857 4415 διεξάγειν,
1886 4343 1917 4397 6

345 4422 466 4497 καθ’
497 4442 772 4514 ἁμαρτίαν
791 4441 888 4510 τῆς
909 4440 1088 4512 ψυχῆς
1111 4422 1430 4508 ἐντυγχάνει
1453 4436 1700 4499 θάνατος.

337 4535 340 4539 ’
418 4539 471 4587 ι’.
511 4531 866 4614 Ἇκᾳθαρσία
885 4529 954 4583 δὲ
966 4528 1138 4598 ἀνδρὶ
1157 4527 1366 4596 λοιμῷ,
1388 4524 1914 4595 ὲμμολυνθήσετσι

340 4623 417 4708 ,ἐν
442 4622 632 4692 ᾑμέρᾳ
669 4621 828 4691 κοικῇ
848 4663 863 4687 ,
907 4623 1004 4675 καὶ
1027 4621 1098 4676 ἐν
1127 4618 1319 4689 ’ἡμέρα
1366 4619 1650 4687 θλίψεως,
1698 4617 1811 4683 ἕως
1844 4616 1922 4672 ἂν

347 4713 590 4781 ἐκλίπῃ.
637 4713 800 4765 Καὶό
827 4711 1128 4780 ἀλογίστως
1185 4709 1339 4778 βιῶν,
1402 4709 1496 4761 καὶ
1542 4707 1806 4771 ἑκουσίως
1844 4707 1920 4778 μὴ

349 4804 546 4859 συνιὼν
574 4805 660 4872 ἐφ’
691 4798 774 4867 οἷς
807 4802 1139 4874 προσκρούει
1185 4799 1324 4870 Θεῷ,
1358 4799 1524 4870 μέχρι
1570 4798 1762 4861 τέλους
1800 4800 1922 4862 ταῖς

346 4896 569 4977 ’κακίαις
597 4897 824 4966 ἐμμένει
845 4913 858 4926 ·
885 4895 965 4966 τῷ
989 4895 1036 4948 δ’
1065 4892 1525 4964 ἀπερικαλύπτως
1560 4890 1660 4962 τὴν
1715 4889 1922 4944 κακίαν

349 4986 725 5058 ἐργαζομένῳ,
775 4985 1072 5040 κάντεῦθεν
1097 4983 1193 5039 καὶ
1217 4983 1423 5056 ἑτέροις
1454 4980 1664 5052 ταύτης
1693 4980 1921 5051 μεταδι-

349 5078 517 5145 δόντι,
573 5077 845 5151 ἀνθρώπῳ
893 5075 1187 5146 ἀπογνόντι
1233 5075 1332 5144 τῆς
1385 5071 1582 5126 ἐαυτοῦ
1616 5070 1920 5142 σωτηρίας,

229 5212 237 5218 .
350 5168 554 5221 ὁπόταν
579 5166 763 5221 ὀδύναι
791 5165 1104 5237 σωματικαὶ
1133 5163 1307 5234 τούτῳ
1359 5165 1454 5217 καὶ
1489 5161 1723 5232 ψυχικαὶ
1753 5161 1924 5214 λύπαι

353 5259 674 5324 ἐπέλθωσιν,
701 5258 736 5330 ἡ
771 5257 1190 5329 πονηρίαπλέον
1229 5253 1927 5331 ἐπεκτανθήσεται,¹άχρις

352 5349 421 5405 ἂν
450 5351 512 5402 τὸ
540 5349 693 5413 τέλος
721 5348 821 5419 τῆς
855 5349 1001 5420 ζωῆς
1033 5348 1195 5401 αὐτὸν
1225 5346 1532 5418 καταλάϐῃ.
1711 5417 1714 5420 ι
1825 5349 1828 5352 ’

428 5451 516 5500 ια’.
535 5443 742 5506 Ῥῦσαι
759 5417 1089 5512 ἀγομένους
1104 5442 1191 5506 είς
1213 5417 1494 5503 θάνατον,
1516 5439 1613 5493 καὶ
1640 5417 1930 5507 ἐκπριοῧν

357 5537 776 5605 κτεινομένους
791 5529 876 5604 μὴ
896 5535 1098 5604 φείσῃ.
1143 5534 1425 5607 Λύτρωσαι
1459 5534 1534 5597 ὡς
1567 5533 1792 5587 δυνατόν
1823 5551 1927 5598 σοι,

254 5662 273 5678 .
354 5628 482 5689 τοὺς
513 5626 893 5694 ἀπαγομένους
923 5629 1001 5688 είς
1044 5624 1294 5691 θάνατον,
1345 5627 1452 5678 εἴτε
1487 5625 1580 5676 τὸν
1600 5623 1789 5677 ἄδικον
1825 5641 1928 5675 σω-

358 5718 608 5787 ματικὸν,
661 5719 766 5770 εἴτε
810 5717 900 5773 τὸν
935 5717 1057 5770 καθ’
1090 5716 1362 5785 ἁμαρτίαν
1403 5715 1650 5786 ψυχικόν·
1684 5717 1774 5769 καὶ
1805 5715 1927 5777 τοὺς

2072 2788 2239 2844 Vens.
2279 2787 2334 2840 7.
2372 2782 2647 2854 Sapientia
2672 2790 2722 2836 et
2749 2776 3099 2848 intelligentia
3144 2772 3282 2826 bona
3314 2771 3367 2824 in
3410 2771 3576 2836 portis

2000 2882 2319 2950 sapientum.
2343 2876 2598 2947 Cognitio
2627 2875 2720 2928 Dei
2771 2881 2826 2927 et
2882 2871 3151 2925 bonorum
3183 2880 3412 2935 operum
3447 2873 3578 2916 cura

2002 2969 2194 3026 sedent
2221 2968 2379 3037 quasi
2409 2968 2462 3021 in
2494 2966 2685 3036 portis,
2717 2965 2770 3016 in
2817 2961 3075 3018 sensibus
3136 2957 3348 3012 Scilicet
3399 2954 3576 3009 Inomi-

2000 3077 2127 3116 num
2150 3058 2540 3130 perfectorum,
2578 3057 2670 3126 qui
2701 3069 2769 3109 ex
2804 3051 3005 3107 creatis
3031 3049 3349 3103 Creatorem
3382 3045 3578 3113 depre-

2001 3153 2247 3209 hendunt
2277 3158 2331 3206 et
2369 3165 2494 3206 eum
2545 3146 2844 3216 inspiciunt
2869 3142 2962 3213 qui
2997 3155 3161 3210 super
3188 3136 3370 3191 omnia
3416 3135 3583 3188 bene—

2005 3245 2143 3299 ficus
2176 3248 2281 3307 est,
2313 3241 2578 3310 illumque
2609 3239 2741 3293 totis
2777 3235 2986 3306 viribus
3019 3230 3227 3287 imitari
3252 3235 3547 3310 conantur.

2080 3427 2246 3482 Vens.
2289 3425 2340 3480 8.
2382 3422 2654 3493 Sapientes
2685 3434 2787 3472 non
2809 3415 3077 3469 declinant
3121 3409 3186 3463 ab
3221 3425 3310 3463 ore
3345 3406 3583 3473 Domini,
3692 3451 3694 3453 .

1965 3547 1968 3550 ’
2009 3522 2098 3577 sed
2131 3517 2426 3573 deliberant
2456 3515 2512 3567 in
2555 3507 2904 3565 consessibus.
2940 3503 3042 3570 Qui
3081 3499 3147 3553 ad
3190 3498 3585 3569 perfectionem

2009 3619 2401 3684 pervenerunt,
2443 3608 2596 3662 nullo
2629 3601 2793 3657 modo
2825 3598 2916 3653 Dei
2953 3597 3337 3651 universorum
3372 3588 3587 3644 Domini

2010 3703 2497 3776 transgrediuntur
2535 3703 2821 3767 praecepta,
2849 3692 2941 3747 sed
2969 3689 3032 3742 ad
3060 3701 3122 3741 ea
3149 3684 3546 3757 provehuntur.

2087 3885 2252 3940 Vens.
2308 3882 2363 3937 9.
2419 3875 2840 3946 Indisciplinatis
2893 3870 3311 3931 occurritmors,
3361 3863 3588 3917 moritur

2018 3987 2194 4034 autem
2231 3973 2534 4045 imprudens
2557 3970 2612 4023 in
2646 3965 2893 4037 peccatis.
2929 3956 2993 4014 Et
3025 3958 3203 4030 quoad
3244 3953 3590 4011 irrationales

2019 4043 2357 4139 animantum
2399 4059 2769 4133 speculativas
2814 4065 2932 4109 tum
2973 4051 3247 4124 practicas
3293 4043 3589 4116 potentias,

2020 4137 2217 4220 sensus
2241 4159 2391 4224 dico,
2422 4163 2477 4212 et
2511 4151 2811 4225 appetitum
2844 4141 3334 4215 concupiseibilem
3384 4152 3448 4191 ac
3481 4135 3592 4188 ira-

2021 4255 2294 4318 scibilem,
2355 4251 2450 4321 qui
2509 4248 2568 4303 in
2595 4258 2784 4302 earum
2825 4240 2891 4297 ad
2953 4238 3216 4293 unitatem
3283 4229 3596 4286 intellectus

2020 4319 2544 4402 coacervationibus
2578 4333 2861 4407 propriam
2906 4331 3017 4384 Deo
3073 4335 3285 4396 gratam
3337 4319 3597 4375 nesciunt

2023 4438 2262 4508 dirigere
2299 4435 2489 4496 vitam,
2543 4430 2612 4485 iis
2661 4441 2812 4481 mors
2844 4421 3040 4477 animae
3074 4423 3301 4488 peccato
3331 4409 3594 4468 occurrit.

2098 4503 2260 4586 visas.
2301 4527 2389 4582 10.
2441 4519 2789 4578 [inmunditia
2834 4523 3008 4569 autem
3051 4511 3160 4565 viro
3186 4504 3473 4576 pestilenti,
3516 4503 3598 4554 in-

2023 4626 2330 4700 quinabitur
2359 4622 2414 4675 in
2445 4618 2529 4672 die
2555 4615 2700 4670 mala
2731 4622 2780 4668 et
2815 4613 2869 4666 in
2891 4610 2976 4663 die
3008 4601 3390 4665 tribulationis,
3437 4599 3600 4650 donec

2015 4696 2262 4788 deﬁciat.
2299 4713 2365 4766 Et
2403 4712 2499 4766 ille
2546 4707 2640 4778 qui
2685 4699 3086 4759 irrationaliter
3117 4696 3252 4750 vivit
3298 4700 3354 4746 et
3406 4697 3599 4760 sponte

2025 4777 2138 4864 non
2172 4803 2434 4871 intelligit
2476 4801 2530 4855 in
2566 4777 2782 4869 quibus
2821 4792 2990 4848 Deum
3041 4785 3289 4846 oﬂ‘endit,
3327 4796 3497 4848 usque
3531 4777 3595 4828 ad

2025 4902 2193 4958 ﬁnem
2231 4899 2285 4954 in
2317 4893 2561 4968 peccatis
2613 4885 2980 4961 permanebit.
3024 4880 3130 4948 Qui
3173 4885 3358 4931 autem
3395 4870 3599 4924 malum

2024 5001 2215 5064 aperte
2236 4966 2390 5053 facit;
2425 4986 2680 5053 aliosque
2705 4975 3008 5051 pervertit,
3047 4969 3140 5038 qui
3177 4966 3435 5064 desperat
3469 4974 3600 5029 pro-

2025 5051 2161 5159 priae
2191 5051 2384 5143 saluti,
2436 5051 2659 5148 quando
2711 5069 2941 5125 veniunt
2974 5056 3226 5159 corporis
3275 5051 3498 5159 dolores
3549 5058 3604 5102 et

2029 5142 2225 5230 animm
2280 5142 2569 5232 mcerores,
2597 5160 2812 5218 malitia
2864 5155 2984 5224 ejus
3029 5145 3381 5210 extendetur,
3426 5142 3604 5196 donec

2027 5270 2153 5326 vitae
2177 5265 2300 5322 fluis
2333 5253 2707 5331 deprehendat
2722 5315 2724 5317 _
2741 5249 2916 5303 illum.

2097 5443 2268 5498 Vsus.
2300 5439 2390 5492 Η.
2442 5433 2580 5488 Erue
2607 5444 2695 5484 eos
2725 5423 2814 5496 qui
2843 5423 3110 5475 ducuntur
3156 5414 3224 5469 ad
3264 5418 3506 5471 mortem,
3558 5416 3607 5462 et

2028 5534 2120 5605 qui
2152 5530 2436 5583 trahuntur
2462 5522 2530 5576 ad
2559 5519 2832 5575 interitum
2865 5515 3198 5568 liberare-ne
3235 5521 3421 5560 cesses.
3467 5500 3610 5552 Erue

2032 5591 2302 5692 quantum
2333 5624 2486 5686 potes
2525 5628 2622 5667 eos
2655 5609 2747 5680 qui
2782 5611 3064 5660 ducuntur
3111 5603 3178 5654 ad
3209 5603 3461 5657 mortem,
3496 5591 3611 5644 sive

2035 5685 2101 5766 ad
2146 5685 2374 5763 mortem
2440 5704 2700 5772 injustam
2755 5695 3034 5767 corporis,
3085 5693 3198 5747 sive
3255 5685 3323 5740 ad
3378 5690 3612 5738 mortem
