3900 6228
457 278 594 343 1ί63
1773 267 2084 332 PROCOPI
2098 268 2120 324 Ι
2161 268 2398 328 GAZEI
3546 268 3664 332 liti

455 385 651 438 extimae
705 393 797 450 per
857 389 1186 454 peccatum;
1245 397 1451 454 eosque
1502 383 1585 440 sic
1653 384 1995 453 periclitante

2129 379 2269 433 οὕτω
2323 381 2768 445 κινδυνεύοντας,
2827 381 3145 454 ἐλευθεροῦν
3190 383 3280 438 διά
3331 384 3616 455 χρημάτων
3636 383 3659 447 ᾗ

452 474 687 530 liberare
726 475 876 529 omni
947 475 1114 530 modo
1156 489 1375 540 conare,
1418 475 1535 530 sive
1563 490 1697 546 opes
1748 475 1864 532 sive
1901 490 1992 530 scr

1901 490 2020 530 scr-
2119 475 2388 527 παντοίων
2423 472 2595 542 λόγων
2627 475 2719 526 καὶ
2741 473 2979 544 τρόπων,
3015 476 3090 546 μὴ
3117 477 3435 550 ὲκκακίσῃς.

453 579 644 619 mones
675 565 1003 620 adhibendo.

523 652 690 708 Vsus.
737 656 822 710 12.
852 655 911 710 Si
940 664 1115 708 autem
1163 655 1387 720 dixeris,
1441 654 1634 711 Nescio
1677 656 1852 718 hunc;
1885 656 2018 708 scito

2191 649 2278 718 ιβ’.
2321 649 2456 702 Ἐὰν
2478 648 2546 702 δὲ
2572 650 2767 718 εἴπῃς,
2831 652 2952 704 Οὐκ
2979 647 3113 705 οἴδα
3159 651 3388 714 τοῦτον,
3426 651 3665 720 γίνωσκε

451 746 696 812 quoniam
722 745 976 800 Dominus
1000 745 1162 800 corda
1188 748 1420 801 omnium
1443 750 1728 819 cognoscit,
1746 759 1795 802 et
1813 749 1902 819 qui
1924 747 1988 800 de

2125 741 2205 794 ὅτι
2232 742 2444 808 Κύριος
2471 741 2718 807 καρδίας
2740 740 2982 794 πάντων
3004 742 3282 810 γινώσκει
3308 756 3325 773 ο
3347 742 3444 796 καί
3471 745 3503 796 ό
3534 741 3665 796 πλά-

452 835 530 888 dit
566 837 806 905 spiritum
852 836 1109 901 omnibus,
1153 840 1260 906 ipse
1298 840 1438 893 novit
1469 841 1691 904 omnia;
1725 842 1814 910 qui
1847 840 1992 894 reddi

2125 848 2233 899 σας
2266 833 2464 900 πνοὴν
2489 831 2699 896 πᾶσιν,
2731 833 2913 898 αὐτὸς
2948 835 3075 888 οἶδε
3112 834 3308 888 πάντα
3332 851 3346 866 ·
3381 835 3450 900 ὃς
3476 834 3665 889 ἀποδί-

449 932 726 1000 unicuique
768 931 1048 985 secundum
1080 949 1236 1002 opera
1284 935 1422 1002 ejus.
1479 934 1536 990 Si
1589 945 1768 991 autem
1805 935 1981 990 dixeri

2124 924 2305 978 δωσιν
2329 923 2566 990 ἑκάστῳ
2603 925 2754 978 κατὰ
2781 924 2852 978 τὰ
2880 924 3024 993 ἔργα
3051 926 3261 982 αὑτοῦ.
3308 927 3432 979 Ἐὰν
3465 928 3507 978 δ’
3538 929 3664 995 ἐρεῖς

451 1024 504 1090 in
557 1024 886 1092 telnclipso:
935 1024 1029 1078 llle
1082 1025 1174 1096 qui
1227 1027 1370 1096 perit
1417 1028 1534 1082 sive
1579 1029 1758 1097 quoad
1791 1043 1991 1096 corpus

2121 1015 2240 1071 καθ’
2264 1016 2478 1080 ἑαυτὸν,
2512 1017 2588 1078 ῶς
2607 1011 2821 1080 Οὖτοςό
2844 1016 3237 1086 ἀπολλύμενος,
3271 1018 3378 1070 εἴτε
3405 1019 3545 1071 κατά
3576 1018 3643 1070 σῶ

373 1171 382 1178 ,
447 1115 563 1167 sive
600 1116 777 1182 quoad
810 1115 1070 1180 animam,
1116 1133 1222 1171 non
1252 1126 1420 1174 notus
1454 1130 1537 1174 cst
1581 1119 1754 1184 ωηο-ς
1785 1127 1842 1173 et
1870 1134 1913 1189 pl

2128 1125 2218 1179 μα,
2250 1108 2360 1162 εἴτε
2413 1111 2552 1163 κατά
2581 1109 2780 1180 ψυχὴν,
2825 1114 3065 1178 γνωστός
3103 1111 3204 1182 μού
3238 1113 3375 1173 ἐστι,
3405 1111 3500 1164 καὶ
3521 1127 3668 1164 κατα-

447 1205 633 1258 culum
685 1206 742 1258 in
785 1222 897 1275 quo
932 1215 1183 1260 versatur
1224 1209 1646 1278 contempseris,
1693 1211 1834 1265 scito
1889 1211 1987 1280 qui

2125 1202 2393 1273 φρονήσῃς
2451 1201 2615 1255 αὑτοῦ
2682 1202 3083 1267 κινδυνεύοντος
3114 1243 3130 1269 ,
3187 1203 3276 1257 ἔσο
3327 1203 3485 1266 είδὼς
3531 1204 3665 1256 δτιό

448 1293 714 1350 Dominus
737 1297 980 1350 omnium
1013 1298 1153 1352 Deus
1187 1299 1555 1368 cogitationes
1600 1301 1919 1369 cognoscit;
1963 1317 1988 1357 c

2125 1292 2397 1363 Δεσπότης
2429 1291 2538 1346 τῶν
2583 1292 2718 1346 ὅλων
2772 1293 2904 1357 Θεὸς
2931 1294 3149 1348 πάντων
3167 1295 3266 1358 τὰς
3287 1295 3527 1358 διανοίας
3556 1295 3665 1348 ini-

446 1381 540 1449 qui
576 1382 741 1435 vitam
773 1383 1032 1439 omnibus
1078 1385 1359 1440 concessit
1396 1387 1738 1453 hominibus,
1771 1390 1891 1460 ipse
1923 1406 1986 1446 ac

2123 1399 2311 1438 σταται
2348 1401 2361 1415 ’
2398 1384 2492 1436 καὶ
2532 1385 2561 1438 ό
2611 1385 2913 1455 παρασχὼν
2969 1386 3115 1458 ζωὴν
3145 1389 3309 1440 πᾶσιν
3352 1386 3663 1458 ἀνθρώποις,

445 1481 637 1527 curate
661 1475 844 1527 omnia
879 1474 1054 1538 novit,
1091 1485 1142 1529 et
1171 1475 1291 1546 ipse
1341 1477 1485 1532 sicut
1532 1477 1883 1548 justissimus
1921 1481 1982 1551 ju

2125 1467 2269 1538 οὗτος
2298 1475 2542 1548 ἀκριϐῶς
2571 1475 2749 1530 πάντα
2780 1477 3060 1550 γινώσκει,
3087 1478 3184 1532 καὶ
3201 1479 3361 1542 αὐτὸς
3379 1473 3466 1532 οἶα
3495 1479 3665 1549 κριτὴς

445 1563 550 1617 dex
585 1565 882 1635 unicuique
915 1567 1093 1621 reddit
1140 1567 1360 1640 dignam
1412 1584 1639 1641 operum
1685 1573 1985 1628 mercedem

2125 1564 2467 1631 δικαιότατος,
2517 1565 2673 1630 ἀξίας
2725 1567 2832 1620 τῶν
2861 1565 3037 1636 ἔργων
3062 1567 3288 1621 ἑκάστου
3317 1567 3420 1630 τὰς
3453 1567 3665 1635 ἀμοιϐὰς

445 1654 744 1724 Propterea
778 1671 806 1710 a
844 1655 954 1712 Deo
990 1659 1423 1716 misericordiam
1471 1679 1579 1718 non
1622 1652 1985 1735 consequetur

2125 1657 2536 1710 ἀποδίδωσι·διὸ
2574 1658 2673 1710 οὐκ
2706 1657 2980 1734 ὲλεηθὴσῃ
3021 1662 3148 1730 παρ’
3215 1661 3410 1725 αὑτοῦ,
3476 1661 3556 1714 ὅτι
3585 1660 3665 1714 καὶ

558 1713 573 1724 _
1079 1713 1117 1715 η
1187 1713 1203 1716 _
1287 1713 1308 1715 η
1628 1713 1980 1735 --τ--.μνη

444 1748 572 1816 quia
593 1755 648 1802 et
676 1747 792 1816 ipse
825 1750 1057 1818 proximi
1090 1768 1198 1807 non
1230 1753 1491 1810 misertus
1517 1765 1624 1812 est.

1499 1713 2010 1812 Ie‘s—tjmurqu
2043 1713 2087 1769 Β
2117 1747 2279 1811 αὐτὸς
2301 1747 2390 1801 τὸν
2415 1748 2630 1819 ὀμοφυῆ
2658 1749 2759 1802 οὐκ
2782 1713 3039 1821 uincla

513 1835 681 1892 Vens.
735 1839 822 1891 15.
859 1837 1086 1893 Comede
1124 1843 1245 1906 mel,
1297 1843 1418 1912 ﬁli;
1446 1845 1610 1901 bonus
1643 1848 1778 1900 enim
1808 1857 1886 1901 est
1933 1847 2016 1917 {a-

2189 1838 2276 1907 ιγ’.
2332 1839 2486 1909 Wire
2519 1839 2677 1910 μέλι,
2723 1841 3100 1911 υἱέοάγαθὸν
3151 1843 3260 1914 γὰρ
3317 1847 3548 1913 κηρίον,
3575 1848 3662 1900 ἵνα

443 1943 557 1991 eus,
589 1938 645 1980 ut
673 1927 936 1983 dulcescat
957 1940 1138 2000 guttur
1166 1941 1328 1987 tumn.
1366 1934 1491 2002 Fili,
1523 1936 1884 2006 spiritualiter
1920 1953 1983 2007 pa

2122 1930 2426 1999 πολυκανθῇ
2476 1931 2933 2002 σουόφάρυγξ.
2993 1934 3246 2006 Τράφηθι
3301 1937 3662 2006 πνευματικῶς

443 2033 596 2074 scere
649 2021 958 2076 divinorum
1014 2040 1334 2079 sermonum
1398 2025 1694 2084 dulcedine
1746 2049 1761 2084 :
1815 2029 1983 2084 llorutl

2124 2025 2180 2094 τῇ
2201 2023 2309 2076 τῶν
2342 2021 2502 2076 θείων
2553 2023 2750 2088 λογίων
2774 2024 3095 2096 γλυκύτητι,
3149 2029 3370 2081 τέκνονσ
3408 2030 3543 2097 καλὴ
3573 2029 3664 2099 γάρ

441 2111 588 2165 enim
617 2111 867 2166 doctrina
899 2114 1035 2171 bene
1077 2118 1336 2173 omnibus
1371 2128 1632 2189 aptatur;
1661 2123 1806 2178 sicut
1837 2123 1981 2177 melli

2120 2114 2320 2185 ἐστινὴ
2367 2114 2603 2186 ἁρμονία
2644 2117 2745 2186 τῆς
2794 2115 3004 2169 τούτων
3057 2117 3410 2184 διδασκαλίας
3435 2137 3449 2151 ·
3491 2121 3660 2191 κηρίον

443 2200 601 2255 favus
653 2201 720 2256 iis
765 2203 860 2270 qui
895 2204 1043 2258 illam
1080 2207 1352 2262 docentur
1383 2218 1506 2278 apte
1537 2211 1983 2266 accommodatur

2123 2207 2326 2277 μέλιτος
2360 2207 2536 2278 δίκην,
2573 2207 2863 2277 προσφυῶς
2890 2211 3000 2270 τοῖς
3023 2209 3429 2280 διδασκομένοις
3452 2210 3663 2281 ἁρμοζο-

442 2289 569 2346 Illos
627 2292 845 2362 quidem
905 2294 998 2365 qui
1063 2306 1411 2366 peccatorum
1469 2302 1632 2357 mevis
1684 2301 1982 2358 sordescun

2120 2299 2306 2370 μένης,
2332 2299 2409 2362 ὡς
2437 2298 2545 2354 τῶν
2572 2298 2672 2370 μὲν
2707 2300 2920 2370 κηλῖσιν
2955 2302 3370 2372 ἁμαρτημάτων
3430 2305 3660 2374 apsum-

441 2379 718 2453 puriiicat,
749 2401 844 2442 eos
873 2398 1051 2442 autem
1090 2388 1360 2444 illuminat
1387 2393 1477 2461 qui
1504 2393 1557 2447 in
1594 2395 1834 2450 tenebris
1865 2397 1981 2465 igne

2119 2394 2288 2464 μένων
2326 2392 2696 2464 καθαρτικῆς,
2731 2393 2840 2446 τῶν
2865 2393 2920 2447 δὲ
2955 2395 3134 2448 σκότει
3164 2395 3392 2464 ἀγνοίας
3411 2395 3659 2448 καλυπτο-

441 2475 634 2529 rautian
663 2476 1003 2546 detinentur,
1061 2480 1365 2551 virtuteque
1389 2493 1442 2538 et
1472 2485 1701 2540 scientia
1746 2489 1979 2556 praedito

2116 2481 2312 2552 μένων,
2360 2482 2728 2551 φωτιστικῆς·
2769 2481 3126 2552 τελειωτικῆς
3152 2482 3210 2535 δὲ
3259 2483 3370 2536 τῶν
3415 2482 3656 2553 ἐναρέτων

440 2567 670 2633 perlicit.
702 2568 770 2624 Ut
797 2585 920 2624 cum
952 2571 1042 2624 illa
1085 2572 1336 2628 doctrina
1389 2575 1561 2633 {ueris
1609 2578 1864 2646 satiatus,
1915 2596 1980 2637 vo

2114 2573 2202 2626 καὶ
2231 2570 2546 2640 γνωστικῶν
2576 2588 2589 2602 ·
2619 2572 2706 2624 ἵνα
2733 2573 3140 2644 ὲμφορηθέντος
3169 2589 3262 2627 σου
3288 2573 3392 2643 τῆς
3425 2571 3654 2638 τοιαύτης

440 2658 653 2727 luplate
709 2661 977 2728 spirituali
1027 2664 1301 2732 repleatur
1357 2669 1586 2736 spiritus
1633 2677 1784 2734 tuus,
1824 2686 1854 2725 a
1897 2687 1980 2742 qut

2113 2663 2476 2728 διδασκαλίας,
2529 2663 2722 2734 ἡδονῆς
2775 2664 3152 2733 πνευματικῆς
3210 2663 3471 2735 πληρωθῇ
3527 2660 3653 2720 σουὸ

437 2751 595 2818 quasi
642 2766 670 2805 a
720 2760 940 2821 gutture
985 2754 1223 2825 quodam
1278 2757 1592 2826 spirituales
1643 2764 1977 2833 cogitatione

2111 2754 2231 2818 νοῦς
2261 2773 2273 2787 ·
2304 2756 2372 2809 δι’
2397 2751 2588 2826 οὗπερ,
2618 2758 2693 2819 ὥς
2719 2773 2866 2819 τινος
2905 2756 3210 2826 φάρυγγος,
3237 2755 3308 2809 τὰ
3333 2752 3651 2826 πνευματικά

437 2839 632 2918 anima:
658 2840 1059 2901 diﬂunduntur.

2106 2847 2352 2917 νοήματα
2369 2848 2433 2916 τῇ
2459 2846 2605 2916 ψυχῇ
2631 2845 3114 2918 παραπέμπονται.

481 2909 674 2984 Ὗειιε.
712 2932 797 2986 14.
836 2931 925 2987 Sic
972 2937 1162 2990 senties
1195 2939 1512 3006 sapientiam
1561 2943 1738 2999 animo
1769 2954 1880 3002 tuo.
1915 2945 2006 3005 Sic

2293 2909 2492 3002 Οὕτως·
2517 2909 2782 3004 αίσθήσῃ
2807 2909 3032 3006 σοφίαν
3054 2934 3128 3004 τῇ
3153 2935 3327 3005 ψυχῆ
3351 2950 3486 2991 σου.
3513 2933 3647 2990 Οὕτω

435 3021 580 3074 enim
641 3022 694 3075 in
747 3025 930 3077 anima
988 3027 1270 3095 sapientiae
1331 3031 1679 3088 dulcedinem
1750 3040 1957 3096 senties

2107 3027 2214 3098 γὰρ
2244 3026 2496 3096 γλυκείας
2528 3025 2867 3097 αἱσθανθήσῃ
2905 3027 3046 3080 κατὰ
3090 3027 3267 3098 ψυχὴν
3292 3027 3396 3097 τῆς
3449 3027 3643 3096 σοφίας·

435 3109 767 3166 dulcissima:
797 3113 942 3166 enim
971 3115 1091 3183 ejus
1119 3118 1424 3186 spiritualis
1448 3124 1876 3190 pulchritudinis
1907 3146 1972 3200 pe

2109 3117 2178 3181 ὡς
2205 3117 2297 3170 τοῦ
2345 3118 2483 3171 κατά
2505 3117 2722 3188 πνεῦμα
2750 3113 3084 3186 γλυκυτάτου
3107 3118 3338 3182 κάλλους
3369 3119 3530 3190 αὐτῆς
3554 3134 3649 3170 πει-

434 3201 560 3254 νὶιαι
591 3202 984 3270 perfectionem
1015 3209 1335 3275 experieris.

2106 3210 2293 3282 ραθεὶς
2320 3210 2542 3273 ἱκανῶς,
2569 3209 2656 3262 διὰ
2695 3209 2814 3280 βίου
2844 3209 3181 3280 τελειότητα.

504 3291 562 3345 Si
581 3293 717 3347 enim
747 3296 1024 3366 inveneris,
1060 3287 1158 3355 erit
1186 3301 1350 3358 bonus
1379 3304 1573 3370 obitus,
1605 3317 1653 3362 et
1683 3325 1799 3378 spes
1827 3322 1876 3366 te
1899 3329 2003 3367 non

2185 3299 2320 3352 Ἐὰν
2369 3299 2479 3369 γὰρ
2523 3299 2728 3368 εὔρῃς,
2777 3299 2966 3378 ἔσται
2999 3304 3157 3367 καλὴ
3182 3300 3218 3366 ἡ
3245 3292 3496 3366 τελευτή
3529 3314 3644 3363 σου,

431 3383 654 3439 deseret.
704 3387 762 3442 Si
791 3389 934 3443 enim
969 3407 1219 3460 quaerens
1251 3410 1369 3450 eam
1425 3405 1479 3452 et
1525 3399 1578 3454 in
1614 3377 1919 3471 Scripturis
1949 3420 1971 3459 ε

2103 3387 2390 3467 καίέλπίς
2409 3404 2483 3442 σε
2514 3391 2626 3443 οὑκ
2675 3377 3114 3459 ἐγκαταλείψει.
3157 3390 3283 3443 Ἐὰν
3328 3392 3438 3462 γὰρ
3493 3389 3642 3460 ζητῶν

431 3476 485 3529 in
523 3479 821 3544 creatione,
860 3481 1136 3540 inveneris
1169 3501 1287 3541 eam
1311 3497 1548 3556 utpotea
1573 3493 1776 3548 creatis
1801 3495 1971 3563 praedi

2103 3478 2308 3548 ταύτην
2336 3481 2392 3533 ἐν
2412 3483 2474 3551 τῇ
2500 3481 2692 3551 Γραφῇ
2717 3482 2810 3534 καὶ
2829 3485 2896 3554 τῇ
2924 3483 3123 3547 κτίσει,
3160 3482 3332 3555 εὕρῃς
3365 3482 3526 3552 αὐτὴν
3548 3475 3640 3534 eicio

431 3578 611 3622 catam
641 3589 655 3636 ;
689 3572 866 3628 bonus
890 3575 984 3628 tibi
1005 3578 1110 3630 erit
1139 3578 1260 3634 vitae
1285 3579 1430 3645 ﬁnis,
1457 3581 1585 3651 quia
1616 3599 1710 3652 per
1736 3599 1856 3639 eam
1889 3601 1971 3640 ma

2102 3586 2210 3640 περ
2241 3570 2344 3622 ὑπὸ
2380 3571 2488 3622 τῶν
2536 3567 2894 3643 [κτισμάτων]
2946 3571 3383 3642 κηρυττομένην.
3439 3568 3636 3640 ὑπάρξει

433 3673 504 3712 nu
563 3660 785 3716 duceris
833 3663 901 3716 ad
950 3666 1206 3722 salutem.
1256 3667 1550 3740 Propterea
1583 3688 1703 3728 eam
1753 3674 1973 3731 obtineri

2103 3679 2198 3716 σου
2220 3661 2280 3716 τὸ
2304 3666 2403 3731 τῆς
2429 3662 2574 3732 ζωῆς
2618 3661 2769 3726 τέλος
2791 3663 3017 3730 ἀγαθὸν,
3045 3660 3555 3733 χειραγωγουμένου
3582 3655 3635 3710 δι’

432 3765 712 3818 tamquam
738 3752 1076 3824 desperabis.

2099 3754 2270 3824 αὐτῆς
2299 3753 2435 3823 πρὸς
2477 3752 2778 3822 σωτηρίαν·
2808 3753 3104 3810 κάντεῦθεν
3128 3753 3427 3820 τεύξασθαι
3457 3749 3631 3818 ταύτης

2100 3843 2350 3914 οὐδαμῶς
2384 3843 2728 3908 ἀπελπίσεις.

507 3932 662 3989 Vens.
707 3935 791 3990 15.
830 3936 955 3992 Νοίί
980 3940 1245 4008 applicare
1283 3943 1500 4012 impium
1542 3947 1611 3999 ad
1656 3963 1857 4016 pascua
1905 3949 1999 4018 ju-

2176 3939 2255 3988 ts'.
2281 3931 2374 4001 Μὴ
2406 3934 2797 4004 προσαγάγῃς
2826 3935 3037 3989 ἀσεϐεῖ
3062 3935 3259 4004 νομὴν
3276 3932 3533 3988 δικαίων
3549 3944 3637 4000 m-

427 4032 663 4087 stornm;
700 4042 859 4094 neque
887 4026 1157 4083 seducaris
1187 4033 1471 4088 saturitate
1520 4037 1739 4091 ventris.
1778 4035 1898 4092 Noli
1926 4045 1967 4091 at

2100 4024 2169 4079 δὲ
2189 4024 2500 4092 ἀπατηθῇς
2522 4026 2814 4097 χορτασίᾳ.
2863 4027 3116 4093 κοιλίας.
3171 4027 3264 4097 Μὴ
3299 4023 3635 4096 προσενέγκῃς

425 4113 574 4168 terre
605 4115 657 4169 ei
703 4117 798 4184 qui
858 4131 953 4186 per
1013 4118 1156 4172 bona
1214 4134 1380 4187 Opera
1433 4137 1542 4177 non
1606 4136 1754 4180 amat
1814 4126 1965 4180 coler

2099 4116 2176 4185 τῷ
2203 4116 2279 4187 μὴ
2303 4116 2368 4169 δι’
2398 4115 2621 4184 ἀγαθῶν
2651 4116 2827 4195 ἔργων
2869 4117 3180 4188 αἱρουμένῳ
3207 4119 3375 4188 τιμᾷν
3395 4121 3480 4169 τὸν
3511 4113 3631 4173 Θεὸν,

423 4203 622 4268 Deum,
651 4206 960 4263 doctrinam
999 4211 1257 4280 perfectis
1281 4214 1334 4267 in
1364 4215 1569 4272 virtute
1596 4233 1915 4289 congruam,
1943 4235 1963 4272 ε

2098 4207 2444 4263 διδασκαλίαν
2467 4210 2578 4272 τοῖς
2607 4208 2727 4261 κατ’
2751 4209 2951 4280 ἀρετὴν
2972 4209 3198 4272 τελείοις
3234 4209 3490 4279 ἁρμόδιον
3516 4223 3530 4238 ο
3561 4202 3631 4258 καὶ

425 4297 699 4367 projicere
739 4301 1064 4370 margaritas
1096 4304 1464 4372 spiritualium
1519 4307 1615 4363 Dei
1671 4324 1965 4364 sermonun

2099 4299 2280 4371 ῥίψεις
2310 4300 2432 4362 τοὺς
2488 4298 2872 4370 μαργαρώδεις
2913 4300 3316 4370 πνευματικοὺς
3355 4300 3530 4368 λόγους
3556 4295 3631 4362 ἔμ-

424 4395 552 4441 ante
583 4387 732 4442 illum
769 4389 862 4459 qui
901 4391 1043 4445 sicut
1090 4409 1290 4462 porcus
1321 4411 1482 4450 caeno
1519 4398 1860 4466 voluptatum
1899 4415 1964 4453 vo

2096 4390 2333 4462 προσθεν
2380 4391 2476 4444 τοῦ
2513 4391 2669 4462 δίκην
2699 4394 2882 4462 χοίρου
2909 4391 2986 4462 τῷ
3040 4390 3283 4462 βορϐόρῳ
3334 4389 3440 4444 τῶν
3467 4384 3629 4460 ἡδονῶν

426 4477 654 4543 lutatur;
679 4495 767 4546 ne,
796 4481 947 4536 illum
967 4483 1221 4540 doctrina
1251 4487 1527 4558 spirituali
1560 4489 1788 4562 implere
1809 4491 1966 4546 susci

2101 4482 2581 4553 ἐγκαλινδουμένου
2604 4499 2618 4512 ο
2655 4483 2787 4554 μηδὲ
2837 4483 3124 4537 ὑπολαϐὼν
3164 4481 3444 4554 ⁴ἐμπλῆσαι
3476 4478 3627 4534 τοῦτον

427 4568 604 4636 picus,
645 4571 950 4628 irridearis.

2101 4573 2448 4636 διδασκαλίας
2478 4577 2874 4644 πνευματικῆς,
2904 4574 3226 4646 χλευασθῇς.

497 4654 664 4712 Vens.
701 4659 785 4713 16.
827 4659 1025 4727 Septies
1063 4667 1201 4719 enim
1233 4669 1384 4722 cadet
1407 4668 1612 4737 justus,
1649 4679 1698 4724 et
1735 4678 1992 4741 resurget.

2171 4669 2267 4727 ις’.
2312 4661 2585 4728 Ἐπτὰκις
2610 4657 2720 4733 γὰρ
2763 4663 3031 4717 πεσεῖται
3055 4666 3087 4717 ὀ
3112 4663 3365 4729 δίκαιος,
3398 4661 3489 4716 καί
3512 4659 3623 4714 ἀνα·

425 4746 648 4804 Dcsinet
707 4751 850 4805 enim
897 4757 1093 4811 cadere
1139 4759 1192 4811 in
1241 4770 1488 4828 peccata,
1541 4763 1634 4830 qui
1687 4763 1965 4817 secundum

2097 4753 2408 4820 στήσεται.
2431 4752 2795 4806 Καταπαύσει
2830 4751 2940 4823 γὰρ
2961 4752 3055 4806 τοῦ
3092 4752 3444 4825 περιπίπτειν
3477 4749 3621 4817 ἀμαρ-

425 4840 558 4910 iegis
594 4849 807 4899 naturae
851 4844 1294 4913 jurisdictionem
1352 4853 1646 4922 legitimam
1708 4855 1903 4911 animze
1942 4872 1965 4911 ε

2095 4845 2565 4916 τήμασιν,ὁκατά
2599 4845 2698 4915 τὴν
2749 4844 3118 4899 δικαιοδοσίαν
3165 4844 3262 4898 τοῦ
3300 4846 3400 4914 τῆς
3451 4841 3621 4912 φύσεως

425 4936 643 5002 corpori
690 4937 945 4992 retribuit
993 4952 1218 5004 sortem,
1274 4945 1468 5000 annuae
1515 4948 1733 5016 quidem
1760 4949 1963 5005 virtute

2094 4933 2281 5005 νόμου,
2307 4935 2428 4988 κατ’
2451 4933 2608 5000 ἀξίαν
2629 4935 2694 5004 τῇ
2729 4933 2874 5005 ψυχῇ
2901 4933 3065 4988 αὐτοῦ
3106 4935 3201 4988 καὶ
3229 4937 3296 5005 τῇ
3325 4932 3479 5004 σαρκὶ
3508 4929 3616 4981 ἀπο·

425 5025 774 5096 principalcs,
831 5032 1050 5100 corpori
1105 5041 1287 5088 autem
1339 5037 1493 5093 cibos
1563 5056 1624 5092 ac
1678 5049 1965 5108 tegutnent:

2095 5025 2293 5095 νέμων·
2317 5027 2382 5096 τῇ
2421 5024 2519 5096 μὲν
2551 5024 2648 5088 τὰς
2666 5024 2887 5093 γενικὰς
2923 5025 3146 5096 ἀρετὰς,
3191 5028 3256 5097 τῇ
3283 5025 3341 5078 δὲ
3366 5016 3615 5108 διατροεξᾶς

424 5118 657 5174 maxime
689 5113 1018 5187 necessaria.
1054 5125 1134 5180 Ab
1174 5127 1322 5180 omni
1367 5129 1559 5184 aﬂ‘cclu
1617 5133 1681 5182 ad
1716 5133 1964 5200 super-(lu:

2095 5113 2186 5168 καὶ
2223 5113 2607 5183 σκεπάσματα,
2631 5112 2700 5166 τά
2729 5113 2865 5184 μόνα
2885 5113 3326 5182 ἀναγκαιότατα·
3367 5105 3615 5200 κάντεῦθεν

421 5214 474 5258 et
513 5221 623 5260 non
656 5214 966 5267 necessaria
1023 5215 1160 5272 liber
1189 5219 1463 5275 excitatur
1499 5222 1565 5276 ad
1619 5223 1780 5276 vitam
1831 5226 1961 5294 spiri

2091 5205 2384 5270 ἀπολυθεὶς
2423 5204 2603 5275 πάσης
2650 5205 2751 5274 τῆς
2791 5204 2926 5276 πρὸς
2949 5205 3017 5258 τὰ
3044 5205 3296 5276 περιττὰ,
3362 5203 3453 5256 καὶ

420 5297 618 5351 tualcm
639 5299 986 5369 diviniorem,
1021 5323 1210 5376 panem
1238 5326 1266 5362 e
1299 5314 1436 5365 crnlo
1465 5313 1888 5368 descendentem
1931 5333 1960 5370 u

2089 5299 2191 5368 τὴν
2251 5297 2444 5368 χρείαν
2471 5296 2728 5367 σχέσεως,
2770 5295 3134 5367 ἐγερθήσεται
3158 5297 3239 5360 είς
3268 5296 3365 5368 τὴν
3398 5289 3522 5347 κατά
3546 5284 3612 5336 τὸν

420 5385 602 5440 cibum
652 5389 970 5448 solidiorem
1030 5400 1362 5456 manducare
1399 5406 1610 5467 valens,
1660 5416 1778 5474 post
1810 5409 1952 5461 omni

2091 5389 2466 5461 πνευματικὸν
2499 5388 2661 5458 νόμον
2695 5388 2976 5457 θειοτέραν
3009 5386 3183 5460 ζωήν·
3219 5387 3308 5440 τὸν
3344 5390 3402 5442 ὲκ
3433 5376 3607 5474 τοῦ-οὖ-

419 5479 628 5543 peccati
658 5484 1047 5551 cessationem,
1067 5503 1228 5557 quam
1253 5495 1493 5550 ostendit
1528 5511 1790 5552 numerus
1816 5508 1959 5568 δορις

2091 5481 2256 5553 ρανοῦ
2306 5481 2703 5536 καταϐαίνοντα
2757 5480 2943 5552 ἄρτον,
3005 5476 3093 5534 οἷά
3126 5495 3248 5532 τινα
3279 5470 3605 5568 στερεωτέριν

418 5567 628 5622 uarius.
1877 5561 1890 5568 ’

2088 5574 2294 5644 τροφὴν
2350 5573 2552 5627 ἐσθίειν
2601 5573 2929 5643 δυνάμενος,
2989 5571 3128 5642 μετά
3181 5571 3280 5642 τὴν
3328 5567 3428 5624 ἀπὺ
3466 5564 3605 5624 πάσης

2089 5667 2363 5732 ἁμαρτῖας
2447 5665 2821 5730 κατάπαυσιν,
2878 5667 3055 5736 ἥνπερ
3089 5663 3115 5716 ὁ
3159 5662 3294 5716 ἑπτὰ
3335 5655 3474 5729 δηλῡῖ
3513 5652 3602 5718 ἀρε·

2089 5756 2243 5829 θμός.
