  <div class='ocr_page' id='page_1' title='image "/cluster/home/n/w/nwhite01/storage/ocr_20150623/87 pt.1/mdp.39015032856539/770.png"; bbox 0 0 3900 6228; ppageno 0'>
   <div class='ocr_carea' id='block_1_1' title="bbox 269 294 406 360">
    <p class='ocr_par' dir='ltr' id='par_1_1' title="bbox 269 294 406 360">
     <span class='ocr_line' id='line_1_1' title="bbox 269 294 406 360; baseline -0.029 0"><span class='ocrx_word' id='word_1_1' title='bbox 269 295 293 360; x_wconf 82' lang='grc'><strong>1</strong></span> <span class='ocrx_word' id='word_1_2' title='bbox 309 294 406 358; x_wconf 76' lang='grc'><strong>165</strong></span> 
     </span>
    </p>
   </div>
   <div class='ocr_carea' id='block_1_2' title="bbox 1278 303 2422 374">
    <p class='ocr_par' dir='ltr' id='par_1_2' title="bbox 1278 303 2422 374">
     <span class='ocr_line' id='line_1_2' title="bbox 1278 303 2422 374; baseline 0.008 -12"><span class='ocrx_word' id='word_1_3' title='bbox 1278 303 1806 364; x_wconf 73' lang='grc' dir='ltr'><strong>ΟΟΜΜΕΝΤΑΗΙΙ</strong></span> <span class='ocrx_word' id='word_1_4' title='bbox 1856 303 1935 362; x_wconf 81' lang='grc' dir='ltr'><strong>ΙΝ</strong></span> <span class='ocrx_word' id='word_1_5' title='bbox 1977 303 2422 374; x_wconf 74' lang='lat' dir='ltr'><strong>PROVERBIA.</strong></span> 
     </span>
    </p>
   </div>
   <div class='ocr_carea' id='block_1_3' title="bbox 3370 316 3515 382">
    <p class='ocr_par' dir='ltr' id='par_1_3' title="bbox 3370 316 3515 382">
     <span class='ocr_line' id='line_1_3' title="bbox 3370 316 3515 382; baseline 0.014 -2"><span class='ocrx_word' id='word_1_6' title='bbox 3370 316 3515 382; x_wconf 70' lang='grc'><strong>1466</strong></span> 
     </span>
    </p>
   </div>
   <div class='ocr_carea' id='block_1_4' title="bbox 337 404 1827 492">
    <p class='ocr_par' dir='ltr' id='par_1_4' title="bbox 337 404 1824 484">
     <span class='ocr_line' id='line_1_4' title="bbox 337 404 1824 484; baseline 0.006 -27"><span class='ocrx_word' id='word_1_7' title='bbox 337 407 402 457; x_wconf 78' lang='grc' dir='ltr'><em>Οἱ</em></span> <span class='ocrx_word' id='word_1_8' title='bbox 430 404 481 457; x_wconf 83' lang='grc' dir='ltr'>δ’</span> <span class='ocrx_word' id='word_1_9' title='bbox 523 406 760 484; x_wconf 61' lang='lat' dir='ltr'><strong>dat-26:57:;</strong></span> <span class='ocrx_word' id='word_1_10' title='bbox 812 409 1270 476; x_wconf 78' lang='grc' dir='ltr'>ἀσθενήσουσιν</span> <span class='ocrx_word' id='word_1_11' title='bbox 1317 413 1389 466; x_wconf 79' lang='grc' dir='ltr'>ἐν</span> <span class='ocrx_word' id='word_1_12' title='bbox 1437 413 1662 480; x_wconf 82' lang='grc' dir='ltr'>κακοῖς.</span> <span class='ocrx_word' id='word_1_13' title='bbox 1693 415 1754 468; x_wconf 83' lang='lat' dir='ltr'><strong>Ol</strong></span> <span class='ocrx_word' id='word_1_14' title='bbox 1781 415 1824 466; x_wconf 86' lang='grc' dir='ltr'>δ’</span> 
     </span>
    </p>
   </div>
   <div class='ocr_carea' id='block_1_5' title="bbox 1937 404 3523 492">
    <p class='ocr_par' dir='ltr' id='par_1_5' title="bbox 1997 416 3523 492">
     <span class='ocr_line' id='line_1_5' title="bbox 1997 416 3523 492; baseline 0.012 -23"><span class='ocrx_word' id='word_1_15' title='bbox 1997 416 2162 470; x_wconf 77' lang='lat' dir='ltr'><strong>Vens.</strong></span> <span class='ocrx_word' id='word_1_16' title='bbox 2224 418 2310 471; x_wconf 83' lang='grc' dir='ltr'><strong>Π.</strong></span> <span class='ocrx_word' id='word_1_17' title='bbox 2363 417 2522 489; x_wconf 80' lang='lat' dir='ltr'><strong>[mpii</strong></span> <span class='ocrx_word' id='word_1_18' title='bbox 2566 429 2741 474; x_wconf 83' lang='lat' dir='ltr'><strong>autem</strong></span> <span class='ocrx_word' id='word_1_19' title='bbox 2814 423 3227 492; x_wconf 66' lang='lat' dir='ltr'><strong>inﬁt-moliuntur</strong></span> <span class='ocrx_word' id='word_1_20' title='bbox 3279 430 3336 484; x_wconf 88' lang='lat' dir='ltr'><strong>in</strong></span> <span class='ocrx_word' id='word_1_21' title='bbox 3396 450 3523 488; x_wconf 73' lang='lat' dir='ltr'><strong>nia--</strong></span> 
     </span>
    </p>
   </div>
   <div class='ocr_carea' id='block_1_6' title="bbox 259 491 1834 575">
    <p class='ocr_par' dir='ltr' id='par_1_6' title="bbox 259 491 1834 575">
     <span class='ocr_line' id='line_1_6' title="bbox 259 491 1834 575; baseline 0.006 -29"><span class='ocrx_word' id='word_1_22' title='bbox 259 491 562 565; x_wconf 80' lang='grc' dir='ltr'><strong>ἀλογίστως</strong></span> <span class='ocrx_word' id='word_1_23' title='bbox 587 497 808 563; x_wconf 79' lang='grc' dir='ltr'>ζῶντες,</span> <span class='ocrx_word' id='word_1_24' title='bbox 858 502 954 554; x_wconf 81' lang='grc' dir='ltr'><strong>καὶ</strong></span> <span class='ocrx_word' id='word_1_25' title='bbox 996 500 1134 564; x_wconf 85' lang='grc' dir='ltr'><strong>ὅλως</strong></span> <span class='ocrx_word' id='word_1_26' title='bbox 1161 501 1224 554; x_wconf 77' lang='grc' dir='ltr'><strong>τὸ</strong></span> <span class='ocrx_word' id='word_1_27' title='bbox 1250 501 1418 567; x_wconf 78' lang='grc' dir='ltr'>ὅντως</span> <span class='ocrx_word' id='word_1_28' title='bbox 1451 504 1613 558; x_wconf 86' lang='grc' dir='ltr'>καλὸν</span> <span class='ocrx_word' id='word_1_29' title='bbox 1654 506 1730 575; x_wconf 82' lang='grc' dir='ltr'>μὴ</span> <span class='ocrx_word' id='word_1_30' title='bbox 1753 522 1834 556; x_wconf 82' lang='grc' dir='ltr'>τι-</span> 
     </span>
    </p>
   </div>
   <div class='ocr_carea' id='block_1_7' title="bbox 265 587 1835 665">
    <p class='ocr_par' dir='ltr' id='par_1_7' title="bbox 265 587 1835 665">
     <span class='ocr_line' id='line_1_7' title="bbox 265 587 1835 665; baseline 0.006 -26"><span class='ocrx_word' id='word_1_31' title='bbox 265 587 494 658; x_wconf 85' lang='grc' dir='ltr'>μῶντες,</span> <span class='ocrx_word' id='word_1_32' title='bbox 538 587 894 642; x_wconf 85' lang='grc' dir='ltr'>ἀπελπίσουσι</span> <span class='ocrx_word' id='word_1_33' title='bbox 947 591 1051 661; x_wconf 78' lang='grc' dir='ltr'><strong>τὴν</strong></span> <span class='ocrx_word' id='word_1_34' title='bbox 1101 591 1317 647; x_wconf 81' lang='grc' dir='ltr'>ἑαυτῶν</span> <span class='ocrx_word' id='word_1_35' title='bbox 1367 595 1645 665; x_wconf 84' lang='grc' dir='ltr'><strong>σωτηρίαν</strong></span> <span class='ocrx_word' id='word_1_36' title='bbox 1664 597 1724 648; x_wconf 83' lang='grc' dir='ltr'>ὲν</span> <span class='ocrx_word' id='word_1_37' title='bbox 1753 591 1835 661; x_wconf 70' lang='grc' dir='ltr'>οἷς</span> 
     </span>
    </p>
   </div>
   <div class='ocr_carea' id='block_1_8' title="bbox 261 679 1834 757">
    <p class='ocr_par' dir='ltr' id='par_1_8' title="bbox 261 679 1834 757">
     <span class='ocr_line' id='line_1_8' title="bbox 261 679 1834 757; baseline 0.009 -27"><span class='ocrx_word' id='word_1_38' title='bbox 261 679 601 750; x_wconf 77' lang='grc' dir='ltr'><strong>περίκεινται</strong></span> <span class='ocrx_word' id='word_1_39' title='bbox 634 680 1024 753; x_wconf 82' lang='grc' dir='ltr'>ἁμαρτήμασιν</span> <span class='ocrx_word' id='word_1_40' title='bbox 1045 699 1060 714; x_wconf 88' lang='grc'><strong>·</strong></span> <span class='ocrx_word' id='word_1_41' title='bbox 1091 684 1166 746; x_wconf 83' lang='grc' dir='ltr'>ὡς</span> <span class='ocrx_word' id='word_1_42' title='bbox 1194 683 1295 754; x_wconf 81' lang='grc' dir='ltr'>τὴν</span> <span class='ocrx_word' id='word_1_43' title='bbox 1316 685 1458 740; x_wconf 82' lang='grc' dir='ltr'>κατὰ</span> <span class='ocrx_word' id='word_1_44' title='bbox 1483 687 1573 740; x_wconf 84' lang='grc' dir='ltr'><strong>τὸν</strong></span> <span class='ocrx_word' id='word_1_45' title='bbox 1589 703 1834 757; x_wconf 72' lang='grc' dir='ltr'>πνευμαο</span> 
     </span>
    </p>
   </div>
   <div class='ocr_carea' id='block_1_9' title="bbox 259 769 1836 847">
    <p class='ocr_par' dir='ltr' id='par_1_9' title="bbox 259 769 1836 847">
     <span class='ocr_line' id='line_1_9' title="bbox 259 769 1836 847; baseline 0.008 -25"><span class='ocrx_word' id='word_1_46' title='bbox 259 769 409 822; x_wconf 83' lang='grc' dir='ltr'>τικὺν</span> <span class='ocrx_word' id='word_1_47' title='bbox 438 772 600 838; x_wconf 87' lang='grc' dir='ltr'>νόμον</span> <span class='ocrx_word' id='word_1_48' title='bbox 628 771 923 841; x_wconf 78' lang='grc' dir='ltr'>θεραπείαν</span> <span class='ocrx_word' id='word_1_49' title='bbox 963 774 1230 844; x_wconf 82' lang='grc' dir='ltr'>βαστάσαι</span> <span class='ocrx_word' id='word_1_50' title='bbox 1256 794 1330 847; x_wconf 82' lang='grc' dir='ltr'><strong>μη</strong></span> <span class='ocrx_word' id='word_1_51' title='bbox 1360 777 1679 847; x_wconf 82' lang='grc' dir='ltr'><strong>δυνηθέντες</strong></span> <span class='ocrx_word' id='word_1_52' title='bbox 1699 818 1714 844; x_wconf 90' lang='grc'><strong>,</strong></span> <span class='ocrx_word' id='word_1_53' title='bbox 1744 775 1836 834; x_wconf 73' lang='grc' dir='ltr'>οἷα</span> 
     </span>
    </p>
   </div>
   <div class='ocr_carea' id='block_1_10' title="bbox 259 859 1634 937">
    <p class='ocr_par' dir='ltr' id='par_1_10' title="bbox 259 859 1634 937">
     <span class='ocr_line' id='line_1_10' title="bbox 259 859 1634 937; baseline 0.008 -26"><span class='ocrx_word' id='word_1_54' title='bbox 259 859 469 928; x_wconf 84' lang='grc' dir='ltr'><strong>τροφῆς</strong></span> <span class='ocrx_word' id='word_1_55' title='bbox 497 861 572 924; x_wconf 84' lang='grc' dir='ltr'>ὡς</span> <span class='ocrx_word' id='word_1_56' title='bbox 601 863 958 934; x_wconf 78' lang='grc' dir='ltr'>νηπιόφρονες</span> <span class='ocrx_word' id='word_1_57' title='bbox 986 867 1343 936; x_wconf 84' lang='grc' dir='ltr'>ἀπαλωτέρας</span> <span class='ocrx_word' id='word_1_58' title='bbox 1366 866 1634 937; x_wconf 84' lang='grc' dir='ltr'>δεόμενοι.</span> 
     </span>
    </p>
   </div>
   <div class='ocr_carea' id='block_1_11' title="bbox 330 947 1829 1025">
    <p class='ocr_par' dir='ltr' id='par_1_11' title="bbox 330 947 1829 1025">
     <span class='ocr_line' id='line_1_11' title="bbox 330 947 1829 1025; baseline 0.01 -27"><span class='ocrx_word' id='word_1_59' title='bbox 330 947 416 1010; x_wconf 79' lang='grc' dir='ltr'><strong>ιζ’.</strong></span> <span class='ocrx_word' id='word_1_60' title='bbox 438 947 570 1002; x_wconf 75' lang='grc' dir='ltr'><strong>Ἐὰν</strong></span> <span class='ocrx_word' id='word_1_61' title='bbox 590 950 750 1018; x_wconf 82' lang='grc' dir='ltr'>πέσῃ</span> <span class='ocrx_word' id='word_1_62' title='bbox 774 954 807 1004; x_wconf 83' lang='grc' dir='ltr'><strong>ό</strong></span> <span class='ocrx_word' id='word_1_63' title='bbox 821 952 1033 1022; x_wconf 82' lang='grc' dir='ltr'>ἐχθρός</span> <span class='ocrx_word' id='word_1_64' title='bbox 1057 972 1196 1020; x_wconf 89' lang='grc' dir='ltr'>σου,</span> <span class='ocrx_word' id='word_1_65' title='bbox 1211 955 1297 1024; x_wconf 72' lang='grc' dir='ltr'>μὴ</span> <span class='ocrx_word' id='word_1_66' title='bbox 1320 955 1416 1008; x_wconf 80' lang='grc' dir='ltr'>ἐπι</span> <span class='ocrx_word' id='word_1_67' title='bbox 1421 955 1616 1025; x_wconf 75' lang='grc' dir='ltr'>χαρῇς</span> <span class='ocrx_word' id='word_1_68' title='bbox 1646 957 1829 1025; x_wconf 74' lang='grc' dir='ltr'>αὐτῷ’</span> 
     </span>
    </p>
   </div>
   <div class='ocr_carea' id='block_1_12' title="bbox 255 1036 1832 1117">
    <p class='ocr_par' dir='ltr' id='par_1_12' title="bbox 255 1036 1832 1117">
     <span class='ocr_line' id='line_1_12' title="bbox 255 1036 1832 1117; baseline 0.01 -28"><span class='ocrx_word' id='word_1_69' title='bbox 255 1036 328 1090; x_wconf 78' lang='grc' dir='ltr'><strong>ἐν</strong></span> <span class='ocrx_word' id='word_1_70' title='bbox 363 1037 432 1091; x_wconf 81' lang='grc' dir='ltr'>δὲ</span> <span class='ocrx_word' id='word_1_71' title='bbox 465 1037 543 1103; x_wconf 82' lang='grc' dir='ltr'>τῷ</span> <span class='ocrx_word' id='word_1_72' title='bbox 565 1042 1048 1113; x_wconf 75' lang='grc' dir='ltr'>ὑποσκελίσματι</span> <span class='ocrx_word' id='word_1_73' title='bbox 1069 1046 1276 1112; x_wconf 85' lang='grc' dir='ltr'>αὐτοῦ,</span> <span class='ocrx_word' id='word_1_74' title='bbox 1303 1046 1390 1116; x_wconf 80' lang='grc' dir='ltr'>μὴ</span> <span class='ocrx_word' id='word_1_75' title='bbox 1413 1048 1686 1117; x_wconf 60' lang='grc' dir='ltr'>ἐπαιρου.</span> <span class='ocrx_word' id='word_1_76' title='bbox 1704 1051 1832 1104; x_wconf 84' lang='grc' dir='ltr'><strong>Ἐάν</strong></span> 
     </span>
    </p>
   </div>
   <div class='ocr_carea' id='block_1_13' title="bbox 254 1130 1829 1214">
    <p class='ocr_par' dir='ltr' id='par_1_13' title="bbox 254 1130 1829 1214">
     <span class='ocr_line' id='line_1_13' title="bbox 254 1130 1829 1214; baseline 0.01 -34"><span class='ocrx_word' id='word_1_77' title='bbox 254 1144 340 1190; x_wconf 91' lang='grc' dir='ltr'><strong>τις</strong></span> <span class='ocrx_word' id='word_1_78' title='bbox 404 1130 711 1199; x_wconf 86' lang='grc' dir='ltr'>μαχόμενός</span> <span class='ocrx_word' id='word_1_79' title='bbox 751 1151 864 1197; x_wconf 86' lang='grc' dir='ltr'>σοι,</span> <span class='ocrx_word' id='word_1_80' title='bbox 919 1136 1197 1207; x_wconf 75' lang='grc' dir='ltr'>περιπέσῃ</span> <span class='ocrx_word' id='word_1_81' title='bbox 1254 1138 1363 1190; x_wconf 74' lang='grc' dir='ltr'>τινὶ</span> <span class='ocrx_word' id='word_1_82' title='bbox 1418 1137 1698 1210; x_wconf 82' lang='grc' dir='ltr'><strong>πτώματι,</strong></span> <span class='ocrx_word' id='word_1_83' title='bbox 1753 1141 1829 1214; x_wconf 79' lang='grc' dir='ltr'>μὴ</span> 
     </span>
    </p>
   </div>
   <div class='ocr_carea' id='block_1_14' title="bbox 258 1217 1832 1302">
    <p class='ocr_par' dir='ltr' id='par_1_14' title="bbox 258 1217 1832 1302">
     <span class='ocr_line' id='line_1_14' title="bbox 258 1217 1832 1302; baseline 0.011 -34"><span class='ocrx_word' id='word_1_84' title='bbox 258 1217 635 1291; x_wconf 82' lang='grc' dir='ltr'>ὲπεγγελάσῃς</span> <span class='ocrx_word' id='word_1_85' title='bbox 691 1223 859 1293; x_wconf 83' lang='grc' dir='ltr'>αὐτῷ,</span> <span class='ocrx_word' id='word_1_86' title='bbox 918 1226 1010 1279; x_wconf 78' lang='grc' dir='ltr'><strong>ἐπὶ</strong></span> <span class='ocrx_word' id='word_1_87' title='bbox 1041 1230 1104 1297; x_wconf 77' lang='grc' dir='ltr'>τῇ</span> <span class='ocrx_word' id='word_1_88' title='bbox 1135 1227 1384 1300; x_wconf 78' lang='grc' dir='ltr'><strong>ἀπωλείᾳ</strong></span> <span class='ocrx_word' id='word_1_89' title='bbox 1409 1230 1574 1284; x_wconf 83' lang='grc' dir='ltr'>αὑτοῦ</span> <span class='ocrx_word' id='word_1_90' title='bbox 1598 1232 1832 1302; x_wconf 81' lang='grc' dir='ltr'>εὐφραι-</span> 
     </span>
    </p>
   </div>
   <div class='ocr_carea' id='block_1_15' title="bbox 253 1305 1816 1390">
    <p class='ocr_par' dir='ltr' id='par_1_15' title="bbox 253 1305 1816 1390">
     <span class='ocr_line' id='line_1_15' title="bbox 253 1305 1816 1390; baseline 0.011 -30"><span class='ocrx_word' id='word_1_91' title='bbox 253 1305 498 1375; x_wconf 73' lang='grc' dir='ltr'>νόμενοςο</span> <span class='ocrx_word' id='word_1_92' title='bbox 527 1310 620 1362; x_wconf 73' lang='grc' dir='ltr'>ἐπὶ</span> <span class='ocrx_word' id='word_1_93' title='bbox 641 1311 696 1363; x_wconf 81' lang='grc' dir='ltr'>δὲ</span> <span class='ocrx_word' id='word_1_94' title='bbox 719 1315 782 1384; x_wconf 79' lang='grc' dir='ltr'>τῇ</span> <span class='ocrx_word' id='word_1_95' title='bbox 810 1313 946 1384; x_wconf 82' lang='grc' dir='ltr'>πρὸς</span> <span class='ocrx_word' id='word_1_96' title='bbox 967 1317 1228 1371; x_wconf 79' lang='grc' dir='ltr'>τάναντία</span> <span class='ocrx_word' id='word_1_97' title='bbox 1257 1320 1566 1390; x_wconf 65' lang='grc' dir='ltr'><strong>⁴λαριτροπῇ</strong></span> <span class='ocrx_word' id='word_1_98' title='bbox 1600 1321 1816 1390; x_wconf 87' lang='grc' dir='ltr'>τούτου,</span> 
     </span>
    </p>
   </div>
   <div class='ocr_carea' id='block_1_16' title="bbox 256 1398 1824 1487">
    <p class='ocr_par' dir='ltr' id='par_1_16' title="bbox 256 1398 1824 1487">
     <span class='ocr_line' id='line_1_16' title="bbox 256 1398 1824 1487; baseline 0.008 -35"><span class='ocrx_word' id='word_1_99' title='bbox 256 1398 330 1487; x_wconf 76' lang='grc' dir='ltr'>μὴ</span> <span class='ocrx_word' id='word_1_100' title='bbox 393 1400 534 1468; x_wconf 79' lang='grc' dir='ltr'>μέγα</span> <span class='ocrx_word' id='word_1_101' title='bbox 601 1402 783 1471; x_wconf 83' lang='grc' dir='ltr'>φρόνει</span> <span class='ocrx_word' id='word_1_102' title='bbox 840 1404 1023 1471; x_wconf 78' lang='grc' dir='ltr'>αὐτὸς,</span> <span class='ocrx_word' id='word_1_103' title='bbox 1052 1406 1128 1470; x_wconf 85' lang='grc' dir='ltr'>ὡς</span> <span class='ocrx_word' id='word_1_104' title='bbox 1181 1408 1285 1480; x_wconf 72' lang='grc' dir='ltr'>ήδη</span> <span class='ocrx_word' id='word_1_105' title='bbox 1353 1398 1692 1487; x_wconf 57' lang='lat' dir='ltr'><strong>dtu-anan};</strong></span> <span class='ocrx_word' id='word_1_106' title='bbox 1730 1412 1824 1466; x_wconf 85' lang='grc' dir='ltr'><strong>τοῦ</strong></span> 
     </span>
    </p>
   </div>
   <div class='ocr_carea' id='block_1_17' title="bbox 251 1485 1826 1575">
    <p class='ocr_par' dir='ltr' id='par_1_17' title="bbox 251 1485 1826 1575">
     <span class='ocr_line' id='line_1_17' title="bbox 251 1485 1826 1575; baseline 0.013 -37"><span class='ocrx_word' id='word_1_107' title='bbox 251 1485 549 1554; x_wconf 78' lang='grc' dir='ltr'>λυποῦντός</span> <span class='ocrx_word' id='word_1_108' title='bbox 604 1509 695 1558; x_wconf 90' lang='grc' dir='ltr'><strong>σε,</strong></span> <span class='ocrx_word' id='word_1_109' title='bbox 747 1494 842 1548; x_wconf 76' lang='grc' dir='ltr'><strong>καὶ</strong></span> <span class='ocrx_word' id='word_1_110' title='bbox 907 1495 1342 1563; x_wconf 83' lang='grc' dir='ltr'>καταὸάλλοντός</span> <span class='ocrx_word' id='word_1_111' title='bbox 1406 1516 1500 1555; x_wconf 90' lang='grc' dir='ltr'><strong>σου</strong></span> <span class='ocrx_word' id='word_1_112' title='bbox 1560 1485 1646 1556; x_wconf 23' lang='grc' dir='ltr'><strong>τὸ-</strong></span> <span class='ocrx_word' id='word_1_113' title='bbox 1687 1503 1826 1575; x_wconf 86' lang='grc' dir='ltr'>φρό-</span> 
     </span>
    </p>
   </div>
   <div class='ocr_carea' id='block_1_18' title="bbox 252 1595 422 1648">
    <p class='ocr_par' dir='ltr' id='par_1_18' title="bbox 252 1595 422 1648">
     <span class='ocr_line' id='line_1_18' title="bbox 252 1595 422 1648; baseline 0.035 -20"><span class='ocrx_word' id='word_1_114' title='bbox 252 1595 315 1647; x_wconf 87' lang='grc' dir='ltr'><strong>νη</strong></span> <span class='ocrx_word' id='word_1_115' title='bbox 325 1595 422 1648; x_wconf 90' lang='grc' dir='ltr'>μα.</span> 
     </span>
    </p>
   </div>
   <div class='ocr_carea' id='block_1_19' title="bbox 323 1669 1817 1753">
    <p class='ocr_par' dir='ltr' id='par_1_19' title="bbox 323 1669 1817 1753">
     <span class='ocr_line' id='line_1_19' title="bbox 323 1669 1817 1753; baseline 0.011 -30"><span class='ocrx_word' id='word_1_116' title='bbox 323 1669 414 1742; x_wconf 88' lang='grc' dir='ltr'>ιη’.</span> <span class='ocrx_word' id='word_1_117' title='bbox 446 1673 576 1728; x_wconf 85' lang='grc' dir='ltr'>Ὅτι</span> <span class='ocrx_word' id='word_1_118' title='bbox 607 1674 817 1744; x_wconf 69' lang='grc' dir='ltr'>ὄψεται</span> <span class='ocrx_word' id='word_1_119' title='bbox 854 1679 1090 1748; x_wconf 84' lang='grc' dir='ltr'>Κύριος,</span> <span class='ocrx_word' id='word_1_120' title='bbox 1118 1680 1218 1736; x_wconf 79' lang='grc' dir='ltr'><strong>καί</strong></span> <span class='ocrx_word' id='word_1_121' title='bbox 1237 1682 1350 1737; x_wconf 85' lang='grc' dir='ltr'>οὐκ</span> <span class='ocrx_word' id='word_1_122' title='bbox 1382 1683 1588 1753; x_wconf 82' lang='grc' dir='ltr'>ἀρέσει</span> <span class='ocrx_word' id='word_1_123' title='bbox 1610 1683 1773 1752; x_wconf 84' lang='grc' dir='ltr'><strong>αὐτῷ</strong></span> <span class='ocrx_word' id='word_1_124' title='bbox 1801 1699 1817 1715; x_wconf 84' lang='grc'>⁶</span> 
     </span>
    </p>
   </div>
   <div class='ocr_carea' id='block_1_20' title="bbox 1938 508 3630 580">
    <p class='ocr_par' dir='ltr' id='par_1_20' title="bbox 1938 508 3630 580">
     <span class='ocr_line' id='line_1_20' title="bbox 1938 508 3630 580; baseline 0.01 -20"><span class='ocrx_word' id='word_1_125' title='bbox 1938 509 2025 562; x_wconf 83' lang='lat' dir='ltr'><strong>lis.</strong></span> <span class='ocrx_word' id='word_1_126' title='bbox 2093 508 2198 575; x_wconf 86' lang='lat' dir='ltr'><strong>Qui</strong></span> <span class='ocrx_word' id='word_1_127' title='bbox 2257 520 2449 565; x_wconf 74' lang='lat' dir='ltr'><strong>autem</strong></span> <span class='ocrx_word' id='word_1_128' title='bbox 2509 512 2900 570; x_wconf 86' lang='lat' dir='ltr'><strong>irrationaliter</strong></span> <span class='ocrx_word' id='word_1_129' title='bbox 2961 520 3150 574; x_wconf 91' lang='lat' dir='ltr'><strong>vivunt</strong></span> <span class='ocrx_word' id='word_1_130' title='bbox 3203 530 3258 576; x_wconf 92' lang='lat' dir='ltr'><strong>et</strong></span> <span class='ocrx_word' id='word_1_131' title='bbox 3311 539 3519 580; x_wconf 85' lang='lat' dir='ltr'><strong>verum.</strong></span> <span class='ocrx_word' id='word_1_132' title='bbox 3626 558 3630 560; x_wconf 55' lang='grc' dir='ltr'><strong>τ</strong></span> 
     </span>
    </p>
   </div>
   <div class='ocr_carea' id='block_1_21' title="bbox 1935 600 3613 679">
    <p class='ocr_par' dir='ltr' id='par_1_21' title="bbox 1935 600 3613 679">
     <span class='ocr_line' id='line_1_21' title="bbox 1935 600 3613 679; baseline 0.011 -25"><span class='ocrx_word' id='word_1_133' title='bbox 1935 600 2139 654; x_wconf 88' lang='lat' dir='ltr'><strong>bonum</strong></span> <span class='ocrx_word' id='word_1_134' title='bbox 2195 601 2466 658; x_wconf 88' lang='lat' dir='ltr'><strong>honorare</strong></span> <span class='ocrx_word' id='word_1_135' title='bbox 2530 619 2762 674; x_wconf 81' lang='lat' dir='ltr'><strong>prorsus</strong></span> <span class='ocrx_word' id='word_1_136' title='bbox 2816 607 3121 679; x_wconf 75' lang='lat' dir='ltr'><strong>negligunt,</strong></span> <span class='ocrx_word' id='word_1_137' title='bbox 3171 613 3336 668; x_wconf 90' lang='lat' dir='ltr'><strong>saluti</strong></span> <span class='ocrx_word' id='word_1_138' title='bbox 3391 631 3506 672; x_wconf 80' lang='lat' dir='ltr'><strong>suae</strong></span> <span class='ocrx_word' id='word_1_139' title='bbox 3603 626 3613 634; x_wconf 84' lang='grc'><em>”</em></span> 
     </span>
    </p>
   </div>
   <div class='ocr_carea' id='block_1_22' title="bbox 1934 690 3520 775">
    <p class='ocr_par' dir='ltr' id='par_1_22' title="bbox 1934 690 3520 775">
     <span class='ocr_line' id='line_1_22' title="bbox 1934 690 3520 775; baseline 0.009 -29"><span class='ocrx_word' id='word_1_140' title='bbox 1934 690 2304 762; x_wconf 87' lang='lat' dir='ltr'><strong>desperabunt</strong></span> <span class='ocrx_word' id='word_1_141' title='bbox 2344 693 2398 748; x_wconf 89' lang='lat' dir='ltr'><strong>in</strong></span> <span class='ocrx_word' id='word_1_142' title='bbox 2431 696 2678 764; x_wconf 78' lang='lat' dir='ltr'><strong>peccatis</strong></span> <span class='ocrx_word' id='word_1_143' title='bbox 2700 697 2902 767; x_wconf 84' lang='lat' dir='ltr'><strong>quibus</strong></span> <span class='ocrx_word' id='word_1_144' title='bbox 2929 697 3113 768; x_wconf 84' lang='lat' dir='ltr'><strong>jacent</strong></span> <span class='ocrx_word' id='word_1_145' title='bbox 3142 719 3156 756; x_wconf 86' lang='lat'><strong>:</strong></span> <span class='ocrx_word' id='word_1_146' title='bbox 3189 703 3316 773; x_wconf 84' lang='lat' dir='ltr'><strong>quia</strong></span> <span class='ocrx_word' id='word_1_147' title='bbox 3344 706 3520 775; x_wconf 85' lang='lat' dir='ltr'><strong>spiri--</strong></span> 
     </span>
    </p>
   </div>
   <div class='ocr_carea' id='block_1_23' title="bbox 1933 784 3520 866">
    <p class='ocr_par' dir='ltr' id='par_1_23' title="bbox 1933 784 3520 866">
     <span class='ocr_line' id='line_1_23' title="bbox 1933 784 3520 866; baseline 0.009 -30"><span class='ocrx_word' id='word_1_148' title='bbox 1933 785 2080 837; x_wconf 82' lang='lat' dir='ltr'><strong>tuale</strong></span> <span class='ocrx_word' id='word_1_149' title='bbox 2119 784 2214 838; x_wconf 90' lang='lat' dir='ltr'><strong>Dci</strong></span> <span class='ocrx_word' id='word_1_150' title='bbox 2264 787 2548 841; x_wconf 85' lang='lat' dir='ltr'><strong>servilium</strong></span> <span class='ocrx_word' id='word_1_151' title='bbox 2601 803 2713 843; x_wconf 88' lang='lat' dir='ltr'><strong>non</strong></span> <span class='ocrx_word' id='word_1_152' title='bbox 2764 790 2945 845; x_wconf 88' lang='lat' dir='ltr'><strong>valent</strong></span> <span class='ocrx_word' id='word_1_153' title='bbox 2987 801 3230 860; x_wconf 86' lang='lat' dir='ltr'><strong>portare,</strong></span> <span class='ocrx_word' id='word_1_154' title='bbox 3273 795 3520 866; x_wconf 78' lang='lat' dir='ltr'><strong>ciboque</strong></span> 
     </span>
    </p>
   </div>
   <div class='ocr_carea' id='block_1_24' title="bbox 1933 875 3394 954">
    <p class='ocr_par' dir='ltr' id='par_1_24' title="bbox 1933 875 3394 954">
     <span class='ocr_line' id='line_1_24' title="bbox 1933 875 3394 954; baseline 0.006 -23"><span class='ocrx_word' id='word_1_155' title='bbox 1933 875 2468 947; x_wconf 87' lang='lat' dir='ltr'><strong>delicatiori,utpotc</strong></span> <span class='ocrx_word' id='word_1_156' title='bbox 2501 879 2734 948; x_wconf 84' lang='lat' dir='ltr'><strong>puerilia</strong></span> <span class='ocrx_word' id='word_1_157' title='bbox 2765 881 3091 947; x_wconf 86' lang='lat' dir='ltr'><strong>sentientes,</strong></span> <span class='ocrx_word' id='word_1_158' title='bbox 3125 883 3394 954; x_wconf 80' lang='lat' dir='ltr'><strong>indigent.</strong></span> 
     </span>
    </p>
   </div>
   <div class='ocr_carea' id='block_1_25' title="bbox 2003 954 3504 1045">
    <p class='ocr_par' dir='ltr' id='par_1_25' title="bbox 2003 954 3504 1045">
     <span class='ocr_line' id='line_1_25' title="bbox 2003 954 3504 1045; baseline 0.005 -22"><span class='ocrx_word' id='word_1_159' title='bbox 2003 968 2173 1026; x_wconf 75' lang='lat' dir='ltr'><strong>Vens.</strong></span> <span class='ocrx_word' id='word_1_160' title='bbox 2207 970 2295 1024; x_wconf 81' lang='grc' dir='ltr'><strong>Π.</strong></span> <span class='ocrx_word' id='word_1_161' title='bbox 2328 967 2390 1024; x_wconf 89' lang='lat' dir='ltr'><strong>Si</strong></span> <span class='ocrx_word' id='word_1_162' title='bbox 2431 954 2674 1026; x_wconf 73' lang='lat' dir='ltr'><strong>ceciderit</strong></span> <span class='ocrx_word' id='word_1_163' title='bbox 2702 973 2947 1027; x_wconf 84' lang='lat' dir='ltr'><strong>inimicus</strong></span> <span class='ocrx_word' id='word_1_164' title='bbox 2978 983 3120 1039; x_wconf 86' lang='lat' dir='ltr'><strong>tuus,</strong></span> <span class='ocrx_word' id='word_1_165' title='bbox 3154 992 3215 1030; x_wconf 83' lang='lat' dir='ltr'><strong>ne</strong></span> <span class='ocrx_word' id='word_1_166' title='bbox 3245 977 3504 1045; x_wconf 84' lang='lat' dir='ltr'><strong>gaudeas,</strong></span> 
     </span>
    </p>
   </div>
   <div class='ocr_carea' id='block_1_26' title="bbox 1930 1062 3506 1135">
    <p class='ocr_par' dir='ltr' id='par_1_26' title="bbox 1930 1062 3506 1135">
     <span class='ocr_line' id='line_1_26' title="bbox 1930 1062 3506 1135; baseline 0.003 -18"><span class='ocrx_word' id='word_1_167' title='bbox 1930 1069 1981 1117; x_wconf 82' lang='lat' dir='ltr'><strong>et</strong></span> <span class='ocrx_word' id='word_1_168' title='bbox 2005 1063 2058 1116; x_wconf 88' lang='lat' dir='ltr'><strong>in</strong></span> <span class='ocrx_word' id='word_1_169' title='bbox 2086 1062 2509 1130; x_wconf 83' lang='lat' dir='ltr'><strong>supplantatione</strong></span> <span class='ocrx_word' id='word_1_170' title='bbox 2535 1063 2648 1132; x_wconf 82' lang='lat' dir='ltr'><strong>ejus</strong></span> <span class='ocrx_word' id='word_1_171' title='bbox 2672 1080 2734 1118; x_wconf 85' lang='lat' dir='ltr'><strong>ne</strong></span> <span class='ocrx_word' id='word_1_172' title='bbox 2754 1065 3051 1120; x_wconf 70' lang='lat' dir='ltr'><strong>extollat-is.</strong></span> <span class='ocrx_word' id='word_1_173' title='bbox 3083 1067 3139 1120; x_wconf 86' lang='lat' dir='ltr'><strong>Si</strong></span> <span class='ocrx_word' id='word_1_174' title='bbox 3166 1067 3288 1135; x_wconf 90' lang='lat' dir='ltr'><strong>quis</strong></span> <span class='ocrx_word' id='word_1_175' title='bbox 3311 1067 3506 1122; x_wconf 82' lang='lat' dir='ltr'><strong>adver-</strong></span> 
     </span>
    </p>
   </div>
   <div class='ocr_carea' id='block_1_27' title="bbox 1931 1152 3508 1224">
    <p class='ocr_par' dir='ltr' id='par_1_27' title="bbox 1931 1152 3508 1224">
     <span class='ocr_line' id='line_1_27' title="bbox 1931 1152 3508 1224; baseline 0 -14"><span class='ocrx_word' id='word_1_176' title='bbox 1931 1168 2025 1210; x_wconf 84' lang='lat' dir='ltr'><strong>sus</strong></span> <span class='ocrx_word' id='word_1_177' title='bbox 2055 1159 2106 1208; x_wconf 88' lang='lat' dir='ltr'><strong>te</strong></span> <span class='ocrx_word' id='word_1_178' title='bbox 2141 1167 2416 1223; x_wconf 80' lang='lat' dir='ltr'><strong>pugnans,</strong></span> <span class='ocrx_word' id='word_1_179' title='bbox 2459 1152 2513 1206; x_wconf 92' lang='lat' dir='ltr'><strong>in</strong></span> <span class='ocrx_word' id='word_1_180' title='bbox 2547 1153 2784 1223; x_wconf 81' lang='lat' dir='ltr'><strong>aliquam</strong></span> <span class='ocrx_word' id='word_1_181' title='bbox 2823 1157 3189 1211; x_wconf 79' lang='lat' dir='ltr'><strong>calamitatem</strong></span> <span class='ocrx_word' id='word_1_182' title='bbox 3226 1157 3508 1224; x_wconf 80' lang='lat' dir='ltr'><strong>inciderit,</strong></span> 
     </span>
    </p>
   </div>
   <div class='ocr_carea' id='block_1_28' title="bbox 1929 1243 3502 1317">
    <p class='ocr_par' dir='ltr' id='par_1_28' title="bbox 1929 1243 3502 1317">
     <span class='ocr_line' id='line_1_28' title="bbox 1929 1243 3502 1317; baseline 0.004 -19"><span class='ocrx_word' id='word_1_183' title='bbox 1929 1243 2246 1300; x_wconf 87' lang='lat' dir='ltr'><strong>neirrideas</strong></span> <span class='ocrx_word' id='word_1_184' title='bbox 2275 1243 2374 1309; x_wconf 91' lang='lat' dir='ltr'><strong>illi,</strong></span> <span class='ocrx_word' id='word_1_185' title='bbox 2393 1243 2460 1298; x_wconf 89' lang='lat' dir='ltr'><strong>de</strong></span> <span class='ocrx_word' id='word_1_186' title='bbox 2485 1245 2653 1299; x_wconf 79' lang='lat' dir='ltr'><strong>exitio</strong></span> <span class='ocrx_word' id='word_1_187' title='bbox 2679 1245 2799 1314; x_wconf 87' lang='lat' dir='ltr'><strong>ejus</strong></span> <span class='ocrx_word' id='word_1_188' title='bbox 2823 1247 3001 1313; x_wconf 73' lang='lat' dir='ltr'><strong>Ianus,</strong></span> <span class='ocrx_word' id='word_1_189' title='bbox 3031 1258 3084 1303; x_wconf 89' lang='lat' dir='ltr'><strong>et</strong></span> <span class='ocrx_word' id='word_1_190' title='bbox 3117 1248 3184 1303; x_wconf 85' lang='lat' dir='ltr'><strong>de</strong></span> <span class='ocrx_word' id='word_1_191' title='bbox 3213 1263 3343 1303; x_wconf 89' lang='lat' dir='ltr'><strong>casu</strong></span> <span class='ocrx_word' id='word_1_192' title='bbox 3380 1250 3502 1317; x_wconf 82' lang='lat' dir='ltr'><strong>ejus</strong></span> 
     </span>
    </p>
   </div>
   <div class='ocr_carea' id='block_1_29' title="bbox 1928 1335 3492 1409">
    <p class='ocr_par' dir='ltr' id='par_1_29' title="bbox 1928 1335 3492 1409">
     <span class='ocr_line' id='line_1_29' title="bbox 1928 1335 3492 1409; baseline 0.003 -19"><span class='ocrx_word' id='word_1_193' title='bbox 1928 1336 1984 1390; x_wconf 93' lang='lat' dir='ltr'><strong>in</strong></span> <span class='ocrx_word' id='word_1_194' title='bbox 2007 1335 2237 1391; x_wconf 88' lang='lat' dir='ltr'><strong>adversa</strong></span> <span class='ocrx_word' id='word_1_195' title='bbox 2265 1351 2333 1391; x_wconf 89' lang='lat' dir='ltr'><strong>ne</strong></span> <span class='ocrx_word' id='word_1_196' title='bbox 2369 1337 2674 1401; x_wconf 78' lang='lat' dir='ltr'><strong>extollaris,</strong></span> <span class='ocrx_word' id='word_1_197' title='bbox 2698 1347 2886 1406; x_wconf 80' lang='lat' dir='ltr'><strong>utpote</strong></span> <span class='ocrx_word' id='word_1_198' title='bbox 2922 1341 2990 1394; x_wconf 87' lang='lat' dir='ltr'><strong>ab</strong></span> <span class='ocrx_word' id='word_1_199' title='bbox 3014 1356 3078 1394; x_wconf 92' lang='lat' dir='ltr'><strong>eo</strong></span> <span class='ocrx_word' id='word_1_200' title='bbox 3109 1340 3201 1409; x_wconf 77' lang='lat' dir='ltr'><strong>qui</strong></span> <span class='ocrx_word' id='word_1_201' title='bbox 3246 1349 3296 1395; x_wconf 91' lang='lat' dir='ltr'><strong>te</strong></span> <span class='ocrx_word' id='word_1_202' title='bbox 3322 1343 3492 1396; x_wconf 81' lang='lat' dir='ltr'><strong>mole-</strong></span> 
     </span>
    </p>
   </div>
   <div class='ocr_carea' id='block_1_30' title="bbox 1927 1425 3503 1498">
    <p class='ocr_par' dir='ltr' id='par_1_30' title="bbox 1927 1425 3503 1498">
     <span class='ocr_line' id='line_1_30' title="bbox 1927 1425 3503 1498; baseline 0.003 -16"><span class='ocrx_word' id='word_1_203' title='bbox 1927 1426 2128 1494; x_wconf 81' lang='lat' dir='ltr'><strong>stabat,</strong></span> <span class='ocrx_word' id='word_1_204' title='bbox 2153 1433 2206 1482; x_wconf 88' lang='lat' dir='ltr'><strong>et</strong></span> <span class='ocrx_word' id='word_1_205' title='bbox 2231 1425 2302 1482; x_wconf 92' lang='lat' dir='ltr'><strong>ob</strong></span> <span class='ocrx_word' id='word_1_206' title='bbox 2325 1442 2486 1498; x_wconf 89' lang='lat' dir='ltr'><strong>quem</strong></span> <span class='ocrx_word' id='word_1_207' title='bbox 2513 1429 2749 1482; x_wconf 86' lang='lat' dir='ltr'><strong>animam</strong></span> <span class='ocrx_word' id='word_1_208' title='bbox 2779 1427 3181 1498; x_wconf 86' lang='lat' dir='ltr'><strong>despondebas,</strong></span> <span class='ocrx_word' id='word_1_209' title='bbox 3209 1430 3503 1486; x_wconf 79' lang='lat' dir='ltr'><strong>liberatus.</strong></span> 
     </span>
    </p>
   </div>
   <div class='ocr_carea' id='block_1_31' title="bbox 1994 1687 3506 1761">
    <p class='ocr_par' dir='ltr' id='par_1_31' title="bbox 1994 1687 3506 1761">
     <span class='ocr_line' id='line_1_31' title="bbox 1994 1687 3506 1761; baseline -0.003 -16"><span class='ocrx_word' id='word_1_210' title='bbox 1994 1689 2161 1747; x_wconf 75' lang='lat' dir='ltr'><strong>Vsus.</strong></span> <span class='ocrx_word' id='word_1_211' title='bbox 2202 1692 2290 1747; x_wconf 80' lang='grc'><strong>18.</strong></span> <span class='ocrx_word' id='word_1_212' title='bbox 2321 1690 2405 1747; x_wconf 90' lang='lat' dir='ltr'><strong>Ne</strong></span> <span class='ocrx_word' id='word_1_213' title='bbox 2449 1692 2582 1761; x_wconf 82' lang='lat' dir='ltr'><strong>forte</strong></span> <span class='ocrx_word' id='word_1_214' title='bbox 2611 1689 2783 1746; x_wconf 83' lang='lat' dir='ltr'><strong>uideat</strong></span> <span class='ocrx_word' id='word_1_215' title='bbox 2817 1688 3097 1755; x_wconf 83' lang='lat' dir='ltr'><strong>Dominus,</strong></span> <span class='ocrx_word' id='word_1_216' title='bbox 3130 1700 3180 1745; x_wconf 88' lang='lat' dir='ltr'><strong>et</strong></span> <span class='ocrx_word' id='word_1_217' title='bbox 3219 1687 3506 1758; x_wconf 83' lang='lat' dir='ltr'><strong>displiceat&#39;</strong></span> 
     </span>
    </p>
   </div>
   <div class='ocr_carea' id='block_1_32' title="bbox 249 1762 1827 1852">
    <p class='ocr_par' dir='ltr' id='par_1_32' title="bbox 249 1763 1817 1842">
     <span class='ocr_line' id='line_1_32' title="bbox 249 1763 1817 1842; baseline 0.009 -24"><span class='ocrx_word' id='word_1_218' title='bbox 249 1763 348 1818; x_wconf 76' lang='grc' dir='ltr'>καὶ</span> <span class='ocrx_word' id='word_1_219' title='bbox 365 1765 732 1834; x_wconf 65' lang='grc' dir='ltr'>ἀποστρέψει</span> <span class='ocrx_word' id='word_1_220' title='bbox 767 1768 875 1824; x_wconf 82' lang='grc' dir='ltr'>τόν</span> <span class='ocrx_word' id='word_1_221' title='bbox 903 1772 1096 1842; x_wconf 78' lang='grc' dir='ltr'>θυμὸν</span> <span class='ocrx_word' id='word_1_222' title='bbox 1120 1773 1309 1829; x_wconf 86' lang='grc' dir='ltr'>αὐτοῦ</span> <span class='ocrx_word' id='word_1_223' title='bbox 1323 1775 1425 1831; x_wconf 82' lang='grc' dir='ltr'><strong>ἀπ’</strong></span> <span class='ocrx_word' id='word_1_224' title='bbox 1449 1777 1663 1836; x_wconf 78' lang='grc' dir='ltr'>αὐτοῦ.</span> <span class='ocrx_word' id='word_1_225' title='bbox 1697 1779 1817 1832; x_wconf 88' lang='grc' dir='ltr'><strong>Ὅτι</strong></span> 
     </span>
    </p>
   </div>
   <div class='ocr_carea' id='block_1_33' title="bbox 1937 1762 3500 1852">
    <p class='ocr_par' dir='ltr' id='par_1_33' title="bbox 1937 1780 3500 1852">
     <span class='ocr_line' id='line_1_33' title="bbox 1937 1780 3500 1852; baseline -0.003 -14"><span class='ocrx_word' id='word_1_226' title='bbox 1937 1784 1996 1848; x_wconf 75' lang='lat' dir='ltr'><strong>ei,</strong></span> <span class='ocrx_word' id='word_1_227' title='bbox 2025 1794 2077 1838; x_wconf 86' lang='lat' dir='ltr'><strong>et</strong></span> <span class='ocrx_word' id='word_1_228' title='bbox 2107 1783 2319 1852; x_wconf 78' lang='lat' dir='ltr'><strong>auferat</strong></span> <span class='ocrx_word' id='word_1_229' title='bbox 2355 1783 2420 1837; x_wconf 86' lang='lat' dir='ltr'><strong>ab</strong></span> <span class='ocrx_word' id='word_1_230' title='bbox 2461 1799 2521 1836; x_wconf 90' lang='lat' dir='ltr'><strong>eo</strong></span> <span class='ocrx_word' id='word_1_231' title='bbox 2568 1784 2706 1836; x_wconf 86' lang='lat' dir='ltr'><strong>iram</strong></span> <span class='ocrx_word' id='word_1_232' title='bbox 2749 1798 2925 1836; x_wconf 83' lang='lat' dir='ltr'><strong>suam.</strong></span> <span class='ocrx_word' id='word_1_233' title='bbox 2975 1780 3116 1846; x_wconf 85' lang='lat' dir='ltr'><strong>Quia</strong></span> <span class='ocrx_word' id='word_1_234' title='bbox 3162 1780 3500 1836; x_wconf 82' lang='lat' dir='ltr'><strong>omnisciens</strong></span> 
     </span>
    </p>
   </div>
   <div class='ocr_carea' id='block_1_34' title="bbox 247 1856 1816 1940">
    <p class='ocr_par' dir='ltr' id='par_1_34' title="bbox 247 1856 1816 1940">
     <span class='ocr_line' id='line_1_34' title="bbox 247 1856 1816 1940; baseline 0.011 -32"><span class='ocrx_word' id='word_1_235' title='bbox 247 1856 277 1908; x_wconf 86' lang='grc' dir='ltr'><strong>ό</strong></span> <span class='ocrx_word' id='word_1_236' title='bbox 306 1857 478 1910; x_wconf 81' lang='grc' dir='ltr'>πάντα</span> <span class='ocrx_word' id='word_1_237' title='bbox 509 1858 661 1923; x_wconf 81' lang='grc' dir='ltr'>εἰδὼς</span> <span class='ocrx_word' id='word_1_238' title='bbox 698 1862 975 1933; x_wconf 84' lang='grc' dir='ltr'><strong>Δεσπότης</strong></span> <span class='ocrx_word' id='word_1_239' title='bbox 1027 1864 1137 1920; x_wconf 89' lang='grc' dir='ltr'><strong>τῶν</strong></span> <span class='ocrx_word' id='word_1_240' title='bbox 1175 1867 1313 1922; x_wconf 83' lang='grc' dir='ltr'>ὅλων</span> <span class='ocrx_word' id='word_1_241' title='bbox 1343 1867 1495 1935; x_wconf 77' lang='grc' dir='ltr'>Θεὸς,</span> <span class='ocrx_word' id='word_1_242' title='bbox 1529 1869 1816 1940; x_wconf 75' lang='grc' dir='ltr'>ἐπιϐλέψει</span> 
     </span>
    </p>
   </div>
   <div class='ocr_carea' id='block_1_35' title="bbox 247 1945 1824 2026">
    <p class='ocr_par' dir='ltr' id='par_1_35' title="bbox 247 1945 1824 2026">
     <span class='ocr_line' id='line_1_35' title="bbox 247 1945 1824 2026; baseline 0.01 -30"><span class='ocrx_word' id='word_1_243' title='bbox 247 1945 398 2008; x_wconf 83' lang='grc' dir='ltr'>ὅπως</span> <span class='ocrx_word' id='word_1_244' title='bbox 425 1947 611 2012; x_wconf 88' lang='grc' dir='ltr'>κακῶς</span> <span class='ocrx_word' id='word_1_245' title='bbox 631 1965 724 2001; x_wconf 88' lang='grc' dir='ltr'><strong>σου</strong></span> <span class='ocrx_word' id='word_1_246' title='bbox 755 1951 823 2004; x_wconf 82' lang='grc' dir='ltr'>τὰ</span> <span class='ocrx_word' id='word_1_247' title='bbox 849 1951 990 2005; x_wconf 80' lang='grc' dir='ltr'>κατὰ</span> <span class='ocrx_word' id='word_1_248' title='bbox 1019 1951 1196 2025; x_wconf 79' lang='grc' dir='ltr'>ψυχὴν</span> <span class='ocrx_word' id='word_1_249' title='bbox 1225 1953 1430 2026; x_wconf 77' lang='grc' dir='ltr'>έχουσι·</span> <span class='ocrx_word' id='word_1_250' title='bbox 1467 1955 1562 2010; x_wconf 72' lang='grc' dir='ltr'><strong>καὶ</strong></span> <span class='ocrx_word' id='word_1_251' title='bbox 1583 1954 1672 2010; x_wconf 77' lang='grc' dir='ltr'>οἶα</span> <span class='ocrx_word' id='word_1_252' title='bbox 1700 1957 1824 2026; x_wconf 85' lang='grc' dir='ltr'>φιλ-</span> 
     </span>
    </p>
   </div>
   <div class='ocr_carea' id='block_1_36' title="bbox 247 2037 1824 2118">
    <p class='ocr_par' dir='ltr' id='par_1_36' title="bbox 247 2037 1824 2118">
     <span class='ocr_line' id='line_1_36' title="bbox 247 2037 1824 2118; baseline 0.009 -29"><span class='ocrx_word' id='word_1_253' title='bbox 247 2037 542 2108; x_wconf 84' lang='grc' dir='ltr'>ανθρώπῳ,</span> <span class='ocrx_word' id='word_1_254' title='bbox 564 2039 662 2092; x_wconf 82' lang='grc' dir='ltr'><strong>οὐκ</strong></span> <span class='ocrx_word' id='word_1_255' title='bbox 688 2040 990 2096; x_wconf 81' lang='grc' dir='ltr'>ἀποδεκτέα</span> <span class='ocrx_word' id='word_1_256' title='bbox 1013 2045 1308 2113; x_wconf 81' lang='grc' dir='ltr'>φανοῦνται</span> <span class='ocrx_word' id='word_1_257' title='bbox 1329 2045 1498 2118; x_wconf 73' lang='grc' dir='ltr'>αὐτῷ’</span> <span class='ocrx_word' id='word_1_258' title='bbox 1531 2047 1654 2101; x_wconf 82' lang='grc' dir='ltr'>ὅθεν</span> <span class='ocrx_word' id='word_1_259' title='bbox 1681 2049 1824 2102; x_wconf 74' lang='grc' dir='ltr'><strong>ἐκεί-</strong></span> 
     </span>
    </p>
   </div>
   <div class='ocr_carea' id='block_1_37' title="bbox 247 2129 1821 2211">
    <p class='ocr_par' dir='ltr' id='par_1_37' title="bbox 247 2129 1821 2211">
     <span class='ocr_line' id='line_1_37' title="bbox 247 2129 1821 2211; baseline 0.01 -31"><span class='ocrx_word' id='word_1_260' title='bbox 247 2146 337 2182; x_wconf 89' lang='grc' dir='ltr'><strong>νον</strong></span> <span class='ocrx_word' id='word_1_261' title='bbox 370 2129 866 2202; x_wconf 81' lang='grc' dir='ltr'>μὲν,διορθωθέντα</span> <span class='ocrx_word' id='word_1_262' title='bbox 891 2138 1010 2197; x_wconf 87' lang='grc' dir='ltr'>ταῖς</span> <span class='ocrx_word' id='word_1_263' title='bbox 1049 2138 1367 2206; x_wconf 74' lang='grc' dir='ltr'><strong>ἐπαγωγαῖς</strong></span> <span class='ocrx_word' id='word_1_264' title='bbox 1396 2139 1503 2193; x_wconf 90' lang='grc' dir='ltr'><strong>τῶν</strong></span> <span class='ocrx_word' id='word_1_265' title='bbox 1524 2140 1821 2211; x_wconf 84' lang='grc' dir='ltr'>ὀδυνηρῶν,</span> 
     </span>
    </p>
   </div>
   <div class='ocr_carea' id='block_1_38' title="bbox 247 2219 1840 2304">
    <p class='ocr_par' dir='ltr' id='par_1_38' title="bbox 247 2219 1840 2304">
     <span class='ocr_line' id='line_1_38' title="bbox 247 2219 1840 2304; baseline 0.011 -34"><span class='ocrx_word' id='word_1_266' title='bbox 247 2219 488 2288; x_wconf 79' lang='grc' dir='ltr'>ἐλεήσει·</span> <span class='ocrx_word' id='word_1_267' title='bbox 548 2223 642 2275; x_wconf 75' lang='grc' dir='ltr'><strong>ἐπὶ</strong></span> <span class='ocrx_word' id='word_1_268' title='bbox 670 2223 728 2276; x_wconf 84' lang='grc' dir='ltr'>σὲ</span> <span class='ocrx_word' id='word_1_269' title='bbox 759 2224 817 2276; x_wconf 85' lang='grc' dir='ltr'><strong>δὲ</strong></span> <span class='ocrx_word' id='word_1_270' title='bbox 845 2225 1062 2290; x_wconf 85' lang='grc' dir='ltr'>πάντως</span> <span class='ocrx_word' id='word_1_271' title='bbox 1111 2228 1214 2297; x_wconf 87' lang='grc' dir='ltr'><strong>τὴν</strong></span> <span class='ocrx_word' id='word_1_272' title='bbox 1256 2229 1427 2301; x_wconf 85' lang='grc' dir='ltr'>ὀργὴν</span> <span class='ocrx_word' id='word_1_273' title='bbox 1465 2230 1634 2286; x_wconf 85' lang='grc' dir='ltr'>αὑτοῦ</span> <span class='ocrx_word' id='word_1_274' title='bbox 1686 2233 1840 2304; x_wconf 29' lang='grc' dir='ltr'>ἀπο-θ</span> 
     </span>
    </p>
   </div>
   <div class='ocr_carea' id='block_1_39' title="bbox 248 2311 1540 2391">
    <p class='ocr_par' dir='ltr' id='par_1_39' title="bbox 248 2311 1540 2391">
     <span class='ocr_line' id='line_1_39' title="bbox 248 2311 1540 2391; baseline 0.011 -29"><span class='ocrx_word' id='word_1_275' title='bbox 248 2311 488 2381; x_wconf 80' lang='grc' dir='ltr'>στρέψει,</span> <span class='ocrx_word' id='word_1_276' title='bbox 525 2313 769 2378; x_wconf 85' lang='grc' dir='ltr'>παιδείας</span> <span class='ocrx_word' id='word_1_277' title='bbox 790 2315 1042 2386; x_wconf 88' lang='grc' dir='ltr'>δεόμενον</span> <span class='ocrx_word' id='word_1_278' title='bbox 1072 2320 1209 2391; x_wconf 69' lang='grc' dir='ltr'>πρὸς</span> <span class='ocrx_word' id='word_1_279' title='bbox 1236 2321 1540 2391; x_wconf 76' lang='grc' dir='ltr'>διόρθωσιν.</span> 
     </span>
    </p>
   </div>
   <div class='ocr_carea' id='block_1_40' title="bbox 319 2399 1822 2484">
    <p class='ocr_par' dir='ltr' id='par_1_40' title="bbox 319 2399 1822 2484">
     <span class='ocr_line' id='line_1_40' title="bbox 319 2399 1822 2484; baseline 0.01 -30"><span class='ocrx_word' id='word_1_280' title='bbox 319 2399 404 2467; x_wconf 85' lang='grc' dir='ltr'>ιϐ’,</span> <span class='ocrx_word' id='word_1_281' title='bbox 443 2410 510 2458; x_wconf 89' lang='grc' dir='ltr'><strong>κ’.</strong></span> <span class='ocrx_word' id='word_1_282' title='bbox 542 2405 637 2474; x_wconf 75' lang='grc' dir='ltr'><strong>Μὴ</strong></span> <span class='ocrx_word' id='word_1_283' title='bbox 678 2407 845 2475; x_wconf 80' lang='grc' dir='ltr'>χαῖρε</span> <span class='ocrx_word' id='word_1_284' title='bbox 865 2409 964 2462; x_wconf 79' lang='grc' dir='ltr'><strong>ἐπὶ</strong></span> <span class='ocrx_word' id='word_1_285' title='bbox 1018 2412 1386 2479; x_wconf 78' lang='grc' dir='ltr'>κακοποιοῒς,</span> <span class='ocrx_word' id='word_1_286' title='bbox 1436 2413 1594 2484; x_wconf 78' lang='grc' dir='ltr'>μηδὲ</span> <span class='ocrx_word' id='word_1_287' title='bbox 1638 2413 1822 2482; x_wconf 80' lang='grc' dir='ltr'>ζήλου</span> 
     </span>
    </p>
   </div>
   <div class='ocr_carea' id='block_1_41' title="bbox 246 2494 1818 2574">
    <p class='ocr_par' dir='ltr' id='par_1_41' title="bbox 246 2494 1818 2574">
     <span class='ocr_line' id='line_1_41' title="bbox 246 2494 1818 2574; baseline 0.007 -25"><span class='ocrx_word' id='word_1_288' title='bbox 246 2494 650 2564; x_wconf 78' lang='grc' dir='ltr'>ἁμαρτωλούς·</span> <span class='ocrx_word' id='word_1_289' title='bbox 672 2500 744 2552; x_wconf 84' lang='grc' dir='ltr'>οὺ</span> <span class='ocrx_word' id='word_1_290' title='bbox 770 2499 880 2567; x_wconf 80' lang='grc' dir='ltr'>γὰρ</span> <span class='ocrx_word' id='word_1_291' title='bbox 905 2500 990 2568; x_wconf 76' lang='grc' dir='ltr'>μὴ</span> <span class='ocrx_word' id='word_1_292' title='bbox 1016 2499 1250 2570; x_wconf 77' lang='grc' dir='ltr'>γένηται</span> <span class='ocrx_word' id='word_1_293' title='bbox 1273 2504 1494 2574; x_wconf 77' lang='grc' dir='ltr'>ἔκγονα</span> <span class='ocrx_word' id='word_1_294' title='bbox 1517 2505 1818 2574; x_wconf 78' lang='grc' dir='ltr'>πονηρῶνο</span> 
     </span>
    </p>
   </div>
   <div class='ocr_carea' id='block_1_42' title="bbox 245 2585 1820 2668">
    <p class='ocr_par' dir='ltr' id='par_1_42' title="bbox 245 2585 1820 2668">
     <span class='ocr_line' id='line_1_42' title="bbox 245 2585 1820 2668; baseline 0.008 -29"><span class='ocrx_word' id='word_1_295' title='bbox 245 2585 526 2654; x_wconf 81' lang='grc' dir='ltr'>λαμπτὴρ</span> <span class='ocrx_word' id='word_1_296' title='bbox 552 2587 619 2640; x_wconf 84' lang='grc' dir='ltr'>δὲ</span> <span class='ocrx_word' id='word_1_297' title='bbox 634 2588 868 2643; x_wconf 77' lang='grc' dir='ltr'>ἀσεϐῶν</span> <span class='ocrx_word' id='word_1_298' title='bbox 883 2591 1308 2658; x_wconf 81' lang='grc' dir='ltr'>σϐεσθήσεται.</span> <span class='ocrx_word' id='word_1_299' title='bbox 1331 2597 1420 2667; x_wconf 85' lang='grc' dir='ltr'><strong>Μὴ</strong></span> <span class='ocrx_word' id='word_1_300' title='bbox 1450 2599 1820 2668; x_wconf 76' lang='grc' dir='ltr'>ἐπευφραίνου</span> 
     </span>
    </p>
   </div>
   <div class='ocr_carea' id='block_1_43' title="bbox 245 2676 1822 2759">
    <p class='ocr_par' dir='ltr' id='par_1_43' title="bbox 245 2676 1822 2759">
     <span class='ocr_line' id='line_1_43' title="bbox 245 2676 1822 2759; baseline 0.008 -29"><span class='ocrx_word' id='word_1_301' title='bbox 245 2676 590 2742; x_wconf 79' lang='grc' dir='ltr'><strong>διδασκάλοις</strong></span> <span class='ocrx_word' id='word_1_302' title='bbox 635 2679 804 2732; x_wconf 90' lang='grc' dir='ltr'>κακόν</span> <span class='ocrx_word' id='word_1_303' title='bbox 842 2697 902 2733; x_wconf 88' lang='grc' dir='ltr'><strong>σε</strong></span> <span class='ocrx_word' id='word_1_304' title='bbox 935 2681 1257 2736; x_wconf 82' lang='grc' dir='ltr'>ἀποτελοῦσι</span> <span class='ocrx_word' id='word_1_305' title='bbox 1284 2687 1405 2748; x_wconf 87' lang='grc' dir='ltr'>ταῖς</span> <span class='ocrx_word' id='word_1_306' title='bbox 1433 2686 1644 2740; x_wconf 81' lang='grc' dir='ltr'>ἑαυτῶν</span> <span class='ocrx_word' id='word_1_307' title='bbox 1676 2706 1822 2759; x_wconf 82' lang='grc' dir='ltr'>παρ-</span> 
     </span>
    </p>
   </div>
   <div class='ocr_carea' id='block_1_44' title="bbox 245 2769 1820 2848">
    <p class='ocr_par' dir='ltr' id='par_1_44' title="bbox 245 2769 1820 2848">
     <span class='ocr_line' id='line_1_44' title="bbox 245 2769 1820 2848; baseline 0.008 -26"><span class='ocrx_word' id='word_1_308' title='bbox 245 2769 520 2835; x_wconf 83' lang='grc' dir='ltr'>αινὲσεσι,</span> <span class='ocrx_word' id='word_1_309' title='bbox 583 2771 719 2842; x_wconf 76' lang='grc' dir='ltr'>μηδὲ</span> <span class='ocrx_word' id='word_1_310' title='bbox 779 2772 949 2844; x_wconf 85' lang='grc' dir='ltr'>μιμοῦ</span> <span class='ocrx_word' id='word_1_311' title='bbox 1017 2775 1143 2838; x_wconf 82' lang='grc' dir='ltr'>τοὺς</span> <span class='ocrx_word' id='word_1_312' title='bbox 1191 2777 1674 2848; x_wconf 76' lang='grc' dir='ltr'>ἀποτυγχάνοντας</span> <span class='ocrx_word' id='word_1_313' title='bbox 1725 2779 1820 2834; x_wconf 86' lang='grc' dir='ltr'><strong>τοῦ</strong></span> 
     </span>
    </p>
   </div>
   <div class='ocr_carea' id='block_1_45' title="bbox 245 2859 1824 2941">
    <p class='ocr_par' dir='ltr' id='par_1_45' title="bbox 245 2859 1824 2941">
     <span class='ocr_line' id='line_1_45' title="bbox 245 2859 1824 2941; baseline 0.006 -27"><span class='ocrx_word' id='word_1_314' title='bbox 245 2859 414 2923; x_wconf 77' lang='grc' dir='ltr'>ὅντως</span> <span class='ocrx_word' id='word_1_315' title='bbox 445 2860 611 2915; x_wconf 80' lang='grc' dir='ltr'>καλοῦ</span> <span class='ocrx_word' id='word_1_316' title='bbox 635 2863 692 2915; x_wconf 81' lang='grc' dir='ltr'>ὲν</span> <span class='ocrx_word' id='word_1_317' title='bbox 717 2861 836 2927; x_wconf 83' lang='grc' dir='ltr'>ταῖς</span> <span class='ocrx_word' id='word_1_318' title='bbox 859 2863 1064 2918; x_wconf 80' lang='grc' dir='ltr'>ἑαυτῶν</span> <span class='ocrx_word' id='word_1_319' title='bbox 1113 2865 1378 2936; x_wconf 83' lang='grc' dir='ltr'>πράξεσιν</span> <span class='ocrx_word' id='word_1_320' title='bbox 1399 2885 1414 2901; x_wconf 79' lang='grc' dir='ltr'><strong>ο</strong></span> <span class='ocrx_word' id='word_1_321' title='bbox 1463 2867 1590 2922; x_wconf 75' lang='grc' dir='ltr'>οὕτε</span> <span class='ocrx_word' id='word_1_322' title='bbox 1617 2868 1727 2941; x_wconf 83' lang='grc' dir='ltr'>γὰρ</span> <span class='ocrx_word' id='word_1_323' title='bbox 1757 2871 1824 2924; x_wconf 74' lang='grc' dir='ltr'>ἐκ</span> 
     </span>
    </p>
   </div>
   <div class='ocr_carea' id='block_1_46' title="bbox 246 2951 1822 3028">
    <p class='ocr_par' dir='ltr' id='par_1_46' title="bbox 246 2951 1822 3028">
     <span class='ocr_line' id='line_1_46' title="bbox 246 2951 1822 3028; baseline 0.006 -25"><span class='ocrx_word' id='word_1_324' title='bbox 246 2954 344 3021; x_wconf 72' lang='grc' dir='ltr'>τῆς</span> <span class='ocrx_word' id='word_1_325' title='bbox 371 2951 718 3017; x_wconf 73' lang='grc' dir='ltr'>διδασκαλίας</span> <span class='ocrx_word' id='word_1_326' title='bbox 745 2954 973 3008; x_wconf 82' lang='grc' dir='ltr'>ἐκείνων</span> <span class='ocrx_word' id='word_1_327' title='bbox 1032 2956 1369 3028; x_wconf 75' lang='grc' dir='ltr'>ἀποκυήσεις</span> <span class='ocrx_word' id='word_1_328' title='bbox 1430 2957 1594 3011; x_wconf 87' lang='grc' dir='ltr'>καλόν</span> <span class='ocrx_word' id='word_1_329' title='bbox 1626 2976 1702 3018; x_wconf 88' lang='grc' dir='ltr'><strong>τι,</strong></span> <span class='ocrx_word' id='word_1_330' title='bbox 1727 2959 1822 3013; x_wconf 79' lang='grc' dir='ltr'><strong>καὶ</strong></span> 
     </span>
    </p>
   </div>
   <div class='ocr_carea' id='block_1_47' title="bbox 245 3042 1820 3120">
    <p class='ocr_par' dir='ltr' id='par_1_47' title="bbox 245 3042 1820 3120">
     <span class='ocr_line' id='line_1_47' title="bbox 245 3042 1820 3120; baseline 0.003 -22"><span class='ocrx_word' id='word_1_331' title='bbox 245 3042 306 3098; x_wconf 82' lang='grc' dir='ltr'>τὺ</span> <span class='ocrx_word' id='word_1_332' title='bbox 333 3044 684 3116; x_wconf 85' lang='grc' dir='ltr'>προσκαίρως</span> <span class='ocrx_word' id='word_1_333' title='bbox 703 3045 823 3115; x_wconf 74' lang='grc' dir='ltr'>ἡδὺ,</span> <span class='ocrx_word' id='word_1_334' title='bbox 857 3047 952 3099; x_wconf 76' lang='grc' dir='ltr'><strong>καὶ</strong></span> <span class='ocrx_word' id='word_1_335' title='bbox 978 3046 1263 3118; x_wconf 83' lang='grc' dir='ltr'>περίδοξον</span> <span class='ocrx_word' id='word_1_336' title='bbox 1291 3047 1400 3100; x_wconf 87' lang='grc' dir='ltr'><strong>τῶν</strong></span> <span class='ocrx_word' id='word_1_337' title='bbox 1431 3047 1506 3120; x_wconf 83' lang='grc' dir='ltr'><strong>μὴ</strong></span> <span class='ocrx_word' id='word_1_338' title='bbox 1533 3047 1820 3118; x_wconf 85' lang='grc' dir='ltr'>τιμώντων</span> 
     </span>
    </p>
   </div>
   <div class='ocr_carea' id='block_1_48' title="bbox 245 3133 1818 3210">
    <p class='ocr_par' dir='ltr' id='par_1_48' title="bbox 245 3133 1818 3210">
     <span class='ocr_line' id='line_1_48' title="bbox 245 3133 1818 3210; baseline 0.006 -25"><span class='ocrx_word' id='word_1_339' title='bbox 245 3133 307 3185; x_wconf 78' lang='grc' dir='ltr'>τὸ</span> <span class='ocrx_word' id='word_1_340' title='bbox 334 3133 498 3197; x_wconf 80' lang='grc' dir='ltr'>ὅντως</span> <span class='ocrx_word' id='word_1_341' title='bbox 556 3134 742 3201; x_wconf 83' lang='grc' dir='ltr'>καλὸν,</span> <span class='ocrx_word' id='word_1_342' title='bbox 805 3137 1098 3192; x_wconf 83' lang='grc' dir='ltr'>κάντεῦθεν</span> <span class='ocrx_word' id='word_1_343' title='bbox 1120 3138 1608 3210; x_wconf 82' lang='grc' dir='ltr'>ἀποτυγχανόντων</span> <span class='ocrx_word' id='word_1_344' title='bbox 1627 3140 1818 3203; x_wconf 80' lang='grc' dir='ltr'>αὐτοῦ.</span> 
     </span>
    </p>
   </div>
   <div class='ocr_carea' id='block_1_49' title="bbox 247 3225 920 3297">
    <p class='ocr_par' dir='ltr' id='par_1_49' title="bbox 247 3225 920 3297">
     <span class='ocr_line' id='line_1_49' title="bbox 247 3225 920 3297; baseline 0.004 -18"><span class='ocrx_word' id='word_1_345' title='bbox 247 3225 453 3295; x_wconf 82' lang='grc' dir='ltr'>ταχέως</span> <span class='ocrx_word' id='word_1_346' title='bbox 474 3227 920 3297; x_wconf 81' lang='grc' dir='ltr'>ἀφανισθήσεται.</span> 
     </span>
    </p>
   </div>
   <div class='ocr_carea' id='block_1_50' title="bbox 319 3315 1823 3386">
    <p class='ocr_par' dir='ltr' id='par_1_50' title="bbox 319 3315 1823 3386">
     <span class='ocr_line' id='line_1_50' title="bbox 319 3315 1823 3386; baseline 0.005 -17"><span class='ocrx_word' id='word_1_347' title='bbox 319 3321 429 3375; x_wconf 87' lang='grc' dir='ltr'>κα’,</span> <span class='ocrx_word' id='word_1_348' title='bbox 453 3315 558 3385; x_wconf 83' lang='grc' dir='ltr'><strong>κβ’.</strong></span> <span class='ocrx_word' id='word_1_349' title='bbox 590 3318 780 3371; x_wconf 80' lang='grc' dir='ltr'>Φοϐοῦ</span> <span class='ocrx_word' id='word_1_350' title='bbox 815 3321 918 3372; x_wconf 84' lang='grc' dir='ltr'><strong>τὸν</strong></span> <span class='ocrx_word' id='word_1_351' title='bbox 943 3318 1113 3385; x_wconf 79' lang='grc' dir='ltr'>Θεὸν,</span> <span class='ocrx_word' id='word_1_352' title='bbox 1143 3320 1257 3384; x_wconf 76' lang='grc' dir='ltr'><strong>υἱὲ,</strong></span> <span class='ocrx_word' id='word_1_353' title='bbox 1283 3321 1382 3376; x_wconf 77' lang='grc' dir='ltr'>καὶ</span> <span class='ocrx_word' id='word_1_354' title='bbox 1401 3321 1687 3386; x_wconf 77' lang='grc' dir='ltr'>βασιλέα,</span> <span class='ocrx_word' id='word_1_355' title='bbox 1723 3321 1823 3376; x_wconf 73' lang='grc' dir='ltr'><strong>καί</strong></span> 
     </span>
    </p>
   </div>
   <div class='ocr_carea' id='block_1_51' title="bbox 243 3405 1826 3487">
    <p class='ocr_par' dir='ltr' id='par_1_51' title="bbox 243 3405 1826 3487">
     <span class='ocr_line' id='line_1_51' title="bbox 243 3405 1826 3487; baseline 0.004 -28"><span class='ocrx_word' id='word_1_356' title='bbox 243 3405 545 3478; x_wconf 79' lang='grc' dir='ltr'>μηδετέρῳ</span> <span class='ocrx_word' id='word_1_357' title='bbox 565 3407 764 3461; x_wconf 79' lang='grc' dir='ltr'>αὐτῶν</span> <span class='ocrx_word' id='word_1_358' title='bbox 784 3409 1105 3478; x_wconf 81' lang='grc' dir='ltr'>ἀπειθήσῃ·</span> <span class='ocrx_word' id='word_1_359' title='bbox 1124 3411 1415 3481; x_wconf 69' lang='grc' dir='ltr'>ἐξαίφνης</span> <span class='ocrx_word' id='word_1_360' title='bbox 1427 3411 1540 3482; x_wconf 76' lang='grc' dir='ltr'>γὰρ</span> <span class='ocrx_word' id='word_1_361' title='bbox 1555 3414 1826 3487; x_wconf 72' lang='grc' dir='ltr'>τίσωνται</span> 
     </span>
    </p>
   </div>
   <div class='ocr_carea' id='block_1_52' title="bbox 247 3496 1826 3572">
    <p class='ocr_par' dir='ltr' id='par_1_52' title="bbox 247 3496 1826 3572">
     <span class='ocr_line' id='line_1_52' title="bbox 247 3496 1826 3572; baseline 0.002 -20"><span class='ocrx_word' id='word_1_362' title='bbox 247 3499 389 3565; x_wconf 80' lang='grc' dir='ltr'>τοὺς</span> <span class='ocrx_word' id='word_1_363' title='bbox 447 3496 858 3565; x_wconf 76' lang='grc' dir='ltr'>ἁσεϐεἷς·’τὰς</span> <span class='ocrx_word' id='word_1_364' title='bbox 913 3499 981 3552; x_wconf 79' lang='grc' dir='ltr'>δὲ</span> <span class='ocrx_word' id='word_1_365' title='bbox 1021 3501 1299 3570; x_wconf 79' lang='grc' dir='ltr'>τιμωρίας</span> <span class='ocrx_word' id='word_1_366' title='bbox 1340 3503 1689 3572; x_wconf 68' lang='grc' dir='ltr'>ἀμφοτέρων</span> <span class='ocrx_word' id='word_1_367' title='bbox 1733 3504 1826 3569; x_wconf 78' lang='grc' dir='ltr'><strong>τίς</strong></span> 
     </span>
    </p>
   </div>
   <div class='ocr_carea' id='block_1_53' title="bbox 250 3591 1828 3663">
    <p class='ocr_par' dir='ltr' id='par_1_53' title="bbox 250 3591 1828 3663">
     <span class='ocr_line' id='line_1_53' title="bbox 250 3591 1828 3663; baseline 0.003 -21"><span class='ocrx_word' id='word_1_368' title='bbox 250 3591 573 3660; x_wconf 74' lang='grc' dir='ltr'>γνώσεται;</span> <span class='ocrx_word' id='word_1_369' title='bbox 628 3591 831 3645; x_wconf 76' lang='grc' dir='ltr'>Τέκνον</span> <span class='ocrx_word' id='word_1_370' title='bbox 889 3591 1282 3658; x_wconf 82' lang='grc' dir='ltr'>πνευματικὸν,</span> <span class='ocrx_word' id='word_1_371' title='bbox 1317 3594 1454 3663; x_wconf 84' lang='grc' dir='ltr'>μήτε</span> <span class='ocrx_word' id='word_1_372' title='bbox 1493 3592 1631 3646; x_wconf 81' lang='grc' dir='ltr'>Θεοῦ</span> <span class='ocrx_word' id='word_1_373' title='bbox 1661 3610 1828 3646; x_wconf 86' lang='grc' dir='ltr'>κατα-</span> 
     </span>
    </p>
   </div>
   <div class='ocr_carea' id='block_1_54' title="bbox 253 3681 1825 3753">
    <p class='ocr_par' dir='ltr' id='par_1_54' title="bbox 253 3681 1825 3753">
     <span class='ocr_line' id='line_1_54' title="bbox 253 3681 1825 3753; baseline -0.001 -17"><span class='ocrx_word' id='word_1_374' title='bbox 253 3683 438 3753; x_wconf 84' lang='grc' dir='ltr'>φρόνει</span> <span class='ocrx_word' id='word_1_375' title='bbox 467 3681 560 3735; x_wconf 83' lang='grc' dir='ltr'><strong>τοῦ</strong></span> <span class='ocrx_word' id='word_1_376' title='bbox 590 3681 936 3753; x_wconf 81' lang='grc' dir='ltr'>κυριεύοντος</span> <span class='ocrx_word' id='word_1_377' title='bbox 977 3684 1072 3734; x_wconf 71' lang='grc' dir='ltr'><strong>καὶ</strong></span> <span class='ocrx_word' id='word_1_378' title='bbox 1101 3683 1278 3752; x_wconf 80' lang='grc' dir='ltr'>ψυχῆς</span> <span class='ocrx_word' id='word_1_379' title='bbox 1302 3699 1396 3735; x_wconf 90' lang='grc' dir='ltr'><strong>σου</strong></span> <span class='ocrx_word' id='word_1_380' title='bbox 1421 3681 1514 3735; x_wconf 74' lang='grc' dir='ltr'><strong>καὶ</strong></span> <span class='ocrx_word' id='word_1_381' title='bbox 1552 3681 1825 3751; x_wconf 86' lang='grc' dir='ltr'>σώματος,</span> 
     </span>
    </p>
   </div>
   <div class='ocr_carea' id='block_1_55' title="bbox 257 3771 1832 3845">
    <p class='ocr_par' dir='ltr' id='par_1_55' title="bbox 257 3771 1832 3845">
     <span class='ocr_line' id='line_1_55' title="bbox 257 3771 1832 3845; baseline -0.002 -17"><span class='ocrx_word' id='word_1_382' title='bbox 257 3775 394 3845; x_wconf 85' lang='grc' dir='ltr'>μήτε</span> <span class='ocrx_word' id='word_1_383' title='bbox 446 3773 710 3844; x_wconf 81' lang='grc' dir='ltr'>βασιλέως</span> <span class='ocrx_word' id='word_1_384' title='bbox 735 3772 830 3826; x_wconf 89' lang='grc' dir='ltr'><strong>τοῦ</strong></span> <span class='ocrx_word' id='word_1_385' title='bbox 866 3774 1028 3844; x_wconf 86' lang='grc' dir='ltr'>μόνου</span> <span class='ocrx_word' id='word_1_386' title='bbox 1053 3771 1149 3826; x_wconf 87' lang='grc' dir='ltr'><strong>τοῦ</strong></span> <span class='ocrx_word' id='word_1_387' title='bbox 1183 3773 1439 3843; x_wconf 86' lang='grc' dir='ltr'>σώματός</span> <span class='ocrx_word' id='word_1_388' title='bbox 1469 3790 1561 3826; x_wconf 87' lang='grc' dir='ltr'><strong>σου</strong></span> <span class='ocrx_word' id='word_1_389' title='bbox 1581 3773 1832 3836; x_wconf 73' lang='grc' dir='ltr'>ἐξουσιάο</span> 
     </span>
    </p>
   </div>
   <div class='ocr_carea' id='block_1_56' title="bbox 253 3862 1827 3936">
    <p class='ocr_par' dir='ltr' id='par_1_56' title="bbox 253 3862 1827 3936">
     <span class='ocr_line' id='line_1_56' title="bbox 253 3862 1827 3936; baseline -0.002 -16"><span class='ocrx_word' id='word_1_390' title='bbox 253 3865 438 3931; x_wconf 63' lang='lat' dir='ltr'><strong>(avra;</strong></span> <span class='ocrx_word' id='word_1_391' title='bbox 457 3879 472 3894; x_wconf 84' lang='lat'><strong><em>°</em></strong></span> <span class='ocrx_word' id='word_1_392' title='bbox 504 3866 598 3919; x_wconf 77' lang='grc' dir='ltr'><strong>καὶ</strong></span> <span class='ocrx_word' id='word_1_393' title='bbox 639 3865 748 3919; x_wconf 85' lang='grc' dir='ltr'><strong>τῶν</strong></span> <span class='ocrx_word' id='word_1_394' title='bbox 818 3865 1312 3936; x_wconf 80' lang='grc' dir='ltr'>παραγγελμάτων</span> <span class='ocrx_word' id='word_1_395' title='bbox 1342 3864 1550 3919; x_wconf 83' lang='grc' dir='ltr'>τούτων</span> <span class='ocrx_word' id='word_1_396' title='bbox 1582 3862 1727 3929; x_wconf 76' lang='grc' dir='ltr'>τινος</span> <span class='ocrx_word' id='word_1_397' title='bbox 1752 3865 1827 3936; x_wconf 82' lang='grc' dir='ltr'><strong>μὴ</strong></span> 
     </span>
    </p>
   </div>
   <div class='ocr_carea' id='block_1_57' title="bbox 257 3956 1829 4028">
    <p class='ocr_par' dir='ltr' id='par_1_57' title="bbox 257 3956 1829 4028">
     <span class='ocr_line' id='line_1_57' title="bbox 257 3956 1829 4028; baseline -0.003 -16"><span class='ocrx_word' id='word_1_398' title='bbox 257 3956 639 4028; x_wconf 79' lang='grc' dir='ltr'>παρακούσῃςο</span> <span class='ocrx_word' id='word_1_399' title='bbox 667 3957 932 4026; x_wconf 81' lang='grc' dir='ltr'>αἰφνίδιον</span> <span class='ocrx_word' id='word_1_400' title='bbox 971 3958 1081 4027; x_wconf 77' lang='grc' dir='ltr'>γὰρ</span> <span class='ocrx_word' id='word_1_401' title='bbox 1139 3958 1547 4028; x_wconf 85' lang='grc' dir='ltr'>τιμωρήσονται</span> <span class='ocrx_word' id='word_1_402' title='bbox 1588 3957 1716 4018; x_wconf 80' lang='grc' dir='ltr'>τοὺς</span> <span class='ocrx_word' id='word_1_403' title='bbox 1752 3956 1829 4027; x_wconf 84' lang='grc' dir='ltr'>μὴ</span> 
     </span>
    </p>
   </div>
   <div class='ocr_carea' id='block_1_58' title="bbox 253 4047 1828 4120">
    <p class='ocr_par' dir='ltr' id='par_1_58' title="bbox 253 4047 1828 4120">
     <span class='ocr_line' id='line_1_58' title="bbox 253 4047 1828 4120; baseline -0.001 -17"><span class='ocrx_word' id='word_1_404' title='bbox 253 4051 534 4120; x_wconf 85' lang='grc' dir='ltr'>τιμῶντας</span> <span class='ocrx_word' id='word_1_405' title='bbox 551 4048 746 4114; x_wconf 80' lang='grc' dir='ltr'>αὐτούς</span> <span class='ocrx_word' id='word_1_406' title='bbox 763 4066 780 4082; x_wconf 76' lang='grc' dir='ltr'><strong>ο</strong></span> <span class='ocrx_word' id='word_1_407' title='bbox 808 4049 910 4112; x_wconf 79' lang='grc' dir='ltr'>τὰς</span> <span class='ocrx_word' id='word_1_408' title='bbox 932 4050 990 4103; x_wconf 77' lang='grc' dir='ltr'>δὲ</span> <span class='ocrx_word' id='word_1_409' title='bbox 1019 4048 1272 4112; x_wconf 79' lang='grc' dir='ltr'>κολάσεις</span> <span class='ocrx_word' id='word_1_410' title='bbox 1303 4048 1369 4112; x_wconf 74' lang='grc' dir='ltr'>ἃς</span> <span class='ocrx_word' id='word_1_411' title='bbox 1396 4047 1492 4103; x_wconf 71' lang='grc' dir='ltr'><strong>καὶ</strong></span> <span class='ocrx_word' id='word_1_412' title='bbox 1520 4048 1828 4119; x_wconf 82' lang='grc' dir='ltr'>ἀμφότεροι</span> 
     </span>
    </p>
   </div>
   <div class='ocr_carea' id='block_1_59' title="bbox 255 4139 1828 4213">
    <p class='ocr_par' dir='ltr' id='par_1_59' title="bbox 255 4139 1828 4213">
     <span class='ocr_line' id='line_1_59' title="bbox 255 4139 1828 4213; baseline -0.001 -17"><span class='ocrx_word' id='word_1_413' title='bbox 255 4143 519 4210; x_wconf 68' lang='grc' dir='ltr'>ἐπάγουσι</span> <span class='ocrx_word' id='word_1_414' title='bbox 545 4143 658 4204; x_wconf 80' lang='grc' dir='ltr'>τοῖς</span> <span class='ocrx_word' id='word_1_415' title='bbox 690 4140 826 4212; x_wconf 81' lang='grc' dir='ltr'>πρὸς</span> <span class='ocrx_word' id='word_1_416' title='bbox 849 4141 1048 4205; x_wconf 76' lang='grc' dir='ltr'>αὐτοὺς</span> <span class='ocrx_word' id='word_1_417' title='bbox 1073 4139 1504 4213; x_wconf 80' lang='grc' dir='ltr'>ἁμαρτάνουσιν,</span> <span class='ocrx_word' id='word_1_418' title='bbox 1532 4140 1709 4204; x_wconf 77' lang='grc' dir='ltr'>οὐδεὶς</span> <span class='ocrx_word' id='word_1_419' title='bbox 1737 4140 1828 4196; x_wconf 80' lang='grc' dir='ltr'>διὰ</span> 
     </span>
    </p>
   </div>
   <div class='ocr_carea' id='block_1_60' title="bbox 253 4231 1829 4306">
    <p class='ocr_par' dir='ltr' id='par_1_60' title="bbox 253 4231 1829 4306">
     <span class='ocr_line' id='line_1_60' title="bbox 253 4231 1829 4306; baseline -0.001 -19"><span class='ocrx_word' id='word_1_420' title='bbox 253 4234 316 4288; x_wconf 80' lang='grc' dir='ltr'>τὸ</span> <span class='ocrx_word' id='word_1_421' title='bbox 347 4235 545 4306; x_wconf 78' lang='grc' dir='ltr'>ἄδηλον</span> <span class='ocrx_word' id='word_1_422' title='bbox 589 4231 687 4286; x_wconf 86' lang='grc' dir='ltr'><strong>τοῦ</strong></span> <span class='ocrx_word' id='word_1_423' title='bbox 726 4231 938 4305; x_wconf 27' lang='grc' dir='ltr'>,καιροῦ</span> <span class='ocrx_word' id='word_1_424' title='bbox 990 4234 1304 4304; x_wconf 83' lang='grc' dir='ltr'>ὑπονοήσει·</span> <span class='ocrx_word' id='word_1_425' title='bbox 1334 4231 1409 4295; x_wconf 83' lang='grc' dir='ltr'>ὡς</span> <span class='ocrx_word' id='word_1_426' title='bbox 1435 4231 1503 4286; x_wconf 83' lang='grc' dir='ltr'><strong>ἂν</strong></span> <span class='ocrx_word' id='word_1_427' title='bbox 1528 4231 1829 4302; x_wconf 83' lang='grc' dir='ltr'>διορθωσά-</span> 
     </span>
    </p>
   </div>
   <div class='ocr_carea' id='block_1_61' title="bbox 258 4321 1827 4397">
    <p class='ocr_par' dir='ltr' id='par_1_61' title="bbox 258 4321 1827 4397">
     <span class='ocr_line' id='line_1_61' title="bbox 258 4321 1827 4397; baseline -0.001 -18"><span class='ocrx_word' id='word_1_428' title='bbox 258 4342 417 4397; x_wconf 77' lang='grc' dir='ltr'>μενος</span> <span class='ocrx_word' id='word_1_429' title='bbox 475 4324 583 4396; x_wconf 81' lang='grc' dir='ltr'>πρὸ</span> <span class='ocrx_word' id='word_1_430' title='bbox 626 4321 718 4378; x_wconf 89' lang='grc' dir='ltr'><strong>τοῦ</strong></span> <span class='ocrx_word' id='word_1_431' title='bbox 765 4323 1188 4395; x_wconf 85' lang='grc' dir='ltr'>τιμωρηθῆναι,</span> <span class='ocrx_word' id='word_1_432' title='bbox 1230 4321 1547 4395; x_wconf 78' lang='grc' dir='ltr'>καταλλάξῃ</span> <span class='ocrx_word' id='word_1_433' title='bbox 1599 4321 1827 4387; x_wconf 84' lang='grc' dir='ltr'>τούτους</span> 
     </span>
    </p>
   </div>
   <div class='ocr_carea' id='block_1_62' title="bbox 254 4414 487 4486">
    <p class='ocr_par' dir='ltr' id='par_1_62' title="bbox 254 4414 487 4486">
     <span class='ocr_line' id='line_1_62' title="bbox 254 4414 487 4486; baseline 0.009 -17"><span class='ocrx_word' id='word_1_434' title='bbox 254 4414 452 4486; x_wconf 72' lang='grc' dir='ltr'>ἑαυτῷ.</span> <span class='ocrx_word' id='word_1_435' title='bbox 481 4414 487 4420; x_wconf 81' lang='grc'><em>’</em></span> 
     </span>
    </p>
   </div>
   <div class='ocr_carea' id='block_1_63' title="bbox 323 4503 1830 4575">
    <p class='ocr_par' dir='ltr' id='par_1_63' title="bbox 323 4503 1830 4575">
     <span class='ocr_line' id='line_1_63' title="bbox 323 4503 1830 4575; baseline 0.002 -16"><span class='ocrx_word' id='word_1_436' title='bbox 323 4505 519 4575; x_wconf 60' lang='grc' dir='ltr'>Λόγον</span> <span class='ocrx_word' id='word_1_437' title='bbox 575 4503 1050 4574; x_wconf 75' lang='grc' dir='ltr'>φυλασσόμενος</span> <span class='ocrx_word' id='word_1_438' title='bbox 1112 4505 1274 4571; x_wconf 86' lang='grc' dir='ltr'>υίὸς,</span> <span class='ocrx_word' id='word_1_439' title='bbox 1318 4504 1622 4573; x_wconf 82' lang='grc' dir='ltr'>ἀπωλείας</span> <span class='ocrx_word' id='word_1_440' title='bbox 1654 4505 1830 4574; x_wconf 78' lang='grc' dir='ltr'>ἐκτὸς</span> 
     </span>
    </p>
   </div>
   <div class='ocr_carea' id='block_1_64' title="bbox 252 4586 1828 4670">
    <p class='ocr_par' dir='ltr' id='par_1_64' title="bbox 252 4586 1828 4670">
     <span class='ocr_line' id='line_1_64' title="bbox 252 4586 1828 4670; baseline -0.001 -19"><span class='ocrx_word' id='word_1_441' title='bbox 252 4597 453 4651; x_wconf 78' lang='grc' dir='ltr'>ἔσται·</span> <span class='ocrx_word' id='word_1_442' title='bbox 505 4586 830 4666; x_wconf 70' lang='grc' dir='ltr'>δεχόμενος</span> <span class='ocrx_word' id='word_1_443' title='bbox 876 4595 964 4662; x_wconf 80' lang='grc' dir='ltr'>δὲ,</span> <span class='ocrx_word' id='word_1_444' title='bbox 1028 4592 1278 4658; x_wconf 79' lang='grc' dir='ltr'>ἐδέξατο</span> <span class='ocrx_word' id='word_1_445' title='bbox 1326 4597 1534 4653; x_wconf 81' lang='grc' dir='ltr'>αὐτόν.</span> <span class='ocrx_word' id='word_1_446' title='bbox 1580 4596 1692 4670; x_wconf 82' lang='grc' dir='ltr'><strong>Τὴν</strong></span> <span class='ocrx_word' id='word_1_447' title='bbox 1733 4597 1828 4651; x_wconf 90' lang='grc' dir='ltr'><strong>τοῦ</strong></span> 
     </span>
    </p>
   </div>
   <div class='ocr_carea' id='block_1_65' title="bbox 253 4685 1833 4759">
    <p class='ocr_par' dir='ltr' id='par_1_65' title="bbox 253 4685 1833 4759">
     <span class='ocr_line' id='line_1_65' title="bbox 253 4685 1833 4759; baseline 0.001 -18"><span class='ocrx_word' id='word_1_448' title='bbox 253 4687 388 4742; x_wconf 85' lang='grc' dir='ltr'>Θεοῦ</span> <span class='ocrx_word' id='word_1_449' title='bbox 417 4689 634 4758; x_wconf 76' lang='grc' dir='ltr'>ἐντολὴν</span> <span class='ocrx_word' id='word_1_450' title='bbox 659 4688 842 4759; x_wconf 87' lang='grc' dir='ltr'>τηρῶν</span> <span class='ocrx_word' id='word_1_451' title='bbox 864 4688 892 4740; x_wconf 87' lang='grc' dir='ltr'>ὁ</span> <span class='ocrx_word' id='word_1_452' title='bbox 925 4686 1066 4741; x_wconf 83' lang='grc' dir='ltr'>κατὰ</span> <span class='ocrx_word' id='word_1_453' title='bbox 1093 4685 1256 4758; x_wconf 88' lang='grc' dir='ltr'>χάριν</span> <span class='ocrx_word' id='word_1_454' title='bbox 1283 4686 1414 4751; x_wconf 84' lang='grc' dir='ltr'>Υἱὸς</span> <span class='ocrx_word' id='word_1_455' title='bbox 1438 4688 1626 4742; x_wconf 86' lang='grc' dir='ltr'>τούτου</span> <span class='ocrx_word' id='word_1_456' title='bbox 1663 4690 1833 4758; x_wconf 80' lang='grc' dir='ltr'>γενέ-</span> 
     </span>
    </p>
   </div>
   <div class='ocr_carea' id='block_1_66' title="bbox 257 4777 1833 4848">
    <p class='ocr_par' dir='ltr' id='par_1_66' title="bbox 257 4777 1833 4848">
     <span class='ocr_line' id='line_1_66' title="bbox 257 4777 1833 4848; baseline 0.001 -16"><span class='ocrx_word' id='word_1_457' title='bbox 257 4780 380 4833; x_wconf 90' lang='grc' dir='ltr'>σθαι</span> <span class='ocrx_word' id='word_1_458' title='bbox 401 4778 677 4846; x_wconf 77' lang='grc' dir='ltr'>ἀξιωθεὶς,</span> <span class='ocrx_word' id='word_1_459' title='bbox 705 4777 800 4832; x_wconf 88' lang='grc' dir='ltr'><strong>τοῦ</strong></span> <span class='ocrx_word' id='word_1_460' title='bbox 834 4777 954 4832; x_wconf 89' lang='grc' dir='ltr'>καθ’</span> <span class='ocrx_word' id='word_1_461' title='bbox 989 4777 1268 4848; x_wconf 79' lang='grc' dir='ltr'>ἁμαρτίαν</span> <span class='ocrx_word' id='word_1_462' title='bbox 1310 4779 1559 4834; x_wconf 85' lang='grc' dir='ltr'>κινδύνου</span> <span class='ocrx_word' id='word_1_463' title='bbox 1593 4779 1833 4835; x_wconf 81' lang='grc' dir='ltr'>ἀπαλλα-</span> 
     </span>
    </p>
   </div>
   <div class='ocr_carea' id='block_1_67' title="bbox 256 4868 1832 4944">
    <p class='ocr_par' dir='ltr' id='par_1_67' title="bbox 256 4868 1832 4944">
     <span class='ocr_line' id='line_1_67' title="bbox 256 4868 1832 4944; baseline 0.003 -19"><span class='ocrx_word' id='word_1_464' title='bbox 256 4870 514 4942; x_wconf 77' lang='grc' dir='ltr'>γήσεταιο</span> <span class='ocrx_word' id='word_1_465' title='bbox 549 4871 978 4944; x_wconf 82' lang='grc' dir='ltr'>προσδεχόμενος</span> <span class='ocrx_word' id='word_1_466' title='bbox 1009 4869 1068 4922; x_wconf 78' lang='grc' dir='ltr'>δὲ</span> <span class='ocrx_word' id='word_1_467' title='bbox 1096 4868 1264 4941; x_wconf 77' lang='grc' dir='ltr'>αὐτὴν</span> <span class='ocrx_word' id='word_1_468' title='bbox 1295 4871 1374 4935; x_wconf 82' lang='grc' dir='ltr'><strong>είς</strong></span> <span class='ocrx_word' id='word_1_469' title='bbox 1408 4872 1474 4926; x_wconf 78' lang='grc' dir='ltr'>τὸ</span> <span class='ocrx_word' id='word_1_470' title='bbox 1524 4871 1687 4944; x_wconf 85' lang='grc' dir='ltr'>βάθος</span> <span class='ocrx_word' id='word_1_471' title='bbox 1729 4872 1832 4942; x_wconf 83' lang='grc' dir='ltr'>τῆς</span> 
     </span>
    </p>
   </div>
   <div class='ocr_carea' id='block_1_68' title="bbox 255 4963 718 5026">
    <p class='ocr_par' dir='ltr' id='par_1_68' title="bbox 255 4963 718 5026">
     <span class='ocr_line' id='line_1_68' title="bbox 255 4963 718 5026; baseline -0.006 -8"><span class='ocrx_word' id='word_1_472' title='bbox 255 4963 491 5026; x_wconf 83' lang='grc' dir='ltr'>διανοίας</span> <span class='ocrx_word' id='word_1_473' title='bbox 531 4963 718 5018; x_wconf 82' lang='grc' dir='ltr'>αὐτοῦ.</span> 
     </span>
    </p>
   </div>
   <div class='ocr_carea' id='block_1_69' title="bbox 325 5054 1832 5128">
    <p class='ocr_par' dir='ltr' id='par_1_69' title="bbox 325 5054 1832 5128">
     <span class='ocr_line' id='line_1_69' title="bbox 325 5054 1832 5128; baseline -0.001 -18"><span class='ocrx_word' id='word_1_474' title='bbox 325 5054 533 5124; x_wconf 77' lang='grc' dir='ltr'>Μηδὲν</span> <span class='ocrx_word' id='word_1_475' title='bbox 560 5054 787 5124; x_wconf 70' lang='grc' dir='ltr'>ψεῦδος</span> <span class='ocrx_word' id='word_1_476' title='bbox 820 5054 937 5110; x_wconf 78' lang='grc' dir='ltr'><strong>ἀπὸ</strong></span> <span class='ocrx_word' id='word_1_477' title='bbox 963 5056 1254 5128; x_wconf 73' lang='grc' dir='ltr'>γλώσσης</span> <span class='ocrx_word' id='word_1_478' title='bbox 1275 5055 1528 5124; x_wconf 77' lang='grc' dir='ltr'>,Βασιλεῖ</span> <span class='ocrx_word' id='word_1_479' title='bbox 1540 5054 1832 5126; x_wconf 77' lang='grc' dir='ltr'>λεγέσθω,</span> 
     </span>
    </p>
   </div>
   <div class='ocr_carea' id='block_1_70' title="bbox 259 5144 1830 5218">
    <p class='ocr_par' dir='ltr' id='par_1_70' title="bbox 259 5144 1830 5218">
     <span class='ocr_line' id='line_1_70' title="bbox 259 5144 1830 5218; baseline 0.003 -20"><span class='ocrx_word' id='word_1_480' title='bbox 259 5144 560 5200; x_wconf 73' lang='grc' dir='ltr'>καιοὺδὲν</span> <span class='ocrx_word' id='word_1_481' title='bbox 603 5144 834 5214; x_wconf 71' lang='grc' dir='ltr'>ψεῦδος</span> <span class='ocrx_word' id='word_1_482' title='bbox 875 5147 996 5202; x_wconf 79' lang='grc' dir='ltr'><strong>ἀπὸ</strong></span> <span class='ocrx_word' id='word_1_483' title='bbox 1063 5148 1352 5218; x_wconf 71' lang='grc' dir='ltr'>γλώσσης</span> <span class='ocrx_word' id='word_1_484' title='bbox 1391 5147 1582 5203; x_wconf 84' lang='grc' dir='ltr'>αὐτοῦ</span> <span class='ocrx_word' id='word_1_485' title='bbox 1629 5147 1702 5201; x_wconf 88' lang='grc' dir='ltr'>οὐ</span> <span class='ocrx_word' id='word_1_486' title='bbox 1744 5144 1830 5214; x_wconf 79' lang='grc' dir='ltr'><strong>μὴ</strong></span> 
     </span>
    </p>
   </div>
   <div class='ocr_carea' id='block_1_71' title="bbox 260 5235 1833 5312">
    <p class='ocr_par' dir='ltr' id='par_1_71' title="bbox 260 5235 1833 5312">
     <span class='ocr_line' id='line_1_71' title="bbox 260 5235 1833 5312; baseline -0.007 -12"><span class='ocrx_word' id='word_1_487' title='bbox 260 5236 617 5308; x_wconf 43' lang='lat' dir='ltr'><strong>calonum</strong></span> <span class='ocrx_word' id='word_1_488' title='bbox 670 5238 883 5310; x_wconf 75' lang='grc' dir='ltr'>ὑπόσχῃ</span> <span class='ocrx_word' id='word_1_489' title='bbox 933 5239 1010 5310; x_wconf 84' lang='grc' dir='ltr'>τῷ</span> <span class='ocrx_word' id='word_1_490' title='bbox 1052 5239 1297 5312; x_wconf 79' lang='grc' dir='ltr'>Δεσπότῃ</span> <span class='ocrx_word' id='word_1_491' title='bbox 1345 5242 1439 5296; x_wconf 86' lang='grc' dir='ltr'><strong>τοῦ</strong></span> <span class='ocrx_word' id='word_1_492' title='bbox 1486 5238 1684 5301; x_wconf 86' lang='grc' dir='ltr'>παντὸς</span> <span class='ocrx_word' id='word_1_493' title='bbox 1713 5235 1833 5307; x_wconf 80' lang='grc' dir='ltr'><strong>Θεῷ</strong></span> 
     </span>
    </p>
   </div>
   <div class='ocr_carea' id='block_1_72' title="bbox 249 5326 1834 5402">
    <p class='ocr_par' dir='ltr' id='par_1_72' title="bbox 249 5326 1834 5402">
     <span class='ocr_line' id='line_1_72' title="bbox 249 5326 1834 5402; baseline 0.001 -21"><span class='ocrx_word' id='word_1_494' title='bbox 249 5327 345 5381; x_wconf 77' lang='grc' dir='ltr'>διὰ</span> <span class='ocrx_word' id='word_1_495' title='bbox 367 5326 630 5394; x_wconf 75' lang='grc' dir='ltr'>στόματος</span> <span class='ocrx_word' id='word_1_496' title='bbox 674 5327 874 5400; x_wconf 73' lang='grc' dir='ltr'>ψευδῆ,</span> <span class='ocrx_word' id='word_1_497' title='bbox 923 5329 1060 5384; x_wconf 79' lang='grc' dir='ltr'>ἀλλὰ</span> <span class='ocrx_word' id='word_1_498' title='bbox 1084 5331 1183 5394; x_wconf 74' lang='grc' dir='ltr'><strong>τὰς</strong></span> <span class='ocrx_word' id='word_1_499' title='bbox 1215 5331 1351 5402; x_wconf 75' lang='grc' dir='ltr'>πρὸς</span> <span class='ocrx_word' id='word_1_500' title='bbox 1390 5332 1554 5384; x_wconf 82' lang='grc' dir='ltr'>αὐτόν</span> <span class='ocrx_word' id='word_1_501' title='bbox 1582 5346 1676 5382; x_wconf 85' lang='grc' dir='ltr'><strong>σου</strong></span> <span class='ocrx_word' id='word_1_502' title='bbox 1707 5346 1834 5382; x_wconf 85' lang='grc' dir='ltr'>συν-</span> 
     </span>
    </p>
   </div>
   <div class='ocr_carea' id='block_1_73' title="bbox 263 5418 1836 5493">
    <p class='ocr_par' dir='ltr' id='par_1_73' title="bbox 263 5418 1836 5493">
     <span class='ocr_line' id='line_1_73' title="bbox 263 5418 1836 5493; baseline 0.002 -23"><span class='ocrx_word' id='word_1_503' title='bbox 263 5418 434 5489; x_wconf 86' lang='grc' dir='ltr'>θήκας</span> <span class='ocrx_word' id='word_1_504' title='bbox 471 5419 824 5492; x_wconf 79' lang='grc' dir='ltr'>ὲκπλήρωσον</span> <span class='ocrx_word' id='word_1_505' title='bbox 853 5436 868 5451; x_wconf 78' lang='grc'><strong>⁸</strong></span> <span class='ocrx_word' id='word_1_506' title='bbox 909 5423 1003 5474; x_wconf 75' lang='grc' dir='ltr'><strong>καὶ</strong></span> <span class='ocrx_word' id='word_1_507' title='bbox 1038 5422 1320 5493; x_wconf 82' lang='grc' dir='ltr'>πληρώσει</span> <span class='ocrx_word' id='word_1_508' title='bbox 1359 5424 1576 5485; x_wconf 87' lang='grc' dir='ltr'>πάντως</span> <span class='ocrx_word' id='word_1_509' title='bbox 1619 5421 1714 5474; x_wconf 82' lang='grc' dir='ltr'>καὶ</span> <span class='ocrx_word' id='word_1_510' title='bbox 1739 5421 1836 5474; x_wconf 82' lang='grc' dir='ltr'>αῦ-</span> 
     </span>
    </p>
   </div>
   <div class='ocr_carea' id='block_1_74' title="bbox 261 5513 1835 5586">
    <p class='ocr_par' dir='ltr' id='par_1_74' title="bbox 261 5513 1835 5586">
     <span class='ocr_line' id='line_1_74' title="bbox 261 5513 1835 5586; baseline 0.003 -21"><span class='ocrx_word' id='word_1_511' title='bbox 261 5513 352 5576; x_wconf 74' lang='grc' dir='ltr'><strong>τδς</strong></span> <span class='ocrx_word' id='word_1_512' title='bbox 404 5515 496 5566; x_wconf 69' lang='grc' dir='ltr'><strong>ἐπὶ</strong></span> <span class='ocrx_word' id='word_1_513' title='bbox 545 5516 628 5568; x_wconf 70' lang='grc' dir='ltr'><strong>σοὶ</strong></span> <span class='ocrx_word' id='word_1_514' title='bbox 686 5516 786 5579; x_wconf 77' lang='grc' dir='ltr'>τὰς</span> <span class='ocrx_word' id='word_1_515' title='bbox 845 5515 951 5571; x_wconf 85' lang='grc' dir='ltr'><strong>τῶν</strong></span> <span class='ocrx_word' id='word_1_516' title='bbox 1021 5517 1325 5586; x_wconf 82' lang='grc' dir='ltr'>μελλόντων</span> <span class='ocrx_word' id='word_1_517' title='bbox 1388 5517 1610 5586; x_wconf 87' lang='grc' dir='ltr'>ἀγαθῶν</span> <span class='ocrx_word' id='word_1_518' title='bbox 1661 5519 1835 5584; x_wconf 75' lang='grc' dir='ltr'>ἐπαγ·</span> 
     </span>
    </p>
   </div>
   <div class='ocr_carea' id='block_1_75' title="bbox 268 5603 1834 5680">
    <p class='ocr_par' dir='ltr' id='par_1_75' title="bbox 268 5603 1834 5680">
     <span class='ocr_line' id='line_1_75' title="bbox 268 5603 1834 5680; baseline -0.017 7"><span class='ocrx_word' id='word_1_519' title='bbox 268 5603 470 5672; x_wconf 43' lang='lat' dir='ltr'><strong>iam&quot;</strong></span> <span class='ocrx_word' id='word_1_520' title='bbox 500 5607 591 5660; x_wconf 61' lang='grc' dir='ltr'>καὶ</span> <span class='ocrx_word' id='word_1_521' title='bbox 629 5607 686 5660; x_wconf 67' lang='grc' dir='ltr'><strong>οὐ</strong></span> <span class='ocrx_word' id='word_1_522' title='bbox 711 5607 1110 5680; x_wconf 62' lang='grc' dir='ltr'>ψευσθήσονταί</span> <span class='ocrx_word' id='word_1_523' title='bbox 1144 5626 1226 5664; x_wconf 84' lang='grc' dir='ltr'><strong>σοι</strong></span> <span class='ocrx_word' id='word_1_524' title='bbox 1278 5611 1334 5664; x_wconf 80' lang='grc' dir='ltr'>αξ</span> <span class='ocrx_word' id='word_1_525' title='bbox 1370 5611 1461 5662; x_wconf 73' lang='grc' dir='ltr'><strong>ἐπὶ</strong></span> <span class='ocrx_word' id='word_1_526' title='bbox 1495 5608 1720 5672; x_wconf 83' lang='grc' dir='ltr'>ταύταις</span> <span class='ocrx_word' id='word_1_527' title='bbox 1749 5609 1834 5662; x_wconf 71' lang='grc' dir='ltr'><strong>ὲ).-</strong></span> 
     </span>
    </p>
   </div>
   <div class='ocr_carea' id='block_1_76' title="bbox 266 5699 446 5758">
    <p class='ocr_par' dir='ltr' id='par_1_76' title="bbox 266 5699 446 5758">
     <span class='ocr_line' id='line_1_76' title="bbox 266 5699 446 5758; baseline 0 -8"><span class='ocrx_word' id='word_1_528' title='bbox 266 5699 446 5758; x_wconf 80' lang='grc' dir='ltr'>πίδες..</span> 
     </span>
    </p>
   </div>
   <div class='ocr_carea' id='block_1_77' title="bbox 1855 4435 1908 4496">
    <p class='ocr_par' dir='ltr' id='par_1_77' title="bbox 1855 4435 1908 4496">
     <span class='ocr_line' id='line_1_77' title="bbox 1855 4435 1908 4496; baseline 0 0"><span class='ocrx_word' id='word_1_529' title='bbox 1855 4435 1908 4496; x_wconf 88' lang='lat' dir='ltr'><strong>D</strong></span> 
     </span>
    </p>
   </div>
   <div class='ocr_carea' id='block_1_78' title="bbox 1923 1869 3500 1941">
    <p class='ocr_par' dir='ltr' id='par_1_78' title="bbox 1923 1869 3500 1941">
     <span class='ocr_line' id='line_1_78' title="bbox 1923 1869 3500 1941; baseline -0.006 -11"><span class='ocrx_word' id='word_1_530' title='bbox 1923 1875 2308 1930; x_wconf 89' lang='lat' dir='ltr'><strong>universorum</strong></span> <span class='ocrx_word' id='word_1_531' title='bbox 2342 1874 2602 1929; x_wconf 85' lang='lat' dir='ltr'><strong>Dominus</strong></span> <span class='ocrx_word' id='word_1_532' title='bbox 2641 1875 2783 1927; x_wconf 88' lang='lat' dir='ltr'><strong>Deus</strong></span> <span class='ocrx_word' id='word_1_533' title='bbox 2816 1872 3024 1926; x_wconf 75' lang='lat' dir='ltr'><strong>videbit</strong></span> <span class='ocrx_word' id='word_1_534' title='bbox 3057 1869 3332 1941; x_wconf 90' lang='lat' dir='ltr'><strong>quomodo</strong></span> <span class='ocrx_word' id='word_1_535' title='bbox 3360 1869 3500 1922; x_wconf 86' lang='lat' dir='ltr'><strong>male</strong></span> 
     </span>
    </p>
   </div>
   <div class='ocr_carea' id='block_1_79' title="bbox 1922 1954 3503 2034">
    <p class='ocr_par' dir='ltr' id='par_1_79' title="bbox 1922 1954 3503 2034">
     <span class='ocr_line' id='line_1_79' title="bbox 1922 1954 3503 2034; baseline -0.008 -10"><span class='ocrx_word' id='word_1_536' title='bbox 1922 1985 1982 2024; x_wconf 92' lang='lat' dir='ltr'><strong>se</strong></span> <span class='ocrx_word' id='word_1_537' title='bbox 2004 1969 2210 2022; x_wconf 86' lang='lat' dir='ltr'><strong>habeat</strong></span> <span class='ocrx_word' id='word_1_538' title='bbox 2235 1967 2416 2022; x_wconf 86' lang='lat' dir='ltr'><strong>anima</strong></span> <span class='ocrx_word' id='word_1_539' title='bbox 2449 1975 2571 2032; x_wconf 90' lang='lat' dir='ltr'><strong>tua;</strong></span> <span class='ocrx_word' id='word_1_540' title='bbox 2593 1974 2645 2020; x_wconf 90' lang='lat' dir='ltr'><strong>et</strong></span> <span class='ocrx_word' id='word_1_541' title='bbox 2667 1967 2795 2034; x_wconf 88' lang='lat' dir='ltr'><strong>quia</strong></span> <span class='ocrx_word' id='word_1_542' title='bbox 2831 1964 3143 2019; x_wconf 83' lang='lat' dir='ltr'><strong>misericors</strong></span> <span class='ocrx_word' id='word_1_543' title='bbox 3176 1968 3280 2025; x_wconf 86' lang='lat' dir='ltr'><strong>est,</strong></span> <span class='ocrx_word' id='word_1_544' title='bbox 3310 1974 3416 2014; x_wconf 91' lang='lat' dir='ltr'><strong>non</strong></span> <span class='ocrx_word' id='word_1_545' title='bbox 3444 1954 3503 2012; x_wconf 82' lang='lat' dir='ltr'><strong>ei</strong></span> 
     </span>
    </p>
   </div>
   <div class='ocr_carea' id='block_1_80' title="bbox 1921 2050 3497 2129">
    <p class='ocr_par' dir='ltr' id='par_1_80' title="bbox 1921 2050 3497 2129">
     <span class='ocr_line' id='line_1_80' title="bbox 1921 2050 3497 2129; baseline -0.007 -17"><span class='ocrx_word' id='word_1_546' title='bbox 1921 2057 2180 2129; x_wconf 86' lang='lat' dir='ltr'><strong>placebit.</strong></span> <span class='ocrx_word' id='word_1_547' title='bbox 2219 2056 2373 2110; x_wconf 88' lang='lat' dir='ltr'><strong>Unde</strong></span> <span class='ocrx_word' id='word_1_548' title='bbox 2409 2055 2559 2108; x_wconf 90' lang='lat' dir='ltr'><strong>illum</strong></span> <span class='ocrx_word' id='word_1_549' title='bbox 2608 2054 2827 2124; x_wconf 86' lang='lat' dir='ltr'><strong>quidem</strong></span> <span class='ocrx_word' id='word_1_550' title='bbox 2881 2050 3278 2105; x_wconf 81' lang='lat' dir='ltr'><strong>afﬂictionibus</strong></span> <span class='ocrx_word' id='word_1_551' title='bbox 3303 2063 3497 2103; x_wconf 86' lang='lat' dir='ltr'><strong>emen-</strong></span> 
     </span>
    </p>
   </div>
   <div class='ocr_carea' id='block_1_81' title="bbox 1922 2143 3502 2211">
    <p class='ocr_par' dir='ltr' id='par_1_81' title="bbox 1922 2143 3502 2211">
     <span class='ocr_line' id='line_1_81' title="bbox 1922 2143 3502 2211; baseline -0.008 -7"><span class='ocrx_word' id='word_1_552' title='bbox 1922 2149 2108 2204; x_wconf 86' lang='lat' dir='ltr'><strong>datum</strong></span> <span class='ocrx_word' id='word_1_553' title='bbox 2135 2146 2482 2203; x_wconf 89' lang='lat' dir='ltr'><strong>miserebitur</strong></span> <span class='ocrx_word' id='word_1_554' title='bbox 2512 2165 2526 2211; x_wconf 91' lang='lat'><strong>;</strong></span> <span class='ocrx_word' id='word_1_555' title='bbox 2565 2147 2619 2199; x_wconf 94' lang='lat' dir='ltr'><strong>in</strong></span> <span class='ocrx_word' id='word_1_556' title='bbox 2651 2153 2704 2200; x_wconf 92' lang='lat' dir='ltr'><strong>te</strong></span> <span class='ocrx_word' id='word_1_557' title='bbox 2740 2152 2925 2199; x_wconf 87' lang='lat' dir='ltr'><strong>autem</strong></span> <span class='ocrx_word' id='word_1_558' title='bbox 2961 2157 3174 2197; x_wconf 91' lang='lat' dir='ltr'><strong>omnem</strong></span> <span class='ocrx_word' id='word_1_559' title='bbox 3210 2143 3346 2194; x_wconf 89' lang='lat' dir='ltr'><strong>iram</strong></span> <span class='ocrx_word' id='word_1_560' title='bbox 3371 2155 3502 2193; x_wconf 61' lang='lat' dir='ltr'><strong>conc</strong></span> 
     </span>
    </p>
   </div>
   <div class='ocr_carea' id='block_1_82' title="bbox 1921 2232 3497 2309">
    <p class='ocr_par' dir='ltr' id='par_1_82' title="bbox 1921 2232 3497 2309">
     <span class='ocr_line' id='line_1_82' title="bbox 1921 2232 3497 2309; baseline -0.004 -15"><span class='ocrx_word' id='word_1_561' title='bbox 1921 2248 2116 2309; x_wconf 82' lang='lat' dir='ltr'><strong>vertet,</strong></span> <span class='ocrx_word' id='word_1_562' title='bbox 2177 2255 2301 2296; x_wconf 90' lang='lat' dir='ltr'><strong>cum</strong></span> <span class='ocrx_word' id='word_1_563' title='bbox 2367 2239 2658 2308; x_wconf 81' lang='lat' dir='ltr'><strong>disciplina</strong></span> <span class='ocrx_word' id='word_1_564' title='bbox 2717 2237 2965 2307; x_wconf 79' lang='lat' dir='ltr'><strong>indigeas</strong></span> <span class='ocrx_word' id='word_1_565' title='bbox 3023 2233 3092 2288; x_wconf 86' lang='lat' dir='ltr'><strong>ad</strong></span> <span class='ocrx_word' id='word_1_566' title='bbox 3145 2232 3497 2288; x_wconf 50' lang='lat' dir='ltr'><strong>emendatiow</strong></span> 
     </span>
    </p>
   </div>
   <div class='ocr_carea' id='block_1_83' title="bbox 1923 2349 2070 2389">
    <p class='ocr_par' dir='ltr' id='par_1_83' title="bbox 1923 2349 2070 2389">
     <span class='ocr_line' id='line_1_83' title="bbox 1923 2349 2070 2389; baseline 0 -1"><span class='ocrx_word' id='word_1_567' title='bbox 1923 2349 2070 2389; x_wconf 91' lang='lat' dir='ltr'><strong>nem.</strong></span> 
     </span>
    </p>
   </div>
   <div class='ocr_carea' id='block_1_84' title="bbox 1992 2415 3502 2492">
    <p class='ocr_par' dir='ltr' id='par_1_84' title="bbox 1992 2415 3502 2492">
     <span class='ocr_line' id='line_1_84' title="bbox 1992 2415 3502 2492; baseline -0.01 -14"><span class='ocrx_word' id='word_1_568' title='bbox 1992 2425 2161 2481; x_wconf 76' lang='lat' dir='ltr'><strong>Vens.</strong></span> <span class='ocrx_word' id='word_1_569' title='bbox 2199 2420 2500 2487; x_wconf 72' lang='lat' dir='ltr'><strong>19,20.Nc</strong></span> <span class='ocrx_word' id='word_1_570' title='bbox 2549 2418 2780 2492; x_wconf 79' lang='lat' dir='ltr'><strong>gaudeas</strong></span> <span class='ocrx_word' id='word_1_571' title='bbox 2821 2417 2876 2468; x_wconf 83' lang='lat' dir='ltr'><strong>in</strong></span> <span class='ocrx_word' id='word_1_572' title='bbox 2917 2415 3369 2484; x_wconf 77' lang='lat' dir='ltr'><strong>malefactoribus,</strong></span> <span class='ocrx_word' id='word_1_573' title='bbox 3417 2427 3502 2464; x_wconf 77' lang='lat' dir='ltr'><strong>ne-</strong></span> 
     </span>
    </p>
   </div>
   <div class='ocr_carea' id='block_1_85' title="bbox 1920 2502 3500 2589">
    <p class='ocr_par' dir='ltr' id='par_1_85' title="bbox 1920 2502 3500 2589">
     <span class='ocr_line' id='line_1_85' title="bbox 1920 2502 3500 2589; baseline -0.013 -15"><span class='ocrx_word' id='word_1_574' title='bbox 1920 2534 2018 2589; x_wconf 85' lang='lat' dir='ltr'><strong>que</strong></span> <span class='ocrx_word' id='word_1_575' title='bbox 2057 2517 2322 2574; x_wconf 68' lang='lat' dir='ltr'><strong>temuleris</strong></span> <span class='ocrx_word' id='word_1_576' title='bbox 2389 2523 2707 2582; x_wconf 78' lang='lat' dir='ltr'><strong>peccatores.</strong></span> <span class='ocrx_word' id='word_1_577' title='bbox 2791 2509 2912 2561; x_wconf 82' lang='lat' dir='ltr'><strong>Non</strong></span> <span class='ocrx_word' id='word_1_578' title='bbox 2941 2508 3078 2560; x_wconf 87' lang='lat' dir='ltr'><strong>enim</strong></span> <span class='ocrx_word' id='word_1_579' title='bbox 3123 2507 3249 2574; x_wconf 78' lang='lat' dir='ltr'><strong>ﬁent</strong></span> <span class='ocrx_word' id='word_1_580' title='bbox 3301 2502 3500 2571; x_wconf 79' lang='lat' dir='ltr'><strong>posteri</strong></span> 
     </span>
    </p>
   </div>
   <div class='ocr_carea' id='block_1_86' title="bbox 1921 2589 3497 2678">
    <p class='ocr_par' dir='ltr' id='par_1_86' title="bbox 1921 2589 3497 2678">
     <span class='ocr_line' id='line_1_86' title="bbox 1921 2589 3497 2678; baseline -0.012 -16"><span class='ocrx_word' id='word_1_581' title='bbox 1921 2610 2228 2678; x_wconf 86' lang='lat' dir='ltr'><strong>malignis;</strong></span> <span class='ocrx_word' id='word_1_582' title='bbox 2269 2616 2318 2660; x_wconf 88' lang='lat' dir='ltr'><strong>et</strong></span> <span class='ocrx_word' id='word_1_583' title='bbox 2382 2605 2599 2658; x_wconf 88' lang='lat' dir='ltr'><strong>lucerna</strong></span> <span class='ocrx_word' id='word_1_584' title='bbox 2652 2602 2935 2671; x_wconf 83' lang='lat' dir='ltr'><strong>impiorum</strong></span> <span class='ocrx_word' id='word_1_585' title='bbox 2989 2596 3372 2664; x_wconf 75' lang='lat' dir='ltr'><strong>exstinguetur.</strong></span> <span class='ocrx_word' id='word_1_586' title='bbox 3421 2589 3497 2644; x_wconf 73' lang='lat' dir='ltr'><strong>Ne</strong></span> 
     </span>
    </p>
   </div>
   <div class='ocr_carea' id='block_1_87' title="bbox 1921 2684 3495 2772">
    <p class='ocr_par' dir='ltr' id='par_1_87' title="bbox 1921 2684 3495 2772">
     <span class='ocr_line' id='line_1_87' title="bbox 1921 2684 3495 2772; baseline -0.013 -16"><span class='ocrx_word' id='word_1_587' title='bbox 1921 2705 2158 2772; x_wconf 79' lang='lat' dir='ltr'><strong>gaudeas</strong></span> <span class='ocrx_word' id='word_1_588' title='bbox 2191 2700 2244 2753; x_wconf 90' lang='lat' dir='ltr'><strong>in</strong></span> <span class='ocrx_word' id='word_1_589' title='bbox 2275 2697 2576 2766; x_wconf 80' lang='lat' dir='ltr'><strong>magistris,</strong></span> <span class='ocrx_word' id='word_1_590' title='bbox 2605 2695 2699 2764; x_wconf 89' lang='lat' dir='ltr'><strong>qui</strong></span> <span class='ocrx_word' id='word_1_591' title='bbox 2749 2690 2996 2748; x_wconf 90' lang='lat' dir='ltr'><strong>consiliis</strong></span> <span class='ocrx_word' id='word_1_592' title='bbox 3037 2689 3154 2743; x_wconf 89' lang='lat' dir='ltr'><strong>suis</strong></span> <span class='ocrx_word' id='word_1_593' title='bbox 3201 2695 3254 2740; x_wconf 90' lang='lat' dir='ltr'><strong>te</strong></span> <span class='ocrx_word' id='word_1_594' title='bbox 3293 2684 3495 2737; x_wconf 86' lang='lat' dir='ltr'><strong>malum</strong></span> 
     </span>
    </p>
   </div>
   <div class='ocr_carea' id='block_1_88' title="bbox 1921 2778 3498 2855">
    <p class='ocr_par' dir='ltr' id='par_1_88' title="bbox 1921 2778 3498 2855">
     <span class='ocr_line' id='line_1_88' title="bbox 1921 2778 3498 2855; baseline -0.013 -9"><span class='ocrx_word' id='word_1_595' title='bbox 1921 2791 2186 2855; x_wconf 84' lang='lat' dir='ltr'><strong>elliciunt,</strong></span> <span class='ocrx_word' id='word_1_596' title='bbox 2217 2796 2272 2844; x_wconf 91' lang='lat' dir='ltr'><strong>et</strong></span> <span class='ocrx_word' id='word_1_597' title='bbox 2297 2788 2407 2841; x_wconf 91' lang='lat' dir='ltr'><strong>noli</strong></span> <span class='ocrx_word' id='word_1_598' title='bbox 2461 2786 2661 2839; x_wconf 89' lang='lat' dir='ltr'><strong>imitari</strong></span> <span class='ocrx_word' id='word_1_599' title='bbox 2685 2799 2780 2838; x_wconf 92' lang='lat' dir='ltr'><strong>eos</strong></span> <span class='ocrx_word' id='word_1_600' title='bbox 2817 2781 2915 2852; x_wconf 87' lang='lat' dir='ltr'><strong>qui</strong></span> <span class='ocrx_word' id='word_1_601' title='bbox 2962 2779 3016 2834; x_wconf 89' lang='lat' dir='ltr'><strong>in</strong></span> <span class='ocrx_word' id='word_1_602' title='bbox 3058 2778 3276 2834; x_wconf 89' lang='lat' dir='ltr'><strong>actibus</strong></span> <span class='ocrx_word' id='word_1_603' title='bbox 3310 2790 3340 2829; x_wconf 87' lang='lat' dir='ltr'><strong>a</strong></span> <span class='ocrx_word' id='word_1_604' title='bbox 3369 2787 3498 2828; x_wconf 85' lang='lat' dir='ltr'><strong>vero</strong></span> 
     </span>
    </p>
   </div>
   <div class='ocr_carea' id='block_1_89' title="bbox 1923 2860 3497 2940">
    <p class='ocr_par' dir='ltr' id='par_1_89' title="bbox 1923 2860 3497 2940">
     <span class='ocr_line' id='line_1_89' title="bbox 1923 2860 3497 2940; baseline -0.014 -5"><span class='ocrx_word' id='word_1_605' title='bbox 1923 2881 2066 2935; x_wconf 88' lang='lat' dir='ltr'><strong>bono</strong></span> <span class='ocrx_word' id='word_1_606' title='bbox 2091 2892 2213 2934; x_wconf 85' lang='lat' dir='ltr'><strong>sese</strong></span> <span class='ocrx_word' id='word_1_607' title='bbox 2247 2883 2546 2940; x_wconf 88' lang='lat' dir='ltr'><strong>avertunt;</strong></span> <span class='ocrx_word' id='word_1_608' title='bbox 2602 2889 2668 2927; x_wconf 79' lang='lat' dir='ltr'><strong>ex</strong></span> <span class='ocrx_word' id='word_1_609' title='bbox 2724 2872 2816 2924; x_wconf 89' lang='lat' dir='ltr'><strong>tali</strong></span> <span class='ocrx_word' id='word_1_610' title='bbox 2861 2869 3004 2926; x_wconf 91' lang='lat' dir='ltr'><strong>enim</strong></span> <span class='ocrx_word' id='word_1_611' title='bbox 3063 2865 3314 2921; x_wconf 85' lang='lat' dir='ltr'><strong>doctrina</strong></span> <span class='ocrx_word' id='word_1_612' title='bbox 3361 2860 3497 2914; x_wconf 89' lang='lat' dir='ltr'><strong>nihil</strong></span> 
     </span>
    </p>
   </div>
   <div class='ocr_carea' id='block_1_90' title="bbox 1922 2953 3492 3043">
    <p class='ocr_par' dir='ltr' id='par_1_90' title="bbox 1922 2953 3492 3043">
     <span class='ocr_line' id='line_1_90' title="bbox 1922 2953 3492 3043; baseline -0.014 -15"><span class='ocrx_word' id='word_1_613' title='bbox 1922 2972 2169 3043; x_wconf 84' lang='lat' dir='ltr'><strong>proferes</strong></span> <span class='ocrx_word' id='word_1_614' title='bbox 2196 2986 2210 3035; x_wconf 90' lang='lat'><strong>;</strong></span> <span class='ocrx_word' id='word_1_615' title='bbox 2238 2977 2291 3023; x_wconf 91' lang='lat' dir='ltr'><strong>et</strong></span> <span class='ocrx_word' id='word_1_616' title='bbox 2328 2967 2638 3035; x_wconf 88' lang='lat' dir='ltr'><strong>voluptates</strong></span> <span class='ocrx_word' id='word_1_617' title='bbox 2672 2963 2866 3016; x_wconf 84' lang='lat' dir='ltr'><strong>breves</strong></span> <span class='ocrx_word' id='word_1_618' title='bbox 2890 2969 2944 3016; x_wconf 90' lang='lat' dir='ltr'><strong>et</strong></span> <span class='ocrx_word' id='word_1_619' title='bbox 2978 2958 3154 3030; x_wconf 79' lang='lat' dir='ltr'><strong>gloria</strong></span> <span class='ocrx_word' id='word_1_620' title='bbox 3182 2969 3370 3011; x_wconf 90' lang='lat' dir='ltr'><strong>eorum</strong></span> <span class='ocrx_word' id='word_1_621' title='bbox 3402 2953 3492 3021; x_wconf 86' lang='lat' dir='ltr'><strong>qui</strong></span> 
     </span>
    </p>
   </div>
   <div class='ocr_carea' id='block_1_91' title="bbox 1921 3046 3515 3126">
    <p class='ocr_par' dir='ltr' id='par_1_91' title="bbox 1921 3046 3515 3126">
     <span class='ocr_line' id='line_1_91' title="bbox 1921 3046 3515 3126; baseline -0.015 -8"><span class='ocrx_word' id='word_1_622' title='bbox 1921 3079 2113 3118; x_wconf 88' lang='lat' dir='ltr'><strong>verum</strong></span> <span class='ocrx_word' id='word_1_623' title='bbox 2147 3062 2353 3117; x_wconf 90' lang='lat' dir='ltr'><strong>bonum</strong></span> <span class='ocrx_word' id='word_1_624' title='bbox 2387 3074 2495 3112; x_wconf 90' lang='lat' dir='ltr'><strong>non</strong></span> <span class='ocrx_word' id='word_1_625' title='bbox 2536 3063 2792 3126; x_wconf 63' lang='lat' dir='ltr'><strong>quaerunt</strong></span> <span class='ocrx_word' id='word_1_626' title='bbox 2826 3059 2881 3108; x_wconf 87' lang='lat' dir='ltr'><strong>et</strong></span> <span class='ocrx_word' id='word_1_627' title='bbox 2913 3050 3192 3121; x_wconf 79' lang='lat' dir='ltr'><strong>rejiciunt,</strong></span> <span class='ocrx_word' id='word_1_628' title='bbox 3224 3046 3336 3100; x_wconf 84' lang='lat' dir='ltr'><strong>cito</strong></span> <span class='ocrx_word' id='word_1_629' title='bbox 3373 3057 3515 3098; x_wconf 75' lang='lat' dir='ltr'><strong>eva--</strong></span> 
     </span>
    </p>
   </div>
   <div class='ocr_carea' id='block_1_92' title="bbox 1924 3165 2169 3212">
    <p class='ocr_par' dir='ltr' id='par_1_92' title="bbox 1924 3165 2169 3212">
     <span class='ocr_line' id='line_1_92' title="bbox 1924 3165 2169 3212; baseline -0.016 0"><span class='ocrx_word' id='word_1_630' title='bbox 1924 3165 2169 3212; x_wconf 74' lang='grc' dir='ltr'>ιιθεοεηι.</span> 
     </span>
    </p>
   </div>
   <div class='ocr_carea' id='block_1_93' title="bbox 1997 3315 3526 3392">
    <p class='ocr_par' dir='ltr' id='par_1_93' title="bbox 1997 3315 3526 3392">
     <span class='ocr_line' id='line_1_93' title="bbox 1997 3315 3526 3392; baseline -0.019 -6"><span class='ocrx_word' id='word_1_631' title='bbox 1997 3330 2162 3386; x_wconf 71' lang='lat' dir='ltr'><strong>Vens.</strong></span> <span class='ocrx_word' id='word_1_632' title='bbox 2191 3329 2284 3392; x_wconf 72' lang='grc'><strong>21,</strong></span> <span class='ocrx_word' id='word_1_633' title='bbox 2308 3328 2398 3384; x_wconf 70' lang='grc'><strong>22.</strong></span> <span class='ocrx_word' id='word_1_634' title='bbox 2435 3327 2579 3380; x_wconf 86' lang='lat' dir='ltr'><strong>Time</strong></span> <span class='ocrx_word' id='word_1_635' title='bbox 2618 3322 2921 3385; x_wconf 88' lang='lat' dir='ltr'><strong>Dominum,</strong></span> <span class='ocrx_word' id='word_1_636' title='bbox 2953 3317 3032 3386; x_wconf 81' lang='lat' dir='ltr'><strong>ﬁli</strong></span> <span class='ocrx_word' id='word_1_637' title='bbox 3083 3315 3177 3376; x_wconf 87' lang='lat' dir='ltr'><strong>mi,</strong></span> <span class='ocrx_word' id='word_1_638' title='bbox 3208 3321 3256 3366; x_wconf 90' lang='lat' dir='ltr'><strong>et</strong></span> <span class='ocrx_word' id='word_1_639' title='bbox 3307 3323 3526 3378; x_wconf 65' lang='lat' dir='ltr'><strong>regem,.</strong></span> 
     </span>
    </p>
   </div>
   <div class='ocr_carea' id='block_1_94' title="bbox 1924 3398 3501 3480">
    <p class='ocr_par' dir='ltr' id='par_1_94' title="bbox 1924 3398 3501 3480">
     <span class='ocr_line' id='line_1_94' title="bbox 1924 3398 3501 3480; baseline -0.018 -1"><span class='ocrx_word' id='word_1_640' title='bbox 1924 3433 1974 3480; x_wconf 87' lang='lat' dir='ltr'><strong>et</strong></span> <span class='ocrx_word' id='word_1_641' title='bbox 2030 3421 2205 3476; x_wconf 77' lang='lat' dir='ltr'><strong>neutri</strong></span> <span class='ocrx_word' id='word_1_642' title='bbox 2257 3433 2437 3474; x_wconf 85' lang='lat' dir='ltr'><strong>eorum</strong></span> <span class='ocrx_word' id='word_1_643' title='bbox 2478 3418 2554 3470; x_wconf 85' lang='lat' dir='ltr'><strong>sis</strong></span> <span class='ocrx_word' id='word_1_644' title='bbox 2605 3411 2930 3467; x_wconf 83' lang='lat' dir='ltr'><strong>inobediens.</strong></span> <span class='ocrx_word' id='word_1_645' title='bbox 2985 3407 3171 3462; x_wconf 85' lang='lat' dir='ltr'><strong>Subito</strong></span> <span class='ocrx_word' id='word_1_646' title='bbox 3223 3403 3362 3458; x_wconf 88' lang='lat' dir='ltr'><strong>enim</strong></span> <span class='ocrx_word' id='word_1_647' title='bbox 3410 3398 3501 3452; x_wconf 82' lang='lat' dir='ltr'><strong>ul-</strong></span> 
     </span>
    </p>
   </div>
   <div class='ocr_carea' id='block_1_95' title="bbox 1925 3485 3531 3577">
    <p class='ocr_par' dir='ltr' id='par_1_95' title="bbox 1925 3485 3531 3577">
     <span class='ocr_line' id='line_1_95' title="bbox 1925 3485 3531 3577; baseline -0.017 -11"><span class='ocrx_word' id='word_1_648' title='bbox 1925 3513 2188 3565; x_wconf 83' lang='lat' dir='ltr'><strong>ciscentur</strong></span> <span class='ocrx_word' id='word_1_649' title='bbox 2221 3508 2432 3577; x_wconf 83' lang='lat' dir='ltr'><strong>impios,</strong></span> <span class='ocrx_word' id='word_1_650' title='bbox 2467 3513 2517 3558; x_wconf 90' lang='lat' dir='ltr'><strong>ct</strong></span> <span class='ocrx_word' id='word_1_651' title='bbox 2555 3501 2818 3571; x_wconf 82' lang='lat' dir='ltr'><strong>supplicia</strong></span> <span class='ocrx_word' id='word_1_652' title='bbox 2861 3497 3135 3564; x_wconf 84' lang='lat' dir='ltr'><strong>utriusque</strong></span> <span class='ocrx_word' id='word_1_653' title='bbox 3162 3492 3277 3561; x_wconf 87' lang='lat' dir='ltr'><strong>quis</strong></span> <span class='ocrx_word' id='word_1_654' title='bbox 3315 3485 3531 3542; x_wconf 75' lang='lat' dir='ltr'><strong>novit?&quot;</strong></span> 
     </span>
    </p>
   </div>
   <div class='ocr_carea' id='block_1_96' title="bbox 1928 3583 3526 3670">
    <p class='ocr_par' dir='ltr' id='par_1_96' title="bbox 1928 3583 3526 3670">
     <span class='ocr_line' id='line_1_96' title="bbox 1928 3583 3526 3670; baseline -0.016 -14"><span class='ocrx_word' id='word_1_655' title='bbox 1928 3600 2028 3656; x_wconf 82' lang='lat' dir='ltr'><strong>Fili</strong></span> <span class='ocrx_word' id='word_1_656' title='bbox 2061 3599 2386 3670; x_wconf 85' lang='lat' dir='ltr'><strong>spiritualis,</strong></span> <span class='ocrx_word' id='word_1_657' title='bbox 2439 3611 2508 3651; x_wconf 89' lang='lat' dir='ltr'><strong>ne</strong></span> <span class='ocrx_word' id='word_1_658' title='bbox 2564 3604 2885 3649; x_wconf 84' lang='lat' dir='ltr'><strong>contemnas</strong></span> <span class='ocrx_word' id='word_1_659' title='bbox 2912 3587 3086 3641; x_wconf 91' lang='lat' dir='ltr'><strong>Deum</strong></span> <span class='ocrx_word' id='word_1_660' title='bbox 3119 3583 3213 3654; x_wconf 91' lang='lat' dir='ltr'><strong>qui</strong></span> <span class='ocrx_word' id='word_1_661' title='bbox 3257 3587 3526 3650; x_wconf 62' lang='lat' dir='ltr'><strong>potesta-</strong></span> 
     </span>
    </p>
   </div>
   <div class='ocr_carea' id='block_1_97' title="bbox 1927 3677 3523 3747">
    <p class='ocr_par' dir='ltr' id='par_1_97' title="bbox 1927 3677 3523 3747">
     <span class='ocr_line' id='line_1_97' title="bbox 1927 3677 3523 3747; baseline -0.02 0"><span class='ocrx_word' id='word_1_662' title='bbox 1927 3701 2037 3747; x_wconf 90' lang='lat' dir='ltr'><strong>tem</strong></span> <span class='ocrx_word' id='word_1_663' title='bbox 2067 3691 2234 3745; x_wconf 87' lang='lat' dir='ltr'><strong>habet</strong></span> <span class='ocrx_word' id='word_1_664' title='bbox 2275 3697 2388 3742; x_wconf 90' lang='lat' dir='ltr'><strong>tum</strong></span> <span class='ocrx_word' id='word_1_665' title='bbox 2419 3685 2614 3738; x_wconf 70' lang='lat' dir='ltr'><strong>animae</strong></span> <span class='ocrx_word' id='word_1_666' title='bbox 2645 3695 2756 3736; x_wconf 92' lang='lat' dir='ltr'><strong>tum</strong></span> <span class='ocrx_word' id='word_1_667' title='bbox 2783 3677 3052 3747; x_wconf 81' lang='lat' dir='ltr'><strong>corporis,</strong></span> <span class='ocrx_word' id='word_1_668' title='bbox 3077 3686 3256 3742; x_wconf 84' lang='lat' dir='ltr'><strong>neque</strong></span> <span class='ocrx_word' id='word_1_669' title='bbox 3293 3681 3523 3738; x_wconf 56' lang='lat' dir='ltr'><strong>regem,</strong></span> 
     </span>
    </p>
   </div>
   <div class='ocr_carea' id='block_1_98' title="bbox 1927 3773 3502 3854">
    <p class='ocr_par' dir='ltr' id='par_1_98' title="bbox 1927 3773 3502 3854">
     <span class='ocr_line' id='line_1_98' title="bbox 1927 3773 3502 3854; baseline -0.017 -17"><span class='ocrx_word' id='word_1_670' title='bbox 1927 3782 2021 3854; x_wconf 92' lang='lat' dir='ltr'><strong>qui</strong></span> <span class='ocrx_word' id='word_1_671' title='bbox 2073 3779 2323 3848; x_wconf 89' lang='lat' dir='ltr'><strong>corporis</strong></span> <span class='ocrx_word' id='word_1_672' title='bbox 2375 3784 2586 3830; x_wconf 90' lang='lat' dir='ltr'><strong>tantum</strong></span> <span class='ocrx_word' id='word_1_673' title='bbox 2655 3773 2818 3828; x_wconf 90' lang='lat' dir='ltr'><strong>habet</strong></span> <span class='ocrx_word' id='word_1_674' title='bbox 2876 3773 3260 3840; x_wconf 85' lang='lat' dir='ltr'><strong>potestatem;</strong></span> <span class='ocrx_word' id='word_1_675' title='bbox 3320 3773 3502 3826; x_wconf 84' lang='lat' dir='ltr'><strong>neque</strong></span> 
     </span>
    </p>
   </div>
   <div class='ocr_carea' id='block_1_99' title="bbox 1929 3855 3515 3938">
    <p class='ocr_par' dir='ltr' id='par_1_99' title="bbox 1929 3855 3515 3938">
     <span class='ocr_line' id='line_1_99' title="bbox 1929 3855 3515 3938; baseline -0.016 -10"><span class='ocrx_word' id='word_1_676' title='bbox 1929 3874 2186 3930; x_wconf 86' lang='lat' dir='ltr'><strong>mandata</strong></span> <span class='ocrx_word' id='word_1_677' title='bbox 2208 3870 2497 3938; x_wconf 87' lang='lat' dir='ltr'><strong>utriusque</strong></span> <span class='ocrx_word' id='word_1_678' title='bbox 2515 3866 2702 3926; x_wconf 85' lang='lat' dir='ltr'><strong>audire</strong></span> <span class='ocrx_word' id='word_1_679' title='bbox 2733 3878 2797 3918; x_wconf 90' lang='lat' dir='ltr'><strong>ac</strong></span> <span class='ocrx_word' id='word_1_680' title='bbox 2823 3860 3047 3930; x_wconf 84' lang='lat' dir='ltr'><strong>implere</strong></span> <span class='ocrx_word' id='word_1_681' title='bbox 3083 3855 3361 3926; x_wconf 74' lang='lat' dir='ltr'><strong>negligas;</strong></span> <span class='ocrx_word' id='word_1_682' title='bbox 3402 3865 3515 3905; x_wconf 75' lang='grc' dir='ltr'>ευ·-</span> 
     </span>
    </p>
   </div>
   <div class='ocr_carea' id='block_1_100' title="bbox 1927 3955 3521 4031">
    <p class='ocr_par' dir='ltr' id='par_1_100' title="bbox 1927 3955 3521 4031">
     <span class='ocr_line' id='line_1_100' title="bbox 1927 3955 3521 4031; baseline -0.017 -10"><span class='ocrx_word' id='word_1_683' title='bbox 1927 3965 2047 4022; x_wconf 84' lang='lat' dir='ltr'><strong>bito</strong></span> <span class='ocrx_word' id='word_1_684' title='bbox 2075 3962 2222 4018; x_wconf 90' lang='lat' dir='ltr'><strong>enim</strong></span> <span class='ocrx_word' id='word_1_685' title='bbox 2257 3975 2446 4031; x_wconf 69' lang='lat' dir='ltr'><strong>plenas</strong></span> <span class='ocrx_word' id='word_1_686' title='bbox 2481 3960 2686 4013; x_wconf 87' lang='lat' dir='ltr'><strong>dabunt</strong></span> <span class='ocrx_word' id='word_1_687' title='bbox 2718 3955 2810 4027; x_wconf 91' lang='lat' dir='ltr'><strong>qui</strong></span> <span class='ocrx_word' id='word_1_688' title='bbox 2846 3968 2952 4007; x_wconf 88' lang='lat' dir='ltr'><strong>non</strong></span> <span class='ocrx_word' id='word_1_689' title='bbox 2997 3956 3330 4004; x_wconf 89' lang='lat' dir='ltr'><strong>venerantur</strong></span> <span class='ocrx_word' id='word_1_690' title='bbox 3367 3957 3521 4005; x_wconf 82' lang='lat' dir='ltr'><strong>eos;.</strong></span> 
     </span>
    </p>
   </div>
   <div class='ocr_carea' id='block_1_101' title="bbox 1929 4036 3521 4125">
    <p class='ocr_par' dir='ltr' id='par_1_101' title="bbox 1929 4036 3521 4125">
     <span class='ocr_line' id='line_1_101' title="bbox 1929 4036 3521 4125; baseline -0.016 -12"><span class='ocrx_word' id='word_1_691' title='bbox 1929 4055 2204 4125; x_wconf 84' lang='lat' dir='ltr'><strong>supplicia</strong></span> <span class='ocrx_word' id='word_1_692' title='bbox 2229 4063 2412 4108; x_wconf 89' lang='lat' dir='ltr'><strong>autem</strong></span> <span class='ocrx_word' id='word_1_693' title='bbox 2463 4065 2584 4121; x_wconf 71' lang='lat' dir='ltr'><strong>qua:</strong></span> <span class='ocrx_word' id='word_1_694' title='bbox 2629 4048 2684 4102; x_wconf 92' lang='lat' dir='ltr'><strong>in</strong></span> <span class='ocrx_word' id='word_1_695' title='bbox 2739 4054 3184 4113; x_wconf 81' lang='lat' dir='ltr'><strong>transgressores</strong></span> <span class='ocrx_word' id='word_1_696' title='bbox 3215 4036 3521 4096; x_wconf 73' lang='lat' dir='ltr'><strong>inducent,.</strong></span> 
     </span>
    </p>
   </div>
   <div class='ocr_carea' id='block_1_102' title="bbox 1928 4129 3518 4211">
    <p class='ocr_par' dir='ltr' id='par_1_102' title="bbox 1928 4129 3518 4211">
     <span class='ocr_line' id='line_1_102' title="bbox 1928 4129 3518 4211; baseline -0.015 -9"><span class='ocrx_word' id='word_1_697' title='bbox 1928 4162 2091 4202; x_wconf 89' lang='lat' dir='ltr'><strong>nemo</strong></span> <span class='ocrx_word' id='word_1_698' title='bbox 2119 4147 2190 4200; x_wconf 88' lang='lat' dir='ltr'><strong>ob</strong></span> <span class='ocrx_word' id='word_1_699' title='bbox 2223 4144 2460 4200; x_wconf 89' lang='lat' dir='ltr'><strong>obscura</strong></span> <span class='ocrx_word' id='word_1_700' title='bbox 2508 4150 2758 4211; x_wconf 89' lang='lat' dir='ltr'><strong>tempora</strong></span> <span class='ocrx_word' id='word_1_701' title='bbox 2789 4135 3107 4205; x_wconf 74' lang='lat' dir='ltr'><strong>excogitare</strong></span> <span class='ocrx_word' id='word_1_702' title='bbox 3139 4129 3374 4202; x_wconf 84' lang='lat' dir='ltr'><strong>poterit;</strong></span> <span class='ocrx_word' id='word_1_703' title='bbox 3415 4131 3518 4188; x_wconf 76' lang='lat' dir='ltr'><strong>ut...</strong></span> 
     </span>
    </p>
   </div>
   <div class='ocr_carea' id='block_1_103' title="bbox 1929 4217 3514 4310">
    <p class='ocr_par' dir='ltr' id='par_1_103' title="bbox 1929 4217 3514 4310">
     <span class='ocr_line' id='line_1_103' title="bbox 1929 4217 3514 4310; baseline -0.017 -16"><span class='ocrx_word' id='word_1_704' title='bbox 1929 4249 2220 4310; x_wconf 84' lang='lat' dir='ltr'><strong>antequam</strong></span> <span class='ocrx_word' id='word_1_705' title='bbox 2253 4235 2512 4308; x_wconf 89' lang='lat' dir='ltr'><strong>puniatur</strong></span> <span class='ocrx_word' id='word_1_706' title='bbox 2541 4232 2866 4289; x_wconf 86' lang='lat' dir='ltr'><strong>emendatos</strong></span> <span class='ocrx_word' id='word_1_707' title='bbox 2887 4242 2984 4284; x_wconf 87' lang='lat' dir='ltr'><strong>eos</strong></span> <span class='ocrx_word' id='word_1_708' title='bbox 3018 4223 3124 4281; x_wconf 87' lang='lat' dir='ltr'><strong>sibi</strong></span> <span class='ocrx_word' id='word_1_709' title='bbox 3159 4217 3514 4277; x_wconf 66' lang='lat' dir='ltr'><strong>reconciliet-</strong></span> 
     </span>
    </p>
   </div>
   <div class='ocr_carea' id='block_1_104' title="bbox 2013 4474 3531 4560">
    <p class='ocr_par' dir='ltr' id='par_1_104' title="bbox 2013 4474 3531 4560">
     <span class='ocr_line' id='line_1_104' title="bbox 2013 4474 3531 4560; baseline -0.019 -5"><span class='ocrx_word' id='word_1_710' title='bbox 2013 4499 2233 4554; x_wconf 78' lang='lat' dir='ltr'><strong>Verbum</strong></span> <span class='ocrx_word' id='word_1_711' title='bbox 2273 4493 2571 4550; x_wconf 83' lang='lat' dir='ltr'><strong>custodiens</strong></span> <span class='ocrx_word' id='word_1_712' title='bbox 2603 4491 2748 4560; x_wconf 81' lang='lat' dir='ltr'><strong>ﬁlius</strong></span> <span class='ocrx_word' id='word_1_713' title='bbox 2787 4494 2941 4542; x_wconf 70' lang='lat' dir='ltr'><strong>extra</strong></span> <span class='ocrx_word' id='word_1_714' title='bbox 2983 4480 3330 4550; x_wconf 86' lang='lat' dir='ltr'><strong>perditionem</strong></span> <span class='ocrx_word' id='word_1_715' title='bbox 3361 4474 3461 4530; x_wconf 89' lang='lat' dir='ltr'><strong>erit</strong></span> <span class='ocrx_word' id='word_1_716' title='bbox 3484 4491 3531 4541; x_wconf 85' lang='lat'><strong>;:</strong></span> 
     </span>
    </p>
   </div>
   <div class='ocr_carea' id='block_1_105' title="bbox 1929 4569 3528 4662">
    <p class='ocr_par' dir='ltr' id='par_1_105' title="bbox 1929 4569 3528 4662">
     <span class='ocr_line' id='line_1_105' title="bbox 1929 4569 3528 4662; baseline -0.018 -14"><span class='ocrx_word' id='word_1_717' title='bbox 1929 4594 2190 4662; x_wconf 77' lang='lat' dir='ltr'><strong>excipiens</strong></span> <span class='ocrx_word' id='word_1_718' title='bbox 2247 4597 2422 4643; x_wconf 86' lang='lat' dir='ltr'><strong>autem</strong></span> <span class='ocrx_word' id='word_1_719' title='bbox 2476 4585 2676 4653; x_wconf 76' lang='lat' dir='ltr'><strong>excepit</strong></span> <span class='ocrx_word' id='word_1_720' title='bbox 2723 4579 2880 4636; x_wconf 85' lang='lat' dir='ltr'><strong>illud.</strong></span> <span class='ocrx_word' id='word_1_721' title='bbox 2926 4578 3030 4644; x_wconf 88' lang='lat' dir='ltr'><strong>Qui</strong></span> <span class='ocrx_word' id='word_1_722' title='bbox 3063 4589 3161 4645; x_wconf 90' lang='lat' dir='ltr'><strong>per</strong></span> <span class='ocrx_word' id='word_1_723' title='bbox 3198 4569 3528 4662; x_wconf 50' lang='lat' dir='ltr'><strong>custodiatis:</strong></span> 
     </span>
    </p>
   </div>
   <div class='ocr_carea' id='block_1_106' title="bbox 1931 4661 3530 4740">
    <p class='ocr_par' dir='ltr' id='par_1_106' title="bbox 1931 4661 3530 4740">
     <span class='ocr_line' id='line_1_106' title="bbox 1931 4661 3530 4740; baseline -0.018 1"><span class='ocrx_word' id='word_1_724' title='bbox 1931 4661 2314 4740; x_wconf 79' lang='lat' dir='ltr'><strong>mandatorum</strong></span> <span class='ocrx_word' id='word_1_725' title='bbox 2370 4679 2464 4734; x_wconf 90' lang='lat' dir='ltr'><strong>Dei</strong></span> <span class='ocrx_word' id='word_1_726' title='bbox 2516 4676 2691 4731; x_wconf 88' lang='lat' dir='ltr'><strong>Filius</strong></span> <span class='ocrx_word' id='word_1_727' title='bbox 2748 4672 3048 4729; x_wconf 89' lang='lat' dir='ltr'><strong>secundum</strong></span> <span class='ocrx_word' id='word_1_728' title='bbox 3099 4667 3333 4737; x_wconf 78' lang='lat' dir='ltr'><strong>gratiam</strong></span> <span class='ocrx_word' id='word_1_729' title='bbox 3386 4661 3530 4715; x_wconf 84' lang='lat' dir='ltr'><strong>ﬁeri.</strong></span> 
     </span>
    </p>
   </div>
   <div class='ocr_carea' id='block_1_107' title="bbox 1930 4750 3523 4842">
    <p class='ocr_par' dir='ltr' id='par_1_107' title="bbox 1930 4750 3523 4842">
     <span class='ocr_line' id='line_1_107' title="bbox 1930 4750 3523 4842; baseline -0.018 -11"><span class='ocrx_word' id='word_1_730' title='bbox 1930 4774 2154 4839; x_wconf 88' lang='lat' dir='ltr'><strong>meruit,</strong></span> <span class='ocrx_word' id='word_1_731' title='bbox 2202 4788 2234 4826; x_wconf 89' lang='lat' dir='ltr'><strong>a</strong></span> <span class='ocrx_word' id='word_1_732' title='bbox 2297 4768 2543 4842; x_wconf 85' lang='lat' dir='ltr'><strong>periculo</strong></span> <span class='ocrx_word' id='word_1_733' title='bbox 2605 4754 3228 4837; x_wconf 37' lang='lat' dir='ltr'><strong>peccati‘liberabitur;</strong></span> <span class='ocrx_word' id='word_1_734' title='bbox 3293 4750 3523 4820; x_wconf 67' lang='lat' dir='ltr'><strong>excepit:</strong></span> 
     </span>
    </p>
   </div>
   <div class='ocr_carea' id='block_1_108' title="bbox 1931 4845 3048 4934">
    <p class='ocr_par' dir='ltr' id='par_1_108' title="bbox 1931 4845 3048 4934">
     <span class='ocr_line' id='line_1_108' title="bbox 1931 4845 3048 4934; baseline -0.013 -11"><span class='ocrx_word' id='word_1_735' title='bbox 1931 4875 2118 4923; x_wconf 88' lang='lat' dir='ltr'><strong>autem</strong></span> <span class='ocrx_word' id='word_1_736' title='bbox 2151 4866 2244 4920; x_wconf 89' lang='lat' dir='ltr'><strong>illa</strong></span> <span class='ocrx_word' id='word_1_737' title='bbox 2275 4865 2330 4919; x_wconf 87' lang='lat' dir='ltr'><strong>in</strong></span> <span class='ocrx_word' id='word_1_738' title='bbox 2357 4845 2644 4934; x_wconf 82' lang='lat' dir='ltr'><strong>profundo</strong></span> <span class='ocrx_word' id='word_1_739' title='bbox 2679 4857 2880 4915; x_wconf 91' lang='lat' dir='ltr'><strong>mentis</strong></span> <span class='ocrx_word' id='word_1_740' title='bbox 2904 4855 3048 4926; x_wconf 86' lang='lat' dir='ltr'><strong>ejus.</strong></span> 
     </span>
    </p>
   </div>
   <div class='ocr_carea' id='block_1_109' title="bbox 2005 5033 3514 5117">
    <p class='ocr_par' dir='ltr' id='par_1_109' title="bbox 2005 5033 3514 5117">
     <span class='ocr_line' id='line_1_109' title="bbox 2005 5033 3514 5117; baseline -0.011 -14"><span class='ocrx_word' id='word_1_741' title='bbox 2005 5047 2157 5103; x_wconf 83' lang='lat' dir='ltr'><strong>Nihil</strong></span> <span class='ocrx_word' id='word_1_742' title='bbox 2191 5047 2320 5117; x_wconf 80' lang='lat' dir='ltr'><strong>falsi</strong></span> <span class='ocrx_word' id='word_1_743' title='bbox 2341 5045 2405 5101; x_wconf 85' lang='lat' dir='ltr'><strong>de</strong></span> <span class='ocrx_word' id='word_1_744' title='bbox 2422 5063 2510 5101; x_wconf 87' lang='lat' dir='ltr'><strong>ore</strong></span> <span class='ocrx_word' id='word_1_745' title='bbox 2530 5045 2638 5116; x_wconf 80' lang='lat' dir='ltr'><strong>regi</strong></span> <span class='ocrx_word' id='word_1_746' title='bbox 2666 5044 2900 5104; x_wconf 84' lang='lat' dir='ltr'><strong>dicatur,</strong></span> <span class='ocrx_word' id='word_1_747' title='bbox 2924 5049 2972 5095; x_wconf 87' lang='lat' dir='ltr'><strong>et</strong></span> <span class='ocrx_word' id='word_1_748' title='bbox 3004 5036 3138 5092; x_wconf 81' lang='lat' dir='ltr'><strong>nihil</strong></span> <span class='ocrx_word' id='word_1_749' title='bbox 3161 5033 3292 5104; x_wconf 79' lang='lat' dir='ltr'><strong>falsi</strong></span> <span class='ocrx_word' id='word_1_750' title='bbox 3321 5047 3383 5087; x_wconf 67' lang='grc' dir='ltr'>επ</span> <span class='ocrx_word' id='word_1_751' title='bbox 3412 5033 3514 5086; x_wconf 62' lang='lat' dir='ltr'><strong>lino</strong></span> 
     </span>
    </p>
   </div>
   <div class='ocr_carea' id='block_1_110' title="bbox 1932 5124 3576 5211">
    <p class='ocr_par' dir='ltr' id='par_1_110' title="bbox 1932 5124 3576 5211">
     <span class='ocr_line' id='line_1_110' title="bbox 1932 5124 3576 5211; baseline -0.011 -16"><span class='ocrx_word' id='word_1_752' title='bbox 1932 5157 2035 5211; x_wconf 86' lang='lat' dir='ltr'><strong>gua</strong></span> <span class='ocrx_word' id='word_1_753' title='bbox 2066 5140 2231 5211; x_wconf 80' lang='lat' dir='ltr'><strong>ipsius</strong></span> <span class='ocrx_word' id='word_1_754' title='bbox 2259 5149 2432 5194; x_wconf 73' lang='lat' dir='ltr'><strong>exeat.</strong></span> <span class='ocrx_word' id='word_1_755' title='bbox 2461 5137 2570 5193; x_wconf 90' lang='lat' dir='ltr'><strong>Deo</strong></span> <span class='ocrx_word' id='word_1_756' title='bbox 2589 5137 2969 5190; x_wconf 88' lang='lat' dir='ltr'><strong>universorum</strong></span> <span class='ocrx_word' id='word_1_757' title='bbox 2995 5127 3226 5182; x_wconf 88' lang='lat' dir='ltr'><strong>Domino</strong></span> <span class='ocrx_word' id='word_1_758' title='bbox 3263 5141 3332 5180; x_wconf 86' lang='lat' dir='ltr'><strong>ne</strong></span> <span class='ocrx_word' id='word_1_759' title='bbox 3348 5124 3511 5194; x_wconf 68' lang='lat' dir='ltr'><strong>polli-</strong></span> <span class='ocrx_word' id='word_1_760' title='bbox 3573 5150 3576 5152; x_wconf 91' lang='lat'><em>-</em></span> 
     </span>
    </p>
   </div>
   <div class='ocr_carea' id='block_1_111' title="bbox 1933 5217 3517 5297">
    <p class='ocr_par' dir='ltr' id='par_1_111' title="bbox 1933 5217 3517 5297">
     <span class='ocr_line' id='line_1_111' title="bbox 1933 5217 3517 5297; baseline -0.013 -8"><span class='ocrx_word' id='word_1_761' title='bbox 1933 5235 2110 5289; x_wconf 85' lang='lat' dir='ltr'><strong>cearis</strong></span> <span class='ocrx_word' id='word_1_762' title='bbox 2143 5233 2301 5297; x_wconf 77' lang='lat' dir='ltr'><strong>falsa,</strong></span> <span class='ocrx_word' id='word_1_763' title='bbox 2334 5232 2427 5287; x_wconf 88' lang='lat' dir='ltr'><strong>sed</strong></span> <span class='ocrx_word' id='word_1_764' title='bbox 2459 5229 2644 5285; x_wconf 89' lang='lat' dir='ltr'><strong>omnia</strong></span> <span class='ocrx_word' id='word_1_765' title='bbox 2675 5236 2765 5280; x_wconf 90' lang='lat' dir='ltr'><strong>tua</strong></span> <span class='ocrx_word' id='word_1_766' title='bbox 2791 5239 2914 5278; x_wconf 91' lang='lat' dir='ltr'><strong>cum</strong></span> <span class='ocrx_word' id='word_1_767' title='bbox 2943 5221 3038 5275; x_wconf 91' lang='lat' dir='ltr'><strong>illo</strong></span> <span class='ocrx_word' id='word_1_768' title='bbox 3075 5219 3281 5274; x_wconf 69' lang='lat' dir='ltr'><strong>hedera</strong></span> <span class='ocrx_word' id='word_1_769' title='bbox 3306 5217 3517 5271; x_wconf 54' lang='lat' dir='ltr'><strong>.adim-</strong></span> 
     </span>
    </p>
   </div>
   <div class='ocr_carea' id='block_1_112' title="bbox 1935 5308 3511 5396">
    <p class='ocr_par' dir='ltr' id='par_1_112' title="bbox 1935 5308 3511 5396">
     <span class='ocr_line' id='line_1_112' title="bbox 1935 5308 3511 5396; baseline -0.013 -13"><span class='ocrx_word' id='word_1_770' title='bbox 1935 5327 2048 5396; x_wconf 82' lang='lat' dir='ltr'><strong>ple,</strong></span> <span class='ocrx_word' id='word_1_771' title='bbox 2071 5336 2126 5381; x_wconf 90' lang='lat' dir='ltr'><strong>et</strong></span> <span class='ocrx_word' id='word_1_772' title='bbox 2158 5326 2390 5380; x_wconf 82' lang='lat' dir='ltr'><strong>ﬁdeliter</strong></span> <span class='ocrx_word' id='word_1_773' title='bbox 2419 5323 2536 5391; x_wconf 87' lang='lat' dir='ltr'><strong>ipse</strong></span> <span class='ocrx_word' id='word_1_774' title='bbox 2577 5308 2825 5388; x_wconf 78' lang='lat' dir='ltr'><strong>implebit</strong></span> <span class='ocrx_word' id='word_1_775' title='bbox 2868 5313 2922 5367; x_wconf 91' lang='lat' dir='ltr'><strong>in</strong></span> <span class='ocrx_word' id='word_1_776' title='bbox 2965 5319 3017 5366; x_wconf 88' lang='lat' dir='ltr'><strong>te</strong></span> <span class='ocrx_word' id='word_1_777' title='bbox 3070 5310 3380 5365; x_wconf 81' lang='lat' dir='ltr'><strong>futurorum</strong></span> <span class='ocrx_word' id='word_1_778' title='bbox 3406 5309 3511 5362; x_wconf 65' lang='lat' dir='ltr'><strong>btr-</strong></span> 
     </span>
    </p>
   </div>
   <div class='ocr_carea' id='block_1_113' title="bbox 1936 5402 3528 5486">
    <p class='ocr_par' dir='ltr' id='par_1_113' title="bbox 1936 5402 3528 5486">
     <span class='ocr_line' id='line_1_113' title="bbox 1936 5402 3528 5486; baseline -0.013 -12"><span class='ocrx_word' id='word_1_779' title='bbox 1936 5435 2132 5474; x_wconf 80' lang='lat' dir='ltr'><strong>norum</strong></span> <span class='ocrx_word' id='word_1_780' title='bbox 2184 5413 2598 5486; x_wconf 79' lang='lat' dir='ltr'><strong>proniissiones,</strong></span> <span class='ocrx_word' id='word_1_781' title='bbox 2649 5417 2702 5464; x_wconf 91' lang='lat' dir='ltr'><strong>et</strong></span> <span class='ocrx_word' id='word_1_782' title='bbox 2759 5422 2866 5463; x_wconf 90' lang='lat' dir='ltr'><strong>non</strong></span> <span class='ocrx_word' id='word_1_783' title='bbox 2929 5402 3345 5460; x_wconf 74' lang='lat' dir='ltr'><strong>frustrabuutur</strong></span> <span class='ocrx_word' id='word_1_784' title='bbox 3399 5409 3528 5453; x_wconf 46' lang='lat' dir='ltr'><strong>tuae“</strong></span> 
     </span>
    </p>
   </div>
   <div class='ocr_carea' id='block_1_114' title="bbox 1937 5507 2624 5581">
    <p class='ocr_par' dir='ltr' id='par_1_114' title="bbox 1937 5507 2624 5581">
     <span class='ocr_line' id='line_1_114' title="bbox 1937 5507 2624 5581; baseline -0.017 -15"><span class='ocrx_word' id='word_1_785' title='bbox 1937 5527 2063 5581; x_wconf 81' lang='lat' dir='ltr'><strong>Spes</strong></span> <span class='ocrx_word' id='word_1_786' title='bbox 2095 5510 2160 5564; x_wconf 87' lang='lat' dir='ltr'><strong>de</strong></span> <span class='ocrx_word' id='word_1_787' title='bbox 2193 5507 2300 5562; x_wconf 79' lang='lat' dir='ltr'><strong>illis</strong></span> <span class='ocrx_word' id='word_1_788' title='bbox 2329 5512 2624 5575; x_wconf 62' lang='lat' dir='ltr'><strong>conceptae.</strong></span> 
     </span>
    </p>
   </div>
  </div>
