3900 6228
1556 243 1626 266 .1."

469 279 604 350 1487

1794 297 2149 359 PROCOPII
2179 299 2421 359 GAZrEI

3560 293 3676 358 1468

540 411 764 470 Gladius
791 409 970 486 lingua
992 415 1151 486 regis,
1199 423 1248 470 et
1289 431 1391 470 non
1415 431 1625 469 carnea.
1675 415 1914 470 Verbum
1951 415 2020 468 De

2215 415 2489 486 Μάχιιιρα
2515 417 2764 485 γλῶσσα
2807 416 3140 481 βασιλέων,
3181 417 3279 472 καὶ
3316 419 3384 472 οὐ
3423 421 3676 488 crapulm.

355 511 358 513 ’
465 507 716 560 omnium
740 505 978 572 Domini,
1019 523 1130 562 non
1157 522 1459 576 corporeus
1485 512 1570 563 est
1607 521 1780 561 sonus
1826 521 1922 575 per
1948 521 2040 560 or-

465 602 609 665 'g'an-a
650 600 861 653 Vocalia
907 599 962 654 in
1005 615 1187 655 aerem
1221 599 1456 656 ditiusus
1494 613 1560 654 ac
1596 598 1893 663 resolutus,
1944 597 2040 652 sed

395 699 401 707 ‘
465 674 660 742 'v'ivens
694 695 749 742 et
793 688 979 743 eﬂicax
1014 697 1067 744 et
1116 690 1291 761 magis
1341 687 1697 743 metuendum
1729 702 1891 758 quam
1924 687 2040 758 gla-

471 780 597 835 dius
623 781 940 850 quicunque
970 779 1228 850 utrinque
1270 789 1488 834 acutus.

541 872 846 941 Quicunque
878 881 1054 926 autem
1086 872 1313 926 traditus
1337 870 1522 940 fuerit,
1556 876 1871 928 conteretur.
1907 865 2040 932 Qui-

466 977 689 1030 cunque
736 975 914 1016 autem
952 953 1116 1018 rectae
1145 962 1346 1016 rationi
1386 961 1668 1018 contraria
1709 975 1899 1031 agens,
1927 959 2038 1014 Deo

467 1055 778 1109 contrarius
831 1056 1087 1108 inventus
1141 1055 1306 1108 fuerit
1353 1055 1406 1107 in
1455 1052 1543 1108 die
1593 1051 1938 1106 revelationis
1974 1065 2039 1103 ac

462 1146 595 1214 justi
637 1146 856 1215 judicii,
892 1155 1198 1201 extremum
1244 1145 1450 1202 subibit
1488 1143 1818 1214 supplicium
1863 1141 1930 1197 ab
1970 1156 2037 1198 eo

466 1239 796 1309 redargutus
826 1239 893 1295 de
916 1240 1158 1309 peccatis
1192 1252 1314 1308 quae
1342 1236 1640 1292 commisit.

537 1328 599 1384 Si
621 1330 756 1383 enim
789 1339 1077 1384 commotus
1120 1330 1280 1399 fuerit
1329 1330 1480 1398 furor
1505 1327 1645 1397 ejus,
1698 1343 1818 1381 cum
1861 1326 2032 1380 nervis

463 1419 687 1474 hominis
710 1420 960 1485 absumit,
995 1429 1045 1473 et
1067 1435 1186 1472 ossa
1205 1419 1476 1473 hominum
1506 1418 1739 1472 devorat.
1777 1415 1860 1469 Ira
1888 1415 2030 1484 ejus,

366 1520 368 1522 '
459 1512 511 1567 ἐἰ
562 1512 912 1576 accendatur,
944 1510 1222 1566 consumit
1264 1509 1530 1565 homines
1583 1509 1678 1578 qui
1725 1506 2032 1576 secundum

463 1604 943 1671 concupiscentias
981 1603 1191 1658 erroris
1223 1601 1466 1673 corrupti
1492 1610 1641 1674 sunt,
1684 1615 1809 1654 cum
1839 1611 2031 1672 eorum

462 1691 748 1747 affectibus
791 1692 858 1746 ad
893 1691 1188 1746 mundana.

2154 507 2212 560 Ὀ
2234 508 2390 576 λόγος
2423 506 2516 560 τοῦ
2551 508 2820 561 Δεσπότου
2845 507 2952 564 τῶν
2986 507 3123 562 ὅλων
3139 504 3296 573 Θεοῦ,
3313 510 3374 561 οὑ
3401 514 3679 578 σωματικάς

2140 598 2256 651 ἐστι
2286 597 2373 652 διὰ
2399 597 2723 667 φωνητικῶν
2751 578 3000 666 όργάνῶν
3027 599 3109 660 είς
3159 597 3296 668 ἀέρα
3335 600 3581 666 χεόμενος
3600 606 3680 653 καὶ

2139 688 2419 758 λυόμενος,
2448 687 2582 741 ἀλλά
2608 687 2714 752 ζῶν
2743 705 2804 741 τε
2837 688 2936 741 καὶ
2962 687 3213 758 ἐνεργὴς,
3258 689 3353 741 καὶ
3400 688 3680 760 τομώτερος

2138 779 2282 850 ὑπὲρ
2310 780 2491 832 πᾶσαν
2525 779 2802 849 μάχαιραν
2833 779 3106 848 δίστομον.

2214 872 2318 936 ⁸ος
2355 869 2406 922 δ’
2430 868 2506 923 ἂν
2531 868 2862 939 παραδοθῇ,
2923 867 3405 937 συντριϐήσεται.
3437 868 3613 931 Ὅστις
3633 869 3680 922 δέ

2136 961 2165 1014 ό
2213 960 2283 1013 τά
2333 960 2620 1031 παράλογα
2659 959 2937 1031 πράττων,
2966 959 3214 1026 ἀντίξους
3245 957 3394 1028 αὑτῷ
3417 957 3602 1030 εὑρεθῇ
3633 959 3680 1010 ἐν

2137 1051 2321 1122 ἡμέρα
2351 1049 2747 1119 ἀποκαλύψεως
2770 1050 2862 1103 καὶ
2887 1048 3306 1120 δικαιοκρισίας,
3331 1049 3430 1119 τὴν
3469 1049 3680 1118 ἐσχάτην

2136 1139 2500 1208 ὑποστήσεται
2537 1140 2849 1210 τιμωρίαν,¹
2887 1139 2972 1209 ἐφ’
3016 1133 3100 1202 οἷς
3141 1140 3390 1210 ἥμαρτεν
3421 1138 3514 1192 ὑπ’
3538 1136 3681 1192 αὑτοῦ

2135 1231 2512 1302 ἐλεγχόμενος.
3128 1255 3130 1258 ·

2217 1319 2354 1373 Ἐὰν
2370 1320 2480 1389 γὰρ
2515 1318 2742 1388 ὀξυνθῇ
2775 1323 2808 1374 ό
2833 1320 3019 1389 θυμὸς
3068 1319 3277 1386 αὐτοῦ,
3321 1319 3450 1376 σὺν
3471 1319 3686 1388 νεύροις

2133 1410 2482 1479 ἀνθρώπους
2498 1401 2882 1484 [dumttaxat],
2908 1412 3005 1466 καὶ
3028 1412 3177 1468 ὀστᾶ
3193 1411 3518 1480 ἀνθρώπων
3530 1429 3682 1466 κατα-

2133 1501 2355 1572 τρώγει.
2407 1502 2534 1556 Ἐὰν
2590 1501 2698 1574 γὰρ
2735 1504 2984 1575 ’ἐπιταθῇ
3018 1505 3053 1574 ἡ
3089 1503 3227 1574 όργὴ
3255 1503 3447 1568 αὑτοῦ,
3491 1504 3682 1574 δαπανᾷ

2132 1592 2474 1666 ἀνθρώπους,
2532 1596 2660 1657 τοὺς
2710 1594 3101 1664 φθειρομένους
3130 1595 3187 1646 ἐν
3231 1596 3353 1657 ταῖς
3387 1594 3682 1663 ἐπιθυμίαις

2132 1685 2230 1754 τῆς
2267 1684 2504 1755 ἀπάτης,
2527 1684 2624 1738 σὺν
2642 1686 2914 1756 ταῖς-περὶ
2936 1686 3003 1740 τὰ
3019 1684 3179 1739 ὑλικά
3209 1683 3461 1754 σχέσεσιν
3487 1685 3651 1738 αὐτῶν
3666 1699 3678 1713 ·

461 1788 517 1841 αἳ
545 1787 699 1858 δίκην
752 1787 958 1859 νεύρων
1008 1786 1371 1860 συνδεσμοῦσι
1400 1788 1609 1851 τούτοις
1656 1783 1855 1845 αὐτούς
1881 1799 1896 1812 ο
1931 1763 2027 1835 καὶ
2086 1778 2186 1842 τὰς
2220 1779 2519 1860 τονωτικάς
2557 1779 2714 1851 δίκην
2746 1779 2921 1834 ὀστῶν
2966 1779 3202 1850 ψυχικὰς
3233 1780 3492 1864 δυνάμεις
3526 1779 3682 1834 αὐτῶν

458 1879 762 1936 κατεσθίει.

531 1970 601 2025 Et
640 1970 896 2027 comburit
944 1981 1194 2044 tanquam
1226 1974 1466 2042 ﬂamma,
1508 1972 1586 2026 ita
1634 1979 1691 2025 ιιι
1713 1971 1821 2026 sint
1849 1971 2023 2038 inepta

2196 1961 2304 2036 καὶ
2329 1959 2606 2030 συγκαίει
2634 1954 2838 2026 ὥσπερ
2856 1939 3025 2027 ’φλόξ
3045 1974 3058 1988 ·
3103 1956 3260 2011 ὥστε
3290 1957 3524 2044 ἄϐρωτα
3551 1953 3685 2013 εἶναι

459 2063 576 2118 esui
604 2065 765 2132 pullis
793 2063 1117 2135 aquilarum.
1152 2065 1218 2118 Et
1256 2065 1591 2120 comburens
1633 2060 1909 2118 consumit
1950 2058 2059 2114 ira'

459 2156 620 2224 quasi
680 2156 939 2225 stipulam
991 2165 1044 2210 et
1105 2155 1317 2222 fenum,
1357 2157 1642 2212 materiam
1698 2155 1764 2209 ad
1808 2155 2031 2211 exarde-

460 2247 726 2301 scendum
751 2249 989 2313 facilem,
1024 2249 1375 2305 irrationales
1403 2264 1594 2304 eorum
1626 2249 1923 2319 appetitus,
1956 2247 2030 2302 ita

461 2345 521 2390 ut
552 2339 668 2394 esui
705 2340 900 2409 ineptae
928 2340 1039 2396 sint
1070 2341 1428 2411 cogitationes
1456 2355 1597 2411 quas
1623 2341 1678 2394 in
1702 2340 1904 2396 animis
1933 2339 2031 2394 ho-

461 2427 671 2482 minum
726 2431 975 2484 excitant
1005 2431 1230 2501 maligni
1275 2431 1506 2500 spiritus
1537 2431 1654 2501 qui,
1692 2430 1837 2485 sicut
1873 2429 2029 2498 aqui-

462 2520 524 2572 la:
553 2520 918 2588 altivolantes,
954 2522 1008 2576 in
1050 2521 1392 2585 altitudinem
1443 2522 1714 2592 superbiae
1754 2521 2024 2576 feruntur.

533 2695 692 2752 Vens.
727 2697 815 2751 25.
859 2697 988 2752 Haec
1029 2691 1200 2761 autem
1234 2697 1356 2751 dico
1402 2697 1543 2751 vobis
1574 2695 1900 2763 sapientibus
1933 2711 2027 2748 co-

455 2805 725 2858 gnoscere.
761 2789 884 2845 Haec
909 2799 1090 2846 autem
1122 2791 1245 2846 dico
1273 2790 1429 2845 vobis
1458 2790 1552 2860 qui
1584 2789 1841 2845 doctores
1863 2790 2034 2856 estis,‘

460 2887 517 2932 ut
547 2882 891 2950 cognoscatis
949 2896 1043 2936 eos
1091 2897 1231 2952 quos
1282 2881 1490 2952 repellit
1551 2879 1713 2947 Deus,
1749 2892 1803 2936 et
1828 2896 1924 2936 eos
1955 2880 2025 2935 ad

457 2971 607 3023 illum
638 2973 967 3026 convertatis
998 2974 1485 3026 comminationum
1525 2980 1669 3026 metu
1707 2991 1722 3027 :
1769 2972 2024 3028 timentes

458 3069 636 3114 autem
671 3063 1023 3115 consolemini
1054 3078 1120 3117 ne
1142 3064 1336 3117 cadant
1361 3063 1415 3115 in
1444 3061 1904 3130 desperationem.

528 3238 768 3294 Revereri
827 3255 1106 3309 personam
1165 3240 1220 3292 in
1266 3239 1471 3308 judicio
1521 3256 1623 3293 non
1680 3250 1758 3294 est
1805 3239 2020 3294 bonum.

455 3328 924 3394 Quemadmodum
953 3327 1157 3382 malum
1187 3335 1271 3384 est
1299 3328 1350 3381 in
1377 3327 1606 3397 judiciis
1644 3345 1868 3398 parcere
1907 3331 2021 3384 sive

455 3419 684 3486 potenti,
727 3418 840 3473 sive
889 3418 1133 3488 pauperi,
1200 3427 1253 3472 et
1307 3433 1338 3472 a
1377 3419 1528 3486 justo
1593 3413 1905 3483 declinare,
1945 3419 2022 3472 ita

453 3508 687 3561 daemoni
719 3508 943 3562 obedire
978 3507 1292 3577 suggerenti
1332 3509 1449 3562 sive
1498 3517 1722 3578 peccata
1763 3511 2026 3564 commis-

453 3597 649 3663 sionis,
679 3598 794 3654 sive
827 3610 1046 3665 peccata
1077 3599 1397 3654 omissionis
1419 3639 1432 3664 ,
1475 3608 1528 3654 et
1556 3600 1662 3653 hoc
1692 3607 1775 3654 est
1801 3614 1830 3654 a
1849 3600 2018 3671 justi-

454 3692 541 3742 tiae
581 3690 780 3746 virtute
808 3689 1101 3746 declinare.
1979 3673 1987 3681 I

527 3867 689 3924 Vnus.
717 3868 806 3922 24.
841 3868 944 3934 Qui
988 3867 1167 3921 dicunt
1197 3868 1358 3936 impio
1389 3884 1409 3922 :
1434 3866 1624 3922 Justus
1681 3885 1758 3936 es,
1801 3869 2024 3925 maledic-

450 3968 566 4012 cent
590 3960 670 4012 eis
689 3959 892 4026 populi,
914 3966 962 4011 et
991 3958 1390 4011 detestabantur
1417 3974 1504 4012 eos
1538 3959 1726 4013 tribus.
1758 3959 1864 4026 Qui
1898 3961 2022 4016 lau-

438 4050 544 4102 «"Iat
591 4050 796 4104 bonum
864 4064 1108 4118 quaerere
1168 4057 1224 4103 et
1283 4051 1463 4105 colere
1518 4048 1897 4117 recusantem,
1959 4063 2023 4108 ae

440 4140 682 4211 ιιπυίιιάε
723 4141 976 4210 proximo
1021 4144 1331 4206 nocen‘tem,
1369 4155 1545 4212 neque
1592 4158 1620 4196 a
1673 4143 2022 4199 multitudine

452 4233 714 4297 ﬁdelium,
749 4246 924 4301 neque
956 4231 1257 4286 infidelium
1287 4233 1565 4305 diligetur,
1612 4243 1795 4304 utpote
1827 4251 2018 4290 eorum

438 4321 634 4375 damni
694 4329 983 4390 operator;
1047 4324 1298 4392 quamvis
1355 4323 1599 4379 ﬁdelium
1652 4325 1810 4381 electi
1863 4325 2018 4380 illum

437 4421 633 4467 ament
662 4414 731 4468 ob
763 4412 851 4468 Dei
887 4415 1226 4469 mandatum.

521 4500 687 4557 Vens.
713 4501 804 4567 25,
827 4500 918 4556 26.
953 4503 1058 4570 Qui
1083 4510 1309 4573 arguunt
1339 4519 1477 4567 eum,
1501 4503 1746 4558 meliores
1789 4519 2016 4574 appare-

2132 2049 2418 2126 νεοσσοῖς
2443 2044 2662 2104 αὐτῶν.
2690 2047 2802 2102 Καὶ
2823 2046 3124 2118 συμφλέγει
3157 2047 3327 2108 αὑτὰς
3344 2041 3545 2115 οἷάπερ
3590 2045 3684 2113 πῦρ

2133 2139 2386 2210 καλάμην
2405 2140 2502 2191 καὶ
2531 2139 2742 2209 χόρτον,
2774 2134 3080 2209 εὔπρηστον
3113 2135 3268 2207 ῦλην,
3328 2135 3432 2197 τὰς
3469 2132 3686 2204 παραλό-

2131 2249 2262 2301 γους
2286 2230 2493 2284 τούτων
2520 2219 2698 2300 ὁρμάς
2731 2227 2870 2300 ὀργὴ
2894 2228 3273 2281 κατακαίουσα
3297 2242 3311 2256 ·
3344 2225 3489 2280 ὥστε
3520 2225 3589 2296 μὴ
3615 2224 3684 2294 βι-

2131 2323 2477 2398 ϐρώσκεσθαι
2505 2323 2812 2391 λογισμοῖς,
2842 2319 2935 2384 οὓς
2974 2321 3095 2382 ταῖς
3128 2319 3327 2389 ψυχαῖς
3350 2320 3464 2372 τῶν
3497 2317 3686 2388 ἀνθρὼο

2130 2431 2248 2467 πων
2314 2412 2731 2467 ἐναποτίκτουσι
2758 2452 2774 2478 ,
2834 2411 2901 2464 τά
2957 2411 3112 2481 δίκην
3160 2409 3464 2479 ὑψιπετῶν’
3494 2409 3679 2473 ἀετῶν,

2129 2505 2209 2564 είς
2237 2501 2370 2582 ὑψος
2404 2503 2780 2572 ὑπερηφανίας
2809 2501 3076 2571 αίρόμενα
3104 2499 3207 2571 τῆς
3235 2499 3508 2570 πονηρίας
3536 2497 3682 2551 πνεύ-

2132 2611 2299 2666 ματα.

2199 2691 2304 2754 κγ¹.
2347 2684 2536 2739 Ταῦτα
2567 2683 2637 2737 δὲ
2654 2684 2808 2754 λέγω
2862 2684 3008 2753 ὑμῖν
3047 2670 3174 2750 τοῖς
3197 2682 3415 2753 σοφοῖς
3437 2679 3681 2750 ἐπιγινώ-

2126 2792 2316 2830 σκειν.
2353 2775 2540 2830 Ταῦτα
2591 2775 2647 2828 δέ
2675 2775 2816 2845 φημι
2847 2778 2976 2845 ὑμῖν
2998 2776 3108 2838 τοῖς
3151 2773 3499 2838 διδασκάλοις
3518 2789 3533 2803 '
3561 2772 3680 2825 ὥστε

2125 2867 2503 2936 διαγινώσκειν
2575 2865 2669 2929 οὓς
2725 2853 3128 2938 ἀποστρέφεται
3170 2866 3322 2931 Θεὸς,
3351 2867 3456 2920 καὶ
3484 2866 3680 2927 τούτους

2126 2962 2260 3033 πρὸς
2298 2963 2459 3015 αὐτὸν
2509 2961 2861 3032 ἐπιστρέφειν
2897 2959 3047 3030 φόϐῳ
3079 2959 3188 3012 τῶν
3217 2958 3386 3012 αὑτοῦ
3416 2958 3640 3012 ἀπειλῶν
3663 2971 3677 2988 ·

2123 3056 2251 3116 τοὺς
2277 3053 2332 3106 δέ
2353 3047 2740 3123 ’φοϐουμένους
2770 3051 3241 3124 παραμυθεῖσθαι,
3263 3050 3409 3104 ὥστε
3442 3050 3515 3122 μὴ
3546 3066 3673 3121 περιο

2125 3146 2312 3198 πεσεῖν
2343 3146 2422 3207 εἰς
2451 3145 2782 3213 ἀπόγνωσιν.
3460 3212 3466 3217 _
3646 3132 3662 3154 ’

2167 3236 2501 3306 ,Αιδεῑσθαι
2522 3239 2816 3304 πρόσωπα
2842 3236 2910 3290 ἐν
2931 3238 3142 3306 κρίσει,
3160 3238 3232 3291 οὐ
3253 3238 3468 3290 καλόν.
3495 3236 3680 3302 Ὠσπερ

2125 3327 2297 3381 κακόν
2352 3330 2468 3381 ἐστι
2516 3327 2578 3380 τὸ
2631 3327 2740 3380 εἴτε
2795 3327 3058 3380 δυνάστου
3095 3329 3206 3381 εῐτε
3244 3327 3465 3397 πτωχοῦ
3503 3327 3559 3379 ἐν
3577 3327 3676 3385 ταῖς

2127 3419 2344 3490 κρίσεσι
2378 3417 2674 3486 φείδεσθαι,
2709 3418 2800 3470 καλ.
2848 3417 3225 3489 παραθεωρεῖν
3253 3418 3507 3471 ἐντεῦθεν
3531 3418 3586 3468 τὸ
3609 3416 3675 3469 δί-

2127 3528 2301 3571 καιον.
2332 3507 2476 3562 οὑτω
2525 3509 2619 3561 καὶ
2657 3507 2718 3560 τὸ
2749 3507 3045 3561 ὑπακούειν
3075 3507 3183 3560 εἴτε
3224 3507 3301 3576 τῷ
3327 3504 3674 3576 ὑποτιθεμένῳ

2123 3602 2337 3674 δαίμονι
2383 3601 2453 3654 τὰ
2508 3599 2628 3653 καθ’
2685 3597 2990 3670 ὑπερϐολὴν
3020 3599 3116 3668 τῆς
3148 3599 3352 3668 ἀρετῆς
3380 3597 3548 3668 πάθη,
3581 3596 3673 3648 εῐτε

2123 3695 2192 3749 τά
2222 3694 2342 3746 κατ’
2375 3691 2610 3760 ἔλλειψιν
2628 3690 2820 3760 αὑτῆς,
2874 3691 2967 3744 καὶ
2997 3690 3092 3760 τῆς
3123 3689 3244 3742 κατ’
3268 3689 3475 3760 ἀρετὴν
3494 3689 3672 3741 δικαιο-

2125 3779 2293 3849 σύνης
2323 3778 2704 3850 ἐκτρέπεσθαι.

2195 3868 2298 3922 κδ’.
2335 3867 2398 3921 '0
2426 3868 2610 3921 εἰπὼν
2631 3869 2737 3922 τόν
2766 3868 2980 3937 ἀσεϐῆ,
3012 3869 3250 3934 Δίκαιος
3268 3869 3466 3932 ἐστιν,
3504 3870 3673 3922 imm

2123 3961 2378 4030 τάρατος
2405 3956 2599 4025 ·λάοῒς
2653 3961 2857 4015 ἔσται·
2911 3962 3007 4014 καὶ
3039 3963 3292 4031 μισητὸς
3324 3963 3416 4028 είς
3431 3961 3590 4027 ἔθνη.
3625 3959 3671 4011 '0

2122 4051 2416 4116 ἐπαινέσας
2437 4051 2530 4104 τὸν
2555 4049 2629 4122 μὴ
2663 4050 2908 4121 τιμῶντα
2929 4052 2989 4103 τὸ
3018 4050 3244 4119 ἀγαθὸν,
3301 4052 3404 4106 καὶ
3432 4052 3518 4106 διὰ
3538 4050 3670 4104 τοῦτο

2121 4123 2421 4214 βλαπτικὸν
2444 4142 2553 4196 τῶν
2583 4143 2858 4212 ὁμοφυῶν,
2889 4141 3014 4196 οὔτε
3053 4143 3157 4196 ὑπὸ
3181 4143 3276 4197 τοῦ
3313 4145 3554 4215 πλήθους
3581 4142 3670 4194 τῶν

2122 4236 2352 4299 πιστῶν,
2387 4235 2510 4289 οῦτε
2539 4235 2673 4288 ὑπο
2703 4236 2810 4289 τῶν
2851 4235 3095 4289 ἀπίστων
3131 4237 3569 4306 ἀγαπηθήσεται,
3609 4233 3668 4294 ὡς

2119 4325 2404 4400 συνεργὺςν
2433 4328 2543 4398 τῆς·
2565 4327 2768 4398 βλάϐης
2796 4328 3040 4394 -αὑτῶν,-
3075 4328 3188 4386 κᾶν,
3224 4329 3276 4381 οἱ
3293 4329 3556 4382 ίέκλεκτοὶ
3581 4326 3666 4378 τῶν

2118 4421 2327 4475 πιστῶν
2371 4420 2627 4489 ἀγαπῶσι
2664 4420 2852 4474 τοῦτον
2903 4421 2990 4474 διὰ
3017 4422 3118 4495 τὴν
3150 4421 3244 4474 τοῦ
3277 4421 3416 4475 Θεοῦ
3457 4419 3664 4487 ἐντολήν.

2187 4517 2285 4573 κε’,
2325 4517 2438 4576 κς’.
2475 4513 2540 4565 υἱ
2575 4510 2644 4564 δὲ
2683 4510 3061 4580 ἐλέγχοντες,
3115 4513 3405 4578 βελτίους
3445 4509 3665 4580 φανοῦν-

437 4593 574 4646 ὢιιηι
591 4593 678 4646 :in
694 4593 831 4661 ipsos
853 4604 1028 4648 autem
1052 4597 1214 4648 veniet
1242 4593 1726 4650 benedictio.Labia
1743 4596 2016 4651 deo'sculai

2137 4618 2250 4655 rat'
2279 4603 2374 4656 ἐπ’
2394 4584 2616 4667 αὐτοὺς
2644 4601 2711 4655 δὲ
2739 4602 2872 4669 ἣξει
2904 4604 3179 4674 εὐλογία·
3204 4604 3391 4671 χείλη
3413 4603 3481 4655 δὲ
3503 4599 3658 4670 eum

435 4685 643 4738 zbuntur
663 4702 778 4752 qua:
799 4691 1111 4757 respondent
1137 4687 1292 4742 verba
1314 4687 1471 4742 bona.
1494 4687 1596 4754 Qui
1623 4697 1805 4744 autem
1830 4690 2017 4744 redar-

432 4779 675 4847 gutoriis
721 4781 904 4835 verbis
947 4781 1100 4834 illum
1145 4795 1174 4832 a
1217 4782 1447 4849 proximi
1492 4781 1696 4837 damno
1740 4791 2017 4838 conantur

2119 4689 2342 4750 σουσιν
2377 4693 2820 4763 ἀποκρινόριενα
2833 4696 3058 4782 λόγους
3096 4697 3380 4765 ἀγαθούς.
3421 4697 3484 4749 0t
3517 4693 3569 4746 δὲ
3591 4688 3659 4741 λόο

2117 4803 2238 4855 γοις
2301 4785 2636 4856 ἐλεγκτικοῖς
2695 4780 3025 4840 ἀνακόπτειν
3084 4787 3247 4840 αὐτὸν
3276 4786 3378 4856 τῆς
3423 4785 3555 4839 κατὰ
3575 4780 3660 4834 τῶν

436 4879 713 4932 avertere,
759 4869 1014 4925 meliores
1058 4870 1386 4924 videbuntur
1427 4880 1481 4926 et
1533 4872 1746 4928 Iaudem
1802 4874 2019 4929 obtine-

2137 4877 2374 4948 iuotputi'w
2409 4877 2614 4948 βλάϐης
2642 4876 3068 4948 ἐπιχειροῦντες,
3114 4877 3426 4946 κρείττονες
3459 4875 3656 4938 δόξουσιν

439 4959 584 5014 :bunt
615 4975 631 5014 :
664 4960 767 5032 ipsi
795 4970 976 5015 autem
1019 4959 1486 5016 deosculabuutur
1515 4978 1610 5020 eos
1643 4965 1736 5034 qui
1774 4965 1842 5020 ad
1883 4980 2015 5037 pro-

439 5053 622 5122 priam
661 5051 1095 5109 emendationem
1149 5052 1420 5122 recipiunt
1460 5055 1918 5126 objurgationem,
1960 5067 2016 5114 et

436 5143 676 5215 benigna
721 5146 1056 5216 respondent
1085 5145 1442 5217 illis,utpote
1481 5146 1547 5200 ad
1596 5148 2009 5205 conversionem

435 5233 641 5302 parati.

513 5324 677 5382 Vens.
711 5326 801 5382 27.
842 5327 1188 5392 Prmpara‘in
1221 5345 1431 5398 egressu
1473 5345 1633 5398 opera
1676 5335 1787 5381 tua.
1823 5327 2008 5384 Actio—

442 5429 542 5467 nes
573 5422 694 5471 tuas
721 5417 1025 5472 secundum
1055 5418 1309 5473 virtutem
1336 5421 1509 5490 dirige
1537 5422 1662 5474 dum
1687 5430 2008 5490 praesentem

439 5504 742 5571 pcrtransis
799 5507 963 5561 vitam
1005 5527 1017 5560 :
1050 5516 1268 5578 tempus
1306 5511 1450 5564 enim
1500 5526 1760 5581 praesens,
1793 5518 2009 5582 tempus

438 5592 700 5663 actionis;
724 5597 986 5662 futurum,
1017 5601 1495 5657 remunerationis.

517 5683 580 5736 Et
613 5703 912 5756 pra'uarare
945 5691 996 5744 in
1026 5708 1175 5761 agro.
1210 5692 1274 5747 Et
1307 5694 1363 5748 in
1395 5697 1594 5752 mundo
1625 5695 1885 5753 exteriori
1917 5698 2010 5768 qui

2116 4966 2413 5021 κάντεῦθεν
2442 4967 2664 5031 ἔπαινος
2723 4966 3140 5038 καταλήψεται·
3175 4968 3515 5021 ἀσπάσονται
3535 4964 3587 5017 δέ
3618 4957 3656 5011 οἱ

2119 5056 2272 5113 αὑτοὶ
2298 5060 2426 5124 τοὺς
2457 5060 2592 5130 πρὸς
2613 5059 2898 5131 διόρθωσιν
2921 5059 3103 5114 αὐτῶν
3147 5060 3369 5131 ἔλεγχον
3395 5056 3656 5127 ὑπομένον·

2118 5167 2240 5214 τας,
2273 5151 2367 5205 καὶ
2389 5150 2674 5222 προσηνῶς
2702 5149 3176 5223 ἀπολογουμένους
3201 5153 3407 5215 αὐτοῖς,
3447 5151 3519 5214 ὡς
3545 5144 3654 5217 πρὸς

2117 5242 2452 5314 ἐπιστροφὴν
2477 5243 2748 5311 ἑτοίμους.
2790 5273 2796 5277 ·

2187 5334 2292 5397 κζ’.
2338 5335 2630 5403 Ἑτοίμαζε
2656 5337 2742 5401 εἷς
2765 5337 2881 5404 τὴν
2903 5336 3122 5400 ἔξοδον
3149 5335 3220 5389 τὰ
3241 5335 3384 5404 ἔργα
3413 5351 3545 5388 σου.
3573 5327 3651 5382 Eb-

2114 5425 2342 5496 τρέπιζέ
2376 5443 2469 5478 σου
2509 5425 2606 5488 τὰς
2653 5425 2882 5496 πράξεις
2929 5408 3049 5479 κατ’
3092 5425 3314 5496 ἀρετὴν,
3340 5425 3444 5486 ἕως
3470 5424 3544 5476 ἔτι
3574 5417 3649 5486 τὴν

2116 5516 2400 5586 παροῦσαν
2455 5515 2707 5590 διεξέρχῃ
2762 5517 2942 5587 ζωήν·
2987 5517 3245 5587 ἐργασίας
3281 5518 3390 5586 γὰρ
3437 5517 3465 5568 ό
3496 5509 3650 5581 παρὼν

2117 5608 2308 5678 καιρός
2330 5623 2344 5638 ο
2380 5610 2408 5661 ό
2427 5609 2482 5662 δέ
2510 5609 2738 5676 μέλλων,
2775 5609 3203 5672 ἀνταποδόσεως.

2190 5700 2296 5755 Καὶ
2314 5699 2764 5769 παρασκευάζου
2782 5703 2866 5767 εις
2887 5703 2990 5756 τὸν
3007 5702 3207 5769 ἀγρόν.
3228 5702 3331 5754 Καὶ
3351 5701 3407 5751 ἐν
3425 5697 3498 5768 τῷ
3521 5686 3646 5764 μερί-
