3900 6228
210 273 348 338 1469

1202 292 1744 355 COMMENTARII
1774 293 1856 354 IN
1895 292 2354 357 PROVERBIA.

3327 297 3478 363 M70.

210 403 346 455 μνας
379 407 456 443 σοι
489 392 746 460 βιωτικὰς
770 399 1138 470 ἀνατέλλοντι,
1185 405 1340 475 δίκην
1385 404 1780 474 ὐλομανοΰντος

1900 405 2347 474 quemadmodum
2388 421 2516 478 ager
2551 408 2739 465 insana
2779 409 3136 468 .frnticationc
3182 412 3460 480 laborans,

207 479 401 548 ἀγροῦ,
435 487 740 556 φαινομένῳ
769 491 979 563 κόσμῳ,
1004 495 1295 565 ἐτοιμάζου
1333 493 1412 565 τῷ
1449 495 1666 565 ἀρότρῳ
1685 492 1777 548 τοῦ

207 569 729 646 λόγου,προρρίζους
764 579 931 644 αὐτὰς
952 584 1225 656 ἀνασπᾷν,
1241 586 1395 656 πρὸς
1411 585 1780 655 καρπογονίαν

207 666 608 738 πνευματικὴν,
662 670 721 724 ἐν
772 671 850 742 τῷ
892 673 1168 746 διανέμειν
1213 670 1307 731 σου
1360 675 1432 731 τὰ
1469 675 1783 748 ὑπάρχοντα

207 753 457 822 πένησιν.

280 847 386 898 Καὶ
417 849 676 915 πορεύου
703 853 1073 909 κατόπισθέν
1103 875 1247 925 μου.
1296 857 1405 912 Καὶ
1458 855 1602 911 οὕτω
1642 856 1784 926 ἄρας

211 948 305 986 σου
340 932 430 988 τὸν
453 938 702 1009 σταυρὸν,
737 940 834 1022 τὴν
853 944 948 997 τοῦ
969 947 1230 1015 σαρκικοῦ
1261 947 1474 1010 πάντως
1503 949 1785 1018 φρονήμα-

207 1039 302 1087 τος
332 1025 620 1097 νέκρωσιν,
645 1032 925 1088 ἀκολούθει
956 1054 1047 1106 μοι
1075 1037 1154 1108 τῷ
1185 1037 1560 1108 πτωχεύσαντι
1587 1037 1676 1092 διὰ
1701 1039 1782 1104 σὲ»

209 1116 304 1168 καὶ
335 1120 566 1191 σταυρὸν
599 1123 977 1194 ὑπομείναντι.
1452 1128 1454 1130 ’
1514 1125 1522 1132 ’

280 1208 390 1262 Καὶ
405 1210 900 1283 ἀνοικοδομήσας
924 1218 1032 1272 τὸν
1058 1215 1230 1276 οἶκόν
1255 1235 1392 1275 σου.
1424 1221 1536 1274 Καὶ
1573 1219 1787 1288 ἀνεγεί-

210 1313 313 1368 ρῃς
338 1303 404 1370 τῇ
438 1309 784 1377 πνευματικῇ
835 1307 1102 1381 πολιτείᾳ,
1137 1311 1197 1364 τὸ
1230 1311 1538 1365 καταπεσόν
1562 1327 1655 1365 σου
1685 1310 1785 1382 τῆς

211 1389 415 1459 σαρκὸς
433 1393 752 1465 οἰκητήριον
772 1399 891 1460 ταῖς
908 1400 1238 1468 προσϐολαῖς
1255 1401 1363 1456 τῶν
1389 1403 1488 1473 τῆς
1520 1398 1785 1474 πονηρίας

210 1481 558 1549 πνευμάτων.
782 1488 787 1495 ’

281 1577 386 1641 κη’.
415 1573 511 1641 Μὴ
552 1575 677 1630 ἴσθι
707 1579 938 1647 ψευδὴς
958 1582 1190 1650 μάρτυς
1239 1584 1337 1638 ἐπὶ
1365 1583 1482 1639 σὸν
1506 1587 1786 1655 πολίτην,

198 1661 359 1728 μηδὲ
377 1666 688 1720 πλατύνου
753 1670 888 1736 σοῖς
919 1674 1208 1740 χείλεσιν.
1243 1673 1334 1746 Μὴ
1373 1674 1585 1752 ψευδῶς
1612 1695 1786 1732 κατα-

1881 497 2283 554 sollicitudines
2320 498 2416 552 tibi
2460 500 2692 569 profert,
2718 517 3031 571 praeparare
3059 511 3257 558 aratro
3288 506 3478 577 verbi,

1882 589 2008 648 illas
2053 589 2326 646 radicitus
2361 593 2606 660 eradica,
2647 594 2715 648 ad
2765 595 3246 652 fructiﬂeationem
3299 599 3466 669 spiri-
3549 659 3558 677 __

1886 680 2112 747 tualem,
2143 697 2266 752 quae
2303 682 2470 740 habes
2507 685 2841 754 pauperibus
2875 686 3302 744 distribuendo-

1956 853 2026 908 Et
2074 854 2206 910 vade
2243 865 2366 922 post
2411 874 2513 912 me.
2560 858 2626 912 Et
2672 857 2745 913 ita
2793 860 2988 916 tollens
3029 875 3250 916 crucem
3286 868 3463 927 tuam,

1884 946 2068 1002 omnis
2117 947 2330 1002 scilicet
2384 950 2634 1006 carnalis
2679 951 3028 1020 cogitationis
3076 954 3462 1011 mortiﬁcatio-

1885 1052 2049 1104 nem,
2103 1053 2335 1108 sequere
2386 1055 2473 1096 me
2523 1042 2618 1112 qui
2668 1051 2896 1113 propter
2959 1053 3011 1099 te
3079 1044 3239 1115 inops
3282 1043 3464 1101 factus

1886 1144 2028 1194 sum,
2061 1145 2156 1185 cru
2168 1145 2394 1201 cemque
2423 1134 2639 1202 pertuli.

1955 1221 2028 1276 Et
2065 1222 2358 1292 cdiﬁcabis
2391 1223 2608 1279 domum
2649 1235 2816 1281 tuam.
2857 1227 2921 1282 Et
2964 1228 3268 1286 constitues
3301 1227 3465 1300 spiri-

1885 1310 2024 1365 tuali
2058 1314 2475 1370 conversatione
2519 1315 2704 1371 carnis
2739 1325 2847 1371 tuae
2881 1317 3223 1374 domicilium
3268 1319 3461 1376 incur~

1887 1402 2041 1460 sibus
2071 1404 2437 1476 malignorum
2471 1406 3062 1476 spirituumdirutum.
3259 1433 3266 1436 ·
3301 1429 3306 1434 ·
3356 1429 3358 1432 ·

1959 1585 2123 1640 Vens.
2162 1585 2252 1640 28.
2299 1584 2380 1642 Ne
2421 1588 2496 1641 sis
2544 1587 2716 1655 falsus
2769 1589 2922 1642 testis
2970 1587 3026 1643 in
3069 1588 3231 1643 civem
3275 1597 3462 1655 tuum,

1889 1692 2050 1746 neque
2105 1678 2346 1732 dilateris
2383 1678 2489 1731 tuis
2535 1677 2711 1733 labiis.
2739 1677 2818 1734 Ne
2845 1677 2985 1734 falso
3022 1679 3240 1734 testeris
3267 1687 3462 1734 contra

210 1752 478 1824 μαρτύρει
508 1754 600 1808 τοῦ
634 1758 1162 1831 πολιτευομένου,ὡς
1180 1740 1342 1831 αὐτὸς
1374 1740 1634 1840 προαιρῇ,
1655 1787 1780 1842 σαρ‹

1900 1782 2108 1822 carnem
2145 1777 2318 1835 tuam,
2364 1777 2422 1836 ut
2462 1769 2577 1838 ipse
2645 1769 2804 1840 eligis
2862 1777 3280 1824 conversantem
3315 1787 3329 1824 :
3360 1770 3466 1822 im-

207 1846 330 1900 κίου
365 1865 457 1902 σου
479 1867 493 1880 ο
525 1851 788 1908 ἀδύνατον
815 1851 954 1911 εἶναι
999 1853 1224 1928 φάσκων
1261 1863 1360 1926 τὰς
1390 1862 1538 1926 θείας
1567 1864 1786 1930 ἐντολὰς

206 1941 629 2011 κατορθοῦσθαι,
682 1945 772 1999 διὰ
807 1949 908 2019 τὴν
952 1955 1272 2022 σωματικὴν
1301 1955 1584 2018 ἀσθένειαν
1610 1973 1623 1986 ο
1650 1959 1786 2010 κάν·-

204 2029 401 2085 τεῦθεν
425 2037 536 2094 τοῖς
564 2039 680 2090 κατ’
708 2037 947 2110 ἔλλειψιν
977 2043 1076 2114 τῆς
1105 2045 1309 2116 ἀρετῆς
1342 2047 1574 2102 πάθεσιν
1610 2047 1787 2103 ἐνδιά-

204 2121 362 2191 τριόε
385 2139 397 2152 ·
439 2125 567 2195 μηδ’
605 2128 973 2202 ἐμφιλοχώρει
1020 2137 1139 2199 ταῖς
1165 2138 1287 2192 κατ’
1319 2138 1786 2206 αὑτοῦδιαὸολαῖς

205 2209 423 2280 ἔχοντος
457 2215 552 2270 καὶ
575 2220 740 2273 αυτοῦ
769 2224 999 2296 ποιητὴν
1034 2227 1127 2281 τὸν
1155 2229 1308 2288 Θεόν.
1639 2249 1643 2252 ’
1773 2249 1776 2253 ’

281 2301 382 2362 κθν.
416 2305 512 2374 Μὴ
534 2308 733 2378 εἴπῃς,
769 2313 881 2366 Ὃν
910 2317 1136 2383 τρόπον
1162 2319 1474 2389 ἐχρήσατό
1489 2341 1614 2394 μοι,
1637 2326 1786 2396 χρή·

201 2409 386 2464 σομαι
417 2396 576 2462 αὐτῷ
598 2415 611 2430 ο
675 2403 914 2473 τίσομαι
951 2404 1020 2459 δὲ
1055 2410 1241 2463 αὐτὸν
1276 2411 1314 2468 ἄ
1349 2431 1427 2482 με
1456 2416 1779 2486 ἠδίκησεν.

200 2487 298 2558 Μὴ
324 2488 492 2560 ἐρεῖς,
533 2491 615 2545 ὅτι
643 2494 908 2568 Καθάπερ
939 2516 1030 2569 μοι
1055 2501 1214 2557 τοῦτο
1247 2503 1451 2578 βλάϐης
1481 2508 1653 2562 αῐτιον
1690 2511 1787 2578 γέ-

201 2595 353 2647 γονε,
411 2581 603 2652 βλάψω
653 2587 810 2653 κάγὼ
847 2588 981 2643 αὐτό
1013 2607 1028 2623 ο
1090 2598 1479 2667 τιμωρήσομαι
1524 2599 1583 2652 δὲ
1626 2601 1785 2656 τοῦτο

199 2670 346 2742 ὑπὲρ
393 2667 454 2728 οὗ
514 2691 608 2744 μοι
651 2677 908 2750 ἀντέστη,
962 2683 1054 2735 καὶ¹
1103 2684 1290 2749 κακῶς
1323 2687 1421 2758 τὴν
1462 2689 1784 2746 δεσποτείαν

197 2760 455 2828 ἀφείλετο
483 2777 497 2792 ⁸
552 2763 648 2816 καὶ
706 2764 877 2830 οὕτως
936 2769 1017 2831 είς
1067 2770 1136 2823 τὰ
1179 2772 1300 2825 καθ’
1345 2773 1650 2846 ὑπερϐολὴν
1679 2777 1782 2846 τῆς
1823 2822 1830 2827 .

197 2853 406 2922 ἀρετῆς
435 2855 716 2927 ἐκτραπῇς
738 2857 887 2929 πάθη
905 2874 918 2891 ·
947 2859 1064 2912 ἀλλ’
1089 2863 1167 2926 είς
1218 2862 1444 2933 ἀλόγους
1478 2867 1782 2936 ’ἐπιθυμίας

201 2941 280 3013 μὴ
309 2942 600 3017 δουλεύσῃς
649 2944 818 3019 αὐτῷ,
880 2951 1139 3020 προνοίας
1170 2952 1227 3006 δὲ
1266 2955 1367 3026 τῆς
1399 2957 1782 3030 προσηκούσης

196 3031 375 3101 ἀξίου,
420 3035 507 3089 ἵνα
539 3039 796 3110 συνεργὸν
818 3039 949 3113 ἔχῃς
971 3042 1105 3096 αὐτὸ
1134 3044 1273 3116 πρὸς
1299 3045 1369 3100 τὰ
1399 3047 1686 3104 κάλλιστα.

270 3125 334 3180 λ’.
369 3127 600 3200 ”Ωσπερ
639 3130 925 3202 γεώργιον
944 3134 1102 3204 ἀνὴρ
1139 3136 1364 3206 ἄφρων.
1407 3139 1675 3211 Καθάπερ
1696 3160 1780 3207 τις

196 3217 504 3286 ἐπιτήδειος
523 3221 602 3284 είς
629 3223 904 3292 γεωργίαν
929 3224 1118 3298 ἀγρὸς,
1167 3227 1371 3299 πολλῆς
1407 3231 1627 3302 χρῄζων
1654 3235 1780 3285 ἐπι-

202 3309 448 3382 μελείας,
470 3310 824 3383 ἵν’,εΰκαρπος
847 3316 941 3368 καὶ
963 3317 1313 3390 πολύκαρπος
1334 3320 1581 3394 γένηται,
1600 3325 1781 3395 ὑπάρ-

197 3420 286 3474 χει
317 3403 346 3454 ὁ
378 3404 491 3466 τοῖς
543 3404 900 3475 προσκαίροις
959 3407 1143 3476 μόνοις
1189 3411 1487 3478 πιστεύων,
1534 3417 1629 3469 καὶ
1665 3420 1782 3482 τοῖς

199 3494 334 3564 περὶ
378 3495 550 3548 ταῦτα
608 3495 788 3560 πόνοις
825 3496 1122 3562 ἅνενδότως
1161 3501 1531 3573 ἐγκαρτερεῖν,
1577 3505 1672 3558 καὶ
1702 3505 1781 3576 τῷ

198 3583 658 3656 ἐπαγγελλομένῳ
689 3583 760 3638 τὰ
795 3582 991 3638 αίὼνια
1031 3586 1213 3655 ἀγαθὰ
1236 3587 1358 3660 Θεῷ
1393 3590 1642 3644 ἀπιστῶν
1672 3591 1779 3658 ἔξω

198 3674 300 3731 ἄνθ
309 3692 514 3748 ρωπος.

273 3767 383 3821 Καὶ
411 3766 614 3837 ὥσπερ
633 3767 920 3838 ἀμπελὼν
958 3768 1262 3840 ἅνθρωπος
1281 3770 1496 3842 ἐνδεὴς
1521 3774 1778 3844 φρενῶν.

186 3858 317 3918 Καὶ
343 3853 433 3913 οἷά
459 3877 542 3924 τις
573 3859 835 3930 ἅμπελὼν
878 3861 1138 3933 φραγμοῦ
1169 3863 1423 3936 δεόμενος
1469 3867 1551 3929 είς
1590 3865 1650 3919 τὸ
1702 3866 1780 3938 μὴ

197 3951 508 4022 τρυγᾶσθαι
535 3951 690 4024 παρὰ
727 3952 946 4007 πάντων
976 3953 1219 4026 τῶνιτὴν
1246 3956 1364 4010 ὁδὸν
1398 3973 1782 4030 παραπορευο-

204 4042 409 4114 μένων,
475 4043 624 4096 ἐστὶν
661 4044 690 4097 ὁ
745 4043 857 4098 ἄνω
894 4045 992 4115 μὲν
1054 4047 1191 4116 πρὸς
1219 4048 1353 4103 Θεὸν
1382 4049 1526 4120 ὀρῶν
1571 4050 1664 4103 καὶ
1686 4067 1781 4104 πι-

203 4133 416 4188 στεύων
442 4133 619 4205 αὖτῷ·
652 4139 750 4202 τὰς
776 4136 822 4189 δ’
867 4137 1327 4210 οίκοδομουμένας
1355 4139 1442 4194 διὰ
1467 4141 1576 4195 τῶν
1608 4141 1780 4210 ἁγίων

198 4227 369 4281 αὐτοῦ
415 4228 642 4282 ἐντολῶν
681 4229 1023 4300 θεωρητικὰς
1043 4247 1104 4283 τε
1132 4230 1228 4284 καὶ¹
1262 4234 1574 4302 πρακτικὰς
1612 4234 1778 4300 ἕξεις,

198 4320 690 4384 ἀνεπιϐουλεύτους
741 4321 831 4374 διὰ
889 4323 1164 4393 ρᾳθυμίαν
1202 4324 1278 4394 μὴ
1309 4323 1514 4396 τηρῶν,
1551 4325 1660 4388 ἔσω
1683 4327 1780 4382 ἇν-

1890 1858 2154 1928 possibile
2200 1874 2320 1913 esse
2379 1857 2641 1914 dictitans
2681 1859 2937 1914 mandata
2985 1859 3075 1915 Dei
3141 1861 3462 1924 observare,

1889 1951 1959 2005 ob
2005 1952 2254 2020 corporis
2307 1950 2699 2006 infirmitatem.
2728 1952 2830 2006 Hic
2876 1952 2927 2005 in
2972 1952 3322 2020 passiOnihus
3349 1950 3466 2004 vir-

1889 2041 1994 2095 tuti
2027 2042 2294 2112 oppositis
2333 2043 2474 2106 vive,
2504 2058 2684 2112 neque
2724 2042 2959 2098 libenter
2989 2059 3211 2098 carnem
3247 2043 3465 2099 calum-

1889 2132 2077 2198 nieris,
2109 2133 2237 2205 quia
2264 2142 2319 2189 et
2345 2134 2462 2204 ipsa
2487 2142 2790 2190 creatorem
2808 2133 2988 2190 'Deum
3019 2134 3203 2191 habet.

1959 2306 2126 2364 Vens.
2178 2308 2268 2363 29.
2324 2306 2406 2362 Ne
2453 2309 2601 2364 dicas
2631 2326 2651 2365 :
2684 2310 2959 2377 Quomodo
3005 2309 3132 2380 fecit
3189 2310 3338 2376 mihi,
3387 2312 3465 2366 sic

1886 2398 2084 2470 faciam
2132 2399 2200 2456 ei.
2254 2397 2495 2454 Ulciscar
2545 2409 2721 2455 autem
2765 2414 2882 2456 eum
2911 2401 2974 2457 de
3013 2402 3229 2471 injuriis
3273 2401 3464 2472 quibus

1888 2507 1968 2545 me
2009 2491 2206 2560 aﬁ‘ecit.
2241 2491 2314 2547 Ne
2361 2491 2537 2556 dicas,
2572 2493 3043 2559 Quemadmodum
3090 2496 3277 2550 damni
3329 2494 3464 2551 mihi

1885 2597 2054 2636 causa
2081 2583 2402 2639 factum'est
2427 2598 2652 2654 corpus,
2676 2586 2724 2639 ei
2754 2587 2962 2644 nocebo
2981 2595 3037 2641 et
3058 2587 3203 2656 ipse:
3228 2586 3466 2641 ulciscar

1885 2672 2021 2727 illud
2055 2673 2203 2742 quod
2249 2673 2382 2728 mihi
2425 2674 2688 2730 restiterit
2726 2675 3106 2745 repuleritqne
3139 2675 3461 2746 imperium;

1884 2771 1938 2818 et
1967 2763 2048 2818 sic
2079 2765 2430 2835 temetipsum
2476 2773 2772 2822 convertas
2817 2768 2872 2821 in
2909 2767 3194 2836 passiones
3242 2781 3339 2837 per
3369 2781 3464 2820 ex-

1885 2871 2102 2914 cessum
2126 2859 2366 2923 virtntis,
2393 2859 2488 2914 sed
2535 2861 2588 2913 in
2616 2859 2963 2916 irrationales
2983 2859 3464 2930 concupiscentias

1882 2965 1952 3006 ne
2007 2951 2081 3005 illi
2118 2951 2354 3007 vservias
2405 2969 2418 3005 :
2477 2953 2571 3007 sed
2627 2967 2886 3024 congrua'
2929 2953 3063 3008 illud
3121 2952 3464 3022 providentia

1884 3041 2115 3111 dignare
2141 3049 2200 3095 ut
2227 3041 2292 3096 ad
2318 3042 2524 3111 Optima
2553 3042 2687 3098 illud
2716 3041 2827 3098 tibi
2846 3051 3198 3114 cooperetur.

1956 3131 2123 3188 Vens.
2162 3133 2252 3188 50.
2296 3133 2572 3200 Tanquam
2616 3150 2744 3205 ager
2785 3137 2862 3190 vir
2891 3137 3223 3206 imprudens.
3256 3137 3462 3203 Quem-

1882 3222 2174 3278 admodum
2205 3225 2558 3293 ager-aliquis
2585 3226 2935 3296 agriculturae
2958 3228 3210 3292 idoneus,
3231 3229 3461 3282 multam

1881 3315 2115 3386 requirit
2153 3314 2497 3386 diligentiam
2541 3325 2600 3371 ut
2649 3315 2846 3373 fertilis
2889 3334 2953 3373 ac
2990 3319 3314 3374 fructuosus
3350 3320 3462 3387 flat,

1882 3405 1960 3458 ita
1999 3413 2084 3460 est
2112 3404 2277 3458 homo
2315 3407 2557 3460 exterior
2586 3407 2678 3476 qui
2715 3408 2818 3461 soli
2865 3404 3260 3477 Opportunitati
3330 3425 3464 3464 eon-

1883 3494 2077 3558 tidens,
2117 3504 2172 3550 et
2213 3495 2282 3550 de
2331 3496 2420 3553 his
2468 3496 2688 3553 labores
2737 3498 2898 3552 enixe
2951 3499 3206 3568 sustinet,
3257 3507 3313 3556 et
3353 3499 3463 3555 Deo

1882 3585 2028 3642 bona
2065 3586 2248 3642 futura
2281 3588 2559 3658 pollicenti
2591 3602 2700 3645 non
2725 3591 2976 3646 conlidit.
3084 3601 3090 3606 '

1945 3766 2016 3819 Et
2072 3774 2327 3837 tanquam
2388 3770 2539 3825 vinea
2589 3769 2742 3826 homo
2807 3789 2961 3843 egens
3047 3789 3228 3830 sensu.
3289 3772 3464 3840 Quasi

1882 3855 2041 3912 vinea
2098 3873 2219 3928 qua:
2269 3868 2418 3914 caret
2479 3870 2636 3932 septo
2673 3879 2742 3918 ne
2770 3863 2839 3919 ab
2867 3865 3126 3920 omnibus
3168 3880 3264 3934 per
3315 3865 3460 3922 viam

1884 3950 2305 4006 transeuntibus
2353 3951 2742 4020 vindcmietur,
2786 3965 2870 4011 est
2902 3956 3067 4011 homo
3097 3955 3190 4026 qui
3235 3970 3463 4012 sursum

1883 4038 2102 4108 quidem
2153 4039 2208 4093 in
2261 4039 2431 4096 Deum
2479 4044 2709 4112 respicit
2758 4047 2948 4116 illique
2991 4047 3488 4115 credit;'habitusv

1882 4136 2212 4184 autem-tum
2239 4134 2609 4201 speculativos
2623 4144 2749 4208 tum
2777 4139 3053 4207 practicos
3079 4155 3176 4210 per
3203 4138 3463 4195 mandata
3489 4159 3493 4162 ·

1883 4218 1978 4274 Dei
2026 4220 2331 4277 instructos
2379 4239 2473 4294 per
2506 4226 2894 4296 negligentiam
2935 4244 3042 4284 non
3087 4238 3274 4284 servat
3303 4231 3464 4285 inex-

1882 4311 2226 4382 pugnabiles.
2262 4311 2390 4368 Sive
2427 4316 2574 4369 enim
2614 4318 2856 4372 exterior
2885 4318 3052 4374 homo
3085 4320 3366 4389 negligens
3393 4319 3503 4374 ad“

199 4414 422 4487 ορωπος
441 4430 456 4444 ο
487 4413 596 4465 εἴτε
627 4413 737 4483 γὰρ
794 4413 886 4467 τὸν
908 4413 1014 4478 ἐξω
1042 4414 1330 4486 ἄνθρωπον
1369 4417 1506 4487 πρὸς
1533 4417 1633 4487 τὴν
1669 4418 1778 4472 τῶν

1900 4403 2265 4483 nandatorum
2307 4403 2402 4459 llei
2451 4407 2918 4476 adimpletionem,
2959 4411 3077 4466 sive
3119 4411 3352 4464 interior
3393 4414 3505 4466 ad”

199 4504 365 4559 θείων
403 4504 632 4557 ἐντολῶν
653 4503 873 4575 πρᾶξιν,
896 4505 1008 4559 εἴτε
1040 4505 1134 4560 τὸν
1159 4505 1268 4560 ἔσω
1301 4507 1438 4578 πρὸς
1461 4508 1559 4580 τὴν
1575 4508 1782 4565 τούτων

197 4594 440 4665 θεωρίαν
479 4594 791 4666 καταλίπῃς
831 4596 1262 4669 ἁνεπιμέλητον,
1301 4599 1654 4664 ἀνεπίδεκτος
1684 4601 1796 4656 τοῦη

198 4689 260 4742 ἐν
292 4685 662 4749 διδασκαλίαις
685 4689 1056 4756 πνευματικοῦ
1092 4690 1300 4760 σπόρου
1326 4691 1642 4761 γενήσεται.

275 4776 381 4832 λα’.
407 4775 516 4830 Kal
555 4775 665 4828 ἐὰν
721 4773 882 4844 ἀφῇς
920 4776 1128 4841 αὐτὸν,
1185 4777 1630 4847 χερσωθήσεται
1680 4779 1780 4834 καὶ

200 4863 640 4935 χορτομανήσει
696 4865 860 4932 ὅλος.
919 4865 1029 4919 Καὶ
1081 4865 1238 4932 δίκην
1262 4865 1481 4937 χόρτου,
1515 4869 1781 4936 σαρκικὰς

201 4955 398 5028 ἡδονὰς
424 4955 582 5026 μόνον
614 4954 932 5026 βλαστήσει,
962 4956 1099 5028 πρὸς
1145 4955 1204 5010 τὸ
1231 4956 1498 5028 χορτάσαι
1525 4955 1624 5028 τὴν
1658 4957 1781 5012 ἄλο-

201 5065 302 5117 γον
326 5047 622 5117 ἐπιθυμίαν
651 5046 840 5102 αὐτοῦ.

276 5140 384 5194 Kal
438 5140 662 5209 γίνεται
715 5139 1199 5210 ἐκλελειμμένος.
1259 5141 1574 5196 Κάντεῦθεν
1626 5134 1779 5207 οὗτος

207 5231 310 5300 μὲν
393 5231 870 5302 καταλιμπάνεται
929 5231 1072 5287 κατὰ
1129 5232 1450 5304 προαίρεσιν
1511 5233 1778 5304 ἀνεπιμέ-

203 5321 386 5392 λητος.

280 5413 344 5466 οι
374 5412 442 5465 δὲ
477 5413 732 5481 φραγμοί
769 5413 888 5467 τῶν
906 5415 1094 5471 λίθων
1114 5417 1302 5470 αὑτοῦ
1325 5416 1776 5470 κατασκάπτον-

205 5519 322 5557 rat.
379 5503 449 5555 Ai
495 5502 552 5555 δὲ
620 5505 714 5556 ἐπὶ
766 5503 844 5574 τῷ
893 5505 1014 5575 Θεῷ
1041 5507 1280 5578 θεμελίῳ
1313 5511 1409 5578 τῆς
1436 5509 1517 5570 είς
1546 5507 1781 5576 Χριστὸν

207 5589 443 5656 πίστεως
470 5591 1030 5663 οἰκοδομούμεναι,ὠς
1059 5595 1115 5651 ἐν
1132 5614 1241 5650 τισι
1265 5595 1433 5660 λίθοις
1460 5599 1576 5661 ταῖς
1610 5597 1780 5662 θείαις

210 5683 448 5758 ἐντολαῖς
505 5683 830 5753 φυλακτικαὶ
881 5687 1071 5741 τούτου
1123 5690 1260 5744 κατὰ
1307 5707 1362 5742 τε
1411 5688 1642 5759 θεωρίαν
1685 5690 1776 5743 καὶ

1888 4509 2080 4551 eorum
2148 4497 2644 4556 considerationem
2709 4501 3023 4558 incuriosus
3097 4503 3498 4581 relinquatur,-

1890 4601 1996 4642 non
2031 4596 2212 4658 potest
2239 4590 2484 4660 recipere
2509 4591 2776 4647 doctrinae
2798 4596 2987 4649 semen
3013 4594 3319 4665 spirituale.

1958 4758 2125 4830 Yens.
2171 4761 2260 4816 3i.
2304 4760 2363 4816 Si
2408 4763 2674 4818 dimiseris
2707 4781 2848 4831 eum,
2880 4765 3118 4822 desertus
3161 4769 3252 4836 [iet
3286 4776 3338 4822 et
3368 4769 3468 4821 sil-

1887 4867 2053 4912 vescat
2101 4869 2264 4914 lotus.
2306 4856 2372 4913 Et
2415 4859 2558 4914 sicut
2613 4860 2799 4915 fenum
2849 4863 3101 4919 carnales
3155 4863 3504 4931 voluptates:-

1888 4958 2102 5004 tantum
2135 4950 2394 5021 proferet,
2429 4951 2496 5006 ad
2528 4954 2895 5009 saturandum
2933 4954 3319 5011 irrationalem
3343 4952 3506 5022 ejus»

1887 5043 2416 5113 concupiscentiam.

1956 5133 2027 5190 Et
2069 5136 2159 5205 ﬁet
2208 5136 2512 5195 derelictus.
2551 5137 2618 5192 Et
2656 5137 2857 5193 exinde
2901 5137 3018 5206 ipse
3060 5133 3284 5204 quidem
3329 5148 3466 5189 con-

1887 5227 2034 5284 sulto
2057 5229 2411 5306 relinquitur,
2440 5243 2541 5283 nec
2565 5228 2858 5298 quisquam
2885 5225 2953 5281 de
2981 5224 3076 5279 illo
3103 5232 3281 5279 curat.

1908 5397 1916 5406 ’
1961 5410 2116 5480 Sepes
2163 5421 2346 5464 autem
2390 5407 2626 5476 lapidum
2677 5406 2792 5468 eius
2845 5402 3187 5474 e/Todientur.
3232 5401 3466 5456 llabitus

1889 5513 2072 5557 autem
2125 5503 2242 5556 sive
2294 5499 2474 5569 quoad
2519 5498 2787 5551 theoriam
2835 5497 2950 5552 sive
2997 5493 3178 5564 quoad
3227 5491 3460 5564 praxim,

1889 5594 1982 5664 qui
2030 5595 2082 5647 in
2119 5593 2307 5648 divino
2347 5589 2702 5644 fundamento
2755 5589 2876 5642 fidei
2921 5588 2976 5642 in
3010 5586 3289 5642 Christum
3330 5583 3470 5638 zedi~

1891 5689 2124 5743 ficantur
2156 5694 2207 5741 et
2245 5685 2298 5739 in
2336 5681 2608 5738 mandatis
2641 5680 2735 5737 Dei
2765 5680 2925 5751 quasi
2969 5677 3297 5752 quibusdam
3330 5677 3449 5746 lapt.
