3900 6228
237 452 384 522 1473

1205 432 1350 493 COM
1361 422 1733 489 MENTARII
1770 420 1869 482 IN‘
1892 419 2350 482 ΡξιογΕΡιΒΙΑ.

3353 420 3490 486 1474

314 568 441 634 e-C‘.
482 563 576 632 Μὴ
623 536 983 623 ἀλαζονεύου
1032 550 1289 607 ἐνώπιον
1302 543 1649 613 βασιλέως,
1671 533 1820 634 μηδὲ

1994 533 2154 588 Vens.
2193 532 2306 587 5-7.
2342 521 2425 587 Ne
2480 532 2708 603 gloriose
2759 541 2808 587 te
2855 537 3080 589 ostentes
3131 548 3310 586 coram
3351 550 3492 603 rege,

232 664 310 717 ἐν
362 630 571 723 τόποις
615 648 935 708 δυναστῶν
978 645 1316 715 ὑφίστασοο
1359 637 1652 708 κρεῖσσον
1702 630 1815 702 γάρ

234 767 346 807 σοι
366 751 433 803 τὸ
452 744 740 816 ῥηθῆναι,
761 739 1061 796 Ἀνάόιιινε
1085 733 1236 803 πρός
1255 749 1352 802 με,
1379 731 1418 800 ἢ
1450 723 1817 816 ταπεινῶσαι

238 861 320 900 σε
351 842 420 896 ἐν
450 814 747 907 προσώπῳ
774 830 1103 887 δυνάστου.
1146 825 1238 895 Μὴ
1268 824 1377 877 οίου
1412 819 1634 875 σεαυτὸν
1662 814 1819 880 ἀξίας

237 932 389 994 τινος
420 904 593 994 ἀξιον,
627 924 736 1000 πρρ
777 921 872 977 τοῦ
904 917 1204 987 ἀξιωθῆναι
1235 913 1437 980 ταύτης
1466 907 1618 979 παρά
1642 904 1778 960 Θεοῦ
1801 921 1816 936 ·

245 1024 372 1095 μηδ’
401 1020 653 1089 ὲπίτρεχε
682 998 902 1085 ἀρχαῖς,
928 1009 1300 1085 ἁρμοζούσαις
1319 1002 1545 1075 ἀνδράσι
1576 998 1822 1053 καθυπο-

240 1092 502 1170 τάττουσι
528 1113 605 1181 τῷ
632 1110 945 1180 φρονήματι
976 1103 1071 1156 τοῦ
1103 1098 1413 1171 πνεύματος
1432 1137 1447 1162 ,
1478 1093 1541 1147 τὸ
1565 1092 1823 1163 φρόνημα

241 1209 348 1278 τῆς
380 1203 586 1276 σαρκός
603 1220 618 1235 ⁸
650 1200 872 1255 κάλλιον
898 1195 1007 1267 γάρ
1035 1197 1152 1247 ἐστι
1178 1185 1710 1259 ταπεινοφρονοῠντά
1738 1199 1821 1248 σε,

243 1272 347 1352 καὶ
399 1272 619 1360 ἀνάξιον
668 1290 862 1347 ἑαυτὸν
907 1286 1163 1357 κρίνοντα
1210 1282 1390 1352 πάσης
1443 1277 1637 1350 ἀρχῆς,
1687 1272 1825 1345 πρὸς

244 1388 459 1458 ταύτην
489 1385 758 1455 κληθῆναι
788 1398 860 1434 πα
869 1377 941 1450 ρά
967 1375 1125 1440 Θεοῦ,
1151 1374 1185 1445 ἢ
1220 1371 1596 1443 ἐπιτρέχοντα,
1621 1366 1825 1435 ταύτης

245 1456 657 1550 ἀπορριφῆναι·
682 1471 869 1543 ἑτέρου
890 1467 1022 1539 παρ’
1044 1464 1208 1522 αὑτοῦ
1234 1459 1667 1534 προσκληθέντος
1687 1456 1826 1528 πρὸς

222 1571 479 1644 ταύτην,
517 1564 612 1619 τοῦ
651 1562 918 1635 πρότερον
955 1558 1219 1631 ἄρξαντος
1258 1553 1471 1609 ἑαυτοῦ.

327 1665 397 1717 Ἀ
432 1657 596 1715 εἶδον
632 1659 686 1712 oi
720 1651 1017 1724 ὀφθαλμοί
1039 1667 1179 1714 σου,
1206 1646 1365 1717 λέγε.
1397 1645 1575 1713 ’Δπερ
1599 1643 1658 1698 al.
1689 1640 1825 1696 θεω-

253 1752 477 1828 ρητικαί
498 1767 593 1805 σου
613 1748 877 1818 δυνάμεις
897 1743 1201 1800 κατέλαῆον
1221 1740 1341 1795 θεῖα
1366 1739 1669 1809 θελήματα,
1693 1735 1798 1790 καθ
1814 1732 1830 1755 ‘

251 1849 291 1903 ἃ
336 1846 408 1901 τὰ
448 1844 626 1901 πάντα
667 1840 948 1910 γεγόνασι,
980 1836 1163 1907 λόγοις
1194 1851 1257 1888 τε
1284 1833 1380 1888 καὶ
1407 1830 1592 1904 ἔργοις
1621 1828 1825 1892 αὐτοῖς,
1860 1877 1902 1936 Β

216 1994 219 1997 γ
251 1939 495 1994 δίδασκε.
1182 1982 1189 1991 ,

326 2025 452 2101 η-ι’.
491 2016 587 2093 Μὴ
629 2022 972 2093 πρόσπιπτε
1000 2021 1087 2086 είς
1105 2017 1314 2089 μάχην
1337 2013 1583 2085 ταχέως,
1611 2012 1713 2066 ἵνα
1744 2011 1831 2079 μὴ

249 2117 790 2192 μεταμεληθῇς·ἐπ’
811 2112 1086 2184 ἐσχάτων
1102 2129 1118 2145 ο
1151 2110 1333 2179 ἡνίκα
1354 2108 1432 2162 ἄν
1460 2121 1535 2161 σε
1561 2103 1833 2170 ὀνειδίσῃ

257 2218 292 2270 ὁ
331 2215 511 2284 φίλος
539 2226 657 2265 σου
677 2247 694 2274 ,
719 2207 1014 2276 ἀναχώρει
1039 2207 1127 2271 είς
1165 2204 1238 2259 τὰ
1263 2202 1458 2257 ὀπίσω
1480 2216 1494 2231 ·
1525 2196 1611 2268 μὴ
1654 2195 1835 2250 icura-

256 2304 485 2375 ςορόνει,
508 2302 594 2371 μή
629 2317 703 2355 σε
733 2297 1000 2366 ὀνειδίσῃ
1028 2294 1146 2365 μὲν
1179 2297 1213 2350 ὁ
1251 2294 1452 2364 φίλος,
1482 2290 1519 2358 ἠ
1564 2288 1634 2341 δὲ
1670 2285 1834 2357 μάχη

259 2412 378 2452 σου
398 2395 497 2450 καί
532 2395 571 2462 ἡ
601 2394 790 2463 ἔχθρα
815 2393 929 2446 οὐκ
949 2387 1229 2450 ἀπέσται,
1246 2384 1384 2441 ἀλλ’
1406 2385 1576 2438 ἔσται
1602 2394 1702 2436 σοι
1729 2378 1835 2444 ἴση

261 2485 515 2552 θανάτῳ.
553 2484 648 2554 Μὴ
677 2481 1081 2550 ἀσυλλογίστως
1108 2479 1257 2550 ὅρμα
1283 2475 1418 2547 πρὸς
1446 2473 1666 2544 ἔχθραν,
1689 2468 1836 2533 ὅπως

265 2577 339 2649 μὴ
367 2575 546 2647 ἑαυτῷ
583 2573 878 2644 ὲπιμέμφῃ
906 2572 966 2634 ὲς
992 2568 1252 2640 ὕστερονο
1283 2564 1398 2619 ἀλλ’
1420 2564 1551 2617 ὅταν
1599 2560 1690 2613 ὲπί
1732 2577 1839 2614 τινι

260 2667 405 2736 λόγῳ
429 2666 463 2736 ἢ
485 2665 629 2736 ἔργῳ
657 2662 811 2732 φίλος
836 2679 918 2714 σοι
945 2660 1251 2731 μέμψηται,
1273 2653 1381 2711 ἀπὸ
1407 2654 1512 2708 τῶν
1540 2651 1839 2722 ἐπταισμέ-

262 2777 370 2813 νων
424 2775 506 2811 σοι
553 2754 769 2809 ἕκκλινε
814 2749 1307 2821 ὲξασφαλιζόμενος
1354 2745 1604 2813 σεαυτὸν,
1642 2743 1841 2816 μηκέτι

263 2852 378 2914 τοῖς
411 2847 620 2918 ὁμοίοις
649 2845 971 2916 περιπεσεῖν
991 2857 1006 2871 ⁵
1037 2841 1132 2894 καὶ
1174 2839 1249 2910 μὴ
1289 2837 1389 2907 τὴν
1417 2837 1551 2907 πρὸς
1588 2836 1677 2889 τὸν
1706 2835 1843 2906 πλη-

266 2940 382 2994 σίον
409 2939 630 3008 ἀγάπην
661 2935 858 3008 μικρὸν
888 2934 1121 3004 πρᾶγμα
1140 2930 1276 3002 ἡγοῦ
1298 2945 1313 2961 ο
1331 2931 1486 2990 ὅπως
1514 2927 1588 2998 μὴ
1621 2925 1843 2997 μέμψη-

265 3050 358 3088 ται
404 3031 504 3102 μέν
555 3047 638 3083 σοι
667 3027 831 3088 αὐτὸς
851 3070 865 3092 ,
891 3025 978 3093 ἐφ’
1006 3019 1049 3092 ᾧ
1082 3023 1159 3095 μὴ
1185 3022 1430 3088 διετέθῃς
1475 3018 1660 3078 καλῶς
1706 3016 1844 3088 πρὸς

267 3124 453 3185 αὐτὸν,
489 3123 522 3192 ἡ
566 3120 622 3174 δὲ
660 3116 886 3182 διένεξις
910 3114 1088 3169 καὶτὸ
1124 3115 1303 3184 μῖσος,
1336 3111 1438 3166 οὐκ
1469 3109 1842 3180 ἀποστήσεται

269 3213 378 3266 ἀπὸ
417 3211 514 3265 σοῦ
536 3228 551 3244 ο
587 3209 724 3265 ἀλλά
751 3206 928 3278 ψυχῆς
963 3204 1178 3276 ὑπάρξῃ
1212 3220 1295 3257 σοι
1325 3202 1575 3265 θάνατος.

340 3305 519 3373 Χάρις
547 3304 645 3356 καὶ
670 3300 844 3371 φιλία
875 3297 1213 3365 ἐλευθεροῐο
1250 3295 1322 3362 ἂς
1352 3295 1625 3363 τήρησον
1661 3306 1846 3347 σεαυ-

272 3397 374 3463 τῷ,
426 3397 524 3449 ἵνα
557 3393 643 3463 μὴ
684 3382 1098 3452 ἐπονείδιστος
1141 3386 1320 3457 γένῃ·
1364 3385 1524 3440 ἀλλὰ
1569 3382 1850 3455 φύλαξον

276 3490 379 3553 τὰς
404 3486 584 3551 ὁδούς
616 3498 733 3537 σου
760 3477 1289 3542 εὐσυναλλάκτως.
1330 3475 1404 3528 Τὸ
1454 3474 1846 3545 χάρισμα⁹τῆς

276 3579 467 3649 σοφίας
495 3577 591 3630 καὶ⁸
624 3577 657 3645 ἡ
680 3573 867 3643 ἀγάπη
884 3610 900 3635 ,
928 3569 1155 3639 ἀγνοίας
1183 3566 1585 3622 ἀπαλλάττουσι
1614 3566 1710 3618 καὶ
1746 3581 1848 3617 κα-

278 3671 436 3734 κίαςο
475 3668 541 3731 ἃς
573 3664 811 3737 φύλαξον
847 3660 998 3733 παρά
1026 3658 1262 3729 σεαυτῷ,
1294 3658 1443 3720 ὅπως
1480 3654 1554 3726 μὴ
1600 3653 1851 3726 ὑπάρξῃς

278 3762 607 3831 κατάκριτος
629 3774 643 3788 ο
677 3754 815 3810 ἀλλά
843 3755 1107 3825 τήρησον,
1127 3747 1527 3831 ἇνθρωπεζτάς
1573 3745 1710 3816 πρὸς
1751 3743 1850 3815 τὴν

281 3824 475 3922 σοφίαν
499 3851 596 3904 καὶ
622 3848 722 3919 τὴν
764 3824 983 3915 ἀγάπην
1029 3840 1372 3913 θεωρητικὰς
1386 3824 1501 3892 ὶαὶ
1540 3834 1854 3908 πρακτικὰς

278 3946 502 4016 πορείας
535 3945 653 4008 σου,
683 3939 865 4003 καλῶς
892 3936 1149 4007 ἀλλήλαις
1170 3933 1281 3987 τῶν
1300 3931 1516 3987 οἰκείων
1539 3928 1854 4003 μεταδιδού-

282 4053 408 4099 σαςο
448 4036 589 4089 αἰτεῖ
627 4032 728 4104 μὲν
759 4028 1038 4102 πρακτικὴ
1066 4027 1166 4099 τὴν
1192 4022 1552 4095 θεωρητικὴν,
1571 4021 1682 4076 τῶν
1697 4019 1855 4075 ’κατά

280 4128 480 4200 γνῶσιν
511 4125 687 4194 λόγων
706 4141 724 4156 ·
755 4124 790 4194 ἡ
816 4121 874 4175 δὲ
907 4116 1219 4191 θεωρητικὴ
1245 4116 1345 4187 τὴν
1375 4112 1719 4186 πρακτικὴνξ,
1744 4112 1854 4168 τῶν

284 4220 401 4274 κατ’
434 4218 634 4289 ἀρετὴν
659 4215 879 4286 τρόπων
897 4227 914 4245 ο
959 4209 1102 4265 ὥστε
1128 4206 1432 4279 ψυχοῦσθαι
1469 4205 1569 4275 μὲν
1592 4203 1695 4275 τὴν
1724 4204 1856 4275 ἀρε-

283 4312 377 4383 τὴν
408 4309 552 4365 κατά
579 4307 736 4377 λόγον
754 4321 768 4336 °
803 4301 1188 4376 omparoﬁoliat
1205 4300 1266 4355 δὲ
1285 4298 1376 4352 τὸν
1398 4297 1558 4367 λόγον
1581 4296 1705 4350 κατ’
1725 4296 1856 4367 ἀρε-

283 4403 402 4473 τήν.
1808 4425 1813 4429 .

355 4498 447 4547 ια’.
485 4489 696 4559 Μῆλον
733 4486 1008 4558 χρυσοῦν
1040 4487 1110 4540 ἐν
1137 4484 1402 4553 ὁρμίσκφ
1437 4480 1712 4550 σαρδίου,
1752 4479 1853 4534 οὔ·

285 4602 397 4650 τως
420 4582 610 4637 εἰπεῖν
632 4583 822 4650 λόγον
851 4578 973 4651 [ἐπὶ
1001 4576 1360 4649 ἁρμόζουσιν
1395 4572 1598 4645 αὐτῷ].
1636 4573 1722 4636 Ὠς
1749 4572 1857 4642 μῆ-

286 4677 374 4730 λον
420 4672 679 4745 χρυσοῦν,
707 4669 997 4742 ἐμπρέπον
1045 4665 1456 4738 περιτραχηλίῳ
1503 4665 1714 4734 κόσμῳ,
1748 4663 1857 4716 ἀπὸ

288 4766 437 4818 λίθου
465 4762 706 4833 σαρδίου,
737 4758 914 4823 οὕτως
954 4759 1018 4812 τὸ
1049 4756 1280 4828 λαλῆσαι
1331 4753 1490 4823 λόγον
1538 4753 1859 4807 διδάσκοντα

291 4858 554 4927 σωτήρια,
581 4854 860 4925 ἐμπρέπει
883 4851 960 4923 τῷ
981 4848 1225 4920 κοσμίως
1250 4846 1458 4917 βιοῦντι
1479 4846 1603 4899 κατ’
1620 4846 1821 4917 ἀρετήν
1840 4861 1855 4876 ·

286 4944 363 5014 τῷ
394 4944 494 5016 βίῳ
524 4942 634 5014 γὰρ
664 4943 692 4996 ὁ
718 4941 876 5010 λόγος
906 4934 1400 5009 συναρμοζόμενος,
1433 4932 1635 5003 πολλὴν
1661 4933 1861 4985 ἀποτε-

288 5037 369 5091 λεῖ
400 5038 501 5107 τὴν
540 5035 900 5109 ὲμπρέπειαν.

359 5130 424 5200 ιβ’
490 5130 616 5194 Είς,
642 5125 887 5180 ἐνώτιον
929 5121 1202 5192 χρυσοῦν
1236 5118 1489 5188 σάρδιον
1527 5113 1863 5180 πολυτελὲς

292 5220 545 5281 δέδεται.
583 5217 767 5287 λόγος
822 5217 1045 5284 σοφίας
1085 5215 1173 5279 είς
1209 5211 1471 5277 εὐήκοον
1496 5204 1629 5275 οὖς.
1665 5208 1753 5271 Ὧς
1782 5208 1862 5269 είς

292 5314 508 5367 ὶνώτιον
530 5311 763 5380 χρύσεον
788 5307 1006 5377 σάρδιον
1033 5305 1264 5368 δέδεται,
1297 5301 1576 5373 διαφόροις
1605 5298 1864 5370 χρώμασι

292 5402 712 5472 πεποικιλμένον
733 5439 749 5464 ,
779 5396 952 5459 οὕτως
980 5398 1063 5461 εἰς
1085 5395 1270 5472 ἀκοὴν
1297 5395 1364 5465 τῇ
1392 5391 1677 5461 εὐπειθείᾳ
1705 5405 1864 5443 κεκο-

295 5470 600 5566 σμημένην,
627 5493 692 5545 δι’
716 5492 893 5561 ἐργων
918 5470 1255 5560 κεκράτηται
1285 5484 1515 5550 ἀληστος
1535 5523 1551 5547 ,
1586 5485 1615 5537 ὁ
1646 5481 1863 5535 πολυει-

294 5590 387 5660 δὴς
422 5590 533 5651 τοῖς
569 5585 795 5656 τρόποις
830 5581 943 5636 τῶν
980 5577 1193 5651 ἀρετῶν
1228 5575 1608 5639 διδασκαλικὸς
1645 5573 1825 5643 λόγος.

366 5776 449 5837 ιγ’.
486 5766 708 5833 Ὠσπερ
732 5761 945 5829 ἔξοδος
964 5760 1168 5830 χιόνος
1183 5758 1254 5812 ἐν
1272 5754 1475 5827 ἀμητῷ
1496 5754 1648 5809 κατὰ
1666 5752 1865 5823 καῦμα
1936 5798 1941 5805 .

264 5859 527 5928 --ὠφσλεζ
544 5861 731 5923 οὕτως
754 5856 1008 5927 ἄγγελος
1037 5851 1253 5918 πιστὸς
1275 5849 1399 5916 τοῖς
1424 5847 1862 5905 ἀποστείλω-ιν

1918 640 2078 693 neque
2106 625 2162 677 in
2194 625 2322 677 locis
2350 625 2646 693 principum
2675 624 2908 678 steteris.
2935 623 3129 678 Melius
3161 633 3237 678 est
3264 623 3404 678 enim
3428 634 3490 677 at
3584 612 3593 623 ’

1919 718 2130 775 dicatur
2146 717 2261 778 tibi,
2279 715 2516 795 Asceude
2529 715 2598 767 ad
2616 731 2715 780 me,
2730 731 2885 785 quam
2903 725 2961 768 ut
2989 715 3284 769 humiliari:
3307 730 3493 768 coram

1916 805 2170 874 principe.
2225 803 2304 860 Ne
2362 816 2518 876 putes
2577 807 2926 874 temetipsum
2988 805 3170 873 aliqua
3225 803 3493 874 dignitate

1920 897 2170 967 dignum,
2200 896 2519 966 priusquam
2564 895 2655 949 illa
2695 895 2894 966 dignus
2924 910 2958 948 a
2984 895 3092 949 Deo
3136 894 3307 949 fueris
3337 888 3497 948 habi-

1924 997 2064 1057 tus;
2114 1002 2292 1057 neque
2349 987 2643 1056 dignitates
2697 985 2915 1056 require
2972 999 3095 1054 qua:
3160 985 3497 1039 conveniunt

1924 1078 2238 1134 hominibus
2295 1079 2580 1148 sapientia:
2631 1077 2862 1148 spiritus
2925 1076 3109 1131 carnis
3172 1070 3495 1145 sapientiam

1924 1167 2446 1226 subordinantibus.
2480 1166 2671 1223 Melius
2712 1175 2799 1224 est
2847 1166 2993 1222 enim
3041 1174 3096 1222 te
3144 1163 3499 1234 temetipsum

1926 1259 2309 1316 ltumiliantem
2339 1266 2395 1315 et
2427 1258 2708 1325 indignum
2764 1258 2911 1311 omni
2956 1255 3220 1326 dignitate
3259 1262 3311 1308 te
3349 1253 3500 1322 judi-

1927 1361 2144 1407 cantem
2184 1367 2215 1406 a
2253 1352 2366 1406 Deo
2412 1350 2479 1405 ad
2525 1348 2696 1419 ipsam
2745 1348 2931 1403 vocari
2974 1362 3139 1417 quam
3187 1353 3503 1400 currentem

1911 1441 1995 1496 'ab
2023 1457 2087 1496 ea
2121 1440 2329 1511 repelli,
2353 1438 2481 1492 dum
2520 1439 2663 1493 aiius
2696 1436 2791 1507 qui
2832 1435 2986 1506 prius
3027 1432 3354 1503 si-bituetipsi
3396 1431 3502 1486 itu-

1929 1536 2141 1607 peravit
2172 1534 2237 1587 ad
2270 1531 2418 1587 illam
2452 1539 2680 1586 vocatus
2717 1528 2896 1584 fuerit.

2001 1625 2135 1693 Quae
2182 1623 2423 1679 uiderunt
2475 1623 2614 1677 oculi
2661 1623 2766 1686 tui,
2817 1618 2924 1673 die.
2969 1618 3117 1684 Quas
3166 1616 3363 1672 animae
3397 1626 3504 1669 tua:
3544 1620 3547 1623 “

1931 1720 2283 1790 speculativae
2335 1716 2629 1771 facultates
2656 1714 2873 1769 divinas
2913 1718 3280 1781 perceperunt
3306 1708 3505 1762 volun-

1934 1819 2093 1874 tates,
2129 1809 2330 1880 quibus
2362 1806 2546 1863 omnia
2586 1804 2729 1860 laeta
2769 1811 2918 1870 sunt,
2946 1801 3129 1858 verbis
3158 1808 3213 1856 et
3241 1799 3507 1872 operibus

1935 1903 2071 1974 ipsis
2099 1902 2387 1957 annuntia.

2004 1993 2170 2051 Vens.
2213 1994 2365 2049 8-H).
2408 1989 2492 2046 Ne
2538 2006 2826 2062 procurrat
2871 1987 2943 2042 ad
2975 1987 3217 2058 jurgium
3260 1987 3401 2049 cito;
3447 1994 3506 2039 ut

1934 2104 2039 2144 non
2074 2098 2121 2143 te
2153 2086 2402 2157 pmttitmt
2457 2085 2512 2138 in
2561 2082 2861 2137 novissimis
2899 2095 2919 2134 :
2957 2079 3090 2135 Cum
3130 2088 3177 2135 te
3213 2078 3506 2147 exprobra-

1934 2178 2064 2234 verit
2100 2177 2302 2231 anticus
2338 2188 2478 2239 tuus,
2509 2173 2691 2229 recede
2719 2173 2775 2226 in
2804 2172 3125 2242 posteriora.
3160 2167 3244 2223 Ne
3273 2178 3509 2223 contem-

1936 2284 2055 2335 nas,
2100 2283 2164 2321 ne
2198 2274 2247 2321 te
2283 2264 2491 2338 quidem
2522 2262 2798 2333 exprobret
2828 2262 3058 2326 amicus,
3095 2259 3423 2317 rixaautem
3457 2265 3508 2311 et

1936 2361 2232 2416 inimicitiae
2284 2375 2386 2413 non
2442 2356 2685 2421 aberunt,
2734 2354 2827 2411 sed
2877 2363 3030 2410 erunt
3084 2353 3181 2406 tibi
3230 2367 3393 2420 usque
3439 2346 3510 2403 ad

1937 2459 2180 2505 mortem.
2231 2447 2311 2502 Ne
2353 2445 2727 2517 imprudenter
2778 2445 2926 2499 irrue
2973 2444 3025 2497 in
3076 2440 3412 2502 inimicitias,
3448 2447 3512 2492 ut

1940 2548 2150 2595 non'te
2196 2537 2461 2607 paeniteat
2514 2534 2570 2588 in
2612 2533 2897 2589 extremis.
2950 2531 3056 2585 Sed
3102 2544 3224 2584 cum
3285 2527 3512 2581 verbum

1941 2641 2035 2688 aut
2069 2638 2248 2684 actum
2279 2625 2567 2698 quemdam
2598 2624 2699 2679 tibi
2727 2621 3138 2694 exprobraverit
3182 2620 3414 2685 amicus,
3445 2619 3514 2671 ab

1939 2727 2029 2782 bis
2059 2738 2180 2795 qua:
2209 2721 2538 2777 commisisti
2583 2718 2799 2774 declina
2842 2717 3071 2772 ﬁrmans
3110 2727 3334 2786 gressus
3367 2722 3513 2776 tuos,

1942 2833 2012 2874 ne
2055 2818 2111 2872 in
2170 2815 2373 2871 similia
2427 2812 2662 2868 incidas.
2709 2809 3046 2865 Charitatem
3098 2807 3153 2861 in
3202 2805 3514 2877 proximum

1943 2909 2219 2981 negotium
2264 2920 2492 2977 parvum
2533 2919 2602 2958 ne
2646 2909 2905 2972 reputes;
2947 2907 3005 2954 ut
3054 2913 3163 2952 non
3208 2909 3519 2966 conquera-

1942 3010 2036 3058 tur
2066 3001 2157 3055 ille
2188 3000 2334 3069 quod
2380 2998 2435 3051 in
2483 2996 2662 3065 ipsum
2699 2994 2842 3048 male
2881 2991 3093 3062 egeris;
3118 2989 3391 3043 dissensio
3417 3002 3516 3040 au-
3554 2972 3557 2976 ’

1943 3102 2050 3149 tem
2082 3098 2137 3148 et
2169 3089 2352 3144 odium
2383 3102 2412 3141 a
2443 3093 2497 3142 te
2527 3100 2633 3139 non
2664 3082 2958 3147 recedent;
2995 3079 3092 3135 sed
3133 3092 3282 3132 mors
3323 3078 3524 3131 animae

1868 3206 1914 3266 α
1947 3193 2000 3241 te
2026 3181 2292 3237 manebit.

2018 3273 2210 3328 Gratia
2247 3279 2297 3326 et
2342 3266 2587 3323 amicitia
2645 3265 2920 3318 liberant:
2950 3262 3045 3315 Ita:
3097 3259 3190 3313 tibi
3248 3275 3395 3313 serva
3458 3272 3524 3312 ne

1946 3365 2198 3437 reprobus
2259 3362 2362 3432 ﬁas
2415 3376 2434 3413 :
2487 3357 2579 3413 sed
2626 3356 2835 3410 custodi
2882 3354 2994 3407 uias
3046 3360 3166 3405 tua;
3211 3350 3521 3418 composite.

1946 3459 2160 3513 Donum
2201 3450 2488 3524 sapientiae
2519 3457 2575 3502 et
2610 3447 2853 3501 charitas
2899 3444 2968 3498 ab
3015 3443 3325 3512 ignorantia
3368 3454 3525 3493 aver-

1947 3559 2071 3604 tunt
2092 3557 2148 3603 et
2182 3561 2213 3600 a
2243 3543 2486 3608 malitia;
2516 3540 2616 3595 has
2644 3537 2742 3594 tibi
2776 3549 2936 3592 serva
2973 3548 3041 3588 ne
3068 3533 3148 3588 sis
3185 3532 3476 3586 damnatus
3502 3570 3523 3595 ,

1949 3641 2044 3698 sed
2079 3628 2320 3705 custodi,
2348 3651 2382 3691 ο
2420 3635 2608 3698 homo,
2650 3630 2718 3691 ad
2751 3626 3077 3698 sapientiam
3111 3632 3167 3679 et
3197 3623 3524 3677 cbaritatem

1950 3730 2321 3802 speeulativas
2349 3743 2415 3782 ac
2443 3723 2720 3796 practieas
2750 3721 2866 3775 vias
2896 3717 3001 3773 sibi
3037 3715 3269 3771 invicem
3304 3711 3527 3784 propria

1950 3821 2273 3894 largientes.
2319 3816 2513 3872 Praxis
2556 3815 2702 3871 enim
2749 3812 3019 3867 tlteoriam
3067 3804 3301 3877 requirit
3332 3805 3400 3858 ad
3429 3818 3527 3858 co-

1950 3913 2300 3987 gnoscendas
2352 3910 2630 3973 rationes;
2678 3905 2890 3960 theoria
2947 3909 3129 3956 autem
3188 3896 3399 3969 praxim
3456 3894 3526 3950 ad

1951 4006 2209 4064 instituta
2241 4004 2507 4059 virtutum
2552 3996 2826 4070 cperanda
2857 4011 2870 4050 :
2896 3995 2974 4050 ita
3013 4000 3072 4047 ut
3105 3990 3283 4045 virtus
3325 4003 3527 4056 secun-

1954 4098 2083 4156 dum
2113 4097 2384 4152 rationem
2414 4092 2573 4166 quasi
2602 4088 2809 4152 anima.
2840 4086 2978 4142 ratio
3014 4091 3196 4139 autem
3225 4080 3526 4138 secundum

1957 4193 2212 4248 virtutem
2247 4186 2413 4245 veluti
2443 4197 2678 4255 corpore
2711 4178 3000 4236 induatur.

2026 4459 2193 4515 Vens.
2237 4456 2321 4512 ll.
2364 4452 2519 4509 Mala
2551 4465 2715 4505 aurea
2752 4448 2807 4502 in
2846 4443 3032 4500 monili
3064 4439 3234 4498 sardii
3265 4481 3280 4508 ,
3319 4439 3410 4512 qui
3443 4438 3528 4494 lo-

1887 4545 1935 4606 D
1959 4554 2142 4624 quitur
2170 4548 2383 4605 uerbum
2410 4547 2465 4601 in
2490 4555 2719 4614 tempore
2741 4555 2859 4593 suo.
2900 4532 3373 4604 Quemadmodum
3405 4545 3528 4588 ma-

1959 4646 2070 4700 lum
2107 4655 2336 4698 aureum
2373 4637 2604 4708 pulchre
2650 4641 2873 4704 aptatur
2916 4629 3040 4685 colli
3106 4625 3396 4681 muliebris
3435 4638 3531 4678 or-

1961 4737 2112 4793 natui
2144 4751 2209 4789 ex
2255 4706 2437 4803 lapide
2476 4726 2684 4790 sardio,
2728 4725 2810 4779 sic
2838 4721 2987 4792 loqui
3015 4706 3531 4773 verbumsalutaria

1959 4830 2189 4892 docens,
2221 4823 2480 4881 convenit
2511 4821 2560 4878 ei
2601 4820 2696 4890 qui
2748 4817 3010 4872 decenter
3044 4813 3100 4868 in
3134 4811 3334 4865 virtute
3377 4821 3532 4862 com-

1960 4930 2229 4977 moratur.
2279 4916 2515 4973 Verbum
2558 4913 2704 4968 enim
2734 4909 2881 4981 quod
2912 4921 3037 4963 eum
3071 4906 3183 4959 vita
3218 4898 3530 4962 consentit,

1962 5014 2189 5070 multam
2228 5016 2453 5078 praestat
2497 5001 2964 5060 convenientiam.

2033 5103 2201 5159 Vens.
2234 5077 2339 5155 12.
2382 5097 2450 5153 1η
2516 5109 2736 5150 auream
2795 5093 3037 5145 iuaurem
3088 5083 3252 5138 etiam
3317 5077 3532 5134 cardius

1960 5197 2229 5270 pretiosus
2247 5194 2468 5261 ligatur,
2489 5201 2661 5243 sermo
2681 5183 2894 5250 sapiens
2909 5178 2963 5230 in
2982 5188 3168 5241 aurem
3183 5169 3529 5225 obedientem.

1963 5259 2438 5356 buemadmodum
2470 5280 2527 5333 in
2548 5285 2767 5329 auream
2788 5270 3037 5324 inaurem
3069 5264 3284 5334 legatur
3316 5259 3534 5316 sardius

1962 5351 2197 5436 diversis
2229 5372 2510 5430 coloribus
2541 5365 2855 5434 variegatus
2879 5397 2896 5425 ,
2934 5360 3017 5414 sic
3063 5356 3118 5411 in
3171 5351 3535 5409 aurem‘tioei-

1962 5474 2115 5529 litate
2164 5475 2436 5528 ornatam,
2472 5459 2663 5514 varius
2705 5452 2995 5522 multiplici
3038 5447 3215 5504 forma
3244 5446 3533 5527 (virtutum

1962 5546 2289 5623 doctriitalis
2314 5566 2495 5613 sermo
2533 5547 2812 5606 detinetur
2840 5558 2941 5614 per
2969 5554 3135 5611 opera
3183 5551 3293 5594 non
3330 5535 3536 5592 oblite-

1963 5657 2187 5714 randus.

2038 5745 2203 5801 Vens.
2248 5741 2335 5797 l5.
2379 5735 2528 5793 Sicut
2555 5733 2732 5791 exitus
2767 5727 2902 5785 nivis
2941 5724 2997 5779 in
3025 5735 3192 5779 meus
3218 5733 3312 5790 per
3347 5722 3537 5772 tectum

1971 5841 2210 5916 prodest,
2261 5839 2340 5894 sic
2370 5832 2588 5891 nuntius
2623 5827 2798 5900 ﬁdelis
2848 5823 2916 5882 iis
2964 5819 3053 5892 qui
3083 5816 3341 5875 miserunt
3370 5822 3536 5877 eum:
