3900 6228
268 399 403 460 1477

1320 411 1852 472 COMMENTARII
1892 409 1970 469 [Ν
2002 409 2460 471 PROVERBIA.

3385 417 3403 479 l
3423 417 3522 480 £78

260 525 383 588 ὅξος
401 523 727 596 δριμύτατον
746 523 1055 587 ἀλυσιτελὲς
1089 523 1164 595 τῷ
1193 526 1493 597 ἡλκωμένῳ
1524 525 1676 596 μέλει
1702 522 1837 578 καθ-

1948 533 2152 577 acctum
2189 525 2519 578 acerrimum
2553 522 2747 577 inutile
2781 529 2866 577 est
2910 523 3158 578 membro
3207 527 3519 599 vulnerato,

261 618 486 686 έστηκε,
523 617 716 670 δάκνον
745 616 894 679 αὐτὸ,
923 614 1069 668 οῦτω
1099 615 1194 668 καὶ
1217 615 1295 686 τῷ
1321 617 1421 686 τῆς
1448 616 1650 686 σαρκὸς
1677 615 1843 669 ἀσθε-

261 709 365 774 νεῖ,
397 692 650 770 ἀκούσιος
675 705 984 778 ἐπισυμϐἰις
1007 706 1336 778 πειρασμὸς,
1364 708 1490 778 ἀνιᾷ
1518 706 1606 760 διά
1624 705 1685 760 τδ
1708 721 1844 775 συγ-

261 796 420 863 γενὲς
447 797 547 868 τὴν
575 796 775 868 ψυχήν.

335 872 561 955 Ὥσπερ
589 885 712 954 σὴς
740 886 811 940 ἐν
839 885 1046 955 ίματίῳ
1069 924 1085 949 ,
1116 884 1216 940 καὶ
1246 884 1493 953 σκώληξ
1527 885 1712 952 ξύλῳ,
1743 885 1846 939 οὕ-

259 992 377 1042 τως
422 977 590 1044 λύπη
619 976 839 1046 ἀνδρὸς
859 975 1124 1041 βλάπτει
1150 974 1418 1044 καρδίαν.
1459 973 1726 1045 Καθάπερ
1750 974 1845 1029 λυ-

261 1066 548 1131 μαίνονται
582 1068 681 1136 σὴς
717 1067 816 1138 μὲν
851 1068 1052 1138 ἱματίῳ
1074 1108 1090 1131 ,
1126 1066 1346 1136 σκώληξ
1372 1065 1428 1119 δὲ
1455 1065 1597 1136 ξύλῳ
1621 1105 1636 1130 ,
1669 1065 1844 1130 οὕτως

259 1161 295 1229 ἡ
331 1160 482 1229 παρὰ
505 1157 796 1229 ἀνθρώπου
820 1158 964 1222 τινος
995 1158 1164 1228 λύπη,
1191 1155 1270 1227 τῷ
1292 1157 1429 1227 πρὸς
1450 1156 1640 1211 τοῦτον
1671 1156 1841 1228 μίσει,

259 1249 360 1320 τὴν
400 1248 740 1320 ἑτοιμοπαθῆ
778 1247 1154 1304 καταϐλάπτει
1193 1246 1395 1318 ψυχήν.

333 1345 443 1402 καν,
463 1337 569 1408 κβ’.
606 1339 748 1393 Ἐὰν
765 1336 940 1406 πεινᾷ
959 1340 992 1392 ό
1007 1337 1218 1406 ἐχθρός
1239 1353 1378 1402 σου,
1396 1335 1613 1406 ’ψώμιζε
1632 1337 1840 1391 αὐτόν’
1917 1389 1920 1393 .

257 1430 369 1485 ἐὰν
393 1428 576 1500 διψᾷ,
610 1429 804 1490 πότιζε
840 1432 1028 1485 αὐτόν
1051 1447 1067 1462 υ
1116 1430 1294 1484 τοῦτο
1330 1431 1440 1500 γὰρ
1485 1430 1694 1494 ποιῶν,
1734 1430 1842 1484 ἇν-

259 1526 482 1590 θρακας
501 1522 692 1590 πυρὸς
717 1523 1044 1591 σωρεύσεις
1065 1521 1165 1574 ἐπὶ
1189 1521 1305 1589 τὴν
1325 1521 1600 1591 κεφαλὴν
1619 1521 1804 1577 αὐτοῦ
1822 1537 1838 1552 ο

259 1617 293 1668 ό
314 1612 385 1666 δὲ
403 1613 618 1683 Κύριος
639 1612 1055 1669 ἀνταποδώσει
1081 1630 1182 1668 σοι
1203 1613 1417 1683 ἀγαθά.
1451 1613 1578 1668 Ἐάν
1604 1615 1633 1666 ὁ
1665 1613 1842 1683 μισῶν

260 1723 348 1768 σε,
368 1705 577 1777 τροφῆς
622 1707 719 1760 καὶ
755 1706 1002 1777 πόματὸς
1033 1707 1182 1758 ἐστιν
1209 1705 1391 1776 ἐνδεὴς
1411 1746 1426 1771 ,
1461 1705 1628 1776 τρέφε
1651 1704 1842 1760 τοῦτον

233 1799 358 1868 -καὶ
404 1797 628 1861 πότιζε·
665 1796 808 1851 οὕτω
857 1799 965 1868 γάρ
1012 1796 1318 1869 εὐεργετῶν
1363 1797 1556 1863 αύτδν,
1591 1796 1840 1864 συνάξεις

1947 614 2060 669 inzo
2091 614 2223 668 illud
2258 617 2470 684 pungit;
2501 616 2581 668 sic
2613 613 2916 668 inlirmitati
2940 617 3124 670 carnis
3152 619 3519 676 involuntaria

1947 705 2179 760 tentatio
2209 705 2507 760 adveniens
2537 706 2788 760 molestia
2827 705 2994 760 allicit
3021 707 3258 762 animam
3286 709 3364 773 ob
3395 727 3519 781 ejus

1946 810 2070 850 cum
2107 810 2340 865 corpore
2367 795 2707 850 allinilatem.

1989 884 2166 940 -Sicut
2191 887 2332 939 tinea
2366 887 2782 948 .vestimento,.et
2812 887 3003 942 vermis
3065 887 3243 959 ligno;
3296 890 3398 944 ita.
3424 892 3519 944 tri-

1944 975 2096 1032 stitia
2121 977 2220 1047 viri
2250 986 2397 1032 nocet
2436 978 2604 1032 cordi.
2659 977 3128 1043 Quemadmodum
3169 964 3312 1035 tinea
3369 983 3518 1037 laedit

1944 1068 2434 1125 vestimentnmet
2493 1069 2698 1126 vermis
2752 1070 3008 1140 lignum,
3066 1071 3141 1125 ita
3178 1073 3398 1128 tristitia
3452 1075 3522 1129 ab

1945 1158 2191 1224 homine,
2225 1157 2298 1216 ob
2335 1159 2472 1214 iram
2504 1169 2698 1216 contra
2734 1161 2914 1232 ipsum
2943 1162 3138 1217 anima:
3165 1171 3361 1219 nocet.
3396 1187 3401 1196 -
3465 1201 3472 1204 -
3567 1235 3571 1244 ι

2015 1335 2181 1391 Vens.
2221 1335 2281 1391 2l
2315 1377 2332 1402 ,
2357 1335 2448 1390 22.
2501 1333 2563 1390 Si
2589 1335 2835 1389 esurierit
2898 1336 3144 1392 inimicus
3201 1325 3360 1403 tuus,
3401 1339 3518 1394 ciba

1943 1429 2096 1483 illum
2117 1442 2135 1482 :
2158 1429 2208 1483 si
2231 1428 2449 1490 sitierit,
2478 1427 2547 1479 da
2581 1427 2664 1479 illi
2686 1443 2880 1497 aquam
2903 1426 3091 1483 bibere.
3113 1428 3242 1496 Hoc
3266 1430 3406 1485 enim
3431 1431 3518 1498 [a-

1943 1521 2126 1583 ciens,
2171 1536 2370 1590 prunas
2424 1520 2764 1589 eongregabis
2826 1535 2984 1588 super
3035 1531 3196 1588 caput
3259 1523 3404 1590 ejus,
3466 1534 3516 1576 et

1947 1611 2202 1667 Dominus
2251 1610 2431 1665 reddet
2463 1610 2555 1663 tibi
2586 1609 2740 1664 bona.
2799 1607 2862 1663 Si
2902 1610 3162 1665 inimicus
3235 1618 3363 1665 tuus
3392 1611 3518 1665 cibo

1943 1703 2038 1757 vel.
2067 1711 2198 1773 potu
2232 1702 2466 1771 indiget,
2503 1700 2630 1756 ciba
2679 1707 2736 1756 et
2772 1707 2900 1770 pota
2935 1699 3112 1754 illum.
3167 1701 3259 1757 Sic
3311 1701 3518 1757 beneﬁ-

1915 1795 2091 1850 .cium
2116 1794 2196 1850 illi
2223 1792 2521 1851 conferens
2552 1807 2817 1862 censeres
2864 1792 2922 1847 in
2956 1801 3193 1848 mentem
3245 1794 3380 1863 ejus.
3412 1808 3517 1847 co-

259 1889 355 1942 ἐπὶ
378 1888 469 1942 τὸν
497 1889 743 1960 ἡγεμόνα
786 1888 911 1942 νοῦν
935 1887 1150 1953 τούτου,
1177 1889 1536 1959 διανοήματα,
1564 1888 1722 1960 δίκην
1747 1889 1840 1942 ἀν⁹

1948 1885 2412 1957 gitationesquae,
2443 1885 2590 1940 sicut
2639 1885 2781 1954 ignis
2842 1900 3031 1954 prunas
3077 1884 3352 1938 malitiam.
3397 1885 3516 1952 ejus

231 2035 236 2038 .
260 1981 479 2053 θράκων
509 1980 678 2050 πυρὸς
704 1980 803 2052 τὴν
830 1979 1028 2033 κακίαν
1058 1979 1369 2050 ἐλέγχοντα,
1399 1979 1496 2033 καὶ
1524 1977 1588 2031 τὸ
1613 1978 1752 2051 πρὸς
1783 1978 1843 2032 σέ

261 2075 423 2142 μῖσος
455 2071 622 2126 αὐτοῦ
657 2069 1056 2124 κατακαίοντα·
1088 2071 1116 2123 ὁ
1148 2069 1206 2122 δέ
1239 2069 1354 2122 τῶν
1401 2068 1540 2123 ὅλων
1563 2071 1844 2141 Δεσπότης

234 2163 416 2228 θεὸς,
446 2162 669 2216 ἀνθότου
701 2159 776 2232 μὴ
819 2160 1098 2230 νενίκησαι
1127 2159 1207 2228 τῷ
1233 2159 1291 2225 ἐξ
1317 2161 1587 2229 ἐπηρείας
1616 2160 1710 2214 τοῦ
1736 2162 1842 2214 Σα-

257 2253 397 2306 τανᾶ
447 2253 582 2323 πρὸς
630 2253 690 2306 σὲ
741 2252 891 2322 μίσει
941 2249 1037 2303 τοῦ
1087 2249 1344 2318 ἀδελφοῦ,
1380 2249 1518 2303 ἀλλὰ
1550 2253 1844 2323 νενίκηκας

261 2344 462 2415 μᾶλλον
491 2343 622 2397 αὐτὸ
653 2345 718 2416 τῇ
747 2344 932 2414 άγαπῇ
961 2344 1028 2413 τῇ
1071 2341 1210 2413 πρὸς
1236 2341 1422 2405 αὐτὸν,
1455 2345 1568 2406 τοῖς
1601 2343 1842 2408 αἰωνίοις

258 2450 321 2486 σε
360 2434 654 2504 ἀμείψεται
693 2433 940 2502 ἀγαθοῖς.

329 2535 437 2594 κγ’.
467 2527 712 2594 Ἀνεμος
739 2524 963 2592 ,ϐορέας
989 2523 1271 2594 ἐξεγείρει
1307 2523 1461 2594 νέφη
1481 2541 1494 2557 ·
1518 2527 1843 2595 πρόσωπον

256 2615 328 2668 δὲ
359 2614 633 2681 ἀναιδὲς,
665 2610 957 2684 γλῶσσαν
996 2612 1254 2682 ἐρεθίζει.
1273 2613 1347 2665 Τὸ
1377 2615 1497 2684 μὲν,
1523 2615 1680 2688 δίκην
1708 2619 1841 2674 ἀνέ-

261 2716 365 2774 μου
404 2704 619 2776 βορέου,
680 2703 940 2774 χειμάζον
976 2704 1074 2768 τὰς
1102 2703 1281 2774 ψυχάς
1317 2707 1556 2776 πονηρὸν
1602 2707 1840 2779 πνεῦμα,

259 2796 478 2866 ζοφώδη
507 2795 676 2867 πάθη,
705 2794 781 2858 ὥς
810 2811 929 2848 τινα
959 2794 1094 2865 νέφη
1118 2833 1133 2859 ,
1165 2796 1442 2866 ἐπεγείρει
1469 2797 1680 2865 αὑταῖς,
1712 2801 1844 2854 ταύ-

257 2892 358 2953 τας
388 2888 732 2967 σκοτίζοντα,
763 2887 858 2942 καὶ
891 2887 966 2958 μὴ
995 2887 1174 2941 ἐῶντα
1220 2890 1341 2952 ταῖς
1391 2889 1576 2944 ἀκτῖσι
1621 2891 1714 2944 τοῦ
1745 2894 1843 2964 τῆς

257 2980 606 3051 δικαιοσύνης
621 2979 802 3034 Ἠλίου
839 2978 1314 3049 καταυγασθῆναιο
1352 2981 1380 3032 ὁ
1409 2979 1466 3032 δέ
1501 2983 1843 3055 χαρακτηρί-

259 3069 369 3136 ζων
412 3072 510 3143 τὴν
557 3069 1020 3142 ἐγκεκρυμμένην
1052 3071 1118 3140 τῇ
1159 3069 1305 3141 ψυχῇ
1339 3069 1580 3125 διάθεσιν
1610 3072 1746 3143 βίος,
1773 3075 1840 3144 τῇ

259 3164 352 3216 ἐπὶ
377 3166 488 3226 τοῖς
515 3164 760 3234 αἰσχροῖς
787 3161 974 3233 ἔργοις
1009 3162 1244 3232 αἰσχύνῃ
1269 3161 1406 3225 ὅλως
1437 3162 1514 3232 μὴ
1537 3165 1840 3233 περικαλυ-

1915 1975 2359 2047 -ι·εάιιιέυειιιεε,
2390 1976 2577 2033 odium
2626 1977 2748 2046 ejus
2805 1976 2858 2030 iu
2916 1985 2968 2032 te
2996 1985 3339 2033 consument.
3373 1976 3519 2032 Deus

1943 2074 2152 2131 autem,
2183 2066 2314 2135 quia
2340 2076 2449 2124 non
2482 2066 2662 2120 victus
2697 2066 2848 2122 fuisti
2891 2067 3017 2120 odio
3069 2066 3255 2120 fratris
3283 2067 3336 2120 in
3369 2078 3420 2121 te
3447 2083 3516 2121 ex

1943 2156 2146 2212 damno
2177 2155 2412 2220 Satanas,
2445 2159 2540 2213 sed
2585 2173 2616 2212 e
2664 2170 2854 2213 contra
2910 2159 3096 2212 odium
3154 2159 3286 2212 illud
3332 2159 3517 2214 chari-

1919 2252 2058 2301 tate
2097 2247 2155 2303 in
2202 2262 2329 2304 eum
2358 2247 2578 2314 vicisti,
2644 2249 2804 2306 bonis
2871 2249 3090 2305 aeternis
3157 2255 3210 2305 te
3257 2262 3514 2305 remune-

1943 2337 2110 2394 rabit.

2019 2511 2181 2570 Vsus.
2217 2514 2305 2569 25.
2360 2512 2552 2570 Ventus
2605 2515 2783 2586 aquilo
2827 2516 3052 2571 suscitat
3112 2518 3309 2584 nubes;
3351 2519 3516 2590 facies

1945 2616 2119 2662 autem
2156 2606 2429 2676 impudens
2463 2607 2696 2678 linguam
2748 2608 2950 2672 irritat.
2988 2607 3226 2678 Spiritus
3280 2624 3516 2680 nequam

1943 2699 2038 2768 qui
2071 2697 2216 2752 sicut
2245 2698 2433 2768 aquilo
2464 2706 2786 2768 tempestate
2813 2707 3031 2769 torquet
3064 2700 3308 2765 animas,
3344 2701 3398 2755 in
3433 2703 3516 2756 eis

1941 2790 2106 2861 quasi
2149 2791 2389 2850 nebulas
2450 2791 2653 2848 excitat
2694 2791 3016 2848 tenebrosas
3053 2794 3338 2864 passiones
3391 2793 3519 2851 illas

1942 2889 2282 2938 excaecantes
2313 2897 2378 2938 ac
2401 2897 2470 2937 ne
2500 2883 2645 2938 Solis
2692 2883 2916 2952 juStitiaa
2946 2883 3112 2939 radiis
3146 2884 3520 2942 illuminentur

1943 2973 2335 3044 impedientes.
2369 2973 2492 3028 Vita
2521 2982 2706 3030 autem
2734 2990 2858 3044 qua:
2880 2973 3015 3032 foris
3055 2978 3299 3032 ostendit
3328 2977 3520 3048 dispo-

1942 3063 2197 3117 sitionem
2225 3063 2281 3116 in
2311 3064 2494 3117 anima
2536 3063 2808 3118 occultam
2838 3103 2854 3127 ,
2884 3066 3096 3134 pudore
3154 3065 3222 3122 de
3268 3067 3519 3137 turpibus

1943 3153 2254 3210 actionibus
2285 3170 2395 3210 non
2424 3156 2643 3226 penitus
2665 3155 2944 3223 obvoluta,
2974 3157 3044 3213 ad
3064 3159 3517 3215 calumniandum

260 3253 551 3322 πτόμενος,
583 3254 664 3316 εἰς
697 3252 794 3323 τὴν
836 3251 1034 3305 ἐαυτοῦ
1081 3251 1396 3323 παραθήγει
1444 3251 1700 3326 διαϐολὴν
1741 3256 1840 3328 τὴν

1948 3259 2009 3302 se
2039 3246 2245 3301 excitat
2286 3247 2528 3316 linguam
2556 3246 2824 3303 videntis.

259 3341 508 3409 γλῶτταν
543 3341 638 3394 τοῦ
675 3341 914 3412 ὁρῶντος
952 3342 1139 3397 αὐτόν.
1778 3397 1787 3404 ,

331 3432 431 3486 κδ’.
471 3432 775 3500 Κρεῐσσον
819 3432 1007 3486 οἰκεῖν
1052 3432 1151 3486 ἐπὶ
1199 3436 1420 3504 γωνίας
1474 3437 1760 3508 δώματος,
1802 3439 1841 3508 ἣ

258 3522 407 3594 μετά
436 3522 724 3592 γυναικὸς
747 3523 1042 3592 λοιδόρου·
1075 3525 1146 3579 ἐν
1187 3529 1348 3597 οἰκίᾳ
1373 3530 1568 3600 κοινῇ.
1610 3532 1844 3586 Κάλλιον

259 3613 606 3684 άσυγκρίτως
636 3614 756 3667 ἐστὶ
783 3614 1128 3687 παραμένειν
1163 3617 1240 3689 τῷ
1273 3607 1597 3675 συνάπτοντί
1639 3622 1719 3692 τῷ
1765 3622 1844 3675 νοῒ

260 3701 359 3773 τὴν
386 3701 637 3773 αἴσθησιν
669 3703 813 3776 λόγῳ
831 3744 847 3770 ,
876 3705 952 3768 ώς
987 3706 1044 3758 έν
1080 3724 1187 3761 τινι
1213 3709 1386 3780 γωνίᾳ
1414 3710 1669 3775 εὐτελοῦς
1698 3729 1845 3775 τινος

261 3796 650 3867 καταλύματος
679 3796 776 3850 τοῦ
806 3797 1136 3868 φαινομένου
1187 3801 1418 3872 κόσμου,
1457 3802 1490 3874 ἦ
1537 3803 1595 3857 ἐν
1622 3803 1730 3874 ὅλῳ
1763 3803 1844 3875 τῷ

261 3887 472 3958 κόσμῳ,
508 3889 567 3951 ὃς
601 3890 717 3941 ἐστι
763 3889 942 3943 κοινὸν
982 3890 1330 3960 καταγώγιον
1373 3891 1466 3946 τοῦ
1500 3910 1558 3947 τε
1588 3893 1708 3958 νοὸς
1747 3895 1844 3948 καί

259 3976 356 4048 τῆς
388 3977 692 4047 αἰσθήσεως
712 3993 726 4008 ’
774 3974 865 4032 οἶα
899 3979 1424 4050 ἐπαναπαυομένων,
1456 3982 1550 4036 τοῦ
1585 3983 1683 4052 μὲν
1715 3985 1840 4050 νοὸς

261 4071 371 4131 τοῖς
417 4067 599 4138 λόγοις
627 4068 738 4123 τῶν
774 4070 1141 4141 φαινομένων,
1172 4073 1272 4142 τῆς
1318 4072 1362 4126 δ’
1389 4073 1696 4144 αἰσθήσεως
1728 4077 1842 4140 τοῖς

260 4158 453 4224 τύποις
498 4161 609 4214 τῶν
655 4163 960 4233 νοουμένων
1012 4165 1411 4236 συνδιατρίϐειν
1459 4166 1552 4220 τὸν
1597 4167 1724 4222 νοῦν
1771 4171 1839 4241 τῇ

261 4250 546 4306 διαϐαλλού
556 4270 622 4326 σῃ
645 4254 734 4307 διὰ
755 4253 854 4325 τῆς
879 4255 1093 4326 ἀπάτης
1112 4255 1222 4310 τῶν
1245 4260 1585 4328 φαινομένων
1606 4260 1673 4314 τά
1692 4261 1841 4316 νοούο

258 4331 400 4411 ’μενα
427 4341 697 4412 αἰσθήσει,
731 4344 1026 4398 κάντεῦθεν
1068 4347 1180 4409 τοῖς
1226 4345 1436 4418 τύποις,
1464 4349 1836 4421 ἐναπομένειν,

262 4431 356 4488 καὶ
394 4433 469 4504 μὴ
506 4432 806 4488 διαὸαίνειν
843 4434 982 4504 πρὸς
1015 4435 1115 4506 τὴν
1152 4437 1210 4488 ἐν
1247 4438 1392 4498 ὅλοις
1431 4439 1712 4509 ἀλήθειαν.

2025 3438 2193 3496 Vens.
2233 3440 2326 3496 24.
2371 3442 2563 3498 Melius
2602 3452 2679 3498 est
2709 3445 2888 3498 sedere
2925 3448 2981 3500 in
3013 3449 3208 3517 angulo
3237 3450 3469 3508 domatis
3499 3495 3516 3520 ,

1944 3549 2104 3602 quam
2139 3549 2258 3587 cum
2295 3534 2514 3589 muliere
2544 3537 2929 3591 contumeliosa
2955 3539 3008 3591 in
3036 3540 3190 3593 domo
3233 3549 3519 3600 communi.

1945 3618 2138 3677 Melius
2161 3630 2246 3676 est
2268 3620 2518 3690 profecto
2545 3637 2672 3676 cum
2699 3624 2910 3678 ratione
2946 3627 3324 3682 sensationenr
3352 3635 3518 3687 menti

1945 3711 2299 3781 conjung‘enti
2335 3727 2657 3782 permanere
2703 3715 2864 3783 quasi
2899 3715 2953 3768 in
2983 3718 3204 3786 angulo
3255 3721 3342 3773 vili
3385 3737 3520 3790 quin-

1945 3800 2071 3854 dam
2116 3803 2321 3872 tugurii
2370 3803 2662 3871 cujusdam
2720 3807 2908 3859 mundi
2957 3807 3234 3876 visibilis,
3267 3829 3428 3881 quam
3467 3815 3519 3868 in

1943 3898 2061 3946 toto
2097 3892 2351 3958 mundo-,
2392 3895 2485 3963 qui
2559 3903 2645 3950 est
2721 3911 3013 3952 commune
3059 3900 3418 3956 diversorimn
3467 3916 3523 3960 et

1944 3982 2146 4037 mentis
2173 3991 2227 4036 et
2281 3985 2616 4040 sensationis
2647 4025 2662 4050 ,
2703 3995 2883 4040 mente
2955 3989 3170 4054 quidem
3215 3993 3519 4047 rationibus

1943 4088 2131 4128 rerum
2173 4075 2520 4144 quiescente,
2555 4079 2882 4132 sensatione
2921 4093 3054 4134 vero
3085 4079 3138 4134 in
3177 4081 3368 4136 formis
3426 4102 3521 4138 co-

1939 4165 2238 4236 gitatorum
2292 4167 2640 4230 immorante,
2677 4179 2913 4224 mentem
2955 4171 3207 4228 habitare
3237 4189 3360 4228 cum
3391 4192 3517 4231 sen-

1941 4258 2155 4313 satione
2207 4274 2325 4328 quae
2353 4275 2420 4314 ex
2465 4261 2790 4330 deceptione
2821 4262 3118 4318 visibilium
3154 4267 3382 4336 cegitata
3423 4284 3519 4322 ca-

1941 4350 2246 4405 lumniatur
2301 4361 2355 4406 et
2413 4352 2536 4406 ideo
2595 4354 2877 4408 immorari
2932 4357 2988 4410 in
3049 4355 3242 4414 formis
3286 4372 3338 4415 et
3411 4379 3517 4418 non

1899 4481 1911 4492 .
1941 4444 2241 4502 ascendere
2266 4444 2334 4498 ad
2379 4447 2664 4500 veritatem
2695 4447 2750 4500 in
2781 4448 3060 4505 omnibus.

330 4529 428 4578 κε’.
456 4523 686 4592 Ὥσπερ
717 4523 875 4594 ὕδωρ
903 4525 1166 4595 ψυχρὸν,
1191 4526 1365 4597 ψυχῇ
1387 4527 1627 4604 διψώσῃ
1656 4546 1840 4600 προσ-

2019 4533 2184 4608 Vens.
2224 4534 2316 4590 25.
2365 4535 2516 4590 Sicut
2554 4553 2692 4605 aqua
2753 4537 2980 4609 frigida
3017 4541 3213 4595 animm
3266 4543 3521 4611 sitienti,

260 4615 424 4684 ηνὲς,
455 4615 643 4682 οὕτως
693 4617 944 4687 ἀγγελία
988 4617 1183 4687 ἀγαθὴ
1237 4617 1307 4671 ἐκ
1360 4618 1474 4688 γῆς
1519 4625 1836 4689 μακρόθεν.

261 4704 525 4775 Καθάπερ
557 4703 701 4774 ὕδωρ
740 4705 1106 4776 ψυχρώτατον
1160 4706 1396 4778 ὑπάρχει
1447 4707 1671 4778 διψῶντι
1717 4710 1840 4782 ζώῳ

263 4796 599 4867 θελκτήριον,
625 4796 769 4850 οὕτω
800 4795 896 4850 καὶ
933 4798 1000 4865 τῇ
1047 4796 1139 4850 τὸν
1173 4797 1438 4853 καύσωνα
1486 4800 1596 4854 τῶν
1642 4818 1841 4874 πειρα-

263 4887 438 4957 σμῶν,
474 4889 567 4941 καὶ
597 4888 697 4958 τῆς
721 4889 926 4960 ἀρετῆς
950 4889 1009 4942 τὸ
1033 4889 1290 4942 ἐπίπονον
1312 4891 1576 4956 γενναίως
1599 4895 1840 4968 φερούσῃ

258 4978 438 5050 ψυχῇ,
468 4979 709 5052 ἡδυτάτη
736 4980 883 5034 ἐστὶν
909 4983 942 5052 ἡ
967 4980 1066 5052 τῆς
1096 4981 1241 5035 κατά
1264 4980 1325 5034 τὸ
1357 4981 1551 5054 μέλλον
1578 4985 1841 5057 κληρονο-

263 5069 389 5142 μίας
425 5071 525 5140 τῆς
570 5070 676 5142 γῆς
711 5071 823 5125 τῶν
856 5071 1080 5144 πραέων
1122 5072 1458 5143 ἐπαγγελία·
1512 5077 1580 5146 τῇ
1629 5075 1739 5128 τῶν
1781 5078 1840 5130 ἐν

259 5162 429 5236 ταύτῃ
477 5165 542 5235 τῇ
571 5165 642 5235 γῇ
672 5161 895 5234 ἀγαθῶν
927 5164 1102 5218 ἐλπίδι
1131 5164 1528 5238 παρακαλοῦσα
1555 5166 1654 5221 καὶ
1700 5168 1836 5222 ἀνα-

260 5255 510 5327 κτωμένη
548 5273 648 5327 την
683 5254 942 5328 τοιαύτην
980 5256 1177 5328 ψυχήν.

267 5337 272 5342 ’
327 5355 442 5414 σις’.
467 5349 694 5418 Ὠσπερ
725 5348 780 5402 εί
815 5365 905 5414 τις
937 5347 1141 5419 πηγὴν
1171 5347 1460 5418 φράσσοι,
1490 5351 1586 5404 καὶ
1614 5351 1832 5420 ὕδατος

262 5437 470 5503 ἔξοδον
501 5438 881 5508 λυμαίνοιτο,
916 5437 1104 5504 οὕτως
1136 5437 1412 5509 ἄκοσμον
1456 5439 1689 5495 δίκαιον
1723 5457 1829 5497 πε-

260 5528 550 5604 πτωκέναι
582 5527 841 5583 ἐνώπιον
871 5527 1150 5595 ἀσεϐοῦς.
1192 5530 1458 5598 Καθάπερ
1496 5531 1592 5584 ἐάν
1619 5549 1704 5596 τις
1727 5535 1828 5604 ἐμ-

265 5623 484 5694 φράττοι
519 5621 723 5694 πηγὴν,
756 5623 848 5675 καὶ
881 5620 1026 5694 ὕδωρ
1075 5624 1140 5676 ἐκ
1191 5622 1395 5694 ταύτης
1444 5623 1643 5678 κωλύοι
1676 5624 1830 5697 saep.

262 5715 468 5787 χεσθαι,
496 5715 719 5786 ἀπρεπῆ
742 5713 946 5785 ταύτην
983 5713 1315 5784 ἐργάζεται,
1343 5715 1622 5784 ἀφανίζων
1660 5719 1730 5782 τὰ
1773 5719 1830 5785 ἐξ

262 5808 424 5878 αὐτῆς
451 5805 821 5874 άναϐλύζοντα
853 5807 1187 5863 διειδέστατα
1211 5808 1448 5880 νάματα’
1478 5807 1651 5872 οὕτως
1681 5809 1829 5864 ἐστὶν

1947 4625 2024 4679 sic
2054 4627 2271 4681 nuntius
2310 4627 2476 4682 bonus
2511 4628 2574 4682 de
2611 4637 2753 4683 terra
2799 4632 3104 4703 longinqua.
3150 4632 3512 4698 Quemadmo-

1945 4718 2076 4773 dum
2109 4733 2246 4789 aqua
2301 4719 2659 4790 frigidissima
2725 4723 2982 4778 illecebra
3019 4726 3238 4782 exsistit
3296 4731 3517 4784 animali

1933 4809 2181 4876 sitienti,
2211 4810 2282 4864 ita
2313 4821 2368 4865 et
2399 4798 2597 4867 animae
2619 4829 2885 4883 generose
2925 4815 3122 4871 ferenti
3153 4820 3515 4873 tentationum

1945 4910 2138 4957 aestum
2179 4908 2236 4956 et
2273 4902 2496 4960 virtutis
2525 4904 2744 4960 labores
2764 4906 3084 4962 dulcissima
3112 4916 3196 4961 est
3227 4910 3527 4976 promissio

1945 4990 2146 5046 futurae
2175 4991 2511 5050 luereditatis
2536 4995 2590 5049 in
2625 5001 2770 5050 terra
2797 5003 3229 5050 mansuetorum.
3251 4993 3373 5048 Haec
3401 5011 3518 5065 pro-

1944 5083 2138 5138 missio
2168 5099 2265 5154 spe
2303 5085 2578 5142 bonorum
2635 5087 2799 5159 hujus
2856 5093 3018 5141 terra
3063 5083 3226 5140 talem
3278 5087 3521 5142 animam

1943 5176 2264 5232 consolatur
2281 5185 2337 5234 et
2386 5180 2588 5236 reficit.

2011 5356 2178 5413 Vens.
2212 5357 2304 5411 26.
2353 5339 2510 5412 Sicut
2530 5357 2578 5411 si
2615 5357 2733 5426 quis
2784 5355 2984 5425 fontem
3021 5355 3262 5410 obstruat
3294 5367 3342 5412 et
3367 5375 3520 5426 aqua:

1942 5450 2141 5502 exitum
2169 5449 2484 5517 disperdat:
2516 5449 2593 5501 sic
2629 5447 2870 5508 indecens
2912 5457 2988 5502 est
3016 5445 3223 5518 justum
3268 5449 3524 5503 cecidisse

1939 5557 2120 5596 coram
2167 5542 2352 5609 impio.
2385 5539 2854 5606 Quemadmodum
2887 5541 2932 5596 si
2965 5541 3088 5612 quis
3123 5541 3372 5596 obstruat
3402 5541 3521 5596 fon-

1939 5639 2046 5686 tem
2071 5638 2126 5686 et
2155 5626 2350 5699 aquam
2375 5643 2440 5682 ex
2466 5643 2530 5682 ea
2551 5629 2700 5683 exire
2731 5627 3012 5697 impediat;
3034 5627 3344 5682 indecorant
3373 5628 3520 5681 illam

1935 5723 2127 5787 ellicit,
2184 5720 2255 5774 ab
2320 5727 2547 5789 aspectu
2589 5733 2874 5773 removens
2931 5718 3236 5773 clarissima
3286 5732 3349 5772 ex
3403 5717 3522 5784 ipsa

1936 5829 2056 5883 qua:
2091 5810 2404 5868 scaturiunt
2433 5812 2681 5891 ﬂuenta;
2736 5809 2818 5867 sic
2879 5807 3196 5864 indecorum
3237 5816 3325 5863 est
3367 5805 3517 5862 iitum
