3900 6228
263 453 398 522 1-173
1219 422 1745 492 COMMENTARII
1785 420 1863 481 IN
1907 419 2364 480 PROVERBIA.
3367 419 3502 482 mu

333 569 455 634 s-C'.
497 563 590 631 Μὴ
638 537 997 622 ἀλαζονεύου
1047 533 1861 612 ἐνὼπιονβασιλέως,ιιηδὲ.

2009 533 2169 587 Vens.
2207 531 2319 585 5-7.
2356 520 2438 585 Ne
2495 531 2722 600 gloriose
2773 541 2820 586 te
2869 540 3093 586 ostentes
3145 546 3323 584 coram
3365 548 3505 600 rege,

333 610 357 623 υ
391 610 455 634 ,.
497 610 587 631 ..-.,
641 610 829 622 me,“
898 610 904 612 ,
1319 610 1330 612 _
1689 610 1692 611 ν

257 665 328 717 ὲν
376 661 583 722 τόποις
630 648 949 707 δυναστῶν
992 645 1329 715 ὑφίστασω
1375 637 1666 707 κρεῖσσον
1717 631 1828 702 γάρ

1971 639 2092 692 eque
2121 625 2176 676 in
2209 624 2335 676 locis
2364 625 2659 691 principum
2690 623 2921 676 steteris.
2949 622 3142 676 Melius
3175 631 3250 676 est
3278 622 3418 676 enim
3443 632 3503 674 at
3598 610 3607 619 “

259 713 361 806 σοι
381 713 447 803 τὸ
468 713 754 816 ῥηθῆναι,
775 713 1075 795 Ἀνάϐαινε
1101 734 1249 803 πρός
1270 749 1366 802 με,
1394 731 1432 798 ἢ
1465 725 1831 783 ταπεινῶσαι

1973 720 2143 776 icatur
2161 717 2274 777 tibi,
2294 715 2529 768 Ascende
2543 715 2611 766 ad
2631 729 2729 777 me,
2745 730 2898 783 quam
2917 723 2974 766 ut
3003 713 3298 767 huntilieris
3321 728 3506 766 coram

261 861 336 900 σε
367 842 435 895 ἑν
465 835 761 906 προσώπῳ
789 831 1116 886 δυνάστου.
1160 825 1252 894 Μὴ
1283 824 1392 877 οἴου
1427 819 1648 874 σεαυτὸν
1677 814 1832 879 ἀξίας

1971 805 2185 873 rincipe.
2241 802 2318 858 Ne
2376 816 2533 874 putes
2591 805 2939 872 temetipsum
3002 803 3183 870 aliqua
3239 801 3506 871 dignitate

260 932 404 994 τινος
435 905 607 994 ἀξιον,
643 924 750 999 πρρ
793 923 886 976 τοῦ
919 917 1218 988 ἀξιωθῆναι
1250 913 1450 980 ταύτης
1482 907 1632 978 παρά
1657 905 1792 959 Θεοῦ
1816 921 1829 936 ·

267 1024 387 1094 μηδ’
416 1021 668 1089 ὲπίτρετίε
698 1018 916 1084 ἀρχαῖς,
943 1009 1314 1084 ἁρμοζούσαις
1334 1002 1560 1074 ἀνδράσι
1591 999 1836 1052 καθυπο-

261 1117 517 1168 τάττουσι
544 1113 620 1180 τῷ
649 1111 960 1180 φρονήματι
991 1103 1085 1155 τοῦ
1118 1099 1427 1170 πνεύματος
1447 1138 1461 1161 ,
1494 1094 1555 1147 τὸ
1580 1091 1837 1163 φρόνημα

263 1209 364 1277 τῆς
396 1203 601 1276 σαρκός
619 1220 633 1234 ·
667 1200 887 1254 κάλλιον
913 1196 1021 1266 γάρ
1051 1197 1166 1247 ἐστι
1193 1185 1724 1258 ταπεινοφρονοῦντά
1753 1200 1835 1246 σε,

265 1273 362 1352 καὶ
415 1273 634 1359 ἀνάξιον
684 1290 876 1346 ἑαυτὸν
922 1287 1177 1357 κρίνοντα
1225 1283 1404 1352 πάσης
1457 1277 1652 1349 ἀρχῆς,
1703 1273 1840 1344 πρὸς

263 1389 474 1458 ταύτην
505 1385 773 1454 κληθῆναι
804 1377 955 1449 παρὰ
983 1376 1140 1440 Θεοῦ,
1166 1375 1199 1444 ἢ
1235 1371 1611 1442 ἐπιτρέχοντα,
1637 1365 1839 1434 ταύτης

264 1456 672 1550 ἀποῤῥιφῆναι·
699 1471 884 1542 ἑτέρου
906 1467 1036 1538 παρ’
1060 1465 1222 1521 αὐτοῦ
1249 1459 1681 1534 προσκληθέντος
1702 1456 1841 1526 πρὸς

243 1571 494 1644 ταύτην,
533 1564 627 1619 τοῦ
667 1563 932 1635 πρότερον
971 1558 1234 1630 ἄρξαντος
1273 1553 1486 1608 ἑαυτοῦ.

344 1665 411 1717 Ἃ
448 1659 612 1715 εἶδον
648 1659 702 1712 οἱ
737 1651 1032 1724 ὀφθαλμοί
1055 1666 1194 1713 σου,
1222 1646 1380 1716 λέγε.
1412 1645 1590 1712 ’Ἀπερ
1615 1643 1672 1697 αἱ
1705 1641 1840 1695 θεω-

272 1753 492 1828 ρητικαί
515 1768 608 1805 σου
628 1749 892 1817 δυνάμεις
913 1742 1215 1799 κατέλαϐον
1237 1740 1354 1794 θεῖα
1381 1739 1684 1808 θελήματα,
1709 1735 1813 1788 καθ
1831 1732 1845 1753 ’

270 1827 308 1904 ἃ
351 1847 422 1900 τὰ
463 1845 641 1901 πάντα
683 1839 963 1909 γεγόνασι,
995 1836 1178 1906 λόγοις
1210 1851 1272 1887 τε
1300 1833 1394 1887 καὶ
1423 1830 1607 1903 ἔργοις
1636 1827 1840 1891 αὐτοῖς,
1877 1876 1917 1935 Β

269 1941 510 1994 δίδασκε.
1201 1981 1204 1986 ,

342 2027 466 2102 η-ι’.
507 2019 602 2094 Μὴ
645 2023 987 2092 πρόσπιπτε
1017 2021 1102 2086 είς
1122 2017 1329 2089 μάχην
1353 2013 1598 2084 ταχέως,
1627 2012 1728 2066 ἵνα
1760 2011 1846 2078 μὴ

267 2118 688 2193 μεταμεληθῇς
705 2118 806 2171 ἐπ’
827 2113 1101 2184 ἐσχάτων
1118 2130 1134 2145 ·
1167 2111 1348 2178 ἡνίκα
1370 2109 1448 2162 ἄν
1476 2122 1550 2160 σε
1577 2103 1848 2170 ὀνειδίσῃ

275 2219 308 2270 ὀ
347 2217 526 2284 φίλος
555 2227 673 2266 σου
693 2249 709 2273 ,
735 2208 1028 2276 ἀναχώρει
1056 2208 1143 2271 εἰς
1181 2204 1254 2258 τὰ
1279 2203 1472 2256 ὀπίσω
1495 2215 1509 2230 ο
1542 2197 1626 2266 μὴ
1670 2196 1850 2249 icura-

273 2306 500 2376 φρόνει,
525 2303 609 2371 μή
645 2318 718 2355 σε
750 2298 1016 2366 ὀνειδίσῃ
1045 2295 1162 2364 μὲν
1196 2298 1227 2348 ὀ
1268 2295 1467 2362 φίλος,
1498 2291 1534 2357 ὴ
1580 2289 1648 2341 δὲ
1685 2285 1850 2356 μάχη

277 2413 393 2453 σου
415 2395 512 2450 καὶ
548 2396 586 2461 ἢ
617 2394 805 2462 ἔχθρα
831 2393 944 2445 οὐκ
966 2387 1244 2450 ἀπέσται,
1262 2385 1399 2440 ἀλλ’
1422 2385 1591 2436 ἔσται
1618 2394 1716 2435 σοι
1745 2379 1850 2443 ἴση

277 2487 530 2552 θανάτῳ.
571 2485 663 2555 Μὴ
694 2481 1098 2550 ἀσυλλογίστως
1125 2481 1272 2549 ὅρμα
1299 2475 1434 2546 πρὸς
1462 2473 1681 2543 ἔχθραν,
1705 2468 1850 2532 ὅπως

282 2579 354 2650 μὴ
383 2576 562 2647 ἐαυτῷ
599 2574 894 2644 ὲπιμέμφῃ
923 2573 980 2633 ἐς
1009 2569 1268 2640 ὕστερονο
1300 2565 1413 2618 ἀλλ’
1436 2565 1566 2617 ὅταν
1615 2561 1705 2612 ὲπί
1748 2577 1854 2613 τινι

277 2669 420 2737 λόγῳ
445 2667 478 2737 ἢ
501 2667 646 2736 ἔργῳ
673 2664 826 2734 φίλος
852 2680 933 2715 σοι
962 2660 1267 2732 μέμψηται,
1289 2654 1397 2710 ἀπὸ
1423 2654 1528 2707 τῶν
1556 2650 1856 2721 ἐπταισμέ-

278 2779 385 2814 νων
440 2777 521 2812 σοι
569 2756 784 2810 ἔκκλινε
831 2750 1323 2822 ὲξασφαλιζόμενος
1371 2746 1620 2812 σεαυτὸν,
1659 2743 1857 2814 μηκέτι

279 2854 393 2916 τοῖς
427 2848 635 2919 ὁμοίοις
665 2845 986 2917 περιπεσεῖν
1008 2857 1021 2871 ·
1054 2843 1148 2894 καὶ
1191 2840 1265 2910 μὴ
1305 2837 1405 2906 τὴν
1433 2837 1567 2906 πρὸς
1604 2835 1692 2887 τὸν
1723 2833 1858 2906 πλη-

283 2943 398 2996 σίον
425 2941 645 3010 ἀγάπην
677 2936 875 3009 μικρὸν
905 2935 1136 3005 πρᾶγμα
1156 2931 1292 3002 ἡγοῦ
1315 2945 1328 2960 ·
1348 2931 1502 2991 ὅπως
1531 2927 1603 2998 μὴ
1638 2924 1858 2997 μέμψη-

281 3053 374 3089 ται
422 3034 520 3104 μέν
571 3049 654 3085 σοι
685 3029 847 3090 αὐτὸς
868 3072 881 3093 ,
908 3027 994 3095 ἐφ’
1023 3021 1066 3093 ᾧ
1099 3024 1174 3095 μὴ
1202 3024 1446 3088 διετέθῃς
1491 3019 1675 3079 καλῶς
1724 3017 1860 3088 πρὸς

284 3127 468 3186 αὐτὸν,
507 3126 540 3193 ἡ
584 3122 638 3174 δὲ
678 3119 903 3184 διένεξις
927 3116 1106 3171 καὶτὸ
1141 3117 1319 3184 μῖσος,
1354 3113 1454 3166 οὐκ
1485 3109 1858 3180 ἀποστήσεται

285 3215 395 3267 ἀπὸ
436 3213 532 3265 σοῦ
554 3229 568 3244 ο
605 3211 740 3266 ἀλλά
768 3209 946 3278 ψυχῆς
981 3206 1194 3277 ὑπάρξῃ
1230 3222 1312 3258 σοι
1343 3203 1591 3264 θάνατος.

358 3305 536 3374 Χάρις
565 3304 662 3356 καὶ
688 3301 862 3370 φιλία
893 3299 1229 3366 ἐλευθεροῖο
1268 3297 1339 3362 ἂς
1370 3296 1641 3363 τήρησον
1679 3308 1862 3347 σεαυ-

288 3398 390 3463 τῷ,
443 3399 541 3449 ἵνα
575 3394 660 3463 μὴ
703 3389 1116 3452 ἐπονείδιστος
1158 3387 1336 3457 γένῃ·
1381 3386 1540 3440 ἀλλὰ
1586 3383 1866 3454 φύλαξον

293 3491 396 3552 τὰς
422 3487 601 3551 ὀδούς
635 3500 750 3538 σου
778 3478 1306 3542 εὐσυναλλάκτως.
1348 3477 1422 3528 Τὸ
1472 3479 1746 3545 χάρισμα·
1766 3474 1862 3543 τῆς

293 3579 484 3648 σοφίας
513 3578 608 3630 καὶ
642 3577 674 3645 ὴ
698 3574 884 3643 ἀγάπη
902 3611 917 3636 ,
947 3569 1172 3639 ἀγνοίας
1201 3567 1601 3622 ἀπαλλάττουσι
1631 3566 1726 3618 καὶ
1763 3582 1864 3616 κα-

295 3671 452 3734 κίας·
493 3669 558 3730 ἃς
591 3665 829 3736 φύλαξον
865 3661 1015 3733 παρὰ
1045 3659 1279 3729 σεαυτῷ,
1312 3659 1459 3719 ὅπως
1497 3656 1571 3726 μὴ
1618 3654 1868 3727 ὑπάρξῃς

294 3763 624 3831 κατάκριτος
647 3775 660 3788 ·
694 3754 832 3810 ἀλλὰ
861 3755 1125 3824 τήρησον,
1145 3748 1544 3831 ἇνθρωπεζτάς
1591 3746 1726 3816 πρὸς
1769 3744 1868 3815 τὴν

297 3825 492 3922 σοφίαν
517 3851 613 3904 καὶ
640 3849 738 3919 τὴν
782 3847 1000 3914 ἀγάπην
1047 3841 1389 3913 θεωρητικὰς
1404 3825 1516 3891 Qui
1557 3835 1871 3908 πρακτικὰς

295 3946 520 4017 πορείας
553 3945 671 4008 σου,
702 3940 882 4002 καλῶς
911 3937 1166 4007 ἀλλήλαις
1188 3933 1298 3987 τῶν
1317 3932 1532 3986 οἰκείων
1557 3928 1870 4002 μεταδιδού-

297 4053 426 4099 σας·
467 4038 607 4089 αἰτεῖ
645 4033 745 4105 μὲν
777 4028 1055 4101 πρακτικὴ
1085 4028 1183 4098 τὴν
1210 4022 1569 4094 θεωρητικὴν,
1589 4022 1699 4076 τῶν
1715 4020 1873 4074 κατὰ

295 4129 498 4200 γνῶσιν
529 4126 704 4194 λόγων
725 4141 741 4155 ’
773 4124 808 4194 ἡ
834 4121 892 4174 δὲ
925 4117 1236 4191 θεωρητικὴ
1262 4116 1361 4187 τὴν
1393 4113 1736 4186 πρακτικὴνξ,
1763 4112 1872 4166 τῶν

300 4221 419 4274 κατ’
453 4217 652 4289 ἀρετὴν
677 4215 896 4285 τρόπων
916 4227 932 4244 ο
979 4209 1120 4264 ὥστε
1147 4207 1450 4279 ψυχοῦσθαι
1486 4205 1586 4274 μὲν
1610 4203 1712 4274 τὴν
1741 4204 1874 4274 ἀρε-

297 4313 395 4383 τὴν
427 4310 569 4365 κατά
597 4308 753 4376 λόγον
773 4321 786 4335 ·
821 4301 1205 4376 σωματοῦσθαι
1226 4301 1283 4354 δὲ
1302 4298 1392 4352 τὸν
1416 4297 1574 4366 λόγον
1599 4295 1723 4350 κατ’
1744 4295 1874 4366 ἀρε-

299 4405 420 4473 τήν.

373 4499 464 4547 ια’.
505 4490 714 4559 Μῆλον
751 4486 1026 4558 χρυσοῦν
1058 4486 1128 4539 ἐν
1155 4483 1419 4552 ὀρμίσκῳ
1455 4480 1730 4549 σαρδίου,
1771 4479 1870 4534 οὖ-

301 4603 414 4650 τως
438 4584 628 4638 εἰπεῖν
651 4583 839 4649 λόγον
869 4578 990 4650 [ἐπὶ
1019 4575 1377 4647 άρμόζουσιν
1414 4571 1616 4645 antris].
1654 4573 1740 4635 Ὡς
1767 4572 1874 4642 μῆ-

302 4678 392 4731 λον
439 4673 696 4746 χρυσοῦν,
727 4669 1014 4742 ἐμπρέπον
1065 4665 1474 4738 περιτραχηλίῳ
1522 4664 1732 4733 κόσμῳ,
1767 4663 1874 4716 ἀπὸ

303 4767 454 4819 λίθου
483 4763 724 4833 σαρδίου,
755 4759 932 4823 οὕτως
973 4759 1035 4811 τὸ
1069 4756 1298 4827 λαλῆσαι
1350 4753 1508 4823 λόγον
1556 4753 1877 4806 διδάσκοντα

307 4859 573 4926 σωτήρια,
600 4855 878 4924 ἐμπρέπει
902 4851 978 4922 τῷ
1000 4849 1243 4920 κοσμίως
1269 4846 1476 4917 βιοῦντι
1497 4847 1620 4899 κατ’
1639 4847 1839 4916 ἀρετήν
1859 4862 1874 4877 ο

303 4945 382 5015 τῷ
414 4945 512 5016 βίῳ
544 4944 652 5014 γὰρ
683 4945 711 4996 ὁ
737 4941 895 5009 λόγος
925 4936 1418 5009 συναρμοζόμενος,
1453 4933 1654 5002 πολλὴν
1680 4933 1879 4984 ἀποτε-

303 5039 387 5092 λεῖ
420 5040 520 5107 τὴν
559 5035 918 5108 ἐμπρέπειαν.

378 5131 442 5200 ιβ’
510 5131 634 5194 Εἷς,
662 5125 906 5180 ἐνώτιον
949 5121 1222 5192 χρυσοῦν
1256 5118 1507 5187 σάρδιον
1547 5113 1882 5179 πολυτελὲς

307 5222 564 5282 δέδεται,
602 5217 786 5287 λόγος
842 5217 1065 5284 σοερίας
1105 5215 1193 5278 είς
1229 5211 1490 5276 εὐήκοον
1515 5203 1647 5274 οὖς.
1685 5207 1771 5269 Ὠς
1801 5208 1880 5268 είς

306 5315 526 5368 ἐνώτιον
549 5312 782 5381 χρύσεον
809 5307 1025 5377 σάρδιον
1054 5304 1283 5368 δέδεται,
1317 5301 1594 5372 διαφόροις
1625 5297 1883 5369 χρώμασι

309 5404 731 5473 πεποικιλμένον
753 5441 769 5464 ,
800 5397 972 5460 οὕτως
1001 5399 1082 5460 είς
1119 5395 1289 5464 ἀκοὴν
1317 5395 1384 5464 τῇ
1413 5391 1696 5459 εὐπειθείᾳ
1725 5405 1884 5442 κεκο-

311 5497 619 5567 σμημένην,
647 5494 712 5546 δι’
737 5493 913 5562 ἔργων
939 5488 1275 5560 κεκράτηται
1305 5485 1534 5550 ἄληστος
1555 5523 1569 5545 ,
1605 5485 1634 5536 ὁ
1666 5481 1882 5534 πολυει-

309 5593 406 5662 δὴς
441 5592 552 5652 τοῖς
590 5587 813 5658 τρόποις
851 5582 963 5636 τῶν
1001 5577 1213 5652 ἀρετῶν
1248 5575 1628 5639 διδασκαλικὸς
1665 5573 1844 5642 λόγος.

385 5779 467 5839 ιγ’.
506 5769 727 5836 Ὠσπερ
753 5763 964 5830 ἔξοδος
985 5762 1187 5831 χιόνος
1203 5759 1274 5812 ἐν
1292 5754 1495 5826 ἁμητῷ
1517 5754 1668 5808 κατὰ
1686 5752 1884 5822 καῦμα

312 5861 546 5930 ὠφελεῖ,
565 5865 749 5926 οὕτως
773 5858 1027 5928 ἅγγελος
1058 5851 1273 5919 πιστὸς
1296 5849 1418 5916 τοῖς
1445 5847 1880 5904 άπυστείλασιν

1935 897 2184 966 dignum,
2215 895 2533 964 priusquam
2579 894 2670 948 illa
2710 894 2907 964 dignus
2938 909 2971 946 a
2998 893 3106 946 Deo
3151 892 3320 946 lueris
3351 890 3510 945 habi-

1939 998 2076 1056 tus;
2129 1001 2307 1056 neque
2364 986 2657 1055 dignitates
2712 983 2928 1053 reqiuire
2986 997 3109 1052 quae
3175 983 3510 1036 conveniunt

1938 1079 2252 1132 hominibus
2310 1078 2594 1146 sap-lentim
2646 1076 2875 1146 spiritus
2940 1074 3123 1128 carnis
3186 1073 3507 1142 sapientiam

1939 1167 2460 1224 subordinantibus.
2495 1165 2685 1220 Melius
2727 1173 2813 1221 est
2861 1165 3006 1219 enim
3056 1173 3110 1220 te.
3159 1161 3512 1231 temetipsum

1941 1259 2322 1314 lutmiliantem
2354 1265 2409 1313 et
2442 1257 2722 1324 indignum
2779 1256 2926 1309 omni
2970 1253 3234 1323 dignitate
3273 1261 3324 1304 te
3364 1251 3514 1320 judi-

1942 1360 2158 1406 eantem
2199 1367 2229 1404 a
2269 1350 2381 1404 Deo
2427 1349 2492 1402 ad
2540 1347 2710 1417 ipsam
2760 1346 2944 1400 vocari
2988 1360 3154 1414 quam
3202 1351 3517 1398 currentem

1941 1441 2010 1495 ab
2039 1456 2102 1494 ea
2136 1440 2343 1511 repelli,
2368 1437 2496 1490 dum
2535 1437 2678 1491 alius
2711 1435 2805 1505 qui
2847 1435 3001 1504 prius
3043 1430 3369 1500 sibimetipsi
3411 1429 3515 1483 im-

1945 1536 2156 1605 peravit
2187 1533 2251 1586 ad
2286 1531 2432 1585 illam
2466 1538 2694 1585 vocatus
2732 1527 2910 1582 fuerit.

2017 1625 2149 1691 Quae
2197 1623 2437 1678 viderunt
2489 1621 2628 1675 oculi
2675 1620 2782 1684 tui,
2833 1617 2938 1671 die.
2985 1617 3132 1682 Quas
3181 1614 3376 1669 animae
3412 1623 3518 1666 tuae

1947 1719 2298 1789 speculalivae
2351 1716 2642 1770 facultates
2672 1713 2888 1766 divinas
2928 1717 3294 1778 perceperunt
3321 1705 3519 1760 volun-

1950 1819 2108 1872 tates,
2145 1808 2344 1878 quibus
2377 1806 2561 1860 omnia
2602 1803 2745 1858 facta
2785 1809 2932 1868 sunt,
2961 1799 3143 1855 verbis
3173 1807 3228 1854 et
3257 1797 3521 1870 operibus

1952 1903 2086 1973 ipsis
2115 1901 2402 1955 annumin.

2019 1993 2184 2049 Vens.
2229 1993 2380 2046 8-40.
2424 1988 2507 2044 Ne
2554 2004 2841 2059 procurras
2887 1986 2956 2040 ad
2991 1986 3232 2056 jurgium
3275 1985 3414 2046 cito;
3462 1991 3520 2036 ut

1951 2104 2055 2142 non
2090 2097 2136 2140 te
2169 2086 2417 2155 pwniteat
2473 2084 2527 2137 in
2577 2081 2876 2136 novissimis
2915 2093 2934 2132 :
2973 2077 3105 2132 Cum
3146 2085 3192 2132 te
3229 2076 3521 2144 exprobra-

1950 2177 2079 2232 verit
2116 2176 2316 2228 anticus
2355 2187 2494 2237 tuus,
2525 2171 2706 2226 recede
2735 2171 2791 2224 in
2820 2171 3140 2239 posteriora.
3176 2165 3258 2220 Ne
3289 2175 3524 2220 contem-

1953 2284 2071 2332 nas,
2116 2282 2180 2319 ne
2214 2273 2262 2319 te
2298 2263 2506 2335 quidem
2539 2261 2812 2330 exprobret
2845 2260 3072 2322 amicus,
3111 2258 3231 2310 rixa
3266 2265 3438 2308 autem
3472 2262 3523 2307 et

1952 2360 2247 2414 inimicitia:
2300 2374 2402 2411 non
2458 2355 2701 2418 aberunt,
2750 2352 2842 2409 sed
2893 2361 3046 2406 erunt
3101 2350 3196 2404 tibi
3247 2364 3408 2417 usque
3454 2345 3524 2400 ad

1954 2459 2195 2504 mortem.
2247 2446 2327 2500 Ne
2370 2444 2743 2515 imprudenter
2794 2444 2942 2496 irrue
2989 2443 3040 2494 in
3092 2438 3428 2498 initniritias,
3463 2446 3527 2488 ut

1957 2547 2165 2594 nou'te
2212 2536 2476 2605 pmniteat
2531 2533 2586 2586 in
2629 2531 2912 2586 extremis.
2966 2529 3072 2582 Sed
3118 2541 3239 2580 eum
3302 2525 3527 2578 verbum

1957 2641 2050 2686 aut
2084 2637 2263 2684 aetum
2295 2624 2582 2696 quemdam
2614 2623 2714 2677 tibi
2743 2619 3153 2691 exprobraverit
3198 2617 3430 2680 amicus,
3462 2616 3529 2668 ab

1956 2725 2044 2780 his
2075 2738 2195 2794 quae
2225 2720 2554 2775 commisisti
2601 2717 2815 2772 declina
2859 2715 3086 2769 ﬁrmans
3126 2725 3350 2783 gressus
3383 2720 3530 2773 tuos,

1959 2833 2028 2872 ne
2071 2817 2126 2870 in
2186 2814 2389 2870 similia
2444 2811 2679 2866 incidas.
2726 2807 3063 2862 Charitatem
3115 2805 3169 2858 in
3220 2803 3530 2874 proximum

1959 2908 2235 2980 negotium
2281 2918 2508 2975 parvum
2551 2917 2618 2956 ne
2662 2907 2920 2970 reputes;
2964 2905 3021 2951 ut
3071 2911 3180 2950 non
3225 2907 3535 2964 eonquera-
3572 2885 3576 2958 ξ

1959 3010 2052 3057 tur
2082 3001 2172 3054 ille
2206 2999 2350 3067 quod
2396 2997 2450 3049 in
2500 2995 2678 3064 ipsum
2717 2992 2859 3045 male
2898 2989 3106 3060 egeris;
3135 2988 3407 3040 dissensio
3434 3001 3533 3038 au-

1961 3102 2067 3148 tem
2099 3098 2153 3146 et
2186 3088 2368 3143 odium
2400 3102 2428 3140 a
2461 3093 2513 3140 te
2544 3099 2649 3138 non
2681 3081 2974 3145 recedent;
3013 3077 3108 3133 sed
3151 3091 3298 3130 Iners
3341 3077 3540 3129 aninue

1886 3206 1930 3265 ο
1963 3193 2016 3240 te
2044 3181 2308 3236 manebit.

2035 3273 2226 3327 Gratia
2265 3279 2313 3325 et
2361 3266 2603 3322 amicitia
2663 3264 2937 3316 liberant:
2968 3262 3062 3314 luas
3115 3258 3207 3311 tibi
3266 3274 3412 3312 serra
3475 3271 3541 3310 ne

1965 3365 2214 3436 reprobus
2277 3363 2379 3431 ﬁas
2432 3375 2450 3412 :
2505 3356 2596 3411 sed
2643 3355 2852 3408 custodi
2901 3353 3010 3406 vias
3064 3359 3182 3403 tuas
3228 3349 3538 3416 composite.

1964 3459 2176 3512 Donum
2219 3449 2505 3523 sapientiae
2537 3456 2592 3501 et
2627 3446 2870 3499 Charitas
2917 3442 2985 3496 ab
3033 3442 3342 3510 ignorantia
3385 3453 3542 3490 aver-

1964 3558 2087 3604 tunt
2110 3557 2164 3603 et
2200 3561 2230 3599 a
2260 3542 2502 3606 malitia;
2533 3539 2632 3593 has
2662 3537 2759 3592 tibi
2794 3549 2953 3590 serva
2991 3547 3058 3586 ne
3087 3532 3165 3586 sis
3203 3531 3494 3584 damnatus
3521 3569 3540 3592 ,

1966 3642 2060 3697 sed
2097 3629 2337 3704 custodi,
2366 3651 2399 3690 ο
2437 3634 2624 3697 homo,
2667 3629 2735 3688 ad
2769 3625 3094 3696 sapientiam
3129 3631 3184 3677 et
3215 3621 3541 3675 cbaritatem

1967 3729 2338 3801 Speculativas
2367 3742 2432 3781 ac
2461 3723 2737 3795 practieas
2767 3721 2884 3773 vias
2915 3716 3018 3772 sibi
3055 3714 3287 3769 invicem
3322 3710 3543 3782 propria

1967 3821 2288 3892 largientes.
2337 3815 2528 3870 Praxis
2574 3814 2719 3869 enim
2767 3811 3036 3866 tbeoriam
3086 3803 3318 3876 requirit
3350 3804 3416 3857 ad
3447 3817 3544 3856 co-

1968 3912 2317 3985 gnoscendas
2370 3909 2647 3971 rationes;
2695 3904 2908 3958 theoria
2966 3908 3148 3954 autem
3207 3895 3416 3966 praxim
3474 3893 3543 3947 ad

1969 4006 2226 4064 instituta
2259 4003 2525 4057 virtutum
2570 3995 2844 4068 aperanda
2875 4011 2888 4048 ε
2916 3993 2992 4047 ita
3031 3999 3089 4045 ut
3124 3989 3301 4043 virtus
3343 4001 3544 4052 secun-

1971 4099 2100 4155 dum
2130 4097 2401 4152 rationem
2433 4091 2590 4164 quasi
2621 4087 2826 4150 anima,
2858 4085 2997 4139 ratio
3033 4090 3214 4137 autem
3243 4078 3544 4136 secundum

1974 4193 2229 4248 virtutem
2265 4185 2431 4244 veluti
2462 4196 2696 4253 corpore
2730 4177 3018 4234 induatur.

2045 4459 2210 4514 Vens.
2257 4455 2339 4510 ll.
2384 4452 2539 4508 Mala
2571 4465 2733 4504 aurea
2771 4449 2824 4501 in
2865 4442 3049 4498 monili
3082 4438 3252 4496 sardii
3283 4480 3298 4505 ,
3338 4437 3428 4510 qui
3463 4436 3545 4490 lo-

1905 4546 1952 4606 D
1978 4554 2160 4623 quitur
2189 4548 2402 4604 verbum
2429 4547 2483 4600 in
2509 4555 2737 4612 tempore
2759 4555 2876 4592 suo.
2918 4531 3391 4603 Quemadmodum
3424 4544 3546 4584 ma-

1979 4647 2088 4700 lum
2125 4656 2355 4698 aureum
2393 4637 2623 4709 pulchre
2670 4641 2890 4703 aptatur
2934 4629 3058 4684 colli
3125 4623 3414 4680 muliebris
3455 4636 3549 4676 or—

1980 4738 2131 4794 natui
2164 4751 2228 4790 ex
2275 4731 2455 4803 lapide
2495 4727 2702 4790 sardio,
2747 4724 2828 4778 sic
2857 4721 3006 4790 loqui
3033 4718 3260 4772 verbum
3285 4714 3550 4770 salutaria

1978 4831 2208 4892 docens,
2241 4824 2499 4881 convenit
2529 4822 2578 4878 ei
2620 4820 2715 4890 qui
2767 4817 3028 4872 decenter
3064 4813 3118 4866 in
3154 4811 3353 4865 virtute
3396 4821 3550 4860 com-

1979 4930 2248 4977 moratur.
2299 4916 2533 4972 Verbum
2577 4913 2722 4967 enim
2754 4907 2900 4980 quod
2932 4921 3056 4961 eum
3091 4905 3202 4957 vita
3238 4896 3548 4960 consentit,

1982 5014 2208 5069 multam
2247 5016 2471 5077 praestat
2516 5000 2983 5058 convenientiam.

2053 5103 2220 5158 Vens.
2270 5100 2357 5154 12.
2401 5097 2469 5152 1η
2536 5108 2756 5148 auream
2815 5092 3056 5142 inaurem
3108 5081 3270 5136 etiam
3336 5075 3551 5131 sardius

1980 5198 2248 5269 pretiosus
2267 5193 2487 5260 ligatur,
2509 5201 2680 5240 sermo
2700 5181 2911 5248 sapiens
2929 5176 2982 5227 in
3002 5186 3186 5236 aurem
3201 5167 3548 5222 obedientem.

1983 5258 2457 5355 'Quemadmodum
2490 5278 2544 5330 in
2567 5284 2786 5327 auream
2808 5269 3055 5321 inaurem
3089 5262 3303 5331 legatur
3335 5258 3554 5313 sardius

1981 5378 2216 5435 diversis
2249 5370 2528 5428 coloribus
2559 5364 2874 5432 variegatus
2899 5395 2915 5423 ,
2954 5358 3036 5411 sic
3081 5354 3136 5408 in
3190 5350 3554 5405 aurem'doei-

1982 5473 2135 5527 litate
2184 5473 2455 5527 ornatam,
2491 5457 2680 5513 varius
2725 5449 3014 5521 multiplici
3057 5445 3232 5502 forma
3285 5443 3552 5496 virtutum

1982 5545 2308 5621 docti-inalis
2334 5566 2514 5612 sermo
2553 5547 2831 5606 detinetur
2860 5557 2958 5614 per
2989 5553 3153 5610 opera
3202 5549 3312 5591 non
3349 5532 3556 5589 oblite.

1983 5655 2207 5712 randus.

2059 5743 2223 5798 Vens.
2269 5742 2355 5796 15.
2399 5736 2546 5792 Sicut
2576 5734 2750 5790 exitus
2786 5728 2920 5783 nivis
2961 5724 3015 5779 in
3044 5735 3210 5777 messe
3239 5731 3330 5788 per
3367 5721 3556 5770 aestum

1991 5839 2230 5914 prodest,
2282 5839 2360 5892 sic
2391 5832 2608 5890 nuntius
2643 5825 2816 5898 ﬁdelis
2867 5823 2935 5879 iis
2984 5817 3072 5890 qui
3102 5816 3360 5873 miserunt
3391 5821 3555 5875 eum:
