3900 6228
1476 405 1565 426 49-"

434 419 438 424 ’
503 456 638 524 ms

1184 421 1219 462 ‘
1476 409 1554 426 ⁷
1693 409 1700 414 ’
1820 445 2164 507 PROCOPll
2205 445 2442 506 etiam

3591 439 3702 504 liiﬁ

478 573 706 627 "animas
733 568 865 623 enim
910 580 1087 619 eorum
1121 563 1208 634 qui
1254 579 1314 617 eo
1339 561 1756 630 utunturjuvat.
1789 559 2059 626 Quemad-

2168 562 2350 612 αὐτόν
2369 578 2382 590 ·
2416 559 2618 628 ψυχὰς
2646 559 2751 628 γὰρ
2775 557 2893 612 τῶν
2925 557 3243 626 χρωμένων
3275 555 3509 626 ὠφελεῖ.
3549 555 3709 610 Καοά-

498 663 720 720 modum
764 660 994 730 frigidus
1054 657 1212 712 llatus
1285 657 1379 726 qui
1449 671 1480 708 a
1552 657 1693 725 nive
1730 654 2065 725 liquescente

498 755 677 808 oritur
707 753 760 806 in
815 760 1061 820 tempore
1093 748 1288 802 messis
1322 748 1499 802 tabem
1526 762 1594 802 ex
1644 746 1777 802 solis
1811 745 2065 800 incendio

499 854 673 899 ortam
715 831 927 911 repellit
954 850 1009 893 et
1047 837 1252 908 spicam
1286 839 1482 904 nutrit,
1515 838 1594 893 sic
1647 837 1743 907 qui
1774 839 2064 891 intemera-

500 943 612 989 tam
645 940 828 988 servat
879 930 1271 1000 prophetarum
1306 937 1359 984 et
1416 928 1786 998 apostolorum
1827 928 2064 982 divinam

496 1023 804 1082 doctrinam
860 1022 879 1092 (
911 1021 1229 1076 doctrinalis
1257 1019 1261 1024 ’
1287 1036 1466 1075 sermo
1497 1020 1516 1091 )
1553 1061 1569 1085 ,
1627 1021 2063 1074 voluntariarum

423 1118 432 1128 '
492 1116 859 1187 tentationum
895 1113 1091 1168 ardore
1125 1121 1278 1166 ustas
1314 1113 1488 1167 reiicit
1527 1112 1739 1167 animas
1771 1128 1894 1182 qua:
1924 1111 2066 1165 reei-

493 1204 656 1275 piunt
689 1204 882 1268 illum;
908 1217 1114 1272 easque
1149 1201 1203 1254 in
1233 1202 1588 1268 temperantia
1619 1207 1674 1256 et
1702 1217 2066 1272 perseveran-

473 1277 570 1348 ltia
608 1293 918 1349 constituit.

566 1385 731 1440 Vens.
780 1386 866 1439 M.
909 1383 1095 1438 Nubes
1129 1394 1178 1438 et
1204 1393 1383 1437 ventus
1414 1393 1462 1437 et
1493 1381 1684 1452 pluviw
1710 1383 2024 1438 clarissima:
2047 1423 2062 1447 ,

491 1483 570 1534 sic
595 1480 684 1550 qui
727 1479 988 1548 gloriatur
1011 1492 1166 1543 super
1195 1475 1334 1529 dono
1386 1476 1548 1544 falso.
1597 1475 2063 1542 Quemadmodum

494 1570 785 1640 impetuosi
807 1577 1086 1622 ventorum
1101 1562 1260 1622 ﬂatus
1287 1557 1345 1622 et
1365 1577 1492 1621 atrae
1511 1566 1685 1625 nubes
1701 1577 1754 1621 et
1782 1567 2067 1622 vehemen-

495 1662 720 1716 tissimae
749 1659 944 1729 pluvia:
972 1657 1228 1713 omnibus
1257 1657 1386 1713 sunt
1417 1657 1729 1722 manifesta,
1760 1658 1835 1712 ita
1874 1657 1967 1728 qu’i
1998 1657 2066 1711 de

492 1752 1085 1812 bonorumlcollatione
1135 1751 1442 1819 gloriantur
1482 1749 1651 1816 falsa,
1717 1749 2062 1804 collationem

493 1843 643 1898 illam
684 1844 968 1914 publicant
1015 1842 1081 1896 ad
1125 1857 1313 1896 auram
1349 1841 1665 1911 popularem
1717 1841 2062 1910 captandam.

2166 669 2272 722 περ
2305 652 2412 704 ἀπὸ
2439 649 2752 720 τηκομένης
2775 650 2973 720 χιόνος,
2995 647 3170 719 ψύχον
3195 648 3551 722 ἐξερχόμενον
3575 653 3711 704 πνεύ-

2168 758 2242 811 μα
2262 780 2277 804 ,
2306 742 2398 794 καὶ
2426 743 2484 793 ὲν
2513 737 2690 810 καιρῷ
2715 739 2911 809 θέρους
2950 738 3395 808 ἀποκρουόμενον
3428 739 3518 792 τὸν
3549 739 3609 793 ἐκ
3631 741 3710 810 τῆς

2163 831 2398 903 ἡλιακῆς
2425 829 2754 899 φλογὼσεως
2791 829 3078 900 μαρασμὺν
3105 829 3294 899 τρέφει
3341 829 3435 883 τὸν
3477 829 3710 900 ἄσταχυν,

2164 921 2306 976 οὕτω
2338 922 2429 975 καὶ
2457 921 2485 973 ό
2515 919 2971 974 ἀνεπιϐούλευτον
2996 919 3182 988 τηρῶν
3210 917 3271 971 τὸ
3301 917 3410 972 τῶν
3444 919 3710 989 προφητῶν

2165 1014 2259 1068 καὶ
2284 1012 2600 1066 ἀποστόλων
2627 1011 2770 1064 θεῖον
2797 1010 3170 1081 παράγγελμα
3204 1009 3619 1081 [διδασκαλικὸς
3645 1011 3712 1062 16-

2164 1105 2307 1178 γος],
2335 1106 2434 1168 τὰς
2453 1103 2792 1174 φλεγομένας
2807 1101 2887 1173 τῷ
2916 1100 3159 1154 καύσωνι
3187 1101 3294 1156 τῶν
3327 1101 3592 1154 ἑκουσίων
3618 1117 3710 1154 επι-

2167 1197 2391 1270 ρασμῶν
2419 1195 2599 1266 ψυχὰς
2620 1234 2636 1258 ,
2666 1192 3074 1264 ὑποδεχομένας
3100 1193 3591 1268 αύτδννὰνακτᾶται
3608 1209 3622 1223 ·
3649 1195 3713 1256 εἰς

2165 1289 2488 1360 ἐγκράτειαν
2525 1285 2621 1340 καὶ
2655 1283 2934 1355 ὑπομονὴν
2961 1284 3230 1355 στηρίζων
3266 1284 3463 1346 αὐτάς.

2154 1385 2156 1387 ’
2238 1377 2316 1434 ιδ’.
2345 1379 2571 1442 Ὥσπερ
2592 1372 2796 1444 ἄνεμοι
2825 1365 3104 1443 καίνέφη
3136 1373 3234 1426 καί
3258 1373 3425 1428 ὑετοὶ
3463 1373 3712 1442 ἐπιφανέ-

2165 1479 2396 1526 στατοι,
2433 1463 2621 1528 οὕτως
2651 1466 2706 1516 cl
2737 1463 3108 1530 καυχώμενοι
3149 1462 3248 1514 ἐπὶ
3293 1461 3469 1515 δόσει
3509 1462 3710 1530 ψευδεῖ.

2166 1557 2433 1627 Καθάπερ
2471 1556 2702 1628 σφοδραὶ
2731 1555 2950 1625 ἀνέμων
2980 1554 3162 1620 πνοαὶ,
3192 1553 3286 1608 καὶ
3320 1553 3462 1624 νέφη
3501 1554 3708 1624 ζοφώδη,

2166 1651 2261 1702 καὶ
2295 1648 2440 1702 ύετοῒ
2487 1645 2886 1718 ραγδαιότατοι.
2919 1643 3028 1696 είσὶ
3069 1645 3182 1707 τοῖς
3231 1645 3366 1696 πᾶσι
3416 1643 3706 1713 κατάδηλα·

2165 1740 2306 1794 οὕτω
2337 1739 2435 1792 καὶ
2483 1739 2534 1791 οἱ
2579 1734 3052 1808 μεγαλαυχοῦντες
3081 1735 3173 1788 ἐπὶ
3205 1735 3494 1805 μεταδόσει
3523 1736 3709 1806 χρημά-

2165 1850 2274 1885 των
2307 1830 2382 1902 μὴ
2408 1828 2674 1900 γινομένῃ
2693 1870 2706 1892 ,
2731 1827 2820 1880 διὰ
2854 1827 2954 1896 τὴν
2979 1825 3119 1897 πρὸς
3157 1824 3488 1897 ἀνθρώπους
3520 1826 3712 1896 συμπά-

470 1932 758 1994 ,Ηοιιιίιιεε
786 1933 930 2016 enim
953 1932 1140 1986 volunt
1165 1931 1439 2004 decipere,
1462 1941 1516 1986 et
1545 1945 1653 1985 non
1688 1930 1795 1986 Deo
1819 1931 2056 2001 placere.

2168 1899 2319 1976 θειαν
2497 1899 2784 1992 μετάδοσιν
2815 1919 3021 1987 ταύτην
3053 1916 3475 1986 δημοσιεύουσιν
3496 1934 3511 1948 ·
3537 1915 3714 1988 ἀνθρὼ-

561 2109 729 2166 νειιε.
780 2109 865 2164 l5.
909 2108 974 2163 In
1023 2103 1428 2181 longanimitate
1484 2110 1811 2178 prosperitas
1859 2123 2061 2179 regum,

490 2199 671 2271 lingua
698 2210 876 2255 autem
924 2201 1102 2253 mollis
1127 2183 1352 2254 conterit
1378 2191 1524 2254 ostia.
1558 2199 1614 2253 1n
1644 2199 1902 2268 patientia
1933 2213 2064 2267 pro-

491 2298 785 2359 sperantur
815 2289 908 2359 qui
949 2290 1212 2359 populum
1247 2297 1463 2358 regunt.
1506 2286 1610 2342 Per
1651 2289 1798 2341 illam
1838 2288 1941 2342 sibi
1969 2301 2064 2341 ac-

490 2379 1132 2452 quirunt'subjectorum
1159 2378 1617 2433 benevolentiam.
1652 2378 1892 2431 l‘rolatio
1918 2378 2061 2431 enim

489 2475 784 2528 verborum
819 2473 997 2526 dulcis
1034 2470 1170 2525 dura
1203 2485 1352 2536 ossa,
1384 2479 1437 2524 et
1461 2484 1681 2525 severas
1721 2460 1917 2523 animm
1944 2467 2061 2523 dis-

490 2563 794 2633 positiones
828 2559 1122 2616 demulcet.

560 2735 727 2791 Vens.
770 2735 984 2790 i6.Mel
1015 2737 1258 2790 invenisti
1281 2735 1308 2789 7
1335 2736 1544 2790 comede
1567 2737 1704 2806 quod
1729 2736 1912 2804 sufﬁcit
1947 2735 2062 2801 tibi,

490 2844 555 2884 ne
601 2830 740 2898 forte
793 2829 1024 2882 satiatus
1076 2846 1284 2882 evomas
1337 2827 1492 2882 illud.
1554 2827 1645 2882 Dei
1694 2827 2064 2897 cognitionem

464 2920 636 2975 'velut
664 2921 767 2974 mel
795 2919 1174 2974 dulcissimum
1209 2920 1464 2974 invenisti
1500 2919 1554 2971 in
1577 2919 1809 2987 eloquiis
1868 2915 2068 2971 divini-

465 3011 581 3064 tus
617 3009 906 3078 inspiratis
939 3025 952 3060 :
988 3008 1091 3062 hac
1123 3009 1302 3061 fruere
1335 3006 1635 3061 secundum
1674 3007 1968 3059 terminum
2013 3013 2069 3059 et

488 3115 804 3156 mensuram
837 3091 1098 3168 potentiae
1134 3099 1230 3151 ιὶιιὶ
1263 3098 1581 3152 inhmrentis
1611 3115 1626 3150 :
1685 3113 1752 3152 ne
1800 3096 2066 3151 immode-

2163 2032 2300 2078 πους
2339 2013 2576 2084 ἀπατᾷν,
2617 2013 2711 2064 καὶ
2750 2010 2814 2063 ού
2851 2003 2971 2080 Θεῷ
3009 2009 3269 2080 ἀρέσκειν
3307 2008 3638 2080 βουλόμενοι.

2233 2113 2316 2162 ιε’.
2351 2105 2454 2160 Ἔν
2477 2101 2855 2175 μακροθυμίᾳ
2908 2100 3113 2154 εὐοδία
3140 2097 3508 2164 βασιλεῦσι·
3544 2101 3711 2172 γλῶσ-

2163 2212 2244 2250 σα
2277 2196 2344 2250 δὲ
2369 2192 2618 2265 μαλακὴ
2686 2191 2990 2260 συντρίϐει
3016 2190 3186 2248 ὀστᾶ.
3223 2189 3312 2244 Ἐν
3337 2192 3650 2263 ἀνεξικακίᾳ
3673 2194 3712 2244 οἱ

2162 2289 2294 2344 λαοῦ
2347 2285 2791 2359 ἡγεμονεύοντες,
2823 2283 3168 2339 εύοδοῦνται⁹
3213 2283 3302 2337 διὰ
3348 2284 3556 2355 ταύτης
3603 2284 3712 2354 πρὸς

2164 2385 2390 2447 ἑαυτοὺς
2417 2383 2514 2454 τὴν
2542 2381 2639 2436 τοῦ
2669 2380 2910 2452 ὑπηκόου
2943 2379 3154 2434 εὔνοιαν
3180 2375 3585 2450 ἐπισπώμενοι·
3607 2395 3713 2450 προ-

2164 2477 2310 2548 φορὰ
2339 2476 2448 2547 γὰρ
2474 2474 2647 2544 λόγων
2678 2477 2880 2546 πραεῖα
2901 2514 2916 2538 ,
2953 2471 3372 2542 καταμαλάττει
3418 2471 3512 2526 καὶ
3549 2472 3640 2536 τὰς
3659 2469 3714 2523 δί-

2147 2573 2268 2638 κην
2304 2567 2477 2621 ὀστῶν
2516 2565 2758 2637 σκληρὰς
2797 2564 2893 2620 καὶ
2929 2563 3252 2628 ἀντιτύπους
3277 2563 3391 2620 τῶν
3413 2563 3594 2635 ψυχῶν
3617 2563 3712 2617 δια-

2165 2658 2368 2712 θέσεις.

2239 2675 2312 2712 σει
2354 2698 2368 2712 .

2239 2674 2346 2814 ιςξ
2375 2749 2525 2803 Μέλι
2545 2747 2757 2815 εὑρὼν,
2781 2746 2934 2816 φάγε
2961 2747 3030 2802 τὸ
3060 2747 3272 2801 ἱκανόν
3290 2761 3303 2775 ·
3335 2743 3571 2814 μήποτε
3593 2746 3712 2808 πλη·

2166 2841 2356 2907 σθείς,
2384 2840 2698 2909 ἐξεμέσῃς.
2739 2839 2852 2910 Τῆς
2885 2841 2944 2892 ὲν
2968 2840 3081 2901 τοῖς
3109 2837 3493 2900 θεοπνεύστοις
3523 2834 3709 2902 λογίοις,

2138 2940 2142 2944 '
2167 2930 2325 3000 δίκην
2351 2930 2566 2997 μέλιτος
2595 2931 2864 3001 ὴδυτάτης
2893 2928 3225 2998 θεογνωσίας
3255 2926 3554 2997 ἐπιτυχὼν,
3573 2923 3710 2995 μετά-

2163 3020 2301 3074 λαϐε
2328 3019 2530 3090 ταύτης
2565 3019 2708 3074 κατὰ
2736 3018 2827 3073 τὸν
2855 3020 2983 3090 ὅρον
3011 3019 3105 3072 καὶ
3134 3017 3194 3070 τὸ
3229 3016 3433 3087 μέτρον
3468 3017 3563 3086 τῆς
3597 3013 3711 3066 ὲνού·

2173 3131 2271 3184 σης
2297 3130 2380 3166 σοι
2416 3113 2697 3182 δυνάμεως
2717 3129 2732 3143 ο
2757 3112 2906 3174 ὅπως
2939 3111 3013 3182 μὴ
3042 3109 3284 3172 σπεύσας
3309 3110 3560 3180 ἀμέτρως
3579 3107 3710 3174 ἐμφο-

491 3201 610 3246 rate
669 3205 732 3244 ea
789 3189 1002 3258 impleri
1058 3187 1329 3243 festinans
1363 3228 1379 3254 ,
1446 3191 1730 3241 veritatem
1792 3189 2062 3257 repellas,

2173 3203 2402 3275 ρηθῆναι
2432 3203 2636 3274 αὐτῆς,
2667 3201 2729 3254 τὸ
2755 3201 2950 3271 ἀληθὲς
2984 3200 3309 3262 ἀποϐαλεῖς·
3358 3198 3546 3270 γνώσῃ
3584 3212 3709 3266 περι·

491 3282 725 3338 scientia
757 3279 1225 3351 comprehendere
1253 3281 1812 3350 ‘incompreliensibilc
1833 3289 2062 3350 putans:

492 3375 799 3445 speculatio
864 3374 1141 3430 eﬂ‘raznata
1205 3390 1463 3445 magnum
1533 3375 1733 3428 anima:
1803 3374 2064 3430 damnum

493 3467 721 3536 profert.
1361 3463 1364 3474 '

562 3556 732 3613 Vsus.
773 3556 862 3612 17.
898 3557 1098 3611 Rarum
1128 3555 1373 3611 introduc
1400 3556 1582 3628 pedem
1627 3569 1775 3612 tuum
1825 3558 1893 3612 ad
1929 3556 2065 3610 ami-

493 3665 610 3702 cum
642 3665 662 3704 :
699 3665 763 3704 ne
811 3650 946 3717 {orte
974 3649 1200 3702 satiatus
1232 3649 1400 3704 oderit
1463 3659 1530 3708 te.
1564 3648 1760 3703 Parum
1809 3663 1960 3702 cura.
2000 3647 2068 3701 de

492 3755 729 3811 corpore
791 3750 1014 3810 propter
1071 3740 1329 3795 unionem
1372 3751 1576 3805 amato,
1630 3741 1748 3794 sola
1812 3739 1890 3794 illi
1928 3752 2067 3808 prae-

496 3843 659 3886 stans
693 3819 758 3884 ad
792 3826 1250 3887 sustentationem
1286 3832 1596 3887 necessaria
1625 3873 1640 3897 ,
1689 3846 1758 3886 ne
1812 3831 2067 3896 satiatus,

489 3921 543 3974 si
585 3921 659 3974 illi
686 3921 956 3990 superﬂua
989 3922 1315 3991 praestiteris
1342 3963 1360 3990 ,
1413 3939 1514 3994 pro
1543 3923 1869 3992 coadjutore
1899 3923 1973 3976 sit
1998 3923 2068 3976 ti-

487 4014 551 4067 ,ω
577 4013 831 4070 inimicus
873 4028 969 4085 per
1012 4015 1298 4086 passiones
1348 4015 1644 4086 voluptatis
1677 4024 1730 4070 et
1763 4014 1995 4072 doloris.

563 4281 732 4338 Vens.
772 4281 858 4336 18.
898 4279 1151 4335 Jaculum
1202 4290 1251 4337 et
1298 4282 1509 4354 gladius
1561 4293 1611 4338 et
1655 4284 1854 4354 sagitta
1879 4292 2062 4349 acuta,

489 4375 570 4427 ita
602 4374 754 4427 homo
777 4373 866 4444 qui
895 4372 1128 4445 loquitur
1154 4385 1338 4427 eontra
1363 4375 1662 4442 proximum
1689 4389 1843 4428 suum
1867 4373 2067 4442 falsum

488 4464 874 4519 Jestimonium.
910 4464 1015 4530 Qui
1052 4465 1248 4520 falsam
1304 4467 1710 4520 accusationem
1752 4465 1965 4520 inducit
2015 4464 2065 4519 ei

2167 3292 2351 3347 λαϐεῖν
2380 3293 2627 3364 οἰόμενος
2667 3293 2726 3346 τὸ
2754 3291 3156 3362 ἀπερίληπτονο
3189 3292 3396 3363 θεωρία
3427 3291 3533 3361 γὰρ
3556 3287 3707 3360 ἀχαλί-

2165 3401 2352 3449 νωτος,
2396 3382 2639 3455 μεγάλην
2679 3382 2881 3452 βλάϐην
2918 3385 2984 3453 τῇ
3022 3382 3168 3453 ψυχῇ
3207 3382 3485 3453 προξενεῖ.

2239 3557 2324 3622 ιζ’.
2366 3555 2630 3610 Σπάνιον
2654 3556 2862 3626 εἴσαγε
2895 3556 3012 3611 σὸν
3041 3557 3197 3611 πόδα
3238 3558 3391 3626 πρὸς
3432 3558 3536 3611 τὸν
3585 3572 3705 3610 σαυ-

2167 3649 2274 3704 τοῦ
2319 3650 2537 3718 φίλον·
2581 3650 2812 3719 μήποτε
2856 3651 3152 3716 πλησθείς
3196 3667 3338 3713 σου,
3367 3650 3593 3720 prmium
3633 3662 3705 3702 σε.

2180 3738 2364 3808 Ὀλίγα
2409 3739 2662 3811 φρόντιζε
2714 3739 2809 3792 τοῦ
2857 3739 2949 3792 διὰ
2979 3739 3078 3810 τὴν
3111 3739 3374 3808 συζυγίαν
3421 3741 3704 3810 φιλουμένω

2169 3828 2440 3900 σώματος,
2475 3831 2612 3900 μόνα
2637 3831 3091 3902 περιποιούμενος
3115 3831 3262 3900 αύτῷ
3286 3833 3358 3886 τὰ
3381 3833 3515 3903 πρὸς
3543 3831 3704 3884 σύστα-

2168 3937 2255 3974 σιν
2290 3920 2455 3974 αὐτοῦ
2491 3922 2792 3989 ἀναγκαία·
2827 3921 2974 3984 ὅπως
3011 3922 3086 3992 μὴ
3121 3922 3384 3992 κορεσθέν
3416 3939 3528 3984 σου,
3553 3922 3612 3974 τὰ
3631 3936 3704 3972 πε-

2133 4011 2326 4083 ··Ριττά
2357 4013 2452 4064 καὶ
2485 4011 2624 4081 ὑπὲρ
2653 4011 2753 4083 τὴν
2786 4013 2976 4084 χρείαν
3014 4011 3382 4083 χορηγοῦντος
3410 4013 3580 4082 αύτῷ,
3607 4012 3703 4064 ἀντὶ

2169 4099 2437 4170 συνεργοῦ
2477 4101 2736 4171 πολέμιόν
2782 4117 2865 4154 σοι
2907 4104 3020 4166 τοῖς
3064 4101 3188 4155 καθ’
3209 4101 3403 4174 ἡδονὴν
3427 4104 3519 4156 καὶ
3547 4101 3703 4168 ὀδύνην

2167 4196 2454 4263 γενήσεται
2491 4193 2744 4248 πάθεσιν.

2241 4291 2330 4355 ιη’.
2366 4283 2668 4339 Ῥόπαλον
2689 4285 2788 4339 καί
2812 4285 3079 4356 μάχαιρα
3107 4286 3206 4340 καί
3242 4288 3503 4359 τόξευμα
3527 4283 3698 4340 dictat»-

2165 4373 2292 4438 τὸν,
2318 4372 2504 4439 οὕτως
2537 4375 2635 4429 καί
2673 4374 2830 4444 ἀνὴρ
2863 4378 2912 4429 όν
2939 4376 3408 4445 καταμαρτυρῶ
3431 4376 3530 4431 τοῦ
3552 4375 3698 4443 φίλου

2166 4463 2355 4519 αὐτοῦ
2393 4466 2728 4534 μαρτυρίαν
2779 4464 3000 4536 ψευδῆ.
3036 4468 3096 4520 Ὅ
3129 4468 3460 4539 προσάπτων
3501 4466 3571 4537 τῷ
3595 4467 3697 4534 6pc-

467 4554 586 4622 "qui
621 4554 867 4624 ejusdem
919 4563 1131 4610 natura:
1161 4571 1224 4611 ac
1277 4555 1400 4611 ﬁdei
1463 4565 1570 4622 est,
1607 4557 1750 4612 sicut
1788 4557 2062 4627 quoddam

2169 4557 2298 4626 φυεῖ
2344 4555 2440 4610 καὶ
2486 4554 2766 4626 ὁμοπίστῳ
2814 4555 2980 4610 αὐτοῦ
3012 4556 3192 4610 αἰτίαν
3216 4555 3420 4628 ψευδῆ,
3451 4555 3523 4620 ὥς
3548 4571 3592 4608 τι
3621 4550 3698 4620 μὲν

483 4644 776 4713 jaculum,
841 4645 1079 4699 animam
1119 4648 1240 4716 ejus
1301 4648 1426 4704 ferit
1475 4647 1685 4704 doloris
1741 4649 1845 4717 ipsi
1897 4661 2063 4702 causa

485 4735 756 4802 .ell‘ectus,
795 4738 952 4805 quasi
1019 4736 1234 4806 gladius
1282 4755 1518 4810 pugnam
1565 4740 1801 4795 suscitat
1831 4781 1847 4807 ,
1878 4738 2064 4793 inimi-

466 4827 654 4882 'citias
682 4828 930 4881 excitans
971 4827 1110 4882 inter
1156 4834 1397 4900 seipsum
1450 4840 1503 4886 et
1537 4831 1691 4884 illum
1727 4870 1743 4897 ,
1784 4837 1838 4885 et
1906 4831 2063 4899 quasi

2165 4647 2422 4720 ῥόπαλον,
2449 4647 2546 4720 τὴν
2571 4647 2761 4702 τούτου
2783 4648 3008 4718 πλήττει
3029 4647 3233 4719 ψυχὴν,
3251 4648 3432 4719 λύπης
3453 4646 3696 4719 παραίτιος

2163 4740 2338 4813 ταύτῃ
2369 4741 2684 4810 γινόμενος”
2721 4739 2798 4804 ὡς
2827 4739 2886 4792 δέ
2919 4756 3005 4801 τις
3047 4737 3309 4809 μάχαιρα,
3345 4739 3521 4809 μάχην
3547 4733 3693 4804 αἴρει*

2165 4826 2363 4899 ἔχθραν
2388 4828 2616 4899 ὲγείρων
2647 4827 2810 4898 μέσον
2836 4829 3047 4881 ἐκείνου
3079 4829 3174 4881 καὶ
3203 4828 3404 4882 ἑαυτοῦ
3426 4845 3441 4858 θ
3471 4826 3560 4881 καὶ
3579 4824 3639 4884 ὥς
3657 4839 3694 4872 τι

485 4921 690 4990 Sagitta
731 4935 761 4974 a
789 4936 848 4976 se
889 4921 1049 4993 longe
1087 4923 1293 4976 emittit
1362 4919 1699 4986 convicium,
1752 4922 2064 4991 proximum

488 5011 695 5067 laedens
728 5052 743 5079 ,
776 5013 932 5083 quasi
956 5013 1064 5067 telo
1089 5013 1434 5067 acutissimo.

561 5188 731 5245 Vsus.
778 5191 861 5248 i9.
909 5189 1000 5244 Via
1039 5190 1170 5244 mali
1218 5198 1268 5243 et
1321 5204 1409 5255 pes
1442 5187 1612 5259 iniqui
1632 5187 1820 5258 peribit
1879 5189 1939 5240 in
1979 5187 2064 5240 die

459 5281 657 5335 -mala.
714 5281 886 5336 Prava
940 5283 1199 5353 eogitalio
1255 5280 1349 5351 qui
1427 5280 1626 5335 malum
1661 5279 1852 5350 eligit,
1924 5279 2066 5332 ratio

489 5373 690 5442 agendi
738 5373 858 5443 ejus
908 5376 1002 5444 qui
1056 5374 1312 5429 mandata
1371 5373 1558 5429 divina
1616 5370 2062 5441 transgreditur,

491 5465 749 5534 peribunt
802 5466 856 5520 in
888 5475 1132 5536 tempore
1180 5467 1428 5523 ultionis.
1482 5464 1670 5535 Neque
1708 5465 1799 5517 ille
1829 5462 1884 5515 in
1926 5471 2066 5516 tem-

493 5570 625 5626 pore
668 5559 924 5624 praesenti
977 5559 1318 5628 probabitur,
1386 5572 1565 5626 neque
1620 5553 2065 5608 remunerabitur

495 5648 550 5700 in
581 5645 786 5704 futuro.

563 5736 726 5792 Vnus.
763 5740 850 5793 20.
890 5740 1343 5805 Quemadmodum
1382 5747 1595 5798 acetum‘
1624 5741 1822 5797 vulneri
1857 5739 2061 5804 inutile,

496 5826 570 5877 sic
599 5828 837 5881 accidens
865 5832 1043 5897 passio
1094 5834 1146 5884 in
1175 5850 1388 5902 corpore
1431 5850 1522 5887 cor
1564 5834 1868 5888 contristat.
1909 5831 2064 5886 Sicut

2162 4919 2318 4986 τόξον
2363 4920 2646 4992 πόρρωθεν
2697 4921 2819 4974 κατ’
2845 4919 3012 4972 αὐτοῦ
3062 4919 3161 4990 τὴν
3204 4919 3473 4990 λοιδορίαν
3519 4915 3692 4984 ἀφίησι·

2164 5011 2482 5081 τιτρώσκων
2508 5010 2597 5064 διὰ
2622 5011 2828 5080 ταύτης
2854 5010 3035 5076 αὑτὸν,
3059 5011 3134 5074 ὡς
3156 5010 3246 5064 διὰ
3268 5009 3454 5080 βέλους
3478 5006 3692 5072 ὀξυτάτου

2163 5098 2328 5161 τινός.

2237 5191 2323 5246 ιϐ’.
2362 5191 2524 5256 Ὁδὸς
2561 5191 2775 5252 κακοῦ,
2803 5192 2900 5245 καὶ
2944 5191 3100 5258 ποὺς
3137 5196 3482 5263 παρανόμου
3514 5186 3689 5243 ὀλεῖται

2163 5283 2232 5337 ἐν
2258 5282 2449 5352 ἡμέρᾳ
2485 5281 2668 5349 κακῇ.
2703 5284 2761 5336 '0
2781 5283 3015 5354 πονηρός
3040 5284 3298 5356 λογισμὸς
3327 5284 3417 5338 τοῦ
3449 5279 3600 5336 κακοῦ
3619 5275 3690 5342 τὴν

2164 5375 2504 5446 προαίρεσιν,
2541 5375 2636 5427 καὶ
2659 5376 2694 5445 ή
2730 5374 2927 5446 πρᾶξις
2957 5375 3051 5428 τοῦ
3078 5377 3184 5429 τῶν
3214 5376 3373 5430 θείων
3397 5372 3686 5442 παραῦἀτῡυ.

2163 5468 2651 5537 όλοθρευθήσονται
2701 5469 2758 5520 ἐν
2787 5467 2963 5538 καιρῷ
2999 5469 3306 5539 τιμωρίας·
3337 5469 3442 5522 εἴτε
3473 5463 3688 5528 καθαρτι-

2165 5559 2269 5629 κῆς
2316 5559 2456 5613 κατὰ
2493 5559 2554 5612 τὸ
2593 5559 2765 5630 παρὸν
2793 5601 2807 5624 ,
2850 5561 2959 5614 εἴτε
3018 5560 3436 5630 ἁνταποδοτικῆς
3482 5551 3604 5610 κατὰ
3643 5544 3688 5599 1’5-

2168 5651 2382 5720 μέλλον.

2236 5747 2305 5794 κ’.
2333 5741 2564 5811 ’Ὠσπερ
2592 5741 2732 5807 ὅξος
2756 5741 2919 5795 ἕλκει
2945 5742 3321 5812 ἀσύμφορον,
3345 5740 3518 5803 οὕτως
3543 5739 3688 5801 προσο

2163 5829 2361 5884 πεσὸν
2397 5830 2586 5896 πάθος
2608 5831 2675 5885 ἐν
2705 5831 2932 5903 σώματι
2966 5832 3215 5900 καρδίαν
3237 5831 3427 5887 λυπεῖ.
3466 5821 3688 5883 Καθάπερ
