3900 6228
271 400 403 461 1477
1319 411 1811 471 COMMENTARI

2001 408 2460 470 PROVERBIA.
3385 415 3403 477 Ι
3423 415 3521 479 178

263 525 383 588 ὅξος
401 523 727 597 δριμύτατον
747 523 1057 588 ἀλυσιτελὲς
1090 523 1165 594 τῷ
1194 525 1492 596 ἡλκωμένῳ
1524 525 1676 596 μέλει
1702 522 1803 578 καθ

1978 532 2152 576 cetum
2188 525 2518 578 acerrimum
2553 521 2747 576 inutile
2781 529 2865 576 est
2909 523 3156 578 membro
3205 526 3518 598 vulnerato,

265 619 486 687 έστηκε,
523 617 716 670 δάκνον
745 615 895 680 αὐτὸ,
925 614 1070 668 οὓτω
1100 615 1194 668 καὶ
1218 615 1295 686 τῷ
1321 616 1421 686 τῆς
1448 616 1649 686 σαρκὸς
1677 614 1805 668 ἀσθε

1978 629 2060 668 ιι;ο
2092 613 2222 668 illud
2259 617 2470 684 pungit;
2502 616 2581 668 sic
2613 613 2916 667 infirmitati
2941 617 3124 670 carnis
3151 617 3518 674 involuntaria

265 709 366 774 νεῖ,
397 692 650 770 ἀκούσιος
675 705 986 778 ἑπισυμόὰς
1008 705 1337 777 πειρασμὸς,
1364 707 1490 777 ἀνιᾷ
1517 705 1606 760 διὰ
1624 705 1685 759 τὸ
1708 721 1805 774 συγ

1977 705 2179 759 entatio
2209 705 2508 760 adveniens
2537 705 2788 760 molestia
2826 705 2994 759 aflicit
3021 707 3258 761 animam
3295 709 3364 763 ob
3394 726 3517 780 ejus

264 797 420 864 γενὲς
448 797 548 868 τὴν
575 796 776 868 ψυχήν.

1946 810 2071 850 cum
2107 809 2340 864 corpore
2367 794 2705 850 afﬁnitatem.

335 887 562 955 Ὥσπερ
591 886 712 954 σὴς
741 886 812 940 ἐν
839 885 1047 956 ίματίῳ
1070 923 1086 949 ,
1117 883 1217 940 καί
1246 883 1493 952 σκώληξ
1527 884 1713 952 ξύλῳ,
1744 884 1846 939 οὔ-

1990 884 2333 939 ~Sicultiuea
2375 886 2783 947 vestimento,..et
2813 887 3003 940 vermis
3065 886 3243 957 ligno;
3295 889 3397 943 ita.
3424 891 3517 944 tri-

262 992 378 1042 τως
423 977 590 1044 λύπη
619 976 840 1045 ἀνδρὸς
861 975 1125 1041 βλάπτει
1151 974 1418 1044 καρδίαν.
1459 973 1726 1045 Καθάπερ
1751 973 1802 1028 λι

1977 975 2096 1030 titia
2122 977 2220 1046 viri
2251 985 2398 1030 noce!
2438 977 2605 1032 cordi.
2659 976 3128 1042 Quemadmodum
3169 980 3312 1034 tinea
3368 981 3516 1036 laedit

264 1067 548 1132 μαίνονται
583 1069 682 1136 σὴς
717 1067 816 1138 μὲν
852 1067 1054 1138 ίματίῳ
1075 1107 1091 1131 ,
1127 1065 1346 1136 σκώληξ
1373 1065 1428 1118 δὲ
1455 1064 1598 1135 ξύλῳ
1621 1105 1636 1130 ,
1670 1065 1804 1119 οὓτω

1981 1067 2337 1124 estimentum
2369 1076 2434 1123 .et
2494 1068 2698 1125 vermis
2753 1069 3008 1139 lignum,
3067 1070 3141 1124 ita
3177 1071 3398 1126 tristitia
3452 1074 3520 1128 ab

263 1163 298 1229 η
332 1161 482 1230 παρά
506 1157 797 1230 ἀνθρώπου
821 1158 966 1221 τινὸς
996 1157 1165 1228 λύπη,
1193 1155 1271 1227 τῷ
1293 1156 1428 1226 πρὸς
1450 1155 1642 1210 τοῦτον
1672 1156 1798 1228 μίσε

1946 1157 2192 1223 homine,
2225 1157 2298 1216 ob
2336 1158 2473 1213 iram
2505 1168 2698 1214 contra
2734 1160 2914 1231 ipsum
2944 1161 3138 1215 anima:
3165 1169 3350 1217 nocet.
3397 1186 3400 1196 -
3465 1200 3471 1204 -

263 1249 362 1320 τὴν
401 1249 741 1319 ὲτοιμοπαθῆ
779 1247 1155 1304 καταδλάπτει
1194 1246 1396 1317 ψυχήν.
3113 1250 3116 1252 ’
3295 1295 3316 1316 __

334 1345 444 1402 καί,
465 1338 570 1408 κβ’.
607 1339 749 1393 Ἐὰν
765 1335 940 1406 πεινᾷ
959 1340 992 1391 ὁ
1008 1337 1219 1406 ἐχθρός
1240 1353 1379 1402 σου,
1397 1335 1614 1406 ψώμιζε
1633 1335 1841 1390 αὐτόν’

2015 1334 2182 1390 Vens.
2222 1335 2283 1390 2|
2317 1333 2449 1400 ,2‘2.
2502 1332 2564 1390 Si
2591 1333 2836 1389 esurierit
2898 1335 3144 1391 inimicus
3202 1325 3360 1401 tuus,
3401 1337 3518 1394 ciba

261 1431 370 1486 ἐὰν
395 1429 578 1500 διψᾷ,
611 1429 805 1490 πότιζε
841 1432 1030 1485 αὐτόν
1053 1447 1068 1462 ο
1116 1429 1295 1484 τοῦτο
1331 1430 1440 1500 γὰρ
1486 1429 1695 1494 ποιῶν,
1735 1429 1801 1483 ἄν

1977 1428 2096 1482 llum
2118 1441 2136 1481 :
2160 1428 2208 1482 si
2232 1427 2450 1488 sitierit,
2479 1426 2548 1478 da
2581 1426 2664 1478 illi
2686 1442 2880 1496 aquam
2903 1425 3091 1481 bibere.
3131 1426 3243 1482 Hoc
3267 1429 3406 1483 enim
3431 1429 3517 1496 {a-

262 1527 483 1590 θρακας
502 1522 692 1590 πυρὸς
718 1523 1045 1591 σωρεύσεις
1067 1520 1166 1574 ἐπί
1190 1521 1306 1589 τὴν
1326 1521 1601 1590 κεφαλὴν
1619 1520 1802 1576 αὑτοῦ

1975 1520 2127 1582 iens,
2173 1534 2371 1588 prunas
2425 1518 2765 1588 congregabis
2827 1534 2984 1587 super
3036 1529 3196 1587 caput
3259 1522 3404 1589 ejus,
3466 1532 3515 1575 et

262 1617 295 1670 ό
316 1613 386 1666 δὲ
404 1614 619 1684 Κύριος
639 1613 1057 1668 ἁνταποδώσει
1083 1630 1184 1668 σοι
1204 1613 1418 1682 ἀγαθά.
1453 1614 1579 1668 Ἐὰν
1605 1615 1634 1666 6
1666 1613 1802 1682 μισῶ

1977 1611 2204 1664 Dominus
2252 1609 2432 1664 reddet
2463 1608 2556 1662 tibi
2587 1607 2741 1662 bona.
2801 1605 2862 1661 Si
2903 1608 3162 1664 inimicus
3235 1617 3362 1664 tuus
3393 1610 3517 1664 cibo

263 1723 349 1768 σε,
369 1706 578 1778 τροφῆς
623 1707 720 1759 καὶ
756 1706 1004 1777 πόματός
1035 1708 1183 1758 ἐστιν
1210 1705 1392 1776 ἐνδεὴς
1411 1745 1428 1770 ,
1463 1705 1629 1775 τρέφε
1651 1703 1803 1758 τοῦτο

1977 1703 2030 1756 el
2069 1710 2200 1772 potu
2233 1701 2467 1770 indiget,
2504 1699 2632 1754 ciba
2679 1707 2736 1754 et
2774 1705 2902 1769 pota
2937 1699 3114 1752 illum.
3167 1699 3260 1756 Sic
3312 1700 3517 1756 benefi-

261 1800 358 1853 καί
405 1797 630 1862 πότιζε*
666 1797 808 1851 οὕτω
859 1799 967 1868 γὰρ
1014 1796 1320 1869 εὐεργετῶν
1364 1797 1557 1862 αὑτὸν,
1592 1795 1801 1863 συνάξει

1981 1793 2092 1847 ium
2118 1793 2197 1848 illi
2226 1791 2522 1848 conferens
2554 1805 2818 1861 congeres
2865 1791 2922 1846 in
2958 1799 3194 1846 mentem
3247 1792 3380 1862 ejus.
3413 1807 3517 1846 coo

235 1957 238 1960 φ
261 1890 356 1943 ἐπὶ
379 1889 470 1942 τὸν
498 1889 744 1960 ἡγεμόνα
787 1887 912 1942 νοῦν
937 1887 1151 1954 τούτου,
1179 1888 1537 1958 διανοήματα,
1565 1887 1723 1960 δίκην
1749 1889 1775 1941 ά

1979 1884 2414 1955 itationesquze,
2445 1883 2592 1939 sicut
2641 1883 2782 1952 ignis
2843 1898 3032 1953 pruna)
3078 1883 3352 1937 malitiam.
3399 1884 3516 1951 ejus

151 2039 156 2042 _
235 1983 480 2054 ,θράκων
510 1981 679 2060 πυρὸς
705 1981 804 2052 τὴν
831 1979 1030 2033 κακίαν
1060 1979 1370 2048 ἐλέγχοντα,
1399 1979 1496 2032 καὶ
1525 1977 1588 2031 τὸ
1614 1995 1691 2050 πρ

1979 1975 2360 2046 edarguentes,
2393 1975 2578 2030 odium
2627 1975 2750 2044 ejus
2807 1974 2858 2029 in
2917 1983 2970 2031 te
2997 1983 3340 2031 consument.
3375 1974 3519 2030 Deus

265 2076 424 2142 μῖσος
457 2071 622 2127 αὑτοῦ
659 2069 1058 2124 κατακαίοντα*
1090 2071 1117 2123 6
1150 2069 1208 2122 δὲ
1240 2067 1355 2122 τῶν
1401 2069 1540 2123 ὅλων
1564 2070 1805 2141 Δεσπότη

1983 2073 2154 2131 utem,
2185 2065 2316 2134 quia
2343 2074 2451 2124 non
2483 2065 2663 2119 victus
2699 2065 2849 2120 fuisti
2892 2065 3018 2119 odio
3071 2064 3256 2122 fratris
3284 2065 3337 2118 in
3371 2076 3421 2118 te
3449 2081 3516 2119 ex

238 2164 417 2228 θεὸς,
448 2161 672 2216 ἀνθότου
703 2159 778 2232 μὴ
820 2161 1100 2230 νενίκησαι
1128 2158 1209 2228 τῷ
1235 2159 1292 2225 ἐξ
1319 2161 1588 2228 ἐπηρείας
1617 2160 1712 2214 τοῦ
1737 2162 1775 2213 Σ

1984 2170 2148 2212 amno
2178 2154 2414 2218 Satanas,
2447 2157 2541 2211 sed
2587 2172 2617 2211 e
2665 2169 2856 2212 contra
2912 2157 3098 2211 odium
3156 2157 3287 2210 illud
3333 2157 3517 2212 chari-

260 2255 399 2307 τανᾶ
448 2253 583 2324 πρὸς
632 2253 691 2306 σὲ
742 2253 892 2322 μίσει
943 2249 1038 2303 τοῦ
1089 2248 1344 2318 ἀδελφοῦ,
1381 2250 1520 2303 ἀλλά
1550 2253 1800 2322 νενίκηκε

1975 2253 2058 2300 ate
2099 2245 2157 2302 in
2204 2261 2331 2303 eum
2360 2246 2580 2312 vicisti,
2645 2247 2806 2304 bonis
2873 2247 3091 2303 aaternis
3158 2253 3211 2303 te
3257 2261 3515 2303 remune-

264 2345 463 2415 μᾶλλον
492 2344 623 2398 αὐτὸ
654 2345 720 2416 τῇ
749 2344 934 2414 ἀγαπῇ
962 2344 1030 2413 τῇ
1073 2342 1211 2412 πρὸς
1238 2341 1423 2406 αὑτὸν,
1456 2345 1570 2406 τοῖς
1603 2343 1844 2407 αἰωνίοις
1945 2336 2112 2392 rabit.

163 2479 166 2481 .
261 2451 322 2488 σε
361 2435 655 2504 ἀμείψεται
695 2433 941 2502 ἀγαθοῖς.

331 2535 438 2595 κγ’.
469 2527 714 2595 Ἄνεμος
740 2524 965 2592 ,ϐορέας
991 2523 1272 2594 diferre/pst
1309 2524 1462 2594 νέφη
1482 2541 1496 2557 ο
1519 2527 1844 2595 πρόσωπον

2021 2511 2183 2569 Vens.
2219 2513 2307 2568 25.
2363 2511 2554 2568 Ventus
2607 2513 2785 2584 aquilo
2829 2513 3053 2568 suscitat
3113 2517 3310 2580 nubes;
3353 2516 3517 2587 facies

260 2615 330 2668 δὲ
361 2615 634 2682 ἀναιδὲς,
666 2610 958 2685 γλῶσσαν
998 2612 1256 2682 ἐρεθίζει.
1275 2614 1348 2665 Τὸ
1378 2615 1498 2684 μὲν,
1524 2615 1681 2688 δίκην
1710 2620 1800 2673 ἀνέ

1977 2615 2121 2661 :utem
2158 2605 2431 2674 impudens
2466 2605 2698 2676 linguam
2750 2606 2952 2669 irritat.
2989 2604 3228 2676 Spiritus
3281 2622 3517 2678 nequam

264 2717 367 2776 μου
406 2705 620 2776 βορέου,
681 2705 942 2775 χειμάζον
978 2705 1075 2768 τὰς
1103 2703 1283 2774 ψυχὰς
1318 2707 1558 2776 πονηρὸν
1603 2707 1804 2779 πνεῦμα

1976 2697 2040 2768 lui
2073 2696 2218 2752 sicut
2247 2696 2435 2767 aquilo
2466 2704 2788 2766 tempestate
2815 2704 3034 2767 torquet
3065 2698 3275 2754 animas
3295 2735 3310 2763 ,
3346 2699 3400 2752 in
3434 2700 3516 2753 eis

263 2797 480 2868 ζοφώδη
509 2797 678 2868 πάθη,
706 2796 782 2860 ῶς
811 2813 930 2850 τινα
961 2795 1096 2866 νέφη
1120 2834 1135 2860 ,
1167 2797 1444 2867 ἐπεγείρει
1471 2797 1682 2865 αὐταῖς,
1713 2801 1803 2854 ταί

1986 2790 2108 2846 uasi
2150 2791 2391 2848 nebulas
2453 2789 2655 2847 excitat
2695 2789 3018 2846 tenebrosae
3056 2792 3340 2862 paSSiOﬁGS
3393 2790 3520 2848 illas

260 2894 359 2955 τας
390 2889 733 2968 σκοτίζονται,
764 2889 860 2943 καὶ
893 2888 968 2959 μὴ
997 2887 1176 2942 ἐῶντα
1222 2890 1343 2952 ταῖς
1393 2889 1577 2944 ἀκτῖσι
1622 2891 1716 2944 τοῦ
1746 2893 1800 2946 τί

1981 2889 2284 2937 xcaecantes
2315 2896 2380 2937 ac
2403 2897 2472 2937 ne
2501 2881 2648 2938 Solis
2694 2881 2918 2951 jusutiae
2948 2881 3114 2937 radiis
3149 2883 3521 2940 illuminentur

260 2981 608 3053 δικαιοσύνης
623 2981 804 3036 Ἠλίου
841 2978 1316 3049 καταυγασθῆναι’
1354 2981 1382 3033 6
1411 2980 1468 3032 δὲ
1502 2997 1800 3055 χαρακτηρι

1980 2974 2338 3044 npedientes.
2372 2972 2494 3028 Vita
2524 2982 2708 3029 autem
2736 2989 2860 3043 quae
2882 2972 3017 3030 foris
3057 2977 3301 3030 ostendit
3330 2975 3520 3046 dispo-

263 3071 372 3138 ζων
415 3074 513 3144 τὴν
560 3071 1023 3144 ὲγκεκρυμμένην
1055 3073 1120 3141 τῇ
1161 3069 1308 3142 ψυχῇ
1342 3070 1582 3124 διάθεσιν
1612 3073 1748 3143 βίος,
1775 3091 1803 3128 τ

1979 3064 2200 3118 itionem
2227 3063 2283 3116 in
2314 3064 2496 3116 anima
2539 3063 2810 3118 occultam
2841 3103 2856 3127 ,
2887 3065 3098 3133 pudore
3156 3065 3224 3120 de
3269 3065 3519 3136 turpibus

261 3166 356 3217 ἐπὶ
380 3167 492 3228 τοῖς
518 3166 763 3235 αἰσχροῖς
790 3163 976 3234 ἔργοις
1011 3163 1246 3234 αἰσχύνῃ
1271 3161 1409 3226 ὅλως
1439 3163 1516 3233 μὴ
1539 3165 1801 3234 περικαλυ

1980 3154 2256 3210 ctionibus
2288 3170 2397 3210 non
2426 3155 2646 3226 penitus
2667 3155 2946 3222 obvoluta,
2977 3156 3046 3212 ad
3067 3158 3518 3214 calumniandum

263 3254 554 3322 πτάμενος,
587 3255 667 3316 εἰς
700 3253 798 3324 τὴν
840 3252 1038 3306 ἑαυτοῦ
1083 3252 1398 3325 παραθηγει
1447 3253 1702 3327 διαϐολὴν
1744 3257 1845 3329 τὴν
1871 3246 1912 3265 υ
1950 3260 2012 3302 ΒΘ
2042 3247 2248 3302 enim“
2289 3247 2531 3316 linguam
2559 3246 2826 3302 Videnlis-

263 3343 512 3410 γλῶτταν
547 3341 641 3395 τοῦ
678 3342 918 3413 ὁρῶντος
956 3343 1142 3397 αὐτόν.
1781 3398 1789 3405 ,
3035 3401 3038 3404 ,
3135 3399 3147 3408 .

333 3433 434 3487 κδ’.
474 3433 777 3501 Κρεῖσσον
823 3433 1010 3486 οἰκεῖν
1055 3433 1154 3487 ἐπὶ
1202 3437 1422 3505 γωνίας
1476 3439 1762 3508 δώματος,
1804 3440 1843 3508 ἢ

2027 3438 2195 3496 Vens.
2235 3440 2328 3496 ‘2‘.
2374 3442 2566 3497 Melius
2605 3452 2681 3498 est
2711 3444 2891 3498 sedere
2929 3447 2983 3499 in
3016 3448 3210 3516 angulo
3238 3449 3471 3508 domatis
3501 3494 3517 3520 ,

261 3523 410 3595 μετὰ
440 3523 726 3593 γυναικὸς
751 3523 1046 3593 λοιδόρου
1079 3526 1150 3580 ἐν
1190 3529 1351 3598 οἰκίᾳ
1376 3530 1584 3614 κοινῇ
1612 3533 1801 3586 Κάλλιι

1983 3549 2106 3586 uam
2141 3549 2260 3587 cum
2298 3534 2517 3589 muliere
2547 3537 2931 3591 contumeliosa
2957 3539 3010 3591 in
3038 3539 3192 3592 domo
3235 3548 3520 3600 communi.

262 3615 609 3685 ἀσυγκρίτως
639 3615 759 3668 ἐστὶ
787 3615 1132 3688 παραμένειν
1167 3618 1244 3689 τῷ
1276 3621 1599 3675 συνάπτοντι
1641 3623 1721 3693 τῷ
1766 3641 1802 3675 νε

1980 3618 2140 3677 lelius
2164 3629 2248 3676 est
2271 3620 2520 3690 profecto
2548 3637 2674 3675 cum
2701 3625 2912 3678 ratione
2949 3627 3326 3681 sensationenr
3355 3633 3520 3686 menti

263 3703 363 3774 τὴν
389 3703 640 3774 αἰσθησιν
672 3703 850 3777 λόγῳ,
880 3706 955 3770 ὡς
990 3707 1047 3760 ἐν
1083 3725 1190 3762 τινι
1215 3709 1388 3780 γωνίᾳ
1417 3711 1670 3775 εὐτελοῦς
1701 3729 1803 3765 τινι

1981 3711 2301 3780 onjungenti
2338 3727 2660 3782 permanere
2705 3715 2866 3782 quasi
2901 3715 2955 3768 in
2985 3718 3206 3786 angulo
3257 3720 3345 3773 vili
3387 3737 3521 3789 qun-

264 3797 652 3868 καταλύματος
681 3797 779 3851 τοῦ
809 3798 1140 3868 φαινομένου
1190 3801 1420 3872 κόσμου,
1459 3802 1492 3873 ἢ
1540 3803 1598 3856 ὲν
1625 3803 1732 3873 ὅλῳ
1766 3819 1804 3854 τ‹

1987 3815 2074 3853 am
2119 3803 2324 3871 tugurii
2373 3803 2664 3870 cujusdam
2723 3806 2910 3859 mundi
2961 3807 3236 3875 visibilis,
3270 3827 3431 3880 quam
3470 3814 3521 3867 in

263 3889 475 3960 κόσμῳ,
511 3890 570 3953 ὃς
605 3891 721 3942 ἐστι
767 3890 945 3943 κοινὸν
985 3891 1333 3960 καταγώγιον
1375 3891 1468 3945 τοῦ
1502 3910 1562 3946 τε
1591 3892 1710 3957 νοὸς
1751 3911 1803 3947 uc

1984 3898 2064 3945 )to
2099 3891 2354 3957 mundo-,
2396 3894 2489 3962 qui
2562 3902 2648 3949 est
2723 3909 3016 3951 commune
3063 3899 3421 3956 diversorimn
3470 3915 3524 3958 et

261 3978 358 4048 τῆς
391 3978 695 4049 αἰσθήσεως
715 3995 729 4009 ·
777 3975 868 4032 οἵα
903 3979 1427 4050 ὲπαναπαυομένων,
1459 3981 1552 4035 τοῦ
1587 3983 1686 4051 μὲν
1718 3984 1801 4038 νοὲ

1986 3980 2149 4036 tentis
2177 3990 2230 4035 et
2284 3983 2618 4038 sensationis
2650 4024 2666 4049 ,
2706 3994 2886 4039 mente
2958 3988 3174 4053 quidem
3219 3992 3521 4046 rationibus

263 4072 375 4133 τοῖς
420 4068 602 4138 λόγοις
630 4069 741 4124 τῶν
777 4070 1143 4142 φαινομένων,
1175 4073 1274 4142 τῆς
1321 4071 1365 4125 δ’
1392 4073 1699 4144 αἰσθήσεως
1731 4076 1803 4128 soi

1983 4087 2134 4127 erum
2176 4073 2524 4144 quiescente,
2558 4077 2885 4131 sensatione
2924 4092 3057 4132 vero
3089 4078 3142 4133 in
3179 4079 3372 4136 formis
3429 4101 3523 4137 co—

262 4159 457 4225 τύποις
501 4163 612 4216 τῶν
658 4163 964 4232 νοουμένων
1015 4164 1414 4236 συνδιατρίῦειν
1461 4165 1556 4220 τὸν
1599 4167 1726 4221 νοῦν
1774 4185 1802 4221 τ

1983 4165 2241 4221 itatorum
2296 4167 2643 4230 immorante,
2680 4177 2916 4223 mentem
2959 4169 3210 4227 habitare
3240 4188 3364 4226 cum
3393 4191 3519 4230 sen-

262 4251 626 4326 διαὸαλλούσῃ
648 4254 738 4308 διὰ
759 4254 858 4324 τῆς
883 4255 1096 4326 ἀπάτης
1115 4256 1224 4310 τῶν
1248 4260 1588 4328 φαινομένων
1609 4260 1676 4314 τὰ
1696 4264 1802 4316 νοοε

1981 4259 2159 4312 atione
2211 4273 2329 4328 qua:
2357 4274 2423 4313 ex
2469 4260 2793 4329 deceptione
2824 4259 3122 4316 visibilium
3157 4266 3385 4335 cogitata
3427 4283 3521 4321 ca-

267 4357 404 4412 μενα
430 4343 701 4413 αἰσθήσει,
735 4344 1028 4398 κάντεῦθεν
1071 4347 1183 4410 τοῖς
1229 4345 1438 4416 τύποις¹
1468 4349 1807 4421 ὲναπομένειι

1979 4350 2250 4405 tmniatur
2305 4361 2358 4405 et
2417 4350 2538 4406 ideo
2599 4353 2880 4407 immorari
2935 4356 2992 4409 in
3051 4354 3244 4412 formis
3289 4371 3342 4414 et
3415 4378 3519 4417 non

263 4433 360 4488 καὶ
397 4433 473 4504 μὴ
510 4432 809 4488 διαϐαίνειν
846 4434 984 4504 πρὸς
1019 4434 1119 4507 τὴν
1155 4438 1214 4490 ἐν
1249 4438 1396 4498 ὅλοις
1435 4438 1714 4509 ἀλήθειαν.

1523 4438 1714 4509 ᾖθειαν.
1902 4481 1914 4492 .
1944 4444 2245 4500 ascendere
2269 4443 2337 4498 ad
2382 4446 2668 4500 veritatem
2698 4446 2753 4499 in
2784 4447 3063 4503 omnibus.

333 4530 432 4579 κε’.
460 4524 690 4593 Ὠσπερ
720 4524 878 4594 ὕδωρ
907 4525 1170 4595 ψυχρὸν,
1194 4526 1368 4597 ψυχῇ
1391 4527 1630 4603 διψώσῃ
1659 4545 1845 4600 προσ-

2022 4533 2188 4606 Valts.
2227 4534 2320 4590 25.
2369 4535 2519 4590 Sicut
2557 4553 2696 4604 aqua
2756 4537 2982 4608 frigida-
3021 4539 3217 4594 am’ma:
3270 4542 3523 4610 sitienti,

260 4615 427 4685 ηνὲς,
458 4616 647 4682 οὕτως
697 4617 948 4687 ἀγγελία
992 4616 1186 4687 ἀγαθὴ
1241 4617 1310 4672 ἐκ
1363 4618 1477 4687 γῆς
1523 4625 1800 4689 μακρόθει

1980 4625 2028 4679 ic
2058 4627 2274 4681 nuntius
2314 4626 2480 4682 bonus
2515 4628 2579 4682 dc
2614 4637 2755 4682 terra
2802 4631 3108 4702 longinqua.
3153 4631 3515 4697 Quemadmo-

262 4705 529 4776 Καθάπερ
561 4705 705 4775 ὕδωρ
745 4705 1110 4776 ψυχρώτατον
1163 4707 1399 4778 ὑπάρχει
1451 4707 1674 4778 διψῶντι
1719 4710 1802 4774 {ib

1981 4725 2080 4772 lum
2113 4734 2250 4789 aqua
2305 4719 2663 4790 frigidissima
2727 4723 2985 4777 illecebra
3023 4725 3242 4780 exsistit
3301 4729 3521 4782 animali

263 4798 602 4868 θελκτήριον,
629 4796 772 4850 οὕτω
804 4795 900 4850 καὶ
937 4798 1004 4866 τῇ
1051 4796 1143 4850 τὸν
1177 4797 1441 4853 καύσωνα
1489 4799 1599 4854 τῶν
1646 4818 1803 4874 πειρα

1983 4809 2185 4876 itlenti,
2216 4810 2287 4864 ita
2319 4820 2373 4866 et
2405 4797 2600 4866 animis
2622 4828 2888 4883 generose
2929 4813 3126 4870 ferenti
3157 4819 3519 4872 tentationnm

264 4889 442 4959 σμῶν,
477 4889 571 4942 καὶ
601 4888 702 4959 τῆς
724 4889 930 4960 ἀρετῆς
954 4889 1014 4942 τὸ
1036 4889 1294 4942 ἐπίπονον
1316 4891 1580 4956 γενναίως
1603 4895 1804 4965 φερούσ

1990 4910 2143 4956 :stum
2184 4909 2240 4956 et
2279 4903 2500 4960 virtutis
2529 4904 2747 4960 labores
2767 4905 3089 4960 duicissima
3116 4915 3200 4960 est
3230 4909 3530 4975 promissio

258 4979 405 5056 ψυχῇ
425 5023 442 5047 ,
472 4980 714 5052 ἡδυτάτη
740 4980 888 5035 ἐστὶν
913 4983 946 5053 ἡ
971 4981 1070 5052 τῆς
1101 4982 1245 5035 κατὰ
1268 4981 1329 5034 τὸ
1361 4981 1555 5053 μέλλον
1582 4985 1798 5056 κληρονι

1982 5000 2151 5046 ιιιυιτθ
2180 4991 2515 5050 Ιιαιιιειίἰιοιίε
2539 4994 2594 5048 in
2628 5001 2774 5049 terra
2801 5002 3234 5049 mansuetorum.
3255 4992 3378 5047 Ηαιο
3405 5010 3522 5064 pm

263 5071 394 5144 μίας
429 5072 528 5142 τῆς
574 5072 680 5144 γῆς
716 5073 827 5126 τῶν
860 5071 1084 5144 πραέων
1127 5072 1462 5142 ἐπαγγελίαο
1517 5076 1585 5146 τῇ
1633 5075 1744 5128 τῶν
1786 5078 1803 5129 ἐ

1985 5083 2143 5138 missio
2173 5099 2270 5153 spe
2308 5085 2582 5141 bonorum
2639 5086 2803 5157 hujus
2859 5092 3023 5141 terra
3068 5083 3231 5139 talem
3283 5087 3525 5141 animam

259 5163 434 5237 ταύτῃ
481 5166 546 5236 τῇ
575 5167 647 5236 γῇ
676 5163 900 5235 ἀγαθῶν
931 5163 1106 5218 ἑλπίδι
1136 5164 1533 5238 παρακαλοῦσα
1559 5166 1658 5220 καὶ
1705 5167 1799 5222 ἀνα

1051 5165 1106 5218 ἲδι
1136 5164 1533 5238 παρακαλοῦσα
1559 5166 1658 5220 καὶ
1705 5167 1841 5222 ἀνα-
1947 5176 2268 5231 consolatur
2287 5184 2342 5232 et
2392 5179 2591 5234 reficit.

259 5257 514 5328 κτωμένη
553 5273 652 5328 την
688 5255 947 5328 τοιαύτην
984 5256 1181 5328 ψυχήν.

329 5356 446 5414 κςν.
471 5350 698 5419 Ὠσπερ
729 5349 785 5403 ετ
819 5366 910 5416 τις
941 5347 1145 5419 πηγὴν
1174 5347 1465 5418 φράσσοι,
1495 5351 1591 5404 καὶ
1619 5350 1837 5420 ὕδατος

2016 5355 2183 5412 Vsus.
2216 5355 2309 5410 26.
2357 5337 2514 5410 δὶεαέ
2535 5356 2583 5410 si
2620 5357 2740 5426 quis
2789 5355 2988 5425 fontem
3026 5355 3267 5410 obstruat
3299 5366 3348 5411 rt
3372 5374 3525 5426 aqum

261 5438 475 5505 ἔξοδον
506 5439 885 5509 λυμαίνοιτο,
921 5438 1108 5504 οὕτως
1141 5437 1417 5509 ἄκοσμον
1461 5439 1694 5494 δίκαιον
1729 5456 1801 5496 πε

1988 5449 2146 5501 ritum
2174 5447 2490 5517 disperdat:
2522 5448 2598 5501 sic
2634 5447 2874 5508 indecens
2916 5456 2994 5502 est
3020 5445 3228 5518 justum
3273 5449 3528 5503 cecidisse

258 5529 555 5606 (ιτωκέναι
587 5529 846 5584 ἐνώπιον
876 5528 1154 5596 ἀσεϐοῦς.
1197 5530 1462 5599 Καθάπερ
1501 5532 1597 5585 ὲὰν
1625 5549 1709 5596 τις
1733 5535 1798 5603 ἐμ

1986 5557 2125 5595 oram
2173 5542 2358 5609 impio.
2391 5540 2860 5606 Quemadmodum
2891 5541 2937 5596 si
2969 5541 3093 5613 quis
3129 5541 3378 5596 obstruat
3407 5541 3526 5596 fou-

263 5625 490 5696 φράττοι
524 5622 727 5695 πηγὴν,
761 5623 852 5676 καὶ
885 5621 1031 5694 ὕδωρ
1080 5624 1145 5677 ὲκ
1196 5622 1400 5695 ταύτης
1449 5623 1649 5678 κωλύοι
1681 5625 1803 5696 ὲξέρ

1985 5646 2051 5686 ιηι
2076 5637 2131 5686 et
2160 5627 2356 5700 aquim
2381 5645 2446 5684 ex
2471 5644 2536 5684 ea
2557 5631 2706 5685 exire
2737 5628 3016 5700 impediat;
3039 5628 3350 5684 indecoram
3379 5627 3525 5681 illam

259 5716 473 5788 χεσθαι,
501 5717 722 5787 ἀπρεπῆ
747 5714 951 5786 ταύτην
989 5713 1284 5785 ἐργάζεται
1304 5757 1320 5782 ,
1347 5716 1628 5785 ἀφανίζων
1666 5719 1735 5783 τὰ
1778 5719 1799 5770 έ

1987 5722 2130 5787 iicit,
2189 5721 2260 5775 ab
2326 5729 2553 5790 aspectu
2595 5735 2879 5775 removens
2936 5719 3242 5774 clarissima
3292 5733 3355 5772 ex
3409 5717 3527 5784 ipsa

260 5810 429 5879 αὐτῆς
457 5805 826 5876 ἀναϐλύζοντα
857 5808 1193 5864 διειδέστατα
1216 5809 1453 5880 νάματα·
1483 5808 1656 5873 οὕτως
1685 5810 1800 5864 ἐστὶ

1983 5828 2061 5867 nae
2096 5811 2409 5868 scaturiunt
2440 5812 2687 5891 ﬂuenta;
2742 5811 2824 5867 sic
2883 5809 3201 5865 indecorum
3242 5816 3330 5864 est
3371 5805 3522 5861 iitum
