3900 6228
451 434 587 498 1479
1783 413 2033 476 ΡΒΟΕΟ]

2180 415 2421 474 GAZJEI
3568 417 3680 481 148⁸)

446 548 544 618 qui
591 537 996 615 pulchritudine
1026 535 1297 588 virtutum
1345 539 1599 593 ornatur,
1633 528 1688 582 in
1727 529 1870 581 lucta
1929 525 2022 578 ad-

2143 528 2364 596 ὶπρεπὲς
2408 525 2500 578 τὸν
2528 521 2945 592 κεκοσμημένον
2992 521 3069 590 τῷ
3121 523 3306 578 κάλλει
3337 525 3443 579 τῶν
3475 526 3679 595 ἀρετῶν,

443 613 950 693 vet-susiuimicum
1009 627 1318 680 animarum
1375 630 1692 677 nostrarum
1744 627 1798 673 et
1850 616 2020 670 Deum

2143 620 2188 670 ὲν
2219 620 2282 688 τῇ
2318 617 2452 686 πρὸς
2480 618 2570 667 τὸν
2617 615 2690 684 μὴ
2720 613 2971 680 τιμῶντα
2997 613 3130 666 Θεὸν
3151 656 3165 678 ,
3199 616 3390 685 ἐχθρὸν
3424 618 3530 671 τῶν
3569 621 3684 692 ημς.

442 728 838 798 despicientem
873 761 889 786 ,
939 719 1185 775 incidere
1241 719 1297 772 in
1348 723 1594 785 peccata,
1647 711 2026 778 virtutumque

2143 709 2306 779 εέρων
2336 707 2526 777 ψυχῶν
2556 706 2733 776 πάλῃ,
2781 704 3054 773 ἁμαρτίας
3087 709 3406 776 περιπεσεῖν
3437 711 3684 780 πτώματι,

449 791 672 890 spoiiari
707 821 1056 870 ornamento.

2143 797 2226 849 καὶ
2257 794 2348 848 τὸν
2383 795 2588 864 κόσμον
2623 791 2995 846 ἀποϐαλέσθαι
3025 792 3132 844 τῶν
3164 795 3395 862 ἀρετῶν.

524 907 688 963 Vens.
731 905 820 960 27.
871 902 1156 958 Comedere
1206 899 1310 953 me!
1355 897 1603 958 multum,
1643 909 1748 948 non
1797 899 1876 946 est
1939 890 2028 944 bo-

2203 886 2307 951 κξν.
2345 885 2606 939 Ἐσθίειν
2639 884 2781 953 μέλι
2825 883 3005 949 πολὺ,
3057 886 3130 937 οὐ
3174 888 3400 938 καλόν·
3434 885 3601 956 τιμᾷν
3631 889 3685 941 δὲ

450 1014 615 1062 num;
648 1012 912 1052 sermones
942 1004 1118 1048 autem
1161 993 1391 1061 insignes
1429 989 1692 1042 honorare
1756 983 1918 1038 decet.
1945 983 2029 1037 Ad

2143 977 2252 1048 χρὴ
2283 980 2503 1046 λόγους
2525 976 2836 1041 ἐνδόξους.
2857 977 2944 1038 Εἰς
2967 976 3127 1044 κόρον
3159 976 3587 1046 μεταλαμϐάνειν
3606 980 3686 1049 τῆς

444 1103 764 1144 mensuram
839 1085 945 1140 frui
1009 1083 1279 1153 spirituali
1330 1079 1423 1134 Dei
1473 1077 1858 1148 mysteriorum
1906 1071 2031 1129 dul-

2143 1068 2518 1140 πνευματικῆς
2577 1069 2685 1122 τῶν
2749 1068 2910 1122 θείων
2976 1069 3289 1139 μυστηρίων
3355 1069 3684 1140 γλυκύτητος,

452 1181 646 1238 cedine
699 1195 806 1234 non
866 1175 1110 1247 prodest.
1156 1172 1231 1227 De
1269 1171 1355 1226 his
1414 1169 1562 1224 enim
1599 1165 1867 1221 etfrenata
1917 1177 2033 1218 me-

452 1271 652 1326 ditatio
685 1269 789 1323 fert
832 1265 898 1320 ad
956 1263 1344 1334 pracipitium.
1403 1257 1674 1313 Convenit
1721 1261 1902 1308 autem
1955 1251 2035 1304 al-

453 1363 665 1418 tissima
690 1360 758 1414 de
785 1358 894 1412 Deo
927 1356 1180 1425 dogmata
1215 1351 1386 1406 vereri
1412 1360 1466 1405 et
1511 1364 1618 1402 non
1662 1343 1853 1400 conari
1885 1357 2034 1397 com-

454 1451 792 1526 prehendere
824 1443 1432 1516 incomprehensibilem
1475 1442 1596 1510 ejus
1638 1435 1958 1493 essentiam.

2135 1161 2490 1232 ἀσύμφορον
2523 1162 2556 1231 ἡ
2606 1160 2736 1231 περὶ
2779 1160 2955 1214 ταῦτα
2987 1161 3095 1232 γάρ
3125 1160 3458 1231 ἀχαλίνωτος
3489 1161 3686 1233 θεωρία,

2138 1255 2294 1324 φέρει
2327 1255 2468 1306 κατά
2499 1252 2744 1324 κρημνοῦ
2763 1269 2777 1283 ο
2808 1252 3151 1306 εὐλαϐεῖσθαι
3196 1253 3240 1305 δ’
3263 1253 3500 1324 ὑπάρχει
3542 1253 3691 1323 ἁρμό-

2137 1345 2249 1399 διον
2281 1345 2351 1397 τά
2384 1344 2516 1415 περὶ
2552 1344 2685 1396 Θεοῦ
2719 1343 3031 1414 ὑψηλότατα
3059 1343 3340 1412 δόγματα·
3373 1343 3469 1394 καὶ
3497 1341 3567 1413 μὴ
3593 1345 3690 1396 ὲπι-

2137 1438 2341 1507 χειρεῖν
2379 1434 2822 1505 καταλαμὸάνειν
2859 1435 2919 1488 τδ
2956 1434 3075 1489 κατ’
3098 1434 3284 1487 οὐσίαν
3313 1434 3481 1487 αὑτοῦ
3512 1433 3691 1487 ἀκατά-

2139 1544 2367 1598 Ληπτον.

527 1625 694 1681 Vens.
736 1623 823 1678 28.
878 1620 1028 1675 Sicut
1064 1620 1188 1673 urbs
1221 1627 1405 1687 patens
1439 1625 1486 1669 et
1539 1612 1733 1683 absque
1761 1625 2033 1664 murorum

2213 1621 2321 1690 κη’.
2373 1621 2603 1688 Ὥσπερ
2658 1620 2837 1684 πόλις
2895 1618 2967 1672 τὰ
3016 1618 3183 1686 τείχη
3236 1617 3688 1688 καταϐεϐλημένη

352 1712 357 1715 ’
458 1718 661 1772 ambitu
691 1755 705 1779 ,
767 1716 841 1768 sic
887 1713 966 1766 rir
998 1712 1086 1782 qui
1143 1726 1246 1763 non
1314 1723 1431 1761 cum
1470 1702 1692 1758 consilio
1748 1701 1874 1771 quid
1903 1703 2032 1770 agit.

2143 1713 2239 1767 καὶ
2272 1713 2630 1781 ἀτείχιστος,
2667 1712 2855 1777 οὕτως
2882 1709 3038 1777 ἀνὴρ
3074 1709 3142 1775 ὃς
3177 1712 3248 1764 οὐ
3285 1710 3442 1779 μετὰ
3480 1708 3691 1778 βουλῆς

451 1805 924 1875 Quemadmodum
957 1803 1090 1857 urbs
1117 1815 1239 1870 qua:
1266 1814 1376 1854 non
1409 1787 1574 1850 habet
1623 1807 1833 1858 muros,
1857 1800 1912 1846 et
1935 1791 2033 1844 tui-

2143 1815 2196 1852 τι
2231 1798 2511 1867 πράσσει.
2552 1799 2820 1868 Καθάπερ
2845 1815 2930 1862 τις
2960 1797 3111 1861 πόλις
3140 1798 3501 1869 καθῃρημένη
3525 1799 3586 1853 τά
3605 1799 3692 1853 τεί-

453 1899 607 1954 "nime
663 1895 992 1956 custoditur,
1048 1891 1229 1945 facilis
1263 1897 1574 1958 oppugnatu
1609 1892 1730 1950 est;
1764 1883 1846 1937 sic
1870 1881 2033 1936 etiam

2143 1908 2210 1959 χη
2245 1890 2341 1943 καὶ
2370 1889 2680 1959 ἀφύλακτος
2712 1888 2928 1953 τέλεον,
2963 1889 3134 1951 οὕτως
3170 1889 3404 1960 ὑπάρχει
3440 1888 3694 1942 εὑεπισού-

459 1988 552 2042 ille
599 1986 689 2055 qui
717 1986 836 2040 sine
875 1981 1134 2037 rationali
1171 1978 1504 2035 discretione
1553 1975 1796 2028 luctatur
1841 1971 2033 2024 adver-

2143 1981 2326 2043 λευτος
2353 1983 2446 2034 καὶ
2469 1983 2496 2034 ὁ
2521 1981 2599 2052 μὴ
2632 1979 2768 2050 μετά
2792 1978 3016 2047 λογικῆς
3040 1979 3388 2050 διακρίσεως,
3430 1980 3560 2049 πρὸς
3587 1981 3692 2042 τοὺς

2138 2073 2405 2144 ἀοράτους
2427 2072 2658 2143 ἐχθροὺς
2688 2069 3216 2140 ἀνταγωνιζόμενος·
3243 2071 3276 2143 ἦ
3306 2071 3421 2142 γὰρ
3444 2071 3518 2134 ὡς
3539 2072 3691 2142 πάντη

2140 2164 2472 2233 ἀφύλακτος,
2505 2163 2918 2233 εὐεπιχείρητός
2939 2163 3055 2216 ἐστι
3081 2165 3194 2224 τοῖς
3215 2165 3336 2216 κατ’
3363 2163 3592 2232 ἔλλειψιν
3614 2164 3694 2232 τῆς

2141 2257 2340 2324 ἀρετῆς
2370 2253 2630 2305 πάθεσινο
2673 2254 2706 2323 ἢ
2753 2253 2827 2315 ὡς
2861 2251 2967 2305 ἀπὸ
2999 2251 3205 2306 τούτων
3241 2254 3341 2324 μὲν
3379 2253 3696 2323 φυλασσόμε-

2139 2363 2251 2410 νος,
2277 2347 2361 2413 ὲφ⁸
2384 2339 2463 2407 οἷς
2493 2345 2538 2397 δ’
2563 2341 2814 2396 ἐντεῦθεν
2845 2341 2906 2396 τὸ
2934 2343 3175 2407 ἀσφαλὲς
3196 2343 3377 2414 ἑαυτῷ
3403 2345 3695 2416 περιεποιή-

2141 2455 2293 2503 σατο,
2327 2436 2676 2504 κατενεχθεὶς
2723 2434 2800 2504 τῷ
2843 2438 2942 2505 τῆς
2971 2435 3257 2506 ὲπάρσεως
3293 2437 3570 2507 πτώματι.
3599 2440 3695 2503 τοῖς

2140 2531 2265 2586 καθ’
2297 2529 2602 2601 ὑπερϐολὴν
2639 2529 2737 2598 τῆς
2775 2529 2978 2598 ἀρετῆς
3015 2529 3293 2581 ἁλίσκεται
3334 2528 3578 2582 πάθεσιν.

2705 2621 2959 2673 ΚΕΦᾹΛ.
3001 2618 3147 2686 Kq'.

2213 2721 2281 2770 α’.
2317 2715 2552 2782 Ὠσπερ,
2573 2711 2791 2781 δρόσος
2814 2711 2884 2764 ἐν
2922 2711 3145 2780 ἁμητῷ,
3184 2711 3284 2766 καὶ
3317 2712 3526 2781 ὥσπερ
3549 2713 3696 2780 ὑετὸς

2143 2805 2215 2859 ἐν
2238 2804 2409 2872 θέρει,
2462 2804 2648 2869 οὕτως
2675 2805 2786 2856 οὐκ
2817 2801 2988 2855 ἐστιν
3018 2802 3232 2871 ἄφρονι
3253 2803 3415 2872 τιμή.
3461 2805 3697 2875 Καθάπερ

2113 2899 2334 2968 ’δρόσος
2369 2898 2427 2947 ἐν
2454 2897 2568 2957 τοῖς
2616 2893 2894 2965 δράγμασι
2935 2894 3045 2946 τῶν
3076 2894 3389 2964 ἀσταχύων,
3429 2895 3526 2948 καὶ
3567 2896 3694 2960 ὑετὸς

2145 2989 2208 3042 ὲν
2261 2986 2444 3058 καιρῷ
2491 2985 2688 3056 θέρους
2735 2984 2934 3049 αὑτῶν,
2992 2985 3092 3039 οὑκ
3130 2986 3268 3039 εἰσὶν
3319 2987 3597 3051 ἐπαινετὰ,
3637 2987 3697 3046 ὡς

461 2095 556 2134 sus
591 2078 776 2132 hostes
831 2073 1157 2128 invisibiles.
1218 2071 1327 2124 Aut
1359 2068 1531 2133 enim,
1569 2072 1758 2134 utpote
1814 2062 2041 2117 minime

461 2167 772 2223 custoditus
797 2205 810 2229 ,
859 2165 1020 2218 facile
1047 2169 1353 2232 occupatur
1383 2157 1738 2228 passionibus
1794 2169 1891 2224 per
1943 2153 2039 2208 de-

463 2259 666 2311 tectum
697 2256 937 2317 virtutis,
977 2261 1070 2306 aut
1097 2253 1260 2322 quasi
1326 2248 1636 2304 custoditus
1671 2247 1742 2300 ab
1799 2245 1884 2300 his
1913 2243 2040 2313 qui-

462 2349 565 2402 bus
593 2345 698 2401 sibi
753 2348 1102 2400 securitatem
1137 2341 1471 2402 vindicabat,
1512 2339 1580 2392 ab
1616 2338 1728 2390 alto
1777 2337 2038 2390 deorsum

463 2441 676 2495 delatus
717 2438 771 2491 in
806 2446 1128 2506 peccatum.
1190 2431 1545 2505 passionibus
1603 2442 1701 2497 per
1749 2440 2044 2480 excessum

461 2534 683 2588 virtutis
715 2530 954 2601 capitur.

1057 2617 1211 2674 CAP.
1254 2615 1448 2672 XXVI.
1474 2617 1493 2639 '

537 2713 700 2770 Vens.
719 2713 768 2768 1.
792 2712 938 2768 Sicut
959 2727 1040 2764 ros
1059 2712 1110 2764 in
1136 2725 1320 2774 utesse,
1341 2719 1388 2762 et
1406 2709 1540 2761 sicut
1560 2707 1739 2777 pluvia
1757 2707 1812 2762 in
1833 2714 2040 2767 testate,

467 2810 544 2866 sic
578 2825 680 2862 non
713 2815 790 2862 est
841 2805 1107 2874 insipienti
1145 2809 1332 2856 honor.
1365 2799 1836 2866 Quemadmodum
1872 2812 1964 2851 ros
1989 2797 2043 2849 in

462 2902 761 2972 manipulis
803 2899 1104 2968 spicarum,
1133 2903 1188 2948 et
1237 2893 1434 2964 pluviae
1464 2893 1519 2945 in
1568 2900 1816 2960 tempore
1847 2887 2044 2943 messis

466 3007 652 3048 earum
675 3006 782 3044 non
811 2985 1236 3044 suntlaudaudz
1257 2987 1348 3057 qui
1383 3003 1492 3041 non
1513 2994 1778 3057 prosunt;
1799 2986 1873 3038 ita
1901 2984 2046 3037 irra-

467 3083 747 3139 tionalitcr
773 3087 1192 3134 conversantcm
1231 3094 1340 3131 non
1367 3087 1552 3131 manet
1571 3078 1763 3148 gloria,
1790 3091 1968 3146 neque
1989 3075 2033 3128 in

2149 3081 2273 3153 μηδ’
2324 3077 2574 3134 ὁπωσοῦν
2613 3076 2948 3147 ὠφελοῦνταο
2999 3076 3171 3140 οὓτως
3226 3078 3324 3149 οὑχ
3367 3079 3598 3150 ὑπάρχει
3632 3077 3696 3149 τῷ

465 3187 666 3242 morte,
722 3189 900 3243 neque
937 3178 1058 3241 post
1102 3176 1351 3224 mortem.
1412 3167 1543 3222 Nam
1587 3170 1762 3240 gloria
1826 3167 2033 3237 quidem

2146 3173 2446 3245 ἀλογίστως
2501 3173 2710 3244 βιοῦντι
2765 3173 2890 3226 οὔτε
2953 3173 3204 3239 θανόντι,
3263 3173 3392 3227 οὕτε
3440 3175 3695 3247 θνήσκοντι

467 3267 764 3324 immortali
816 3264 1045 3319 orbatus
1098 3270 1182 3318 est
1217 3302 1234 3326 ,
1269 3263 1396 3331 quia
1448 3277 1555 3316 non
1585 3260 1862 3316 festinavit
1894 3259 2033 3313 illam

2153 3268 2309 3332 κλέος
2333 3283 2346 3298 ·
2376 3266 2630 3321 ἐντεῦθεν
2659 3267 2771 3338 γάρ
2816 3267 2914 3336 τῆς
2949 3268 3048 3335 μὲν
3081 3267 3274 3338 ἀγήρω
3297 3266 3462 3338 δόξης
3502 3269 3698 3338 ἑστερη-

467 3363 696 3433 adipisci
745 3375 843 3431 per
915 3360 1084 3414 vitam
1164 3357 1468 3412 virtutibus
1525 3363 1826 3418 ornatam,
1873 3349 2033 3422 gtoria

2155 3360 2319 3432 μένος
2364 3359 2547 3412 ἐστίν*
2574 3358 2655 3412 ὅτι
2709 3358 2784 3427 μὴ
2818 3357 3052 3410 ἔσπευσε
3097 3357 3298 3422 ταύτας
3347 3359 3419 3412 δι’
3470 3359 3697 3426 ἐναρέτου

457 3465 652 3509 autem
715 3461 1066 3521 temporanea
1125 3447 1326 3502 accidit
1377 3446 1540 3501 etiam
1594 3443 1730 3499 illud
1792 3441 2033 3513 spoliari.

2152 3450 2456 3522 κτήσασθαι
2494 3449 2808 3513 πολιτείας·
2845 3448 3133 3520 συμὸαίνει
3163 3450 3208 3504 δ’
3258 3451 3410 3523 αὑτῷ
3454 3448 3699 3505 ἀποϐαλέ-

2157 3541 2280 3593 σθαι
2309 3541 2406 3592 καὶ
2426 3541 2526 3611 τὴν
2549 3539 2840 3610 ἐπίκηρον.

543 3632 707 3686 Vens.
747 3631 801 3684 2.
846 3628 996 3682 Sicut
1025 3642 1142 3680 aves
1168 3625 1402 3680 volantes
1439 3634 1488 3679 et
1515 3639 1754 3692 passeres
1775 3665 1790 3690 ,
1838 3624 1914 3677 sic
1943 3641 2033 3677 mat

2225 3629 2288 3700 β’.
2323 3630 2550 3699 Ὥσπερ
2571 3629 2748 3698 ὄρνεα
2774 3627 3054 3682 πέτανται
3081 3628 3178 3682 καί
3205 3629 3508 3700 στρουθοὶ,
3537 3630 3701 3696 οὕτως

470 3724 722 3778 tedictum
750 3734 942 3774 vanum
975 3733 1080 3770 non
1133 3717 1458 3784 superveniet
1511 3716 1631 3768 ulli.
1678 3714 2033 3780 Quemadmo-

2151 3722 2266 3790 ἀρὰ
2315 3721 2538 3790 ματαία
2578 3724 2690 3776 οὐκ
2741 3721 3133 3776 ἐπελεύσεται
3170 3720 3396 3776 οὐδενί.
3457 3721 3697 3790 Καθάπερ

469 3817 599 3870 dum
629 3829 754 3868 aves
783 3825 976 3866 omnes
1010 3816 1124 3864 tum
1163 3824 1373 3880 magna:
1401 3823 1526 3861 cum
1559 3823 1740 3878 parvae
1768 3809 1990 3862 avolant
2015 3823 2033 3861 ε

2151 3816 2489 3884 ἀφίπτανται
2516 3815 2730 3869 ἃπαντα
2759 3811 2828 3864 τά
2861 3811 3060 3881 πτηνὰ,
3089 3811 3158 3864 τά
3187 3827 3247 3862 τε
3281 3811 3500 3882 μεγάλα
3530 3808 3698 3864 καὶτὰ

470 3903 594 3954 loco
629 3900 682 3953 in
710 3913 816 3969 quo
845 3898 1129 3966 quiescere
1161 3913 1271 3951 non
1300 3905 1567 3966 possunt;
1622 3897 1704 3950 sic
1735 3911 1896 3951 omne
1925 3913 2033 3951 ma-

2156 3906 2352 3978 μικρά,
2387 3904 2479 3960 τοῦ
2513 3905 2681 3958 τόπου
2733 3905 2789 3957 έν
2903 3903 3282 3972 ἀναπαυθῆναι
3336 3903 3414 3973 μὴ
3441 3901 3693 3955 δύνανται·

471 3992 732 4046 ledictum
782 3991 897 4046 sine
942 3990 1260 4044 rationabill
1309 4003 1476 4043 causa
1510 3988 1564 4041 in
1601 3989 1752 4042 illum
1801 3990 1893 4059 qui
1929 4003 2033 4042 ma-

2147 3997 2325 4061 οὑτως
2352 3995 2702 4066 ἀφισταμένη
2737 3996 2886 4047 πᾶσα
2920 3995 3153 4060 κατάρα,
3186 3993 3273 4046 διὰ
3327 3991 3593 4064 μηδεμίαν
3616 3989 3695 4043 sb-

472 4083 726 4139 iedicitur
772 4080 1066 4151 prolatum,
1097 4095 1210 4134 non
1261 4079 1442 4134 veniet
1496 4079 1622 4148 ipsi.
1669 4078 1761 4134 scd
1822 4081 2033 4136 omninc

2151 4090 2311 4158 λογον
2337 4087 2517 4142 αἰτίαν
2546 4087 2692 4139 κατά
2713 4084 2808 4139 τοῦ
2845 4083 3232 4154 κατηραμένον
3269 4085 3584 4154 κινουμένη,
3614 4080 3696 4134 οὑκ

472 4173 821 4244 superveniet
844 4171 920 4225 illi
945 4171 1062 4241 qui,
1095 4169 1345 4240 quamvis
1377 4185 1406 4223 ιι
1444 4169 1663 4226 nemine
1699 4169 2033 4250 maledictus1

2151 4180 2366 4234 ἐπέλθοι
2404 4177 2554 4248 αὑτῷ
2581 4192 2594 4206 ·
2646 4176 2839 4245 ἐκείνῳ
2882 4175 2939 4228 δὲ
2973 4175 3222 4238 πάντως·
3245 4174 3571 4246 ἐπέρχεται,
3610 4171 3695 4227 κᾶν

467 4265 729 4336 operibus
766 4262 1150 4330 maledictioue
1178 4262 1363 4334 dignis
1398 4261 1686 4317 incumbit.

2154 4271 2230 4343 μή
2261 4287 2342 4333 τις
2383 4268 2532 4340 αὑτῷ
2569 4267 2972 4339 καταράσηται,
3001 4265 3078 4338 τῷ
3126 4264 3310 4338 ἔργοις
3344 4267 3588 4338 κατάρας
3611 4266 3695 4336 ιμ-

2148 4363 2394 4435 ¹μένοντι.

545 4445 711 4502 Vens.
765 4446 818 4501 5.
861 4444 1009 4500 Sicut
1056 4445 1329 4518 ﬂagellum
1373 4460 1502 4515 equo
1551 4455 1600 4499 et
1641 4462 1823 4500 camus
1872 4447 2033 4512 asino,

2222 4457 2294 4520 γ’.
2326 4452 2557 4518 Ὠσπερ
2592 4448 2815 4518 μάστιε
2846 4448 3008 4512 ἵππῳ
3042 4447 3140 4500 καὶ
3171 4447 3424 4517 κέντρον
3458 4447 3586 4513 ὄνῳ,
3614 4444 3694 4499 οὕ·

475 4543 552 4590 tta
597 4539 740 4606 virga
801 4539 942 4607 genti
987 4538 1202 4607 iniquae.
1257 4537 1726 4604 Quemadmodum
1773 4537 2033 4609 ﬂagellum

2151 4559 2267 4609 τως
2289 4540 2513 4610 ῥάϐδος
2543 4541 2702 4594 ἔθνει
2732 4540 3074 4608 παρανόμῳ.
3111 4538 3380 4609 Καθάπερ
3412 4539 3692 4605 πλήττουσα

414 4711 419 4716 _
474 4627 690 4680 cmdens
729 4642 953 4694 equum,
1001 4627 1280 4683 libidinem
1323 4627 1444 4699 ejus
1499 4638 1554 4683 et
1607 4627 2033 4698 pervicacitatetr

2156 4632 2354 4705 μάστιξ
2383 4632 2572 4698 ἵππον,
2601 4629 2664 4682 τὸ
2695 4628 3007 4699 θηλυμανὲς
3048 4629 3239 4681 τούτου
3275 4629 3371 4681 καὶ
3419 4627 3691 4698 φιλόνεικον

470 4724 716 4782 coercet,
739 4726 794 4772 et
817 4732 1007 4772 camus
1044 4734 1289 4790 pungens
1322 4721 1539 4775 asinum
1579 4721 1728 4773 illum
1765 4720 1831 4774 ad
1887 4720 2033 4775 citius

2150 4720 2540 4792 ἀποκρούεται,
2593 4720 2688 4772 καὶ⁵
2736 4717 2922 4772 νύττον
2995 4717 3220 4789 κέντρον
3265 4717 3419 4783 ὄνον,
3463 4713 3690 4782 διεγείρει

472 4808 866 4865 ambulandum
897 4810 1101 4862 excitat
1127 4825 1140 4860 :
1168 4811 1242 4864 ita
1272 4811 1431 4880 quasi
1482 4811 1632 4879 virga
1663 4798 1913 4880 quadam
1959 4825 2033 4864 ra-

2149 4810 2341 4866 τοῦτον
2377 4810 2513 4882 πρὸς
2545 4808 2850 4879 ταχυτέραν
2897 4809 3148 4880 πορείαν·
3183 4806 3326 4860 οὑτω
3371 4805 3606 4861 παιδεύει
3631 4801 3691 4862 ὥς

471 4900 700 4957 ιίοηιιιίε
727 4898 916 4955 carnis
959 4913 1122 4969 poena
1180 4900 1363 4955 erudit
1415 4902 1678 4971 populum
1738 4902 2033 4956 divinarum

2147 4920 2232 4966 τις
2269 4902 2486 4974 ῥάϐδος,
2517 4902 2552 4971 ἡ
2583 4899 2725 4954 κατὰ
2751 4899 2909 4968 λόγον
2935 4899 3037 4968 τῆς
3069 4899 3274 4970 σαρκὸς
3315 4900 3553 4969 τιμωρία
3585 4891 3689 4947 λαὸν

477 4994 659 5064 legum
709 5000 1200 5062 transgressorem.
1271 4989 1439 5045 Sedat
1496 4993 1716 5061 quidem
1775 4995 2033 5063 appetitu:

2149 4997 2240 5050 τὸν
2279 4996 2406 5057 τοὺς
2441 4992 2621 5055 θείους
2673 4990 3087 5062 παραϐαίνοντα
3137 4989 3371 5059 νόμους·
3404 4989 3499 5041 καὶ
3544 5000 3690 5039 κατα·

473 5083 928 5155 concupiscibilis
982 5083 1492 5154 intemperantiam,
1519 5091 1576 5136 et
1606 5085 1880 5165 appetitus
1935 5086 2033 5138 ira-

2151 5085 2317 5141 παύει
2361 5084 2460 5156 μὲν
2488 5083 2549 5136 τὸ
2576 5082 2766 5135 τούτου
2805 5081 2947 5134 κατὰ
2979 5079 3040 5133 τδ
3075 5078 3497 5150 ἐπιθυμητικὸν,
3521 5076 3690 5131 ἀκόλαο

478 5177 688 5234 scibilis
735 5176 1151 5244 contentiones;
1180 5176 1383 5232 excitat
1411 5185 1590 5230 autem
1627 5175 1897 5247 pigritiam
1931 5177 2033 5245 ejus

2153 5195 2303 5244 στον,
2345 5175 2444 5229 καλ⁸
2472 5174 2534 5228 τὸ
2575 5176 2716 5228 κατά
2747 5171 2808 5226 τὺ
2843 5171 3103 5241 θυμικὸν,
3151 5171 3426 5242 μάχιμον·
3461 5166 3688 5238 διεγείρει

479 5265 840 5322 imbecillitati
892 5267 1080 5322 carnis
1133 5268 1488 5324 inluerentem
1551 5276 1608 5323 ut
1641 5267 1896 5331 mandata
1955 5267 2028 5323 De

2150 5271 2207 5325 δὲ
2239 5270 2298 5322 τὸ
2339 5268 2425 5321 διὰ
2457 5267 2555 5338 τὴν
2587 5267 2876 5320 ἀσθένειαν
2921 5265 3023 5333 τῆς
3055 5265 3258 5334 σαρκὸς
3290 5262 3496 5334 νωθρὸν
3529 5256 3688 5314 αὑτοῦ,

476 5367 634 5414 curet
676 5359 733 5414 in
771 5360 928 5430 praxi
973 5359 1274 5430 implenda.

2152 5357 2288 5427 προς
2310 5355 2629 5427 ἐπιμέλειαν
2657 5354 2754 5424 τῆς
2777 5352 2919 5407 κατὰ
2940 5352 3142 5424 πρᾶξιν
3171 5351 3278 5407 τῶν
3304 5352 3464 5406 θείων
3489 5345 3687 5403 ὲπολὼν

2152 5466 2182 5501 τ
2191 5448 2366 5520 ρίῦου.

549 5538 714 5595 Vens.
757 5539 813 5605 4,
845 5541 899 5596 '5.
926 5539 1004 5594 Ne
1032 5541 1348 5611 respondeas
1373 5541 1552 5596 'stulto
1569 5542 1732 5611 juxta
1757 5541 2033 5594 stultitiam

2221 5540 2284 5604 δ’,
2322 5538 2386 5594 ε’.
2427 5539 2521 5608 Μὴ
2559 5537 2893 5606 ἀποκρίνου
2920 5535 3136 5606 ἄφρονι
3167 5535 3317 5605 πρὸς
3345 5533 3456 5601 τὴν
3488 5528 3690 5584 ἐκείνου

480 5644 652 5692 suam,
691 5645 754 5683 ne
781 5631 1023 5699 eﬂiriaris
1053 5633 1100 5684 ei
1127 5633 1359 5699 similis;
1413 5634 1504 5687 sed
1568 5633 1820 5702 responde
1881 5633 2033 5685 stultt

2152 5631 2527 5700 ἀφροσύνην,
2569 5627 2770 5698 ἵναμὴ
2795 5627 2998 5698 ὅμοιος
3025 5626 3171 5696 τένῃ
3196 5622 3355 5690 αὐτῷ
3376 5665 3389 5688 ,
3413 5620 3546 5677 ἀλλ’
3568 5620 3689 5671 ἀπο·

475 5733 664 5771 contra
689 5719 966 5776 stuItitimn
991 5741 1168 5790 suam,
1196 5742 1258 5779 ne
1293 5726 1394 5780 sibi
1417 5726 1626 5794 sapiens
1652 5742 1764 5779 esse
1786 5723 2033 5778 rideatur.

2155 5722 2366 5789 κρίνου
2402 5718 2619 5789 ἄφρονι
2655 5716 2806 5774 κατὰ
2839 5715 2956 5786 τὴν
2981 5716 3339 5785 ἀφροσύνην
3383 5709 3578 5770 αὑτοῦ,
3607 5702 3691 5794 ἵνα

476 5807 564 5864 Illi
606 5811 698 5878 qui
727 5810 892 5866 Deum
931 5815 982 5868 iu
1026 5816 1192 5871 cordo
1242 5833 1350 5872 non
1407 5791 1570 5872 habet
1609 5832 1676 5873 ne
1723 5816 2033 5873 consentias

2156 5811 2242 5882 μὴ
2290 5811 2573 5880 φαίνηται
2606 5808 2801 5878 σοφὸς
2839 5805 2974 5878 παρ’
3003 5805 3213 5870 ἐαυτῷ.
3247 5805 3338 5877 Mi;-
3382 5802 3455 5874 τῷ
3493 5801 3612 5852 Θεὸν
3637 5791 3685 5845 οὗ
