3900 6228
290 316 419 382 1481

1318 304 1854 374 COMMENTARII
1894 305 1975 366 IN
2011 305 2466 370 PROVERBIA.

3425 298 3560 380 uss

285 425 645 496 περιφέροντι
669 426 726 477 ἐν
750 424 947 496 καρδίᾳ
974 420 1246 491 ἀπολογοῦ
1272 419 1586 482 ἀκολούθως
1606 420 1672 489 τῇ
1702 416 1856 486 ἀνοίᾳ

1969 417 2117 487 iuxta
2144 418 2323 488 ipsius
2362 417 2736 489 insipientem,
2778 433 2846 475 ne
2872 419 2928 475 in
2959 433 3203 475 errorem
3235 421 3400 475 simul
3466 418 3558 475 in-

284 515 489 570 αὑτοῦ·
531 516 606 580 ὡς
654 514 721 569 ἂν
763 516 838 587 μὴ
880 519 947 586 τῇ
996 513 1177 587 πλάνῃ
1226 512 1420 566 τούτου
1477 511 1865 579 συνυπαχθῇς·

287 604 491 675 μᾶλλον
535 606 634 675 μὲν
665 600 759 659 οὖν
791 607 885 659 καὶ
931 603 1184 672 ἀντίλεγε
1205 601 1376 672 αύτῷ,
1414 602 1482 672 τῇ
1508 598 1700 653 τούτου
1731 613 1867 650 κατ-

279 695 525 766 αλλήλως
585 696 762 766 ἀνοίᾳ,
810 697 957 760 ὅπως
997 696 1072 767 μὴ
1112 695 1210 767 τὴν
1266 696 1477 749 οἰκείαν
1531 691 1746 764 μωρίαν
1783 710 1871 745 νο-

287 789 421 860 μίσῃ
453 786 682 859 σοφίαν,
737 789 832 843 καὶ
881 790 1043 861 μέχρι
1105 789 1292 853 τέλους
1324 790 1639 860 παραμείνῃ
1688 789 1865 861 αὐτῇ·

283 881 402 936 ἀλλ’
436 882 701 951 ἐκφυγεῖν
728 881 937 954 ταύτην
965 882 1280 954 δυνήσεται,
1311 880 1507 934 ἑαυτοῦ
1531 877 1865 951 ἐπιγνώμων

283 973 599 1045 γενόμενος.
680 978 683 982 ’
1140 1046 1146 1051 ι
1472 981 1497 990 ’

356 1072 431 1131 ς’.
483 1066 585 1120 Ἐκ
624 1064 747 1120 τῶν
785 1066 1006 1122 ἑαυτοῦ
1058 1064 1213 1121 ὁδῶν
1258 1065 1491 1131 ὄνειδος
1528 1063 1799 1128 ποιεῖται,
1833 1066 1867 1118 ὁ

282 1158 654 1225 ἀποστείλας
683 1159 760 1212 δι’
793 1159 1052 1228 ἀγγέλου
1075 1157 1337 1227 ἄφρονος
1357 1158 1564 1227 λόγον.
1602 1154 1735 1209 Ἀπὸ
1757 1155 1866 1208 τῶν

281 1249 502 1319 ἀσόφων
551 1249 934 1320 διανοημάτων
987 1248 1154 1305 αὐτοῦ
1214 1247 1424 1320 μέμψιν
1494 1248 1866 1319 περιποιεῖται

276 1341 480 1414 ἐαυτῷ,
524 1343 552 1395 ὁ
598 1341 687 1396 διὰ
717 1342 814 1395 τοῦ
874 1341 1049 1396 ταῦτα
1110 1341 1575 1411 καταγγέλλοντος
1627 1340 1866 1411 ἄφρονος

275 1431 441 1501 λόγου
477 1431 832 1487 διδασκαλίαν
860 1434 985 1486 τινὰ
1018 1432 1457 1503 προδαλλόμενος
1484 1430 1629 1495 νοῦς.
1665 1432 1726 1484 ’0
1756 1430 1865 1500 γὰρ

277 1525 615 1597 ἐνίαίσθήσει
652 1525 748 1579 τοῦ
784 1525 1034 1579 τοιούτου
1081 1525 1240 1593 λόγου
1272 1524 1589 1595 γενόμενος,
1625 1526 1866 1596 ἐπιμέμ-

282 1635 444 1695 φεται
467 1616 543 1688 τῷ
566 1617 759 1672 τοῦτον
787 1618 1113 1672 ἁποτεκόντι
1163 1617 1264 1686 νοῒ,
1288 1618 1364 1682 ὼς
1390 1618 1466 1688 μὴ
1496 1618 1866 1689 διανοουμένῳ

274 1712 345 1765 τά
376 1710 586 1764 δέοντα.

1973 509 2197 565 ducaris
2234 529 2248 564 :
2282 506 2379 566 sed
2415 511 2597 580 potius
2622 511 2818 567 resiste
2846 512 2895 566 ei
2928 511 3230 567 secundum
3265 511 3556 568 stultitiam

1970 603 2136 673 ejus,
2174 619 2239 657 ue
2293 604 2583 660 stultitiam
2640 619 2793 661 suam
2855 614 3009 675 putet
3062 606 3437 676 sapientiam,
3504 613 3561 663 et

1973 713 2155 767 usque
2203 696 2269 752 ad
2313 704 2545 752 mortem
2587 698 2641 752 in
2684 698 2775 753 illa
2815 706 3168 766 perseveret;
3202 697 3557 770 semetipsum

1973 805 2311 861 cognoscens
2340 791 2486 848 illam
2510 791 2750 862 effugere
2780 792 3004 866 poterit.

2047 1057 2213 1115 Vens.
2240 1058 2297 1114 6.
2338 1059 2422 1114 Ea:
2452 1061 2547 1116 viis
2577 1061 2689 1116 suis
2721 1063 3063 1133 opprobrium
3104 1063 3238 1133 facit
3284 1064 3376 1136 qui
3414 1065 3558 1124 misit
3638 1122 3643 1127 ,

1969 1153 2181 1207 rerbum
2211 1169 2303 1222 per
2335 1153 2581 1208 nuntium
2619 1154 3022 1224 imprudentem.
3057 1154 3137 1211 Ex
3169 1157 3559 1226 insipientibus

1967 1245 2395 1316 cogitationibus
2445 1245 2928 1316 reprehensionem
2982 1247 3087 1302 sibi
3121 1249 3351 1305 attrahit
3402 1262 3558 1307 mens

1966 1350 2091 1404 qua:
2119 1335 2427 1390 doctrinam
2475 1337 2674 1391 emittit
2702 1351 2798 1408 per
2820 1336 3220 1406 imprudentem
3245 1342 3555 1396 Sermonem

1967 1427 2058 1480 illa
2108 1427 2508 1482 enuntiantem.
2537 1426 2725 1482 Talem
2782 1443 3095 1483 sermonem
3141 1430 3235 1500 qui
3268 1426 3553 1501 percipiet.

1971 1528 2213 1573 montem
2252 1518 2547 1589 redarguet
2578 1535 2698 1589 qua:
2727 1521 2981 1592 concepit
3015 1522 3167 1581 illum
3190 1562 3204 1587 ,
3248 1524 3555 1596 incongrua

1968 1610 2321 1680 (agitavisse.

346 1802 412 1867 ζ’.
462 1803 711 1873 Ἀφελοὕ
756 1804 1007 1871 πορείαν
1046 1802 1307 1869 σκελῶν,
1339 1803 1437 1858 καί
1479 1802 1856 1872 παρανομίαν

2039 1782 2209 1840 Vens.
2241 1784 2297 1838 7.
2337 1784 2505 1854 Aufer
2541 1802 2778 1859 gressum
2815 1802 3032 1840 crurum
3059 1824 3074 1851 ,
3130 1795 3180 1841 et
3219 1787 3558 1858 iniquitatem
3600 1805 3608 1809 ·

271 1894 344 1948 ἐκ
387 1895 690 1962 στόματος
719 1896 1023 1964 ἀφρόνων.
1075 1894 1393 1964 Ἐξάλειψον
1417 1894 1515 1965 τὴν
1553 1895 1651 1963 μὲν
1703 1892 1861 1965 ἐνὲρο

272 2001 430 2051 γειαν
476 1984 579 2053 τῆς
630 1984 850 2050 κακίας,
885 1984 995 2038 ἀπό
1046 2001 1107 2038 τε
1154 1984 1248 2037 τοῦ
1295 1982 1700 2053 ἐπιθυμητικοῦ
1753 1982 1863 2037 τῶν

273 2075 738 2146 ἀμνημονούντων
775 2075 934 2139 Θεοῦ,
959 2077 1057 2130 καὶ
1095 2076 1192 2130 τοῦ
1246 2076 1482 2147 θυμικοῦ
1510 2093 1523 2108 ·
1565 2075 1634 2130 δι’
1663 2071 1737 2130 ὧν
1767 2075 1863 2129 δυ·

273 2166 517 2235 νάμεων,
544 2165 620 2230 ὦς
663 2178 827 2222 τινων
859 2167 1091 2236 σκελῶν,
1118 2171 1153 2240 ἡ
1196 2167 1343 2239 ψυχὴ
1371 2166 1559 2222 διώκει
1601 2184 1664 2221 τε
1716 2165 1861 2238 ειπερ

273 2259 453 2322 ποθεῖ,
480 2260 575 2313 καί
609 2259 804 2328 φεύγει
833 2260 980 2330 ἅπερ
1024 2263 1213 2332 μισεῖ·
1253 2260 1354 2333 τὴν
1377 2261 1435 2314 δὲ
1470 2260 1585 2325 ἕξιν
1629 2258 1859 2330 ταύτης,

273 2351 380 2404 ἀπὸ
400 2349 495 2404 τοῦ
526 2350 685 2420 δίκην
708 2351 1005 2422 στόματος,
1035 2353 1136 2422 τὴν
1172 2352 1335 2406 ποιὰν
1376 2353 1497 2414 ταῖς
1529 2350 1862 2424 εἰρημέναις

271 2443 534 2514 δυνάμεσι
602 2444 822 2516 κίνησιν
881 2444 1283 2516 ὑποτιθεμένου
1339 2444 1685 2516 διανοητικοῦ
1751 2443 1863 2497 τῶν

270 2535 536 2591 τοιούτων
577 2537 675 2592 ἀνθ
688 2535 886 2609 ρώπων
908 2554 923 2569 ο
955 2538 1075 2592 δέον
1104 2538 1163 2593 δέ
1196 2539 1419 2601 πάντως
1454 2538 1738 2607 ἐξαλεῖψαι
1765 2539 1864 2590 αύ-

271 2628 373 2692 τὰς
397 2645 409 2659 ο
444 2627 535 2682 διὰ
578 2628 640 2682 τὸ
670 2631 953 2701 σπαρῆναι
988 2628 1143 2700 παρὰ
1189 2628 1284 2683 τοῦ
1337 2627 1577 2700 πονηροῦ
1622 2628 1724 2701 τὴν
1759 2629 1862 2701 τῆς

1967 1892 2034 1931 ex
2080 1893 2168 1931 ore
2216 1876 2652 1947 imprudentium.
2680 1876 2837 1934 Tolle
2885 1878 3014 1933 mali
3068 1878 3448 1949 operationem
3488 1879 3557 1932 ab

1972 1971 2215 2040 appetitu
2250 1969 2671 2042 concupiscihili
2700 1978 2755 2026 et
2788 1972 3035 2042 appetitu
3072 1972 3337 2029 irascibili
3361 1987 3554 2028 eorum

1968 2060 2064 2132 qui
2098 2061 2505 2117 obliviscuntur
2534 2061 2654 2117 Dei.
2693 2060 2789 2119 llis
2813 2063 3073 2134 potentiis
3109 2067 3268 2135 (prosi
3315 2065 3552 2135 quibus-

1968 2155 2093 2210 dam
2126 2156 2428 2220 cruribus,
2478 2155 2663 2211 anima
2719 2156 3031 2214 desiderata
3078 2160 3439 2229 prosequitur
3489 2175 3555 2213 ac

1972 2247 2166 2305 odiosa
2209 2246 2370 2320 fugit.
2419 2248 2690 2304 Aﬂ‘ectum
2731 2258 2913 2306 autem
2943 2251 3069 2307 mali
3103 2252 3261 2309 aufer
3289 2252 3449 2324 quasi
3485 2268 3553 2308 ex

1964 2352 2082 2404 ore.
2114 2352 2181 2394 ex
2221 2337 2498 2394 intellectu
2560 2339 2748 2395 talium
2802 2340 3082 2400 hominum
3131 2342 3226 2413 qui
3296 2342 3554 2413 praefatus

1969 2436 2194 2484 movent
2234 2429 2544 2499 passiones.
2573 2430 2804 2502 Oportet
2848 2433 3018 2504 igitur
3052 2449 3147 2490 eas
3191 2451 3422 2505 prorsus
3459 2437 3555 2492 de-

1963 2518 2098 2574 lere.
2130 2518 2177 2572 A
2219 2519 2642 2592 malignocnim
2691 2522 2999 2580 seminatur
3047 2523 3175 2582 mali
3220 2523 3448 2583 allectus
3488 2540 3555 2582 ac

1913 2624 1917 2629 '
1966 2612 2247 2685 profertur
2284 2615 2555 2684 operatio.

272 2720 475 2784 κακίας
518 2719 631 2786 ἕξιν
656 2737 669 2750 ·
707 2721 803 2775 καὶ
828 2720 1255 2795 καρποφορῆσαι
1298 2720 1397 2791 τὴν
1440 2720 1652 2776 οἰκείαν
1704 2719 1861 2791 ἐνιίρς⁵
1966 2738 1969 2741 ·

311 2826 448 2865 ειαν.

311 2826 448 2865 ειαν.

270 2826 307 2879 τ
342 2909 413 2974 η’.
456 2905 565 2970 ’ος
587 2902 991 2975 ἀποδεσμεύει
1018 2905 1195 2961 λίθον
1213 2905 1283 2959 ἐν
1302 2904 1633 2974 σφενδόνῃ,
1657 2905 1860 2976 ὅμοιός

269 2991 405 3047 ἐστι
433 2994 514 3061 τῷ
544 2995 773 3051 διδόντι
806 2994 1023 3067 ἄφρονι
1053 2995 1265 3060 δόξαν.
1316 2995 1375 3049 Ὁ
1421 2995 1568 3050 λίθον
1598 2996 1861 3066 ἀσφαλῶς

271 3087 502 3151 ἐντιθεὶς
532 3089 599 3159 τῇ
628 3089 910 3161 σφενδόνῃ,
943 3087 1041 3142 τοῦ
1066 3089 1290 3160 ἀφεῖναι
1315 3087 1507 3180 τοῦτον
1530 3087 1852 3161 προθυμου-
1880 3117 1926 3180 c

275 3178 439 3248 μένου
473 3179 619 3232 κατά
676 3196 844 3246 τινος,
894 3180 1197 3253 παρόμοιός
1253 3181 1370 3234 ἐστι
1421 3175 1502 3251 τῷ
1551 3180 1851 3253 παρέχοντι

271 3269 439 3340 τιμὴν
514 3271 959 3342 περιποιητικὴν⁴
1015 3271 1339 3336 δυναστείας
1402 3271 1481 3341 τῷ
1549 3271 1855 3341 ἀλογίστως

273 3359 518 3432 βιοῦντιο
563 3361 770 3432 ταύτης
798 3360 909 3430 γὰρ
971 3363 1000 3415 ὁ
1054 3362 1297 3425 τοιοῦτος
1341 3360 1707 3433 δραξάμενος,
1754 3360 1856 3416 οὐκ

270 3451 541 3523 ἀμελήσει
587 3452 657 3505 τά
683 3451 822 3523 πρὸς
876 3450 1084 3523 βλάϐην
1133 3452 1440 3524 ἀνθρώπων
1479 3453 1851 3524 ἐργάζεσθαιο

270 3544 568 3599 κάντεῦθεν
599 3546 627 3598 ὁ
655 3545 757 3615 τὴν
788 3544 956 3615 τιμὴν
980 3544 1130 3616 αὐτῷ
1161 3543 1487 3616 παρασχὼν,
1509 3544 1856 3616 συμμέτοχος

267 3636 426 3691 ἔσται
451 3637 625 3707 τούτῳ
655 3637 755 3707 τῆς
783 3636 1192 3708 κατακρίσεως.

340 3727 408 3782 θ’.
453 3728 743 3782 Ἀκανθαι
785 3728 1042 3798 φύονται
1086 3727 1157 3782 ἐν
1204 3726 1355 3795 χειρὶ
1394 3725 1502 3781 τοῦ
1540 3727 1815 3797 μεθύσου
1841 3741 1854 3754 ο

268 3820 516 3874 δουλεία
549 3819 639 3887 δὲ,
669 3821 738 3876 ἐν
782 3821 936 3890 χειρί
979 3819 1100 3875 τῶν
1142 3820 1441 3891 ἀφρόνων.
1493 3817 1856 3890 Ἑμμέριμνοι

273 3912 374 3981 μὲν
402 3911 736 3982 ἀναφύονται
766 3911 976 3967 ἔννοιαι
1006 3914 1072 3984 τῇ
1095 3912 1241 3983 ψυχῇ
1276 3912 1335 3965 ἐν
1362 3914 1428 3983 τῇ
1453 3913 1576 3966 κατ’
1603 3910 1857 3982 αῐσθησιν

270 4006 546 4079 ἐνεργείᾳ,
585 4006 682 4061 τοῦ
730 4009 797 4079 τῇ
852 4007 1037 4078 σχέσει
1079 4006 1191 4061 τῶν
1241 4008 1457 4077 ὁρατῶν
1501 4007 1856 4077 ἐξεστηκότος

268 4097 592 4183 τῆςοέαυτοῦ
635 4098 832 4167 σοφίας
864 4100 1005 4164 νοὸς,
1035 4098 1292 4153 ἀκανθῶν
1318 4099 1477 4171 δίκην
1516 4098 1856 4168 πλήττουσαι

269 4190 365 4242 καὶ
392 4188 661 4244 λυποῦσαι
692 4191 864 4261 αὐτήν
884 4208 897 4225 ο
939 4190 1155 4244 δουλεία
1180 4190 1238 4244 δὲ
1269 4191 1482 4253 παθῶν,
1521 4191 1579 4244 ἐν
1629 4193 1694 4261 τῇ
1731 4193 1855 4244 κατ’

269 4277 566 4353 ἐπιθυμίαν
600 4280 712 4333 ,καὶ
752 4278 924 4348 θυμὸν
967 4281 1242 4353 ἐνεργείᾳ,
1272 4281 1384 4335 τῶν
1432 4281 1509 4352 μὴ
1556 4281 1854 4352 ἐμφρόνως

268 4369 389 4432 ταῖς
412 4368 678 4440 δυνάμεσι
704 4369 931 4435 ταύταις
955 4371 1394 4426 ἐπιστατούντων
1425 4372 1724 4443 λογισμῶψ
1751 4374 1849 4427 καὶ

2036 2878 2207 2937 Vens.
2235 2881 2290 2937 8.
2336 2880 2442 2948 Qui
2469 2881 2661 2953 alligat
2687 2881 2914 2951 lapidem
2948 2884 3002 2936 in
3034 2880 3225 2951 funda,
3259 2881 3451 2936 similis
3473 2889 3553 2937 est

1961 2971 2056 3026 illi
2074 2974 2165 3044 qui
2194 2973 2289 3026 dat
2320 2972 2592 3042 insipienti
2623 2973 2874 3044 gloriam.
2909 2972 3013 3040 Qui
3038 2971 3272 3042 lapidem
3298 2972 3350 3026 in
3380 2971 3550 3029 funda

1965 3070 2195 3127 ﬁrmiter
2223 3072 2414 3141 ponit,
2468 3071 2617 3127 illam
2657 3079 2853 3127 contra
2902 3071 3140 3143 aliquem
3188 3072 3438 3131 emittere
3466 3074 3550 3128 in-

1960 3164 2215 3233 tendens,
2256 3164 2454 3221 similis
2483 3173 2568 3222 est
2613 3165 2666 3220 ei
2711 3165 2807 3236 qui
2846 3165 3112 3225 honorem
3154 3174 3209 3222 et
3247 3167 3549 3241 potentiam

1963 3264 2190 3329 praestat
2227 3256 2623 3314 irrationaliter
2651 3258 3030 3315 conversanti.
3065 3256 3164 3315 Hic
3193 3261 3338 3315 enim
3369 3258 3551 3331 digni-

1959 3355 2072 3404 tate
2139 3348 2349 3419 potitus
2394 3363 2505 3405 non
2555 3348 2792 3420 negliget
2835 3347 3018 3405 facere
3055 3365 3178 3422 qum
3232 3351 3551 3413 hominibus

1962 3447 2185 3495 nocent.
2215 3440 2318 3506 Qui
2350 3451 2528 3495 autem
2556 3440 2702 3496 hunc
2735 3440 2999 3497 honorem
3033 3441 3109 3497 illi
3142 3444 3397 3514 praestitit
3426 3443 3549 3516 ejus

1954 3531 2147 3602 iudicii
2178 3533 2453 3603 particeps
2485 3532 2566 3587 lit.

2036 3710 2206 3768 Vens.
2256 3714 2309 3767 9.
2364 3713 2543 3781 Spind:
2587 3725 2879 3772 nascantur
2921 3716 2975 3771 in
3024 3733 3187 3771 manu
3238 3716 3547 3781 temulenti;

1961 3806 2186 3860 servitus
2234 3816 2412 3860 autent
2461 3808 2515 3862 in
2551 3824 2713 3862 manu
2744 3809 3176 3877 imprudentium.
3226 3810 3280 3865 In
3327 3812 3546 3866 actione

1960 3910 2252 3960 sensuum,
2290 3912 2415 3951 cum
2449 3898 2752 3954 visibilium
2774 3883 2983 3955 lamore
3022 3916 3180 3956 meos
3211 3917 3240 3957 a
3270 3901 3542 3972 sapientia

1958 3989 2260 4054 divellitur,
2291 3991 2489 4046 animas
2510 3990 2733 4061 quidem
2765 4000 3073 4047 nascuntur
3103 3989 3542 4059 sollicitudines,

1958 4097 2082 4151 quin
2103 4081 2248 4137 sicut
2274 4082 2446 4152 spina:
2473 4082 2675 4138 feriunt
2699 4099 2763 4138 ac
2788 4084 3081 4140 molestant
3108 4100 3262 4152 eam;
3304 4086 3543 4142 servitus
3637 4110 3641 4114 ·

1961 4182 2143 4229 autem
2179 4175 2518 4245 passionum,
2554 4192 2650 4248 per
2684 4176 2984 4233 eliicaciam
3018 4180 3296 4250 appetitus
3329 4192 3535 4233 concu-

1960 4268 2231 4339 piscibilis
2279 4285 2343 4325 ac
2392 4271 2734 4332 irascibilis.
2784 4272 2914 4328 dum
2959 4273 3103 4327 ratio
3141 4271 3228 4329 his
3278 4273 3541 4344 potentiis

1959 4373 2065 4412 non
2097 4367 2316 4428 praeest.
2350 4369 2404 4415 et
2450 4375 2557 4431 non
2592 4361 2793 4419 suadet
2838 4362 3346 4433 concupiscentiam
3381 4361 3541 4423 fortia

271 4461 346 4530 μὴ
380 4461 681 4517 πειθόντων
707 4463 808 4531 τὴν
851 4464 950 4534 μὲν
984 4464 1302 4536 ἐπιθυμίαν,
1339 4465 1607 4537 ἀνδρείως
1638 4465 1843 4536 ὑπομέο
1877 4472 1931 4539 1)
1959 4460 2040 4506 10"
2079 4453 2425 4511 "101851510?
2430 4470 2507 4513 ιόο

267 4567 381 4606 νειν
410 4551 480 4605 τὰ
506 4551 746 4625 λυπηρά.

338 4644 390 4700 ι’.
446 4647 659 4702 Πολλὰ
716 4647 1046 4718 χειμάζεται
1097 4648 1268 4706 ,πᾶσα
1325 4650 1484 4719 σὰρξ
1532 4651 1811 4720 ἀφρόνων
1833 4666 1846 4683 ν

265 4738 646 4806 συντρίϐεται
672 4741 782 4809 reip
809 4743 847 4809 ἡ
874 4743 1120 4809 ἔκτασις
1147 4742 1364 4799 αὐτῶν.
1401 4742 1586 4814 Πολλῴ
1617 4744 1848 4813 χειμῶνι

265 4829 590 4900 πειρασμῶν
624 4832 890 4888 ἑκουσίων
924 4851 982 4887 τε
1016 4836 1111 4889 καὶ
1145 4835 1422 4895 ἀκουσίων
1456 4836 1739 4904 συνέχεται
1766 4836 1848 4889 δίο

265 4934 369 4988 κην
396 4918 699 4994 σκάφουςὴ
735 4922 874 4995 σὰρξ
912 4924 1021 4978 τῶν
1053 4925 1128 4995 μὴ
1177 4925 1415 4996 ἔμφροσι
1449 4925 1732 4996 λογισμοῖς
1762 4923 1850 4980 οἷά

263 5026 404 5063 τισιν
433 5010 609 5077 οἴαξιν
631 5014 1015 5085 ἐπιστημόνως
1050 5015 1443 5087 κυδερνώντων
1468 5008 1646 5090 αὐτήν
1669 5033 1682 5049 ·
1721 5019 1847 5071 τού-

262 5117 370 5156 των
404 5102 511 5174 γὰρ
540 5105 574 5176 ἡ
603 5106 715 5160 ἀπὸ
752 5107 851 5162 τοῦ
904 5108 1047 5164 κατὰ
1081 5109 1246 5179 φύσιν
1276 5111 1358 5173 είς
1389 5109 1453 5163 τὸ
1495 5109 1647 5181 παρᾶ
1684 5109 1846 5179 φύσιν

264 5189 389 5246 καθ’
441 5195 638 5266 ἡδονὴν
667 5196 761 5250 καὶ
791 5196 999 5270 ὀδύνην
1037 5198 1423 5271 παρεκτροπὴ,
1460 5199 1600 5271 πρὸς
1646 5200 1846 5271 ἑαυτὴν

265 5285 596 5353 προσκρούει
639 5289 738 5342 καὶ
785 5288 1101 5361 φθείρεται·
1132 5291 1326 5362 ὅτιπερ
1373 5291 1443 5344 τὰ
1484 5291 1626 5355 ,κατ’
1652 5290 1846 5364 ὀδύνην

266 5375 451 5447 πάθη,
511 5381 624 5443 τοῖς
674 5381 797 5434 καθ’
842 5382 1033 5454 ἡδονὴν
1087 5384 1490 5456 ἀντικείμενα,
1552 5381 1842 5453 φθείρουσι

260 5467 456 5536 ταῦτα,
494 5472 589 5523 καὶ
615 5471 824 5537 τούτοις
858 5474 1278 5546 συμφθείρεται.

331 5653 419 5703 ια’.
459 5650 686 5720 Ὥσπερ
715 5654 876 5707 κύων
917 5655 1066 5709 ὅταν
1092 5655 1316 5725 ἐπέλθῃ
1353 5656 1447 5711 ἐπὶ
1482 5656 1588 5710 τὸν
1624 5654 1841 5710 ἑαυτοῦ

258 5737 489 5810 ἔμετον,
529 5743 627 5796 καὶ
668 5747 928 5813 μισητὸς
960 5747 1225 5817 γένηται,
1269 5750 1457 5815 οὕτως
1492 5748 1717 5818 ἄφρων,
1765 5746 1837 5818 τῇ

580 5834 854 5902 Ρηιιοι.
900 5839 1017 5902 Gn.
1066 5840 1448 5929 LXXXVII.
1555 5852 1561 5857 ’

2027 4644 2192 4700 Vens.
2225 4645 2312 4700 ιο.
2358 4644 2546 4702 Multis
2599 4648 2843 4718 procellis
2895 4651 3139 4721 jactatur
3179 4655 3350 4710 omnis
3411 4672 3537 4712 caro

1953 4736 2382 4804 imprudentium,
2403 4740 2693 4796 conteritur
2717 4744 2857 4796 enim
2886 4746 3115 4800 exclusis
3138 4738 3533 4802 eorunuMulta

1954 4835 2279 4896 tempestate
2327 4831 2690 4888 tentationum
2725 4833 3164 4891 voluntariorum
3195 4844 3249 4892 et
3275 4838 3533 4893 involuno

1954 4916 2215 4971 tariarum
2266 4920 2423 4989 quasi
2484 4923 2689 4993 scapha
2733 4924 2978 4991 iactatur
3035 4940 3166 4981 caro
3201 4941 3394 4981 eorum
3435 4931 3529 4997 qui

1952 5010 2293 5081 sapientibus
2325 5013 2845 5091 ratiocinationibus
2885 5017 3041 5087 quasi
3067 5017 3395 5088 quibusdam
3429 5037 3532 5087 gu-
3573 5038 3577 5042 '

1951 5101 2264 5161 bernaculis
2296 5122 2404 5161 non
2435 5109 2673 5164 scienter
2707 5108 2950 5179 dirigunt
2977 5122 3120 5164 eam.
3144 5107 3354 5166 Horum
3382 5112 3529 5166 enim

1948 5199 2215 5253 transitus
2262 5201 2331 5253 ab
2386 5200 2467 5254 eis
2522 5215 2645 5269 quae
2689 5198 2990 5255 secundum
3042 5209 3296 5255 naturam
3342 5204 3409 5257 ad
3464 5219 3530 5258 ea

1947 5302 2069 5365 quae
2110 5300 2239 5344 sunt
2290 5298 2480 5344 contra
2538 5288 2842 5345 secundum
2897 5290 3233 5359 voluptatem
3279 5300 3336 5347 ct
3369 5293 3529 5348 do‘lo-

1947 5396 2086 5445 rem,
2118 5383 2267 5436 illum
2295 5382 2583 5453 propulsat
2606 5389 2662 5435 et
2697 5381 2954 5439 conterit.
2995 5381 3290 5440 Passiones
3330 5400 3529 5441 secun-

1945 5472 2075 5527 dum
2103 5472 2348 5543 dolorem
2375 5512 2391 5537 ,
2446 5473 2800 5543 passionihus
2830 5474 3136 5529 secundum
3167 5476 3524 5548 voluptatem.

1944 5565 2229 5634 oppositae,
2266 5565 2388 5618 illas
2417 5564 2708 5619 destruunt
2738 5566 2933 5622 iterum
2963 5567 3032 5621 ab
3055 5567 3192 5636 ipsis
3214 5567 3523 5624 destructas.

2020 5652 2183 5712 Vens.
2221 5655 2308 5708 Η.
2363 5654 2513 5709 Sicut
2553 5656 2703 5711 canis
2752 5674 2871 5712 cum
2904 5658 3117 5713 redierit
3149 5660 3217 5713 ad
3245 5676 3401 5722 suum
3436 5675 3528 5714 uo-

1945 5746 2157 5811 mitum,
2201 5745 2413 5801 ddibilis
2455 5746 2554 5818 ﬁt;
2598 5749 2673 5803 sic
2704 5742 3009 5822 imprudens
3045 5753 3261 5822 proprio
3312 5753 3525 5816 malitia
3561 5750 3567 5757 ’

3129 5843 3199 5910 ἵι7
