3900 6228
281 296 413 365 ιιεη
743 383 761 389 _
1304 291 1841 387 connexum!
1881 293 1964 360 IN
2003 296 2459 362 PROVERBIA.
2684 364 2687 367 ,
3402 298 3538 365 uas

278 414 530 482 ρασμοῖς,
555 402 664 471 τοῖς
700 400 962 469 ἑκουσίοις
995 406 1048 459 δὲ
1081 408 1143 478 τῇ
1179 409 1372 477 σαρκί·
1412 408 1504 462 καὶ
1536 408 1644 480 γὰρ
1676 402 1724 461 οἱ
1755 409 1852 479 μὲν

1965 407 2311 465 illecebrosis
2367 409 2542 475 enim,
2577 406 2682 465 etsi
2733 408 2965 480 gaudeat
3019 424 3169 479 caro,
3211 411 3390 467 anima
3425 432 3545 484 qua:

276 497 534 561 ἑκούσιοι,
565 499 612 550 εἰ
630 497 721 549 καὶ
754 495 1164 566 περιποιοῦνται
1193 490 1386 569 ἡδονὴν
1408 496 1475 568 τῇ
1500 499 1682 569 σαρκὶ,
1710 496 1846 552 ἀλλά

1963 501 2287 557 :onscientia
2311 501 2613 568 mordetur,
2643 499 2996 572 futuramque
3016 519 3231 574 pinnam
3262 502 3547 576 formidat,

276 604 339 656 γε
371 589 404 659 ἡ
433 587 601 658 ψυχὴ,
634 585 709 658 τῷ
736 585 831 641 τοῦ
867 586 1165 651 συνειδότος
1222 588 1315 642 ἐπὶ
1350 587 1559 650 τούτοις
1617 588 1843 660 ἐλέγχῳ,

277 679 370 731 καὶ
403 677 481 749 τῷ
509 677 619 731 τῶν
670 675 977 747 μελλουσῶν
1027 676 1304 731 κολάσεων
1358 677 1532 747 φόϐῳ,
1573 679 1672 732 οὐκ
1715 679 1849 733 ἀνα-

279 769 542 821 παύεταιο
576 769 624 821 οξ
650 767 694 821 δ’
724 768 993 833 ἀκούσιοι,
1030 769 1080 822 εἰ
1131 769 1226 821 καὶ⁸
1264 772 1329 841 τῇ
1362 769 1535 822 ἐλπίδι
1589 771 1690 840 τῆς
1738 769 1849 824 τῶν

280 857 581 928 μελλόντων
613 858 833 926 ἀγαθῶν
888 859 1314 931 μισθαποδοσίας
1361 860 1717 931 εὐφραίνουσι
1750 865 1851 933 τὴν

275 947 474 1019 ψυχὴν,
530 947 647 1002 ἀλλ’
685 951 717 1020 ἡ
750 949 887 1020 σὰρξ
947 949 1285 1021 δυσχεραίνει
1329 951 1423 1003 ἐπὶ
1464 950 1539 1019 τῷ
1607 951 1851 1021 ἐπιπόνῳ

275 1042 342 1094 ait
353 1040 482 1094 τῶν
507 1040 796 1112 ἀμφότερα
817 1041 874 1094 δὲ
911 1040 978 1095 τά
1009 1039 1233 1094 τοιαῦτα
1257 1039 1370 1110 είδη
1400 1039 1509 1093 τῶν
1529 1043 1851 1113 πειρασμῶν

274 1116 530 1204 περιέπει
562 1133 883 1204 κακούργως
905 1135 933 1187 ό
962 1132 1201 1204 Πονηρός
1223 1148 1238 1164 ο
1262 1131 1324 1184 τὸ
1357 1131 1454 1201 μὲν
1479 1133 1723 1203 ἐπαίρων
1752 1131 1848 1187 καὶ

270 1222 585 1294 διερεθίζων
611 1222 711 1295 τὴν
746 1222 946 1294 ψυχὴν,
981 1221 1374 1293 μηχανώμενος
1420 1222 1634 1293 ἡδοναῖς
1661 1222 1848 1294 σώμαι

272 1326 363 1373 τος
390 1310 696 1380 ἀποστῆσαι
726 1310 827 1378 τῆς
866 1311 1016 1374 θείας
1048 1311 1270 1381 ἀγάπης
1295 1311 1395 1382 τὴν
1427 1310 1613 1381 ἔφεσιν
1632 1328 1648 1346 ο
1674 1313 1735 1366 τὸ
1766 1313 1846 1381 δὲ,

272 1407 603 1474 σοφιστικῶς
634 1405 1037 1478 ἐξαιτούμενος,
1067 1406 1143 1470 ώς
1165 1406 1233 1461 δι’
1260 1407 1455 1477 ὀδύνης
1495 1406 1714 1478 φθεῖραι
1749 1407 1849 1481 τὴν

1951 591 2178 646 minime
2228 591 2503 661 quiescit;
2557 606 2621 646 es
2658 591 2872 648 odiosis
2909 601 3112 658 autem,
3163 594 3289 648 licet
3338 593 3548 649 la-tetur

1953 698 2107 739 mens
2136 699 2260 753 qua!
2303 690 2490 754 sperat
2529 683 2672 739 bona
2721 682 2907 737 futura
2957 684 3012 738 in
3058 687 3340 753 praemium
3387 686 3548 740 retri—

1955 771 2191 837 buenda,
2229 786 2359 826 caro
2398 784 2709 827 murmurat
2744 779 2969 842 prepter
3021 772 3287 828 laborem.
3323 772 3546 827 Utram-

1952 875 2060 935 que
2117 865 2312 918 barum
2372 865 2735 919 teutationum
2789 863 2986 919 faciem
3041 864 3299 918 diabolus
3360 874 3547 920 astute

1949 954 2243 1026 expandit;
2274 953 2437 1011 modo
2481 957 2720 1011 animam
2749 957 2962 1011 extollit
2992 964 3047 1012 et
3082 953 3349 1023 incendit,
3394 972 3547 1013 eam»

1947 1064 2054 1119 que
2109 1047 2429 1104 carnalibus
2484 1049 2871 1119 voluptatibus
2924 1057 3100 1104 tentat
3152 1052 3432 1104 remittere
3478 1049 3547 1102 ab

1946 1141 2144 1197 ardore
2188 1140 2389 1196 divinas
2424 1142 2746 1209 cbaritatis;
2779 1138 2939 1196 modo
2984 1140 3256 1195 malitiose
3297 1142 3549 1213 queritur

1947 1238 2197 1286 naturam
2232 1232 2424 1288 dolore
2444 1232 2678 1293 conteri,
2714 1225 3022 1302 animaeque
3054 1232 3251 1287 suadet
3278 1239 3338 1286 ut
3372 1231 3543 1284 male-

1954 1323 2102 1378 dicat
2127 1323 2400 1390 Creatori,
2425 1334 2588 1396 atque
2619 1323 2836 1380 devicta
2864 1323 3081 1378 defectu
3107 1321 3312 1378 laboris
3342 1324 3395 1377 in
3428 1333 3546 1377 ser—

1952 1415 2181 1471 vitutem
2210 1416 2513 1488 redigatur.

272 1505 432 1572 φύσιν
484 1507 808 1579 βουλόμενος
864 1508 951 1562 ἵνα
990 1508 1247 1579 βιάσηται
1277 1507 1374 1580 τὴν
1408 1508 1609 1579 ψυχὴν,
1649 1508 1838 1579 ἀτονία
1905 1511 2085 1567 πόνων
2137 1514 2595 1586 καταϐληθεϊσαν,
2636 1515 2773 1585 πρὸς
2826 1513 2923 1586 τὴν
2953 1512 3047 1568 τοῦ
3092 1513 3389 1574 κτίσαντος
3425 1509 3545 1563 δια·

272 1596 433 1669 ϐολήν
463 1603 684 1663 κινῆσαι
710 1605 839 1668 τοὺς
858 1601 1178 1673 λογισμούςο

340 1694 425 1759 ιζ’.
450 1693 704 1763 Σίδηρος
743 1693 997 1762 σίδηρον
1035 1691 1240 1759 όξύνει
1264 1705 1278 1721 ⁸
1321 1691 1477 1761 ἀνὴρ
1500 1690 1568 1746 δὲ
1588 1692 1848 1763 παροξύ-

2022 1694 2186 1753 Vsus.
2222 1692 2307 1752 Π.
2354 1688 2578 1751 Ferrum
2605 1688 2747 1749 acuit
2774 1694 3000 1766 ferrum,
3027 1688 3102 1750 vis
3134 1704 3309 1750 autem
3336 1699 3549 1752 exaruit

270 1802 357 1839 νει
382 1786 711 1852 πρόσωπον
748 1784 977 1854 ἐτέρου.
1027 1785 1240 1857 Σιδήρῳ
1290 1784 1390 1856 μὲν
1413 1785 1770 1863 χαλκευιικόν
1797 1803 1853 1842 τι

270 1880 514 1949 σιίήριον
545 1877 1019 1949 παρατριϐόμενον
1072 1877 1361 1950 τεχνικῶς,
1412 1878 1601 1932 τοῦτον
1631 1872 1811 1944 όξύνει
1837 1896 1852 1912 ο

273 1970 415 2041 ψυχὴ
440 1970 496 2024 δὲ
520 1969 767 2040 ἀνδρεία,
798 1969 894 2023 καὶ
935 1968 1072 2041 πρὸς
1122 1968 1322 2034 πόνους
1356 1969 1657 2035 άνένδοτος,
1682 1971 1855 2042 αὐτὴν

270 2062 370 2134 τὴν
419 2060 681 2132 συνεργὸν
734 2060 873 2133 αὐτῇ
925 2062 1103 2132 σάρκα
1147 2061 1269 2116 κατ’
1313 2062 1656 2135 ἐπιστήμονα
1694 2060 1854 2130 λόγον

269 2153 631 2221 λεπτύνουσα,
657 2153 916 2226 διεγείρει
938 2154 1076 2226 πρὸς
1099 2154 1323 2227 ἀρετήν.

341 2231 432 2315 ιη’.
461 2245 569 2310 ’ος
588 2244 874 2314 φυτεύσει
901 2242 1127 2311 συκῆν,
1161 2242 1410 2315 φάγεται
1432 2242 1575 2311 τοὺς
1588 2243 1857 2314 καρποὺς

269 2338 381 2390 αὐτ
392 2334 463 2406 ῆς
485 2351 498 2365 ·
528 2335 595 2403 ὃς
612 2336 682 2391 δὲ
702 2335 1010 2406 φυλάσσει
1030 2335 1138 2390 τὸν
1158 2335 1377 2390 ἑαυτοῦ
1407 2336 1629 2403 Κύριον
1651 2375 1666 2400 ,
1689 2348 1857 2404 τιμη-
1902 2400 1917 2410 ,

271 2422 539 2490 θήσεται.
580 2425 640 2478 '0
677 2422 770 2477 τὸν
796 2423 938 2478 θεῖον
964 2422 1123 2494 λόγον
1151 2423 1549 2493 καταφυτεύων
1577 2427 1642 2496 τῇ
1673 2425 1856 2479 πίστει

272 2515 331 2567 ἐν
361 2517 427 2586 τῇ
452 2515 597 2587 ψυχῇ
630 2514 819 2582 αὑτοῦ,
851 2515 1009 2588 δίκην
1048 2518 1221 2590 συκῆς
1264 2519 1499 2592 φέροντα
1532 2520 1746 2590 καρπὸν
1777 2519 1858 2592 τῷ

273 2603 424 2675 φόϐῳ
464 2605 575 2658 τῶν
604 2605 864 2672 ἀπειλῶν,
895 2606 1121 2680 ὕστερον
1174 2609 1232 2664 δὲ
1282 2610 1649 2681 γλυκαίνοντα
1695 2608 1857 2682 δίκην

274 2696 511 2766 μέλιτος,
540 2698 605 2768 τῇ
638 2696 815 2751 ἑλπίδι
852 2698 960 2752 τῶν
982 2699 1348 2769 ἐπαγγελιῶν,
1399 2701 1702 2757 ἀπολαύσει
1729 2703 1855 2756 τού-

269 2802 364 2843 του
394 2788 500 2854 ἔξω
547 2790 749 2860 σαρκὸς
786 2790 929 2845 κατά
981 2794 1181 2863 πρᾶξιν
1210 2794 1511 2864 γενόμενος
1536 2812 1550 2828 ο
1578 2796 1856 2867 γευσάμε-

271 2881 359 2944 νός
382 2897 441 2934 τε
466 2882 561 2935 καὶ
594 2881 780 2952 μαθὼν
802 2885 866 2936 ὲκ
895 2883 993 2954 τῆς
1048 2886 1246 2956 πείρας
1276 2887 1468 2957 αὐτῆς,
1502 2889 1583 2942 δτι
1618 2891 1859 2961 χρηστὸς

240 2974 299 3051 δ
331 2971 554 3046 Κύριοςο
579 2975 608 3027 ό
630 2975 685 3028 δὲ
719 2975 906 3048 τηρῶν
935 2975 1026 3030 τὸν
1063 2976 1230 3031 αὑτοῦ
1266 2979 1511 3050 ἡγεμόνα
1577 2980 1704 3034 νοῦν
1748 2981 1856 3035 ἀπὸ

1957 1790 2149 1861 faciem
2185 1790 2365 1844 amici.
2402 1783 2629 1844 Ferrum
2675 1803 2887 1843 :eneum
2917 1787 2988 1841 ab
3020 1788 3234 1844 artiﬁce
3265 1789 3412 1845 ferro
3445 1791 3548 1846 tri-

1956 1890 2112 1942 tum,
2168 1878 2298 1934 illttd
2349 1880 2497 1934 acuit
2537 1894 2554 1932 :
2601 1880 2684 1934 sic
2737 1878 2948 1932 amicus
2997 1878 3172 1933 virilis
3227 1878 3551 1950 patiensque

1955 1975 2163 2053 laboris
2185 1990 2388 2047 corpus
2412 1990 2535 2028 cum
2562 1988 2673 2046 quo
2702 1974 2919 2029 laborat
2952 1973 3301 2030 macilentius
3330 1975 3550 2045 sapit-n-

1955 2073 2041 2121 ter
2074 2065 2274 2131 reddit,
2309 2053 2613 2136 virtutique
2644 2064 2850 2135 aptius.

2029 2240 2192 2297 Vsus.
2218 2240 2304 2297 18.
2332 2240 2437 2308 Qui
2464 2242 2673 2312 plantat
2703 2242 2885 2311 ﬁcum,
2911 2242 3141 2296 comedet
3167 2239 3376 2310 fructus
3395 2242 3507 2309 ejus
3528 2249 3547 2303 ε

1954 2333 2045 2403 qui
2079 2341 2255 2387 autem
2284 2333 2516 2387 custodit
2550 2331 2837 2386 Dominum
2871 2343 3046 2398 suum,
3080 2330 3544 2400 ltunoriﬁcabitur.

1957 2423 2013 2480 Si
2038 2425 2089 2479 vi
2122 2424 2244 2479 fidei
2267 2426 2320 2479 in
2346 2425 2527 2479 anima
2553 2432 2644 2477 tua
2665 2425 2965 2479 inserueris
2989 2423 3214 2478 verbum
3238 2414 3357 2485 Dei,
3378 2421 3545 2487 quod,

1958 2517 2105 2572 sicut
2153 2516 2314 2581 ficus,
2344 2516 2557 2571 fructus
2586 2516 2871 2585 producet,
2921 2521 3139 2585 propter
3187 2512 3546 2568 formidinem

1958 2599 2258 2677 minarum,
2309 2617 2363 2664 et
2407 2607 2605 2665 deinde
2635 2617 2855 2678 propter
2897 2621 3048 2677 Spem
3088 2605 3358 2661 mei-cedis
3402 2605 3550 2660 sicut

1960 2702 2065 2755 mel
2091 2694 2494 2764 (lulcescetJiis
2524 2698 2799 2753 fructibus
2828 2697 3081 2752 elevatus
3118 2712 3283 2767 supra
3319 2712 3543 2751 carnem

1961 2792 2014 2846 in
2051 2792 2281 2861 agendo,
2326 2804 2372 2846 ct
2414 2791 2665 2863 gustabis
2699 2799 2957 2860 expertus
2991 2791 3108 2860 ipse
3142 2788 3402 2859 quoniam
3451 2788 3548 2840 bo-

1963 2898 2065 2936 nus
2099 2882 2383 2937 Dominus.
2414 2882 2470 2936 Si
2496 2883 2619 2952 quis
2659 2881 2903 2934 animum
2933 2897 2962 2935 a
2992 2896 3100 2950 quo
3133 2881 3341 2951 regitur
3367 2895 3550 2934 serva~

1960 2976 2098 3031 verit
2133 2976 2365 3030 illaesum
2398 2990 2426 3027 a
2474 2991 2653 3030 rerum
2686 2974 3021 3030 exteriorum
3054 2973 3409 3043 deceptione,
3458 2971 3549 3025 ille

269 3065 370 3135 τῆς
427 3066 539 3121 τῶν
593 3066 936 3140 φαινομένων
978 3068 1187 3139 πλάνης
1214 3069 1691 3136 ἀνεπιϐούλευτον,
1749 3071 1853 3138 ἔξω

1963 3068 2418 3139 contemplatione
2471 3075 2627 3123 extra
2687 3066 2957 3123 mundum
3001 3080 3356 3138 progressus,
3398 3073 3451 3119 et
3491 3065 3545 3117 iu

272 3150 479 3220 κόσμου
507 3154 650 3207 κατά
685 3154 920 3227 θεωρίαν
970 3156 1282 3228 γενόμενος,
1318 3159 1412 3214 καὶ
1439 3162 1497 3214 ἐν
1534 3159 1653 3231 Θεῷ
1691 3176 1854 3215 κατα-

273 3237 508 3306 παύσας,
533 3240 924 3314 δοξασθήσεται
957 3246 1015 3299 ὲν
1039 3245 1119 3317 τῷ
1137 3246 1371 3319 ὀφθῆναι
1392 3248 1542 3321 αύτῷ
1560 3249 1660 3320 τὴν
1691 3250 1853 3316 δόξαν

271 3329 461 3387 αὐτοῦ.

349 3422 432 3479 ιθ¹.
466 3424 694 3493 Ὠσπερ
732 3426 847 3495 οὐχ
906 3424 1078 3494 ὅμοια
1134 3429 1426 3498 πρόσωπα
1483 3432 1851 3502 προσώποις,

270 3512 462 3579 οὕτως
487 3513 632 3569 οὐδὲ
662 3515 720 3567 al
751 3513 985 3584 καρδίαι
1038 3516 1159 3571 τῶν
1195 3518 1546 3588 ἀνθρώπων.
1581 3524 1855 3597 Καθάπερ

271 3604 521 3676 διάφοροι
547 3604 657 3658 τῶν
685 3604 998 3675 προσώπων
1022 3607 1071 3660 οἱ
1097 3609 1470 3680 χαρακτῆρες.
1503 3612 1853 3668 διαλλάττον-

272 3712 364 3758 τες
418 3696 563 3749 κατά
610 3695 678 3751 τὰ
717 3695 1000 3767 ἁχώριστα
1060 3699 1473 3771 συμϐεϐηκότα,
1504 3703 1565 3756 τό
1595 3720 1655 3757 τε
1697 3705 1855 3774 σιμὸν

272 3787 369 3842 καὶ
397 3787 459 3840 τὸ
501 3789 734 3858 γρυπὸν,
786 3788 846 3842 τὸ
901 3788 1094 3844 λευκὸν
1141 3793 1238 3846 καὶ
1280 3793 1343 3847 τὸ
1380 3794 1570 3864 μέλαν,
1638 3798 1733 3851 καὶ
1786 3796 1857 3852 τά

270 3879 455 3949 ὃμοια,
501 3878 646 3934 οὕτω
693 3880 1073 3936 διαλλάττουσι
1104 3885 1202 3937 καὶ
1220 3886 1275 3938 αἱ
1298 3884 1408 3939 τῶν
1444 3885 1635 3958 ψυχῶν
1675 3888 1856 3942 διαθέ-

274 3989 389 4036 σεις
427 3972 571 4027 κατά
602 3973 700 4037 τὰς
729 3972 1021 4045 διαφόρους
1070 3965 1467 4048 πῳαιρετικάς
1514 3979 1717 4051 ἀρετὰς
1761 3980 1856 4035 καὶ

273 4061 495 4127 κακίας.
684 4126 700 4142 _

343 4158 413 4207 κ’.
449 4152 636 4224 ᾍδης
654 4153 752 4207 zeal
775 4153 1044 4210 ἀπώλεια
1068 4155 1181 4212 οὐκ
1207 4157 1637 4228 ἐμπίπλανταιδ
1656 4164 1853 4219 ὡσαύο

272 4265 387 4317 τως
422 4251 520 4305 καὶ
549 4254 605 4306 ol
635 4250 933 4321 ὀφθαλμοὶ
986 4250 1106 4308 τῶν
1146 4253 1477 4323 ἀνθρώπων
1525 4256 1850 4327 ἄπληστοι.

274 4341 540 4412 Καθάπερ
562 4343 594 4394 ὁ
621 4340 720 4406 τὰς
763 4341 943 4413 ψυχάς
997 4342 1139 4415 μετὰ
1169 4345 1269 4417 τὴν
1300 4346 1409 4400 ἀπὸ
1438 4347 1548 4401 τῶν
1581 4349 1854 4418 σωμάτων

1959 3161 2068 3218 Deo
2089 3162 2401 3232 quiescens,
2431 3160 2660 3233 gloriam
2685 3175 2714 3215 e
2744 3159 3114 3233 contemplata
3136 3158 3307 3230 gloria
3332 3157 3548 3213 Domini

1958 3254 2203 3326 recipiet.

2027 3429 2196 3486 Vnus.
2222 3429 2307 3484 l9.
2347 3426 2499 3484 Sicut
2526 3442 2628 3482 non
2662 3425 2861 3480 similes
2883 3424 3047 3494 facies
3073 3423 3334 3494 faciebas,
3359 3424 3436 3476 ita
3458 3439 3549 3476 ne-

1955 3541 2053 3595 que
2066 3525 2410 3595 cogitationes
2426 3520 2723 3575 hominum.
2743 3511 3214 3586 Quemadmodum
3235 3515 3371 3569 varii
3391 3514 3548 3570 dilic-

1959 3623 2089 3667 runt
2146 3614 2233 3667 alii
2277 3613 2347 3667 ab
2381 3611 2507 3667 aliis
2539 3610 2788 3666 vultuum
2829 3609 3201 3674 characteres,
3239 3605 3546 3662 secundum

1958 3704 2263 3759 accidentia
2317 3703 2551 3769 infinita,
2605 3709 2722 3757 tum
2766 3703 2969 3759 simum
3019 3716 3242 3767 nasum,
3300 3710 3415 3755 tum
3451 3701 3548 3755 ad-

1958 3809 2190 3859 uncum;
2224 3793 2307 3848 sic
2355 3791 2470 3847 sive
2519 3789 2727 3859 album,
2752 3794 2869 3846 sive
2922 3792 3135 3862 nigrum
3195 3791 3456 3854 colorem,
3492 3800 3546 3843 et

1957 3895 2153 3941 caetera
2178 3924 2194 3951 ,
2226 3891 2359 3940 sunt
2409 3880 2711 3939 dissimiles
2759 3879 3069 3937 animarum
3110 3882 3503 3952 dispositiones
3528 3921 3542 3946 ,

1957 3986 2121 4049 prout
2158 3977 2251 4032 alii
2289 3978 2571 4043 virtutem,
2609 3974 2701 4030 alii
2736 3975 2926 4030 vitium
2956 3974 3259 4046 elegerunt.

2026 4159 2190 4216 Vm.
2216 4159 2307 4215 20.
2339 4156 2591 4229 Infernus
2623 4167 2671 4210 et
2700 4155 2926 4227 perditio
2942 4172 3219 4233 _uuuquam
3241 4156 3542 4226 implentur,

1955 4251 2034 4305 sic
2068 4261 2118 4304 et
2154 4250 2295 4305 oculi
2341 4249 2615 4305 hominum
2676 4248 3031 4303 insatiabiles.
3091 4247 3245 4304 Sicut
3297 4248 3545 4302 infernus

1957 4340 2050 4412 qui
2083 4347 2239 4395 vorat
2283 4340 2495 4395 animas
2541 4344 2579 4393 8
2610 4353 2843 4409 corpore
2878 4339 3114 4402 solutas,
3168 4340 3250 4392 vel
3292 4338 3542 4395 diabolus

270 4430 549 4498 διάζευξιν
573 4430 968 4502 ὑποδεχόμενος
996 4431 1154 4504 ᾅδης,
1183 4435 1278 4488 καὶ
1308 4435 1337 4489 ό
1370 4436 1576 4501 ταύτας
1605 4438 1853 4503 ἀπατῶν,

1965 4432 2056 4502 qui
2094 4432 2219 4486 illas
2258 4428 2394 4485 fallit
2446 4429 2730 4501 Deumque
2780 4429 3098 4500 dereliquit,
3141 4445 3420 4499 nunquam
3460 4445 3546 4482 sa-

275 4524 364 4577 καὶ
389 4522 525 4576 Θεοῦ
578 4523 808 4588 ἑξιστῶν
849 4523 1082 4596 δαίμων,
1125 4527 1229 4582 κᾶν
1253 4528 1463 4593 πάντας
1489 4530 1852 4595 καταπίωσιν,

272 4616 334 4669 ού
357 4616 910 4706 κορέννυνταιδκατὰ
938 4617 1030 4672 τὸν
1053 4619 1218 4674 αὑτὸν
1230 4621 1450 4692 “reducit
1476 4623 1575 4676 καὶ
1609 4624 1664 4676 αἱ
1704 4625 1856 4677 61st:-

276 4703 368 4757 καὶ
400 4704 510 4756 τῶν
537 4702 844 4774 ἀνθρώπων
877 4704 1158 4776 δυνάμεις,
1190 4708 1292 4762 οῦκ
1318 4710 1693 4780 ἐμπίπλανται
1753 4714 1856 4783 τῆς

271 4798 400 4866 περὶ
423 4794 495 4849 τὰ
525 4795 825 4867 φαινόμενα
854 4797 1089 4868 ἀπάτης·
1117 4798 1223 4864 ἕως
1242 4799 1309 4855 ἂν
1330 4802 1538 4858 τούτων
1567 4804 1853 4876 ὑπεριδοῦ-

274 4903 386 4949 σαι,
420 4887 520 4955 τὴν
555 4885 715 4951 δόξαν
748 4886 991 4958 όψωνται
1018 4889 1115 4942 τοῦ
1156 4889 1322 4946 Θεοῦ·
1353 4891 1449 4946 τοῦ
1475 4892 1585 4966 γὰρ
1620 4896 1854 4965 ἐσχάτου

269 4978 495 5050 όρεκτοῦ
557 4978 802 5049 φυσικῶς
862 4981 1043 5034 πάντα
1089 4982 1336 5050 ἐφίεταιο
1367 4983 1470 5037 κᾶν
1517 4983 1677 5038 τοῦτό
1705 5002 1857 5049 τινες

270 5072 337 5126 δι’
362 5072 582 5141 ἀπάτην
604 5073 1142 5144 παραγνωρίζοντες,
1173 5076 1266 5130 τοῦ
1299 5078 1377 5150 μὴ
1403 5077 1557 5141 ὄντος
1593 5078 1670 5142 ὡς
1700 5078 1854 5144 ὄντος

270 5162 415 5217 κατά
435 5162 659 5234 γνώμην
688 5164 1029 5234 ἀντέχονται.

339 5253 662 5326 Βδέλυγμα
702 5257 899 5325 Κυρίῳ
931 5255 1231 5327 στηρίζων
1277 5260 1590 5333 ὀφθαλμόν
1615 5280 1628 5295 ο
1674 5265 1773 5319 καὶ
1803 5266 1857 5319 ot

269 5344 639 5410 ἀπαίδευτοι,
664 5346 944 5414 ἀκρατεῖς
967 5346 1236 5419 γλώσσῃ.
1287 5352 1406 5406 Οὐκ
1459 5353 1751 5425 εὐάρεστος
1780 5355 1858 5425 τῷ

272 5437 489 5491 πάντων
544 5441 852 5510 κυριεύοντι
878 5439 998 5511 Θεῴ
1046 5443 1156 5505 πᾶς
1186 5445 1214 5495 ό
1242 5443 1304 5497 τὸ
1335 5445 1519 5516 νοερὸν
1566 5446 1722 5516 δμμα
1757 5448 1859 5517 τῆς

270 5527 446 5598 ψυχῆς
474 5529 804 5600 ἀπασχολῶν
856 5533 979 5585 κατ’
1027 5531 1283 5604 αἴσθησιν
1314 5537 1380 5607 τῇ
1405 5537 1704 5608 ἐπιφανείᾳ
1747 5537 1859 5590 τῶν

271 5618 481 5688 ὁρατῶν
506 5635 520 5648 ·
548 5621 642 5674 καὶ
680 5621 753 5692 μὴ
803 5621 1107 5677 διαϐαίνων
1142 5626 1198 5676 ὲν
1231 5627 1506 5696 πνεύματι
1573 5629 1708 5698 πρὸς
1759 5630 1857 5701 τὴν

182 5768 189 5774 ,
248 5713 357 5770 ’διὰ
384 5715 599 5771 πάντων
631 5717 700 5779 ὡς
740 5718 1018 5785 συμϐόλων
1060 5723 1407 5795 μηνιυοςνένην
1427 5723 1681 5793 ἀλήθειαν
1706 5740 1719 5754 ·
1753 5725 1844 5776 καὶ

1959 4524 2200 4590 tiantur,
2238 4523 2364 4577 licet
2416 4537 2610 4577 omnes
2653 4522 3081 4590 absorbueriut;
3128 4523 3210 4578 sic
3258 4523 3543 4576 hominum

1956 4616 2101 4671 oculi
2155 4631 2261 4672 non
2312 4623 2635 4672 saturantur
2677 4625 2927 4671 errantes
2975 4615 3183 4670 circum
3236 4616 3541 4679 exteriora;

1957 4709 2133 4764 donec
2157 4709 2281 4765 istis
2304 4709 2635 4778 contemptis
2655 4707 2898 4763 divinam
2943 4707 3169 4777 gloriam
3205 4704 3541 4761 intueantur.

1956 4801 2162 4857 Natura
2192 4801 2339 4857 enim
2379 4816 2570 4858 omnes
2600 4800 2667 4855 ad
2697 4800 2944 4855 ultimum
2988 4798 3148 4853 linem
3185 4798 3434 4862 tendunt,
3459 4796 3543 4848 in-

1961 4895 2133 4950 veniri
2169 4904 2403 4966 possunt
2435 4895 2528 4965 qui
2557 4894 2613 4948 in
2649 4894 2754 4949 hoc
2782 4892 3037 4963 eligendo
3067 4902 3272 4956 errant,
3307 4890 3409 4945 sibi
3441 4889 3542 4958 ipsi

1959 4994 2138 5042 autem
2164 5002 2263 5057 pro
2294 4985 2440 5041 veris
2477 4987 2614 5040 falsa
2643 4986 3068 5055 amplectuntur.

2032 5254 2370 5308 Abominatio
2428 5250 2655 5304 Domino
2712 5245 3001 5314 obﬁrmans
3053 5243 3265 5298 oculum
3304 5253 3355 5299 et
3398 5245 3542 5298 india

1962 5348 2232 5418 sciplinati
2260 5347 2495 5413 linguam
2528 5357 2632 5394 non
2686 5339 2978 5391 continent.
3028 5334 3151 5392 Non
3198 5339 3380 5406 placet
3431 5336 3541 5391 De»

1961 5443 2208 5496 omnium
2242 5438 2493 5498 Domino,
2549 5432 2640 5500 qui
2692 5430 3034 5501 spiritualem
3070 5430 3269 5484 animm
3320 5433 3540 5486 oculum

1963 5536 2159 5590 avertit
2192 5532 2257 5586 ad
2306 5547 2395 5586 res
2440 5527 2748 5583 exteriores
2778 5523 3153 5595 aspiciendas,
3201 5539 3303 5580 nec
3340 5527 3538 5580 veritau

1954 5600 2069 5684 .tem
2109 5630 2162 5682 in
2205 5626 2354 5680 omni
2380 5631 2654 5689 creatura,
2691 5620 2849 5690 quasi
2887 5619 2939 5673 in
2991 5618 3186 5688 ligura,
3220 5618 3539 5687 impressam

1966 5719 2214 5791 inquirit.
2243 5716 2348 5793 βίου
2386 5718 2600 5789 placent
2646 5713 2734 5769 isti
2770 5712 3049 5783 loquaces,
3083 5711 3171 5782 qui
3203 5710 3385 5767 divina
3418 5712 3542 5766 inte
