3900 6228
222 324 351 389 15ἓ3

1233 322 1763 384 COMMENTARII
1830 322 1910 382 IN
1968 321 2425 382 PROVERBIA.

3339 303 3477 373 ltili.

219 450 320 489 των
344 435 708 505 τυραννικῶς,
741 437 835 489 καὶ
872 436 945 508 μὴ
994 437 1066 490 δι’
1109 436 1333 503 ἀγαθῶν
1375 436 1554 506 ἔργων
1585 432 1792 505 τιμών-

1933 444 2122 488 emunt
2154 435 2258 489 viri
2278 435 2372 504 qui
2397 431 2538 487 mala
2570 429 2675 486 sibi
2710 429 2778 482 ab
2805 429 2885 483 eis
2918 428 3063 482 illata
3093 426 3359 496 patienter
3391 436 3475 477 to-

216 544 321 580 των
349 527 507 591 Θεὸν,
537 528 888 592 στενάξουσιν
924 530 972 581 οἱ
1021 528 1285 598 γενναίως
1328 529 1397 582 τὰ
1447 528 1576 599 παρ’
1621 525 1802 581 αὐτῶν

218 617 401 678 αὐτοῖς
438 615 787 687 ἐπερχόμενα
818 617 1043 688 λυπηρὰ
1071 617 1349 688 φέροντες.

284 714 356 774 γ’.
420 707 668 776 ’.ἀνδρὸς
730 709 1057 779 φιλοῦντος
1102 710 1366 778 σοφίαν,
1421 709 1805 779 εὐφραίνεται

218 796 413 865 πατὴρ
458 796 647 852 αὐτοῦ
671 815 685 829 ’
733 799 800 865 ὃς
847 797 918 852 δὲ
960 800 1259 868 ποιμαίνει
1311 801 1558 868 πόρνας,
1590 798 1813 855 ἀπολεῖ

219 888 506 944 πλοῦτον.
555 888 663 943 Τοῦ
704 891 971 959 γενναίως
1002 891 1072 945 τὰ
1109 890 1254 963 πάθη
1286 892 1428 944 κατά
1472 891 1674 959 πρᾶξιν
1702 908 1806 944 κα-

217 980 674 1047 ταπαλαίσαντος,
728 982 1023 1046 ποθοῦντος
1071 983 1276 1051 γνῶναι
1320 982 1422 1052 τὴν
1468 984 1650 1037 αἰτίαν
1694 983 1806 1039 τῶν

218 1070 353 1125 ὅλων
382 1072 595 1140 σοφίαν,
633 1054 779 1126 κατὰ
817 1073 919 1144 τὴν
950 1073 1010 1125 ἐν
1064 1072 1342 1142 πνεύματι
1391 1073 1632 1143 φυσικὴν
1662 1071 1804 1127 θεω-

222 1160 341 1230 ρίαν
362 1160 471 1215 τῶν
499 1160 691 1227 ὄντων,
721 1161 817 1215 καλ⁵
845 1159 988 1215 οὕτω
1019 1161 1173 1232 πρὸς,
1205 1160 1482 1231 σωτηρίαν
1513 1159 1808 1230 ἐπειγομέ-

224 1267 336 1315 νου,
372 1252 552 1321 χαίρει
581 1252 670 1305 διὰ
695 1251 1112 1323 φιλανθρωπίαν
1149 1252 1178 1303 6
1222 1249 1414 1303 τοῦτον
1456 1250 1597 1304 κατὰ
1646 1251 1807 1322 χάριν

219 1341 727 1414 υίοθε[τη]σάμενος
758 1342 1171 1413 πανοικτίρμων
1195 1341 1327 1404 Θεός
1356 1358 1370 1371 ·
1394 1344 1423 1395 6
1450 1341 1493 1394 δ’
1516 1344 1595 1405 είς
1622 1341 1812 1396 ἐπιθυ·

225 1434 353 1504 μίας
374 1433 694 1497 ἀλλοκότους
726 1432 1128 1503 προνοούμενος
1148 1430 1365 1498 ἐαυτοῦ,
1387 1431 1683 1487 κάντεῦθεν
1711 1432 1808 1496 τὰς

222 1523 411 1595 πόρρω
437 1520 532 1574 τοῦ
552 1521 714 1591 λόγου
739 1521 1002 1583 νευούσας
1019 1521 1301 1592 αἰσθήσεις
1330 1523 1453 1584 ταῖς
1478 1521 1810 1591 ἐμπαθείαις

220 1612 519 1682 ὲκτρέφων,
551 1610 847 1682 ζημιοῦται
891 1611 985 1666 τὸν
1050 1611 1193 1666 κατὰ
1220 1611 1427 1680 γνῶσιν
1473 1612 1570 1665 καὶ⁵
1609 1612 1811 1684 ἀρετὴν

224 1699 598 1771 πνευματικὸν
627 1700 878 1754 πλοῦτον.

1861 557 1873 567 -
1908 527 2105 583 lerant.

1976 704 2143 760 Vnus.
2173 703 2226 758 5.
2294 702 2387 757 Vir
2424 717 2612 755 amans
2640 699 2956 768 sapientiam
2992 698 3234 767 laetiﬁcat
3275 705 3480 765 patrem

1904 813 2058 852 suum
2079 795 2204 864 ;qui
2231 802 2405 848 autem
2428 794 2604 863 pascit
2631 791 2948 855 meretrices,
2963 788 3222 856 disperdet
3241 788 3479 842 divitias.

1909 890 1968 945 Si
2015 889 2139 960 quis
2193 888 2482 958 passiones
2513 885 2770 954 operibus
2823 881 3043 937 fortiter
3088 880 3480 945 debellavcru,

1918 981 2246 1051 sapientiam
2283 977 2531 1032 omnium
2566 983 2847 1047 parentem
2880 988 3223 1044 cognoscere
3254 974 3485 1026 studue—

1909 1068 2021 1133 rit,
2072 1076 2326 1122 naturam
2373 1079 2556 1120 rerum
2604 1062 2886 1117 intellectu
2935 1060 3265 1121 meditando,
3300 1063 3485 1128 itaque

1909 1159 1978 1214 ad
2023 1158 2254 1213 salutem
2289 1152 2626 1224 perrexerit;
2685 1152 2776 1206 ille
2823 1151 3023 1221 gaudio
3059 1158 3115 1205 et
3165 1146 3340 1204 amori
3381 1153 3487 1203 exit

1913 1251 2023 1307 Deo
2056 1248 2438 1313 misericordi,
2472 1246 2565 1316 qui
2599 1260 2725 1300 eum
2760 1245 2814 1298 in
2854 1245 3022 1298 lilium
3049 1243 3225 1313 gratia
3257 1244 3486 1311 adopta-

1909 1341 2009 1396 vit.
2039 1340 2143 1407 Qui
2170 1354 2303 1396 vero
2332 1338 2586 1409 turpibus
2636 1334 3043 1406 cupiditatibus
3096 1335 3374 1404 indulget,
3432 1342 3486 1387 et

1911 1432 2196 1489 affectibus
2243 1431 2585 1488 sensationes
2635 1428 2903 1483 rationem
2943 1435 3283 1483 excaecantes
3315 1427 3486 1489 fovet,

1911 1526 2020 1583 iste
2044 1525 2267 1582 divitias
2297 1524 2610 1580 intellectus
2639 1530 2695 1578 et
2726 1520 2945 1577 virtutis
2974 1522 3205 1576 amittet.

291 1792 352 1847 δ’.
384 1792 689 1856 Βασιλεὺς
725 1790 978 1856 δίκαιος,
1031 1791 1322 1860 ἀνίστησι
1366 1792 1568 1862 χώραν
1588 1803 1606 1821 ⁸
1654 1790 1812 1861 ἀνὴρ

1984 1794 2151 1850 Vens.
2184 1795 2238 1849 4.
2281 1792 2393 1849 Rea:
2430 1792 2613 1862 justus
2647 1791 2799 1862 erigit
2836 1790 3131 1863 regionem,
3190 1790 3271 1843 vir
3313 1796 3489 1843 autent

230 1882 298 1935 δὲ
319 1880 668 1951 παράνομος
696 1880 1127 1937 κατασκάπτει.
1167 1883 1229 1937 ’0
1257 1881 1351 1936 τοῦ
1388 1881 1591 1945 παντὸς
1614 1882 1815 1935 Δεσπό-

222 1989 322 2043 της
351 1973 445 2025 καὶ
491 1972 702 2036 δίκαιος
743 1971 852 2026 τῶν
890 1971 1049 2033 ὅλων,
1077 1974 1273 2046 κριτὴς
1299 1972 1451 2038 Θεὸς,
1487 1972 1549 2025 τὸ
1586 1971 1693 2025 τῶν
1722 1971 1816 2025 άν-

224 2065 460 2137 θρώπων
492 2065 650 2134 γένος
675 2063 770 2117 τοῦ
816 2064 942 2119 καθ’
985 2064 1265 2137 ἁμαρτίαν
1303 2065 1511 2137 ἐγείρει
1555 2064 1813 2126 Θανάτου,

226 2155 370 2228 πρὸς
400 2155 665 2226 ἐργασίαν
693 2154 802 2209 τῶν
836 2155 1004 2209 αὑτοῦ
1036 2154 1292 2220 ἐντολῶν,
1333 2158 1457 2218 ταῖς
1482 2171 1543 2208 τε
1568 2153 1674 2207 τῶν
1720 2170 1814 2207 κο-

223 2244 436 2299 λάσεων
465 2244 741 2310 ἀπειλαῖς,
771 2243 867 2298 καὶ
891 2246 1012 2307 ταῖς
1040 2244 1401 2314 ἐπαγγελίαις
1434 2243 1546 2297 τῶν
1575 2243 1813 2312 ἀγαθῶν·

223 2337 255 2387 6
285 2336 344 2389 δὲ
388 2336 480 2389 τὸν
512 2335 694 2402 λόγον,
753 2334 874 2389 καθ’
929 2334 989 2389 ὃν
1035 2335 1249 2404 γέγονε,
1296 2322 1550 2404 παραϐάς
1582 2335 1815 2405 δαίμων,

222 2431 293 2501 τῇ
339 2427 752 2499 καταγγελτικῇ
804 2426 899 2481 τοῦ
944 2427 1090 2481 θείου
1132 2426 1441 2498 θελήματος
1467 2426 1722 2498 δυνάμει,
1750 2428 1818 2497 ἣν

225 2522 380 2594 παρὰ
439 2521 577 2575 Θεοῦ
630 2521 792 2575 ἔλαϐε
853 2519 1332 2592 παραχρώμενος,
1387 2518 1685 2573 κάντεῦθεν
1740 2519 1818 2572 ὢν

228 2613 451 2685 ἰσχυρὸς
479 2611 575 2665 τοῦ
604 2614 924 2666 κακοποιεῖν
962 2614 1089 2676 τοὺς
1126 2612 1440 2683 αὐθαιρέτῳ
1472 2610 1670 2682 γνώμῃ
1697 2628 1821 2665 πει-

227 2702 493 2774 θομένους
535 2703 710 2774 αὐτῷ,
759 2705 884 2758 ἀντὶ
928 2704 1022 2757 τοῦ
1078 2707 1362 2776 συνεργεῖν
1402 2706 1483 2766 εἰς
1530 2702 1629 2774 τὴν
1677 2703 1822 2759 κατὰ

227 2794 362 2850 Θεὸν
396 2794 678 2865 ἡμετέραν
715 2794 1027 2865 οἰκοδομὴν,
1063 2796 1318 2866 καθαιρεῖ
1364 2794 1442 2866 τῷ
1479 2793 1600 2848 κατ’
1625 2794 1822 2866 αἴσθη-

230 2903 317 2942 σιν
345 2884 616 2961 ἀπατηλῷ
643 2886 742 2940 καὶ
767 2886 1121 2959 προσκαίρως
1151 2888 1288 2959 ήδεῖ.

299 2979 361 3036 ε’.
407 2981 512 3046 ‘Oc
554 2977 997 3048 παρασκευάζει
1026 2979 1125 3033 ἐπὶ
1170 2981 1500 3049 πρόσωπον
1533 2978 1642 3034 τοῦ
1679 2980 1820 3034 ἐαυ-

227 3069 337 3125 τοῦ
369 3070 554 3140 φίλου
600 3068 874 3136 δίκτυον,
933 3070 1281 3139 περιϐάλλει
1318 3071 1464 3125 αὐτὸ
1508 3070 1634 3136 τοῖς
1680 3071 1822 3125 ἐαυ-

229 3160 338 3215 τοῦ
372 3160 579 3215 ποσίν.
623 3162 719 3224 Ὃς
756 3160 949 3226 δολίως
984 3160 1352 3215 ἐπιϐουλεύων
1397 3161 1479 3234 τῷ
1535 3160 1821 3231 ἀγαπῶντι

228 3252 418 3318 αὑτὸν,
446 3252 623 3321 λάθρα
669 3254 860 3307 πλέκει
909 3255 1030 3307 κατ’
1070 3254 1237 3308 αὑτοῦ
1289 3253 1499 3325 βλάϐην
1541 3252 1818 3325 σώματος,

228 3343 263 3401 ὃ
310 3345 426 3396 ἐστι
479 3343 773 3412 πρόσωπον
815 3344 917 3412 τῆς
965 3344 1146 3414 ψυχῆς
1189 3345 1265 3408 ὡς
1312 3347 1517 3418 ταύτης
1545 3363 1825 3419 χαρακτη-

230 3433 502 3503 ριστικὸν,
544 3434 664 3486 κατ’
696 3432 984 3503 ἐνέργειαν
1034 3434 1217 3505 ἐαυτῷ
1268 3439 1699 3509 προηγουμένως
1727 3438 1826 3508 τὴν

229 3525 494 3595 τοιαύτην
535 3524 847 3596 περιτίθησι
877 3523 1084 3594 βλάϐην
1117 3526 1261 3581 κατὰ
1287 3526 1527 3581 διάνοιαν
1551 3546 1567 3561 ο
1617 3525 1685 3601 ἦς
1710 3533 1824 3594 τοῖς

231 3618 556 3687 κινήμασιν,
589 3614 665 3679 ὥς
703 3633 814 3670 τισι
859 3617 1015 3681 ποσὶ,
1069 3615 1249 3687 διήκει
1299 3618 1443 3671 κατὰ
1473 3618 1654 3689 ψυχὴν
1686 3619 1824 3689 πρὸς

231 3707 514 3763 ἀπώλειαν
537 3724 552 3739 ο
586 3707 684 3760 καὶ
711 3708 773 3760 τὸ
828 3706 929 3778 μὲν
986 3707 1252 3779 βλαϐῆναι
1307 3708 1459 3781 παρὰ
1503 3712 1696 3764 τούτου
1729 3710 1821 3764 τὸν

233 3798 745 3869 ἐπιϐουλευόμενον,
770 3799 987 3870 ἄδηλον,
1010 3800 1087 3864 ὡς
1121 3800 1275 3873 παρὰ
1304 3802 1369 3873 τῇ
1405 3801 1585 3872 κρίσει
1632 3801 1823 3873 κείμε-

232 3912 327 3950 νον
360 3896 454 3950 τοῦ
497 3894 634 3950 Θεοῦ
654 3909 668 3925 ·
718 3895 780 3949 τὸ
807 3894 852 3947 δ’
888 3894 1142 3949 ἐντεῦθεν
1175 3895 1339 3949 αὑτὸν
1391 3895 1481 3964 ὑφ’
1511 3893 1706 3948 ἐαυτοῦ
1751 3892 1828 3948 τὰ

1915 1889 2129 1960 iniquus
2163 1886 2410 1941 destruit.
2444 1885 2610 1950 Deus,
2649 1884 2744 1954 qui
2776 1883 3038 1938 omnibus
3075 1883 3345 1937 creaturis
3391 1883 3491 1938 do-

1916 1979 2161 2035 minatur
2211 1966 2419 2049 easque
2469 1978 2620 2048 juste
2674 1974 2906 2045 iudicat,
2970 1991 3145 2045 genus
3209 1975 3491 2030 hominum

1917 2073 2117 2127 avertit
2166 2086 2196 2126 a
2256 2078 2431 2125 morte
2494 2068 2707 2138 peccati
2759 2067 2825 2121 ad
2869 2067 3144 2137 implenda
3182 2081 3282 2122 sua
3338 2081 3494 2120 man—

1917 2164 2079 2230 data,
2158 2162 2275 2218 sive
2354 2160 2519 2216 minis
2575 2159 2994 2224 damnationis,
3053 2158 3170 2213 sive
3242 2158 3495 2211 mercede

1920 2255 2218 2325 promissa.
2252 2252 2515 2308 Diabolus
2540 2267 2695 2317 vero,
2724 2258 3035 2321 contempta
3066 2265 3178 2304 sua:
3198 2250 3497 2305 creatioins

1921 2345 2237 2400 conditione
2264 2383 2279 2409 ,
2332 2344 2578 2397 abutitur
2606 2350 2879 2412 potestate
2910 2356 2975 2396 ac
3028 2340 3137 2395 Deo
3170 2350 3395 2410 accepta
3430 2342 3497 2392 ad

1922 2435 2358 2491 annuntiandam
2379 2435 2501 2505 ejus
2527 2435 2892 2496 voluntatem,
2925 2442 2980 2489 et
3006 2434 3170 2504 pollet
3201 2433 3267 2487 ad
3295 2448 3500 2487 nocen-

1919 2528 2053 2583 dum
2081 2528 2400 2583 hominibus
2430 2527 2524 2597 qui
2559 2526 2796 2582 libenter
2825 2526 2928 2596 ipsi
2959 2528 3225 2590 credunt;
3257 2524 3496 2580 aediﬁca-

1922 2620 2056 2675 tioni
2116 2630 2323 2675 nostrae
2364 2621 2417 2674 iu
2454 2620 2567 2675 Deo
2618 2619 2817 2675 nedum
2867 2620 3092 2683 serviat,
3141 2632 3262 2673 eam
3312 2633 3504 2672 errore

1923 2725 2191 2768 sensuum
2239 2717 2295 2766 et
2327 2710 2590 2766 brevibus
2618 2709 2995 2781 voluptatibus
3025 2707 3215 2763 diruit.

2000 2951 2164 3008 Vens.
2201 2951 2254 3007 5.
2321 2952 2429 3019 Qui
2458 2959 2727 3021 prteparat
2760 2950 2829 3006 ad
2846 2951 3037 3021 faciem
3068 2952 3153 3006 sui
3179 2950 3336 3006 amici
3376 2960 3503 3019 rete,

1925 3044 2063 3099 illud
2134 3045 2381 3115 impingit
2450 3045 2562 3098 suis
2614 3044 2852 3113 pedibus.
2916 3042 3091 3098 Homo
3160 3045 3253 3113 qui
3314 3045 3506 3099 dolose

1848 3132 1889 3190 C
1926 3135 2219 3191 insidiatur
2247 3136 2426 3190 amico
2458 3150 2595 3202 suo,
2641 3136 2693 3190 ci
2722 3145 2936 3191 secreto
2990 3151 3195 3207 corpus
3227 3138 3504 3202 vulnerat,

1923 3227 2121 3282 animae
2139 3228 2448 3297 speculum,
2469 3240 2524 3283 et
2544 3227 2779 3282 indicem
2801 3228 2924 3297 ;sed
2944 3228 3123 3299 reipsa
3139 3228 3279 3283 idem
3310 3231 3508 3285 vulnus

1927 3318 2030 3395 sibi
2060 3318 2115 3373 in
2149 3319 2336 3372 animo
2379 3318 2534 3388 prius
2579 3317 2797 3389 inﬂigit,
2830 3319 3001 3387 cujus
3038 3321 3467 3390 cogitatioitibus
3490 3360 3506 3383 ,

1927 3411 2085 3481 quasi
2167 3410 2446 3481 pedibus,
2519 3411 2699 3481 pergit
2764 3412 2831 3464 ad
2900 3410 3189 3479 Spirituale
3257 3414 3509 3466 exitium.

1931 3502 2088 3570 Quod
2115 3504 2318 3573 petitus
2348 3505 2417 3558 ab
2444 3518 2512 3557 eo
2544 3502 2908 3573 percutiatur.
2943 3503 3210 3558 incertum
3243 3514 3346 3569 est,
3379 3508 3510 3573 quia

1930 3596 2025 3652 Dei
2067 3596 2282 3665 judicio
2335 3605 2688 3662 reservatur;
2742 3596 2889 3666 quod
2935 3596 3054 3667 ipse
3112 3597 3221 3652 sibi
3272 3601 3511 3654 maxime

1929 3686 2074 3741 mala
2109 3686 2309 3742 inferat
2364 3696 2449 3742 est
2480 3687 2738 3755 evidens,
2765 3703 2795 3743 a
2826 3687 2936 3743 Deo
2969 3690 3061 3759 qui
3122 3689 3239 3760 ipsa
3274 3691 3512 3745 Charitas

1929 3786 2048 3841 est,
2082 3791 2144 3833 se
2168 3786 2349 3834 mente
2388 3779 2683 3850 clongavit,
2715 3790 2769 3835 et
2810 3780 3099 3837 homicida
3131 3782 3348 3839 diabolo
3381 3785 3516 3839 sub~

1925 3866 2105 3937 jectus
2136 3877 2242 3926 est.

234 3989 476 4061 μέγιστα
516 3985 1024 4052 καταϐλάπτεσθαι,
1063 3986 1332 4059 πρόδηλον
1355 4002 1370 4019 ⁸
1416 3982 1506 4041 οἷα
1553 3985 1688 4040 Θεοῦ
1731 3989 1833 4056 τῆς
1880 3985 2235 4058 αὐτοαγάπης
2268 3987 2408 4042 κατὰ
2435 3986 2675 4043 διάθεσιν
2699 3987 3088 4059 ἀφιστάμενον,
3122 3987 3217 4042 καὶ
3282 3988 3361 4059 τῷ
3422 3990 3516 4044 ἀν.

236 4084 607 4157 θρωποκτόνῳ
636 4083 854 4153 Σατανᾷ
878 4076 1326 4153 προστιθέμενον.

308 4188 387 4248 ς’.
412 4178 840 4250 ’Δμαρτὰνοντι
877 4177 1073 4245 ἀνδρὶ,
1095 4177 1331 4249 perdiu
1361 4179 1573 4249 παγίς·
1599 4176 1832 4246 δίκαιος

228 4271 308 4327 δὲ
355 4272 429 4327 ἐν
463 4267 641 4341 χαρᾷ,
692 4268 793 4324 καί
844 4269 915 4323 ἐν
957 4270 1317 4338 εὐφροσύνῃ
1344 4269 1537 4324 ἔσται.
1590 4269 1682 4341 Τῷ
1732 4268 1833 4341 μὲν

232 4363 489 4419 ﬁniant
515 4361 659 4416 κατὰ
687 4362 749 4416 τὸ
788 4359 1156 4430 παραϐαίνειν
1185 4362 1286 4424 τὰς
1315 4362 1469 4426 θείας
1492 4361 1709 4426 ἐντολὰς
1739 4363 1834 4417 ἁν-

1989 4175 2156 4231 Vsns.
2173 4174 2228 4229 6.
2243 4173 2495 4230 Peecauli
2508 4174 2643 4241 viro,
2660 4190 2883 4246 magnus
2900 4174 3139 4247 laqueus,
3143 4175 3323 4247 justus
3341 4186 3514 4231 autem

1940 4270 1997 4325 in
2017 4266 2213 4340 gaudio
2242 4277 2291 4324 et
2322 4268 2516 4324 latitia
2541 4269 2663 4322 erit.
2690 4266 3022 4324 Cadentibus
3048 4280 3102 4322 et
3127 4268 3383 4323 mandata
3418 4268 3514 4324 Dci

1947 4362 2405 4436 praetereuntibus
2436 4375 2635 4432 magna
2666 4360 2955 4417 calamitas
2990 4360 3240 4416 imminet
3275 4361 3328 4415 in
3361 4360 3516 4415 iutu-

236 4454 465 4528 θρώπφ,
517 4454 731 4526 μεγάλη
769 4453 1014 4525 τιμωρία
1061 4452 1213 4507 ἔσται
1280 4453 1423 4509 κατὰ
1455 4455 1518 4508 τδ
1549 4454 1763 4525 μέλλον,
1795 4455 1821 4524 ἦ

1937 4473 2097 4514 rum:
2127 4454 2299 4511 Deum
2346 4469 2662 4525 supremum
2715 4454 2917 4510 bonum
2973 4456 3254 4525 amittere;
3306 4456 3373 4513 iis
3420 4472 3517 4510 au-

234 4550 350 4605 ᾰπὺ
374 4546 533 4612 Θεοῦ,
582 4546 678 4602 τοῦ
734 4545 971 4618 ἐσχάτου
1023 4545 1279 4617 ὀρεκτοῦ,
1320 4546 1631 4611 ἔκπτωσιςο
1680 4547 1760 4618 τῷ
1790 4546 1821 4601 δ

1941 4556 2048 4605 tem
2087 4544 2180 4619 qui
2209 4557 2338 4603 sunt
2373 4545 2890 4618 irreprehensibiles
2916 4544 3071 4617 juxta
3102 4547 3359 4603 mandata
3391 4556 3515 4603 tan-

234 4640 545 4711 ἀμέμπτως
596 4639 739 4692 κατὰ
775 4640 875 4700 τὰς
925 4637 1092 4691 αὐτοῦ
1132 4637 1354 4701 ἐντολὰς
1409 4638 1833 4710 πολιτευομένῳ,

234 4730 561 4801 ἀγαλλίασις
612 4729 707 4782 καὶ
753 4728 1080 4793 ἀπόλαυσις,
1115 4729 1150 4799 ή
1192 4727 1476 4799 ἐπιτυχία,
1518 4728 1774 4791 τοσοῦτον
1799 4731 1833 4801 ή

234 4822 513 4892 ἀποτυχία
543 4821 734 4874 λῠπεῖ.

311 4911 377 4976 ζ’.
424 4912 777 4967 Ἐπίσταται
810 4910 1044 4978 δίκαιος
1066 4912 1297 4980 κρίνειν
1322 4912 1627 4982 πενιχροῖς
1655 4926 1669 4941 ⁸
1697 4915 1732 4966 ὀ
1766 4911 1835 4965 δέ

233 5004 469 5072 ἀσεϐὴς
506 5006 579 5057 οὺ
617 5004 744 5057 νοεῖ
784 5002 1014 5075 γνῶσιν
1041 5021 1055 5033 ⁴
1112 5004 1214 5057 καὶ
1245 5003 1461 5072 πτωχῷ
1504 5006 1617 5073 οὐχ
1648 5002 1835 5071 ὑπάρ-

236 5114 331 5165 χει
358 5097 506 5162 νοῦς
544 5094 913 5165 ἐπιγνώμων.
952 5094 1108 5150 Οἶδεν
1136 5098 1453 5160 ἀπταίστως
1503 5100 1532 5151 6
1559 5097 1652 5150 τὸν
1701 5097 1833 5150 Θεὸν

236 5188 424 5259 ἔργοις
489 5187 839 5259 δικαιοσύνης
909 5188 1129 5259 τιμῶν,
1212 5188 1658 5241 ἁποδιαστέλλειν
1723 5187 1834 5241 τῶν

236 5278 566 5350 κρειττόνων
610 5278 679 5331 τὰ
728 5277 977 5349 χείρονα,
1020 5273 1110 5331 οἷα
1161 5276 1538 5348 διαγινώσκων
1581 5279 1691 5331 ἀπὸ
1732 5278 1834 5349 τῆς

237 5372 436 5441 πείρας
468 5368 562 5424 τοῦ
593 5369 803 5439 ἀγαθοῦ
837 5370 898 5423 τὸ
935 5371 1127 5425 τούτου
1159 5372 1403 5426 ἐναντίον
1449 5371 1620 5426 κακόν
1642 5390 1654 5403 ·
1702 5373 1731 5425 6
1777 5373 1833 5426 δέ

241 5466 319 5537 μὴ
349 5464 495 5518 οὓτω
523 5463 710 5518 τοῦτον
737 5463 935 5535 τιμῶν,
981 5465 1050 5518 τὰ
1097 5465 1207 5519 ἀπὸ
1250 5463 1445 5519 τούτου
1487 5465 1834 5535 μακρύνοντα

236 5556 578 5625 διανοήματα
608 5554 703 5608 τοῦ
730 5556 1045 5625 ἀρχεκάκου
1080 5554 1278 5627 ἐχθροῦ
1323 5557 1532 5625 ἀγνοεῖ,
1564 5557 1659 5609 καὶ
1719 5555 1835 5609 τού-

239 5663 355 5709 τοις
376 5645 659 5698 ἁλίσκεται
689 5647 826 5716 πρὸς
869 5645 1148 5700 ἀπώλειαν
1173 5661 1188 5674 ·
1218 5647 1313 5699 καὶ
1341 5645 1423 5718 τῷ
1457 5645 1707 5699 ἐντεῦθεν
1731 5661 1834 5697 κα·-

239 5736 312 5791 τὰ
343 5734 540 5807 γνῶσιν
582 5734 938 5805 πτωχεύοντι,
970 5737 1070 5789 οὐκ
1116 5735 1231 5788 ἐστι
1281 5736 1407 5799 νοῦς
1455 5735 1837 5806 ἐπιγινώσκων

576 5831 854 5893 Ρηιιοι.
895 5831 1014 5893 Gn.
1063 5832 1445 5895 LXXXVII.

1938 4652 2047 4697 tam
2065 4642 2487 4699 exsultationem
2517 4650 2573 4697 et
2594 4639 2908 4695 fruitionem
2944 4639 3139 4695 tribuit
3162 4638 3289 4696 felix
3314 4642 3513 4706 exitus,

1934 4745 2194 4806 quantam
2227 4734 2508 4789 tristitiam
2551 4732 2742 4788 infelix
2767 4743 3016 4789 eventus.

2008 4915 2176 4971 Vens.
2213 4915 2264 4968 7.
2312 4914 2472 4970 Novit
2497 4916 2680 4986 justus
2721 4916 2971 4985 judicare
3007 4913 3366 4983 pauperibus;
3414 4915 3513 4964 ἱεμ-

1934 5010 2055 5078 pius
2082 5019 2259 5062 autem
2290 5024 2392 5061 non
2420 5009 2619 5078 cogitat
2652 5008 2952 5071 scientiam,
2984 5014 3034 5058 et
3069 5004 3213 5069 inopi
3232 5021 3333 5059 non
3379 5004 3513 5059 {next

1936 5117 2082 5154 mens
2130 5115 2468 5170 cognoscens.
2503 5098 2666 5153 Novit
2698 5100 2790 5168 qui
2827 5097 2998 5151 Deum
3040 5098 3301 5166 operibus
3344 5097 3513 5166 just-3

1938 5188 2192 5251 honorat,
2242 5198 2360 5243 tute
2390 5189 2705 5242 discernere
2736 5186 2924 5257 pejora
2956 5200 2984 5239 a
3023 5187 3342 5243 melioribus
3368 5228 3382 5252 ,
3417 5194 3509 5257 qui

1935 5295 2003 5334 ex
2066 5281 2403 5348 experientia
2445 5279 2577 5333 boni
2639 5276 2834 5331 didicit
2899 5280 3242 5333 contrarium
3306 5283 3510 5334 malum

1936 5386 2256 5443 agnoscere.
2321 5370 2425 5436 Qui
2498 5384 2628 5424 vero
2707 5368 2876 5422 Deum
2934 5385 3045 5424 non
3102 5372 3182 5425 sic
3236 5371 3511 5435 honorat,

1937 5464 2172 5535 ignorat,
2209 5463 2439 5518 censi-lia
2491 5462 2714 5531 pessimi
2764 5462 2973 5519 inimici
3022 5476 3051 5514 a
3104 5462 3218 5520 Deo
3251 5477 3352 5519 nos
3380 5466 3513 5519 alie-

1936 5554 2140 5620 nantis,
2192 5554 2369 5621 iisque
2420 5552 2694 5622 periturus
2720 5551 3116 5622 capitur:huic
3150 5548 3356 5608 homini
3394 5571 3513 5609 mo-

1937 5646 2074 5701 dica:
2108 5643 2353 5699 scientia:
2388 5643 2724 5713 relinquitur
2754 5644 3062 5698 intellectus
3085 5660 3193 5700 non
3221 5645 3284 5699 ad
3314 5659 3516 5716 coguo.

1939 5737 2205 5794 scendum
2233 5733 2404 5792 Deum
2439 5734 2665 5804 bonum,
2717 5736 2812 5792 sed
2870 5734 2939 5790 ad
2969 5736 3415 5794 calumniaudum
3449 5741 3514 5794 de

3117 5829 3194 5894 48
