3900 6228
411 301 547 371 1517

1428 288 1958 360 COMMENTARII
1995 292 2081 355 IN
2110 288 2570 356 PBOVERBIA.

3528 286 3663 353 1518

408 436 605 477 πονον·
644 416 1016 473 συνελθουσῶν
1058 409 1151 472 οὖν
1200 414 1481 488 ἀλλήλαις,
1516 414 1618 484 τῆς
1661 413 1761 485 μὲν
1807 410 1986 482 ψυχῆς

2130 406 2437 463 estimentis
2496 403 2732 460 maxime
2783 402 3159 470 necessariis;
3209 412 3262 458 et
3320 416 3484 461 carne
3538 422 3663 461 cum

407 517 475 585 τῇ
507 513 687 584 σαρκὶ,
734 509 872 582 πρὸς
920 511 982 563 τὸ
1034 510 1437 581 περιποιεῖσθαι
1481 507 1620 576 αὐτῇ
1665 501 1983 575 διατροφάς,

411 605 506 658 καὶ
545 602 908 674 σκεπάσματα
960 601 1030 656 τά
1087 601 1249 674 μόνον
1302 598 1741 669 ἀναγκαιόταταο
1786 595 1888 665 τῆς
1927 593 1986 648 δὲ

414 696 616 766 σαρκὸς
639 696 705 767 τῇ
736 693 906 768 ψυχῇ,
952 695 1033 759 εἰς
1071 693 1133 747 τὸ
1156 693 1403 748 ὑπείκειν
1432 691 1604 763 ταύτῃ
1625 688 1763 762 πρὸς
1789 685 1990 760 πρᾶξιν

2096 500 2278 555 anima
2307 498 2366 553 in
2414 495 2721 552 obediendo
2764 505 2821 550 et
2860 494 3110 551 facienda
3161 496 3388 562 virtute,
3449 497 3669 568 utrique

2100 590 2373 663 prospicit
2437 588 2582 643 Deus
2651 587 2833 643 omnis
2886 596 3157 643 creaturae
3213 588 3558 645 rationabilis
3616 598 3671 644 tt

2094 683 2391 749 sensitive,
2420 693 2477 739 et
2506 681 2671 738 saluti
2718 680 3030 736 necessaria
3057 679 3281 750 utrique
3312 679 3538 750 praebet.

409 789 520 843 τῶν
575 789 812 860 ἀρετῶν,
864 787 1185 860 ἀμφοτέρας
1233 784 1607 858 προνοητικῶς
1661 780 1947 843 meum
1990 780 2019 833 ό
2055 777 2339 849 Δεσπότης
2409 776 2591 842 πάσης
2659 774 2762 846 τῆς
2849 775 3050 846 νοητῆς
3097 775 3194 829 καὶ
3244 774 3343 845 τῆς
3403 774 3677 845 αἰσθητῆς

412 882 664 950 κτίσεως,
698 883 952 957 χορηγῶν
975 886 1166 948 αὑταῖς
1194 883 1262 938 τὰ
1284 883 1520 954 ἑκατέρᾳ
1542 881 1679 952 πρὸς
1708 879 1984 950 σωτηρίαν
2020 874 2329 947 πρόσφορα.

484 972 566 1032 ιδ’.
599 977 906 1043 Βασιλέως
947 976 1017 1030 ἐν
1044 976 1295 1043 ἀληθείᾳ
1342 974 1660 1056 κρίνοντος
1689 969 1985 1040 πτωχοὺς,

416 1072 449 1124 ό
470 1069 682 1138 θρόνος
720 1066 908 1123 αὑτοῦ
954 1070 1041 1134 είς
1068 1066 1398 1137 μαρτύριον
1448 1062 1989 1132 κατασταθήσεται.

418 1158 628 1227 Ὥσπερ
657 1155 923 1226 βασιλέως
950 1154 1092 1218 τινὸς
1115 1151 1262 1207 κατά
1301 1151 1401 1211 τάς
1430 1148 1670 1221 ψυχικὰς
1696 1145 1992 1211 διαθέσεις,

414 1248 544 1312 τοὺς
570 1248 661 1301 ὑπ’
683 1247 845 1302 αὑτὸν
867 1248 1167 1320 κρίνοντος,
1194 1244 1290 1299 καὶ
1309 1243 1430 1315 οὐχὶ
1450 1243 1593 1297 κατά
1619 1240 1720 1304 τάς
1735 1237 1994 1312 φαινομέ-

416 1357 514 1405 νας
540 1338 715 1405 ἀξίας,
749 1338 856 1393 κᾶν
878 1336 1084 1392 τούτων
1118 1336 1467 1407 ὑπάρχοντας
1511 1333 1639 1397 τοὺς
1685 1331 1778 1386 ὑπ’
1830 1328 1993 1385 αὑτὸν

417 1430 718 1496 ὲνδεείς,τὺ
750 1427 1031 1501 βασιλικὸν
1074 1427 1271 1482 τούτου
1318 1425 1560 1497 ἀξίωμα,
1583 1425 1721 1495 ὅπερ
1758 1425 1786 1478 ό
1807 1422 1999 1494 θρόνος

418 1522 741 1593 παραδηλοῖ,
779 1522 863 1585 είς
923 1520 1145 1590 ἔλεγχον
1189 1518 1342 1572 ἔσται
1371 1517 1482 1571 τῶν
1514 1533 1575 1569 τε
1613 1513 1862 1584 ἀγαθῶν,
1902 1514 1999 1570 καὶ

416 1616 530 1672 τῶν
565 1617 641 1689 μὴ
669 1614 949 1681 τοιούτων,
1003 1612 1148 1669 οὕτω
1177 1611 1274 1666 καὶ
1314 1609 1409 1664 τοῦ
1441 1610 1707 1681 ἡγεμόνος
1746 1605 1888 1680 [νοῦ]
1922 1606 1999 1678 μὴ

420 1708 560 1778 πρὸς
601 1705 670 1761 τὰ
704 1704 1007 1777 φαινόμενα
1060 1701 1258 1774 κάλλη,
1305 1700 1442 1756 ἀλλὰ
1498 1699 1639 1772 πρὸς
1692 1696 1765 1752 τὰ
1815 1696 1998 1768 ἀφανῆ

422 1797 739 1869 βλέποντος,
793 1797 889 1851 καὶ
938 1794 1011 1850 τὰ
1062 1794 1234 1857 ὅντως
1257 1791 1438 1862 ἀγαθά
1477 1790 1588 1846 τῶν
1627 1788 2002 1861 νομιζομένων

2171 962 2341 1021 Vsus.
2379 962 2468 1020 14.
2495 958 2653 1035 Regis
2682 964 2737 1017 in
2787 965 3013 1019 veritate
3044 963 3344 1034 judicantts
3394 984 3676 1037 pauperes,

2098 1056 2245 1112 sedes
2287 1055 2400 1127 ejus
2449 1057 2505 1111 in
2545 1057 2907 1113 testimonium
2954 1060 3325 1116 constituetur.
3373 1060 3526 1116 Sicut
3586 1076 3682 1115 rex

2098 1146 2374 1218 subjectos
2391 1146 2599 1216 judicat
2621 1148 2844 1204 attentis
2869 1149 3063 1203 animae
3078 1150 3545 1221 dispesitionibus,
3572 1167 3681 1205 non

2099 1248 2325 1296 externa
2351 1236 2638 1311 dignitate,
2665 1241 2748 1296 vel
2778 1240 3093 1298 hominibus
3123 1258 3187 1297 ea
3209 1244 3455 1309 .veslilis,
3492 1245 3582 1314 qui
3616 1244 3683 1298 ad

2102 1344 2164 1390 se
2184 1332 2431 1400 veniunt,
2458 1332 2626 1405 hujus
2650 1333 2795 1404 regis
2824 1335 3095 1390 sententia
3114 1348 3144 1391 e
3168 1337 3366 1391 throno
3383 1336 3682 1407 refulgens.

2103 1425 2233 1481 boni
2268 1432 2324 1481 et
2350 1425 2480 1481 mali
2523 1426 2630 1481 erit
2679 1425 2967 1482 indicium.
3002 1425 3077 1481 Ita
3105 1429 3325 1498 quando
3355 1429 3684 1494 intellectus,

2104 1535 2216 1593 quo
2240 1520 2522 1587 ducimur,
2556 1521 2625 1577 ad
2645 1522 2924 1588 latentem,
2960 1534 3071 1578 non
3103 1524 3168 1579 ad
3197 1530 3544 1595 apparentem
3570 1528 3689 1595 pub-

2108 1612 2485 1669 chritudinem
2519 1614 2749 1686 respicit
2777 1623 2833 1670 et
2860 1629 2991 1670 vere
3026 1616 3168 1671 bona
3211 1616 3483 1673 illusoriis
3548 1632 3689 1686 pne-

2108 1703 2283 1773 ponit,
2318 1703 2459 1760 liber
2474 1715 2559 1760 est
2592 1719 2621 1759 a
2646 1705 3000 1776 passionibus
3022 1706 3196 1778 gratia
3226 1707 3464 1778 Spiritus
3487 1712 3687 1772 sancti,

2109 1801 2165 1851 et
2196 1795 2391 1866 recipit
2442 1795 2625 1852 lumen
2664 1794 2732 1852 ad
2785 1794 3149 1867 iudicandum
3207 1800 3350 1854 inter
3399 1801 3601 1856 bonum
3637 1810 3693 1855 et

421 1890 835 1964 προκρίνοντος,
884 1890 919 1960 ἡ
968 1888 1114 1942 κατά
1163 1885 1275 1941 τῶν
1310 1883 1505 1941 παθῶν
1530 1882 1751 1953 ἐξουσία
1780 1882 1998 1951 τούτου,
2026 1878 2076 1937 Β
2103 1887 2329 1944 malum.

422 1985 546 2057 ητις
572 1983 666 2037 τοῦ
694 1982 962 2051 παναγίου
1006 1979 1332 2050 Πνεύματος
1348 1976 1511 2050 χάρις
1539 1976 1660 2030 ἐστὶ
1722 1974 1840 2044 φῶς
1900 1973 2224 2048 ὑπάρχουσα
2276 1977 2535 2049 γνώσεως
2589 1980 2770 2051 λόγοις
2850 1980 3259 2048 διδασκαλικοῖς
3306 1984 3570 2053 διελέγξει
3631 1988 3695 2042 τό

422 2095 483 2131 τε
508 2074 734 2146 ἀγαθὸν,
772 2074 868 2129 καὶ
905 2074 965 2129 τὸ
992 2073 1252 2144 πονηρόν.

498 2172 584 2227 ιε’.
610 2171 840 2243 lum-al
869 2168 969 2224 καί
1005 2170 1246 2239 ἔλεγχοι
1295 2166 1531 2222 διδόασι
1582 2165 1810 2236 σοφίαν
1829 2181 1843 2196 ⁶
1864 2164 2008 2232 παῖς

425 2267 494 2320 δὲ
513 2264 926 2334 πλανώμενος,
953 2260 1231 2331 αίσχύνοι
1260 2258 1458 2330 γονεῖς
1495 2257 1702 2314 αὐτοῦ.
1733 2256 2009 2329 Τιμωρίαι

428 2356 532 2428 υἱῷ
572 2357 794 2420 πάντως
858 2353 1012 2427 παρά
1060 2351 1268 2423 πατρὸς
1319 2350 1686 2422 ἐπαγόμεναι,
1735 2351 1831 2404 καὶ
1860 2350 2009 2418 λόγοι

431 2448 571 2521 μετά
596 2447 910 2518 παρρησίας
931 2443 1294 2516 φανεροῦντες
1325 2444 1393 2498 τὰ
1421 2444 1571 2499 αἴτια
1590 2443 1702 2497 τῶν
1722 2442 2008 2515 τιμωριῶν

431 2540 855 2613 ἀμαρτήματα,,
876 2537 971 2592 καὶ
998 2536 1465 2607 καταισχύνοντες
1492 2535 1656 2590 αὑτὸν
1689 2535 1827 2606 πρὸς
1863 2534 2009 2606 διόρ-

430 2629 617 2694 θωσιν,
649 2626 911 2700 ἀληθείας
969 2626 1171 2697 γνῶσιν
1208 2629 1385 2698 τούτῳ
1432 2625 1738 2697 χαρίζεται.
1779 2625 1905 2689 Υίὸς
1927 2623 2007 2691 δὲ,

429 2719 530 2788 τῆς
559 2714 817 2787 ἀληθείας
873 2715 1365 2786 ἀποπλανώμενος,
1387 2715 1483 2769 καὶ⁸
1514 2714 1626 2769 τῶν
1668 2714 1839 2778 ὅντως
1867 2716 2009 2783 ἀγα-

431 2808 540 2862 θῶν
560 2808 628 2863 τὰ
654 2807 990 2879 νομιζόμενα
1020 2806 1469 2879 προτιμώμενος,
1519 2807 1585 2861 ὲκ
1614 2805 1710 2861 τοῦ
1744 2806 2011 2879 πράττειν

431 2901 501 2955 τὰ
528 2901 836 2973 παράλογα,
864 2901 994 2964 τοὺς
1053 2899 1217 2963 ἰδίους
1266 2900 1622 2971 καταισχύνει
1654 2899 2011 2978 γεννήτορας,

434 2995 648 3050 πολλῶν
711 2994 974 3066 μέμψεων
1047 2991 1263 3058 τούτοις
1325 2994 1588 3065 ὑπάρχων
1687 2993 2013 3064 παραίτιοςσ

436 3089 624 3161 ἐπειδὴ
660 3090 735 3161 μὴ
766 3089 867 3161 τῆς
899 3086 1289 3160 προσηκούσης
1313 3086 1562 3152 παιδείας
1591 3084 1859 3157 τετύχηκε
1884 3084 2017 3156 παρ’
2046 3136 2089 3193 c

436 3180 638 3233 αὐτῶν.

515 3270 599 3333 ιζ’.
630 3269 883 3324 Πολλῶν
921 3270 1111 3325 ὄντων
1153 3267 1412 3336 ἀσεϐῶν,
1473 3264 1697 3324 πολλαὶ
1749 3266 2019 3337 γίνονται

441 3360 716 3427 ἁμαρτίαι
730 3376 745 3390 ·
783 3360 836 3412 οὶ
852 3359 920 3411 δὲ
939 3358 1174 3423 δίκαιοι,
1200 3360 1449 3413 ἐκείνων
1468 3359 1828 3421 πιπτόντων,
1841 3354 2023 3411 κατά-

440 3451 614 3521 φοϐοι
640 3450 923 3520 γίνονται.
978 3450 1102 3521 Τῶν
1149 3450 1361 3504 πολλῶν
1419 3449 1497 3522 μὴ
1546 3449 1614 3504 δι’
1652 3446 2020 3518 ἀγαθοεργίας

442 3539 728 3612 τιμώντων
761 3539 914 3604 Θεὸν,
965 3539 1141 3593 πολλά
1189 3540 1364 3608 τούτῳ
1403 3541 1478 3612 μὴ
1506 3541 1811 3613 ἀρέσκοντα
1846 3539 2023 3610 πράτ-

441 3647 661 3686 τονται·
712 3631 936 3697 τούτους
984 3631 1042 3685 δὲ
1105 3633 1155 3685 οἱ
1232 3632 1542 3703 ἀμέμπτως
1613 3630 2023 3702 πολιτευόμενοι

444 3723 724 3785 ἐλεοῦντες
768 3716 883 3777 τοῦ’
927 3721 1243 3793 πτώματος,
1300 3721 1530 3786 ἑαυτοὺς
1586 3720 1666 3792 τῷ
1709 3721 1838 3791 θείῳ
1874 3720 2025 3791 φόϐῳ

443 3812 969 3883 κατασφαλίζονται,
1019 3811 1162 3866 ὥστε
1223 3811 1300 3885 μὴ
1327 3814 1440 3876 τοῖς
1484 3811 1694 3882 ὁμοίοις
1723 3810 2023 3883 περιπέσῃ.

521 3904 608 3971 ιζ’.
633 3904 886 3959 Παιδευε
911 3905 1049 3959 υίόν
1099 3919 1240 3971 σου,
1272 3903 1372 3959 καὶ
1405 3903 1746 3959 ἀναπαύσει
1779 3916 1887 3959 σε·
1922 3901 2025 3959 καί

438 3993 624 4050 ⁴δώσει
649 3994 882 4065 κόσμον
932 3990 1008 4064 τῇ
1056 3992 1229 4063 ψυχῇ
1260 4010 1400 4048 σου.
1434 3994 1571 4063 "Ave
1615 3993 1707 4047 τὸν
1732 3991 1824 4047 σὺν
1860 3991 2028 4047 παῖδα

442 4083 807 4156 ψυχωφελῶς,
836 4084 902 4139 ἄν
923 4099 981 4136 τε
1010 4084 1271 4154 σαρκικὸς
1307 4082 1413 4154 εἴη,
1440 4082 1508 4138 ἀν
1539 4098 1600 4136 τε
1633 4081 2025 4155 πνευματικὸς,

446 4174 674 4243 ἀγνοίας
699 4174 797 4228 καὶ
826 4176 1031 4238 κακίας
1057 4174 1332 4238 ἐπιπόνως
1389 4174 1668 4244 καθαίρων
1696 4174 1894 4229 αὐτόν·
1934 4173 2031 4228 καὶ
2054 4240 2057 4243 δ

449 4266 782 4339 θεραπεύσει
809 4282 890 4331 σε,
924 4266 1153 4338 πληρῶν
1205 4267 1268 4321 τὸ
1299 4268 1385 4321 ἐπ’
1440 4267 1590 4339 αὐτῷ
1621 4268 1691 4323 τὰ
1717 4268 1818 4340 τῆς
1848 4266 2029 4340 ψυχῆς

450 4377 546 4415 σου
570 4359 889 4431 βουλήματα
911 4376 924 4389 ·
970 4360 1065 4414 καὶ
1119 4359 1415 4432 προσάψει-
1445 4359 1585 4432 αύτῇ
1638 4358 1716 4424 ὡς
1744 4359 1896 4432 αἰτία
1929 4360 2030 4431 τὴν

449 4453 538 4522 tcp’
570 4450 751 4522 ἐαυτῷ
778 4450 1054 4505 ποικιλίαν
1076 4450 1186 4505 τῶν
1221 4451 1457 4522 ἀρετῶν.

525 4550 615 4616 ιη’.
646 4545 729 4599 Οὐ
744 4544 831 4614 μὴ
863 4542 1103 4613 ὑπάρξῃ
1142 4541 1447 4614 ἐξηγητὴς
1480 4543 1639 4599 ἔθνει
1664 4542 1988 4614 παρανόμῳ
2012 4558 2028 4575 ο

451 4637 485 4690 ὁ
505 4634 575 4690 δὲ
595 4633 936 4705 φυλάσσων
958 4633 1066 4688 τὸν
1090 4635 1299 4704 νόμον,
1314 4638 1705 4704 μακαριστός.
1739 4634 1855 4687 Οὐκ
1879 4632 2032 4686 ἔσται

451 4724 728 4798 ἑρμηνεὺς
781 4723 892 4778 τῶν
952 4725 1205 4797 νομίμων
1278 4724 1498 4790 πάντως
1542 4724 1893 4796 διδαγμὰτων
1936 4721 2033 4778 τοῦ

450 4815 794 4888 Πνεύματος,
829 4816 946 4889 λαῷ
970 4814 1084 4871 ἔθει
1122 4817 1323 4881 κακίας
1348 4816 1444 4871 καὶ
1473 4814 1670 4888 ἀγνοίᾳ
1699 4814 2033 4881 δουλεύοντι,

451 4906 549 4962 καὶ
581 4907 826 4979 μηδόλως
870 4907 1305 4981 παραδεχομένῳ
1334 4907 1429 4961 τὸν
1456 4908 1620 4979 νόμον
1649 4906 1746 4960 τοῦ
1781 4905 2036 4977 Πνεύμα-

451 5016 545 5064 τος
566 5014 579 5028 ⁸
603 4999 655 5053 οἱ
686 5003 793 5072 γὰρ
843 4999 921 5071 μὴ
969 4999 1160 5054 τοῦτον
1190 4999 1648 5072 παραδεχόμενοι,
1683 4999 1786 5053 οὐκ
1815 4998 1881 5053 ἂν
1913 4996 2037 5069 δεη-

454 5090 596 5145 θεῖεν
628 5091 731 5160 τῆς
761 5090 927 5145 αὑτοῦ
963 5089 1281 5163 ἐξηγήσεως
1298 5108 1314 5123 ο
1335 5091 1424 5145 ἵνα
1446 5092 1541 5146 καὶ
1566 5089 1842 5162 ἐξηγητὴν
1868 5089 2037 5143 αὐτοῦ

454 5183 672 5250 ἕξουσι·
706 5182 788 5237 διὸ
812 5183 875 5237 τὸ
902 5184 1095 5249 σκότος
1137 5184 1238 5254 τῆς
1269 5184 1500 5254 ἀγνοίας
1527 5184 1930 5256 περικείμενοι,
1959 5182 2039 5254 τῷ

453 5276 661 5348 ὀλέθρῳ
683 5277 782 5347 τῆς
814 5277 1013 5342 κακίας
1041 5278 1467 5349 περιπίπτουσιν
1487 5293 1503 5310 ο
1533 5277 1592 5341 ὃς
1620 5276 1677 5331 δὲ
1697 5275 1806 5330 τῶν
1829 5275 2039 5347 ἀνθρώ-

455 5385 598 5435 πων,
628 5368 720 5424 τὸν
755 5367 997 5422 τοιοῦτον
1026 5369 1193 5439 νόμον
1209 5370 1387 5441 τηρεῖ,
1422 5368 1728 5440 ἀνώλεθρός
1758 5370 1929 5435 ὲστιν,
1961 5367 2038 5433 ὡς

451 5457 531 5532 τῷ
553 5460 770 5531 θανάτῳ
798 5461 898 5530 τῆς
929 5460 1204 5533 ἁμαρτίας
1230 5462 1527 5528 ἀνάλωτος.

527 5551 615 5606 ιθτ.
640 5554 856 5623 Λόγοις
870 5556 942 5609 οὑ
961 5553 1433 5623 παιδευθήσεται
1459 5553 1697 5622 οἰκέτης
1722 5555 1993 5622 σκληρός
2019 5567 2033 5581 ο

450 5645 553 5699 ἐὰν
589 5644 702 5715 γὰρ
729 5647 826 5700 καὶ
845 5645 1066 5719 νοήσῃ,
1091 5649 1354 5717 ἀλλὀὐχ
1386 5646 2036 5716 ὑπακούσεται.Ὢσπερ

452 5737 642 5808 μόνοις
673 5739 887 5812 ῥήμασι
926 5742 1282 5811 σκωπτικοῖς,
1312 5739 1502 5804 δοῦλος
1538 5738 1773 5811 ἀπειθὴς
1796 5738 1863 5792 οὐ
1888 5738 2038 5809 διορ-

2188 2163 2352 2222 Vsus.
2389 2165 2476 2221 15.
2505 2164 2691 2237 Plaga:
2726 2175 2778 2221 et
2811 2168 3161 2236 correptiones
3184 2168 3313 2223 dant
3352 2170 3690 2238 sapientiam,

2112 2273 2242 2328 puer
2279 2268 2456 2313 autem
2501 2274 2687 2313 errans
2718 2260 2998 2329 confundit
3027 2270 3275 2328 parentes
3306 2277 3453 2317 suos.
3513 2262 3696 2317 Pinna:

2114 2366 2236 2422 qua:
2297 2348 2409 2406 lilio
2432 2365 2461 2404 a
2517 2359 2672 2421 patre
2701 2350 3040 2422 intligentur,
3078 2360 3132 2407 et
3164 2366 3454 2408 sermones
3495 2350 3698 2426 quibus

2116 2443 2293 2499 libere
2347 2442 2780 2498 manifestantur
2838 2454 3062 2513 peccata
3104 2443 3284 2513 poenis
3341 2442 3528 2515 digna,
3561 2461 3698 2513 quo-

2115 2549 2349 2606 rumque
2375 2532 2585 2606 pudore
2633 2534 2702 2590 ad
2751 2535 3192 2592 emendationem
3244 2537 3489 2605 ducitur,
3551 2538 3698 2594 hunc

2115 2627 2183 2685 ad
2214 2628 2656 2699 cognoscendam
2688 2628 2980 2684 veritatem
3014 2627 3299 2685 erudiunt.
3336 2627 3508 2685 Filius
3558 2644 3692 2683 vero

2115 2722 2211 2795 qui
2241 2732 2447 2778 errata
2473 2722 2731 2795 veritate,
2759 2722 2852 2792 qui
2896 2723 3039 2780 veris
3074 2722 3216 2778 falsa
3265 2723 3514 2793 prastert,
3570 2739 3697 2778 cum

2117 2815 2322 2886 injusta
2376 2813 2590 2879 fecerit,
2641 2814 2761 2870 suis
2809 2813 3137 2886 parentibus
3192 2814 3427 2886 pudoris
3490 2814 3698 2870 multo-

2121 2922 2357 2977 rumque
2383 2907 2781 2975 vituperiorum
2808 2921 2977 2963 causa
2996 2908 3121 2975 erit,
3157 2921 3187 2962 a
3225 2908 3426 2978 quibus
3480 2907 3703 2979 dignam

2128 2996 2476 3069 disciplinam
2510 3012 2622 3053 non
2654 2998 2886 3069 accepit.

2194 3262 2361 3318 Vens.
2399 3262 2484 3319 16.
2520 3262 2658 3319 Cum
2695 3263 2852 3316 multi
2872 3272 2995 3317 sunt
3027 3263 3201 3333 impii,
3233 3264 3404 3317 multa
3433 3273 3556 3318 sunt
3584 3281 3709 3334 pec-

2123 3359 2281 3416 cata;
2316 3349 2457 3419 justi
2521 3357 2721 3415 autem,
2758 3349 2870 3403 illis
2906 3348 3242 3414 cadentibus,
3315 3351 3492 3404 timidi
3544 3351 3704 3420 ﬁunt.

2121 3437 2258 3495 Cum
2312 3438 2469 3492 multi
2525 3447 2657 3494 sunt
2718 3436 2811 3507 qui
2844 3435 3014 3493 Deum
3068 3439 3329 3508 operibus
3386 3439 3545 3494 bonis
3598 3457 3706 3494 non

2120 3532 2425 3596 honorant,
2459 3529 2639 3584 multa
2678 3528 2816 3583 ﬁunt
2840 3542 2962 3601 quae
2993 3529 3071 3583 illi
3103 3529 3424 3601 displicent.
3458 3531 3704 3598 Quorum

2123 3637 2288 3679 casus
2318 3621 2814 3677 cum-miserentur
2845 3621 3097 3678 homines
3129 3624 3330 3690 sancti,
3368 3625 3564 3681 timore
3613 3625 3710 3681 Dei

2124 3716 2450 3771 muniuntur
2470 3729 2538 3772 ne
2566 3717 2622 3773 in
2641 3716 2840 3772 similia
2870 3717 3134 3773 incidant.

2198 3898 2365 3954 VERS.
2398 3897 2488 3953 17.
2523 3895 2698 3951 Erudi
2733 3895 2906 3966 ﬁlium
2957 3906 3130 3965 tuum,
3159 3906 3209 3953 et
3256 3900 3489 3969 requiem
3558 3899 3707 3955 dabit

2128 3993 2243 4059 tibi,
2275 4000 2327 4047 et
2362 3990 2512 4046 dabit
2552 4000 2799 4046 ornatum
2850 3991 3043 4046 anima:
3109 4000 3232 4047 tuae.
3283 3990 3403 4046 Filii
3467 3991 3544 4047 tui
3596 3993 3712 4049 sive

2127 4084 2389 4150 carnalis,
2408 4084 2524 4140 sive
2542 4083 2844 4154 spiritualis
2862 4086 3103 4138 animum
3126 4082 3327 4154 dirige;
3348 4083 3711 4153 ignorantiam

2127 4180 2182 4230 et
2207 4173 2505 4245 nequitiam
2537 4173 2604 4228 ab
2633 4187 2702 4229 eo
2736 4173 2977 4231 studiose
3002 4174 3224 4243 repelle,
3265 4184 3320 4228 et
3384 4174 3475 4230 ille
3527 4182 3580 4229 te
3626 4191 3716 4230 re-

2129 4265 2427 4331 verebitur,
2457 4265 2709 4322 adductis
2764 4266 2820 4320 in
2865 4265 3101 4336 praxim,
3135 4273 3401 4335 quantum
3434 4267 3487 4321 in
3511 4282 3572 4324 se
3608 4277 3713 4329 est.

2132 4358 2329 4414 animae
2356 4365 2464 4413 tuae
2495 4357 2767 4420 consiliis,
2801 4358 2889 4412 cui
2921 4364 2980 4412 ut
3022 4359 3257 4428 prepriae
3294 4372 3474 4416 causae
3504 4360 3717 4432 copiam

2063 4477 2109 4534 ι)
2134 4465 2359 4508 suarum
2383 4450 2646 4505 virtutum
2684 4450 2970 4505 altribuet.

2203 4541 2374 4600 Vens.
2411 4542 2496 4596 i8.
2540 4540 2664 4597 Non
2687 4543 2787 4599 erit
2818 4542 3069 4613 propheta
3100 4542 3240 4615 genti
3296 4544 3511 4615 iniqute,
3543 4554 3716 4601 ιιιδίο-

2132 4636 2281 4691 diem
2338 4643 2517 4690 autem
2563 4637 2722 4705 legem
2784 4635 3142 4691 beatissimus.
3188 4635 3516 4708 Prophetam
3550 4653 3580 4691 a
3610 4656 3720 4708 quo

2133 4729 2308 4800 legem
2332 4726 2573 4798 Spiritus
2593 4726 2877 4796 doceatur,
2899 4743 3010 4783 non
3034 4727 3259 4784 habebit
3284 4729 3517 4799 populus
3539 4730 3720 4799 pravis

2135 4821 2415 4877 habitibus
2474 4828 2529 4876 et
2587 4822 2763 4877 errori
2812 4821 3078 4885 serviens,
3155 4821 3438 4892 legemque
3482 4819 3720 4892 Spiritus

2138 4912 2362 4967 minime
2430 4911 2747 4982 recipiens;
2807 4912 2902 4982 qui
2965 4911 3111 4967 enim
3181 4910 3326 4965 hanc
3382 4910 3555 4982 legem
3612 4928 3721 4968 non

2135 5003 2433 5074 recipiunt,
2494 5018 2614 5059 eam
2675 5005 2780 5060 sibi
2829 5004 3094 5072 explicari
3153 5016 3260 5055 non
3328 5003 3629 5073 postulant,
3663 5015 3724 5059 ut

2137 5096 2462 5166 prophetam
2484 5094 2780 5166 accipiant;
2806 5103 2859 5149 et
2881 5094 2960 5149 sic
3002 5092 3235 5147 involuti
3263 5095 3508 5151 tenebris
3566 5111 3723 5150 erro-

2137 5201 2260 5241 rum
2300 5187 2356 5242 in
2414 5186 2677 5257 abyssum
2740 5185 3009 5241 malorum
3071 5185 3346 5240 incidunt.
3383 5185 3476 5242 Ille
3541 5199 3723 5245 autem

2142 5280 2310 5336 homo
2373 5280 2467 5351 qui
2522 5279 2693 5348 legem
2729 5285 2936 5340 servat,
2990 5276 3326 5335 immortalis
3377 5289 3481 5348 est,
3539 5293 3727 5353 utpote

2139 5381 2319 5430 morte
2346 5373 2557 5444 peccati
2588 5385 2697 5425 non
2731 5370 3126 5427 absumendus.

2217 5550 2381 5606 VERS.
2421 5549 2505 5604 l9.
2554 5547 2734 5603 Verbis
2758 5565 2862 5603 non
2881 5547 3152 5602 erudiatur
3171 5565 3348 5604 servus
3374 5551 3539 5605 durus
3559 5566 3731 5615 {nam

2139 5642 2239 5696 etsi
2263 5639 2613 5705 intellexerit,
2660 5656 2764 5694 non
2801 5651 2979 5695 tamen
3030 5640 3226 5695 audiet.
3262 5640 3731 5706 Quemadmodum

2141 5733 2323 5789 verbis
2345 5732 2554 5804 jocosis
2603 5747 2796 5790 servus
2837 5732 3092 5791 indocilis
3142 5749 3252 5791 non
3283 5733 3559 5805 dirigitur,
3601 5751 3729 5790 nam
