3900 6228
403 462 538 531 1521
1427 462 1962 532 COMMENTARII
1993 474 2077 555 IN
2136 476 2381 541 PROVE
2390 481 2593 544 RBIA.
3511 475 3651 541 1522

398 576 826 649 φανερωθέντες,
860 578 926 648 τῇ
955 577 1084 650 παρ’
1104 574 1410 650 ἀνθρώπων
1426 579 1781 654 προσηκούσῃ
1809 599 1971 652 τιμω-

2087 603 2224 656 mus,
2263 591 2485 648 noluisti
2518 592 2812 649 imminens
2843 591 3007 649 menti
3032 600 3086 647 et
3106 588 3323 663 cOrpor-i
3350 590 3652 661 periculum

401 669 516 738 ρίᾳ,
550 668 646 722 καὶ
683 666 914 739 αἰσχύνῃ
955 667 1301 733 ὑποπέσοιεν,
1335 667 1696 740 ἠπατήθησαν
1721 682 1733 697 ⁸
1754 670 1844 724 διὰ
1874 671 1971 743 τὴν

2087 679 2348 751 eii'ugere.
2382 682 2485 750 Qui
2520 692 2703 739 autem
2744 683 2970 740 conﬁdit
3006 685 3059 738 in
3107 682 3218 738 Deo
3262 681 3653 751 omnipotenti,

394 758 696 830 εἰρημένην
716 759 917 823 αίτίαν,
951 758 1043 812 τὸν
1095 760 1458 829 ἀποκείμενον
1511 761 1696 825 αὐτοῖς
1744 762 1971 834 ψυχικόν

2087 771 2494 844 humanumque
2525 776 2778 831 timorem
2812 775 3047 846 spernit,
3084 775 3362 830 laetabitur
3420 788 3653 829 securus

403 867 455 903 ιε
481 851 575 904 καὶ
597 851 909 922 σωματικὸν
937 851 1180 907 κίνδυνον
1209 853 1469 922 ἐκφυγεῖν
1515 852 1590 924 μὴ
1623 853 1971 925 θελήσαντες.

2087 877 2111 916 a
2148 864 2393 933 pernicie
2421 867 2624 923 mentis
2657 875 2713 923 ct
2742 865 2995 937 corporis
3024 884 3038 921 :
3071 867 3166 937 qui
3205 867 3351 922 enim
3404 864 3650 919 nondum

405 936 536 992 Ὀδὲ
584 939 803 1010 θαρρῶν
862 943 954 996 ἐπὶ
1002 941 1081 1014 τῷ
1139 942 1533 1015 παντοδυνάμῳ
1578 943 1717 1015 Θεῷ,
1745 948 1840 1001 καὶ
1873 947 1970 1002 τοῦ

2087 955 2370 1012 convictus
2429 972 2590 1013 suum
2659 936 2942 1028 peccatum
2998 955 3312 1016 conﬁtetur,
3352 969 3463 1009 non
3490 951 3653 1006 modo

396 1028 739 1101 ἀνθρωπίνου
771 1032 937 1100 φόϐου
972 1032 1349 1106 καταφρονῶν,
1381 1034 1683 1105 χαρήσεται
1699 1036 1799 1106 τῆς
1827 1038 1967 1093 κατὰ

2087 1048 2379 1116 spirituale,
2418 1048 2516 1105 sed
2572 1052 2738 1106 etiam
2781 1048 3062 1120 corporale
3096 1047 3397 1117 periculum
3436 1046 3478 1099 si
3507 1044 3656 1096 acci-

393 1120 572 1192 ψυχὴν
605 1124 700 1178 καὶ
727 1124 887 1194 σῶμα
911 1124 1116 1195 βλάϐης
1139 1125 1475 1195 ἀπαλλαγείς
1507 1139 1523 1156 '
1547 1127 1641 1180 καὶ
1657 1126 1767 1198 γὰρ
1795 1129 1824 1181 ὁ
1860 1130 1966 1202 πρὸ

2087 1130 2230 1197 ierit,
2261 1134 2469 1191 vitabit.

395 1215 502 1269 τῶν
543 1215 782 1286 ἐλέγχων
820 1215 880 1269 τὸ
908 1218 1106 1270 οίκεῖον
1125 1216 1433 1288 ἁμάρτημα
1453 1216 1970 1290 ἐξομολογούμενος,
2006 1219 2068 1275 οὐ
2094 1224 2255 1293 μόνον
2284 1226 2379 1280 τοῦ
2400 1226 2632 1298 ψυχικοῦ
2654 1228 2925 1293 κινδύνου,
2960 1226 3096 1282 ἀλλά
3137 1226 3232 1279 καὶ
3306 1224 3400 1277 τοῦ
3468 1240 3656 1295 σωμα-

394 1307 571 1372 τικοῦ,
599 1309 651 1360 εί
684 1307 992 1378 πρόκειται,
1017 1308 1438 1364 ἀπαλλάττεται.

477 1398 736 1453 Ἄσέϐεια
756 1398 929 1468 ἀνδρί
980 1398 1194 1454 δίδωσι
1224 1400 1477 1470 σφάλμα
1501 1418 1515 1434 ο
1555 1401 1625 1469 ὃς
1663 1400 1733 1457 δὲ
1775 1403 1971 1460 πέποια

2143 1409 2398 1480 Impietas
2431 1412 2540 1468 uiro
2584 1412 2677 1467 dat
2716 1414 3130 1483 prolapsionem;
3163 1411 3254 1481 qui
3285 1419 3459 1463 mitem
3491 1409 3648 1473 conﬁ-

395 1495 502 1546 θεν
524 1490 625 1544 ἐπὶ
644 1488 724 1555 τῷ
750 1492 1047 1559 Δεσπότῃ,
1078 1491 1440 1559 σωθήσεται.
1472 1493 1545 1546 Τὸ
1576 1493 1652 1567 μὴ
1681 1498 1857 1568 τιμᾷν
1883 1497 1971 1551 τὸν

2087 1503 2149 1557 iit
2172 1504 2229 1557 in
2263 1502 2515 1566 Domino.
2540 1504 2857 1559 aalvabitur.
2891 1504 2946 1559 Si
2971 1505 3097 1574 quis
3128 1502 3297 1557 Deum
3335 1515 3442 1554 non
3478 1500 3654 1554 houo—

393 1580 546 1644 Θεδν,
587 1582 646 1635 ἐν
672 1580 752 1650 τῷ
778 1582 853 1651 μὴ
875 1581 1193 1652 προκρίνειν
1216 1582 1439 1637 πάντων
1462 1583 1559 1655 τὴν
1586 1584 1753 1639 αὑτοῦ
1779 1586 1971 1659 εὐαρέ-

2087 1602 2179 1659 rat,
2234 1609 2430 1666 nempe
2482 1597 2531 1653 si
2581 1595 2984 1663 hencplacitum
3036 1593 3157 1661 ejus
3214 1593 3368 1645 omni
3426 1591 3502 1645 rei
3541 1606 3651 1643 non

398 1688 608 1742 στησιν,
646 1672 785 1743 μηδὲ
817 1670 1042 1743 θαρρεῖν
1071 1673 1159 1726 ἐπ’
1206 1673 1357 1744 αὐτῷ
1385 1676 1442 1727 ὲν
1479 1676 1614 1729 πᾶσι
1642 1678 1755 1739 τοῖς
1793 1678 1971 1747 ἐγχει-

2087 1684 2360 1753 ριτεροηίι,
2420 1684 2467 1740 si
2518 1700 2628 1740 non
2690 1685 2749 1739 in
2799 1670 3056 1739 omnibus
3109 1681 3227 1738 suis
3284 1676 3519 1749 inceptis
3563 1678 3654 1731 ille

398 1762 665 1832 ρήμασιν,
695 1760 951 1833 προξενεῖ
967 1762 1045 1833 τῷ
1076 1764 1222 1818 κατὰ
1265 1764 1498 1834 θεωρίαν
1535 1766 1795 1837 ἢπρᾶξιν
1833 1784 1971 1838 καρ-

2087 1773 2484 1844 cupidissimus
2533 1775 2911 1847 intelligentia:
2966 1782 3022 1830 et
3082 1771 3304 1828 virtutis
3358 1778 3538 1825 mente
3598 1776 3652 1821 et

394 1854 568 1924 τερῶς
616 1852 1002 1925 ἐπιχειροῦντι,
1047 1855 1249 1922 γνῶσιν
1295 1855 1328 1926 ἢ
1372 1857 1574 1928 ἀρετὴν
1626 1858 1961 1930 κατορθοῦν,

2087 1864 2346 1919 roluntate
2376 1867 2860 1936 acquirendarum,
2901 1881 2932 1922 a
2963 1881 3091 1923 vero
3119 1872 3173 1920 et
3195 1865 3338 1920 bono
3360 1860 3594 1920 decidet,
3625 1876 3654 1915 a

367 1947 842 2016 -παρασφαλῆναι,
882 1946 993 2001 εῐτε
1018 1948 1117 2018 τῆς
1145 1948 1425 2019 ἀληθείας,
1459 1949 1569 2003 εἴτε
1595 1949 1690 2004 τοῦ
1720 1951 1925 2019 ἀγαθοῦ
1954 1967 1969 1983 ⁶

2087 1971 2212 2011 vero
2238 1958 2481 2027 quidem,
2501 1959 2548 2015 si
2585 1958 2829 2015 scientiae
2852 1959 3042 2024 instat,
3074 1957 3201 2028 quia
3225 1956 3346 2009 ﬁnis
3378 1953 3544 2010 studii
3572 1961 3657 2007 est

392 2039 494 2109 τῆς
522 2039 642 2110 μὲν,
703 2040 863 2109 είπερ
910 2035 995 2110 εἴη
1038 2040 1101 2094 τὸ
1150 2041 1458 2114 ἐγχείρημα
1503 2042 1857 2113 θεωρητικὸν,
1888 2043 1971 2098 ὄτι

2087 2049 2299 2112 veritas,
2325 2046 2537 2104 etDeus
2565 2049 2970 2104 estnecessaria
2986 2048 3211 2112 veritas;
3231 2060 3259 2098 a
3285 2046 3450 2106 bono,
3467 2043 3511 2097 si
3535 2059 3660 2113 ειεξι-

393 2131 545 2193 τὲλος
576 2132 610 2201 ή
640 2129 868 2201 ἀλήθεια
913 2131 1026 2186 τῶν
1069 2133 1362 2201 γνωστῶν,
1410 2131 1488 2198 ὡς
1526 2133 1797 2206 ἀλάθητον
1829 2151 1971 2204 γνω·

2087 2146 2170 2191 tur
2190 2136 2257 2192 de
2284 2138 2521 2202 aclibus,
2553 2138 2676 2207 quia
2715 2137 2837 2193 ﬁnis
2867 2147 3023 2192 actus
3059 2145 3140 2192 est
3178 2136 3403 2198 bonum,
3426 2141 3478 2187 et
3515 2131 3657 2187 Deus

395 2223 520 2278 στόν
540 2238 553 2253 ·
584 2224 678 2278 τοῦ
708 2225 784 2289 δὲ,
816 2226 976 2297 εἴπερ
1020 2226 1140 2280 ἐστὶ
1166 2274 1173 2281 .
1202 2227 1526 2298 πρακτικὸν,
1564 2229 1646 2281 ὅτι
1680 2227 1832 2292 τέλος
1860 2227 1971 2282 τῶν

2087 2236 2160 2283 est
2187 2243 2503 2299 supremum
2550 2231 2775 2286 bonum.
2810 2230 2914 2299 Qui
2946 2236 3126 2285 autem
3177 2226 3398 2283 conlidit
3447 2227 3500 2279 in
3544 2224 3652 2279 Deo

393 2317 719 2389 πρακτικῶν
769 2318 832 2372 τὸ
897 2320 1123 2388 ἀγαθὸν,
1172 2320 1248 2384 ὡς
1297 2321 1526 2392 ἔσχατον
1564 2322 1825 2392 ὀρεκτόν·
1853 2324 1883 2376 ὁ
1910 2322 1969 2377 δὲ

394 2406 614 2477 θαρρῶν
652 2407 744 2459 ἐπὶ
766 2403 843 2477 τῷ
895 2408 1207 2478 κυριεύοντι
1254 2409 1472 2464 πάντων
1509 2409 1653 2482 Θεῷ,
1678 2410 1755 2475 ὡς
1777 2413 1971 2469 τοῦτον

392 2497 450 2549 ὲν
477 2496 652 2551 ἅπασι
709 2497 1015 2568 προτιμῶν,
1075 2500 1172 2552 καὶ
1201 2500 1447 2554 σπεύδων
1495 2501 1591 2555 ἐπὶ
1635 2502 1771 2556 πᾶσι
1798 2503 1973 2576 τούτῳ

369 2586 730 2658 εὐαρεστεῖν,
775 2589 1021 2660 μετάσχῃ
1047 2589 1155 2644 τῶν
1183 2590 1325 2660 ὑπὲρ
1345 2590 1512 2663 φύσιν
1539 2592 1703 2647 αὐτοῦ
1731 2593 1973 2665 δωρεῶν,

392 2680 527 2750 ὅπερ
555 2680 630 2745 ὡς
658 2681 895 2745 πίστεως
926 2681 1082 2745 τέλος
1100 2682 1345 2753 σωτηρία
1377 2684 1515 2748 ἐστὶ,
1538 2685 1719 2739 πᾶσαν
1742 2685 1971 2754 ἄγνοιαν

392 2771 484 2824 καὶ
510 2770 706 2824 κακίαν
726 2771 1023 2840 διαφυγὼν,
1060 2767 1256 2841 οἷάπερ
1301 2772 1377 2843 μὴ
1405 2773 1792 2845 διαμαρτήσας
1807 2775 1965 2841 Θεοῦ,

392 2861 528 2916 ἀλλὰ
556 2863 695 2916 κατὰ
727 2862 930 2931 γνῶσιν
979 2861 1077 2916 καὶ¹
1129 2862 1330 2933 ἀρετὴν
1361 2862 1554 2917 τούτου
1584 2863 1883 2933 ἐπιτυχὼν,
1906 2867 1966 2929 ὃς

390 2953 539 3007 ἐστιν
572 2955 605 3025 ἡ
641 2952 869 3023 ἀλήθεια
896 2952 991 3007 καὶ
1013 2951 1073 3006 τὸ
1096 2952 1299 3021 ἀγαθόν
1318 2968 1334 2984 ο
1363 2953 1425 3007 τὸ
1485 2954 1584 3026 μὲν
1609 2955 1740 3009 ὅταν
1769 2956 1836 3010 ὲκ
1864 2956 1968 3026 τῆς

2076 2320 2710 2392 ornniputenti,eumque
2732 2323 2786 2376 in
2821 2320 2968 2375 omni
3008 2336 3067 2377 re
3093 2319 3350 2384 honorat,
3383 2323 3435 2371 et
3467 2315 3652 2371 studet

2078 2409 2126 2462 ei
2154 2408 2368 2479 placere
2385 2410 2441 2465 in
2469 2410 2744 2476 omnibus,
2772 2411 3043 2481 particeps
3068 2407 3308 2477 eritejus
3335 2412 3659 2475 supernatu-

2080 2498 2276 2554 raliuin
2301 2499 2570 2555 donorum
2590 2541 2606 2569 ,
2634 2500 2687 2558 id
2714 2511 2800 2558 est
2851 2499 3035 2557 salvus
3064 2499 3192 2565 erit,
3216 2497 3280 2552 ad
3306 2495 3450 2568 quod
3483 2493 3655 2548 tendit

2084 2588 2259 2658 fides;
2285 2592 2435 2646 omni
2472 2606 2661 2648 errore
2700 2598 2754 2647 et
2785 2592 3036 2662 nequitia
3073 2589 3314 2653 evitatis,
3356 2603 3465 2642 non
3490 2586 3654 2639 amit-

2079 2689 2175 2746 tet,
2208 2684 2304 2739 sed
2354 2683 2459 2739 ﬁde
2491 2691 2546 2738 ct
2596 2684 2801 2739 virtute
2856 2682 3025 2739 Deum
3079 2680 3370 2738 obtinebit.
3425 2678 3518 2749 qui
3574 2685 3658 2731 est

2084 2773 2291 2828 veritas
2324 2782 2378 2829 et
2412 2775 2661 2841 bonum;
2702 2791 2869 2832 unum
2920 2790 2983 2831 ex
3036 2782 3254 2837 natura,
3311 2773 3542 2826 alterum
3591 2784 3658 2822 cx

2072 2865 2349 2934 operibus,
2414 2866 2685 2937 siquidem
2720 2867 2923 2922 veritas
2943 2876 3029 2921 est
3060 2861 3418 2919 immutabilis
3453 2870 3506 2914 et
3558 2859 3656 2911 bo-

2071 2971 2200 3012 num
2232 2972 2354 3013 sese
2382 2958 2544 3014 nobis
2580 2956 3025 3012 accommodans.

391 3046 603 3111 οὐσίας,
648 3045 709 3099 τὸ
761 3043 806 3098 δ’
847 3045 977 3099 ὅταν
1008 3043 1076 3097 ἐκ
1122 3044 1223 3113 τῆς
1258 3046 1542 3118 ἐνεργείας
1589 3047 1740 3102 δοκεῖ
1765 3046 2161 3120 σημαίνεσθαιο
2189 3047 2460 3120 ἄτρεπτον
2490 3048 2601 3120 γὰρ
2654 3048 2974 3120 ήάλήθεια·
3045 3044 3398 3117 εύαρεστικδν
3468 3043 3527 3096 δὲ
3597 3043 3659 3098 τὸ

390 3144 623 3212 ἀγαθόν.

463 3239 578 3299 κς¹.
602 3234 841 3288 Πολλοί
860 3237 1263 3305 θεραπεύουσι
1276 3239 1571 3307 πρόσωπα
1590 3239 1959 3309 ἡγουμένων

2136 3235 2305 3292 Vnus.
2346 3234 2440 3290 26.
2482 3232 2643 3288 Multi
2677 3231 2856 3286 colunt
2887 3228 3050 3297 facies
3083 3227 3297 3293 ducum,
3343 3244 3374 3280 a
3438 3225 3659 3279 Domino

392 3325 553 3393 παρὰ
572 3325 634 3377 δὲ
664 3326 883 3393 Κυρίου
904 3328 1128 3395 γίνεται
1151 3328 1220 3382 τὸ
1246 3327 1481 3384 δίκαιον
1502 3329 1697 3398 ἀνδρί.
1724 3330 1972 3386 Πλεῖστοι

395 3419 521 3480 τοὺς
546 3417 896 3487 προεστῶτας
938 3420 1019 3481 είς
1062 3419 1355 3488 πρόσωπον
1401 3420 1731 3490 θεραπεύειν
1761 3424 1972 3494 ἐπιχει-

397 3504 582 3574 ροῦσιν
604 3545 620 3569 ,
660 3506 986 3568 ἵν’,εὐνοῖκοὶ
1008 3507 1219 3572 τούτοις
1256 3509 1530 3575 δόξαντες,
1557 3513 1658 3580 τὴν
1686 3498 1979 3583 εὐμένειαν

395 3596 576 3651 αὐτῶν
598 3597 1023 3651 ἐπισπάσωνται
1048 3613 1064 3630 ο
1100 3599 1251 3670 παρὰ
1276 3598 1334 3652 δὲ
1355 3599 1451 3652 τοῦ
1475 3602 1546 3655 τὰ
1576 3602 1755 3656 πάντα
1771 3604 1973 3667 εἰδότος

393 3687 674 3741 Δεσπότου
694 3687 803 3741 τῶν
818 3688 956 3742 ὅλων
976 3688 1137 3753 Θεοῦ,
1167 3688 1479 3743 ἀποδίδοται
1521 3691 1737 3761 ἑκάστῳ
1775 3695 1810 3765 ή
1837 3694 1972 3747 ἀνά-

394 3778 553 3847 λογος
574 3779 889 3850 ἀντιμισθία
915 3782 980 3849 τῇ
1035 3779 1273 3834 διαθέσει
1303 3780 1470 3837 αὑτοῦ
1498 3797 1512 3811 ο
1549 3781 1646 3836 καὶ
1671 3780 1774 3836 οὐκ
1815 3781 1973 3838 ἔσται

395 3870 503 3925 τινὶ
528 3870 589 3936 ἐξ
607 3871 949 3943 ὑποκρίσεως
977 3872 1239 3942 ὠφέλεια.

466 3959 568 4026 κζ’.
594 3962 910 4032 Βδέλυγμα
929 3962 1156 4031 δικαίῳ,
1178 3963 1334 4032 ἀνὴρ
1385 3962 1593 4031 ἄδικος
1610 3981 1623 3997 ’
1648 3964 1972 4035 βδέλυγμα

394 4050 464 4105 δὲ
519 4052 739 4122 ἀνόμῳ,
767 4053 1223 4107 κατευθύνουσα
1268 4053 1428 4121 ὁδός.
1470 4056 1715 4125 Μισητὸς
1749 4057 1869 4128 Θεῷ
1893 4057 1972 4128 τῷ

394 4143 697 4198 ἀποδιδόντι
717 4144 935 4214 ἑκάστῳ
965 4144 1110 4200 κατὰ
1134 4144 1205 4198 τὰ
1228 4145 1368 4216 ἔργα
1398 4146 1584 4211 αὐτοῦ,
1630 4149 1659 4201 ὁ
1701 4147 1776 4218 μὴ
1828 4149 1970 4204 κατά

395 4232 521 4294 τοὺς
554 4231 754 4302 νόμους
798 4232 989 4287 τούτου
1045 4233 1496 4305 πολιτευόμενος,
1532 4235 1608 4299 ὡς
1642 4235 1973 4307 παραϐάτης

393 4324 500 4377 τῶν
529 4323 688 4378 θείων
731 4324 895 4378 αὐτοῦ
955 4325 1182 4379 ἐντολῶν
1206 4341 1222 4357 ε
1272 4326 1474 4398 μισητὴ
1500 4325 1556 4379 δὲ
1588 4327 1666 4397 τῷ
1697 4328 1973 4398 παραϐαί-

394 4432 538 4470 νοντι
566 4416 787 4483 ταύτας,
818 4419 851 4487 ἠ
869 4417 1006 4488 πρὸς
1032 4418 1306 4489 σωτηρίαν
1328 4417 1743 4489 ἀπαρεγκλίτως
1766 4421 1970 4488 ἄγουσα

395 4490 647 4579 ἐνάρετος
676 4508 940 4574 πολιτεία,
968 4510 1043 4575 ὼς
1059 4513 1285 4582 τραχεῖά
1312 4528 1370 4563 τε
1402 4513 1497 4564 καὶ
1531 4510 1814 4575 ἐπίπονος.

991 4641 1244 4695 ΚΕΦΑΛ.
1288 4642 1368 4694 Λ’.

467 4782 534 4829 α’.
554 4775 697 4842 Τοὺς
717 4777 1152 4846 ἑμοὺςλότους,
1184 4777 1297 4841 υιὲ,
1325 4777 1637 4847 φοϐήθητι,
1673 4776 1771 4831 καὶ
1800 4777 1975 4842 δεξά-

391 4882 577 4937 μενος
600 4867 824 4933 αὐτοὺς
851 4870 1150 4936 μετανόει.
1177 4869 1287 4929 Τὰς
1310 4869 1448 4939 ἐμὰς
1474 4868 1715 4930 ἐντολὰς,
1737 4869 1971 4943 τεκνίον,

401 4957 475 5026 μὴ
503 4957 825 5027 περιφρόνει
848 4974 860 4986 ·
889 4960 1003 5020 τοῖς
1031 4959 1076 5011 δ’
1104 4958 1209 5011 ὠσί
1234 4976 1328 5011 σου
1352 4957 1558 5020 ταύτας
1586 4956 1972 5029 παραδεξάμε-

396 5065 507 5111 νον,
541 5050 625 5117 ὲφ’
659 5045 740 5112 οἷς
770 5050 1039 5119 ἥμαρτες,
1082 5052 1489 5119 μεταγίνωσκε.

467 5139 619 5195 Τάδε
650 5140 811 5209 λέγει
858 5144 891 5194 ὁ
940 5142 1096 5209 ἀνὴρ
1138 5141 1263 5207 τοῖς
1294 5142 1655 5196 πιστεύουσι
1700 5142 1842 5208 Θεῷ,
1875 5144 1974 5199 καί

400 5231 678 5295 παύομαι.
706 5230 891 5284 Ταῦτα
920 5233 947 5283 6
973 5232 1269 5301 ἀνδρωθεὶς
1287 5235 1347 5284 ὲν
1374 5232 1452 5302 τῷ
1479 5234 1728 5300 γενέσθαι
1758 5226 1974 5304 ἀληθῶς

395 5319 700 5389 ἄνθρωπος,
737 5324 1035 5392 μονογενὴς
1063 5322 1157 5378 τοῦ
1189 5323 1326 5377 Θεοῦ
1355 5324 1483 5387 Υἱὸς
1531 5325 1627 5379 καὶ
1669 5326 1861 5395 Λόγος,
1894 5327 1973 5381 διο

391 5411 580 5467 δάσκει
613 5415 740 5476 τοὺς
783 5414 1142 5478 πιστεύοντας
1169 5415 1345 5486 αὐτῷ,
1380 5417 1454 5479 ὡς
1489 5416 1641 5488 Θεῷ*
1674 5420 1769 5473 καὶ
1800 5436 1975 5473 κατα-

394 5500 588 5553 παύσω
642 5502 807 5565 αύτὸς
863 5503 956 5558 τοῦ
1012 5510 1231 5575 φρονεῖν
1278 5508 1497 5571 πάντως
1550 5507 1620 5561 τὰ
1684 5510 1782 5580 τῆς
1836 5529 1966 5583 σαρ-

395 5590 508 5653 κ5ς.

462 5682 528 5752 β’.
572 5683 1049 5754 Ἀφρονέστατος
1076 5690 1183 5758 γάρ
1213 5692 1329 5759 ειμι
1352 5691 1594 5746 πάντων
1615 5694 1966 5762 ἀνθρώπων,

393 5771 489 5824 καὶ
516 5777 817 5842 φρόνησις
845 5776 1174 5845 ἀνθρώπων
1202 5783 1315 5835 οὐκ
1347 5782 1519 5853 ἔστιν
1545 5786 1613 5836 ἐν
1643 5784 1793 5853 ἐμοί.
1830 5787 1972 5838 Πάνυ

391 5879 499 5918 των
538 5865 646 5936 γὰρ
696 5867 803 5920 τῶν
834 5868 903 5929 τὰ
954 5871 1192 5941 σαρκικᾶ
1242 5852 1583 5942 φρονούντῖυν
1638 5877 1966 5947 ἀνθρώπων,

2075 3337 2253 3383 autem
2280 3327 2341 3396 fit
2366 3325 2577 3395 justum
2639 3324 2775 3378 uiro.
2807 3321 2962 3375 Multi
2997 3319 3338 3391 principibus
3373 3318 3439 3371 ad
3464 3327 3653 3371 nutum

2075 3419 2283 3475 servire
2310 3422 2604 3478 conantur,
2647 3422 2727 3473 ut.
2753 3411 3011 3469 simulata
3059 3410 3201 3465 bona
3238 3410 3536 3470 voluntate,
3560 3406 3656 3463 he-

2070 3511 2435 3569 nevoleutiam
2479 3523 2669 3565 eorum
2722 3506 2825 3562 sibi
2879 3504 3188 3573 acquirunt.
3236 3504 3281 3558 A
3328 3504 3433 3558 Deo
3478 3512 3657 3558 autem

2074 3601 2443 3666 omniscienti,
2489 3599 2580 3668 qui
2614 3598 2881 3669 gubernat
2911 3596 3115 3658 omnia,
3152 3596 3447 3664 unicuique
3478 3594 3659 3650 reddi-

2075 3701 2166 3747 tur
2201 3692 2504 3762 praamium,
2528 3691 2678 3760 juxta
2705 3687 2956 3745 meritum
2986 3687 3104 3757 ejus
3132 3707 3143 3742 :
3176 3687 3378 3743 nemini
3422 3687 3661 3757 proderit

2076 3798 2175 3837 sua
2208 3782 2550 3853 hypocrisis.

2144 3959 2313 4016 Vens.
2372 3960 2464 4015 27.
2512 3960 2856 4016 Abominatio
2904 3959 3054 4029 justo
3105 3958 3214 4013 uiro
3263 3957 3339 4009 uir
3389 3953 3655 4024 injustas;

2076 4053 2398 4108 abominatio
2426 4052 2604 4124 iniquo
2638 4060 2775 4108 recte
2794 4068 3023 4123 pergens
3050 4051 3154 4105 tia.
3190 4047 3334 4103 Deus
3359 4047 3450 4116 qui
3484 4045 3667 4131 reddit.

2078 4143 2547 4214 unicuiquejuxta
2588 4158 2754 4213 opera
2787 4157 2905 4207 sua,
2938 4140 3054 4196 odit
3082 4139 3359 4212 hominem
3392 4151 3502 4191 non
3543 4151 3656 4188 am-

2075 4235 2352 4291 bulantem
2410 4236 2466 4290 in
2498 4234 2614 4305 lege
2642 4251 2765 4297 sua,
2808 4241 2995 4304 utpote
3049 4236 3479 4298 contemptorem
3534 4240 3662 4280 suo-

2075 4344 2196 4383 rum
2225 4337 2640 4398 prmceptorum.
2666 4327 2800 4382 Nam
2826 4327 2916 4381 hic
2942 4323 3162 4393 quidem
3191 4321 3358 4376 vitam
3392 4319 3661 4373 immacu-

2075 4420 2260 4483 latam,
2297 4436 2417 4488 qua:
2460 4427 2609 4474 certo
2638 4418 2790 4473 ducit
2819 4417 2885 4472 ad
2915 4417 3163 4479 salutem,
3198 4420 3385 4485 utpote
3411 4424 3661 4481 asperam

2076 4525 2130 4567 et
2158 4513 2449 4577 diiﬁcilem,
2483 4513 2617 4567 odit.

2681 4646 2834 4702 CAP.
2878 4644 3048 4699 XXX.

2143 4776 2310 4834 Vens.
2342 4779 2384 4832 Ι.
2426 4777 2591 4842 Time,
2623 4778 2735 4846 ﬁli,
2770 4794 2888 4831 mea
2950 4773 3126 4840 verba,
3156 4783 3205 4827 et
3254 4772 3545 4840 suscipiens
3603 4786 3665 4823 ea

2073 4870 2430 4938 penitentiam
2471 4884 2584 4938 age.
2615 4867 2869 4922 Mandata
2903 4881 3042 4930 mea,
3087 4865 3183 4929 iiii,
3210 4878 3277 4917 ne
3300 4869 3620 4914 contemnas
3647 4877 3658 4914 :

2074 4963 2306 5017 auribus
2338 4969 2523 5016 autem
2554 4961 2838 5032 excipiens
2864 4975 2951 5021 ea,
2987 4959 3053 5012 de
3108 4955 3351 5026 peccatis
3395 4953 3502 5007 tuis
3565 4968 3663 5020 age

2074 5054 2477 5123 pmnitcntiam.

2152 5141 2279 5199 Ηαιο
2313 5143 2442 5197 dicit
2471 5143 2551 5198 vir
2589 5138 2921 5195 credentibus
2957 5136 3087 5199 Deo,
3148 5142 3198 5188 et
3228 5135 3462 5205 quiesco.
3537 5131 3662 5186 "re

2077 5233 2397 5302 unigenitus
2460 5231 2550 5285 Dei
2580 5230 2754 5284 Filius
2785 5242 2850 5282 ac
2885 5224 3123 5280 Verbum
3157 5224 3323 5279 homo
3374 5238 3502 5278 vere
3551 5225 3660 5276 [που

2078 5334 2167 5378 tus
2193 5324 2353 5377 docet
2381 5306 2666 5375 credentes
2698 5320 2753 5374 in
2791 5332 2916 5372 eum
2958 5324 3019 5371 ut
3051 5313 3246 5371 Deum.
3278 5313 3345 5369 Et
3363 5328 3464 5384 ego
3500 5327 3658 5383 pror-

2079 5431 2174 5469 sus
2202 5415 2481 5483 quiescam
2531 5409 2741 5466 sentire
2777 5407 3045 5465 carnalia.

2154 5698 2319 5752 Vens.
2367 5696 2423 5751 2.
2458 5695 2935 5764 Insipientissimur
2973 5694 3111 5750 enim
3139 5711 3255 5749 sum
3285 5692 3521 5748 omnium
3559 5691 3654 5745 Im-

2078 5791 2272 5841 minum
2306 5797 2354 5842 et
2385 5787 2671 5857 prudentia
2700 5789 2970 5842 hominum
3002 5803 3103 5842 non
3124 5794 3201 5840 est
3253 5786 3305 5838 in
3356 5800 3452 5837 me.
3522 5784 3655 5836 Oth-

2077 5881 2228 5933 uiutu
2263 5879 2406 5933 enim
2466 5879 2749 5935 hominum
2786 5878 3028 5933 carnalia
3080 5875 3464 5940 sentientium,
3525 5872 3658 5929 iusi-
