3900 6228
325 399 469 464 1523

1655 381 2006 446 PROCOPII
2037 381 2281 442 GAZ/EI

3437 380 3458 439 1
3469 376 3565 440 5‘25

319 509 700 584 pientissimus
730 521 874 573 sum,
911 503 1037 577 quia
1069 507 1130 558 ut
1178 498 1484 572 spiritualia
1509 495 1764 554 sentienti
1790 507 1890 547 non

2015 491 2405 562 ἰφρονέστατος
2439 487 2688 544 ἐντεῦθέν
2719 487 2856 560 εἰμι,
2887 488 3075 562 ἐπειδὴ
3100 489 3173 554 ὡς
3201 490 3478 562 φρονοῦντι
3503 492 3568 545 τὰ

228 597 235 604 ’
320 605 455 660 mihi
490 604 742 660 subsistit
780 597 1022 655 carnalis
1061 603 1115 652 et
1146 595 1386 650 humana
1435 589 1720 660 cogitatio.

392 776 556 831 Vens.
595 776 647 830 ὅ.
684 774 822 830 Deus
880 772 1060 827 docuit
1119 785 1199 824 me
1239 765 1579 838 sapientiam,
1610 771 1659 818 et
1723 761 1894 816 scien-

325 871 457 923 tiam
489 882 796 921 sant-mrum
853 865 1090 933 cognovi.
1130 863 1274 918 Deus
1310 869 1492 916 autem
1525 857 1728 914 divinae
1780 869 1896 912 suae

323 960 629 1030 disciplina:
657 974 743 1013 me
778 957 1101 1027 participem
1145 955 1352 1012 eﬂ‘ecit.
1397 954 1464 1008 Et
1493 951 1683 1022 excepi
1709 949 1894 1005 divina

323 1051 580 1121 mysteria
623 1064 744 1120 quae
787 1055 990 1103 norunt
1025 1046 1211 1102 mundi
1253 1045 1438 1101 corde.

393 1139 562 1196 Vens.
599 1141 652 1194 4.
689 1140 820 1205 Quis
875 1138 1112 1193 ascendit
1153 1140 1206 1191 in
1236 1137 1423 1191 cretum
1477 1143 1528 1189 et
1578 1131 1898 1188 descendit?

321 1229 456 1296 Quis
490 1245 518 1284 a
551 1239 698 1292 terra
740 1231 804 1285 ad
833 1230 1030 1285 coelum
1064 1227 1364 1284 ascendit?
1398 1226 1501 1292 Qui
1543 1223 1776 1295 primum
1829 1220 1893 1275 ad

322 1330 572 1376 nostrum
603 1320 886 1375 descendit.
919 1321 1112 1383 lutum,
1155 1329 1212 1372 ut
1245 1317 1380 1371 illud
1418 1315 1483 1370 ad
1510 1329 1666 1370 suam
1725 1311 1898 1368 extol-

322 1413 455 1465 leret
485 1411 932 1480 supracaalestem
970 1409 1334 1470 altitudinem,

395 1501 526 1567 Quis
560 1501 888 1571 congregavit
917 1507 1091 1554 ventos
1135 1499 1189 1551 in
1231 1498 1348 1552 sinu
1381 1498 1404 1550 ?
1445 1495 1508 1548 Et
1557 1509 1748 1549 omnes
1790 1492 1900 1563 spi-

324 1595 550 1649 rituales
589 1595 864 1664 potentias
893 1592 946 1646 in
976 1592 1171 1646 animae
1201 1591 1418 1646 aerario.

396 1771 528 1837 Quis
579 1771 834 1824 convertit
877 1786 1070 1840 aquam
1124 1769 1179 1822 in
1233 1767 1582 1821 vestimento?
1609 1764 1674 1818 Et
1707 1778 1905 1820 omnes

1989 583 2085 636 τοῦ
2116 582 2451 653 πνεύματος,
2495 582 2595 652 οὐχ
2647 580 2884 653 ὑπάρχει
2927 583 2984 636 ἐν
3013 582 3138 650 ἐμοὶ
3179 583 3440 650 σαρκικδν
3478 584 3568 637 καὶ

1991 674 2334 744 ἀνθρώπινον
2368 675 2537 744 φρόνη
2549 691 2644 743 μα.

2062 771 2130 832 γ’.
2177 767 2322 830 Θεὸς
2370 764 2439 817 δὲ
2471 762 2712 828 ἐδίδαξέ
2771 781 2848 831 με
2895 765 3144 833 σοφίαν,
3197 767 3296 819 καὶ
3351 765 3569 835 γνῶσιν

1993 854 2176 925 ἁγίων
2209 854 2462 924 ἔγνωκα.
2499 853 2630 917 Θεὸς
2665 853 2726 905 δέ
2773 871 2864 922 μοι
2901 858 2998 924 τῆς
3033 855 3186 917 Θείας
3222 855 3388 908 αὐτοῦ
3428 855 3566 908 διδα-

1997 946 2224 1011 σκαλίας
2257 946 2562 1017 μετέδωκεο
2620 946 2713 999 καὶ
2743 946 3046 999 κατέλαϐον
3099 948 3221 1000 θεῖα
3277 947 3563 1017 μυστήρια,

1994 1030 2189 1107 οἷάπερ
2211 1035 2512 1105 ἐγνώκασιν
2532 1037 2581 1089 οἰ
2610 1037 2846 1105 καθαροὶ
2873 1039 2972 1108 τὴν
2996 1037 3257 1091 διάνοιαν.

2063 1129 2126 1182 δ’.
2167 1129 2265 1194 Τίς
2300 1127 2485 1194 ἀνέϐη
2536 1129 2622 1193 εἰς
2655 1129 2764 1182 τὸν
2807 1129 3109 1195 οὐρανὸν,
3164 1129 3263 1181 καί
3321 1127 3571 1192 κατέὸη;

1996 1217 2093 1281 Τίς
2120 1217 2230 1271 ἀπὸ
2257 1217 2362 1287 γῆς
2406 1215 2594 1286 ὑψώθη
2621 1217 2757 1288 πρὸς
2798 1217 3064 1286 ούρανὸν;
3113 1215 3174 1280 ὃς
3223 1215 3318 1270 καὶ
3363 1216 3574 1285 πρῶτον

1999 1308 2307 1379 συγκατέϐη
2339 1308 2417 1380 τῷ
2447 1307 2702 1379 ἡμετέρῳ
2742 1309 3045 1380 φυράματι,
3082 1307 3227 1362 ὥστε
3279 1307 3574 1361 ἀνελκῦσαι

1998 1401 2154 1455 τοῦτο
2187 1398 2325 1470 πρὸς
2350 1399 2412 1452 τὸ
2442 1398 2837 1470 ύπερουράνιον
2871 1399 3038 1453 αὑτοῦ
3074 1394 3229 1468 ὕψος.

2075 1489 2170 1552 Τίς
2201 1487 2554 1558 συνήγαγεν
2596 1486 2857 1557 ἀνέμους
2892 1489 2963 1541 ἐν
2990 1487 3232 1553 addam);
3266 1485 3376 1540 Καὶ
3401 1485 3574 1546 πάσας

2001 1579 2100 1644 τὰς
2143 1579 2427 1651 ἐνεργείας
2475 1578 2570 1633 τοῦ
2617 1578 2929 1651 πνεύματος
2981 1581 3040 1632 ἐν
3089 1579 3170 1651 τῷ
3214 1579 3353 1633 κατὰ
3403 1578 3574 1649 ψυχὴν

2000 1671 2258 1742 ταμιείῳ.

2077 1767 2174 1832 Τίς
2204 1767 2624 1834 συνέστρεψεν
2643 1765 2800 1833 ὕδωρ
2831 1765 2901 1819 ἐν
2926 1764 3175 1835 ἱματ[ῳ;
3221 1765 3333 1818 Καὶ
3359 1765 3490 1827 τοὺς
3521 1764 3574 1816 ὲν

326 1876 611 1916 sermones
642 1861 694 1915 in
730 1875 894 1916 carne
922 1859 1282 1920 circumtulit,
1301 1859 1353 1912 in
1383 1872 1522 1926 aqua
1548 1854 1890 1925 congregavit

2015 1855 2073 1927 τῷ
2127 1856 2296 1911 παντί
2351 1856 2544 1924 λόγους
2606 1857 3086 1928 συμπεριήνεγκεν
3137 1855 3196 1910 ἐν
3352 1855 3575 1925 ἐφόρεσε

325 1967 456 2017 eos,
513 1968 706 2008 omnes
745 1953 1114 2023 complectens
1173 1951 1433 2022 mysterio
1503 1945 1898 2003 incarnationis

321 2059 420 2114 per
449 2059 589 2098 eam.

399 2133 529 2199 Quis
558 2135 833 2188 suscitavit
852 2135 1029 2186 omnia
1053 2142 1286 2186 extrema
1319 2133 1510 2186 terra}?
1529 2132 1594 2185 Et
1617 2138 1676 2184 ut
1719 2127 1900 2184 omnis

324 2227 618 2280 crcationis
656 2227 938 2280 Dominus.
982 2241 1156 2294 usque
1185 2225 1250 2278 ad
1277 2224 1541 2277 terminos
1579 2229 1738 2276 terra:
1770 2234 1900 2290 pro-

323 2317 543 2387 pagavit
580 2315 931 2385 Evangelium
984 2331 1142 2370 suum
1167 2356 1180 2380 ,
1222 2323 1519 2385 gentesque
1555 2313 1702 2383 ipsas
1736 2311 1897 2365 inha-

323 2409 562 2463 bitantes
597 2407 825 2482 imperio
864 2405 1100 2475 subegit,
1151 2414 1344 2476 sponte
1379 2404 1624 2476 regimen
1660 2403 1780 2473 ejus
1802 2401 1899 2457 ad-

330 2501 632 2553 mittentes.

401 2672 560 2726 Vens.
608 2672 660 2725 5.
705 2672 856 2738 Quod
887 2689 1074 2726 nomen
1110 2674 1157 2725 ei
1182 2674 1207 2726 ?
1237 2681 1328 2724 aut
1361 2671 1499 2740 quod
1529 2685 1714 2724 nomen
1751 2669 1895 2739 ﬁlius

324 2764 438 2831 ejus
463 2764 485 2815 ?
515 2763 694 2816 omnia
719 2765 854 2816 enim
884 2764 1038 2816 verba
1110 2763 1200 2815 Dei
1267 2763 1457 2832 ignita.
1497 2761 1756 2826 Quaenam
1812 2767 1897 2815 est

326 2853 624 2904 summaria
666 2854 956 2921 appellatio
987 2852 1308 2921 qualitatem
1339 2853 1461 2921 ejus
1485 2849 1898 2906 demonstrans?

323 2950 377 2994 et
411 2957 656 3010 quamam
708 2943 904 2996 iterum
955 2943 1253 3012 appellatio
1285 2942 1679 3012 discipulorum
1736 2941 1898 3010 eius?

321 3031 578 3085 Christus
643 3033 828 3100 utique
881 3039 937 3085 et
971 3032 1288 3086 Christiani.
1361 3032 1615 3088 Christus
1679 3031 1898 3101 quidem

323 3124 450 3192 quia
496 3123 779 3177 divinitate
809 3123 966 3176 unxit
1016 3122 1408 3177 humanitatem
1441 3165 1457 3188 ,
1501 3139 1597 3192 per
1641 3123 1896 3178 unionem

211 3207 216 3212 ’
325 3213 724 3283 hypostaticam
789 3216 1076 3284 utriusque
1157 3222 1366 3270 naturae
1445 3217 1500 3270 in
1582 3215 1898 3283 semetipso.

323 3305 622 3360 Christiani
699 3315 904 3372 autem,
973 3309 1098 3379 quia
1165 3309 1365 3365 Christi
1426 3309 1718 3381 participes
1781 3323 1902 3378 grav-

323 3397 454 3452 tiam
488 3396 726 3466 Spiritus
770 3415 865 3469 per
895 3416 1019 3454 eum
1056 3410 1387 3470 acceperunt
1435 3412 1490 3458 et
1530 3403 1620 3458 ﬁlii
1669 3403 1762 3458 Dei
1793 3401 1900 3458 Pa-

321 3490 424 3543 tris
452 3498 580 3544 sunt
610 3489 810 3547 effecti.
857 3490 1152 3550 Sermones
1185 3493 1332 3548 enim
1363 3496 1548 3549 omnia
1581 3495 1742 3551 verba
1778 3494 1895 3565 Dei,

324 3579 490 3648 ignita
532 3581 583 3634 in
623 3579 745 3652 igne
778 3584 1107 3653 cognitionis
1153 3585 1244 3640 Dei
1274 3599 1490 3640 omnem
1537 3589 1898 3658 ignorantiam

321 3680 374 3724 ρι
436 3671 758 3740 pravitatem
839 3676 1206 3729 consumenti.
1273 3675 1376 3740 Qui
1443 3677 1529 3732 his
1558 3677 1894 3745 detinentur,

323 3763 423 3815 hos
462 3775 741 3816 sermones
777 3770 1003 3832 tangere
1029 3779 1136 3818 non
1179 3776 1425 3834 possunt.

393 3849 631 3920 Protegit
674 3861 849 3905 autem
918 3855 1028 3922 ipse
1085 3871 1172 3908 eos
1203 3857 1291 3924 qui
1348 3866 1644 3911 reverentur
1700 3860 1891 3928 ipsum,

324 3937 442 4007 Ipse
496 3941 820 3999 timentibus
853 3959 916 3999 se
944 3955 1168 4015 pra-stat
1197 3946 1460 4003 auxilium
1491 3959 1683 4005 contra
1719 3966 1893 4021 oppu-

321 4041 556 4099 gnantes
593 4047 708 4089 eos.

391 4141 557 4200 Vnus.
600 4145 650 4199 6.
696 4145 778 4200 Ne
809 4147 978 4204 addas
1027 4152 1194 4206 verbis
1226 4153 1362 4222 ejus,
1397 4163 1454 4208 ut
1495 4171 1598 4209 non
1628 4166 1818 4226 arguat
1848 4167 1896 4213 te

317 4246 365 4290 et
385 4237 484 4305 ﬁas
520 4239 768 4295 mendax.
803 4241 925 4296 Noli
955 4243 1254 4315 quidquam
1307 4248 1549 4319 cogitare
1603 4259 1802 4320 praeter
1829 4267 1893 4308 ea

316 4345 438 4399 quae
469 4340 519 4384 te
553 4330 779 4399 docuit,
834 4349 902 4388 ne
939 4335 1056 4405 ipse
1088 4338 1179 4407 qui
1227 4340 1430 4394 veritas
1490 4340 1894 4405 est,'mendacii

318 4428 371 4472 te
413 4431 628 4489 arguat,
663 4431 850 4492 utpote
884 4439 913 4478 a
951 4427 1175 4483 veritate
1201 4429 1317 4499 ipsa
1341 4431 1701 4488 excidentem.
1736 4433 1891 4489 lllum

318 4517 498 4566 autem
523 4515 822 4582 deprecans
849 4515 1000 4571 addit
1033 4535 1048 4570 :
1237 4513 1240 4516 ’

388 4727 553 4784 Vens.
591 4729 639 4784 7.
679 4729 793 4784 Duo
822 4743 939 4800 peto
968 4751 1003 4789 a
1025 4744 1092 4801 te,
1126 4754 1190 4791 ne
1215 4739 1430 4809 auferas
1467 4759 1500 4794 a
1532 4759 1613 4798 me
1660 4743 1891 4812 gratiam

315 4831 592 4891 antequam
627 4838 719 4892 ego
751 4826 970 4879 moriar.
1020 4825 1137 4882 Duo
1174 4829 1286 4884 haec
1332 4847 1361 4893 a
1392 4843 1442 4887 te
1484 4835 1729 4904 recipere
1791 4852 1889 4892 cu-

312 4915 404 4982 pio
431 4957 444 4981 ,
475 4913 713 4970 Verbum
777 4915 893 4984 Dei,
927 4919 1168 4988 Spiritus
1230 4924 1407 4978 sancti
1447 4925 1673 4994 donum.
1707 4927 1892 4986 lumen

315 5009 727 5074 intellectuale,
761 5011 905 5079 quod
959 5012 1331 5082 speculativas
1372 5017 1568 5074 anima:
1613 5035 1750 5075 mea:
1790 5036 1891 5092 po-

313 5100 514 5156 tentias
546 5141 562 5165 ,
597 5100 935 5158 intellectum
964 5105 1174 5166 scilicet
1219 5122 1286 5164 ac
1322 5117 1558 5172 mentem
1591 5113 1886 5180 illuminat,

314 5205 383 5244 ne
405 5189 626 5248 auferas
663 5206 692 5246 a
727 5207 812 5247 me
844 5209 940 5262 per
973 5195 1143 5252 totius
1185 5198 1311 5258 vita:
1352 5215 1490 5256 mete
1517 5211 1749 5272 tempus.

383 5301 551 5359 Vens.
586 5306 638 5359 8.
689 5304 909 5360 Verbum
958 5326 1155 5364 uanum.
1173 5322 1222 5365 et
1253 5316 1480 5368 mendax
1525 5315 1674 5386 longe
1719 5317 1806 5386 {ac
1859 5337 1890 5371 a

313 5411 412 5449 me.
483 5394 590 5450 Sed
652 5398 808 5467 quasi
874 5400 928 5453 in
992 5402 1115 5456 luce
1173 5405 1512 5476 redargueus
1546 5407 1792 5464 inutilem
1839 5420 1892 5464 et

313 5485 632 5540 mendacem
662 5503 728 5541 cx
789 5491 1145 5560 suggestione
1176 5497 1307 5552 mali
1356 5499 1834 5554 ratiocinationem
1873 5541 1886 5566 ,

314 5587 432 5628 cam
467 5575 626 5646 longe
661 5578 742 5632 fac
774 5594 802 5633 a
835 5595 940 5634 mc.

349 5685 612 5774 ‘Divitt'as
661 5700 908 5745 autemet
938 5707 1299 5760 paupertatem
1346 5718 1407 5755 ne
1475 5701 1681 5758 dederis
1738 5706 1884 5760 mihi.

317 5769 391 5824 Nc
429 5777 699 5831 concedas
730 5779 902 5834 lilero
944 5800 1062 5837 meo
1128 5788 1358 5844 arbitrio
1389 5831 1404 5858 ,
1455 5793 1573 5849 sive
1609 5795 1877 5852 inutiliter

2002 1946 2196 2018 σαρκί·
2248 1945 2327 2018 τῷ
2384 1950 2506 2000 κατ’
2565 1947 2739 2018 αὐτὴν
2774 1948 2874 2020 τῆς
2925 1947 3243 2020 οἰκονομίας
3296 1947 3592 2018 μυστηρίῳ⁶

1999 2040 2207 2104 πάντας
2245 2057 2312 2094 πε
2321 2039 2576 2111 ριλαϐών.

2075 2133 2169 2199 Τίς
2200 2131 2499 2200 ἐκράτησε
2530 2131 2652 2186 τῶν
2676 2132 2878 2200 ἄκρων
2906 2131 3018 2201 τῆς
3047 2131 3162 2202 τῆς
3185 2149 3207 2197 ;
3231 2130 3342 2184 Καὶ
3368 2127 3461 2183 οἷα
3488 2131 3576 2181 Δε-

2001 2215 2208 2295 σπότης
2254 2224 2438 2294 πάσης
2461 2224 2563 2295 τῆς
2598 2224 2852 2290 κτίσεως,
2896 2223 3003 2289 ἓως
3051 2223 3162 2277 τῶν
3197 2223 3454 2294 περάτων
3481 2221 3575 2291 τῆς

1997 2318 2103 2388 γῆς
2136 2315 2457 2380 ἐξαπλὼσας
2486 2317 2548 2368 τὸ
2578 2315 2773 2369 ἑαυτοῦ
2809 2317 3096 2388 κήρυγμα,
3126 2315 3199 2400 τὰ
3245 2314 3414 2386 μέχρι
3453 2313 3572 2367 τού-

1997 2421 2108 2458 των
2156 2405 2414 2460 οἰκοῦντα
2468 2406 2620 2478 ἔθνη,
2685 2407 2791 2460 ὑπὸ
2843 2408 2946 2478 τὴν
3007 2407 3203 2461 ἐαυτοῦ
3259 2405 3576 2459 δεσποτείαν

1999 2495 2278 2567 ἐποίησεν,
2312 2498 2577 2564 ἑκουσίως
2611 2499 2867 2554 ἐντεῦθεν
2896 2499 3169 2572 δεξάμενα
3194 2498 3257 2552 τὸ
3295 2499 3390 2552 ὑπ’
3419 2497 3573 2552 αὐτοῦ

2001 2588 2408 2660 βασιλεύεσθαι.

2070 2687 2131 2734 ε’.
2178 2682 2239 2736 Τί
2287 2681 2476 2753 ὄνομα
2521 2683 2725 2750 αὐτῷ;
2754 2685 2793 2754 ἢ
2844 2685 2902 2738 τι
2945 2684 3133 2754 ὄνομα
3171 2683 3297 2751 τοῖς
3347 2684 3575 2747 τέκνοις

1998 2771 2187 2826 αὑτοῦ
2203 2788 2226 2838 ;
2257 2773 2480 2841 πάντες
2507 2775 2616 2845 γὰρ
2645 2778 2816 2846 λόγοι
2850 2776 2999 2830 Θεοῦ
3029 2773 3464 2844 πεπυρωμένοι.
3487 2773 3576 2836 Τίς

1999 2863 2060 2917 τέ
2083 2864 2200 2916 ἐστι
2228 2865 2611 2938 κεφαλαιώδης
2641 2867 2986 2940 προσηγορία
3033 2867 3135 2938 τῆς
3167 2866 3460 2934 ποιότητος
3488 2864 3576 2918 αύ-

1999 2954 2094 3007 τοῦ
2119 2957 2499 3029 παραστατική
2521 2976 2536 3024 ;
2563 2957 2659 3012 καὶ
2679 2959 2763 3021 τίς
2783 2959 2946 3012 πάλιν
2970 2958 3075 3011 τῶν
3098 2958 3263 3012 αὐτοῦ
3289 2956 3571 3028 μαθητῶν;

2000 3047 2237 3114 Χριστὸς
2261 3047 2480 3113 πάντως
2519 3049 2616 3102 καὶ
2649 3049 2964 3120 Χριστιανοί
2982 3065 2996 3079 ο
3021 3052 3048 3103 ό
3081 3049 3213 3120 μὲν,
3252 3048 3328 3114 ὡς
3367 3053 3435 3121 τῇ
3461 3047 3570 3103 Θεό-

1999 3153 2123 3206 τητι
2157 3139 2352 3209 χρίσας
2381 3140 2480 3210 τὴν
2501 3140 2921 3212 ἁνθρωπότητα,
2948 3140 3036 3194 διὰ
3068 3141 3166 3210 τὴν
3191 3144 3249 3194 ἐν
3278 3141 3431 3212 αὐτῷ
3461 3139 3570 3194 καθ’

2004 3227 2306 3282 ὑπόστασιν
2336 3231 2443 3284 τῶν
2487 3231 2748 3286 τοιούτων
2777 3231 2995 3300 φύσεων
3037 3231 3233 3285 ἕνωσιν
3254 3249 3268 3264 ο
3318 3233 3370 3286 οἱ
3399 3233 3476 3300 δὲ,
3503 3232 3571 3294 ὡς

2003 3319 2196 3374 τούτου
2229 3323 2469 3393 μέτοχοι,
2504 3323 2599 3377 καὶ
2649 3323 2716 3376 δι’
2768 3322 2937 3376 αὐτοῦ
2967 3323 3224 3387 λαϐόντες
3267 3322 3371 3394 τὴν
3418 3327 3570 3394 χάριν

2003 3414 2098 3468 τοῦ
2125 3416 2466 3487 Πνεύματος,
2507 3419 2599 3472 καὶ
2635 3419 3040 3489 υἰοθετηοέντες
3068 3419 3147 3491 τῷ
3179 3418 3298 3489 Θεῷ
3338 3420 3431 3472 καὶ
3463 3419 3567 3471 Πα-

2000 3507 2112 3578 τρί.
2145 3509 2309 3579 Λόγοι
2349 3511 2457 3582 γὰρ
2486 3511 2552 3565 τὰ
2595 3513 2864 3582 εἰρημένα
2914 3513 3091 3566 πάντα
3138 3511 3296 3576 Θεοῦ,
3331 3530 3568 3583 πεπυρα-

2000 3601 2276 3672 κτωμένοι
2328 3603 2387 3656 ἐν
2425 3603 2505 3674 τῷ
2539 3605 2719 3657 πᾶσαν
2769 3603 2991 3673 ἄγνοιαν
3037 3606 3130 3658 καί⁵
3160 3606 3362 3658 κακίαν
3412 3620 3568 3657 κατα-

2001 3691 2213 3745 καίοντι
2241 3695 2341 3763 τῆς
2369 3694 2706 3762 θεογνωσίας
2736 3695 2872 3766 πυρί
2891 3713 2906 3726 ο
2940 3698 3168 3760 καὶτοῖς
3191 3697 3568 3768 κατεχομένοις

1998 3783 2224 3846 ταύταις
2255 3784 2691 3855 ἀπρόσψαυστοι.

2081 3875 2501 3942 Ὑπερασπίζει
2523 3878 2592 3932 δὲ
2621 3879 2804 3943 αὐτὸς
2825 3879 2948 3933 τῶν
2980 3878 3440 3948 εὐλαϐουμένων
3467 3878 3564 3932 ait-

1997 3967 2124 4021 τόν.
2166 3961 2336 4031 Οὗτος
2372 3968 2429 4021 δὲ
2468 3971 2581 4033 τοῖς
2612 3969 2970 4041 φοϐουμένοις
3001 3969 3164 4024 αὑτὸν
3195 3969 3400 4041 βοηθεῖ,
3438 3966 3565 4022 κατὰ

1998 4057 2106 4112 τῶν
2130 4059 2517 4131 πολεμούντων
2547 4063 2775 4126 τούτοις.

2071 4171 2146 4236 ς’.
2185 4171 2283 4240 Μὴ
2335 4171 2610 4242 προσθῇς
2663 4172 2790 4241 τοῖς
2840 4173 3046 4244 λόγοις
3089 4173 3300 4239 αὐτοῦ,
3352 4173 3451 4227 ἵνα
3485 4169 3562 4240 μὴ

1996 4263 2217 4335 ἐλέγξῃ
2271 4276 2347 4316 σε
2388 4264 2488 4318 καὶ
2532 4263 2771 4334 ψευδὴς
2801 4257 2986 4335 ἰγένῃ.
3036 4265 3129 4336 Μὴ
3171 4264 3334 4317 πλέον
3386 4264 3564 4334 ἐθέλῃς

1997 4355 2140 4407 νοεῖν
2163 4353 2273 4408 τῶν
2307 4355 2438 4427 παρ’
2469 4354 2634 4408 αὐτοῦ
2661 4355 3019 4426 διδαχθέντων
3044 4373 3149 4422 σοι,
3171 4356 3261 4408 ἵνα
3286 4355 3360 4426 μὴ
3390 4352 3562 4422 ἐπειδὴ

1995 4444 2161 4508 αὐτός
2197 4445 2344 4498 ἐστιν
2377 4447 2410 4518 ἡ
2437 4445 2691 4516 ἀλήθεια,
2715 4445 3044 4518 ψευδόμενον
3076 4445 3359 4519 ἁπελέγξῃ
3393 4463 3471 4509 σε,
3496 4444 3562 4504 ὠς

1923 4537 1968 4594 D
2001 4534 2174 4605 αὐτῆς
2221 4535 2476 4588 ἐντεῦθεν
2515 4537 2614 4607 τῆς
2659 4536 2920 4607 ἀληθείας
2980 4537 3351 4590 ἐκπίπτοντα·
3409 4550 3560 4607 προσο

2001 4625 2297 4696 ευχόμενος
2332 4626 2389 4680 δὲ
2420 4625 2588 4697 αὐτῷ,
2619 4625 2769 4695 λέγει
2796 4627 2924 4682 τάδε
2955 4643 2970 4657 ·

2068 4739 2133 4805 ζ’.
2175 4740 2289 4794 Δύο
2321 4741 2598 4809 αἰτοῦμαι
2626 4741 2787 4810 παρὰ
2811 4741 2950 4807 σοῦ,
2977 4741 3063 4810 μὴ
3102 4741 3336 4814 ἀφέλῃς
3362 4756 3439 4812 με
3465 4736 3557 4807 χὰ-

1987 4850 2090 4904 ριν
2115 4833 2229 4902 πρὸ
2249 4833 2359 4888 τοῦ
2383 4834 2710 4894 ἀποθανεῖν
2729 4851 2826 4904 με.
2845 4834 2950 4888 Δύο
2975 4834 3170 4902 ταῦτα,
3187 4829 3232 4889 ὧ
3251 4835 3392 4903 Λόγε
3414 4829 3555 4892 Θεοῦ,

1993 4926 2188 4998 δέομαι
2224 4925 2414 4979 λαϐεῖν
2451 4927 2560 4981 ἀπὸ
2590 4927 2687 4981 σοῦ
2708 4943 2723 4959 ο
2758 4927 2858 4998 τὴν
2879 4927 2976 4980 τοῦ
3013 4928 3283 4996 παναγίου
3317 4924 3554 4994 Πνεύμα-

1991 5036 2082 5083 τος
2119 5019 2354 5090 δωρεὰν,
2394 5019 2456 5073 τὸ
2491 5020 2679 5090 νοερὸν
2716 5020 2856 5088 φῶς,
2884 5020 2914 5074 ὃ
2951 5021 3052 5084 τὰς
3090 5019 3433 5090 θεωρητικὰς
3467 5016 3556 5085 τῆς

1991 5111 2172 5182 ψυχῆς
2204 5127 2304 5180 μου
2338 5111 2620 5181 δυνάμεις,
2653 5111 2779 5164 νοῦν
2809 5112 2906 5165 καὶ
2947 5111 3185 5166 διάνοιαν
3224 5112 3461 5181 φωτίζει,
3489 5105 3553 5177 μὴ

1991 5203 2198 5274 ἆφέλῃς
2219 5202 2314 5256 ἀπ’
2339 5201 2472 5273 ἐμοῦ
2495 5201 2563 5256 δι’
2593 5202 2724 5274 ὅλης
2754 5220 2856 5274 μου
2881 5203 2981 5272 τῆς
3013 5201 3184 5268 ζωῆς.

2061 5326 2132 5391 η’.
2193 5318 2462 5374 Μάταιον
2503 5319 2690 5388 λόγον
2763 5319 2860 5372 καὶ
2913 5316 3110 5387 ψευδῆ
3150 5316 3387 5388 μακράν
3447 5329 3552 5383 μου

1993 5412 2274 5479 ποίησον.
2311 5409 2452 5466 Ἀλλ’
2487 5410 2564 5474 ὼς
2601 5411 2657 5462 ἐν
2690 5409 2832 5478 φωτί
2871 5408 3166 5480 διελέγχων
3208 5409 3299 5461 τὸν
3340 5406 3399 5472 ἐξ
3432 5407 3549 5458 ὑπο-

1993 5502 2166 5574 Θήκης
2195 5501 2289 5556 τοῦ
2317 5500 2556 5573 πονηροῦ
2592 5502 2846 5571 ἀνωφελῆ
2877 5503 2972 5556 καὶ
2997 5503 3074 5573 μὴ
3110 5500 3433 5572 ἀληθεύοντα
3462 5496 3550 5549 -λο-

1991 5593 2210 5664 γισμὸν,
2244 5593 2437 5664 πόρῤω
2469 5592 2571 5662 τῆς
2601 5592 2778 5663 ψυχῆς
2825 5610 2928 5663 μου
2959 5592 3248 5646 ἀπέλασον.

2064 5710 2337 5764 Πλοῦτον
2367 5709 2436 5762 δὲ
2460 5709 2557 5761 καὶ
2591 5708 2804 5761 πενίαν
2841 5707 2927 5776 μή
2951 5724 3053 5776 μοι
3074 5705 3213 5773 δῷς.
3239 5704 3328 5774 Μὴ
3356 5715 3542 5770 συγχω-

1998 5799 2168 5869 ρήσῃς
2222 5798 2280 5850 δέ
2318 5815 2417 5868 μου
2467 5798 2544 5867 τῷ
2616 5797 2951 5867 αὐτεξουσίῳ
3002 5799 3103 5867 τῆς
3159 5791 3535 5867 προαιρέσεως,
