3900 6228
298 370 438 438 1525

1358 375 1894 436 COMMENTARII
1934 375 2014 434 IN
2046 377 2494 442 PROVERBIA.

3413 372 3551 445 1525

294 487 395 537 εἶθ’
433 483 735 556 ὑπερϐῆναι
765 484 909 539 κατὰ
941 485 1145 556 πρᾶξιν
1170 484 1462 556 ἀνωφελῶς
1505 488 1606 559 τὴν
1635 490 1854 560 ἀρετήν,

1970 489 2225 543 virtutem
2287 487 2641 558 transgredi,
2715 487 2830 542 sive
2869 487 2938 540 ab
2998 503 3060 540 ea
3090 484 3349 540 mendose
3413 484 3551 538 deﬂ-

295 577 395 627 εἰτ’
421 575 658 646 ἐλλείψαι
681 575 888 645 ταύτης
907 577 1227 648 ἀπατηλῶς.

363 706 677 770 Σύνταξωι
694 705 762 760 δέ
777 725 881 776 μοι
903 707 976 761 τὰ
995 708 1211 762 δέοντα
1239 707 1336 762 καὶ
1364 707 1654 776 αὐτάρκη.
1697 707 1866 778 Ὀμοῦ

290 795 335 850 δ’
376 798 462 849 ἐπ’
497 798 621 869 ἐμοὶ
665 799 826 863 τάξον
870 801 943 853 τά
976 800 1026 853 θ’
1075 801 1392 872 ἁρμόζοντα
1444 800 1521 871 τῷ
1573 799 1745 871 νοερῷ
1770 801 1867 871 τῆς

290 889 465 958 ψυχῆς
491 906 593 960 μου
643 889 815 962 ἀληθῆ
870 889 1222 963 θεωρήματα,
1270 893 1363 946 καὶ
1406 893 1543 964 πρὸς
1590 894 1866 964 σωτηρίαν

291 979 482 1049 αὐτῆς,
509 980 761 1052 αὐτάρκη
791 983 855 1054 τῇ
886 981 1115 1054 δυνάμει
1150 982 1246 1037 τοῦ
1284 983 1534 1055 σώματός
1578 1001 1680 1055 μου
1735 986 1865 1058 περὶ

287 1070 388 1140 τὴν
421 1071 527 1125 τῶν
559 1072 770 1144 ἀρετῶν
797 1074 1063 1144 ἐργασίαν
1099 1075 1540 1145 φιλοπονήματα.

359 1185 427 1239 θ’.
468 1186 594 1242 Ἵνα
645 1188 734 1256 μὴ
781 1190 1102 1256 πλησθεὶς,
1136 1189 1374 1258 ψευδὴς
1425 1189 1712 1258 γένωμαι,
1763 1190 1860 1244 καὶ

286 1275 453 1328 εἴπω·
485 1275 584 1343 Τίς
615 1295 692 1346 με
720 1277 859 1347 apti;
892 1280 931 1349 ἢ
961 1280 1156 1347 πένης
1186 1281 1482 1351 γεννηθεὶς,
1511 1281 1742 1348 κλέψω,
1761 1282 1861 1336 καὶ

287 1363 487 1429 ὀμόσω
515 1367 582 1418 τὸ
630 1366 818 1435 ὄνομα
865 1367 972 1422 τοῦ
1005 1369 1177 1423 Θεοῦ.
1209 1369 1400 1431 Ὅπως
1449 1369 1587 1440 μήτε
1618 1368 1863 1435 ὑπερδάς

285 1455 376 1506 τὸν
409 1455 534 1524 ὅρον
565 1457 661 1510 καὶ
706 1459 767 1512 τὸ
795 1459 994 1530 μέτρον
1035 1459 1130 1514 τοῦ
1161 1461 1447 1532 χρήματος
1488 1461 1588 1532 τῆς
1632 1462 1860 1532 ἀρετῆς»

284 1542 570 1614 διαμάρτω
600 1547 693 1599 τοῦ
713 1551 854 1602 κατὰ
874 1547 1007 1602 Θεὸν
1028 1549 1263 1619 ἀληθοῦς
1289 1549 1492 1604 σκοποῦ
1509 1567 1521 1580 ·
1547 1551 1615 1605 δι’
1640 1551 1860 1606 ἔπαινον

284 1633 610 1705 ἀνθρώπων,
639 1639 734 1690 καὶ
766 1639 826 1692 ού
868 1638 957 1692 διὰ
1005 1639 1158 1706 Θεὸν,
1192 1641 1447 1712 ἀμέτρως
1475 1642 1699 1712 κάμνων
1729 1644 1860 1714 περὶ

282 1722 381 1794 τὴν
405 1726 666 1794 ἐργασίαν
686 1729 786 1799 τῆς
804 1730 1005 1801 ἀρετῆς
1024 1748 1036 1762 ·
1064 1731 1358 1786 κάντεῦθεν
1381 1734 1735 1806 ἐπικρύπτων
1760 1736 1858 1808 τὴν

284 1816 527 1911 πονηράν
572 1818 674 1911 τῆς
703 1818 880 1892 ψυχῆς
914 1839 1014 1892 μου
1043 1821 1304 1890 διάθεσιν,
1349 1824 1488 1891 δόξω
1532 1825 1816 1881 λανθάνειν
1840 1846 1854 1860 ’
1894 1856 1934 1911 Β

285 1906 417 1977 μήτ’,
441 1906 690 1977 ἐλλείψας
717 1912 812 1962 τοῦ
845 1912 972 1983 ὅρου
1007 1914 1100 1966 καὶ
1130 1914 1223 1966 τοῦ
1273 1915 1475 1986 μέτρου
1525 1917 1619 1970 τοῦ
1649 1918 1855 1972 τοιοῦδε

281 1999 594 2067 χρήματος,
625 2002 764 2055 κατά
814 2004 1132 2076 προαίρεσιν
1183 2005 1280 2076 τὴν
1327 2007 1692 2079 ὀφειλομένην
1737 2011 1856 2080 Θεῷ

281 2086 501 2157 συλήσω
549 2089 834 2171 λατρείαν,
873 2095 1038 2168 σαρκὶ
1067 2097 1160 2150 καὶ
1206 2099 1397 2168 κόσμῳ
1433 2099 1719 2166 δουλεύων,
1762 2103 1856 2154 καὶ

283 2180 490 2250 στέρξω
519 2185 581 2254 τῇ
647 2184 914 2260 θεραπείᾳ
949 2188 1047 2258 τῆς
1100 2190 1336 2261 γαστρὸς
1375 2193 1469 2244 καὶ
1497 2193 1606 2246 τῶν
1649 2193 1856 2262 ὑπογα-

283 2275 504 2343 στρῖων,
540 2278 893 2349 ἡγησάμενος
917 2280 1017 2351 τὴν
1051 2283 1258 2336 κοιλίαν
1281 2284 1442 2340 Θεόν.

353 2389 404 2437 t’.
446 2389 542 2454 Μνὴ
581 2389 864 2457 παραδῷς
889 2391 1133 2460 οἰκέτην
1163 2396 1252 2460 εὶς
1278 2395 1484 2464 χεῖρας
1510 2400 1816 2456 Δεσπότου
1839 2417 1852 2432 ’

272 2473 510 2542 μήποτε
538 2481 950 2549 καταράσηται
979 2498 1076 2547 σε,
1111 2487 1210 2538 καὶ
1245 2487 1612 2557 ἀφανισθῇς.
1651 2493 1742 2562 Μὴ
1779 2491 1856 2563 τῷ

276 2571 526 2641 τυράννῳ
555 2573 666 2625 τῶν
691 2575 977 2644 ἡμετέρων
1005 2576 1193 2648 ψυχῶν
1221 2579 1475 2652 διαϐόλῳ,
1509 2582 1600 2636 τὸν
1632 2582 1856 2638 δουλεύ-

281 2674 456 2713 σαντα
484 2661 676 2716 τοῦτον
723 2667 789 2735 τῇ
834 2666 1102 2738 ἁμαρτίᾳ,
1135 2669 1230 2722 καὶ
1259 2671 1483 2740 φεύγειν
1538 2673 1742 2744 ταύτην
1791 2675 1856 2729 ἐκ

278 2748 646 2819 μεταμελείας
687 2753 1108 2825 ἐπιχειροῦντα,
1156 2761 1550 2832 καταπροδῷς,
1601 2763 1854 2834 ἐμϐαλὼν

277 2839 440 2892 αὐτὸν
505 2845 583 2907 εἰς
652 2847 1006 2914 ἀπόγνωσιν,
1065 2851 1361 2904 κάντεῦθεν
1421 2856 1855 2925 παρασκευάσας

275 2933 470 3016 τοῦτον
497 2938 885 3009 τιμωρηθῆναι
937 2943 1089 3013 παρὰ
1116 2944 1211 2998 τοῦ
1242 2948 1516 3001 Δεσπότου
1567 2949 1676 3002 τῶν
1714 2951 1854 3005 ὅλων

275 3022 434 3077 Θεοῦ·
456 3025 547 3080 ἵνα
565 3028 638 3098 μὴ
661 3029 791 3100 παρ’
809 3031 976 3085 αὑτοῦ
1007 3035 1269 3107 ἀκούσῃς’
1293 3055 1311 3088 ι
1353 3039 1471 3091 Ἀπ’
1488 3039 1623 3108 ἐμοῦ
1644 3042 1693 3094 oi
1719 3058 1854 3095 κατ-

283 3118 551 3186 ηραμένοι
571 3135 584 3152 ·
617 3139 638 3171 ι
665 3123 762 3174 καὶ
799 3124 880 3187 είς
910 3124 974 3178 τὺ
1003 3127 1192 3191 σκότος
1222 3131 1541 3203 ἀπορῤιφῇς·
1562 3132 1624 3186 τὸ
1655 3134 1852 3200 ἐξώτε-

283 3221 406 3272 ρον·
433 3206 510 3270 ὡς
533 3210 624 3261 τὸν
653 3211 923 3266 πεινῶντα
946 3214 1045 3284 τὴν
1090 3219 1372 3290 σωτηρίαν
1404 3221 1595 3288 αὐτοῦ,
1636 3225 1730 3279 καὶ
1767 3225 1850 3278 δι-

275 3295 463 3364 ψῶντα
493 3298 651 3385 λόγου
699 3303 975 3372 σωτηρίαν
1001 3307 1254 3376 ἀκοῦσαι,
1298 3310 1541 3382 ἀνηλεῶς
1585 3314 1855 3386 καταλιμ-

277 3387 464 3442 πάνων
490 3390 849 3450 ἀπόλλυσθαι.

350 3507 438 3556 ια’.
486 3505 780 3575 Ἕκτον-ον
813 3513 1004 3566 κακὸν
1045 3516 1270 3583 πατέρα
1322 3519 1678 3588 καταρᾶται,
1740 3522 1856 3591 τὴν

274 3590 343 3644 δὲ
367 3594 597 3663 μητέρα
647 3599 760 3652 οὐκ
817 3602 1077 3672 celaret.
1121 3607 1366 3676 Μισητὺς
1410 3609 1518 3679 γάρ
1572 3612 1706 3678 υἱὸς,
1755 3590 1856 3668 οὐκ

277 3685 598 3757 ἐπιστρέφει
631 3689 720 3743 διὰ
769 3693 1062 3761 μετανοίας
1104 3695 1242 3766 πρὸς
1269 3697 1423 3762 Θεὸν,
1470 3700 1562 3754 τὸν
1605 3703 1853 3774 υίοθετη-

278 3778 515 3848 σάμενον
538 3781 731 3836 τοῦτον
752 3785 810 3836 ἐν
834 3783 916 3853 τῷ
955 3785 1158 3839 πλάσαι
1197 3787 1319 3840 κατ’
1347 3789 1532 3844 εἰκόνα
1562 3793 1729 3847 αὐτοῦ
1761 3797 1856 3848 καὶ

275 3869 576 3939 ὁμοίωσινο
607 3871 726 3925 ἀλλ’
769 3873 848 3938 ὡς
899 3875 1137 3947 σκληρὸν
1185 3878 1278 3933 τὸν
1325 3881 1524 3935 ἑαυτοῦ
1574 3883 1853 3940 διαϐάλλει

273 3966 523 4035 πατέρα·
561 3967 662 4037 τὴν
692 3969 751 4021 δὲ
797 3972 1000 4040 τροφὸν
1049 3972 1246 4028 ἑαυτοῦ
1281 3977 1426 4031 κατὰ
1468 3977 1666 4050 ψυχὴν,
1701 3981 1854 4037 θείαν

271 4055 466 4110 τούτου
511 4057 865 4115 διδασκαλίαν
903 4062 1004 4116 οὐκ
1053 4064 1286 4133 ἐπαινεῖ,
1317 4067 1394 4132 ὡς
1438 4068 1600 4138 δῆθεν
1644 4071 1852 4144 δυσφύ-

272 4146 493 4202 λακτον.

345 4259 433 4330 ιβ’.
474 4261 772 4334 Ἕκγονον
816 4265 1034 4332 κακὸν,
1070 4265 1306 4324 δίκαιον
1347 4269 1566 4327 ἑαυτὸν
1623 4275 1846 4344 κρίνειο

271 4351 390 4421 τὴν
420 4353 490 4406 δὲ
530 4355 752 4428 ἔξοδον
782 4359 969 4414 αὑτοῦ
1008 4363 1120 4414 οὐκ
1152 4362 1470 4434 ἁπένιψεν.
1513 4366 1572 4419 'O
1608 4368 1849 4434 τοιοῦτος

271 4444 386 4507 υίὸς
417 4445 673 4518 ἐνάρετον
723 4449 913 4504 ἐαυτὸν
959 4452 1130 4506 οἴεται
1152 4468 1167 4482 ⁸
1201 4457 1301 4527 τὴν
1346 4457 1403 4510 δέ
1445 4460 1582 4528 πρὸς
1609 4461 1669 4514 τὸ
1695 4463 1849 4527 τέλος

271 4535 502 4602 διέξοδον
525 4541 626 4612 τῆς
675 4542 824 4613 ζωῆς
869 4545 1056 4612 αὐτοῦ,
1098 4547 1250 4603 οῦπω
1279 4549 1389 4604 τῶν
1423 4553 1547 4607 καθ’
1572 4555 1852 4626 ἁμαρτίαν

273 4627 509 4698 κηλίδων
542 4631 836 4704 ἐκάθηρεν.

347 4746 440 4808 ιγ’.
500 4741 798 4811 "Ezram?
861 4747 1053 4802 κακόν
1078 4787 1096 4812 ,
1145 4752 1426 4819 ὑψηλοὺς
1503 4755 1854 4825 ὀφθαλμοὺς

269 4831 433 4897 ἔχει·
495 4830 620 4900 τοῖς
669 4832 740 4887 δὲ
793 4835 1127 4906 βλεφάροις
1179 4843 1366 4898 αὑτοῦ
1417 4844 1741 4913 ἐπαίρεται.
1795 4849 1852 4903 '0

269 4919 514 4985 τοιοῦτος
553 4922 691 4992 υἱὸς,
745 4925 820 4997 μὴ
865 4927 1248 4996 ἐπιγινώσκων
1303 4933 1402 5004 τὴν
1449 4935 1658 4990 οἰκείαν
1687 4937 1852 4993 ἀπαθέ-

268 5028 436 5103 νειαν,
482 5005 717 5088 θεωρίαν
750 5019 1084 5090 ἀχαλίνωτον
1131 5023 1430 5095 κέκτηται·
1465 5030 1560 5083 καὶ
1609 5033 1678 5084 τὰ
1711 5033 1851 5103 βρα-

267 5100 478 5170 χύτατα
505 5103 866 5177 ἐλαττώματα
897 5111 1006 5164 τῶν
1045 5113 1324 5182 ὁμοφυῶν,
1355 5119 1478 5182 ταῖς
1517 5118 1593 5183 ὡς
1622 5122 1680 5174 ἐν
1712 5100 1850 5193 -βλε-

269 5193 467 5264 φάροις
489 5196 802 5264 ἐξετάσεσιν
825 5201 994 5256 αὐτοῦ
1018 5204 1329 5277 ἀνακρίνων
1361 5211 1454 5264 καὶ
1477 5216 1846 5285 κατακρίνων,

268 5289 669 5360 κωτεπαίρεται
689 5291 897 5347 τούτων
924 5294 1000 5360 ὡς
1031 5297 1354 5369 ἐλαχίστων.

340 5400 422 5456 ιδ’.
467 5405 767 5474 "Euros-or
799 5409 1014 5474 κακὸν,
1053 5414 1352 5484 μαχαίρας
1385 5417 1530 5486 τοὺς
1596 5421 1848 5490 ὀδόντας

267 5491 424 5558 ἔχει,
458 5494 562 5547 και
593 5496 698 5562 τὰς
723 5499 947 5566 μύλας,
979 5504 1227 5572 τομίδας
1251 5544 1267 5570 ,
1301 5505 1460 5563 ὥστε
1489 5512 1850 5569 ἀναλίσκειν

269 5583 370 5637 καὶ
393 5589 734 5643 κατεσθίειν
758 5591 900 5658 τοὺς
929 5597 1255 5663 ταπεινοὺς
1280 5599 1400 5653 ἀπὸ
1433 5601 1548 5670 τῆς
1583 5604 1717 5674 γῆς,
1751 5608 1848 5660 καὶ

269 5675 409 5742 τοὺς
451 5677 720 5748 πένητας
751 5684 954 5739 αὐτῶν
987 5687 1056 5752 ἐξ
1085 5689 1433 5759 ἀνθρώπων.
1497 5695 1558 5747 '0
1604 5697 1848 5764 τοιοῦτος

277 5766 382 5828 διὸς
411 5767 603 5839 λόγους
635 5775 952 5847 προσφέρει,
998 5778 1157 5850 δίκην
1189 5783 1476 5854 μαχαιρῶν
1521 5789 1639 5850 ταῖς
1665 5789 1844 5843 διαϐο-

1971 595 2116 634 cere.

2041 711 2313 768 Constitue
2342 721 2517 768 autem
2553 712 2682 766 mihi
2709 728 2825 782 quae
2851 719 2974 766 sunt
3003 711 3301 765 necessaria
3325 718 3372 764 et
3405 709 3551 777 suffl-

1967 803 2179 858 eientia.
2219 803 2398 858 Simul"
2426 813 2606 858 autem
2641 804 2916 859 constitue
2946 803 3079 856 mihi
3116 803 3369 857 veritatis
3411 816 3555 872 prae-

1965 901 2120 964 cepta
2146 909 2269 964 quae
2301 894 2602 959 intellectui
2655 893 2851 948 animae
2917 906 3050 946 meae
3108 893 3464 956 conveniunt,
3499 895 3554 945 et

1970 993 2194 1054 propter
2235 984 2470 1039 salutem
2503 985 2627 1053 ejus
2651 984 2719 1038 de
2745 983 3066 1052 operatione
3098 981 3366 1035 virtutum
3400 980 3553 1035 labo-

1969 1093 2056 1132 res
2097 1091 2219 1146 quae
2247 1077 2500 1146 corporis
2541 1077 2645 1130 mei
2676 1075 2886 1130 viribus
2913 1072 3212 1136 sulliciunt,

2040 1186 2203 1244 Vens.
2237 1187 2292 1243 9.
2326 1187 2408 1242 Ille
2465 1204 2740 1243 saturatas
2781 1192 3010 1241 mendax
3041 1191 3174 1257 [iam
3220 1194 3269 1240 et
3327 1184 3506 1238 dicam
3533 1199 3553 1239 :

1965 1276 2093 1344 Quis
2148 1295 2229 1333 me
2282 1278 2462 1334 videt?
2496 1286 2590 1331 aut
2635 1293 2785 1348 egens
2845 1277 2989 1344 furer
3040 1284 3089 1330 et
3139 1275 3403 1344 perjurem
3455 1289 3552 1326 no-

1963 1386 2080 1423 men
2137 1369 2249 1424 Dei.
2285 1368 2361 1423 Ne
2403 1369 2864 1438 praetergrediens
2919 1367 3214 1422 terminum
3247 1373 3301 1419 et
3329 1379 3553 1419 mensu-

1961 1475 2079 1515 ram
2126 1460 2258 1516 boni
2294 1461 2516 1516 virtutis
2545 1502 2558 1525 ,
2591 1474 2619 1512 a
2674 1474 2805 1514 vero
2835 1473 3004 1528 scopo
3037 1457 3341 1514 secundum
3381 1455 3551 1510 Deum

1965 1552 2239 1616 excidam,
2278 1560 2504 1622 propter
2542 1551 2730 1606 laudes
2762 1551 3047 1606 hominum
3085 1560 3138 1605 et
3172 1566 3281 1604 non
3331 1556 3553 1618 propter

1968 1639 2158 1706 Deum,
2198 1641 2492 1697 immodice
2548 1641 2871 1695 incumbens
2920 1640 3141 1694 virtutis
3209 1637 3549 1708 operationi:

1962 1732 2088 1787 inde
2112 1746 2333 1804 pravam
2366 1732 2562 1786 anima:
2592 1747 2724 1787 meae
2771 1731 3189 1801 dispositionem
3221 1731 3507 1784 occultans
3532 1769 3548 1796 ,

1963 1823 2131 1878 latere
2157 1821 2384 1877 videbor
2405 1822 2514 1888 ;vel
2549 1837 2616 1876 ne
2645 1836 2675 1874 a
2699 1821 2936 1876 termino
2972 1836 3036 1874 ac
3059 1835 3316 1877 mensura
3336 1818 3551 1874 virtutis

1959 1913 2215 1968 consulto
2241 1913 2408 1968 Deum
2473 1913 2658 1967 debito
2716 1912 2866 1966 cultu
2919 1913 3148 1982 spoliem
3188 1954 3202 1977 ,
3267 1911 3420 1966 carni
3497 1918 3550 1964 et

1959 2005 2164 2056 mundo
2211 2003 2456 2057 serviens
2489 2045 2502 2068 ,
2557 2014 2612 2058 et
2668 2003 2884 2058 ventris
2953 2019 3017 2057 ac
3069 1991 3362 2056 libidinum
3429 2017 3547 2057 ser-

1959 2097 2132 2150 vitute
2159 2095 2442 2161 delecter,
2483 2103 2729 2150 ventrem
2766 2093 2935 2150 Deum
2989 2103 3274 2164 reputans.

2031 2395 2198 2451 Vitas.
2242 2395 2330 2450 ιο.
2367 2393 2450 2448 Νε
2479 2395 2664 2448 tradas
2687 2393 2950 2463 famulum
2978 2394 3034 2446 in
3071 2407 3262 2445 manus
3302 2389 3548 2468 Domini,

1971 2505 2034 2544 ne
2064 2488 2280 2559 quando
2308 2486 2595 2540 maledicat
2633 2497 2680 2540 te
2709 2498 2758 2540 et
2797 2485 3046 2540 delearis.
3081 2483 3311 2538 Diabolo
3341 2483 3549 2535 animap

1958 2595 2078 2633 rum
2123 2589 2436 2635 nostrarum
2471 2586 2728 2650 tyranno,
2761 2594 2885 2633 eum
2923 2577 3015 2647 qui
3047 2583 3276 2647 peccato
3330 2576 3496 2632 servit
3528 2613 3545 2640 ,

1955 2678 2010 2726 et
2061 2671 2394 2742 negligenter
2424 2670 2560 2725 illud
2621 2670 2810 2741 fugere
2879 2676 3128 2734 conatur,
3189 2683 3259 2723 ne
3312 2667 3546 2730 tradas,

1955 2769 2165 2838 pellens
2191 2782 2316 2821 eum
2358 2767 2412 2821 in
2492 2766 2931 2836 desperationem
2971 2803 2986 2830 ,
3023 2778 3418 2834 exponensque
3479 2764 3546 2816 ad

1955 2859 2254 2913 vindictam
2289 2857 2383 2912 Dei
2415 2858 2803 2911 universorum
2854 2855 3069 2909 Domini
3117 2893 3130 2918 ,
3167 2870 3237 2909 ne
3305 2853 3373 2910 ab
3429 2854 3549 2923 ipso

1955 2950 2186 3005 audias:
2220 2949 2298 3005 Ite
2327 2964 2357 3005 a
2391 2964 2497 3015 me,
2534 2947 2832 3013 maledicti,
2860 2954 2913 3004 et
2930 2945 3244 3016 projiciaris
3284 2945 3340 3000 in
3400 2954 3546 3000 tene-

1957 3042 2088 3096 bras
2113 3041 2427 3096 exteriores
2457 3039 2594 3110 quia
2643 3040 2764 3094 sine
2811 3036 3192 3094 misericordia
3242 3035 3424 3106 perire
3471 3037 3546 3089 si-

1955 3132 2080 3186 visti
2113 3146 2236 3186 eum
2267 3132 2362 3201 qui
2401 3131 2632 3187 salutem
2677 3120 2962 3186 esuriebat
2998 3135 3054 3184 ct
3084 3128 3281 3184 salutis
3314 3129 3545 3184 verbum

1959 3222 2182 3277 sitiebat
2208 3223 2424 3277 audire.

2032 3531 2196 3586 Vens.
2243 3531 2327 3590 ll.
2373 3530 2546 3586 Filius
2581 3530 2754 3584 malus
2780 3538 2983 3598 patrem
3007 3527 3298 3593 maledicit,
3321 3534 3542 3579 matrem

1960 3633 2137 3678 autem
2167 3641 2270 3677 non
2301 3623 2583 3677 benedicit.
2619 3622 2858 3678 Odiosus
2897 3621 3044 3677 enim
3089 3621 3233 3675 ﬁlius
3271 3633 3382 3673 non
3407 3633 3544 3672 con-

1957 3717 2121 3766 vertit
2162 3728 2257 3782 per
2295 3713 2678 3781 pmnitentiam
2717 3712 2785 3766 ad
2814 3711 2984 3767 Deum
3026 3712 3118 3782 qui
3179 3711 3334 3766 illum
3373 3711 3542 3763 tilium

1964 3801 2114 3866 fecit,
2147 3804 2388 3857 creando
2427 3818 2550 3858 eum
2596 3803 2662 3857 ad
2704 3803 2996 3872 imaginem
3025 3813 3077 3857 et
3124 3801 3541 3858 similitudinem

1957 3907 2135 3958 suam,
2163 3893 2258 3947 sed
2297 3894 2579 3962 proprium
2601 3901 2810 3964 patrem
2838 3901 2896 3946 ut
2925 3892 3124 3947 durum
3153 3893 3541 3948 calumniatur.

1954 3980 2238 4037 Nutricem
2271 3991 2451 4038 autem
2485 3968 2680 4038 animm
2733 3998 2881 4049 suae,
2947 3982 3187 4038 divinam
3256 3983 3374 4052 ejus
3412 3985 3545 4039 doc-

1957 4071 2157 4126 trinam
2193 4086 2302 4126 non
2336 4072 2524 4144 laudat
2547 4115 2562 4139 ,
2598 4080 2790 4144 utpote
2817 4083 3038 4129 servatu
3068 4071 3363 4128 dilﬁcilcm.

2030 4265 2195 4324 Vens.
2235 4268 2316 4323 12.
2348 4267 2528 4324 Filius
2556 4272 2731 4326 malus
2755 4270 2969 4340 justum
3001 4288 3056 4326 se
3073 4270 3306 4342 iudicat,
3342 4271 3542 4325 exitum

1955 4370 2073 4408 vero
2116 4372 2271 4410 suum
2305 4372 2408 4410 non
2441 4357 2589 4411 lavit.
2637 4357 2790 4412 Talis
2831 4357 2977 4413 illius
3009 4358 3214 4413 virtute
3254 4357 3539 4428 praeditum

1953 4461 2074 4500 sese
2105 4453 2287 4516 putat;
2315 4449 2523 4503 exitum
2555 4458 2737 4504 autem
2789 4447 2916 4503 vita:
2973 4463 3088 4505 suae
3132 4463 3242 4504 non
3286 4447 3539 4519 puriﬁcat

1882 4513 1930 4572 D
1956 4548 1987 4588 a
2021 4543 2370 4603 peccatorum
2398 4537 2650 4593 maculis.

2024 4719 2190 4778 Vens.
2231 4723 2318 4778 1⁵5.
2361 4723 2540 4780 Filius
2587 4728 2760 4782 malus
2809 4729 3060 4786 sublimes
3108 4729 3288 4785 oculos
3339 4727 3494 4784 habet
3522 4766 3536 4790 ,

1951 4810 2217 4878 palpebris
2251 4820 2425 4866 autem
2453 4813 2564 4868 suis
2593 4817 2887 4871 extollitur.
2923 4815 3095 4873 Filius
3119 4817 3262 4880 talis,
3286 4816 3541 4886 ignorans

1953 4899 2231 4966 propriam
2263 4899 2662 4968 inlirn'iitatem,
2696 4903 2752 4957 in
2789 4905 3201 4960 meditationem
3221 4900 3538 4977 eﬂ‘renatam

1953 4997 2075 5038 sese
2123 4982 2354 5039 eﬂitndit
2389 5004 2401 5040 :
2439 4995 2493 5042 et
2542 4987 2820 5044 levissima
2862 4999 3089 5060 peccata
3141 4987 3417 5057 proximi,
3455 4987 3540 5040 in-

1952 5073 2348 5142 quisitionibus
2380 5081 2439 5129 ut
2487 5077 2540 5130 in
2588 5078 2863 5148 palpebris
2905 5085 3162 5131 scrutans
3191 5091 3256 5134 ac
3279 5077 3540 5150 judicans

1953 5159 2214 5218 adversus
2241 5177 2336 5218 eos
2357 5173 2544 5233 utpote
2575 5165 2834 5219 minimos
2866 5164 3177 5220 extollitur.

2025 5359 2194 5416 Vens.
2229 5362 2315 5414 Η.
2353 5360 2526 5415 Filius
2566 5362 2738 5416 malus
2777 5361 2985 5434 gladios
3026 5361 3209 5418 dentes
3244 5361 3438 5429 habet,
3487 5374 3538 5417 et

1961 5449 2158 5502 cultros
2206 5449 2400 5512 molas,
2438 5458 2498 5502 ut
2542 5459 2821 5503 consumat
2870 5459 2920 5504 et
2937 5451 3178 5504 comedat
3205 5450 3429 5505 humiles
3475 5451 3539 5503 de

1953 5543 2193 5593 terra.et
2216 5550 2471 5602 pauperes
2487 5552 2670 5590 eorum
2709 5552 2775 5611 ea:
2791 5536 3111 5591 hominibus.
3141 5536 3315 5592 Filius
3347 5533 3537 5591 isduso

1951 5621 2095 5675 modi
2158 5636 2448 5679 sermones
2502 5623 2714 5691 profert
2769 5624 2876 5692 qui-
2919 5625 3211 5680 calumniis
3258 5625 3397 5679 sicut
3420 5624 3538 5693 gl‘a-

1954 5709 2026 5761 dii
2082 5709 2331 5763 homines
2376 5711 2614 5775 laedunt,
2651 5720 2709 5765 et
2762 5711 3124 5782 cogitationes
3183 5711 3537 5777 circumfert,

1959 5812 2079 5865 quae
2107 5800 2264 5866 quasi
2309 5797 2500 5856 dentes
2541 5801 2777 5858 molares
2814 5811 3024 5858 secreto
3065 5801 3360 5855 fraternam
3398 5797 3538 5852 ami-
