3900 6228
458 362 592 430 1527

1781 362 2135 425 PROCOPII
2174 363 2417 424 GAZIBI

3573 358 3688 421 1.333

449 472 642 526 sitiam
695 480 1037 537 acerant,ut
1075 471 1309 541 perdant
1340 480 1393 526 et
1439 470 1733 527 comedam
1783 471 2022 528 humiles

2151 473 2246 534 ,αῖς
2312 467 2716 541 τιτρώσκοντας
2794 468 3153 540 ἀνθρώπους·
3212 485 3304 524 και
3365 464 3693 539 διανοήματα

453 577 657 631 eosque
686 578 717 618 c
748 572 890 617 terra
915 578 1135 632 prorsus
1167 562 1440 619 aboleant.

2130 562 2451 633 περιφέρει,
2486 560 2644 631 δίκην
2692 560 2800 616 τῶν
2829 561 3141 630 ἀληθόντων
3192 560 3421 630 ἀφανῶς
3460 560 3689 622 ὀδόντων,

452 654 693 725 τμητικὰ
741 655 838 725 τῆς
889 654 996 707 τῶν
1038 654 1292 724 ὁμοφυῶν
1339 654 1724 727 ἀλληλουχίας·
1769 658 1847 721 ὡς
1896 655 2228 726 διαφθείρειν
2266 655 2361 709 καὶ
2405 654 2733 727 βιϐρώσκειν
2788 655 2915 719 τοὺς
2944 654 3187 718 εὐτελεῖς
3219 653 3324 707 τῶν
3362 653 3692 725 ἀνθρώπων,

454 746 750 801 κάντεῦθεν
787 746 1008 808 τούτους
1055 746 1237 799 τέλεον
1275 746 1373 816 τῆς
1421 750 1523 818 γῆς
1550 748 1919 825 ἐξαφανίζειν.

528 838 690 892 Vens.
719 836 805 892 15.
846 836 1198 908 Sanguisugw
1235 846 1337 893 tres
1368 847 1519 892 erant
1564 838 1727 907 ﬁlice,
1755 838 2037 893 dilectione

455 929 678 992 d5icctw,
706 938 753 982 et
780 938 883 983 tres
914 929 1044 997 ipsa:
1075 946 1179 984 non
1201 938 1573 985 saturaverunt
1598 938 1805 997 eam,et
1833 939 2039 1001 quarta:

454 1038 555 1073 non
583 1021 767 1089 sumsit
803 1021 995 1085 dicere,
1024 1020 1168 1076 Satis
1201 1031 1298 1076 est.
1337 1021 1463 1078 Post
1489 1023 1720 1091 primam
1757 1030 2039 1093 trangres-

454 1113 701 1174 sionem,
732 1113 1070 1167 irrationalis
1102 1128 1167 1166 ac
1199 1129 1400 1182 pravus
1441 1114 1825 1184 cujuscunque
1876 1129 2040 1185 appe-

453 1201 606 1261 titus,
639 1204 829 1271 genuit
854 1203 1009 1273 quasi
1041 1212 1154 1259 tres
1187 1203 1325 1260 tilias
1354 1205 1587 1260 maxime
1608 1205 2037 1274 desiderabiles;

454 1289 823 1359 igtlnranllam
850 1295 1070 1363 quidem
1115 1294 1169 1347 in
1201 1296 1437 1359 ratione,
1466 1311 1706 1350 amorem
1737 1296 1822 1352 sui
1855 1297 1909 1351 in
1940 1312 2039 1368 ap-

454 1384 624 1452 petitu
676 1384 1098 1453 concupiscibili
1152 1393 1205 1440 et
1256 1386 1310 1440 in
1364 1388 1606 1457 appetitu
1666 1386 1931 1443 irascibili
1982 1388 2040 1444 in

451 1476 767 1545 proxinmm
809 1477 1197 1547 tyrannidem;
1244 1477 1345 1533 tria
1383 1479 1643 1545 maxima,
1686 1479 1754 1535 ab
1806 1480 2038 1535 invicem

448 1568 767 1637 pendentia,
800 1569 1061 1637 pessima,
1085 1584 1148 1623 ac
1180 1585 1290 1625 uno
1321 1569 1487 1625 verbo
1530 1570 1713 1626 omnis
1756 1571 2045 1641 pravitatis

451 1655 607 1725 origo
634 1674 649 1723 ;
680 1658 808 1726 quia
836 1673 864 1712 a
908 1657 1019 1713 Deo
1050 1666 1304 1713 avertunt
1331 1677 1345 1713 :
1382 1660 1693 1731 ignorantia
1720 1701 1736 1728 ,
1765 1676 1795 1715 a
1834 1659 1942 1716 Deo
1983 1677 2045 1733 ιιι

452 1761 669 1802 summo
688 1750 1069 1819 cognoscendo
1090 1766 1239 1816 vero;
1263 1766 1415 1806 amor
1429 1752 1537 1818 sui,
1557 1766 1585 1805 a
1602 1752 1733 1817 Deo,
1755 1760 1811 1806 ut
1830 1768 2045 1809 summo

449 1839 597 1893 bono
627 1842 965 1911 appetendo;
1009 1844 1255 1914 tyrannis
1304 1844 1547 1911 tandem,
1587 1859 1709 1914 qua:
1733 1854 1921 1901 mutua
1962 1852 2046 1900 est

451 1932 485 1985 d
510 1934 777 1997 'strttctin,
811 1935 971 1988 ruina
1004 1942 1086 1990 est
1118 1935 1314 1991 iterum
1348 1936 1654 2006 corporalis
1680 1936 2043 1992 sustentatio-

454 2025 578 2086 nis,
617 2039 780 2091 quam
830 2025 1046 2080 videtur
1088 2042 1445 2097 oppugnare,
1474 2028 1777 2098 appetitum
1820 2026 2044 2083 irratio-

2213 846 2293 895 ιε’.
2323 838 2401 909 Τῇ
2419 837 2657 908 ,ϐδέλλῃ
2678 837 2833 907 τρεῖς
2858 835 3175 908 θυγατέρες
3204 831 3388 909 ἦσαν,
3410 832 3694 905 ἀγαπήσει

2138 932 2550 1003 ἀταπώμεναν
2584 930 2685 985 καὶ
2713 934 2772 986 αἱ
2794 929 2952 1000 τρεῖς
2982 925 3164 987 αὗται
3191 932 3302 985 οὐκ
3338 927 3695 998 ἐνεμπίπλα-

2137 1040 2260 1079 σαν
2295 1024 2491 1091 αὐτήν
2510 1040 2524 1054 ’
2579 1022 2678 1077 καὶ
2710 1024 2747 1092 ή
2767 1024 3013 1091 τετάρτη
3066 1024 3178 1078 οὐκ
3216 1021 3490 1091 ἠρκέσθη
3522 1019 3695 1074 ειπεῖν

2142 1115 2372 1171 ἱκανόν.
2398 1115 2465 1169 Ἥ
2496 1114 2633 1186 μετὰ
2658 1114 2757 1186 τὴν
2774 1113 2999 1186 πρώτην
3025 1113 3361 1185 παράϐασιν,
3384 1113 3549 1166 ἄλλου
3571 1110 3696 1171 τινὸς

2143 1208 2294 1280 παρὰ
2341 1208 2443 1278 τὴν
2497 1207 2676 1262 αἰτίαν
2721 1207 3007 1275 ἀλόγιστος
3040 1206 3250 1276 ἔφεσις,
3284 1207 3579 1269 ἀπέτεκεν,
3620 1200 3696 1257 οἷά

2140 1315 2266 1352 τινα
2288 1297 2415 1369 τρία
2441 1295 2710 1368 θυγάτρια
2734 1296 3107 1350 ποθεινόταταο
3132 1297 3232 1368 τὴν
3256 1296 3358 1365 μὲν
3377 1297 3620 1365 ἄγνοιαν,
3636 1293 3699 1363 τῷ

2140 1388 2432 1459 λογιστικῷ
2456 1389 2553 1458 τῆς
2590 1388 2769 1459 ψυχῆς
2789 1405 2805 1421 ο
2831 1388 2930 1460 τὴν
2963 1389 3021 1443 δὲ
3063 1389 3375 1459 φιλαυτίαν,
3406 1388 3490 1457 τῷ
3529 1388 3696 1440 ὲπιθυο

2146 1479 2364 1554 μητικῷ
2385 1498 2397 1511 ’
2430 1480 2523 1534 καὶ
2545 1479 2642 1550 τὴν
2675 1481 2817 1534 κατά
2858 1479 2967 1533 τῶν
2996 1479 3254 1550 ὁμοφυῶν
3302 1496 3368 1533 τυ
3380 1478 3617 1550 ραννὶδα,
3634 1477 3697 1548 τῷ

2144 1568 2364 1641 θυμικῴ
2382 1584 2397 1600 ·
2427 1570 2498 1623 τὰ
2530 1568 2778 1639 ἀλλήλων
2803 1567 3149 1639 ἐξηρτημένα
3179 1567 3306 1637 τρία
3336 1566 3592 1636 μέγιστα,
3621 1565 3696 1618 καὶ

2143 1661 2450 1733 ἀρχέκακα,
2511 1660 2606 1715 καὶ
2644 1660 2826 1729 πάσης
2880 1658 3069 1722 ἁπλῶς
3117 1660 3291 1711 εἰπεῖν
3336 1657 3545 1719 κακίας
3577 1672 3696 1725 παρ-

2145 1756 2327 1811 αίτιαο
2361 1753 2485 1806 ἐπεὶ
2517 1752 2564 1806 δ’
2610 1752 2902 1823 άποτυχίαι
2937 1752 3046 1806 εἰσὶ
3098 1750 3231 1806 Θεοῦ
3255 1768 3269 1783 ·
3298 1751 3331 1821 ἡ
3369 1751 3473 1820 μὲν
3508 1750 3691 1817 ἄγνοια,

2144 1845 2219 1906 ὡς
2246 1843 2517 1914 ἀλαθήτου
2557 1843 2834 1912 γνωστοῦ·
2872 1842 2991 1914 ἡδὲ
3038 1842 3315 1912 φιλαυτία,
3362 1839 3444 1904 ὡς
3495 1840 3694 1908 ἐσχάτου

2145 1934 2371 2006 ὀρεκτοῦ
2396 1950 2411 1967 ο
2451 1934 2485 2003 ἡ
2516 1932 2573 1985 δέ
2608 1948 2672 2001 γε
2711 1933 2966 2005 τυραννὶς
3013 1932 3189 2003 φθορὰ
3220 1927 3360 1985 οῦσα
3416 1928 3693 1998 διὰλληλος,

2148 2024 2421 2096 ἀποτυχία
2447 2021 2613 2078 πάλιν
2636 2023 2756 2077 ἐστὶ
2786 2024 2885 2094 τῆς
2925 2024 3244 2094 σωματικῆς
3281 2022 3614 2089 συστάσεως,
3642 2013 3695 2088 ἧς

454 2113 632 2166 ualent
670 2114 791 2170 illas
821 2118 1121 2185 parientem
1158 2118 1363 2173 satiare
1400 2118 1527 2189 jure
1556 2133 1667 2173 non
1696 2118 1918 2183 valens,
1956 2125 2041 2172 ut-

2151 2117 2238 2173 καὶ
2259 2116 2412 2170 δοκεῖ
2436 2114 2971 2185 ὑπεραγωνῐζεσθαι,
2999 2110 3226 2177 εἰκότως
3258 2113 3361 2183 τὴν
3410 2110 3604 2173 ταύτας
3625 2124 3695 2162 τε·

454 2214 581 2272 pote
641 2205 797 2276 quasi
854 2208 1181 2278 sanguisuga
1231 2209 1600 2263 insatiabilem
1653 2209 2033 2265 exsistentetn.

453 2291 667 2350 Idcirco
705 2303 760 2351 et
803 2298 891 2350 illa
940 2313 1059 2366 quae
1100 2314 1223 2353 cum
1272 2300 1398 2356 ﬁliis
1442 2309 1700 2370 quartum
1746 2317 2036 2356 numerum

454 2387 729 2458 complet,
763 2403 872 2443 non
905 2390 1168 2455 satiatur,
1206 2393 1279 2447 ita
1312 2400 1371 2447 ut
1403 2408 1432 2447 a
1457 2402 1612 2448 motu
1646 2401 1839 2450 contra
1877 2403 2039 2447 natu-

456 2492 574 2533 ram
627 2482 928 2544 abstineat.
968 2482 1143 2538 donec
1187 2486 1404 2541 ratione
1454 2487 1684 2542 subacta
1727 2485 1793 2540 ad
1822 2502 1886 2541 ea
1917 2501 2041 2556 qua;

460 2579 591 2625 sunt
616 2588 778 2643 supra
816 2584 1068 2628 naturam
1111 2590 1171 2631 se
1221 2588 1541 2640 convertat,
1580 2579 1671 2634 ubi
1704 2578 1919 2634 tandem
1952 2593 2041 2633 sa-

457 2662 708 2729 tiabitur,
742 2665 964 2735 quando
991 2664 1195 2722 videbit
1227 2667 1392 2723 homo
1419 2668 1649 2739 gloriam
1688 2668 1805 2725 Dei.

529 2933 695 2993 Visus.
728 2940 810 2995 l6.
838 2938 1121 3011 Infernus,
1158 2951 1209 2997 et
1232 2958 1384 2997 amor
1432 2944 1673 2998 mulieris
1695 2983 1709 3007 ,
1769 2950 2009 2996 tartarus
2029 2980 2043 3005 ,

458 3034 506 3078 et
540 3037 683 3080 terra
713 3044 830 3097 qua:
871 3044 974 3083 non
1017 3030 1252 3083 satiatur
1276 3046 1416 3100 aqua
1441 3068 1457 3093 ,
1508 3046 1648 3100 aqua
1674 3039 1725 3084 et
1757 3030 1894 3099 ignis
1939 3045 2046 3083 non

457 3122 630 3174 dicent
657 3162 672 3186 ,
705 3119 853 3175 Satis
884 3134 981 3177 est.
1015 3121 1204 3192 Neque
1229 3124 1371 3177 enim
1406 3124 1712 3178 animarum
1745 3132 1920 3179 status
1954 3124 2047 3193 qui

456 3221 583 3281 post
619 3214 1022 3283 separationcm
1074 3227 1262 3268 earum
1305 3214 1360 3268 in
1393 3214 1720 3284 corporibus
1753 3214 2050 3268 habitatio-

455 3318 579 3358 nem
612 3305 859 3374 sequitur
897 3312 951 3360 et
977 3303 1111 3377 ᾅδης
1143 3304 1437 3377 (infernus)
1465 3314 1711 3373 vocatur,
1745 3314 1935 3377 utpote
1966 3306 2052 3361 in-

453 3395 722 3462 visibilis,
743 3396 871 3466 quia
902 3396 1105 3452 ibidem
1140 3397 1335 3451 animm
1361 3412 1463 3451 nec
1489 3395 1789 3466 quidquam
1824 3410 2055 3466 operan-

2138 2207 2340 2263 κοῦσαν
2398 2206 2713 2278 παράλογον
2778 2206 2964 2275 ἔφεσιν
3011 2205 3239 2275 κορέσαι
3297 2204 3403 2257 οὐκ
3461 2204 3692 2271 ἴσχυσαν,

2146 2298 2446 2369 ἀκόρεστον
2473 2297 2633 2366 δίκην
2670 2294 2893 2366 βδέλλης
2926 2294 3303 2365 ὑπάρχουσαν·
3329 2292 3413 2347 διὸ
3441 2291 3535 2344 καὶ
3560 2287 3690 2357 αὐτὴ,

2140 2394 2173 2462 ἡ
2208 2391 2347 2461 μετὰ
2368 2390 2478 2443 τῶν
2506 2388 2566 2455 ἐξ
2589 2388 2759 2459 αὐτῆς
2779 2384 3066 2459 πληροῦσα
3087 2386 3178 2439 τὸν
3199 2384 3450 2456 τέσσαρα
3468 2380 3690 2453 ἀριθμὸν.
3732 2404 3750 2427 ι

2140 2482 2241 2535 οὐκ
2284 2480 2615 2551 ὲχορτάσθη,
2667 2479 2811 2532 ὥστε
2844 2476 3182 2547 ἀποσχέσθαι
3223 2476 3329 2546 τῆς
3375 2473 3528 2545 παρὰ
3557 2471 3692 2541 φύσιν

2142 2573 2415 2641 κινήσεως
2434 2588 2448 2603 ο
2476 2570 2584 2635 ἓως
2615 2570 2679 2624 ἂν
2710 2569 2883 2641 αὐτὴν
2910 2566 3289 2631 καθυποτάξας
3319 2569 3349 2619 ὁ
3374 2565 3553 2631 λόγος,
3581 2560 3691 2632 πρὸς

2141 2665 2211 2719 τὰ
2244 2665 2384 2736 ὑπὲρ
2416 2662 2582 2733 φύσιν
2620 2662 2801 2732 ἀγαθὰ
2827 2659 3092 2730 φέρεσθαι
3132 2658 3404 2723 πείσειεν,
3434 2658 3565 2711 ὅπου
3587 2654 3690 2706 ποτὲ

2144 2756 2600 2828 χορτασθήσεται,
2652 2756 2710 2808 ὲν
2766 2753 2845 2825 τῷ
2886 2752 3121 2825 ὀφθῆναι
3165 2750 3245 2822 τῷ
3294 2749 3570 2823 ἀνθρώπῳ
3613 2746 3690 2817 τὴν

2144 2847 2303 2913 δόξαν
2335 2848 2430 2902 τοῦ
2467 2846 2624 2902 Θεοῦ.

2221 2938 2315 3004 ις’.
2339 2938 2543 3010 ᾍδης,
2564 2940 2662 2995 καὶ
2684 2941 2833 3009 ἔρως
2852 2937 3158 3009 γυναικὸς,
3177 2936 3275 2991 καὶ
3292 2935 3593 3006 τάρταρος,
3615 2926 3688 2983 καὶ

2148 3029 2226 3099 τῆ
2242 3031 2354 3085 οὐκ
2375 3029 2796 3101 ἐμπιπλαμένη
2815 3031 3055 3096 ὕδατος,
3074 3028 3171 3082 καὶ
3190 3028 3350 3096 ὕδωρ
3376 3026 3477 3081 καὶ
3500 3019 3687 3089 πῆρβύ

2146 3122 2231 3193 μὴ
2266 3122 2518 3177 εῐπωσιν
2546 3123 2757 3192 Ἀρκεῖ.
2780 3122 2917 3177 Οὔτε
2946 3123 3102 3194 γὰρὴ
3124 3120 3220 3192 τὴν
3241 3123 3299 3173 ὲν
3325 3118 3540 3189 σώμασι
3552 3112 3684 3169 κατά·

2154 3231 2346 3269 στασιν
2377 3215 2488 3269 τῶν
2510 3214 2720 3285 ψυχῶν,
2756 3214 2897 3285 μετὰ
2935 3213 3025 3266 τὸν
3069 3211 3276 3265 τούτων
3303 3207 3580 3280 χωρισμὸν
3601 3204 3685 3256 δια·

2153 3306 2415 3378 δεχομένη
2474 3307 2831 3370 κατάστασις,
2863 3306 2986 3376 ἣτις
3009 3304 3141 3376 ᾅδης
3182 3301 3434 3356 καλεῖται
3474 3299 3546 3361 ὡς
3577 3297 3687 3362 utpa-

2158 3398 2274 3468 νὴς,
2306 3396 2395 3451 διὰ
2432 3397 2492 3450 τὸ
2548 3398 2608 3451 ἐν
2645 3398 2806 3467 αὐτῇ,
2847 3395 2973 3467 μήτ’
3025 3394 3294 3466 ἐνεργεῖν,
3328 3392 3469 3462 μήτε
3498 3389 3689 3455 πάσχειν

458 3488 582 3550 lur,
620 3503 723 3543 nec
757 3487 988 3558 jucundi
1029 3498 1126 3544 aut
1176 3490 1395 3544 molesti
1440 3489 1569 3559 quid
1617 3491 1899 3558 patiuntur
1925 3503 2042 3543 cum

2156 3489 2327 3552 αὐτὰς
2370 3486 2509 3559 μετὰ
2541 3488 2810 3559 σωμάτων
2837 3488 2907 3540 τὰ
2943 3486 3075 3558 ἡδέα
3107 3487 3215 3539 εἴτε
3249 3481 3508 3555 λυπηράο
3536 3475 3687 3542 οῦτεή

454 3581 819 3648 corporibus;
868 3596 1047 3651 neque
1085 3581 1356 3656 sensualis
1388 3588 1445 3635 et
1500 3579 1841 3635 irrationalis
1870 3595 2047 3646 amor,

454 3671 547 3739 qui
593 3671 805 3727 animas
850 3672 1071 3742 quidem
1099 3672 1326 3726 dimittit
1361 3671 1414 3725 in
1451 3669 1722 3726 infernum
1746 3711 1762 3736 ,
1815 3686 2049 3741 corpora

455 3770 636 3817 autem
660 3765 713 3817 in
744 3770 978 3833 quatuor
1003 3764 1269 3818 elementa
1293 3763 1575 3825 dissolvit,
1608 3763 1765 3832 quasi
1792 3777 1890 3833 per
1920 3777 2041 3817 eam

456 3852 522 3905 ad
556 3861 784 3907 mortem
813 3854 1104 3909 damnatus
1138 3852 1303 3909 fuerit
1349 3854 1540 3920 homo;
1580 3868 1757 3923 neque
1810 3869 1875 3908 ex
1914 3867 2050 3923 qua.

456 3953 582 3999 tuor
625 3944 746 4000 istis
791 3945 1076 4001 clementis
1107 3946 1192 4019 vel
1240 3960 1336 3999 aer
1370 3953 1681 4000 commotus
1712 3960 1776 4000 ac
1810 3945 2050 4001 turbans

458 4050 659 4104 aquas;
697 4035 780 4090 vel
824 4042 966 4089 terra
1016 4034 1171 4089 arida
1217 4034 1376 4104 aquis
1409 4049 1516 4089 non
1557 4033 1785 4104 irrigata
1816 4042 1872 4088 et
1916 4049 2052 4104 pro-

459 4128 635 4195 priam
688 4127 942 4196 rejiciens
988 4126 1340 4192 ariditatem;
1394 4126 1479 4180 vel
1535 4140 1677 4195 aqua
1735 4125 1890 4194 ipsa,
1959 4139 2053 4199 aut

458 4220 603 4286 ignis
634 4259 647 4285 ,
683 4227 869 4273 mutua
901 4218 1257 4287 corruptione
1281 4217 1700 4279 saturabuntur,
1734 4215 2048 4286 usquedum

461 4311 514 4363 in
546 4310 954 4365 resurrectione
978 4308 1303 4375 universali,
1330 4307 1671 4378 incorruptio
1690 4314 1742 4361 et
1773 4306 2047 4363 stabilitas

462 4405 512 4452 et
542 4401 786 4458 omnium
818 4414 846 4452 a
879 4398 1173 4453 mutatione
1201 4397 1515 4454 immunitas
1547 4396 1826 4451 adveniat.

531 4487 700 4553 Vsus.
732 4490 817 4545 17.
857 4490 1081 4545 Oculum
1114 4491 1202 4561 qui
1233 4490 1528 4544 subsunnat
1567 4498 1770 4558 patrem
1794 4498 1842 4543 et
1865 4489 2044 4559 despi-

461 4580 531 4631 cit
561 4590 874 4634 senectutem
895 4583 1107 4645 matris,
1136 4581 1388 4650 effodiant
1423 4597 1540 4635 eum
1568 4581 1710 4633 corvi
1743 4580 1806 4634 de
1846 4589 2052 4634 torren-

464 4669 630 4735 tibus,
668 4680 717 4723 et
766 4672 1041 4724 comedunt
1080 4689 1196 4725 eum
1227 4671 1328 4736 ﬁlii
1369 4671 1581 4741 aquilte.
1617 4671 2047 4727 Intellectualem

462 4762 659 4816 anima:
686 4760 928 4827 oculum,
951 4765 1041 4831 qui
1089 4762 1259 4817 Deum
1296 4763 1541 4816 omnium
1572 4769 1855 4817 auctorem
1911 4776 2043 4816 con-

2157 3582 2277 3636 κατ’
2328 3582 2582 3652 αἴσθησιν
2634 3581 2826 3650 ἄλογος
2868 3580 3081 3651 δρεξιςτ
3098 3579 3220 3649 ἥτις
3266 3576 3366 3639 τὰς
3409 3575 3507 3645 μὲν
3545 3567 3689 3641 ψυχὰς

2157 3672 2519 3743 παραπέμπει
2551 3672 2629 3744 τῷ
2653 3672 2776 3744 ᾅδῃ,
2813 3670 2881 3724 τὰ
2915 3671 2973 3724 δὲ
3001 3669 3230 3740 σώματα
3260 3670 3341 3732 εἰς
3379 3666 3446 3720 τά
3487 3664 3689 3727 τέσσαρα

2156 3765 2383 3818 ἀναλύει
2406 3767 2672 3834 στοιχεῖα,
2704 3763 2779 3826 ὡς
2806 3762 2873 3816 δι’
2910 3761 3081 3832 αὐτὴν
3104 3759 3197 3813 τοῦ
3234 3757 3523 3829 ἀνθρώπου
3549 3766 3688 3807 mur

2157 3856 2441 3926 κριθέντος
2470 3855 2685 3927 θανάτῳ
2706 3872 2719 3884 ·
2745 3855 2869 3908 οὔτε
2893 3853 2998 3925 μὴν
3026 3853 3089 3917 ἐξ
3113 3851 3291 3907 αὐτῶν
3311 3850 3421 3903 τῶν
3448 3847 3687 3915 τεσσάραη

2157 3949 2459 4019 στοιχείων,
2492 3948 2525 4018 ἢ
2560 3948 2669 4017 ἀὴρ
2703 3945 3024 4016 κινούμενος
3058 3943 3154 3998 καὶ
3180 3942 3474 4015 ταράσσων
3500 3939 3563 3992 τὰ
3595 3936 3687 3989 ὕδι-

2157 4057 2246 4105 τα,
2273 4038 2307 4109 ἢ
2334 4040 2405 4108 γῆ
2443 4038 2583 4107 ξηρὰ
2623 4038 2699 4108 μὴ
2735 4038 2996 4107 δευομὲνη
3026 4038 3138 4098 τοῖς
3176 4034 3357 4097 ὕδασι,
3398 4033 3491 4087 καὶ
3517 4031 3604 4102 τὴν
3627 4028 3686 4081 ol-

2124 4130 2311 4185 ‘xeiav
2354 4128 2770 4199 ἀποϐαλλομὲνη
2822 4125 3182 4199 ξηρότητα,ἢ
3222 4126 3284 4179 τὸ
3327 4125 3474 4195 ὕδωρ
3500 4116 3684 4184 αὑτὸ,ῆ

2157 4221 2219 4274 τὸ
2246 4220 2378 4291 πῦρ,
2402 4220 2503 4290 τῆς
2534 4219 2819 4289 διαλλήλου
2856 4218 3064 4290 φθορᾶς
3094 4215 3585 4287 ὲμπλησθήσονται,
3606 4209 3684 4267 ἕως

2154 4311 2254 4381 τῆς
2283 4308 2501 4363 πάντων
2529 4308 2670 4363 κατὰ
2706 4308 2805 4378 τὴν
2847 4307 3141 4383 ἀνάστασιν
3168 4305 3475 4378 ἀφθαρσίας
3489 4302 3571 4357 καὶ
3598 4298 3685 4351 δια-

2158 4402 2346 4471 μονῆς,
2378 4399 2595 4470 καὶτῆς
2627 4397 2719 4451 τοῦ
2755 4397 3015 4469 φέρεσθαι
3057 4396 3318 4459 στάσεως.
3544 4390 3547 4393 ’

2229 4486 2315 4553 ιξὀ
2367 4487 2706 4559 Ὀφθαλμὸν
2730 4486 3151 4558 καταγελῶντα
3189 4484 3439 4555 πατρὸς,
3467 4481 3555 4537 καὶ
3589 4477 3681 4531 ἀτι-

2152 4577 2410 4650 μάζοντα
2436 4579 2625 4649 γῆρας
2658 4580 2905 4651 μητρὸς,
2929 4580 3310 4648 ἐκκόψαισαν
3340 4575 3521 4631 αὑτὸν
3547 4570 3681 4636 κόρα-

2155 4688 2259 4735 κες
2284 4670 2353 4725 ἐκ
2389 4669 2506 4724 τῶν
2536 4670 2875 4741 φαράγγων,
2910 4671 3010 4723 καὶ
3056 4667 3505 4736 καταφάγοισαν
3536 4656 3681 4713 αὑτὸν

2152 4760 2403 4816 νεοσσοὶ
2439 4761 2647 4817 ἀετῶν.
2680 4762 2886 4833 Νοερδν
2933 4761 3088 4834 ὖμμα
3128 4761 3326 4832 ψυχῆς,
3360 4745 3679 4824 καταφρονθῦν

461 4854 678 4918 temnit,
712 4861 1057 4923 veteremque
1091 4867 1155 4907 ac
1198 4853 1301 4922 ipsi
1333 4863 1660 4907 consternant
1692 4852 1927 4924 despicit
1961 4866 2042 4908 sa-

2151 4852 2242 4907 τοῦ
2288 4854 2505 4907 πάντων
2551 4854 2725 4908 αἰτίου
2776 4853 2951 4919 Θεοῦ,
2993 4855 3089 4907 καὶ
3128 4855 3228 4914 τὴν
3274 4849 3530 4904 ωναῖδιον
3564 4835 3678 4905 αὑτῷ

464 4946 744 5015 picutiatn,
783 4945 1167 4999 universorum
1196 4957 1443 5012 causam,
1469 4946 1800 4999 naturalium
1834 4955 1889 5000 et
1920 4956 2047 5001 tem-

466 5034 731 5101 puralium
756 5034 1093 5104 apparentiis
1119 5033 1461 5089 itnmorando
1484 5043 1539 5089 et
1565 5050 1674 5089 non
1697 5036 2047 5092 ascendendo

462 5129 529 5176 ad
562 5125 778 5179 illorum
813 5127 1078 5190 rationes,
1106 5139 1246 5195 quas
1270 5133 1395 5178 ante
1428 5126 1629 5181 szecula
1659 5127 1889 5183 salutari
1920 5142 2047 5183 con-

463 5218 589 5272 silio
621 5217 764 5273 Deus
803 5218 1087 5273 constituit
1114 5228 1172 5273 et
1202 5218 1505 5272 secundum
1541 5234 1679 5289 quas
1709 5219 2045 5273 creationem

461 5320 576 5364 tum
619 5310 912 5374 vis;bilem,
955 5319 1069 5365 tum
1122 5312 1451 5368 invisibilem
1492 5327 1521 5367 c
1553 5312 1728 5367 nihilo
1778 5310 2020 5366 condidit

462 5409 661 5455 cuncta
685 5404 827 5456 enim
859 5402 1071 5457 ratione
1100 5413 1157 5457 et
1177 5403 1448 5475 sapientia
1489 5406 1541 5457 iu
1578 5414 1823 5473 tempore
1848 5418 2053 5474 oppor-

461 5500 597 5546 tuno
626 5488 754 5545 fecit
771 5506 833 5547 ac
856 5493 1005 5557 facit,
1026 5495 1175 5548 illum
1204 5496 1423 5551 oculum
1448 5496 1806 5551 εκιτοςτιιιυιιι
1829 5495 2051 5565 quidem

460 5590 803 5636 terrenorum
833 5582 1028 5639 aﬂ‘ectu
1047 5586 1344 5644 immundae
1359 5603 1423 5641 ac
1451 5587 1662 5642 vitiosa:
1684 5587 2052 5659 cogitationes

461 5669 1243 5734 ascendentesecarnemultis
1266 5678 1583 5749 passionum
1638 5678 1856 5733 ﬂuentis
1895 5694 2060 5735 exca-

467 5766 588 5813 vata
611 5765 659 5813 et
676 5761 889 5818 revulsa
907 5779 935 5818 a
954 5766 1282 5823 cohaerentia
1302 5779 1353 5823 et
1371 5770 1711 5825 connexiouc
1732 5785 1858 5825 cum
1877 5771 2056 5825 anima

2150 4944 2487 5016 ἀρχαιότητα
2533 4945 2633 5015 τῆς
2681 4944 3005 5008 πανταιτιας
3048 4943 3243 5011 σοφίας
3290 4940 3484 4994 τούτου
3536 4944 3677 5000 παρα⁸

2149 5034 2505 5106 ϐλεπόμενον,
2539 5038 2597 5089 ἐν
2636 5035 2715 5107 τῷ
2753 5035 3114 5106 ὲωπομένειν
3143 5037 3265 5097 ταῖς
3306 5032 3410 5087 ὑπὸ
3440 5028 3585 5099 φύσιν
3608 5017 3677 5074 καὶ

2150 5128 2341 5199 χρόνον
2391 5128 2735 5197 ἐπιφανείαις
2785 5127 2895 5181 τῶν
2934 5126 3125 5191 ὄντων,
3164 5126 3260 5179 καὶ
3300 5123 3375 5195 μὴ
3426 5118 3551 5189 πρὸς
3583 5109 3677 5166 τοὺς

2153 5219 2347 5287 λόγους
2391 5219 2573 5272 αὐτῶν
2602 5218 2918 5281 διαϐαίνειν,
2949 5216 3045 5280 οὓς
3076 5219 3105 5269 ὁ
3143 5215 3276 5278 Θεὸς
3310 5214 3443 5283 ἔχων
3482 5205 3573 5275 πρὸ
3594 5199 3673 5252 τῶν

2163 5311 2396 5375 αἰώνων,
2422 5309 2671 5380 βουλήσει
2696 5309 2875 5380 ἀγαθῇ
2903 5305 3353 5379 προῦφεστῶτας,
3380 5299 3494 5355 κατ’
3521 5288 3674 5349 αὐτοὺς

2162 5404 2259 5473 τήν
2291 5420 2350 5455 τε
2392 5402 2595 5472 ὁρατὴν
2631 5402 2726 5455 καὶ⁸
2770 5402 2869 5470 τὴν
2916 5401 3147 5471 ἀόρατον
3198 5399 3263 5450 ὲκ
3309 5393 3401 5447 τοῦ
3453 5387 3521 5460 μὴ
3557 5384 3672 5473 6m;

2163 5493 2508 5563 ὑπεστήσατο
2535 5493 2732 5554 κτίσιν,
2763 5492 2908 5560 λόγῳ
2943 5491 3039 5543 καὶ
3080 5489 3243 5559 σοφίᾳ
3277 5485 3343 5539 τὰ
3375 5482 3539 5536 πάντα
3569 5463 3673 5525 κατὰ

2160 5585 2251 5638 τὸν
2272 5585 2457 5639 δέοντα
2479 5587 2669 5655 χρόνον
2695 5586 2928 5652 ποιήσας
2960 5600 3017 5636 τε
3055 5582 3148 5635 καὶ
3175 5578 3368 5642 ποιῶν,
3399 5574 3458 5629 τὸ
3482 5570 3671 5655 retentat

2167 5678 2320 5748 ὄμμα
2343 5643 2751 5747 ἐκτυφδιώσουσι
2778 5643 2875 5746 μ’ὲν
2901 5643 3009 5728 τῶν
3032 5674 3358 5745 ἀκαθάρτων
3381 5656 3615 5734 λογισμῶν
3636 5643 3669 5749 ξι

2169 5771 2288 5823 κατ’
2320 5770 2554 5838 ἔλλειψιν
2584 5771 2680 5840 τῆς
2722 5768 2933 5839 ἀρετῆς
2959 5764 3337 5827 ἀναϐαίνοντες
3370 5758 3469 5817 άπὸ
3502 5752 3582 5821 τῆς
3609 5753 3665 5807 ’Ψ
