3900 6228
313 380 449 448 15:7.)

1363 385 1897 447 COMMEVTARII
1926 386 2006 446 IN
2041 388 2475 453 PROVERBIA

3440 401 3577 462 13"0

310 502 488 573 πολλῷ
515 502 745 573 ῥεύματι
763 501 874 557 τῶν
897 500 1085 556 παθῶν
1111 498 1631 571 ἐκχαραδρωθείσης
1653 500 1877 568 σαρκὸς,

1995 499 2284 555 secundum
2311 504 2483 573 legem
2514 504 2609 561 Dei
2632 507 2726 576 qui
2751 508 2871 565 illas
2890 510 3390 581 simulconjunsit;
3426 512 3478 563 ili
3525 529 3581 567 ιιι

310 599 404 652 καὶ
429 594 822 667 διατμηθείσης
848 595 949 665 τὴν
978 595 1115 666 πρὸς
1150 594 1253 665 τὴν
1277 591 1458 662 ψυχὴν
1483 593 1626 644 κατά
1656 589 1749 642 τὸν
1778 589 1872 642 τοῦ

313 686 677 758 συνδήσαντος
698 686 832 740 Θεοῦ
856 686 913 738 νδ
921 703 1042 755 μον,
1067 683 1445 753 πνευματικὴν
1473 679 1751 749 συνέχειαν
1779 677 1875 733 καὶ

311 779 627 849 συνάφειαν,
658 778 736 843 ὼς
771 778 1112 843 σκοτίζοντες
1131 775 1264 829 αὐτὸ
1293 776 1359 845 τῇ
1395 773 1577 843 σχέσει
1610 772 1718 824 τῶν
1760 770 1876 822 ὑλι-

306 872 449 927 κῶν·
484 870 927 926 καταναλὼσουσι
957 869 1014 923 δὲ
1035 870 1086 922 oi
1116 868 1238 923 καθ’
1272 864 1578 937 ὑπερϐολὴν
1610 862 1711 933 τῆς
1744 861 1876 932 ἀρε·

305 963 427 1033 τῆς,
457 963 522 1015 ἐκ
552 963 662 1017 τῶν
692 960 849 1033 δίκην
880 960 1158 1032 ύψιπετῶν
1187 957 1360 1013 ἀετῶν
1391 957 1471 1019 είς
1525 952 1660 1023 ὕψος
1700 953 1874 1023 ὑπερ.

1984 597 2167 643 autem
2212 599 2919 667 consutnentcogisationes
2942 618 3040 671 per
3062 618 3353 660 excessum
3397 606 3575 660 virtu-

1984 681 2055 734 tis
2096 695 2234 750 quas
2266 686 2320 738 in
2358 686 2537 741 anima
2569 690 2790 759 pariunt
2810 694 2960 761 pravi
2990 696 3216 764 spiritus
3243 712 3397 750 more
3422 700 3580 767 aquio

1984 776 2159 828 larum
2187 776 2582 835 altivolantium
2621 782 2674 836 in
2706 784 3047 839 altitudinem
3069 788 3393 858 arrogantiae
3425 790 3575 849 elati.

1985 862 2242 923 Haeenim
2283 874 2636 943 cogitationes
2676 878 3044 947 speculativas
3087 882 3283 935 animae
3306 884 3576 952 potentias

1983 970 2121 1012 vana
2155 961 2509 1021 meditatione
2530 967 2847 1026 absumunt.

306 1054 541 1126 ηφανίας
572 1053 877 1125 αἰρομένων
900 1055 1000 1124 τῆς
1023 1052 1289 1123 πονηρίας
1313 1047 1660 1119 πνευμάτων,
1690 1044 2168 1119 ἐναποτικτόμενοι
2205 1058 2270 1126 τῇ
2292 1055 2438 1130 ψυχῇ
2474 1059 2727 1131 λογισμοί
2749 1077 2764 1092 ·
2807 1062 2882 1126 ὡς
2910 1062 2973 1117 τὸ
3014 1063 3219 1134 ταύτης
3257 1067 3323 1136 τῇ
3372 1063 3575 1136 ματαίᾳ

305 1144 479 1215 οἰήσει
517 1144 904 1214 ἐπινεμόμενοι
925 1141 1284 1215 θεωρητικόν.

379 1249 471 1313 ιη’,
516 1241 602 1295 ιθ’.
646 1241 785 1309 Τρία
822 1239 890 1294 δέ
919 1239 1092 1293 ἐστιν
1122 1235 1425 1293 ἀδύνατόν
1473 1251 1576 1305 μοι
1628 1230 1876 1300 νοῆσαι,

304 1332 405 1387 καὶ
452 1332 520 1386 τὸ
558 1332 844 1401 τέταρτον
876 1332 989 1385 οὐκ
1033 1327 1439 1399 ἐπιτινώσκω*
1502 1327 1642 1395 ιχνη
1698 1321 1878 1379 ἀετοῦ

305 1422 656 1493 πετομένου,
712 1422 812 1476 καί
853 1420 1034 1487 ὀδοὺς
1089 1419 1282 1490 ὄφεως
1336 1416 1438 1472 ἐπὶ
1483 1417 1728 1482 πέτρας,
1775 1413 1876 1469 καὶ

303 1515 543 1582 τρίϐους
564 1513 712 1581 νηὸς
736 1512 1265 1580 ποντοπορούσης,
1301 1508 1401 1563 καὶ
1432 1506 1613 1573 ὀδοὺς
1652 1504 1878 1573 ἀνδρὸς

299 1606 371 1659 ἐν
414 1607 671 1674 νεότητι.
702 1605 917 1677 Ὠσπερ
968 1603 1230 1658 ἀδύνατόν
1278 1619 1371 1673 μοι
1419 1601 1489 1654 τὰ
1522 1599 1650 1669 τρία
1705 1596 1879 1651 ταῦτα

300 1697 664 1753 καταλαδείνο
699 1698 996 1768 ίπταμένου
1029 1714 1088 1750 τε
1116 1693 1278 1750 ἀετοῦ
1305 1694 1449 1765 ίχνη,
1484 1692 1580 1746 καὶ
1614 1690 1878 1762 ἓρποντος

302 1790 397 1843 ἐπὶ
448 1788 659 1860 πέτρας
694 1789 874 1857 δφεως
903 1788 1087 1853 ὀδοὺς,
1146 1786 1241 1842 καὶ
1274 1781 1719 1854 ποντοπορούσης
1748 1780 1878 1852 νηὸς

304 1881 551 1954 τρίϐους,
575 1880 761 1951 ἐπειδὴ
785 1880 959 1936 ταῦτα
1001 1879 1183 1934 πάντα
1223 1877 1582 1950 ἀνύπαρκταο
1610 1874 1753 1928 οὕτω
1784 1890 1876 1945 μοι

2056 1228 2221 1288 Vens.
2255 1231 2343 1299 18,
2379 1235 2464 1290 i9.
2494 1236 2624 1291 Tria
2657 1248 2783 1293 sunt
2802 1238 3041 1307 diﬁicilia
3069 1238 3219 1305 mihi,
3257 1247 3309 1293 et
3328 1246 3573 1308 quartum

1981 1327 2188 1393 penitus
2226 1327 2410 1397 ignoro
2445 1345 2463 1382 :
2493 1331 2714 1401 vestigia
2745 1332 2940 1397 aquila:
2965 1332 3214 1397 volantis,
3234 1340 3283 1386 et
3308 1333 3419 1385 vias
3455 1346 3571 1385 ser-

1982 1419 2151 1488 pentis
2171 1421 2225 1473 in
2248 1431 2432 1491 petra,
2464 1432 2516 1477 et
2551 1433 2768 1478 semitas
2810 1426 2959 1479 navis
3007 1425 3336 1495 navigantis,
3382 1434 3433 1478 et
3459 1424 3581 1478 vias

1982 1512 2082 1566 viri
2134 1514 2191 1566 in
2234 1513 2615 1570 adolescentia.
2682 1515 3156 1581 Quemadmodum
3228 1515 3573 1584 impossibile

1985 1603 2119 1658 mihi
2168 1604 2275 1659 tria
2309 1604 2423 1660 haec
2446 1621 2643 1675 capere
2679 1625 2693 1662 :
2725 1619 2779 1663 et
2817 1609 3049 1662 volantis
3082 1607 3280 1678 aquila
3312 1607 3568 1680 vestigia,

1983 1702 2039 1749 et
2072 1698 2318 1766 repentis
2340 1698 2552 1752 colubri
2577 1698 2697 1754 vias
2744 1699 2798 1753 in
2840 1708 3013 1769 petra;
3043 1707 3098 1753 et
3138 1698 3451 1768 navigantis
3481 1713 3573 1751 ua-

1983 1787 2068 1843 vis
2104 1791 2350 1857 semitas,
2387 1790 2513 1858 quia
2564 1791 2680 1847 haec
2725 1791 2906 1846 omnia
2956 1806 3066 1845 non
3099 1790 3454 1854 subsistunt,
3487 1789 3561 1842 ita

1983 1884 2038 1933 et
2075 1887 2329 1948 quartum
2385 1882 2520 1936 mihi
2563 1884 2843 1953 ignotum,
2874 1881 3164 1937 instabiles
3206 1880 3569 1951 cogitationes

301 1950 399 2025 καὶ
431 1972 490 2025 τὸ
518 1950 786 2044 τέταρτον
814 1972 1114 2040 ἄγνωστον,
1142 1971 1199 2024 αί
1233 1968 1329 2024 τοῦ
1355 1970 1429 2041 μὴ
1453 1967 1874 2038 τετελειωμένον

1995 1972 2182 2027 nentis
2210 1987 2333 2043 quae
2362 1974 2428 2029 ad
2451 1950 2748 2044 perfectam
2807 1982 3021 2031 aetatem
3069 1950 3406 2045 spiritualem
3439 1987 3570 2026 non.

298 2063 399 2135 τὴν
433 2063 810 2134 πνευματικὴν
841 2062 1059 2134 ἡλικίαν
1090 2062 1208 2127 νοὸς
1236 2062 1463 2117 ἀστατοι
1492 2060 1713 2115 ἔννοιαι.

370 2161 439 2209 κ’.
488 2155 734 2223 Τοιαύτη
763 2155 903 2222 ὁδὸς
932 2154 1219 2224 γυναικὸς
1242 2152 1624 2224 μοιχαλίδος,
1651 2149 1691 2221 ἢ
1731 2149 1879 2205 ὅταν

299 2245 524 2316 πράξῃ,
576 2245 999 2316 ἀπονιψαμένη
1023 2286 1037 2311 ,
1077 2244 1260 2300 οὐδέν
1300 2259 1452 2315 φησι
1506 2243 1876 2312 πεπραχέναι

299 2334 548 2391 ἄτοπον.
585 2328 684 2398 AF;
710 2335 873 2406 ὁμοία
891 2337 925 2407 ἡ
952 2338 1052 2407 τῆς
1084 2335 1277 2407 πόρρω
1305 2334 1401 2388 τοῦ
1422 2334 1585 2404 λόγου
1613 2332 1876 2406 νέυούσης

300 2428 504 2499 σαρκὸς
525 2429 622 2482 καὶ
655 2429 785 2499 περὶ
812 2427 879 2482 τὰ
910 2426 1149 2497 αἰσθητά
1195 2426 1556 2499 πλανωμένης
1585 2427 1837 2495 ἐνέργεια
1857 2444 1872 2456 ο

295 2516 419 2587 ἥτις
467 2516 605 2584 σὰρξ
646 2518 785 2587 μετὰ
828 2516 928 2589 τὴν
972 2515 1272 2587 ἁμαρτίαν,
1316 2516 1410 2571 τὸν
1477 2516 1621 2569 κατά
1666 2515 1875 2587 ταύτην

300 2606 471 2678 ῥύπον
508 2605 738 2677 δάκρυσι
799 2605 1091 2676 μετανοίας
1137 2603 1478 2671 ἐκπλύνασα,
1525 2602 1875 2659 ἀποδεικνύει

296 2697 501 2770 ἑαυτὴν
522 2697 913 2769 ἀναμάρτητον
936 2716 949 2728 ·
987 2696 1179 2751 στάσιν
1206 2696 1577 2768 λαμδάνοντος
1605 2694 1699 2750 τοῦ
1731 2696 1873 2762 νοὸς,

294 2792 362 2862 τῇ
396 2789 526 2861 περὶ
555 2789 617 2843 τὸ
640 2788 810 2853 δντως
832 2790 1038 2858 ἀγαθὸν
1070 2790 1264 2861 ἀληθεῖ
1292 2788 1516 2861 θεωρίᾳ.

364 2888 475 2937 καθ.
515 2882 623 2937 Διά
666 2881 848 2951 τριῶν
893 2883 1120 2937 σείεται
1148 2883 1187 2951 ἡ
1218 2879 1331 2953 τῆν’
1378 2882 1445 2936 τὸ
1480 2880 1550 2935 δὲ
1591 2880 1879 2951 τέταρτον

1984 2064 2116 2117 dum
2142 2067 2411 2132 pervenit.

2041 2151 2313 2210 Vsas.20.
2341 2154 2488 2210 Talis
2523 2166 2598 2211 est
2634 2156 2718 2211 via
2746 2155 2985 2210 mulieris
3014 2152 3567 2220 adulterw,quodcun-

1976 2259 2076 2313 que
2088 2245 2267 2314 egerit,
2295 2244 2425 2310 lota,
2452 2246 2527 2299 ait
2544 2263 2598 2300 se
2619 2246 2752 2301 nihil
2770 2247 2899 2300 mali
2921 2246 3128 2315 fecisse.
3150 2246 3248 2300 His
3265 2245 3462 2299 similis
3483 2251 3565 2296 est
3660 2290 3667 2296 .

1976 2337 2223 2405 operatio
2251 2352 2373 2407 qua:
2416 2337 2574 2408 longe
2611 2353 2641 2391 a
2680 2339 2894 2399 ratione
2924 2339 3145 2393 aberrat
3177 2345 3230 2392 et
3278 2344 3558 2390 atutuente

1976 2442 2166 2492 carne,
2200 2427 2268 2483 ad
2294 2426 2573 2484 sensibilia
2603 2435 2859 2499 vagatur;
2896 2444 3017 2498 quae
3044 2442 3172 2482 caro
3207 2433 3332 2495 post
3369 2439 3561 2494 pecca-

1978 2532 2114 2584 tum,
2149 2538 2273 2576 cum
2331 2523 2536 2592 peccati
2565 2522 2760 2578 sordes
2805 2520 2977 2576 abluit
3033 2535 3129 2589 per
3163 2516 3559 2588 paenitentiam,

1976 2613 2216 2670 ostendit
2243 2612 2483 2699 seipsam
2513 2613 2722 2683 peccati
2769 2618 3070 2683 expertem.
3098 2607 3253 2663 Mens
3300 2605 3560 2675 stabilita.

1980 2715 2090 2761 tem
2139 2696 2344 2774 accipit
2389 2720 2486 2776 per
2520 2720 2700 2760 veram
2752 2706 2819 2760 de
2873 2717 3002 2758 vero
3041 2702 3188 2757 bono
3236 2696 3566 2767 contempla.

1979 2797 2206 2853 tionem.

2047 2888 2211 2944 Vsus.
2242 2888 2332 2942 2L
2366 2886 2472 2942 Per
2499 2887 2604 2942 tria
2632 2894 2865 2942 movetur
2896 2893 3038 2940 terra
3060 2924 3074 2950 ,
3101 2891 3151 2938 et
3178 2888 3427 2955 quartum
3460 2896 3563 2933 non

294 2976 366 3030 οὺ
401 2976 653 3031 δύναται
682 2974 911 3046 φέρειν.
944 2975 1047 3028 Διὰ
1076 2974 1284 3029 τούτων
1315 2974 1431 3028 τῶν
1472 2974 1642 3044 τριῶν
1672 2973 1748 3037 ὡς
1786 2973 1878 3028 διά

1995 2988 2139 3035 mtest
2165 2981 2441 3035 sustinere.
2479 2979 2580 3034 Per
2607 2980 2712 3034 tria
2745 2980 2857 3034 haec
2888 2978 3046 3049 quasi
3071 2981 3408 3037 terraemotu,
3429 2987 3564 3042 quo-

293 3084 442 3130 τινος
473 3065 699 3138 σεισμοῦ
726 3065 1039 3131 διιστῶντος
1062 3067 1133 3121 τὰ
1163 3066 1385 3137 συνεχῆ,
1417 3064 1776 3137 διασπωμὲνη
1807 3067 1875 3137 τῇ

291 3156 486 3231 λογικῇ
512 3160 787 3231 διακρίσει
830 3162 864 3231 ἡ
896 3159 1250 3215 πυκνωθεῖσα
1273 3159 1388 3224 ἕξις
1421 3161 1488 3231 τῇ
1519 3160 1585 3213 ἐκ
1613 3159 1724 3213 τῶν
1750 3158 1874 3213 καθ’

296 3252 490 3324 ἡδονὴν
528 3254 623 3307 καὶ
644 3252 840 3323 ὀδύνην
875 3252 1136 3307 ἐναντίων
1170 3253 1269 3323 τῆς
1298 3251 1500 3315 κακίας
1529 3251 1714 3322 μερῶν
1740 3267 1875 3320 συγ-

298 3343 529 3415 κειμένη
564 3344 866 3416 μοχθηρίᾳ·
904 3346 966 3398 τδ
985 3344 1043 3398 δὲ
1070 3344 1337 3416 τέταρτον
1363 3344 1552 3416 φέρειν
1586 3344 1723 3408 ὅλως
1747 3344 1877 3399 ἀδυ-

295 3435 552 3502 νατοῦσα,
591 3438 776 3491 τέλεον
809 3436 912 3507 τῆς
949 3436 1148 3500 κακίας
1171 3436 1470 3503 ἐξίσταται.

366 3528 471 3601 κβ’.
519 3529 665 3585 Ἐὰν
701 3529 942 3596 οἰκέτης
971 3528 1346 3599 βασιλεύσῃ.
1385 3524 1515 3583 Ἐἆν
1551 3530 1580 3584 ὁ
1611 3528 1883 3583 δουλεύων

299 3622 467 3694 σαρκὶ
498 3622 580 3686 είς
610 3620 959 3693 παραλόγους
996 3620 1318 3692 ἐπιθυμίας,
1356 3621 1697 3691 ἐπιστατήσῃ
1731 3620 1881 3673 ὲννό⁶

301 3729 419 3784 μως
450 3711 587 3782 αύτῇ
612 3709 754 3764 κατά
784 3708 1008 3780 πρᾶξιν,
1041 3709 1137 3761 καὶ
1166 3707 1387 3781 καθάρῃ
1424 3706 1598 3777 αὐτὴν
1622 3706 1755 3775 θείῳ
1784 3706 1881 3773 φό-

299 3803 379 3872 ϐῳ
408 3802 517 3858 ἀπὸ
546 3801 746 3865 παντὸς
775 3797 1042 3871 λογισμοῦ
1075 3799 1183 3869 τῆς
1220 3798 1341 3852 κατ’
1375 3797 1662 3870 ἐνέργειαν
1703 3797 1884 3868 ἀμαρ-

302 3892 446 3957 τίας.

367 3984 476 4040 Καί
510 3982 714 4054 ἄφρων
747 3981 998 4053 πλησθῇ
1030 3982 1265 4038 σιτίων.
1290 3982 1405 4037 Καὶ
1425 3981 1521 4037 ἐὰν
1550 3982 1579 4036 ὁ
1606 3980 1681 4053 μὴ
1708 3981 1878 4051 ἐγνω-

298 4075 411 4139 κὼς
443 4075 597 4141 Θεὸν,
634 4076 919 4149 ἐμφορηθῇ
951 4077 1059 4129 τῶν
1092 4077 1151 4129 ἐν
1185 4075 1461 4147 πνεύματι
1498 4074 1878 4147 θεωρημάτων

299 4165 500 4233 αὐτοῦ,
534 4166 727 4231 διαϐὰς
768 4166 869 4230 τάς
922 4167 1044 4221 κατ’
1075 4166 1336 4239 αἴσθησιν
1390 4166 1714 4237 ἐπιφανείας
1767 4165 1880 4220 τῶν

298 4259 511 4333 ὁρατῶν
529 4276 542 4290 ·
582 4261 677 4315 καὶ
705 4262 820 4325 τοῖς
847 4259 1029 4329 λόγοις
1060 4258 1267 4313 τούτων
1294 4258 1594 4330 φωτισθεὶς
1623 4258 1700 4324 ὥς
1733 4276 1879 4313 τισιν

299 4354 483 4409 ἀκτῖσι
508 4353 605 4407 τοῦ
626 4354 724 4424 τῆς
753 4351 1101 4424 δικαιοσύνης
1123 4353 1305 4422 ἡλίου,
1335 4351 1432 4405 καὶ
1454 4352 1618 4405 αὑτὸν
1648 4351 1742 4405 τὸν
1777 4350 1875 4405 τοῦ

299 4448 502 4513 παντὸς
530 4448 699 4526 αίτιον
720 4446 874 4513 Θεὸν,
896 4448 961 4501 ἐκ
981 4444 1091 4500 τῶν
1121 4445 1315 4499 τούτου
1347 4444 1673 4516 ποιημάτων
1702 4461 1875 4498 κατα-

300 4538 502 4594 λαϐὼν.

1977 3072 2103 3128 dam
2131 3072 2322 3143 juncta
2362 3072 2735 3143 disjungente,
2760 3072 2942 3126 anima
2972 3070 3252 3125 divellitur
3283 3063 3562 3137 spirituali

1977 3165 2334 3229 discretione,
2364 3182 2484 3236 qua:
2540 3168 2849 3221 incrassata
2901 3166 3019 3219 erat
3068 3160 3417 3231 improbitate
3444 3171 3566 3226 qua:

1981 3259 2228 3330 procedit
2256 3274 2285 3312 a
2315 3259 2592 3327 voluptate
2633 3267 2687 3314 et
2732 3258 2921 3313 dolore
2964 3258 3018 3310 in
3054 3255 3189 3309 vitio
3231 3268 3291 3307 se
3333 3250 3565 3305 invicem

1988 3349 2490 3422 propugnantibus.
2523 3349 2793 3414 Quartum
2832 3355 3016 3401 autem
3052 3343 3198 3414 quod
3243 3342 3388 3396 ferre
3417 3339 3564 3394 nullo

1986 3442 2150 3497 modo
2181 3447 2383 3511 potest,
2415 3440 2625 3494 scilicet
2650 3454 2678 3491 a
2702 3438 2843 3491 malo
2881 3451 3113 3507 prorsus
3148 3432 3320 3488 exire.

2055 3531 2227 3588 Vens.
2255 3533 2345 3587 22.
2386 3529 2443 3585 Si
2485 3531 2722 3601 famulus
2776 3536 2972 3599 regnet.
3008 3525 3067 3581 Si
3119 3525 3209 3580 ille
3251 3523 3342 3593 qui
3389 3519 3557 3576 servit

1984 3627 2138 3680 carni
2175 3630 2228 3679 in
2272 3626 2551 3694 improbus
2584 3621 3083 3693 concupiscentias,
3125 3618 3202 3672 illi
3233 3614 3473 3686 legitime
3502 3612 3555 3665 in

1984 3719 2200 3772 actibus
2222 3716 2523 3784 praefuerit,
2552 3718 2811 3786 illamque
2852 3710 3224 3785 puriﬁcaverit
3268 3722 3364 3777 per
3392 3706 3552 3759 timo.

1982 3824 2099 3863 rem
2129 3807 2222 3862 Dei
2254 3810 2323 3863 ab
2354 3808 2502 3862 omni
2540 3805 2920 3878 peccamiriosa
2950 3801 3310 3874 cogitatione.

2056 3978 2125 4034 Et
2162 3978 2465 4047 imprudens
2512 3986 2787 4033 saturatas
2816 3977 2975 4047 fuerit
3026 3975 3178 4031 cibis.
3227 3973 3286 4028 Si
3338 3974 3424 4028 ille
3477 3974 3568 4041 qui

1983 4072 2150 4127 Deum
2202 4072 2454 4142 ignorat,
2488 4070 2777 4142 praeceptis
2803 4070 2923 4139 ejus
2950 4070 3003 4123 in
3057 4067 3250 4138 spiritu
3289 4066 3449 4119 fuerit
3477 4067 3574 4119 im-

1987 4166 2190 4237 pletus,
2217 4164 2508 4220 seusibiles
2537 4163 2834 4218 visibilium
2857 4159 3205 4231 apparentias
3245 4166 3585 4229 prmtergre-r

1983 4259 2176 4323 diens;
2209 4264 2262 4311 et
2304 4257 2349 4312 si
2403 4257 2707 4311 rationibus
2752 4270 2940 4312 eorum
2992 4252 3336 4308 illuminatus
3403 4248 3582 4318 quasi

1980 4351 2149 4405 radiis
2173 4349 2315 4403 Solis
2343 4349 2589 4419 iustitiae,
2632 4349 2796 4403 Deum
2835 4349 3011 4418 ipsum
3044 4345 3422 4400 universorum
3448 4355 3574 4394 cau-

1981 4460 2097 4501 sam
2153 4460 2221 4499 εκ
2251 4444 2511 4514 operibus
2536 4444 2655 4514 ejus
2681 4443 3034 4499 intellexerit.

370 4636 475 4698 κγ’.
523 4628 633 4683 Καὶ
665 4628 902 4695 οἰκέτις,
943 4629 1052 4684 ἐὰν
1087 4624 1312 4699 ἐκϐάλῃ
1348 4628 1463 4699 τὴν
1507 4627 1731 4699 ἑαυτῆς
1771 4649 1878 4685 κυ-

2053 4618 2224 4677 Vsus.
2257 4618 2349 4674 25.
2383 4618 2675 4674 Etancilla
2710 4622 2756 4675 si
2783 4620 2991 4691 ejecerit
3014 4620 3287 4675 dominam
3310 4637 3483 4677 suam.
3512 4621 3591 4674 Et‘

295 4724 455 4796 ρίαν.
476 4724 587 4778 Καὶ
616 4724 711 4777 ἐὰν
739 4724 774 4791 ἡ
802 4723 944 4778 κατά
971 4722 1211 4777 διάνοιαν
1237 4722 1569 4775 δουλεύουσα
1594 4722 1661 4794 τῇ
1691 4721 1874 4794 ἀμαρ-

300 4819 392 4888 τίᾳ
422 4816 569 4888 ψυχὴ
600 4814 852 4888 ἀπελάσῃ
884 4813 1091 4883 ταύτην
1122 4813 1341 4884 αὐτῆς..

371 4908 485 4964 Καὶ
519 4909 750 4980 μισητὴ
794 4908 973 4979 γυνὴ,
1017 4908 1129 4963 ἐὰν
1164 4909 1319 4977 τύχῃ
1370 4906 1590 4975 ἀνδρὸς
1629 4907 1878 4978 ἀγαθοῦ.

301 4999 447 5071 Πρὸς
466 4998 545 5067 δὲ,
577 5000 671 5052 καὶ
702 5000 796 5054 ἐὰν
823 4998 1198 5062 τελειωθετσα,
1230 4999 1498 5069 ἐπιτυχὴς
1523 4998 1753 5069 γένηται
1777 4996 1872 5051 τοῦ

303 5091 510 5162 ἀγαθοῦ
533 5091 769 5163 νυμφίου
792 5092 962 5162 αὐτῆς
979 5090 1116 5145 Θεοῦ
1138 5090 1337 5159 Λόγου·
1364 5089 1688 5160 κολληθεϊσα
1709 5088 1880 5161 αὐτῷ,

304 5187 397 5240 καὶ
450 5185 668 5256 πνεῦμα
717 5184 776 5237 ἓν
824 5183 1132 5255 γενομένη,
1190 5181 1659 5252 ἀποστρεφομένη)
1714 5181 1884 5253 αὐτὴν

306 5276 592 5347 πρότερον,
623 5275 711 5339 διά
739 5276 799 5329 τὸ
827 5274 1110 5344 ἐγκεῖσθαι
1155 5274 1359 5345 ταύτην
1385 5272 1665 5342 ἐπιμελῶς
1694 5274 1775 5337 είς
1815 5274 1886 5327 τὰ

306 5368 535 5444 πονηρὰ,
564 5368 687 5422 οὐδὲ⁹
712 5368 974 5437 λογισμὸν
1000 5367 1229 5438 ἐμπαθῆ
1255 5366 1391 5431 ὅλως
1430 5365 1512 5420 ἐτι
1533 5364 1886 5431 ἐπιδέξασθαι

304 5457 549 5523 δύναται,
592 5459 679 5512 διὰ
721 5458 782 5512 τὸ
811 5458 1064 5527 γενέσθαι
1113 5458 1241 5529 ὅλην
1279 5458 1374 5512 τοῦ
1417 5457 1750 5529 πνεύματος,
1790 5459 1888 5512 καὶ

308 5546 567 5608 τετάσθαι
604 5549 662 5601 τὸ
692 5549 1087 5619 ἐπιθυμητικὸν
1116 5549 1288 5620 αὐτῆς
1318 5546 1440 5602 ὅλον
1479 5548 1618 5619 πρὸς
1650 5548 1880 5620 Κύριον.

376 5726 477 5782 κδ’.
525 5727 795 5799 Τέσσαρα
824 5729 892 5784 δέ
914 5732 1084 5789 ἐστιν
1123 5733 1420 5803 ἐλάχιστα
1463 5733 1560 5788 ἐπὶ
1595 5734 1705 5801 τῆς
1734 5735 1847 5804 γῆς
1870 5753 1883 5765 ·

318 5817 499 5875 ταῦτα
528 5821 594 5875 δέ
618 5822 746 5876 ἐστι
768 5823 1076 5893 σοφώτερα
1110 5825 1229 5879 τῶν
1273 5825 1498 5896 σοφῶν.
1532 5827 1612 5881 Τὰ
1648 5828 1887 5898 τέσσαρα

1981 4714 2026 4770 si
2067 4713 2249 4767 anima
2294 4728 2413 4781 qua:
2468 4720 2695 4781 peccato
2760 4721 2943 4768 mente
2990 4713 3296 4779 serviebat,
3346 4713 3484 4766 illud
3545 4730 3591 4765 ιιι

1982 4819 2163 4864 mente
2198 4808 2495 4877 expulerit.

2056 4901 2123 4956 Et
2158 4901 2372 4957 adibitis
2420 4903 2610 4957 mulier
2658 4903 2704 4957 si
2725 4903 2919 4959 sortita
2959 4901 3120 4973 fuerit
3158 4902 3328 4955 virum
3362 4899 3578 4952 bonum;

1986 4995 2214 5064 Insuper
2238 5004 2289 5049 et
2324 4994 2372 5049 si
2394 5009 2515 5049 cum
2547 4995 2614 5050 ad
2645 5003 2859 5050 aetatem
2896 4992 3192 5064 perfectam
3242 4991 3577 5059 pervenerit,

1986 5086 2248 5142 sortiatur
2293 5086 2498 5142 bonum
2532 5087 2654 5153 eius
2683 5103 2952 5160 sponsum
2996 5085 3094 5141 Dei
3135 5083 3386 5146 verbum,
3442 5096 3581 5136 coni

1986 5179 2250 5250 glutinata
2289 5180 2389 5245 illi,
2429 5195 2497 5235 ac
2528 5197 2671 5235 unus
2707 5180 2903 5235 eﬂ’ecta
2948 5180 3178 5248 spiritus
3220 5190 3346 5230 cum
3377 5188 3443 5229 eo
3482 5176 3581 5243 qui

1989 5273 2139 5342 prius
2168 5274 2318 5328 illam
2352 5273 2623 5341 rejeccrat
2650 5273 2721 5327 ob
2762 5273 3150 5340 cogitationem
3185 5270 3332 5324 illius
3358 5268 3426 5321 ad
3462 5284 3578 5320 mm

1993 5364 2100 5417 lum
2145 5364 2449 5429 intentant;
2488 5362 2535 5416 si
2569 5362 2772 5416 nullam
2821 5376 3055 5430 prorsus
3101 5358 3451 5430 passionibus
3486 5362 3579 5409 oh-

1992 5455 2208 5509 nosiam
2258 5452 2643 5519 cogitationem
2694 5451 2982 5504 admittere
3036 5452 3233 5520 possit,
3274 5447 3401 5516 quia
3464 5454 3585 5499 tota

1993 5546 2223 5615 spiritus
2248 5543 2390 5597 facta
2424 5552 2531 5608 est,
2576 5551 2629 5595 et
2661 5557 2877 5595 omnem
2928 5541 3050 5611 ejus
3083 5537 3585 5608 concupiscibilem

1995 5637 2294 5707 appetitum
2319 5636 2594 5690 convertit
2618 5635 2683 5690 ad
2710 5633 2902 5689 Deum.

2070 5728 2235 5783 Vens.
2265 5726 2356 5782 24.
2395 5726 2637 5791 Quatuor
2674 5735 2797 5781 sunt
2832 5726 3051 5779 minima
3110 5735 3285 5787 terrm,
3341 5731 3391 5777 et
3447 5728 3578 5785 ψεα-

2006 5831 2123 5876 sunt
2158 5819 2479 5890 sapientiora
2511 5819 2852 5889 sapientibus.
2900 5819 3149 5884 Quatuor
3189 5818 3303 5872 huic
3351 5816 3403 5869 in
3440 5825 3589 5869 tum
