3900 6228
368 366 500 436 1531

1695 364 2046 427 PROCOPII
2085 364 2227 425 GAZ
2236 363 2330 424 ΕΙ

3488 360 3627 426 1532

364 476 614 545 humilia,
676 476 1017 549 sapientiora
1070 474 1435 533 ostendantur
1476 474 1801 533 hominibus
1848 480 1938 545 qui

2045 476 2142 529 ἐπὶ
2173 478 2275 546 τῆς
2300 475 2404 545 γῆς
2432 472 2627 544 εὐτελῆ
2667 471 2862 539 ταῦτα,
2904 490 3191 545 σοφωηρα
3228 473 3341 527 τῶν
3389 475 3454 528 ἐκ
3484 474 3629 531 Θεοῦ

254 597 264 605 -
365 583 396 622 a
439 568 553 623 Deo
593 567 814 639 quidem
870 569 1142 624 rationem
1208 576 1263 625 et
1311 567 1598 638 sapientiae
1638 568 1945 639 potentiam

364 666 720 729 acceperunt,
748 667 954 715 temere
996 666 1181 717 autem
1230 670 1659 715 eonversantur;

442 750 602 809 Vsus.
638 752 731 807 25.
772 750 1065 818 Formica,
1095 751 1284 822 quibus
1311 768 1416 807 non
1445 761 1521 808 est
1548 752 1733 819 robur,
1763 758 1815 808 et
1844 767 1945 821 pa-

366 851 489 895 rant
520 859 575 897 ιιι
610 858 775 897 messe
811 842 1139 927 cibum‘sibl.
1186 842 1476 910 Formica},
1507 844 1743 915 populus
1788 842 1944 898 inﬁr-

363 951 510 1001 mus,
546 936 603 990 in
645 942 837 991 aestate
855 936 1056 991 hiemis
1085 936 1273 993 cibum
1317 944 1537 1008 parant,
1575 951 1665 1003 ne,
1700 944 1949 1007 tempore

362 1027 582 1087 fruetus
607 1029 901 1101 colligendi
937 1031 1240 1100 praeterito,
1270 1031 1543 1087 esuriant.

430 1310 600 1368 Vens.
629 1312 720 1367 26.
754 1310 1128 1384 Chwmgryllt',
1174 1330 1301 1384 gens
1329 1330 1434 1368 non
1455 1313 1657 1378 valida,
1688 1315 1781 1383 qui
1808 1314 1946 1383 fece-

361 1414 484 1457 runt
507 1404 563 1456 in
598 1404 760 1472 petris
787 1403 970 1459 domos
1010 1421 1162 1461 suas.
1187 1404 1491 1477 Hystrices,
1521 1405 1818 1461 invalidum
1853 1421 1944 1477 ge-

361 1509 489 1560 nus,
524 1494 720 1552 domos
754 1495 860 1552 sibi
898 1497 955 1551 in
988 1495 1160 1567 petris
1189 1495 1461 1553 eﬂ'odiunt
1504 1506 1563 1552 ut
1590 1497 1727 1568 ipsis
1759 1507 1943 1568 prote-

360 1594 583 1657 gantur.

427 1783 592 1839 Vsus.
623 1785 711 1843 27.
756 1785 947 1858 Regem
994 1787 1200 1844 locusta
1233 1806 1337 1845 non
1380 1790 1558 1855 habet,
1592 1801 1644 1847 et
1673 1795 1942 1863 egreditur

2051 568 2151 639 μὲν
2170 565 2364 637 σοφίας
2381 564 2614 636 δύναμιν
2635 565 2912 621 λαϐόντων
2929 564 3233 636 ἀνθρώπων
3261 564 3337 630 ὡς
3363 563 3626 635 λογικῶν,

2044 654 2273 721 ζώντων
2301 657 2362 711 δὲ
2388 656 2466 720 ὡς
2495 657 2712 729 ἔτυχεν,
2748 655 3199 713 ἀποδείκνυνται.

2114 754 2216 804 κε’.
2259 752 2326 804 0i
2341 751 2673 821 μύρμηκες.
2697 744 2788 815 οἷς
2810 747 2899 818 μὴ
2921 747 3096 803 ἐστιν
3119 747 3325 818 ἰσχὺς,
3343 749 3446 803 καί
3470 746 3631 804 ἑτοι-

2040 834 2323 904 μάζονται
2360 837 2577 905 θέρους
2623 836 2739 903 τὴν
2769 836 3022 905 τροφήν.
3075 836 3144 890 Οἵ
3185 853 3247 891 τε
3304 835 3631 909 μύρμηκες,

2045 925 2188 980 πάνυ
2244 928 2610 997 τυγχάνοντες
2661 927 2929 991 ἀσθενεῖς,
2967 929 3029 983 ἐν
3071 927 3224 998 θέρει
3273 928 3335 982 δὲ
3378 928 3478 997 τὴν
3525 927 3631 982 τοῦ

2044 1019 2313 1089 χειμῶνος
2346 1020 2554 1092 τροφὴν
2596 1018 3012 1090 εὐτρεπίζοντες
3035 1037 3049 1051 ·
3082 1021 3232 1084 ὅπως
3269 1021 3349 1091 μὴ
3369 1021 3464 1074 τοῦ
3494 1039 3629 1075 ut-

2048 1110 2142 1182 ροῦ
2174 1113 2272 1182 τῆς
2307 1113 2415 1165 τῶν
2442 1111 2672 1184 καρπῶν
2714 1112 2982 1183 συλλογῆς
3012 1111 3400 1183 παρελθόντος,
3444 1111 3632 1182 λιμώο

2047 1203 2232 1269 gmw.
3285 1237 3294 1248 .
3500 1238 3507 1243 .

2113 1314 2226 1382 κς’.
2271 1319 2336 1370 οι
2378 1318 2837 1388 χοιρογρύΜεω,
2890 1318 3066 1387 ἔθνος
3101 1321 3216 1374 οὐκ
3259 1319 3539 1389 ισχυρδιν,
3569 1318 3637 1373 οἳ

2020 1407 2437 1474 ’ἐπονήσαντο
2459 1409 2531 1463 ἐν
2553 1408 2797 1477 πέτραις
2826 1409 2973 1476 τοὺς
2995 1409 3228 1464 ἑαυτῶν
3253 1411 3487 1476 οἴκους.
3516 1411 3630 1469 Καὶ

2041 1499 2091 1551 οἱ
2123 1497 2526 1569 ἀκανθόχοιροι,
2559 1499 2719 1567 γένος
2743 1497 2895 1563 ὄντες
2916 1497 3201 1570 ἀδύνατον,
3227 1499 3322 1552 καὶ
3341 1499 3447 1561 τὰς
3468 1500 3632 1567 οἰκή-

2044 1606 2158 1652 σεις
2207 1592 2265 1643 ἐν
2310 1590 2545 1660 πέτραις
2591 1588 2947 1661 ποιούμενοι,
2995 1590 3085 1644 ἵνα
3120 1589 3476 1660 φυλάττοιντο
3520 1591 3633 1644 ὑπὸ

2041 1681 2251 1734 τούτων
2279 1681 2633 1751 σκεπόμενοι.

2111 1790 2213 1857 κζ’.
2260 1792 2693 1847 Ἀσασίλευτδν
2734 1791 2908 1847 ἐστιν
2937 1792 3131 1862 ἀκρίς,
3170 1792 3268 1847 καί
3307 1793 3634 1860 στρατεύει

359 1877 415 1930 in
445 1877 560 1931 acie
597 1876 664 1931 ab
693 1894 799 1934 una
828 1878 1090 1949 iussione.
1135 1882 1200 1936 Et
1235 1881 1449 1938 locusta
1482 1899 1603 1954 qua:
1632 1888 1938 1955 sapientem

2045 1883 2140 1953 ἀφ’
2195 1884 2337 1951 ἐνὸς
2366 1885 2781 1955 κελεύσματος
2828 1884 3150 1952 εὐτάκτως.
3203 1886 3314 1939 Καὶ
3356 1886 3397 1955 ἡ»
3433 1885 3631 1953 άκρὶς,

358 1969 729 2026 ordinatorem
773 1986 881 2026 non
913 1972 1100 2037 habet,
1149 1982 1205 2029 et
1235 1975 1446 2030 ratione
1483 1984 1653 2042 caret,
1689 1979 1842 2047 quasi
1870 1978 1938 2033 ab

357 2060 740 2135 unajussione
769 2062 1051 2120 dominica
1082 2065 1137 2120 in
1174 2065 1373 2122 ordine
1413 2078 1685 2124 movetur.

428 2256 598 2315 Vsus.
632 2260 723 2316 28.
756 2261 827 2316 Et
861 2263 1131 2320 calabotes
1159 2267 1403 2323 manibus
1433 2269 1664 2325 innitens
1710 2284 1755 2326 et
1778 2285 1938 2343 captu

354 2352 555 2420 facilis,
579 2354 791 2410 habitat
822 2358 876 2411 in
912 2359 1303 2416 munitionibus
1347 2364 1507 2433 regis.
1538 2363 1605 2418 Et
1637 2367 1817 2420 stellio
1842 2383 1940 2423 an-

354 2446 652 2503 terioribus
682 2448 918 2521 pedibus
946 2452 1168 2507 obvium
1192 2454 1462 2525 quidquid
1490 2455 1649 2528 quasi
1681 2460 1940 2518 manibus

352 2540 667 2608 prehendit,
705 2541 886 2596 lirmat
922 2552 1089 2614 atque
1132 2547 1319 2618 dirigit
1365 2564 1593 2618 gressus
1626 2565 1801 2615 suos;
1842 2567 1938 2608 ca-

351 2643 448 2701 plu
482 2631 659 2688 facilis
687 2635 757 2689 ob
788 2636 1244 2704 imbecillitatem,
1296 2642 1350 2695 in
1395 2642 1725 2701 ﬁrmissimis
1771 2648 1936 2702 etiam

352 2722 606 2777 domibus
639 2739 827 2794 regum
869 2725 1101 2781 habitat.
1149 2729 1233 2784 Ad
1286 2730 1402 2786 haec
1452 2734 1621 2801 igitur
1667 2735 1770 2789 etsi
1817 2734 1939 2789 ani-

351 2814 519 2868 malia
561 2816 777 2872 ratione
816 2819 1062 2873 carentia
1102 2822 1340 2892 respice,
1374 2824 1564 2890 homo,
1607 2829 1699 2896 qui
1730 2828 1941 2884 ratione

351 2909 651 2967 honoratus
682 2928 763 2978 es,
795 2922 849 2969 et
909 2923 969 2969 ut
1032 2915 1213 2987 imago
1266 2917 1360 2974 Dei
1410 2921 1764 2992 archetypum
1797 2923 1941 2990 aspi-

351 3017 477 3055 cere
525 3002 717 3071 jussus
752 3021 836 3068 es,
891 3022 959 3061 ne
1003 3009 1189 3062 carnis
1236 3008 1665 3066 imbecillitatem
1694 3013 1761 3067 ad
1811 3013 1941 3083 reji-

351 3093 607 3147 ciendum
645 3095 735 3148 Dei
788 3098 1108 3151 mandatum
1139 3101 1390 3156 causeris
1418 3140 1433 3167 ,
1470 3103 1565 3157 sed
1610 3104 1664 3157 in
1692 3113 1939 3174 tempore

2039 1977 2131 2031 τὸν
2182 1976 2425 2047 ἐννόμως
2468 1974 2868 2032 ἐπιστατοῦντα
2926 1976 2999 2047 μὴ
3053 1975 3275 2047 ἔχουσα,
3332 1975 3428 2030 ire
3481 1974 3633 2040 ζῶον

2039 2067 2386 2138 τυγχάνουσα
2411 2068 2624 2136 ἄλογον,
2646 2069 2743 2121 καὶ
2768 2066 2845 2129 ὡς
2870 2067 2964 2136 ἀφ’
2997 2066 3119 2131 ἑνὸς
3155 2067 3251 2119 τοῦ
3283 2064 3635 2120 Δεσποτικοῦ

2041 2158 2325 2224 εὐτάκτως
2353 2158 2652 2230 κινουμένη
2689 2158 3138 2231 προστάγματος.

2110 2279 2219 2345 κη’.
2256 2273 2365 2328 Καὶ
2404 2272 2756 2340 καλαὸὠτης
2800 2272 3015 2344 χερσίν
3070 2270 3472 2340 ἐρειδόμενος.
3521 2269 3631 2323 καί

2041 2363 2342 2429 εὐάλωτος
2365 2362 2470 2428 ὢν,
2512 2363 2780 2417 κατοικεῖ
2804 2364 2874 2417 ἐν
2910 2362 3253 2434 ὀχυρώμασι
3285 2360 3627 2427 βασιλέως.

2010 2534 2011 2537 η
2039 2458 2152 2512 Καὶ
2183 2458 2212 2509 6
2237 2457 2352 2520 τοῖς
2383 2454 2740 2527 ἐμπροσθίοις
2775 2454 2934 2508 ποσὶν
2963 2448 3050 2508 οἷα
3082 2453 3265 2525 χερσὶ,
3308 2451 3404 2505 τοῦ
3439 2468 3630 2523 παρα-

2039 2549 2295 2619 τυχόντος
2329 2547 2718 2617 δραττόμενος,
2749 2545 3049 2600 κάντεῦθεν
3074 2543 3494 2615 στηριζόμενος,
3531 2543 3632 2597 καὶ

2041 2643 2225 2706 καλῶς
2256 2643 2356 2706 τὰς
2385 2642 2574 2713 βάσεις
2610 2640 2933 2712 ποιούμενος
2956 2637 3262 2710 γαλεώτης,
3293 2637 3643 2708 εὐχείρωτος.

2038 2737 2128 2790 διά
2163 2734 2263 2806 τὴν
2295 2733 2507 2788 οἰκείαν
2540 2734 2807 2804 ὑπάρχων
2856 2732 3167 2794 ἀσθένειαν,
3198 2730 3295 2784 καὶ
3339 2731 3397 2782 ὲν
3438 2729 3637 2790 αὑτοῖς

2039 2827 2154 2889 τοῖς
2226 2824 2599 2897 ὀχυρωτάτοις
2665 2824 2837 2888 οἴκοις
2907 2823 3015 2877 τῶν
3081 2821 3348 2893 βασιλέων
3422 2819 3633 2873 cimini-

2040 2915 2333 2988 τοιγαροῦν
2390 2915 2530 2986 πρὸς
2580 2913 2788 2981 ταῦτα,
2846 2913 2949 2968 κᾶν
2998 2912 3066 2967 τά
3109 2912 3281 2981 ἄλογα
3331 2910 3452 2974 ζῶα
3508 2909 3636 2980 βλέ-

2043 3025 2189 3074 πων,
2241 3005 2532 3079 ἄνθρωπε,
2591 3007 2621 3059 6
2652 3004 2797 3074 λόγῳ
2850 3004 3139 3075 τιμηθεὶς,
3183 3004 3280 3057 καὶ
3328 3002 3408 3066 ὡς
3459 3000 3637 3054 εἰκὼν

2042 3096 2181 3153 Θεοῦ
2226 3099 2365 3169 πρὸς
2414 3097 2476 3151 τὸ
2521 3096 2831 3169 ἀρχέτυπον
2862 3097 2995 3167 ὁρᾷν
3040 3093 3373 3159 κελευσθεὶς,
3407 3093 3486 3163 μὴ
3526 3093 3637 3162 τὴν

353 3185 619 3253 praesenti
671 3188 1041 3256 Operationis,
1081 3204 1330 3259 praepara
1363 3191 1463 3246 tibi
1496 3192 1550 3247 in
1583 3192 1771 3249 futuro
1798 3195 1937 3251 frui.

2045 3189 2327 3244 ἀσθένειαν
2394 3188 2498 3259 τῆς
2574 3187 2778 3257 σαρκὸς
2845 3187 2927 3250 είς
2993 3185 3253 3256 ἀθέτησιν
3314 3183 3635 3255 προϐάλλου

354 3276 579 3338 tionem,
627 3282 687 3331 ct.
732 3275 786 3332 iu
851 3278 1218 3331 tentationum
1262 3278 1601 3348 incursibus,
1660 3283 1786 3355 fuge
1831 3285 1936 3341 sub

352 3374 596 3419 tutamen
628 3367 937 3436 spiritualis
957 3378 1153 3440 petrae,
1190 3386 1313 3441 quae
1335 3382 1419 3428 est
1444 3373 1732 3444 Christus;
1763 3369 1940 3449 SpiriJ

351 3467 440 3509 tus
474 3456 650 3512 sancti
679 3466 1017 3517 armaturam
1055 3459 1306 3528 indutus,
1338 3462 1485 3518 bono
1522 3464 1719 3523 ordine
1752 3483 1935 3538 pugna

353 3549 618 3605 adversus
676 3551 892 3609 hostem
958 3553 1234 3610 malorum
1297 3565 1639 3624 auctorem;
1700 3559 1936 3629 primum

351 3642 571 3715 quidem
605 3643 877 3700 mundare
900 3642 993 3700 Dei
1021 3647 1253 3714 timore;
1290 3646 1490 3705 deinde
1532 3664 1631 3720 spe
1666 3650 1937 3706 honorum

351 3734 669 3790 futurorum
695 3736 1064 3805 illuminatus,
1093 3739 1366 3798 charitate
1401 3743 1620 3798 tandem
1656 3743 1725 3799 ad
1751 3744 1940 3815 perfe-

351 3830 589 3882 ctionem
629 3829 938 3898 pervenies.
972 3828 1239 3886 Practicis
1281 3832 1479 3888 anima:
1513 3840 1620 3887 tum
1655 3834 1936 3903 potentiis,

351 3922 598 3991 appetitu
645 3923 854 3982 scilicet
874 3923 1300 3994 concupiscibili
1330 3931 1384 3980 et
1415 3923 1680 3980 irascibili
1712 3965 1728 3988 ,
1777 3925 1939 3995 quasi

349 4013 680 4082 quibusdam
710 4015 989 4081 manibus,
1018 4015 1285 4082 innitens,
1319 4025 1472 4072 recte
1502 4018 1718 4073 ambula
1750 4006 1814 4072 in
1840 4017 1945 4073 Dei

351 4105 650 4173 mandatis,
684 4114 775 4172 ut,
795 4107 1054 4182 quamvis
1087 4108 1157 4164 ab
1195 4108 1420 4163 inimico
1441 4107 1511 4163 ob
1552 4108 1741 4165 carnis
1785 4108 1940 4164 inﬁr-

348 4197 605 4253 mitnlem.
644 4196 809 4255 facile
865 4197 985 4269 capi
1045 4201 1265 4268 possis,
1317 4198 1764 4271 inexpugnabilis
1835 4199 1940 4272 ipsi

350 4301 574 4343 maneas
601 4287 657 4342 in
688 4288 893 4343 divinis
921 4290 1234 4360 praeceptis,
1270 4291 1327 4346 in
1350 4291 1553 4362 quibus
1590 4306 1941 4347 commoran-

347 4382 441 4427 tur
465 4378 743 4446 sapientes
792 4378 1159 4449 cogitationes
1217 4395 1340 4451 qua:
1395 4369 1940 4453 legitime'prael’atis

349 4467 618 4534 potentiis
646 4481 912 4538 praesunt.

2037 3283 2143 3352 τῆς
2198 3280 2295 3335 τοῦ
2344 3280 2481 3334 Θεοῦ
2532 3279 2789 3349 ἐντολῆς·
2847 3277 2971 3332 ἀλλ’
3004 3280 3064 3331 ἐν
3112 3276 3192 3348 τῷ
3243 3274 3483 3345 παρόντι·
3525 3274 3638 3342 τῆς

2040 3372 2304 3444 ἐργασίας
2352 3370 2573 3443 καιρῷ,
2628 3368 2920 3439 εὐτρέπιζε
2976 3366 3193 3438 σεαυτῷ
3259 3366 3365 3438 τὴν
3428 3367 3513 3428 εἰς
3566 3364 3637 3417 τὸ

2016 3446 2021 3461 ’
2042 3465 2240 3539 μέλλον
2294 3463 2629 3521 ἀπόλαυσιν*
2683 3462 2777 3517 καὶ
2829 3463 2888 3514 ἐν
2946 3464 3067 3524 ταῖς
3131 3459 3241 3512 τῶν
3300 3455 3635 3530 πειρασμῶν

2039 3554 2393 3628 προσϐολαῖς,
2448 3552 2556 3607 ὑπὸ
2603 3551 2703 3622 τὴν
2750 3551 2961 3620 σκέπην
3011 3551 3110 3621 τῆς
3168 3550 3369 3619 νοητῆς
3418 3549 3632 3619 πέτρας

2039 3648 2346 3719 κατάφυγε,
2380 3646 2504 3717 ἥτις
2562 3643 2712 3697 ἐστὶν
2759 3643 2788 3695 6
2840 3642 3106 3713 Χριστός·
3159 3641 3255 3696 καὶ
3278 3638 3634 3704 αὑτεξούσιος

2039 3738 2139 3805 ὢν,
2163 3739 2298 3791 ἐπου
2324 3736 2402 3808 τῷ
2432 3734 2564 3806 θείῳ
2601 3733 2989 3805 προστάγματι
3011 3748 3027 3763 °
3052 3731 3152 3803 τὴν
3182 3729 3492 3785 πανοπλίαν
3530 3726 3636 3781 τοῦ

2040 3829 2361 3898 Πνεύματος
2411 3826 2779 3896 ἐνδυσάμενος
2803 3865 2820 3891 ,
2871 3824 2969 3878 καὶ
3003 3823 3286 3886 εὐτάκτως
3339 3821 3420 3892 τῷ
3460 3821 3635 3892 ἀρχε-

2041 3921 2197 3991 κάκῳ
2220 3918 2401 3991 ἐχθρῷ
2437 3916 2966 3987 ἀνταγωνιζόμενος,
2994 3917 3054 3968 ἐν
3081 3915 3160 3985 τῷ
3184 3913 3405 3985 πρῶτον
3432 3915 3535 3983 μέν
3564 3928 3631 3966 σε

2040 4013 2120 4087 τῷ
2158 4010 2251 4066 τοῦ
2275 4011 2412 4064 Θεοῦ
2433 4009 2586 4080 φόϐῳ
2611 4005 2980 4080 καθαίρεσθαι
3003 4023 3017 4038 ο
3044 4005 3240 4060 ἔπειτα
3269 4004 3331 4059 δὲ
3350 4007 3420 4074 τῇ
3448 4004 3630 4058 ἑλπίδι

2040 4106 2150 4159 τῶν
2184 4104 2494 4177 μελλόντων
2542 4099 2766 4169 ἀγαθῶν
2815 4098 3175 4170 φωτίζεσθαι,
3219 4097 3315 4152 καὶ
3360 4096 3507 4150 οὕτω
3557 4097 3631 4167 τῇ

2041 4196 2241 4270 ἀγάπῃ¹
2261 4192 2509 4263 γίνεσθαι
2552 4192 2795 4246 τέλειον·
2843 4190 2939 4244 καὶ
2976 4191 3098 4253 ταῖς
3147 4190 3481 4258 πρακτικαῖς
3526 4188 3630 4255 τῆς

2039 4287 2219 4359 ψυχῆς
2241 4286 2529 4356 δυνάμεσι,
2567 4287 2634 4355 τῇ
2664 4301 2726 4336 τε
2759 4281 3031 4354 ἐπιθυμίᾳ
3071 4281 3167 4334 καὶ
3199 4279 3279 4351 τῷ
3313 4277 3497 4348 θυμῷ,
3536 4271 3629 4330 οἷά

2040 4396 2153 4434 τισι
2183 4377 2341 4451 χερσὶ
2391 4375 2807 4448 στηριζόμενος,
2843 4370 3029 4439 καλῶς
3075 4370 3226 4441 βαῖνε
3266 4369 3355 4422 διὰ
3383 4367 3494 4421 τῶν
3528 4365 3626 4420 τοῦ

1928 4526 1941 4537 ,
2046 4468 2184 4525 Θεοῦ
2236 4467 2504 4522 ἐντολῶν·
2561 4467 2633 4521 ἵν’
2674 4466 2731 4519 εί
2766 4465 2863 4520 καὶ
2910 4464 3183 4536 ὑπάρχεις
3225 4462 3501 4525 εὐάλωτος
3550 4459 3629 4530 τῷ

343 4557 526 4629 ἐχθρῷ
553 4559 643 4614 διὰ
670 4560 779 4632 τὴν.
796 4561 1081 4619 ἀσθένειαν
1102 4564 1204 4634 τῆς
1225 4561 1449 4634 σαρκὸς,
1479 4562 1932 4627 ἀνεπιϐούλευτος
1959 4562 2111 4636 αὐτῷ
2138 4561 2409 4637 διαμένῃς
2441 4561 2500 4614 ἐν
2527 4560 2642 4622 τοῖς
2669 4558 2839 4623 θείοις
2904 4557 3325 4627 προστάγμασιν
3350 4569 3365 4582 ·
3412 4555 3475 4606 ἐν
3538 4545 3627 4610 οἷς

343 4652 731 4724 παραμένουσι.
760 4654 854 4707 καὶ
891 4655 941 4707 oi
968 4653 1389 4719 ἐπιστατοῦντες
1423 4654 1669 4725 ἐννόμως
1696 4655 1816 4718 ταῖς
1845 4653 2170 4726 εἰρημέναις
2194 4651 2493 4722 δυνάμεσιν
2522 4648 2797 4720 ἔμφρονες
2830 4644 3113 4717 λογισμοί.

394 4768 567 4825 ‘Vens.
584 4767 677 4833 ‘29,
691 4768 782 4824 '50.
808 4768 932 4822 Tria
947 4777 1070 4822 sunt
1083 4784 1201 4839 quis
1216 4771 1339 4824 bene
1355 4768 1697 4839 gradiuntur,
1716 4775 1765 4823 et
1781 4755 1938 4839 quar-

2114 4766 2303 4833 κθ’,λ⁹.
2342 4766 2481 4834 Τρία
2515 4764 2584 4819 δέ
2605 4764 2778 4819 ἐστιν
2813 4759 2854 4816 ἆ
2880 4761 3107 4826 εὐόδως
3141 4759 3487 4828 πορεύεται,
3523 4758 3629 4812 καί

339 4872 461 4917 tum
480 4861 619 4931 quod
643 4858 843 4916 incedit
860 4858 1090 4929 feliciter
1109 4875 1128 4913 :
1162 4857 1389 4915 Catulus
1410 4859 1576 4914 leonis
1602 4857 1930 4927 fortissimus

338 4954 662 5020 bestiarum,
682 4953 775 5023 qui
820 4968 932 5008 non
949 4951 1209 5007 auertitur
1254 4966 1417 5022 neque
1449 4949 1631 5009 horret
1683 4950 1928 5007 bestiam.

341 5045 818 5113 Quemadmodum
851 5044 959 5103 tria
1001 5043 1118 5099 haec
1162 5042 1285 5099 sine
1322 5042 1621 5099 obstaculo
1669 5042 1933 5113 gradiun-

344 5153 455 5202 tur,
478 5146 533 5195 et
558 5145 816 5209 quartum
851 5135 1086 5195 feliciter
1107 5136 1357 5192 incedit:
1393 5145 1449 5192 et
1485 5135 1703 5191 catulus
1734 5134 1939 5196 leonis,

341 5231 683 5289 fortissimus
739 5231 1045 5286 bestiarum
1105 5243 1173 5287 ac
1195 5228 1264 5287 ab
1298 5229 1485 5299 aliqua
1532 5226 1713 5283 bestia
1753 5240 1935 5299 neque

344 5323 570 5379 territus
613 5332 792 5393 neque
820 5321 1002 5377 victus
1034 5338 1050 5389 ;
1085 5329 1140 5376 et
1189 5320 1368 5392 gallus
1401 5316 1737 5389 impavidus,
1786 5317 1934 5375 inter

340 5417 578 5488 gallinas
607 5414 1013 5481 deambulans;
1047 5422 1101 5470 et
1144 5413 1335 5469 hircus
1365 5426 1682 5483 caprarum,
1713 5425 1933 5482 gregem

341 5511 395 5564 in
435 5511 544 5564 alta
599 5508 721 5564 loca
758 5506 824 5560 ad
861 5504 1059 5575 pabula
1105 5503 1412 5571 deducens;
1473 5502 1702 5573 insuper
1737 5508 1793 5556 et
1838 5516 1935 5557 rex

343 5603 605 5674 populum
644 5597 977 5669 sibimetipsi
1030 5597 1311 5654 subditum
1359 5596 1604 5663 docens;
1648 5595 1723 5649 ita
1752 5608 1935 5650 sermo

339 5695 433 5764 qui
471 5708 503 5748 e
541 5701 725 5748 mente
754 5691 921 5759 cujus
977 5687 1342 5759 principatum
1418 5688 1505 5743 leo
1556 5685 1927 5747 subostendit,

342 5783 617 5855 procedit.
652 5781 907 5854 graditur
939 5780 993 5836 in
1031 5779 1310 5846 virtutem,
1336 5794 1433 5834 nec
1467 5780 1618 5833 timet
1650 5777 1935 5847 passiones

2028 4858 2313 4927 τέταρτον
2359 4856 2391 4911 6
2431 4848 2639 4923 καλῶς
2673 4853 2968 4909 διαϐαίνει
2990 4867 3007 4882 ο
3032 4850 3308 4921 σκύμνος
3348 4848 3625 4915 λέοντος,

2033 4949 2423 5021 ἰσχυρότερος
2444 4945 2686 5015 κτηνῶν
2704 4961 2718 4977 ο
2753 4943 2824 5010 ὃς
2857 4946 2970 4999 οὐκ
2994 4940 3463 5010 ἀποστρέφεται,
3481 4939 3631 4995 οὐδὲ

2032 5036 2447 5105 καταπτήσσει
2470 5033 2715 5104 κτῆνος.
2737 5030 3010 5102 Καθάπερ
3024 5031 3092 5086 τὰ
3114 5030 3239 5101 τρία
3261 5026 3454 5095 ταῦτα,
3474 5030 3627 5083 ἀκω-

2033 5131 2208 5194 λύτως
2226 5129 2524 5201 διέρχεται,
2560 5125 2739 5180 καὶτὸ
2762 5123 3029 5194 τέταρτον
3053 5120 3319 5177 διαϐαίνει
3345 5117 3530 5182 καλῶς
3557 5133 3576 5148 ·
3597 5119 3628 5173 ὅ

2034 5242 2095 5280 τε
2135 5223 2374 5294 σκύμνος
2397 5218 2493 5274 τοῦ
2524 5219 2767 5283 λέοντοςἸ
2791 5215 3054 5287 ὑπάρχων
3088 5214 3199 5269 τῶν
3228 5213 3443 5283 κτηνῶν
3471 5214 3626 5282 lqu-

2042 5317 2163 5388 ρότε
2173 5331 2289 5386 ρος,
2311 5312 2410 5368 καὶ
2435 5312 2575 5383 μήτε
2597 5308 2929 5379 πτοούμενος
2952 5307 3172 5377 κτῆνος,
3205 5307 3343 5377 μήτε
3365 5304 3476 5359 ἀπὸ
3497 5305 3625 5357 τού-

2038 5424 2132 5460 του
2158 5408 2472 5476 ἡττώμενος
2491 5419 2508 5435 ·
2535 5402 2632 5456 καὶ
2650 5401 2678 5454 6
2702 5397 3020 5470 ἀλεκτρυὼν
3046 5399 3106 5451 ἐν
3130 5396 3441 5466 ἀλεκτορίσι
3464 5403 3625 5473 περιέ

2042 5495 2225 5549 πατῶν
2255 5492 2457 5562 ἄφοϐος
2480 5507 2494 5522 °
2556 5490 2655 5545 καὶ
2707 5492 2737 5543 6
2764 5489 2988 5560 τράγος,
3030 5485 3232 5558 ἀγέλης
3280 5486 3456 5553 αἰγῶν
3486 5484 3622 5556 πρὸς

2040 5588 2139 5651 τὰς
2174 5588 2233 5639 ἐν
2260 5586 2373 5649 τοῖς
2401 5582 2752 5654 ὑψηλοτέροις
2775 5580 2962 5642 τόποις
2982 5579 3155 5650 νομὰς
3178 5576 3621 5647 προηγούμενος·

2043 5677 2180 5748 πρὸς
2201 5676 2278 5741 δὲ,
2295 5677 2387 5730 καὶ
2418 5673 2688 5745 βασιλεὺς,
2716 5675 2744 5729 6
2764 5671 2939 5744 δῆμον
2952 5670 3138 5733 ἔθνους
3168 5667 3414 5740 ὑπηκόου
3439 5666 3620 5736 ἐαυτῷ

2034 5769 2326 5834 διδάσκων,
2355 5765 2499 5821 οὕτω
2532 5766 2627 5821 καὶ
2651 5767 2680 5819 6
2706 5766 2772 5819 ἐκ
2803 5761 2899 5819 τοῦ
2928 5763 3068 5830 νοὸς,
3094 5754 3155 5817 οὗ
3188 5760 3250 5815 τδ
3287 5757 3619 5832 ἡγεμονικὸν
