3900 6228
487 374 623 436 1535

480 677 596 723 tum
636 668 799 737 hujus
846 667 1040 723 modos
1088 668 1428 738 recogitans.

552 759 620 812 Et
653 769 875 814 mentem
914 767 1062 812 tuam
1092 767 1143 814 et
1182 759 1345 814 vitam
1383 760 1441 813 in
1470 775 1648 815 seram
1699 762 1914 816 consilii
1945 776 2063 815 mu-

481 852 756 905 tationem.
816 849 1007 921 Neque
1065 853 1265 908 mentis
1324 860 1431 906 tute
1485 854 1942 923 speculationem,
2009 861 2062 906 et

478 945 624 998 circa
663 945 831 996 vitam
880 943 935 997 in
969 957 1138 997 carne
1167 954 1222 997 et
1269 946 1476 999 mundo
1525 945 1836 1008 actionem;
1875 946 2061 1000 tradas

479 1035 535 1089 in
573 1034 972 1105 experientiam
1027 1033 1186 1100 mali,
1232 1034 1394 1104 cujus
1449 1034 1745 1105 aliquando
1776 1043 1830 1091 te
1883 1038 2060 1105 paeni-

481 1127 635 1182 lebit.

551 1218 722 1274 Vens.
764 1222 818 1275 4.
871 1220 1002 1275 Cum
1036 1221 1258 1276 consilio
1306 1222 1484 1275 omnia
1522 1221 1641 1290 fac;
1672 1235 1791 1273 cum
1834 1220 2059 1273 consitio

478 1313 659 1365 vinum
690 1323 835 1380 pota.
883 1311 1162 1367 Rationali
1215 1313 1555 1368 discretione
1589 1313 1779 1382 accipe
1828 1321 2058 1365 natura-

478 1402 586 1455 lem
618 1404 1003 1460 exsistentium
1022 1404 1541 1473 contemplationem
1558 1418 1683 1473 quae
1705 1404 1850 1459 sicut
1870 1405 2054 1458 vinum

478 1494 844 1563 spiritualiter
913 1510 1011 1550 cor
1080 1495 1341 1551 laetiﬁcat.
1400 1494 1503 1562 Qui
1560 1493 1861 1551 ellrenatus
1931 1505 2053 1560 est,

476 1594 717 1639 tuentem
748 1598 793 1641 ‘a
834 1589 1066 1645 veritate
1105 1588 1359 1645 excidere
1399 1588 1555 1654 facit,
1603 1599 1659 1643 et
1704 1592 1759 1643 in
1804 1591 2057 1661 praecipi-

478 1678 616 1729 tium
656 1678 850 1734 fertur.

549 1767 717 1824 Vtzns.
774 1772 829 1826 5.
885 1773 1131 1829 Potentes
1163 1776 1409 1830 iracundi
1452 1783 1620 1840 sunt;
1651 1776 1831 1830 viuum
1877 1783 2052 1830 autem

476 1879 580 1917 non
624 1863 827 1933 bibant,
858 1883 920 1922 ne
955 1868 1188 1924 bibentes
1238 1869 1620 1925 obliviscantur
1650 1870 1950 1937 sapientiae,
1998 1879 2047 1922 et

474 1964 614 2007 recte
675 1971 778 2010 non
814 1960 1021 2024 possint
1056 1960 1309 2030 judicare
1346 1961 1661 2016 imbecilles.
1699 1961 1803 2027 Qui
1837 1961 2049 2030 passio-

473 2060 572 2101 nes
611 2049 950 2119 subegerunt
983 2060 1035 2105 et
1079 2054 1339 2108 moralem
1396 2062 1545 2108 recte
1582 2054 1880 2107 observant
1922 2051 2049 2121 phi-

472 2135 801 2209 losophiam,
828 2144 1021 2197 armati
1058 2155 1187 2198 sunt
1221 2152 1411 2198 contra
1436 2151 1749 2215 serpentem
1791 2144 2051 2213 spiritua-

382 2234 391 2243 ’
472 2229 599 2285 lem.
648 2233 905 2289 Attamen
964 2237 1154 2290 laudes
1207 2236 1491 2291 hominum
1538 2253 1636 2292 eos
1670 2237 1813 2292 sicut
1858 2237 2045 2290 vinum

472 2321 814 2381 lmtiticantes
846 2343 914 2382 ne
952 2328 1223 2398 accipiant
1252 2368 1266 2392 ,
1301 2344 1368 2383 ne
1394 2328 1747 2398 accipientes,
1791 2336 2048 2383 avertan-

471 2415 561 2463 tur
586 2426 615 2464 a
648 2414 915 2481 sapientia
942 2455 957 2477 ,
1013 2418 1174 2486 cujus
1223 2418 1505 2487 proprium
1538 2427 1622 2472 est
1656 2419 2045 2473 exaltationem

469 2498 525 2552 iu
564 2501 871 2559 humilitate
898 2507 1227 2575 ostendere;
1266 2524 1332 2561 ne
1356 2507 1661 2563 elevations
1691 2524 1757 2563 ex
1791 2507 2047 2563 laudibus

468 2592 725 2646 excaecati
760 2608 1037 2664 nequeant
1067 2600 1416 2654 considerare
1444 2600 1766 2655 iutirmitate
1797 2600 2043 2666 indutos,

468 2693 674 2750 eosque
732 2694 884 2741 recte
944 2686 1193 2757 judicare
1223 2700 1278 2744 et
1341 2705 1588 2762 congruo
1655 2690 1869 2760 dignari
1929 2704 2047 2745 ser-

469 2772 626 2829 vitio.

537 3058 706 3114 Vens.
764 3062 815 3115 6.
856 3062 987 3119 Date
1033 3068 1336 3122 ebrietatem
1388 3071 1453 3123 iis
1489 3070 1673 3140 quiin
1709 3073 2041 3126 maeroribus.

1776 336 2136 437 enocomt
2175 369 2414 434 GAZEI

479 495 678 555 gentia:
708 494 813 539 tua:
842 484 1061 540 divitias
1091 484 1145 537 iu
1180 484 1598 541 irrationalibus
1654 486 2047 555 concupiscen-

2166 481 2275 534 σῶν
2298 482 2516 553 φρενῶν
2542 484 2666 545 ταῖς
2694 482 2914 551 ἀλόγοις
2941 500 3127 555 επιυυ,

479 578 574 632 tiis
618 591 883 631 sensuum
914 576 1216 645 voluptatis
1263 590 1334 631 ne
1368 574 1692 647 impendas;
1731 579 1921 633 varios
1950 586 2067 632 tan-

3630 378 3770 441 1ῗῦρὸ

3243 533 3260 550 ,
3294 528 3309 539 .
3340 520 3382 556 ,ς
3415 486 3542 541 κατ’
3566 489 3772 558 aiat?

2169 590 2253 626 σιν
2299 575 2514 645 ἡδονῆς,
2570 577 3000 649 καταναλώσῃς’
3061 578 3260 648 μόνους
3295 581 3423 642 τοὺς
3477 580 3767 646 ποικίλους

2164 665 2370 737 ταύτης
2399 667 2639 738 τρόπους
2667 668 2918 723 ἐπινοῶν.

2241 758 2354 813 Τὸν
2406 760 2526 814 σὸν
2577 760 2731 815 νοῦν
2768 761 2869 815 καί
2901 762 3047 826 ,βίον
3098 766 3188 830 εις
3248 765 3761 833 ὑστεροόὀυλίστ.

2163 849 2319 918 Μηδὲ
2344 850 2406 903 τδ
2436 850 2534 904 τοῦ
2556 852 2677 916 νοός
2716 869 2810 906 σου
2841 852 3200 924 θεωρητικὸν,
3240 859 3337 909 καὶ
3388 856 3453 909 τὸ
3504 856 3647 926 περὶ
3673 856 3764 925 τὴν

2163 942 2221 994 ἐν
2245 944 2411 1011 σαρκὶ
2442 944 2536 997 καὶ
2570 945 2761 1015 κόσμῳ
2786 945 2971 1018 βιοτήν
3007 964 3104 1000 σου
3133 947 3439 1015 πρακτικὸν
3458 989 3474 1012 ,
3524 950 3612 1011 είς
3649 953 3761 1001 πεῖ-

2165 1050 2263 1106 ραν
2287 1036 2456 1105 ἐκδῴς
2489 1038 2586 1090 τοῦ
2634 1039 2845 1093 κακοῦο
2893 1039 2954 1106 ἐξ
2985 1032 3048 1092 οὗ
3105 1042 3188 1094 σοί
3224 1057 3353 1093 ποτε
3410 1041 3789 1109 συμϐήσεται

2164 1129 2590 1196 μεταμέλεσθαι.

2228 1220 2298 1273 δ’.
2337 1220 2498 1274 Μετὰ
2536 1221 2783 1289 ,βουλῆς
2828 1222 3028 1276 πάντα
3082 1224 3270 1277 ποίεν
3318 1225 3473 1292 μετὰ
3515 1225 3768 1290 ,ϐουλῆς

2158 1312 2477 1365 οίνοπότει.
2519 1312 2676 1364 Μετά
2706 1313 2937 1383 λογικῆς
2982 1314 3309 1383 διακρίσεως
3359 1316 3765 1384 μεταλαμϐανε

2157 1399 2258 1467 τῆς
2291 1399 2445 1471 δίκην
2476 1402 2619 1454 οῐνου
2642 1404 3046 1476 εὐφραινούσης
3088 1406 3317 1471 καρδίαν
3353 1408 3767 1476 πνευματικῶς

2158 1493 2393 1562 φυσικῆς
2425 1492 2658 1564 θεωρίας
2702 1496 2812 1549 τῶν
2862 1497 3068 1549 ὄντων*
3120 1498 3244 1568 ἥτις
3289 1499 3388 1555 ἐὰν
3419 1499 3767 1568 ἀχαλίνωτος

2156 1579 2213 1655 ᾖ,
2240 1582 2332 1636 τὸν
2358 1582 2484 1639 νοῦν
2505 1586 2604 1656 τῆς
2630 1586 2890 1657 ἀληθείας
2922 1588 3209 1660 μεθίστησι
3227 1632 3242 1654 ,
3290 1590 3389 1642 καὶ
3421 1591 3594 1660 φέρει
3626 1593 3766 1644 κατὰ

2157 1675 2433 1747 κρημνοῦ.
2526 1718 2534 1725 .

2224 1771 2371 1823 ε’.οἱ
2394 1768 2686 1823 δυνάσται
2718 1770 3009 1839 θυμὼδεις
3037 1774 3221 1838 εἰσίν,
3255 1770 3433 1828 οἶνον
3464 1776 3563 1844 μὴ
3595 1776 3764 1829 πινέ-

2156 1875 2381 1923 τωσαν,
2413 1861 2517 1914 ἵνα
2536 1860 2622 1929 μὴ
2648 1864 2911 1928 πιόντες,
2935 1864 3338 1919 ἐπιλάθωνται
3358 1865 3476 1935 τῆς
3506 1870 3762 1936 σοφίας,

2150 1952 2247 2006 καὶ
2276 1951 2420 2019 ὀρθὰ
2454 1952 2650 2020 κρῖναι
2689 1957 2761 2009 οὐ
2791 1955 2878 2023 μὴ
2908 1956 3207 2010 δύνωνται
3250 1959 3397 2022 τοὺς
3443 1959 3761 2025 ἀσθενεῖς.

2149 2045 2212 2097 0i
2240 2044 2660 2110 δυναστεύοντες
2693 2049 2836 2101 κατά
2883 2049 2994 2102 τῶν
3042 2049 3252 2114 παθῶν,
3296 2052 3393 2103 καὶ
3423 2052 3533 2121 τὴν
3562 2051 3765 2122 ἠθικὴν

2148 2136 2544 2207 κατορθοῦντες
2573 2136 2921 2208 φιλοσοφίαν,
2956 2140 3292 2211 ὡπλισμένοι
3329 2144 3443 2195 εἶσὶ
3490 2143 3581 2214 τῷ
3608 2144 3765 2216 θυμῷ

2147 2229 2289 2283 κατά
2319 2227 2415 2282 τοῦ
2450 2229 2641 2299 νοητοῦ
2670 2231 2846 2300 ὄφεως
2874 2247 2886 2260 ·
2917 2232 3104 2286 λοιπὸν
3144 2234 3237 2286 τοῦ
3280 2236 3414 2304 παρ’
3440 2236 3764 2307 ἀνθρώπων

2147 2320 2393 2383 ἐπαίνου,
2427 2319 2523 2373 τοῦ
2561 2321 2720 2390 δίκην
2750 2322 2899 2375 οῐνου
2939 2322 3164 2386 τούτους
3208 2324 3646 2394 εὐφραίνοντος,
3694 2326 3761 2396 μὴ

2151 2409 2755 2481 μεταλαμϐανέτωσανο
2797 2412 2947 2475 ὅπως
2982 2413 3059 2482 μὴ
3114 2413 3532 2481 μεταλαῦὀντες
3568 2416 3762 2479 αὑτοῦ,

2147 2501 2510 2555 ἐπιλάθωνται
2536 2506 2637 2574 τῆς
2678 2504 2872 2571 σοφίας
2900 2520 2915 2536 ο
2961 2500 3031 2573 ἧς
3075 2505 3206 2558 ἴδιον
3245 2506 3306 2558 τὸ
3333 2508 3760 2561 ἐπιδείκνυσθαι

2145 2594 2208 2647 τὸ
2241 2595 2446 2665 ὑψηλὸν
2492 2598 2550 2650 ἐν
2603 2596 2681 2666 τῷ
2733 2596 3011 2665 ταπεινῴο
3056 2596 3149 2649 καὶ
3183 2597 3585 2662 σκοτισθέντες
3606 2605 3676 2670 τῇ
3704 2604 3760 2653 ἐκ

2146 2684 2256 2738 τῶν
2296 2685 2532 2739 ἐπαίνων
2565 2686 2823 2758 ἐπάρσει,
2858 2686 3276 2758 ἀδυνατήσωσιν
3305 2690 3759 2746 ἐπισκέπτεσθαι

2146 2792 2207 2828 τε
2240 2777 2367 2840 τοὺς
2419 2779 2841 2850 περικειμένους
2889 2779 3199 2843 ἀσθένειαν,
3255 2780 3353 2833 καὶ
3389 2780 3467 2833 τὰ
3502 2785 3635 2836 κατ’
3661 2787 3754 2838 αὖ·

2146 2871 2271 2933 τοὺς
2303 2870 2597 2942 διακρίνειν
2630 2873 2829 2941 καλῶς,
2855 2875 2949 2927 καὶ
2979 2873 3079 2945 τῆς
3125 2873 3533 2946 προσηκούσης
3567 2875 3753 2941 ἀξιοῦν

2149 2962 2468 3035 θεραπείας.

2220 3054 2295 3121 ς’.
2327 3055 2529 3111 Δίδοτε
2543 3056 2736 3127 μέθην
2757 3057 2880 3125 τοῖς
2911 3058 2981 3112 ἐν
3017 3059 3260 3124 λύπαις.
3312 3058 3609 3131 Παρέχετε
3657 3061 3750 3129 τὴν

472 3146 602 3205 Date
636 3153 876 3208 laetitiam
910 3171 976 3209 ex
1018 3158 1275 3214 laudibus
1320 3161 1386 3215 iis
1439 3164 1530 3230 qui
1577 3178 1756 3232 neque
1808 3165 2040 3233 gloriam

2164 3152 2212 3200 in
2237 3146 2346 3201 τῶν
2374 3148 2611 3203 ἐπαίνων
2643 3150 2988 3221 εὐφροσύνην
3014 3154 3125 3215 τοῖς
3166 3152 3630 3222 ἀποτυγχάνουσι
3654 3152 3746 3220 τῆς

467 3241 753 3334 caducam,
802 3262 980 3315 neque
1026 3249 1302 3318 perituras
1339 3251 1560 3309 divitias
1612 3256 2039 3327 concupiscunt.

539 3419 606 3475 Et
641 3425 816 3480 vinum
853 3427 1024 3483 bibere
1064 3430 1130 3483 iis
1168 3431 1260 3501 qui
1306 3432 1361 3485 in
1408 3431 1706 3488 doloribus.
1760 3432 2043 3492 Laudibus

468 3514 763 3585 diguamini
803 3534 899 3574 eos
929 3522 1020 3589 qui
1046 3533 1176 3576 sunt
1218 3523 1271 3576 in
1301 3522 1585 3580 doloribus
1622 3527 1898 3595 corporis.

542 3608 702 3663 Vens.
741 3609 791 3665 7.
834 3608 902 3664 Ut
937 3611 1313 3667 obliviscantur
1348 3618 1682 3698 paupertatis
1715 3626 1764 3671 et
1796 3617 2043 3672 laborum

466 3715 569 3753 non
612 3701 955 3756 recordentur
992 3705 1158 3761 ultra.
1201 3704 1272 3762 Ut
1303 3707 1381 3762 illi
1417 3709 1815 3765 obliviscantur
1848 3724 2044 3765 neces-

466 3791 740 3844 sariorum
787 3791 987 3863 inopia:
1028 3809 1151 3865 qua)
1184 3798 1422 3853 conterit
1458 3814 1590 3867 eos;
1624 3808 1679 3855 et
1707 3816 1816 3855 non
1856 3816 2045 3856 recor-

462 3884 667 3939 dentur
701 3887 885 3943 carnis
921 3887 1163 3946 dolores.

535 4056 702 4115 Vens.
727 4062 781 4117 8.
809 4063 965 4133 Aperi
995 4082 1051 4119 os
1085 4075 1235 4121 tuum
1263 4069 1415 4123 verbo
1447 4069 1558 4136 Dei,
1589 4081 1638 4125 et
1653 4072 1841 4141 judica
1865 4092 2043 4132 omnes

462 4161 620 4207 recte.
667 4154 762 4209 Dei
804 4156 1082 4215 mandatis
1113 4160 1264 4230 aperi
1304 4162 1462 4230 quasi
1494 4178 1559 4219 os
1590 4166 1790 4221 mentis
1826 4175 1931 4221 tuae
1961 4168 2047 4222 in-

460 4243 762 4310 tellectum,
797 4254 856 4301 ut
889 4262 1085 4317 panem
1117 4264 1147 4302 a
1175 4251 1753 4309 ctelodescendentem
1779 4257 2041 4328 excipiat,

457 4344 518 4392 et
548 4345 746 4393 cuncta
779 4346 933 4395 recte
962 4340 1175 4410 judica.

2156 3238 2284 3309 περὶ
2306 3238 2404 3309 τὴν
2433 3240 2700 3311 ἐπίκηρον
2719 3240 2902 3306 δόξαν,
2937 3245 3031 3298 καὶ
3056 3243 3147 3296 τὸν
3178 3243 3558 3315 φθειρόμενον
3589 3243 3744 3297 πλοῦ-

2153 3346 2243 3382 τον
2273 3330 2596 3401 ἐπιθυμίας.

2227 3418 2332 3472 Καὶ
2363 3417 2532 3473 οἶνον
2551 3421 2752 3475 πίνειν
2769 3421 2892 3489 τοῖς
2910 3423 2980 3477 ὲν
3002 3425 3269 3491 ὀδύναις.
3302 3426 3415 3478 Καὶ
3445 3427 3745 3496 ἐγκωμίων

2151 3505 2367 3572 ἀξιοῦτε
2387 3511 2513 3572 τοὺς
2545 3512 2603 3563 ἐν
2628 3510 2843 3575 ὀδύναις
2874 3516 3230 3583 σωματικαῖς.

2222 3595 2287 3661 ζ’.
2320 3598 2444 3651 Ἵνα
2478 3598 2875 3654 ἐπιλάθωνται
2926 3600 3035 3666 τῆς
3054 3603 3298 3667 πενίας.
3342 3601 3443 3655 καὶ
3481 3598 3606 3653 τῶν
3635 3601 3737 3654 πό-

2151 3705 2275 3742 νων
2291 3688 2378 3757 μὴ
2407 3689 2765 3757 μνησθῶσιν
2804 3691 2913 3745 ἔτι.
2949 3693 3137 3755 Ὅπως
3162 3695 3361 3745 ἐκεῖνοι
3387 3692 3499 3762 μὲν
3520 3693 3581 3746 ἐν
3609 3691 3735 3760 λήθῃ

2152 3781 2415 3847 γένωνται
2454 3782 2554 3851 τῆς
2583 3782 2880 3853 πιεζούσης
2913 3784 3137 3846 τούτους
3175 3782 3384 3845 ἐνδείας
3419 3783 3534 3835 τῶν
3576 3786 3734 3848 ἀναγ-

2153 3872 2323 3927 καίων
2345 3889 2358 3902 ·
2393 3867 2538 3928 οὗτοι
2563 3874 2621 3927 δὲ
2645 3875 2793 3945 ἀμνη
2804 3877 3080 3945 μονήσωσι
3108 3875 3214 3927 τῶν
3242 3874 3449 3927 ὀδυνῶν
3478 3875 3579 3941 τῆς
3612 3891 3732 3939 σαρ-

2154 3966 2269 4029 κός.

2220 4059 2291 4128 η’.
2333 4060 2559 4129 Ἀνσιγε
2612 4060 2730 4114 σὸν
2777 4061 2974 4128 στόμα
2999 4060 3162 4128 λόγῳ
3218 4058 3391 4119 Θεοῦ,
3440 4058 3545 4111 καὶ
3574 4059 3734 4126 κρίνα

2152 4149 2348 4204 πάντα
2370 4151 2569 4219 ὑγιῶς.
2600 4152 2842 4205 Πλάτυνε
2878 4152 2942 4204 τὸ
2976 4153 3133 4221 δίκην
3175 4150 3447 4220 στόματος
3489 4151 3738 4205 δεκτικὸν

2150 4242 2242 4296 τοῦ
2274 4245 2337 4295 ἐκ
2377 4242 2470 4296 τοῦ
2521 4244 2750 4314 οὐρανοῦ
2807 4244 3142 4306 καταϐάντος
3172 4244 3362 4314 ἄρτου,
3421 4244 3609 4314 νοερὸν
3639 4246 3738 4313 τῆς

2151 4334 2328 4406 ψυχῆς
2359 4351 2472 4401 σου,
2508 4334 2681 4398 θείαις
2704 4335 2966 4398 ἐννοίαις’
3000 4336 3092 4388 καὶ⁷
3117 4335 3364 4405 διάκρινε
3412 4335 3595 4388 πάντα
3638 4352 3739 4388 κα-

2152 4423 2281 4487 λῶς.

531 4517 703 4576 Vens.
743 4522 797 4577 9.
833 4521 993 4591 Aperi
1019 4542 1076 4581 os
1111 4532 1279 4594 tuum,
1304 4527 1521 4595 etjuste
1537 4529 1745 4598 judica.
1787 4529 1948 4600 Aperi
1975 4546 2039 4587 os

2213 4516 2279 4568 θ’.
2320 4516 2558 4586 "Amare
2589 4516 2708 4570 σὸν
2739 4517 2958 4586 στόμα,
2985 4515 3082 4569 καὶ
3111 4516 3278 4584 etp/re
3300 4515 3571 4581 δικαίως.
3592 4516 3737 4569 Πλά-

459 4619 617 4665 tuum
652 4614 797 4683 quod
839 4626 1066 4685 apparet
1094 4620 1160 4673 ad
1191 4622 1531 4676 enuntianda
1574 4623 1669 4679 Dei
1700 4626 1954 4696 eloquia;
1988 4634 2042 4681 et

460 4704 764 4775 unicuique
796 4707 965 4765 redde
995 4711 1142 4781 quod
1174 4713 1279 4784 ipsi
1309 4718 1589 4786 competit.
1680 4744 1685 4747 -

535 4879 781 4949 Dijudica
834 4893 1011 4934 autent
1056 4895 1340 4950 pauperem
1385 4894 1432 4939 et
1486 4887 1777 4954 inﬁrmum.
1829 4889 1905 4944 Te
1945 4892 2040 4944 ad-

462 4973 653 5029 hortor
701 4985 761 5029 ut
814 4986 964 5030 recte
1006 4974 1223 5045 iudices
1282 4980 1665 5032 necessitatem
1720 4980 1934 5050 inopis,
1985 4990 2040 5035 et

460 5067 845 5121 necessitatem
872 5066 994 5135 ejus
1020 5066 1112 5137 qui
1137 5066 1424 5121 doloribus
1448 5070 1700 5137 corporis
1726 5078 2037 5141 torquetur,

456 5167 511 5213 ct.
543 5158 739 5212 exinde
774 5160 1075 5213 remedium
1111 5160 1253 5229 quod
1290 5160 1507 5230 utrique
1543 5163 1826 5217 convenit.

530 5247 699 5303 \‘t-zns.
746 5249 829 5303 10.
881 5250 1157 5305 Mulierem
1214 5252 1401 5320 fortem
1451 5252 1568 5321 quis
1622 5253 1836 5307 inveniet
1868 5253 2034 5309 ?Sibi

457 5340 704 5404 sociam,
762 5342 999 5395 invisum
1059 5341 1267 5396 doloris
1324 5344 1759 5409 experimentum
1824 5342 2042 5399 fortiter

456 5433 806 5496 tolerantem,
845 5441 899 5486 et
938 5432 1184 5501 jucunda
1223 5434 1501 5504 voluptate
1544 5451 1651 5488 non
1689 5437 2038 5502 vincendum,

454 5527 785 5592 sapientiast:
842 5526 1142 5596 perfectam
1196 5528 1361 5581 homo
1418 5544 1542 5581 raro
1595 5530 1880 5584 assumit:
1920 5546 2040 5585 rara

452 5614 601 5666 enim
638 5624 720 5667 est
758 5625 813 5670 et
856 5616 1024 5671 ardua
1066 5619 1192 5673 boni
1233 5619 1555 5689 acquisitio,
1588 5623 1804 5677 etiamsi
1842 5639 2039 5691 magna

462 5704 543 5756 vis
583 5703 772 5758 invitet
800 5714 853 5761 et
888 5709 1115 5764 alliciat.

2141 4625 2268 4661 τυνε
2311 4608 2405 4661 καὶ
2460 4609 2594 4662 αὑτό
2631 4625 2724 4662 σου
2752 4609 2813 4661 τὸ
2848 4608 3177 4677 φαινόμενον
3243 4609 3443 4678 στόμα,
3487 4611 3737 4680 προφορᾷ

2142 4699 2302 4753 θείων
2337 4700 2630 4771 ῥημάτων·
2683 4701 2778 4753 καὶ
2822 4699 3078 4753 ἀποδίδου
3128 4700 3343 4769 ἑκάστῳ
3389 4701 3453 4753 τὸ
3489 4702 3733 4772 πρόσφοο

2146 4807 2259 4861 ρον.

2211 4882 2484 4951 Διάκρινε
2509 4881 2578 4935 δὲ
2612 4882 2842 4949 πένητα
2876 4884 2975 4937 καὶ
3020 4884 3275 4952 ἀσθενῆ.
3314 4886 3633 4954 Διακρξνειν
3678 4887 3728 4939 δέ

2141 4971 2322 5034 καλῶς
2356 4989 2445 5025 σοι
2468 4972 2937 5043 παρακελεύομαι,
2964 4973 3064 5043 τήν
3093 4990 3152 5026 τε
3180 4973 3275 5026 τοῦ
3308 4974 3525 5037 ἐνδεοῦς
3561 4976 3726 5043 ἀναγ-

2142 5081 2266 5135 κην,
2296 5064 2392 5117 καὶ
2422 5066 2521 5135 τὴν
2552 5062 2645 5116 τοῦ
2677 5064 2892 5127 ὀδύναις
2949 5066 3311 5134 συνεχομένου
3352 5071 3725 5137 σωματικαῖςδ

2139 5154 2434 5210 κάντεῦθεν
2478 5155 2722 5222 πάντως,
2756 5155 2964 5210 τούτων
3017 5155 3265 5228 ἑκατέρῳ
3302 5157 3363 5210 τὸ
3387 5158 3725 5229 κατάλληλον

2142 5248 2456 5319 φάρμακον.

2214 5346 2264 5394 t'.
2295 5338 2565 5393 Γυναῖκα
2586 5337 2869 5407 ἀνδρείαν
2901 5340 2994 5405 τίς
3030 5338 3303 5408 εὑρήσεις
3327 5340 3606 5401 Σύνοικον,
3636 5341 3727 5411 τὴν

2139 5436 2268 5497 τοὺς
2300 5431 2397 5502 μὲν
2420 5431 2543 5485 κατ’
2562 5430 2755 5502 ὀδύνην
2781 5431 3075 5497 ἀκουσίους
3097 5431 3445 5503 πειρασμοῦς
3468 5435 3724 5500 γενναίως

2144 5524 2544 5595 ὑπομένουσαν,
2580 5526 2694 5586 τοῖς
2723 5524 2781 5577 δὲ
2814 5522 2936 5577 καθ’
2966 5525 3162 5593 ἡδονὴν
3189 5525 3466 5588 ἑκουσίοις
3497 5524 3573 5597 μὴ
3603 5526 3722 5577 ὑπο·

2144 5616 2472 5679 πίπτουσαν,
2493 5615 2828 5669 τελειοποιὶν
2848 5615 3059 5684 σοφίαν,
3082 5617 3327 5679 σπανίως
3364 5617 3492 5682 νοῦς
3525 5616 3723 5680 ἀνθρώ-

2146 5728 2299 5772 πινος
2329 5710 2588 5780 κτήσεται
2614 5726 2629 5740 ο
2672 5708 2754 5761 ὄτι
2810 5710 3038 5761 σπάνιον
3076 5710 3108 5780 ἡ
3136 5708 3230 5762 τοῦ
3271 5710 3484 5777 ἀγαθοῦ
3514 5711 3717 5780 κτῆσις,

2148 5804 2240 5855 καὶ
2274 5804 2607 5871 πρύσαντες·
2638 5800 2741 5855 κᾶν
2778 5801 2911 5855 πολὺ
2956 5801 3016 5855 τὸ
3048 5803 3309 5872 μεθέλκον
3349 5805 3434 5876 εἴη
3471 5805 3562 5858 καὶ
3593 5818 3717 5873 προ·

2148 5898 2501 5969 καλούμενον.
