3900 6228
139 306 280 370 153ἷ

1201 304 1739 395 (ΣΟΜΜΕΝἸΪΑΠΗ
1782 305 1861 365 1N
1900 306 2357 368 PROVERBIA.

3281 310 3302 369 ‘1
3315 308 3417 369 {-33

213 424 522 494 Τιμιωτὲρα
548 423 616 477 δέ
636 422 766 476 ἐστι
796 422 983 476 λίθων
1005 418 1361 473 πολυτελῶν
1388 420 1427 486 ἠ
1451 421 1714 487 τοιαύτη.

1896 421 2192 475 Pretiostor
2228 432 2401 475 autem
2445 429 2523 475 est
2569 419 2833 488 lapidibus
2860 421 3104 490 pretiosis
3138 437 3254 491 qua:
3289 420 3415 475 talis

133 515 416 587 Κρείττων
444 515 499 567 δὲ
528 514 873 582 ἀσυγκρίτως
909 512 1128 565 πάντων
1161 511 1267 564 τῶν
1310 511 1452 562 κατὰ
1481 509 1568 562 τὸν
1603 510 1723 579 βίον

138 608 457 677 πολυτίμων
493 623 551 660 τε
577 607 673 660 καὶ
695 603 965 676 λαμπρῶν
996 602 1135 673 αὓτη
1164 602 1332 657 ἐστίν.

207 705 301 753 ια’.
332 696 547 766 Θαρρεἷ
572 696 667 751 ἐπ’
696 695 851 764 αὐτῇ
883 695 922 763 ἠ
970 693 1184 762 καρδία
1225 692 1332 747 τοῦ
1364 690 1585 758 ἀνδρὸς
1615 691 1724 744 αύ-

132 789 270 858 τῆς.
302 788 539 859 ’Ᾱφοὸός
567 789 716 841 ἐστιν
755 788 813 840 ἐν
833 787 970 858 αὐτῇ
1002 785 1098 840 τοῦ
1124 784 1301 856 ταύτῃ
1345 781 1727 852 συμϐιοτεύον-

132 898 227 944 τος
257 881 513 952 ήδιάνοια
560 878 752 951 βοηθὸν
782 880 951 947 αὐτὴν
982 876 1340 946 κεκτημένου,
1364 874 1454 927 καὶ
1477 873 1563 925 ἐπ’
1586 871 1723 942 αὐτῇ

137 970 490 1042 θαρροῦντος,
523 971 601 1034 ὡς
621 969 735 1024 οὔθ’
763 970 871 1025 ὑπὸ
923 968 1032 1024 τῶν
1064 970 1236 1040 ἡδέων
1287 965 1721 1036 ὰπατηθήσεται,

134 1061 251 1115 οὗθ’
292 1063 398 1117 ὑπὸ
422 1063 531 1116 τῶν
570 1068 837 1132 ἀλγεινῶν
869 1062 1255 1134 ήττηθήσεται.

213 1154 306 1223 ιβ’,
351 1162 442 1222 ιγ’.
493 1156 561 1210 Ἡ
580 1157 827 1222 τοιαύτη
858 1154 1062 1210 καλῶν
1097 1156 1469 1211 σκύλων-οὑκ
1501 1154 1726 1224 ἀπορή-

132 1262 231 1300 σει
249 1262 262 1276 υ
288 1245 523 1315 ἐνεργεῖ
547 1247 657 1315 γὰρ
678 1244 760 1311 τῷ
787 1245 961 1314 ἀνδρὶ
985 1245 1177 1314 ἀγαθὰ
1206 1248 1404 1299 πάντα
1435 1247 1722 1312 τὸνβίον,

125 1337 484 1407 μηρυομένη
537 1340 665 1406 ἔρια
715 1338 818 1394 καί
859 1338 1057 1399 λίνον,
1091 1337 1383 1405 ἐποίησεν
1419 1339 1724 1407 εὔχρηστα

133 1428 267 1492 ταῖς
293 1430 507 1497 χερσὶν
527 1427 739 1497 αὐτῆς.
785 1429 850 1482 Ἦ
880 1428 1104 1498 τοιαύτη
1137 1430 1195 1481 ἐν
1220 1432 1330 1490 τοῖς
1356 1430 1449 1483 τοῦ
1474 1430 1723 1483 συνοίκου

132 1519 308 1588 αὐτῆς
343 1519 484 1571 κατὰ
535 1519 644 1573 τῶν
692 1519 897 1589 νοητῶν
953 1518 1166 1590 ἐχθρῶν
1203 1520 1601 1589 ἀγωνίσμασιν,
1634 1516 1723 1575 οἷά

130 1626 294 1663 τινων
345 1610 566 1677 ἀγαθῶν
616 1611 902 1681 λαφύρων,
965 1612 1266 1681 εὐπορήσει
1321 1611 1434 1665 τῶν
1472 1612 1718 1682 ἀρετῶν

130 1704 503 1769 περιποιεῖται
537 1701 648 1771 γὰρ
677 1701 881 1764 ταύτας
936 1700 1107 1771 αὐτῷ,
1148 1704 1206 1754 ἐν
1245 1705 1358 1766 τοῖς
1392 1704 1514 1757 κατ’
1544 1703 1723 1757 αὐτῶν

1828 522 1925 567 est.
1959 512 2156 566 Procul
2186 511 2358 565 dubio
2391 512 2585 565 molior
2621 520 2708 566 est
2741 513 2859 581 ipsa
2900 514 3049 567 ωηιιὶ
3082 530 3139 568 re
3169 514 3414 584 pretiosa

1826 614 1881 658 et
1918 603 2147 674 fulgenti
2192 603 2247 657 in
2288 603 2395 657 hoc
2437 603 2663 656 mundo.

1898 693 2068 752 Vens.
2107 696 2194 749 ll.
2231 693 2466 763 Con/idit
2497 711 2654 764 super
2679 711 2797 748 eam
2834 712 2924 748 cor
2955 696 3053 749 viri
3082 702 3215 763 ejus.
3247 695 3324 753 De
3348 712 3413 753 ea

1826 805 1937 846 non
1972 790 2123 845 timet
2151 789 2373 843 animus
2407 788 2529 857 ejus
2572 789 2664 857 qui
2707 788 2842 842 vivit
2878 803 3003 841 cum
3037 803 3123 854 ea,
3156 790 3413 858 illamque

1826 883 2153 953 adjutricem
2191 882 2297 937 sibi
2340 881 2655 950 acquisivit.
2687 890 2743 935 et
2786 881 3014 936 conlidit
3062 896 3181 935 eam
3235 898 3412 952 neque

1826 976 2209 1042 voluptatibus
2234 974 2588 1039 vincendant,
2618 989 2796 1043 neque
2826 975 3113 1028 laboribus
3144 990 3413 1045 superan-

1824 1066 1954 1120 dam
1988 1080 2138 1121 esse.

1898 1156 2063 1213 Vens.
2098 1157 2187 1225 12,
2227 1157 2310 1219 l3,
2347 1155 2478 1221 Quae
2510 1156 2635 1210 talis
2683 1164 2762 1211 est
2806 1156 3041 1225 pulchris
3086 1157 3270 1224 spoliis
3308 1173 3411 1210 non

1825 1248 2082 1319 indigebit
2122 1266 2142 1303 :
2175 1258 2426 1317 operatur
2474 1248 2614 1301 enim
2667 1249 2778 1302 viro
2824 1247 2894 1301 ad
2928 1249 3061 1301 bona
3098 1249 3244 1300 omni
3280 1250 3407 1311 vita,

1826 1340 1986 1409 ﬁlans
2022 1339 2177 1393 lanas
2216 1350 2264 1394 et
2308 1340 2497 1403 linunt,
2542 1340 2665 1409 fecit
2700 1339 2838 1409 quod
2888 1340 3019 1393 utile
3052 1349 3129 1394 est
3166 1339 3410 1404 amnibus

1825 1431 1960 1484 suis.
1997 1431 2127 1497 Quae
2157 1431 2287 1484 talis
2316 1438 2400 1485 est
2434 1430 2576 1483 inter
2608 1444 2821 1500 pugnas
2850 1430 3049 1483 anima:
3081 1445 3205 1482 cum
3243 1429 3412 1496 spiri-

1829 1524 2069 1577 tualibus
2117 1522 2384 1585 inimicis,
2417 1522 2716 1576 virtutibus
2765 1521 2924 1589 quasi
2968 1521 3161 1589 spoliis
3207 1521 3411 1590 opimis

1823 1614 2151 1670 abundabit.
2204 1614 2335 1667 Illas
2381 1614 2529 1668 enim
2569 1614 2617 1667 ei
2661 1620 2933 1683 prmparat
2962 1613 3015 1666 in
3057 1613 3317 1680 treplueis
3348 1615 3413 1667 de

1826 1705 2071 1759 inimicis
2121 1703 2363 1769 erectis;
2408 1718 2507 1771 per
2552 1711 2726 1756 totam
2766 1711 3092 1772 prwsentem
3126 1703 3294 1757 vitam
3336 1703 3413 1755 la-

127 1791 416 1859 τροπαίοις
437 1807 452 1822 ο
484 1791 618 1861 παρ’
645 1790 774 1860 ὃλην
801 1808 859 1843 τε
905 1792 1007 1861 τὴν
1044 1792 1330 1862 παροῦσαν
1378 1792 1526 1863 ζωὴν
1554 1794 1723 1864 ἐργα-

1835 1795 2083 1850 boriosos
2116 1802 2171 1849 ot
2203 1792 2440 1848 eximios
2483 1808 2664 1848 mores
2718 1794 3024 1848 secundum
3071 1791 3236 1845 Deum
3280 1808 3413 1860 ope—

131 1879 337 1952 ζομένη
358 1882 418 1935 τό
445 1899 505 1936 τε
538 1882 696 1954 δίκην
734 1882 939 1953 μαλλοῦ
971 1884 1143 1955 τραχὺ
1172 1885 1281 1937 τῶν
1304 1885 1581 1957 διαφόρων
1605 1888 1725 1939 ἐπι-

132 1972 489 2043 τηδευμάτων
517 1973 614 2028 τοῦ
666 1974 807 2029 κατὰ
848 1974 982 2029 Θεὸν
1013 1976 1153 2045 βίου,
1192 1978 1285 2029 καὶ
1326 1978 1427 2049 τὴν
1456 1974 1546 2032 οἷα
1580 1977 1724 2033 λίνον

131 2061 538 2137 λεπτυνομένην
571 2067 629 2120 ἐν
661 2066 936 2136 πνεύματι
980 2070 1060 2132 εἰς
1106 2067 1175 2121 τὰ
1225 2070 1479 2140 νοήματα
1531 2069 1641 2123 τῶν
1665 2072 1725 2123 ἐν

130 2156 247 2218 τοῖς
271 2155 393 2210 οὖσι
419 2156 593 2225 λόγων
626 2158 864 2231 φυσικὴν
911 2158 1149 2232 θεωρίαν
1189 2162 1392 2226 αὐτῶν,
1446 2162 1725 2231 ἐχρήσατο

131 2244 343 2312 τούτοις
375 2248 626 2315 δεόντως,
658 2252 779 2313 ταῖς
816 2250 1027 2305 ἐαυτῶν
1057 2251 1182 2305 κατ’
1211 2253 1414 2323 ἀρετὴν
1455 2255 1551 2307 καὶ
1580 2254 1724 2323 γνῶ-

132 2350 219 2389 σιν
241 2337 565 2408 ἐνεργείαις,
599 2339 682 2403 εἰς
713 2338 944 2408 ἐκφασιν
976 2340 1199 2404 πάντως
1234 2341 1333 2395 τοῦ
1361 2342 1597 2412 ἀγαθοῦ,
1632 2344 1726 2399 καὶ

132 2427 440 2498 κατάληψιν
476 2430 575 2500 τῆς
606 2430 891 2502 ἀληθείας.

203 2520 286 2573 ιδ’.
332 2519 599 2590 Ἐγένετο
626 2522 770 2576 ὡσεὶ
812 2521 965 2588 ναῦς
1011 2522 1464 2593 ἐμπορευομένη
1498 2527 1726 2594 μακρόν

132 2615 258 2668 θεν.
307 2611 580 2684 Ὡμοιώθη
612 2612 700 2685 νηῒ
725 2614 822 2667 τοῦ
848 2613 968 2683 βίου
1008 2614 1109 2685 τὴν
1137 2614 1415 2670 θάλασσαν
1435 2617 1725 2672 διαπλέου-

134 2718 226 2767 σα,
267 2703 361 2756 καὶ
406 2704 911 2774 πραγματευομένη
952 2704 1009 2757 ἐν
1055 2703 1134 2774 τῷ
1180 2706 1410 2777 παρόντι
1452 2710 1550 2778 τῆς
1591 2725 1728 2762 παν-

132 2792 384 2864 ηγύρεως
408 2793 610 2864 καιρῷ,
626 2794 696 2849 τὰ
717 2796 832 2859 τοῖς
856 2795 1088 2859 δικαίοις
1117 2796 1260 2850 κατὰ
1282 2797 1345 2850 τὸ
1369 2798 1565 2868 μέλλον
1589 2799 1730 2852 ἁπο-

134 2884 363 2953 κείμενα
397 2884 599 2952 ἀγαθά.

210 2981 289 3030 ιε’.
319 2975 574 3074 Σύνάγει
611 2976 696 3074 ιδε
709 2977 875 3074 αὕτη
909 2979 1018 3033 τὸν
1049 2980 1217 3046 βίον,
1269 2980 1371 3034 καί
1406 2982 1724 3036 ἀνίσταται
1751 3016 1793 3074 C

131 3066 201 3120 ἐκ
224 3065 463 3121 νυκτῶν
481 3083 495 3098 '
526 3066 627 3120 καὶ
664 3066 852 3122 ἔδωκε
874 3068 1163 3139 ,βρώματα
1185 3068 1313 3135 τοῖς
1342 3069 1413 3125 ἐν
1443 3068 1526 3135 τῷ
1558 3072 1719 3137 οῑκῳ,

133 3157 235 3212 καί
260 3158 404 3227 ἔργα
428 3157 558 3223 ταῖς
586 3160 998 3227 θεραπαίναις.
1050 3161 1306 3230 Συλλέγει
1334 3162 1392 3215 δὲ
1420 3164 1454 3232 ἡ
1500 3163 1722 3234 τοιαύτη

133 3248 280 3301 κατὰ
320 3248 446 3301 νοῦν
481 3250 573 3304 τὸν
620 3251 994 3319 πνευματικὸν
1046 3251 1279 3306 πλοῦτον
1330 3253 1429 3323 τῆς
1467 3254 1724 3321 γνώσεως

132 3338 231 3391 τοῦ
284 3338 516 3407 Ποιητοῦ
544 3342 608 3393 ὲκ
639 3340 749 3395 τῶν
775 3344 1097 3411 ποιημάτων
1119 3341 1288 3395 αὐτοῦ
1306 3360 1319 3372 ·
1350 3343 1601 3412 καὶπρὸς
1633 3343 1726 3396 τὸν

131 3427 303 3483 πόθον
323 3429 514 3483 τούτου
547 3433 612 3484 ἐκ
635 3430 744 3485 τῶν
775 3433 905 3501 περὶ
935 3432 1112 3487 ταῦτα
1144 3435 1425 3505 ἐγείρεται
1462 3422 1723 3505 σχέσεων,

131 3514 227 3579 αἶς
254 3520 329 3584 ὡς
353 3522 411 3574 ἐν
447 3519 593 3586 νυξὶν
622 3521 885 3575 ἐκάθευδε
905 3539 919 3552 ·
951 3522 1047 3576 τοῦ
1075 3523 1195 3588 νοὸς
1234 3526 1373 3597 μήτε
1400 3528 1724 3597 κινουμένου

132 3612 276 3683 πρὸς
329 3611 555 3681 γνῶσιν,
613 3614 753 3683 μήτε
786 3613 1139 3685 ἐνεργοῦντος
1189 3616 1290 3680 τὰς
1349 3617 1593 3688 ἀρετάς·
1633 3618 1729 3672 καὶ

130 3701 280 3756 οὕτω
311 3704 447 3773 πρὸς
474 3704 566 3758 τὸν
597 3704 742 3757 θεῖον
763 3704 1111 3774 διεγερθεῖσα
1143 3705 1328 3770 πόθον,
1376 3708 1623 3778 παρέσχε
1652 3708 1730 3779 τῷ

134 3795 238 3866 μὲν
266 3795 569 3867 οίκητηρίῳ
597 3796 801 3866 ἑαυτῆς
845 3795 949 3863 νοῒ,
992 3796 1205 3868 τροφὰς
1241 3797 1512 3871 διαφόρων
1565 3816 1731 3855 πνευ-

134 3886 385 3956 ματικῶν
412 3886 789 3958 θεωρημάτων
828 3886 924 3941 τοῦ
977 3886 1156 3957 ψυχὰς
1195 3888 1549 3960 στηρίζοντος
1577 3890 1726 3945 θείου

129 3977 310 4044 Λόγου
337 3993 352 4009 ο
381 3981 501 4041 ταῖς
534 3978 592 4030 δὲ
621 3977 1001 4043 διακονούσαις
1029 3978 1108 4048 τῷ
1136 3979 1281 4049 λόγῳ
1308 3980 1623 4051 δυνάμεσιν,
1641 3976 1729 4036 οἷα

131 4069 479 4123 ἑπιπειθέσιν
535 4068 709 4140 αὐτῷ,
749 4072 814 4140 τῇ
854 4086 915 4121 τε
968 4069 1241 4140 ἐπιθυμίᾳ
1293 4070 1390 4124 καὶ
1420 4070 1501 4141 τῷ
1544 4070 1724 4142 θυμῷ,

129 4160 236 4221 τὰς
269 4161 534 4231 ἐργασίας
568 4160 679 4213 τῶν
717 4159 810 4214 τοῦ
868 4159 1006 4214 Θεοῦ
1056 4160 1324 4214 ἐντολῶν·
1357 4161 1434 4225 ὡς
1486 4163 1726 4216 πείσασα

1826 1896 2017 1950 ratur,
2062 1894 2121 1941 ut
2182 1884 2389 1950 vellus,
2419 1893 2585 1954 atque
2644 1886 2761 1938 lino
2802 1884 3147 1938 subtiliorem
3184 1884 3412 1937 medita-

1823 1980 2030 2035 tionem
2074 1986 2130 2033 et
2172 1977 2700 2047 contemplationem
2748 1977 2804 2031 in
2843 1976 3040 2046 spiritu
3077 1982 3285 2028 naturae
3325 1990 3413 2029 re-

1823 2086 1948 2125 rum
1985 2089 2001 2126 :
2044 2085 2142 2138 per
2200 2069 2318 2124 haec
2374 2069 2595 2135 omnia,
2654 2068 2711 2123 in
2771 2068 3033 2122 exercitio
3087 2067 3413 2138 virtutisIet

1824 2164 2096 2228 scientiae,
2129 2162 2195 2215 ad
2234 2162 2434 2216 bonum
2485 2159 2801 2216 faciendum
2850 2158 2984 2213 facit
3025 2170 3081 2214 et
3128 2161 3411 2213 veritatem

1824 2253 2237 2325 intelligendam
2273 2251 2651 2323 progreditur.

1900 2521 2066 2579 Vsus.
2101 2522 2190 2580 14.
2227 2521 2401 2578 Facta
2444 2532 2522 2578 est
2571 2533 2822 2591 tanquam
2860 2521 3010 2575 navis
3059 2528 3411 2574 mercaturam

1827 2628 2075 2668 exercens
2137 2613 2202 2668 de
2258 2614 2436 2685 longe.
2493 2613 2659 2668 Facta
2709 2622 2793 2667 est
2837 2613 3040 2667 similis
3096 2612 3244 2674 navi,
3285 2625 3411 2665 cum

1829 2720 1986 2762 mare
2030 2705 2198 2777 hujus
2243 2709 2368 2762 vitae
2414 2689 2728 2777 percurrit,
2753 2714 2919 2774 atque
2957 2715 3201 2772 tempore
3246 2702 3413 2757 festo-

1828 2814 1952 2853 rum
1982 2798 2128 2855 bona
2171 2800 2355 2870 justas
2384 2801 2437 2853 in
2470 2798 2717 2854 futurum
2747 2798 3017 2851 manentia
3044 2803 3340 2851 tnercatur.

1901 2976 2068 3033 Vsus.
2108 2977 2195 3033 15.
2231 2976 2531 3047 Congregat
2557 2983 2733 3029 autem
2760 2974 2871 3027 Ita'c
2900 2974 3078 3037 vitam,
3101 2981 3152 3026 et
3180 2971 3413 3025 surrexit

1825 3069 1889 3123 de
1912 3070 2176 3135 noctibus,
2191 3082 2240 3123 et
2255 3068 2399 3123 dedit
2426 3084 2575 3123 escas
2593 3066 2893 3122 domesticis
2907 3075 2956 3120 et
2978 3081 3139 3134 opera
3173 3063 3408 3118 ancillis.

1825 3158 1952 3212 llrec
2002 3157 2325 3226 spirituales
2383 3157 2610 3214 divitias
2672 3157 2729 3210 in
2787 3164 3028 3210 mentem
3089 3159 3412 3225 congregat,

1823 3262 2024 3316 nempe
2048 3246 2369 3301 Creatorem
2412 3261 2479 3300 ex
2518 3246 2785 3313 operibus
2814 3244 2936 3313 ejus
2975 3244 3281 3312 cognoscit,
3315 3258 3412 3297 ex.

1824 3337 2030 3391 citatur
2062 3336 2128 3389 ad
2163 3336 2320 3390 illum
2352 3335 2804 3397 desiderandum,
2838 3334 3032 3388 relicto
3063 3348 3253 3387 corum
3280 3348 3412 3400 0pc-

1827 3445 1948 3483 rum
1981 3444 2172 3484 amore
2203 3429 2257 3483 in
2287 3443 2416 3496 quo,
2446 3428 2594 3481 velut
2626 3427 2682 3480 in
2713 3435 2896 3490 nocte,
2927 3424 3253 3489 dormiebat,
3284 3439 3409 3478 cum

1827 3521 2146 3576 intellectus
2195 3535 2375 3590 neque
2421 3519 2715 3575 scientiam
2747 3518 3052 3580 all'ectaret,
3086 3531 3263 3585 neque
3302 3517 3408 3570 vir-

1828 3617 1997 3663 tutem
2039 3609 2322 3664 excitaret.
2348 3610 2512 3664 Nunc
2551 3616 2733 3664 autem
2763 3607 2831 3661 ad
2864 3621 3109 3661 amorem
3146 3606 3237 3662 Dei
3264 3609 3412 3662 exci-

1829 3705 1941 3751 tata
1999 3699 2339 3754 intellectum
2388 3698 2444 3752 in
2497 3713 2608 3768 quo
2660 3697 2873 3752 habitat
2906 3695 3236 3766 quibusdam
3284 3696 3412 3751 altis

1828 3797 1884 3844 et
1914 3790 2300 3859 spiritualibus
2326 3789 2760 3862 cogitationibus
2788 3805 2817 3845 a
2849 3787 2946 3843 Dci
2975 3790 3142 3843 verbo
3170 3788 3411 3843 animam

1828 3880 2082 3938 ﬁrmante
2131 3884 2456 3954 inspiratis,
2528 3883 2740 3949 nutrit,
2781 3890 2836 3939 et
2884 3880 3245 3937 facultatibus
3286 3895 3411 3949 quae

1830 3988 1987 4029 more
2028 3975 2359 4031 ancillarum
2412 3975 2616 4031 rationi
2665 3974 2957 4038 obediunt,
3005 3973 3406 4041 concupiscen-

1829 4065 1918 4122 tiae
1975 4067 2197 4123 scilicet
2255 4075 2312 4123 et
2367 4068 2499 4133 irae,
2559 4066 2757 4123 suadet
2800 4073 2862 4121 ut
2906 4065 3092 4121 divina
3138 4075 3408 4136 praecepta

1828 4158 2171 4229 observent;
2214 4159 2681 4230 concupiscentiae
2742 4158 2962 4229 quidem
3002 4197 3019 4224 ,
3053 4166 3113 4211 ut
3171 4172 3235 4212 ea
3288 4171 3411 4227 qua:

130 4248 233 4315 τὴν
266 4249 364 4319 μὲν
405 4247 723 4318 ἐπιθυμίαν,
754 4244 1048 4318 ὀρέγεσθαι
1092 4245 1202 4300 τῶν
1248 4248 1335 4315 ἐφ’
1378 4246 1524 4318 ἅπερ
1562 4240 1724 4301 αὗται

1835 4253 2227 4322 praecipiuntur
2256 4254 2532 4325 requirat;
2568 4253 2663 4308 ira:
2694 4262 2902 4319 autem,
2938 4259 3001 4305 ut
3031 4265 3097 4306 ea
3120 4251 3254 4305 vitet
3287 4265 3409 4321 qua!

132 4341 511 4411 προτρέπουσι
537 4355 552 4372 ·
597 4339 689 4393 τὸν
720 4339 779 4393 δὲ
811 4337 1005 4409 θυμὸν,
1049 4338 1495 4409 ἀποστρέφεσθαι
1523 4337 1591 4391 τὰ
1630 4336 1723 4406 ἀφ’

129 4424 212 4485 ὧν
236 4430 628 4501 ἀποτρέπουσι.

214 4528 306 4587 ις’.
342 4520 711 4589 Θεωρήσασα
761 4516 1045 4588 γεώργιον
1072 4558 1087 4583 ,
1151 4518 1432 4586 ἐπρίατο·
1477 4518 1598 4573 ἀπὸ
1654 4517 1724 4571 δὲ

129 4612 381 4682 καρπῶν
409 4609 623 4682 χειρῶν
650 4609 859 4677 αὐτῆς,
902 4611 1316 4679 κατεφύτευσε
1349 4610 1566 4679 κτῆμα.
1604 4610 1723 4663 Κα-

129 4706 447 4775 τανοήσασα
481 4699 804 4771 γνωστικῶς
850 4700 944 4754 τὸν
995 4701 1055 4754 ἐν
1082 4700 1180 4772 ὅλῃ
1233 4702 1300 4771 τῇ
1342 4699 1505 4769 φύσει
1533 4701 1627 4753 καὶ
1655 4701 1720 4770 τῇ

132 4798 330 4867 Γραφῇ
357 4794 778 4866 γεωργούμενον
806 4791 950 4845 θεῖον
984 4786 1179 4861 Λόγον,
1227 4793 1496 4863 ἐκτήσατο
1532 4792 1720 4847 τοῦτον

127 4887 256 4943 καθ’
289 4888 405 4952 ἕξιν
428 4903 442 4918 ·
478 4888 579 4956 τὴν
599 4884 741 4939 κατὰ
770 4884 955 4955 ψυχὴν
983 4884 1247 4949 διάθεσιν,
1291 4883 1366 4948 ῶς
1398 4902 1524 4938 τινα
1552 4901 1721 4937 κατα-

126 4977 436 5049 ϐαλλομένη
464 4978 712 5048 δραχμήν
731 4992 745 5005 ·
775 4976 867 5045 ἀφ’
900 4969 975 5030 ὧν
1007 4974 1062 5027 δὲ
1089 4975 1305 5046 τρόπων
1330 4976 1719 5047 καρποφοροῦ-

129 5087 220 5124 σιν
249 5070 306 5124 al
334 5068 484 5140 παρὰ
510 5067 712 5136 ταύτης
735 5066 1059 5136 κινούμεναι
1092 5067 1396 5137 πρακτικαὶ
1418 5069 1515 5138 τῆς
1540 5068 1719 5140 ψυχῆς

125 5162 410 5233 δυνάμεις,
441 5162 517 5226 ὡς
547 5162 715 5233 ἀγρόν
748 5178 872 5214 τινα
892 5158 1267 5230 κατεφύτευσε
1290 5160 1351 5212 τὸ
1378 5162 1625 5229 σαρκίον,
1650 5164 1715 5233 τῇ

126 5254 370 5325 ἐναρέτῳ
395 5254 663 5324 πολιτείᾳ.

202 5347 289 5413 ιζ’,
322 5346 411 5418 ιη’.
462 5343 913 5414 Ἀναζωσαμένη
939 5341 1203 5414 ἰσχυρῶς
1229 5344 1342 5409 τὴν
1375 5343 1577 5412 ὀσφὺν
1604 5346 1714 5398 αὺ-

125 5437 264 5508 τῆς,
287 5439 491 5507 ἤρεισε
515 5439 659 5505 τοὺς
687 5440 1025 5507 βραχίονας
1055 5436 1249 5505 αὐτῆς
1269 5439 1357 5502 είς
1385 5437 1592 5506 ἔργον·
1619 5437 1737 5496 καὶ,

127 5534 443 5602 ἐγεύσατο,
473 5534 563 5586 ὅτι
600 5532 796 5587 καλόν
816 5534 949 5586 ἐστι
980 5530 1048 5584 τὸ
1079 5529 1447 5600 ἐργάζεσθαι,
1478 5531 1576 5583 καὶ
1606 5533 1715 5583 οὐκ

127 5625 579 5680 ἀποσϐέννυται
616 5629 647 5679 ό
686 5627 919 5694 ,λύχνος
942 5621 1135 5691 αὐτῆς
1172 5622 1327 5689 ὅλην
1356 5621 1468 5688 τὴν
1497 5624 1707 5675 νύκτα.

141 5716 534 5793 Ἀναστείλαεξα
563 5718 859 5788 σωφρόνως
881 5716 981 5788 τὴν
1007 5716 1302 5787 ἐπιθυμίαν
1324 5715 1432 5773 ἀπὸ
1470 5714 1566 5783 τῆς
1600 5712 1711 5768 τῶν

1827 4351 2106 4400 vetantur.

1903 4521 2068 4580 Vens.
2104 4523 2193 4578 16.
2225 4522 2579 4579 Considerans
2626 4540 2815 4594 agrum
2858 4524 3005 4586 emit,
3040 4532 3091 4577 et
3124 4522 3188 4576 de
3217 4523 3410 4592 fructi-

1828 4612 1924 4667 bus
1963 4629 2220 4667 manuum
2253 4630 2473 4668 suarum
2513 4614 2777 4682 plantavit
2813 4613 3210 4681 possessionem.
3248 4612 3409 4667 Post-

1826 4721 1990 4776 quam
2009 4713 2192 4760 mente
2208 4705 2583 4761 consideravit
2603 4707 2827 4760 vcrbum
2851 4705 2943 4758 Dci
2965 4704 3019 4757 in
3043 4706 3190 4758 οηιηί
3213 4714 3409 4759 natura

1823 4804 1879 4852 et
1914 4796 2203 4867 Scriptura
2243 4810 2589 4866 expressum,
2623 4797 2758 4851 illud
2804 4798 2859 4850 in
2901 4795 3067 4850 vitam
3092 4838 3110 4861 ,
3146 4797 3270 4850 data
3310 4812 3409 4865 pro

1825 4886 2006 4957 pretio
2052 4886 2256 4941 mentis
2306 4886 2693 4956 disposnione.
2730 4885 3037 4940 transtulit.
3086 4886 3150 4937 Et
3205 4900 3408 4952 mores,

1824 4994 1919 5034 seu
1973 4979 2098 5034 vitae
2152 4979 2501 5034 sanctitatem
2556 4977 2772 5033 fructus
2811 4977 3073 5030 furentem
3116 4976 3165 5026 vi
3215 4984 3403 5039 poten-

1823 5073 2028 5126 tiarum
2047 5072 2350 5127 activarum
2382 5072 2604 5136 anima,
2626 5068 2893 5142 plantavit
2914 5069 3232 5135 incorpore,
3249 5065 3404 5134 quasi

1823 5162 1878 5217 in
1913 5177 2064 5234 agro.

1897 5344 2062 5401 Vens.
2101 5346 2304 5412 17,18.
2352 5346 2651 5401 Prwcincta
2698 5343 2911 5413 fortiter
2941 5340 3176 5395 lumbum
3221 5355 3396 5401 suum,

1820 5441 2056 5508 ﬁrmavit
2099 5440 2318 5493 brachia
2351 5456 2453 5494 sua
2489 5438 2557 5491 ad
2589 5454 2739 5505 opus.
2780 5435 2846 5489 Et
2882 5434 3109 5505 gustavit
3149 5432 3272 5495 quia
3305 5429 3399 5484 bo-

1821 5546 1945 5582 num
1987 5538 2066 5584 est
2114 5532 2346 5599 operari,
2375 5539 2427 5583 et
2476 5545 2580 5583 non
2620 5527 2981 5596 exstinguitur
3026 5525 3239 5577 lacerna
3284 5520 3400 5588 ejus

1820 5630 1987 5671 lotam
2033 5628 2259 5672 noctem.
2305 5616 2605 5689 Postquam
2647 5615 2887 5672 elevavit
2927 5614 3203 5683 sapienter
3242 5611 3401 5680 cupi-

1819 5712 2049 5767 ditatem
2083 5727 2150 5766 ex
2194 5726 2384 5767 amore
2423 5709 2831 5779 temporalium,
2867 5717 2920 5763 ct
2958 5707 3107 5762 illam
3151 5703 3221 5759 ad
3261 5702 3400 5758 iram
