3900 6228
580 305 716 385 1539

1878 310 2154 370 PIIOCOF

2262 311 2503 370 GAZEl
2831 307 2844 320 ”
3756 321 3804 383 1.

580 421 801 476 fortiter
852 422 1116 494 alligavit,
1157 423 1257 498 has
1300 421 1595 477 facultates
1639 425 1845 477 activas
1887 439 1916 476 ιι
1959 439 2018 479 se
2050 440 2154 479 mo-

2262 430 2613 497 προσκαίρων
2636 425 2884 496 ὀρέξεως,
2923 427 3016 481 καὶ
3046 430 3453 499 περισφίγξασα
3472 431 3723 500 ταύτην
3750 452 3803 486 κι

581 519 810 583 vendas,
846 517 900 570 in
944 515 1330 570 observatione
1372 515 1753 568 mandatorum
1792 513 1884 568 Dei
1921 516 2159 584 pruden-

583 618 669 665 ter
717 610 1027 664 confirmat.
1060 605 1143 662 Ad
1197 605 1491 659 amandum
1542 605 1710 660 Deum
1761 613 1815 659 et
1849 606 2157 674 proximum

583 700 860 769 cupiditas
922 713 1136 766 semper
1182 704 1455 761 movetur,
1499 697 1579 751 ira
1626 711 1752 751 vero
1800 697 1864 751 ad
1911 712 2160 765 pugnan-

582 789 714 842 dum
749 798 940 840 contra
974 795 1285 856 serpentem
1319 796 1581 850 astutum,
1615 788 1708 856 qui
1753 788 1800 840 ei
1846 787 2157 841 insidiatur.

584 880 660 934 Ex
696 880 912 933 actibus
961 879 1215 949 probavit
1265 879 1586 934 intellectus
1637 881 1839 934 bonum
1887 894 2012 934 esse
2063 879 2156 934 Dei

582 971 856 1027 mandatis
911 969 1156 1024 obedire.
1207 969 1273 1023 Et
1320 972 1504 1025 lumen
1554 972 1804 1026 scientiae
1857 971 1910 1025 in
1955 973 2076 1041 ipso
2126 985 2155 1023 a

584 1063 794 1134 Spiritu
853 1063 1228 1116 illuminatum
1287 1063 1353 1118 ad
1411 1064 1707 1133 agendum,
1749 1079 1964 1132 semper
2019 1062 2158 1116 luci-

581 1153 712 1210 dum
749 1160 952 1219 servat,
985 1153 1091 1208 hoc
1122 1161 1231 1218 est,
1271 1157 1443 1224 legem
1481 1155 1711 1224 spiritus
1744 1154 1957 1224 fulgore
1989 1154 2159 1208 bono-

582 1258 704 1298 rum
731 1258 958 1311 onerum
986 1242 1282 1312 fulgentem
1316 1255 1371 1297 et
1397 1246 1656 1300 tenebras
1682 1253 1916 1300 terrenae
1947 1246 2156 1314 sapien-

583 1340 675 1393 tiae
704 1339 757 1392 in
793 1352 957 1392 carne
988 1338 1367 1406 dissipantem.

2263 519 2435 587 Θυμδν
2468 519 2756 588 ἀνδρικῶς,
2811 519 3066 591 ἐστήριξε
3112 520 3315 584 ταύτας
3340 523 3436 585 τὰς
3485 524 3638 594 παρ’
3710 526 3798 576 αὖ

2263 611 2591 678 κινουμένας
2613 610 2924 680 πρακτικὰς
2949 611 3229 681 δυνάμεις,
3251 615 3368 666 κατ’
3387 613 3668 685 ἔμφρονα.
3692 615 3804 682 λόγ

2263 703 2320 753 ὲν
2352 703 2418 770 τῇ
2449 702 2683 772 ἐργασίᾳ
2712 703 2822 754 τῶν
2851 703 2945 754 τοῦ
2975 702 3111 756 Θεοῦ
3137 704 3365 758 ἐντολῶν
3388 723 3402 736 ο
3432 705 3495 758 τὸ
3522 708 3645 775 μὲν
3688 709 3800 759 ἐπι

2266 793 2515 864 μητικὺν,
2545 794 2681 863 πρὸς
2703 793 2802 862 τὴν
2823 793 2920 846 τοῦ
2948 793 3085 846 Θεοῦ
3117 794 3211 846 καὶ
3235 795 3330 847 τοῦ
3360 796 3611 866 πλησίον
3645 797 3804 864 ἀγάτ

2261 884 2537 953 ὲπιμόνως
2568 887 2840 951 κινήσασα
2861 902 2874 916 ο
2906 883 2966 935 τὸ
2993 885 3050 936 δὲ
3074 883 3327 954 Θυμικδν,
3361 885 3504 939 κατὰ
3530 885 3652 938 τοῦ
3691 905 3803 938 ποι

2261 975 2368 1036 λως
2400 972 2570 1044 ταύτῃ
2597 973 3043 1037 ἐπιϐουλεύοντος
3079 974 3273 1043 νοητοῦ
3298 972 3474 1042 δφεως
3525 976 3643 1028 καὶ
3693 977 3804 1046 ἓργ

2263 1065 2448 1125 αὐτοῖς
2478 1064 2620 1117 κατὰ
2643 1063 2769 1117 νοῦν
2791 1064 3081 1134 ἐπειράθη,
3109 1066 3192 1118 ὅτι
3234 1065 3439 1132 ἀγαθὸν
3458 1066 3525 1118 τὸ
3577 1070 3792 1120 ποιεῖν

2263 1154 2385 1208 θεῖα
2416 1154 2852 1224 προστάγματα·
2895 1157 2993 1210 καὶ⁸
3043 1156 3396 1223 διαφυλάττει
3445 1157 3758 1212 ἄσϐεστον
3800 1179 3803 1190 ·

2261 1244 2395 1314 παρ’
2425 1245 2598 1314 αὐτῆς
2636 1248 2703 1317 τῇ
2735 1247 2881 1318 ψυχῇ
2911 1248 3321 1318 πυρσευόμενον
3355 1249 3502 1302 κατὰ
3555 1250 3796 1320 πρᾶξιν

2260 1336 2533 1405 πνεύματι
2560 1336 2718 1405 λόγον
2747 1341 2846 1408 τῆς
2868 1339 3154 1406 γνώσεως·
3209 1340 3380 1410 ἤγουν
3419 1341 3516 1392 τὸν
3561 1341 3761 1410 νόμον
3789 1360 3804 1392 -.

580 1430 913 1498 πνεύματος,
939 1429 1224 1498 λάμποντα
1252 1430 1373 1491 ταῖς
1399 1428 1707 1498 ἀστραπαῖς
1725 1429 1834 1481 τῶν
1854 1427 2031 1500 ἔργων
2049 1429 2147 1500 τῆς
2179 1427 2549 1498 δικαιοσύνης,
2583 1429 2679 1482 καὶ
2736 1428 2858 1482 ὅλον
2886 1431 3306 1493 διασηδάξοντα
3374 1431 3469 1485 τὸν
3539 1449 3804 1502 cato-rast

577 1523 674 1576 τοῦ
700 1520 886 1589 χοϊκοῦ
909 1521 1258 1588 φρονήματος
1285 1521 1384 1591 τῆς
1412 1521 1634 1592 σαρκός.

650 1610 819 1666 Vens.
850 1611 935 1666 19.
977 1611 1191 1665 Cubitos
1221 1629 1345 1667 suos
1373 1615 1606 1667 extendit
1639 1619 1706 1667 ad
1733 1614 1908 1679 utilia,
1947 1623 1997 1668 et
2037 1631 2155 1669 ma-

580 1722 680 1760 nus
726 1719 850 1758 suas
895 1705 1074 1773 ﬁrmat
1112 1705 1180 1758 ad
1219 1706 1418 1774 fusum.
1456 1705 1748 1777 Proprium
1779 1708 2048 1777 judicium
2091 1709 2157 1763 de

2335 1613 2421 1667 ιϐ’.
2456 1612 2604 1678 Τοὺς
2631 1611 2846 1680 πήχεις
2877 1611 3071 1679 αὐτῆς
3093 1611 3343 1666 ἐκτείνει
3375 1610 3478 1666 ἐπὶ
3519 1612 3602 1666 τὰ
3623 1630 3803 1682 cup;

2255 1720 2444 1773 ροντα
2463 1719 2476 1732 ·
2511 1704 2619 1769 τὰς
2645 1702 2714 1756 δὲ
2733 1703 2934 1772 χεῖρας
2953 1702 3148 1770 αὐτῆς
3173 1704 3386 1771 ἐρείδει
3410 1706 3504 1769 είς
3525 1705 3803 1774 ἄτρακτιι

582 1798 887 1852 virtutibus
919 1813 1040 1868 quae
1069 1799 1281 1852 salvaut
1316 1801 1555 1865 animas,
1593 1800 1680 1854 bis
1711 1802 2006 1856 sententiis
2039 1816 2154 1856 om-

2262 1796 2369 1858 Τάς
2391 1796 2604 1865 κρίσεις
2633 1795 2853 1864 ἑαυτῆς,
2895 1793 3030 1864 πρὸς
3049 1793 3150 1857 τὰς
3193 1797 3584 1858 συντεινούσας
3624 1799 3714 1860 εἰς
3761 1815 3804 1849 σι

581 1892 713 1946 uino
759 1889 1054 1955 submittit,
1097 1891 1265 1944 veluti
1339 1907 1611 1948 mensurae
1670 1895 1920 1958 cubitali,
1960 1895 2155 1950 dextro

581 1982 794 2036 scilicet
823 1992 877 2037 et
907 1983 1157 2046 sinistro,
1191 1982 1257 2036 ad
1297 1981 1650 2052 judicaudam
1689 1986 1954 2039 virtutum
1999 2000 2155 2041 men-

581 2086 794 2134 suram,
832 2083 885 2126 et
935 2073 1081 2140 quod
1122 2073 1274 2127 deest
1314 2075 1380 2126 ad
1434 2073 1737 2140 dexteram,
1772 2076 1916 2145 quod
1962 2075 2030 2130 ad
2078 2077 2154 2132 si-

583 2167 812 2218 nistram
868 2164 1116 2228 excedit,
1167 2167 1660 2234 compensandum.
1700 2167 1808 2221 Illa:
1836 2168 2027 2222 activa:
2076 2168 2158 2222 fa-

581 2255 817 2309 cultates
866 2256 942 2308 ita
989 2271 1018 2308 a
1063 2271 1122 2311 se
1170 2263 1350 2320 motze,
1388 2265 1446 2310 ut
1481 2267 1688 2311 temere
1731 2273 1842 2312 non
1885 2257 2154 2325 ferantur,

583 2353 992 2401 connectuntur
1022 2362 1144 2399 cum
1177 2361 1238 2400 ea
1265 2349 1632 2416 rationequat,
1665 2355 1724 2402 ut
1755 2346 1932 2412 fusus,
1965 2365 2158 2404 sensa-

583 2439 764 2492 tiones
807 2436 1104 2490 intellectui
1138 2438 1354 2503 uniunt,
1390 2454 1513 2492 cum
1555 2439 1814 2494 meditata
1846 2441 2154 2510 perceptio,

582 2545 611 2582 a
658 2529 917 2584 sensibus
957 2538 1206 2599 accepta,
1249 2529 1316 2584 ad
1366 2531 1616 2587 veritatis
1653 2532 2026 2603 cognitionem
2067 2534 2155 2588 in-

583 2623 859 2676 tellectum
893 2621 1164 2692 perducit.

656 2799 816 2854 Vens.
853 2801 945 2856 20.
991 2797 1188 2854 Manus
1227 2811 1400 2856 autem
1435 2812 1554 2858 tuas
1593 2805 1800 2873 aperuit
1837 2805 2077 2876 pauperi,
2106 2815 2156 2860 et

579 2892 789 2960 palmas
821 2891 1056 2944 extendit
1098 2892 1266 2960 inopi.
1297 2891 1596 2963 Postquam
1635 2903 1855 2964 operata
1887 2907 1971 2951 est
1998 2896 2157 2967 juxta

582 2981 872 3036 Scientiam
916 2993 1074 3035 actus
1121 2982 1409 3045 virtutum,
1453 2984 1546 3036 illa
1588 3001 1814 3040 suarum
1865 2987 2156 3041 moralium

580 3071 897 3124 divitiarum
946 3072 1269 3140 participem
1312 3072 1476 3127 elIicit
1512 3087 1760 3138 carnem,
1792 3090 1899 3145 qua
1941 3078 2154 3131 ratione

583 3163 797 3231 privata
841 3161 1046 3215 eisdem
1090 3162 1414 3232 indigebat:
1448 3165 1594 3218 illam
1636 3166 1848 3221 ratione
1876 3165 2152 3232 formavit,

581 3261 748 3322 atque
788 3267 818 3307 e
861 3252 1232 3322 voluptatibus
1276 3254 1608 3324 corruptela:
1650 3255 1861 3310 eduxit.
1893 3253 2155 3310 Contem-

585 3345 886 3415 plationem
938 3361 967 3398 e
1015 3359 1122 3414 qua
1175 3345 1378 3414 pendet
1424 3349 1646 3416 praxis,
1697 3347 1849 3401 velut
1899 3361 1928 3402 a
1975 3346 2156 3402 fructu

582 3451 798 3499 manus,
829 3435 1016 3490 docuit
1049 3437 1414 3504 intellectum,
1449 3439 1541 3507 qui
1589 3438 1660 3494 ob
1701 3454 1946 3494 amorem
1987 3448 2158 3496 mate-

585 3528 680 3578 ria:
713 3526 890 3594 ipsum
936 3540 1068 3580 vere
1111 3526 1316 3580 bonum
1345 3527 1651 3598 ignorabat,
1684 3528 1835 3582 illum
1877 3530 2154 3596 excitavit,

579 3620 1018 3687 prolapsumque
1047 3619 1244 3683 erexit,
1269 3625 1457 3688 utpote
1485 3619 1605 3689 ejus
1633 3619 1890 3689 adjutrix.

659 3793 828 3849 Vnus.
866 3794 958 3848 2|.
1003 3794 1122 3847 Non
1152 3803 1230 3848 est
1260 3794 1518 3850 sollicitus
1549 3796 1612 3849 de
1645 3797 1711 3850 iis
1741 3812 1858 3866 qua:
1904 3797 1961 3852 in
2000 3795 2156 3850 domo

578 3888 661 3942 t'ir
679 3889 816 3956 ejus,
841 3886 1011 3939 sicubi
1037 3896 1276 3939 moratus
1290 3886 1475 3955 fuerit,
1503 3903 1681 3941 omnes
1703 3889 1842 3941 enim
1861 3887 1950 3957 qui
1976 3888 2074 3946 sub
2093 3904 2157 3942 ea

571 3979 754 4034 induti
795 3987 941 4032 sunt.
989 3975 1066 4032 De
1104 3977 1386 4032 doloribus
1438 3978 1643 4043 carnis,
1676 3979 1730 4032 in
1769 3994 1876 4048 qua
1923 3979 2154 4046 habitat,

571 4086 690 4124 .non
724 4080 810 4125 est
848 4069 1123 4125 sollicitus
1174 4068 1510 4132 intellectus,
1539 4069 1761 4137 quando
1801 4069 2156 4139 inspiritua-

582 4161 728 4215 libus
776 4157 1335 4226 contemplatiouibus
1393 4165 1692 4212 moratur:
1731 4173 1962 4229 qua-que
2007 4161 2153 4215 enim

451 4269 461 4278 κ
567 4249 901 4305 .considerat
939 4249 1088 4302 illum
1121 4248 1412 4318 prudentia
1440 4257 1496 4302 et
1524 4248 1847 4304 fortitudine
1874 4250 2150 4317 muniunt,

579 4358 651 4397 uc
687 4343 925 4411 patiatur
955 4341 1134 4412 ignem
1168 4341 1514 4410 probationis
1539 4341 1796 4410 jucunda:
1830 4351 1885 4396 et
1911 4342 2154 4414 volupta-

570 4434 676 4498 tis,
707 4435 788 4488 vel
822 4431 994 4504 frigus
1031 4433 1222 4488 invisa:
1252 4443 1307 4488 et
1336 4431 1566 4487 doloris.

653 4611 821 4667 Vens.
872 4613 962 4667 22.
1012 4612 1258 4683 Duplices
1309 4622 1472 4668 vestes
1523 4613 1646 4683 fecit
1686 4615 1794 4668 viro
1827 4629 1944 4668 suo.
1994 4611 2157 4668 Socio

571 4718 682 4759 suo
729 4703 1031 4757 intellectui
1081 4706 1135 4757 iu
1186 4705 1456 4758 theoriain
1499 4713 1554 4759 et
1597 4706 1652 4759 in
1693 4706 1906 4775 praxim
1945 4704 2158 4774 paravit

572 4798 692 4851 .duo
718 4795 1066 4860 vestimenta,
1088 4805 1143 4849 et
1184 4797 1416 4850 scientia
1446 4812 1652 4862 rerum,
1679 4805 1733 4852 et
1756 4796 1976 4851 virtutis
2004 4810 2159 4850 exer-

571 4887 847 4944 citatione
878 4895 1156 4942 contexta.
2093 4872 2106 4882 ’

652 5082 732 5136 De
763 5075 1132 5151 bysso'autem
1170 5089 1220 5135 et
1263 5096 1500 5150 purpura
1531 5083 1634 5136 sibi
1670 5085 1996 5140 indumenta.
2041 5086 2154 5141 Sibi

580 5187 712 5228 vero
748 5173 896 5227 velut
924 5172 1216 5243 quamdam
1267 5183 1472 5226 vestem
1524 5175 1732 5242 paravit
1778 5174 2030 5245 dogmata
2072 5191 2157 5232 re-

575 5265 1002 5336 demptionis,et
1025 5265 1310 5335 theologia:
1331 5265 1924 5335 incomprehensibilis.
1949 5268 2155 5338 Byssus

575 5355 725 5407 enim
769 5355 862 5424 qui
914 5369 943 5406 e
991 5364 1141 5410 terra
1189 5356 1364 5409 oritur
1407 5364 1492 5410 est
1541 5357 1720 5426 imago
1765 5356 2154 5426 redemptionis

582 5443 748 5498 Verbi
783 5444 874 5499 Dei
908 5445 1214 5504 incarnati:
1244 5461 1484 5517 purpura
1511 5455 1691 5501 autem
1725 5463 1845 5516 qua:
1874 5449 2020 5518 regia
2049 5461 2152 5514 est,

579 5535 886 5592 divinitatis
913 5537 1077 5593 trium
1104 5553 1464 5609 personarum
1496 5539 1644 5594 omni
1681 5547 1948 5594 creaturae
1973 5540 2151 5595 domi-

580 5629 790 5685 nantis.

657 5719 825 5776 Vens.
856 5723 945 5778 23.
982 5721 1307 5793 Conspicuus
1338 5735 1508 5780 autem
1537 5725 1596 5796 ﬁt
1626 5726 1703 5779 rir
1729 5725 1841 5796 ejus
1874 5727 1926 5780 in
1953 5727 2145 5796 portis,

2256 1887 2450 1956 τηρίαν
2471 1885 2658 1956 ψυχῶν
2692 1885 2915 1957 ἀρετὰς,
2945 1887 3187 1955 ὑφαπλοϊ
3209 1886 3438 1950 ταύταις
3471 1888 3716 1951 πάντως
3747 1906 3804 1941 τε

2255 1978 2618 2051 διακρίσεσιν.
2642 1978 2718 2040 ῶς
2739 1995 2850 2032 τισι
2884 1978 3094 2048 πήχεσι
3132 1979 3296 2051 δεξιῷ
3326 1998 3385 2035 τε
3421 1982 3518 2034 καὶ
3551 1981 3803 2051 εὑωνύμ‹

2260 2068 2534 2140 μετροῦσα
2560 2070 2658 2134 τὰς
2685 2069 2796 2122 τῶν
2826 2069 3038 2141 ἀρετῶν
3065 2071 3439 2141 συμμετρίαςο
3474 2072 3574 2124 καὶ
3627 2090 3804 2144 erepta

2260 2159 2428 2230 ροῦσα
2454 2159 2554 2222 τὰς
2584 2161 2649 2213 ὲκ
2677 2159 2869 2224 δεξιῶν
2893 2161 3222 2231 ὑπερϐολὰς,
3259 2163 3358 2216 καὶ
3398 2162 3497 2225 τὰς
3533 2164 3596 2230 ἐξ
3648 2168 3803 2217 δύων

2259 2267 2378 2319 μων
2406 2250 2675 2319 ἐλλείψεις
2703 2249 2886 2303 αὐτῶν
2905 2267 2919 2283 ο
2947 2249 3048 2314 τὰς
3081 2252 3140 2305 δὲ
3160 2254 3486 2322 κινουμένας
3520 2255 3621 2308 ὑπ’
3654 2256 3803 2326 αὐτῆ

2256 2341 2399 2394 ὥστε
2423 2341 2497 2413 μὴ
2521 2342 2731 2409 ἀλόγως
2752 2343 3018 2412 φέρεσθαι
3045 2345 3355 2414 πρακτικὰς
3383 2345 3688 2413 δυνάμεις,
3731 2364 3803 2399 στ-

2258 2433 2398 2504 ρίζει
2427 2436 2504 2498 είς
2538 2434 2630 2487 τὸν
2659 2434 2814 2504 δίκην
2843 2435 3118 2504 ἀτράκτου
3144 2435 3521 2506 συμπλέκοντα
3554 2437 3733 2506 λόγον
3761 2439 3804 2490 τι

2256 2524 2508 2594 αἴσθησιν
2536 2525 2615 2595 τῷ
2643 2524 2745 2589 νοῒ,
2793 2527 2853 2580 ὲν
2885 2521 2962 2596 τῷ
2987 2527 3113 2590 τοὺς
3164 2527 3284 2581 κατ’
3325 2527 3583 2597 αἴσθησιν
3638 2529 3803 2581 τύποι

2257 2617 2396 2688 πρὸς
2423 2617 2523 2688 τὴν
2567 2617 2708 2671 κατά
2743 2615 2869 2671 νοῦν
2909 2620 3132 2688 ἀνάγειν
3167 2617 3432 2690 ἀλήθειαν
3481 2623 3606 2684 ταῖς
3648 2622 3804 2674 ἐαυτι

2225 2699 2236 2715 “
2257 2712 2607 2780 συστροφαῖς.

2327 2805 2396 2855 κ’.
2438 2800 2648 2867 Χεῖρας
2678 2798 2868 2867 αὐτῆς
2895 2798 3161 2867 διήνοιξε
3193 2801 3441 2868 πένητι·
3492 2802 3734 2870 καρπὸν
3779 2803 3804 2855 ἑ

2255 2890 2513 2953 ἐξέτεινε
2545 2889 2779 2960 πτωχῷ.
2822 2889 3074 2957 Δαψιλῶς
3101 2893 3220 2953 ταῖς
3253 2892 3372 2944 κατ’
3399 2893 3593 2961 ὲπιστή
3603 2911 3718 2963 μην
3743 2896 3804 2945 αἱ

2257 2981 2355 3051 τῆς
2378 2981 2684 3051 ἐνεργείαις
2713 2981 2822 3034 τῶν
2854 2981 2974 3036 κατ’
2995 2982 3196 3052 ἀρετὴν
3215 2981 3450 3052 τρόπων,
3475 2982 3571 3034 τοῦ
3595 2983 3804 3036 πλούτο

2262 3069 2535 3139 μετέδωκε
2565 3068 2660 3122 τοῦ
2691 3069 2831 3123 κατὰ
2853 3069 3052 3140 πρᾶξιν
3071 3069 3257 3140 ἤθους,
3281 3071 3359 3140 τῷ
3379 3070 3736 3140 συντραφέντι
3763 3090 3803 3124 τ’

2255 3163 2449 3217 τούτου
2493 3165 2672 3236 ἐνδείᾳ.
2700 3165 2768 3218 δι’
2791 3165 3019 3234 ἀλογίαν
3041 3164 3276 3235 σαρκίῳ,
3310 3165 3447 3218 κατὰ
3467 3165 3621 3234 λόγον
3660 3166 3801 3218 τοῦτ

2257 3252 2598 3323 ῥυθμίσασα·
2651 3255 2748 3307 καὶ
2777 3255 2875 3326 τῆς
2910 3253 3237 3326 φθοροποιοῦ
3269 3257 3600 3325 ἡδυπαθείας
3627 3257 3796 3323 ὲξανα

2257 3345 2504 3413 στήσασα
2525 3361 2539 3376 ο
2573 3345 2634 3398 τὸ
2660 3345 2714 3398 δὲ
2735 3345 3085 3417 Θεωρητικδν,
3105 3338 3166 3399 οῦ
3189 3345 3486 3418 ἐξήρτηται
3515 3348 3576 3400 τδ
3601 3365 3799 3418 aput;

2254 3434 2351 3488 κδν
2377 3430 2464 3488 οἷα
2497 3434 2711 3507 καρποῦ
2740 3436 2884 3506 χεὶρ,
2916 3434 3194 3507 ὲξήπλωσε
3224 3437 3366 3491 κατά
3392 3438 3616 3506 γνῶσιν,
3646 3439 3724 3508 τῷ
3756 3444 3798 3490 εξ

2254 3529 2480 3596 ἄγνοιαν
2531 3528 2629 3581 τοῦ
2684 3528 2855 3591 ὅντως
2888 3525 3054 3580 καλοῦ
3075 3561 3092 3586 ,
3118 3526 3210 3579 διὰ
3235 3527 3338 3596 τὴν
3368 3527 3505 3596 πρὸς
3554 3527 3625 3581 τά
3675 3527 3799 3580 ύλικη

2256 3623 2441 3691 σχέσιν
2464 3619 2819 3690 περιπεσόντι
2839 3621 2918 3674 νοτ
2933 3635 2946 3648 ·
2969 3617 3425 3688 ἀνακαλεσαμένη
3451 3620 3544 3670 καὶ
3568 3619 3799 3690 ὲγείραο

2253 3713 2442 3766 τοῦτον
2478 3712 2571 3766 τοῦ
2611 3711 2937 3782 πτώματος,
2975 3709 3051 3774 ὡς
3087 3707 3251 3764 αὑτοῦ
3293 3707 3512 3780 βοηθός.

2323 3809 2430 3860 κα’.
2475 3806 2558 3857 οὐ
2586 3801 2882 3872 φροντίζει
2912 3800 3031 3856 τῶν
3071 3801 3140 3854 ὲν
3172 3800 3314 3863 οἴκῳ
3356 3804 3389 3854 ό
3413 3800 3573 3869 ἀνὴρ
3619 3799 3798 3864 αὐτῆς

2253 3892 2400 3947 ὅταν
2434 3907 2554 3946 που
2583 3891 2852 3961 χρονίζῃο
2883 3890 3106 3956 πάντες
3147 3889 3251 3959 γὰρ
3276 3891 3330 3942 οἱ
3357 3889 3496 3958 ,παρ’
3533 3890 3697 3958 αὐτῇ
3737 3894 3798 3943 ὲν

2253 3982 2666 4038 διδύσκονται.
2708 3983 2782 4034 00
2837 3981 3078 4050 μεριμνᾷ
3119 3982 3149 4033 ὁ
3186 3979 3361 4050 ταύτῃ
3406 3977 3656 4044 σύνοικος
3709 3981 3792 4032 νοῦ

2254 4074 2384 4144 περὶ
2404 4073 2512 4127 τῶν
2534 4073 2591 4124 ὲν
2616 4071 2693 4142 τῷ
2719 4071 3020 4140 οίκητηρίῳ
3047 4070 3210 4124 αὑτοῦ
3231 4072 3443 4141 σαρκίῳ
3465 4071 3796 4141 παθημάτων

2253 4162 2458 4216 ὁπόταν
2512 4163 2631 4224 ταῖς
2680 4163 3077 4230 πνευματικαῖς
3125 4159 3385 4231 Θεωρίαις
3429 4161 3780 4232 ἐνασχολῆται

2253 4253 2453 4315 πάντες
2483 4252 2591 4322 γὰρ
2617 4253 2666 4304 οἱ
2693 4251 2882 4304 τούτου
2910 4253 2966 4304 ὲν
2992 4247 3140 4320 αύτῷ
3167 4250 3439 4321 λογισμοὶ,
3475 4253 3791 4324 περιϐάλλων

2251 4362 2342 4398 ται
2392 4345 2481 4398 διὰ
2529 4343 2882 4414 σωφροσύνην
2927 4343 3024 4395 καὶ
3069 4341 3358 4412 ἀνδρείαν,
3414 4342 3476 4394 τὸ
3517 4343 3581 4395 ἐκ
3627 4360 3690 4396 τε
3732 4346 3793 4397 sai

2183 4463 2228 4518 Ι)
2255 4433 2500 4504 φλογμοῦ
2537 4433 2645 4485 τῶν
2681 4433 2803 4486 καθ’
2834 4431 3030 4502 ἡδονὴν
3060 4431 3325 4484 ἑκουσίων
3350 4432 3699 4502 πειρασμῶν,
3731 4439 3793 4486 κα

2255 4526 2349 4581 τοῦ
2384 4525 2597 4597 κρυμοῦ
2637 4525 2743 4578 τῶν
2783 4525 2900 4577 κατ’
2929 4523 3121 4593 ὀδύνην
3157 4522 3450 4586 ἀκουσίων,
3489 4524 3719 4586 ἀπαθές.

2326 4618 2432 4688 κβ’.
2473 4617 2701 4682 Δισσὰς
2731 4617 2989 4684 χλαίνας
3021 4615 3272 4681 ἐποίησε
3307 4613 3390 4678 τῷ
3422 4613 3593 4681 ἀνδρὶ
3613 4611 3788 4677 αὐτῆς

2254 4707 2642 4763 Κατεσκεύασε
2669 4706 2748 4776 τῷ
2779 4705 3008 4773 συνοίκῳ
3035 4705 3205 4774 αὐτῆς
3227 4703 3328 4765 νοῒ,
3352 4701 3490 4756 κατά
3509 4717 3567 4752 τε
3592 4703 3791 4773 Θεωῴιε

2255 4800 2350 4854 καὶ
2395 4798 2594 4870 πρᾶξιν
2628 4797 2783 4850 διττά
2831 4793 3245 4865 περιϐλήματαο
3277 4795 3386 4854 τοῖς
3426 4789 3599 4856 λόγοις
3648 4794 3792 4846 ταῦτι

2254 4891 2363 4944 τῶν
2399 4890 2590 4956 ὄντων,
2631 4889 2727 4943 καὶ
2777 4889 2892 4950 τοῖς
2945 4887 3172 4957 τρόποις
3219 4882 3329 4936 τῶν
3371 4879 3582 4952 ἀρετῶν
3623 4882 3790 4951 ἐξυφα-

2254 5006 2412 5044 νασα.
2945 5050 2964 5065 ο

2337 5083 2437 5137 Ἐκ
2459 5081 2528 5133 δὲ
2542 5080 2792 5144 βύσσου
2815 5077 2913 5132 καὶ
2937 5077 3248 5145 πορφύρας
3295 5069 3478 5140 ἑαυτῇ
3503 5071 3790 5140 ἐνδύματα

2331 5173 2532 5242 Ἐαυτῇ
2563 5171 2620 5223 δὲ
2653 5161 2742 5221 οἷά
2767 5185 2889 5221 τινα
2920 5166 3264 5236 περιϐόλαια,
3292 5165 3360 5217 τὰ
3386 5162 3511 5232 περί
3538 5179 3599 5216 τε
3625 5166 3720 5234 τῆς
3743 5165 3788 5214 οξ·

2255 5263 2511 5332 κονομίας
2535 5261 2750 5330 καὶτῆς
2776 5258 3051 5327 Θεολογίας
3081 5257 3222 5327 ὑπὲρ
3250 5255 3375 5309 νοῦν
3405 5254 3645 5324 δόγματα
3669 5271 3683 5285 ·
3719 5272 3788 5306 παι

2256 5355 2480 5428 ραδηλοῐ
2523 5354 2632 5424 γὰρ
2671 5352 2868 5422 βύσσος
2896 5351 2984 5403 διὰ
3013 5350 3074 5404 τὸ
3103 5349 3212 5402 ἀπὸ
3233 5349 3336 5418 γῆς
3370 5348 3512 5418 ἔχειν
3548 5347 3644 5418 τὴν
3670 5347 3788 5414 γένει

2256 5465 2368 5509 σιν,
2396 5446 2463 5498 τὰ
2497 5446 2624 5516 περὶ
2651 5443 2749 5512 τῆς
2776 5442 2870 5495 τοῦ
2899 5441 3035 5495 Θεοῦ
3061 5441 3233 5506 Λόγου
3259 5439 3318 5491 ὲν
3334 5437 3496 5508 σαρκὶ
3518 5438 3786 5507 οἰκονομίας

2234 5539 2498 5609 ,δόγματα
2520 5555 2534 5570 ·
2568 5538 2602 5607 ἡ
2639 5536 2696 5588 δὲ
2729 5536 3014 5606 πορφύρα,
3047 5533 3139 5586 διὰ
3169 5531 3232 5584 τὸ
3261 5530 3568 5600 βασιλικὸν,
3600 5530 3665 5583 τὰ
3694 5531 3785 5597 περ

2253 5632 2349 5701 τῆς
2384 5630 2602 5684 πάντων
2639 5625 2954 5688 δεσπότιδος
2991 5623 3430 5694 τρισυποστόιτου
3448 5619 3726 5690 Θεότητος.

2323 5731 2427 5792 κγ’.
2472 5723 2872 5792 Περίϐλεπτος
2902 5717 2968 5771 δὲ
3005 5718 3221 5788 γίνεται
3254 5716 3324 5769 ἐν
3351 5716 3568 5778 πύλαις
3601 5715 3632 5767 ό
3668 5711 3786 5779 ἀνι-ἔκ
