3900 6228
358 285 490 354 1541

1388 273 1924 338 COMMENTARII
1969 273 2051 334 IN
2093 274 2554 337 PBOVERBIA.

3468 295 3607 361 15-12

341 395 527 464 αὐτῆς
569 395 750 464 ἡνίκα
798 393 874 448 ἂν
923 393 1147 460 καθίσῃ
1190 387 1260 443 ἐν
1293 388 1590 456 συνεδρίῳ
1625 387 1775 454 μετὰ
1813 382 1914 437 tibi

2037 384 2452 455 quandocunque
2492 386 2685 441 sederit
2729 388 2780 440 in
2815 405 3085 460 consessu,
3129 410 3251 450 cum
3280 399 3489 454 senibus
3518 402 3620 456 Ita-

341 489 638 558 τερόντων
661 485 957 544 κατοίκων
982 483 1092 552 τῆς
1113 479 1245 552 γῆς.
1289 479 1607 546 Περιφανὴς
1633 477 1690 530 δὲ
1717 476 1925 544 γίνεται

339 578 371 629 ὁ
403 577 573 649 ταύτῃ
603 574 871 628 συνοικῶν
897 574 1021 637 νοῦς
1041 613 1056 638 ,
1087 574 1148 628 ἐν
1187 574 1309 635 ταῖς
1339 570 1415 634 ὥς
1449 586 1560 623 τισι
1589 567 1786 630 πύλαις
1815 566 1928 618 εἰσ-

339 671 576 737 αγωγοίς
605 671 703 738 τῆς
732 667 843 721 τῶν
872 665 1086 738 ὁρατῶν
1109 661 1412 734 φαντασίας
1437 659 1778 732 αἰσθήσεσιν,
1801 655 1930 710 ὁπό-

337 776 438 814 ταν
486 758 617 829 περὶ
663 757 869 820 ταύτας
907 756 1234 828 συνεδριάσῃ
1279 757 1348 827 τῇ
1388 751 1654 824 ἐπιθυμίᾳ
1701 750 1796 804 καὶ
1849 746 1928 818 τῷ

339 848 517 919 θυμῷ,
551 850 668 913 ταῖς
706 842 794 902 οἷα
824 849 1268 920 προηγουμέναις
1303 847 1368 899 ἐκ
1402 845 1670 913 γενέσεως
1710 841 1810 912 τῆς
1835 838 1926 892 λο-

336 940 502 1010 γικῆς
551 939 835 1010 ἐνεργείας
881 939 1288 1010 πρεσϐυτέραις
1328 937 1622 1006 δυνάμεσιν
1648 949 1662 964 °
1697 932 1928 1003 ἔμφρονι

336 1031 588 1103 λογισμῷ
635 1032 702 1085 δι’
740 1032 1071 1104 ἐγκρατείας
1121 1032 1216 1086 καὶ
1267 1028 1552 1100 ὑπομονῆς
1607 1025 1928 1080 ὑποτάσσων

339 1123 544 1186 αὐτάς·
599 1123 766 1195 αἴπερ
811 1124 1046 1194 ψυχικαί
1095 1122 1379 1192 δυνάμεις,
1429 1119 1508 1191 τῷ
1548 1117 1780 1190 παθητῷ
1832 1114 1927 1171 τοῦ

337 1213 526 1285 χοῖκοῦ
559 1214 718 1285 ἡμῶν
749 1215 976 1285 σαρκίον
1023 1212 1468 1284 παραμένουσιν,
1499 1209 1575 1275 ὡς
1618 1212 1720 1280 τῆς
1746 1207 1930 1278 ψυχῆς

335 1305 530 1375 φύσει,
561 1307 661 1377 τῆς
695 1307 796 1377 μὲν
831 1307 1147 1370 συστάσεως
1177 1305 1275 1360 τοῦ
1307 1304 1563 1374 σώματος
1593 1302 1717 1356 κατ’
1740 1298 1931 1354 ἐπιθυ-

336 1398 466 1465 μίας
489 1397 826 1470 ὀρεγομένης
850 1438 865 1465 ,
897 1397 996 1469 τὴν
1028 1398 1086 1452 δὲ
1123 1395 1334 1466 φθορὰν
1358 1393 1551 1448 τούτου
1584 1391 1729 1447 κατά
1755 1387 1930 1460 θυμὸν

332 1480 852 1560 ἀποστρεφομένηνζ

401 1579 503 1634 κδ’.
546 1580 839 1646 Σινδόνας
871 1579 1126 1648 ἐποίησε
1146 1579 1247 1634 καὶ
1281 1578 1542 1636 ἀπέδοτο
1572 1577 1697 1644 τοῖς
1722 1575 1925 1632 Φοίνι⁶

2031 477 2346 532 bitatoribus
2393 488 2568 533 terrae.
2611 479 2962 552 Conspicuus
3012 485 3068 540 tit
3106 488 3418 548 intellectus
3460 494 3660 550 habi-‘

2031 575 2157 624 tans
2203 583 2326 623 cum
2375 585 2457 633 ea,
2492 571 2636 626 inter
2673 573 2885 642 primas
2926 590 3110 632 rerum
3154 580 3452 636 visibilium
3492 601 3618 654 per-

2030 661 2336 729 ceptiones,
2367 663 2525 733 quasi
2568 664 2624 718 in
2668 668 2846 734 portis
2888 678 3162 736 versatus,
3193 687 3318 726 cum
3363 675 3432 729 ad
3467 675 3612 744 judi-

2031 753 2266 808 candum
2295 754 2364 809 de
2393 756 2472 812 eis
2504 759 2760 813 convenit
2789 774 2912 814 cum
2946 763 3252 832 cupiditate
3283 774 3338 819 et
3369 767 3472 832 ira,
3505 784 3614 838 qua

2031 846 2226 900 animae
2251 846 2544 905 facultates
2571 851 2759 920 primae
2793 862 3120 910 exercentur
3149 864 3204 912 et
3235 873 3348 928 quo
3378 859 3617 915 rationa-

2031 939 2215 995 biliter
2259 955 2420 1009 agere
2485 942 2818 1012 incepimus,
2862 956 2914 1001 et
2959 948 3114 1018 quasi
3157 951 3410 1006 seniores
3461 961 3611 1008 sunt.

2030 1027 2129 1084 Illa
2171 1029 2580 1086 rationabiliter
2620 1045 2885 1104 reguntur
2923 1039 3278 1108 temperantia
3308 1053 3364 1094 et
3401 1043 3614 1110 patien-

2031 1119 2132 1185 tia,
2191 1128 2247 1176 et
2289 1121 2490 1177 deinde
2531 1125 2752 1194 corpori
2796 1132 3015 1182 terreno
3051 1140 3105 1184 et
3133 1131 3382 1199 passibili
3426 1132 3612 1190 fideles

2031 1221 2215 1278 erunt,
2248 1213 2300 1267 id
2319 1221 2430 1281 est,
2461 1218 2714 1286 corporis
2743 1219 2973 1273 salutem
2998 1222 3299 1292 cupiditate
3329 1234 3613 1293 promovet

2033 1307 2233 1374 anima,
2267 1305 2498 1378 ejusque
2536 1310 2948 1380 corruptionem
2979 1313 3059 1367 ira
3095 1325 3362 1371 removet.

2103 1573 2272 1630 Vens.
2313 1573 2404 1628 21$.
2435 1573 2704 1630 Sindonas
2737 1577 2877 1646 fecit,
2909 1587 2959 1632 et
2990 1580 3218 1634 uendidit
3251 1582 3606 1650 Phoenicibus,

333 1671 393 1734 ξι
413 1687 426 1702 ·
465 1670 852 1740 περιζώματα,
881 1671 1008 1737 τοῖς
1051 1668 1798 1744 Χαναναίοις.Νεκρῴσεως
1820 1665 1914 1719 τῶι

2032 1665 2248 1736 cingula
2271 1663 2613 1722 Chananccis.
2637 1667 2908 1724 Funebria
2939 1673 3255 1740 passionum
3286 1675 3605 1733 indumenta

333 1737 596 1832 ἐμπαθῶν
626 1737 903 1833 λογισμῶν
933 1764 1230 1834 εἰργάσατο
1273 1737 1596 1835 περιϐόλαια
1617 1738 1636 1794 θ’
1669 1763 1765 1816 καὶ
1803 1763 1914 1827 τοῖς

2030 1757 2256 1816 zonlecit
2295 1774 2472 1829 eaque
2513 1760 2832 1818 hominibus
2865 1771 2990 1819 actu
3035 1769 3358 1836 passionum
3392 1770 3605 1839 liberis,

332 1851 659 1924 καθαρθεῖσι
693 1853 795 1924 μὲν
823 1853 934 1908 ἀπὸ
961 1853 1073 1908 τῶν
1105 1855 1228 1909 κατ’
1257 1854 1537 1926 ἐνέργειαν
1571 1853 1784 1921 παθῶν,
1818 1870 1917 1907 πε-

331 1947 701 2016 φοινιγμένοις
729 1948 772 2000 δ’
798 1947 879 2002 ἔτι
902 1951 1016 2014 τοῖς
1049 1949 1192 2004 κατὰ
1219 1950 1485 2018 διάνοιαν,
1513 1951 1912 2022 ἀπημπόλησεο

328 2038 702 2094 καταϐαλοῦσι
738 2041 876 2113 πρὸς
903 2043 1072 2114 αὐτὴν
1097 2037 1209 2098 οἷόν
1230 2062 1281 2098 τι
1303 2045 1524 2116 τίμημα
1551 2045 1650 2114 τὴν
1676 2043 1784 2099 ἀπὸ
1807 2043 1917 2098 τῶν

329 2131 454 2184 κατ’
475 2131 758 2202 ἐνέργειαν
790 2134 981 2187 παθῶν
1007 2137 1530 2208 ἐγκρατευσαμένην
1555 2136 1880 2211 προαίρεσιν
1897 2154 1914 2169 ·

329 2222 659 2294 ἐγκράτειαν
689 2225 748 2279 δὲ
781 2226 874 2280 καὶ
907 2227 1190 2300 ὑπομονὴν
1215 2232 1315 2299 τῆς
1341 2229 1482 2284 κατὰ
1508 2229 1643 2283 Θεὸν
1678 2231 1919 2303 σκληρᾶς

329 2316 578 2387 ἀγωγῆς,
612 2319 1088 2389 περισφιγγούσας
1133 2321 1195 2374 τὸ
1245 2320 1550 2393 παθητικὸν
1587 2322 1692 2393 τῆς
1739 2323 1919 2394 ψυχῆς

333 2411 501 2481 μέρος
553 2411 1015 2484 ἀπεργασαμένη,
1057 2415 1179 2468 κατ’
1202 2414 1450 2487 ἔμφρονα
1504 2416 1763 2487 λογισμὸν
1808 2415 1918 2470 τῶν

328 2503 442 2564 τοῖς
495 2503 616 2556 κατ’
681 2504 966 2574 ἐνέργειαν
1014 2507 1380 2578 ἁμαρτήμασι
1431 2508 1919 2580 τεταπεινωμένων

331 2596 600 2663 (ταπεινοὶ
620 2594 730 2666 γὰρ
776 2597 828 2648 οἰ
869 2597 1164 2652 Χαναναῖοι
1214 2599 1657 2670 ἐρμηνεύονται),
1688 2600 1920 2654 ἀπέδοτο

329 2683 538 2748 τούτοις
567 2685 756 2752 αὐτὰς,
793 2685 1034 2742 λαϐοῦσα
1065 2689 1127 2741 τὸ
1159 2689 1559 2760 ἐπιθυμητικὸν
1590 2691 1792 2758 αὐτῶν,
1821 2691 1919 2744 καὶ

327 2776 390 2830 τὸ
429 2776 660 2844 θυμικὸν
695 2777 777 2850 τῷ
814 2777 958 2848 λόγῳ
995 2778 1279 2849 ἐπιπειθῆ.

399 2869 598 2936 Στόμα
631 2868 700 2921 δὲ
723 2868 916 2938 αὐτῆς
952 2869 1220 2936 διήνοιξε
1247 2872 1670 2940 προσεχόντως
1696 2871 1796 2926 καί
1821 2871 1920 2926 ἐν-

327 2964 523 3029 νόμως
543 2977 556 2994 ·
605 2963 703 3017 καί
748 2962 924 3027 τάξιν
955 2962 1270 3018 ἐστείλατο
1299 2964 1377 3033 τῇ
1403 2965 1662 3033 γλώσσῃ
1705 2963 1916 3033 αὐτῆς.

290 3049 294 3054 ’
330 3053 511 3124 Σηόμα
564 3054 628 3108 τὸ
677 3055 911 3126 ἐκφέρον
959 3055 1027 3108 τὰ
1061 3056 1264 3128 ταύτης
1309 3057 1640 3127 διδάγματα,
1675 3055 1915 3110 ἐκώλυσε
1941 3096 1987 3156 c

335 3145 434 3215 μὲν
467 3147 764 3218 προφέρειν
789 3149 860 3202 τά
891 3149 966 3212 ὡς
1001 3148 1160 3219 ἔτυχε
1199 3151 1680 3220 παρεμπίπτοντα,
1707 3151 1914 3204 διέθετο

331 3236 388 3290 δὲ
433 3238 500 3290 τὰ
546 3237 642 3290 τοῦ
689 3238 824 3291 Θεοῦ
869 3241 1182 3310 ἐντάλματα
1217 3241 1586 3311 φθέγγεσθαι·
1617 3241 1914 3295 κάντεῦθεν

333 3326 491 3391 ἔταξε
542 3328 640 3399 τὴν
693 3328 940 3397 γλῶτταν
994 3331 1179 3386 λαλεῖν
1228 3332 1370 3387 κατά
1407 3333 1598 3404 καιρὸν
1636 3334 1707 3387 τὰ
1746 3345 1913 3405 προσ-

331 3421 558 3491 ήκοντα.

403 3520 501 3569 κε’.
540 3512 752 3580 Ἰσχὺν
777 3512 877 3565 καί
907 3513 1270 3579 εὐπρέπειαν
1298 3507 1651 3578 ἐνεδύσατο,
1683 3515 1784 3570 καί
1815 3517 1913 3570 εὐ-

331 3607 563 3676 φράνθη
596 3606 665 3660 ἐν
693 3604 940 3674 ἡμέραις
974 3604 1282 3672 ἐσχάταις.
1324 3605 1563 3676 Δύναμιν
1596 3607 1693 3660 καὶ
1716 3606 1912 3672 κάλλος

330 3697 710 3769 περιεΰάλετο,
741 3696 865 3750 καθ’
887 3695 1002 3762 ἕξιν
1029 3695 1122 3750 τοῦ
1144 3696 1354 3764 ἀγαθοῦ
1376 3714 1462 3751 νοε
1473 3698 1567 3768 ρὰν
1588 3698 1685 3768 τῆς
1708 3698 1910 3770 ψυχῆς,

330 3793 426 3846 καὶ
449 3793 506 3843 ἐν
531 3789 700 3861 σαρκὶ
725 3790 1003 3859 ἐνέργειαν
1020 3805 1034 3819 ο
1059 3787 1260 3859 σχοῦσα
1279 3787 1388 3860 γὰρ
1411 3788 1552 3843 κατά
1573 3789 1635 3843 τὺ
1655 3791 1912 3861 τριμερές

330 3883 428 3954 τῆς
459 3881 644 3952 ψυχῆς
673 3880 979 3933 ἐνδιάθετον
1007 3879 1070 3933 τὸ
1097 3879 1323 3948 ἀγαθὸν,
1359 3879 1664 3935 ἐνδιάθετον
1688 3881 1745 3934 δὲ
1771 3883 1909 3951 ἀγα·

330 3975 422 4027 om
451 3974 485 4043 ἡ
520 3972 706 4036 πίστις
733 3973 870 4038 ἐστὶ,
905 3971 1112 4043 ταύτην
1139 3971 1404 4043 κέκτηται
1429 3973 1659 4044 δύναμιν
1686 3975 1909 4046 ἐνεργηο

328 4065 490 4131 τικὴν
522 4065 579 4117 ἐν
614 4063 851 4133 σώματι,
886 4064 980 4117 τοῦ
1014 4064 1220 4135 κόσμου
1249 4063 1360 4116 τῶν
1391 4064 1624 4137 ἀρετῶν,
1655 4067 1908 4136 ἐνεργου-

333 4157 503 4228 μένην
543 4157 748 4227 ταύτην
773 4159 888 4218 τοῖς
920 4157 1124 4209 τούτων
1167 4157 1393 4228 τρόποις
1439 4158 1866 4212 ἀποδεικνύουσα
1890 4175 1904 4189 ο

331 4247 628 4302 κάντεῦθεν
676 4249 738 4302 ἐν·
778 4240 1012 4300 οἷστισιν
1057 4245 1234 4312 οὕτως
1287 4247 1459 4320 αὐτὴν
1501 4249 1854 4305 ἀποδεικνύει
1889 4292 1904 4318 ,

328 4338 700 4408 ἠγαλλιάσατο
749 4338 878 4409 περί
925 4338 988 4390 τὸ
1037 4338 1188 4403 τέλος
1241 4340 1340 4410 τῆς
1389 4340 1675 4413 παρούσης
1728 4342 1908 4395 αὐτῶν

332 4431 498 4500 ζωῆς,
537 4429 613 4492 ὡς
651 4429 744 4482 τὸν
782 4429 929 4482 κατὰ
966 4429 1100 4483 Θεὸν
1135 4429 1336 4502 δρόμον
1375 4431 1762 4486 τετελεκότων.

399 4522 647 4593 Στεγναί
687 4522 976 4592 διατριϐαὶ
1016 4524 1198 4578 οἴκων
1224 4523 1436 4593 αὐτῆς.
1473 4525 1907 4598 Ἐπιμελουμένη

328 4615 422 4669 τοῦ
470 4615 612 4670 κατά
658 4615 838 4687 ψυχὴν
879 4611 1068 4687 νῖεροῦ
1099 4616 1418 4688 οἰκητηρίου
1457 4617 1648 4688 αὐτῆς,
1677 4617 1772 4671 καὶ
1813 4615 1910 4670 τοῦ

329 4708 471 4774 κατά
520 4707 681 4775 σῶμα
726 4707 1066 4778 αἰσθητικοῦ,
1112 4707 1476 4780 ἀποκαθαίρει
1533 4708 1760 4775 τούτων,
1791 4712 1912 4773 ταῖς

330 4798 472 4851 κατὰ
505 4797 744 4867 θεωρίαν
792 4799 886 4851 καὶ
935 4799 1136 4869 πρᾶξιν
1168 4801 1226 4853 ἐν
1259 4801 1470 4865 τούτοις
1501 4803 1778 4872 κινήσεσιν
1810 4802 1910 4854 αὑ-

331 4890 428 4959 τῆς
452 4930 466 4954 ,
499 4889 681 4943 πάντα
707 4889 905 4959 χαῦνον
934 4893 1026 4943 καὶ
1055 4890 1314 4962 ἄνανδρον
1342 4891 1604 4963 λογισμὸν
1624 4933 1639 4959 ,
1671 4893 1764 4946 καὶ
1797 4891 1910 4963 βίον

331 4980 717 5052 διακεχυμένον
757 4982 855 5034 καὶ
895 4981 1225 5053 βορϐορώδη.

400 5073 544 5128 Σῖτα
572 5072 642 5126 δὲ
696 5074 923 5142 όκνηρὰ
969 5077 1080 5128 οὐκ
1122 5075 1326 5146 ἔφαγε.
1367 5077 1674 5147 Λογισμοὺς
1703 5077 1759 5131 δὲ
1784 5077 1911 5148 τρέ-

325 5179 519 5230 φοντας
533 5166 653 5220 κατ’
678 5165 880 5238 ἀρετὴν
907 5163 1004 5238 τὴν
1032 5165 1209 5239 ψυχὴν
1239 5167 1629 5234 ἀνεξετάστως,
1660 5169 1909 5238 οὐδαμῶς

332 5258 698 5328 παρεδέξατοο
757 5258 1135 5329 φυλαττομένη
1181 5259 1244 5312 ἐκ
1293 5259 1400 5313 τῶν
1447 5260 1553 5314 ἀπὸ
1609 5261 1790 5325 δεξιᾶς
1832 5263 1910 5315 δι’

330 5349 660 5419 ἀπροσεξίαν
699 5349 762 5402 ἐκ
801 5348 1073 5420 ῥᾳθυμίας
1113 5351 1211 5419 τὴν
1248 5350 1427 5420 ψυχὴν
1467 5351 1821 5406 ἀπατώντων.

399 5447 512 5505 κς’.
555 5444 750 5511 Στόμα
777 5440 844 5494 δὲ
873 5442 1098 5509 ἀνοίγει
1131 5441 1333 5510 σοφῶς
1362 5442 1459 5494 καὶ
1499 5440 1904 5511 νομοθέσμως.

333 5533 582 5588 Διδάσκει
627 5534 683 5588 δὲ
725 5536 793 5590 τὰ
823 5534 996 5607 ἀληθῆ
1029 5535 1306 5606 δόγματα,
1341 5536 1435 5589 καί
1464 5536 1531 5590 τὰ
1566 5534 1683 5587 θεῖα
1719 5537 1907 5590 ἐντάλ-

335 5641 501 5692 ματα.

1939 4454 1987 4512 D

2017 1850 2216 1906 allectu
2246 1865 2379 1906 vero
2405 1853 2586 1907 adhuc
2617 1855 2952 1912 rubentibus
2996 1862 3262 1925 vendidit,
3294 1865 3388 1934 qui
3421 1865 3468 1919 ei
3504 1869 3604 1920 ob-

2013 1941 2215 2013 jiciunt
2279 1941 2424 1998 hanc
2494 1944 2822 2000 electionem
2866 1964 2975 2018 qua
3049 1954 3354 2008 exercitum
3395 1958 3606 2025 passio-

2017 2051 2150 2090 num
2182 2044 2608 2106 superaverunt.
2641 2037 3048 2095 Continentiam
3085 2054 3140 2098 et
3181 2045 3500 2114 patientiam
3537 2049 3602 2102 :zd

2019 2128 2185 2182 vitam
2215 2128 2270 2183 in
2305 2129 2416 2184 Deo
2446 2144 2696 2200 asperam
2730 2134 3096 2197 necessarias,
3125 2137 3326 2205 quibus
3356 2139 3604 2193 ιιιιιιιίιιιι·

2018 2236 2149 2292 pars
2193 2222 2393 2278 anima:
2429 2223 2784 2293 passionibus
2827 2227 3032 2295 dedita,
3063 2230 3318 2298 producit
3344 2233 3504 2286 etiam
3535 2233 3601 2286 ad

2019 2313 2358 2370 voluntatem
2395 2314 2697 2384 sapientem
2739 2318 3022 2372 hominum
3067 2321 3184 2376 suis
3221 2324 3464 2391 peccatis
3504 2323 3605 2376 lin-

2019 2406 2357 2463 miliatorum
2387 2408 2645 2480 (humiles
2672 2410 2818 2464 enim
2852 2409 3100 2465 feruntur
3127 2412 3450 2484 Cbananaei)
3492 2419 3602 2468 eis-

2019 2513 2128 2568 que
2179 2499 2305 2554 illas
2348 2498 2574 2554 donavit
2621 2499 2906 2556 confectas
2948 2517 3015 2557 ex
3071 2501 3376 2574 cupiditate
3413 2512 3469 2560 et
3518 2505 3600 2561 ira

2022 2591 2222 2648 rationi
2254 2592 2544 2662 subjectis.

2094 2852 2180 2909 0s.
2211 2864 2365 2908 suum
2413 2853 2862 2922 aperuit'altente
2907 2865 2956 2910 et
3002 2855 3253 2926 legitime,
3271 2866 3318 2911 et
3365 2859 3600 2913 ordinem

2019 2945 2194 3013 posuit
2229 2945 2424 3015 lingua:
2462 2961 2592 3000 sum.
2634 2943 2728 3000 Ori
2774 2962 2885 3016 quo
2937 2948 3176 3016 cogitata
3222 2949 3602 3019 proferuntur,

2022 3051 2090 3090 ne
2124 3036 2396 3106 quidquid
2435 3052 2494 3093 se
2532 3038 2828 3094 obtulisset
2873 3040 3462 3110 prodiret,probibuit;
3491 3043 3601 3111 jus-

2023 3125 2208 3195 sitque
2235 3124 2330 3180 Dei
2365 3126 2618 3180 mandata
2648 3125 2828 3196 loqui,
2864 3127 3055 3196 sicque
3083 3127 3324 3198 linguam
3350 3127 3601 3182 decentia

2022 3224 2331 3288 opportune
2362 3217 2722 3286 pronuntiare
2751 3216 3008 3273 erudivit.

2093 3502 2263 3560 Vens.
2290 3502 2382 3559 25.
2417 3502 2818 3559 Fortitudinem
2853 3513 2902 3560 et
2931 3505 3171 3562 decorem
3201 3509 3390 3574 induit,
3421 3519 3470 3564 et
3499 3511 3597 3566 la:-

2025 3606 2140 3652 tata
2167 3607 2246 3652 est
2275 3598 2329 3652 in
2356 3597 2539 3652 diebus
2565 3598 2887 3653 novissimis.
2915 3597 3246 3656 Potestatem
3273 3610 3328 3655 et
3354 3603 3598 3672 pulchri—

2023 3693 2267 3750 tudinem
2305 3691 2486 3746 induit
2517 3705 2614 3761 per
2643 3705 2885 3746 amorem
2924 3692 3048 3746 boni
3089 3692 3143 3747 in
3179 3701 3382 3757 mente,
3413 3707 3465 3748 et
3501 3708 3598 3766 per

2019 3784 2472 3840 exercitationem
2530 3784 2583 3838 in
2633 3798 2885 3853 corpore.
2929 3783 3145 3838 Etenim
3182 3800 3305 3840 cum
3352 3786 3407 3840 in
3451 3789 3606 3843 trina”-

2019 3879 2203 3932 anima
2233 3877 2304 3932 sit
2331 3876 2538 3931 bonum
2563 3875 2808 3929 innatum
2851 3877 2925 3962 (et
2949 3874 3082 3929 illud
3105 3877 3309 3930 bonum
3343 3877 3592 3932 innatum

2018 3970 2154 4026 ﬁdes
2186 3969 2314 4039 est),
2349 3969 2492 4024 lianc
2538 3967 2840 4038 potentiam
2875 3966 3110 4023 assumit
3147 3966 3217 4022 ad
3258 3971 3592 4037 operandum

2017 4063 2072 4118 in
2121 4077 2356 4132 corpore
2407 4060 2815 4132 pulcherrimas
2858 4060 3114 4126 virtutes,
3164 4069 3594 4130 operantemque

2017 4155 2180 4211 factis
2207 4153 2470 4212 ostendit.
2502 4151 2676 4218 Quam
2705 4152 2753 4207 si
2777 4151 2920 4222 apud
2950 4150 3244 4210 nonnullos
3267 4152 3591 4216 ostenderit,

2014 4250 2258 4304 exsultat
2289 4247 2346 4300 in
2387 4247 2494 4302 line
2538 4247 2664 4301 vita:
2697 4259 2916 4308 eorum,
2951 4243 3220 4313 siquidem
3246 4258 3470 4300 cursum
3502 4260 3592 4300 se-

2013 4341 2254 4396 cundum
2291 4338 2462 4394 Deum
2497 4343 3047 4394 consummaverunt.

2085 4512 2399 4570 Constrictae
2454 4513 2756 4567 mansiones
2823 4511 3102 4566 domorum
3151 4513 3284 4582 ejus.
3346 4513 3596 4573 Sollicita

2011 4606 2080 4662 de
2111 4607 2278 4661 domo
2313 4621 2412 4661 sua
2453 4605 2814 4661 intellectuali
2848 4605 2903 4660 in
2934 4604 3118 4659 anima
3151 4614 3206 4676 et
3238 4605 3306 4662 de
3341 4611 3596 4664 sensibili:

2011 4698 2068 4752 in
2101 4712 2356 4767 corpore,
2391 4699 2514 4753 illas
2541 4708 2724 4753 movet
2755 4697 2822 4752 ad
2850 4698 3294 4768 cognoscendum
3331 4709 3386 4754 et
3421 4715 3595 4770 agens

2011 4791 2164 4857 dum,
2201 4806 2407 4862 easque
2447 4790 2519 4846 ab
2551 4791 2703 4846 omni
2729 4805 2870 4845 vana
2890 4799 2944 4847 et
2976 4792 3206 4847 remissa
3239 4793 3595 4862 cogitatione,

2010 4899 2225 4940 necnon
2274 4891 2330 4938 et
2379 4883 2669 4940 dissolutis
2714 4891 2770 4941 et
2813 4883 3115 4940 fetentibus
3155 4883 3401 4939 moribus
3435 4886 3594 4958 puri-

2011 4979 2152 5033 licet.

2081 5067 2241 5123 Cibos
2302 5078 2478 5123 autem
2530 5068 2708 5138 pigros
2761 5083 2865 5120 non
2920 5065 3282 5122 manducauit.
3333 5069 3596 5127 Rationes

2010 5161 2214 5231 quibus
2267 5161 2333 5216 ad
2383 5162 2644 5218 virtutem
2689 5159 2871 5214 anima
2922 5171 3205 5218 moveatur
3247 5178 3354 5217 non
3391 5172 3596 5221 temere

2010 5252 2227 5324 recipit,
2317 5253 2423 5310 sibi
2454 5261 2609 5309 cavet
2633 5253 2702 5307 ab
2743 5251 2809 5307 iis
2834 5268 2955 5322 quae
2988 5253 3202 5310 animas
3226 5254 3291 5309 de
3333 5252 3436 5310 tio‘e
3465 5256 3593 5312 data

2009 5346 2080 5401 ob
2111 5346 2387 5400 levitatem
2428 5353 2482 5400 et
2515 5345 2791 5416 ignaviam
2822 5353 3093 5401 avertunt.

2085 5437 2249 5493 Vens.
2291 5439 2385 5544 2%
2422 5437 2494 5493 0s
2563 5448 2738 5546 antem
2769 5440 2991 5538 γροταὲ
3052 5439 3317 5546 suniat,"
3369 5450 3416 5495 et
3469 5456 3594 5495 con-

2091 5448 2249 5493 VERS.
2291 5448 2382 5532 ’2ίῇ
2422 5448 2494 5493 Us
2563 5456 2592 5492 a
2658 5455 2738 5494 em
2769 5448 2991 5512 yperuu
3052 5448 3317 5546 δακτεϋεν
3369 5450 3416 5495 et
3469 5456 3592 5495 con-

2009 5538 2255 5598 gruenter
2307 5513 2528 5599 legjibus.
2589 5448 2753 5585 ἕσσει
2783 5499 3266 5602 ’νενομιίοθηιὶιιω
3311 5540 3360 5585 et
3412 5531 3592 5584 divina

2015 5623 2294 5676 mandata.
2350 5622 2706 5694 Eleemosyna
2744 5632 2923 5678 autem
2967 5625 3087 5694 ejus
3132 5624 3422 5678 suscitavit
3452 5623 3592 5680 ﬁlios

2012 5715 2156 5784 ejus,
2187 5725 2240 5769 et
2269 5714 2428 5770 dilati
2463 5724 2614 5780 sunt,
2649 5723 2700 5771 et
2732 5717 2812 5770 vir
2843 5716 2963 5781 eius
2997 5715 3236 5770 laudavit
3269 5730 3410 5772 eam.
