3900 6228
360 289 499 352 1343

1201 300 1562 361 PROCOPII
1605 303 1852 364 GAZzEl
1900 305 2139 364 COMM.
2181 305 2267 366 ΙΝ
2309 305 2764 370 ΡΒΟΥΕΒΒῙᾹ.

3566 105 3752 174 φνλ

3477 319 3631 382 lbi-1

411 407 608 464 27-528.
631 407 862 474 Quando
884 408 1026 463 hanc
1055 408 1402 479 disciplinam
1437 411 1633 482 largita
1663 423 1774 481 est,
1807 429 1934 468 suos

2114 420 2214 482 λς’,
2255 425 2360 488 κη’.
2398 419 2463 472 Ἠ
2492 418 2559 470 δὲ
2591 420 2970 487 ἐλεημοσύνη
3001 419 3191 488 αὐτῆς
3217 421 3521 489 ἀνέστησε
3547 423 3632 478 τὰ

343 500 646 571 discipulos
681 515 746 556 ex
780 501 962 570 Inopia
996 501 1221 563 eduxit,
1262 503 1360 571 qui
1389 504 1589 559 exinde
1611 506 1932 574 spirituales

2037 507 2218 562 τέκνα
2253 509 2447 577 αὐτῆς
2485 511 2584 562 καί
2613 511 3003 578 ἐπλούτησαν
3021 527 3036 542 ο
3062 511 3161 565 καὶ
3186 515 3219 566 ό
3250 511 3406 582 ἀνὴρ
3427 512 3632 584 αὐτῆς

343 595 588 649 scientiaa
614 603 668 650 et
695 594 918 648 virtutis
946 595 1170 650 divitias
1219 595 1527 665 possideni.
1572 597 1706 664 Quae
1739 599 1925 653 omnia

2036 603 2262 671 ᾗνεσεν
2308 603 2526 671 αὐτήν.
2567 605 2676 656 Καὶ
2731 605 2764 673 ἡ
2815 605 2879 656 ἐκ
2928 602 3134 674 ταύτης
3183 605 3472 674 μετάδοσις
3519 609 3633 677 τῆς

341 687 698 741 considerans
747 686 1100 753 intellectus,
1154 687 1277 758 ejus
1341 689 1568 753 socius,
1625 705 1746 744 eam
1806 692 1928 746 lau-

2030 693 2238 748 τούτων
2286 695 2672 759 διδασκαλίας,
2703 694 2950 765 ἐξήγειρε
3000 695 3102 764 τῆς
3153 695 3332 749 αὐτῶν
3381 697 3632 768 ἀπορίας

341 778 510 831 (lavit.

2039 785 2167 846 τοὺς
2197 783 2328 852 παρ’
2351 783 2521 852 αὐτῆς
2545 783 2970 852 διδασκομένους
2989 800 3004 814 ο
3035 785 3326 839 κάντεῦθεν
3353 781 3500 840 οὗτοι
3525 786 3629 838 τὸν

339 869 707 933 πνευματικὸν
759 866 904 930 κατά
953 866 1156 934 γνῶσιν
1209 870 1305 922 καὶ
1362 870 1562 942 ἀρετὴν
1617 867 1918 944 ἐκτήσαντο
1955 871 2218 926 πλοῦτον⁶
2249 876 2394 928 καὶὸ
2437 873 2702 927 συνοικῶν
2721 873 2893 948 ταύτῃ
2913 872 3036 937 νοῦς
3093 875 3358 946 ἐπῄνεσεν
3421 878 3624 950 αὐτὴν,

340 958 512 1011 ταῦτα
551 959 678 1027 περὶ
717 959 890 1026 αὐτῆς
925 959 1394 1031 διαλογισάμενος.

411 1051 572 1105 Vens.
612 1051 702 1105 29.
741 1052 928 1106 Multis
978 1054 1109 1132 [ilice
1151 1055 1386 1124 fecerunt
1435 1059 1702 1112 virtutem.
1743 1056 1923 1115 Multae

338 1144 580 1200 scientia:
611 1143 678 1198 de
741 1146 906 1199 rebus
944 1148 1196 1202 humanis
1245 1149 1518 1205 hominem
1563 1151 1916 1220 permunive-

339 1241 488 1286 runt.

406 1324 594 1378 Multa
625 1327 1013 1394 acquisiverunt
1045 1327 1282 1383 dit-ilius.
1316 1329 1496 1387 Multa!
1516 1334 1565 1388 ei
1595 1335 1744 1406 large
1771 1349 1912 1405 pra:-

336 1417 573 1472 buerunt
603 1434 722 1486 qua:
756 1428 886 1474 sunt
919 1420 1075 1473 utilia
1106 1423 1346 1491 corpori.

408 1509 488 1563 Tu
539 1518 716 1564 autem
763 1513 984 1577 emines,
1019 1522 1069 1566 et
1123 1530 1464 1585 supergressa
1510 1533 1564 1571 es
1615 1504 1910 1573 universas.

335 1600 458 1669 Ipsa
511 1617 641 1655 vero
693 1603 983 1672 sapientia.
1036 1607 1268 1660 scientia
1319 1608 1696 1674 scientiarum,
1750 1626 1916 1680 super

335 1707 529 1747 unmcs
563 1708 748 1748 rerum
783 1695 1149 1749 humanarum
1203 1698 1465 1753 scientias
1511 1700 1738 1765 eminet,
1780 1718 1916 1772 qua-

332 1798 452 1837 rum
503 1799 673 1839 causa
729 1795 852 1853 est;
904 1803 1097 1842 omnes
1148 1800 1394 1858 superat,
1443 1793 1570 1860 quia
1625 1793 1914 1847 scientiam

333 1883 388 1928 et
423 1875 681 1932 virtutem
714 1889 934 1934 exercet
968 1887 1024 1935 et
1059 1888 1261 1936 tractat
1291 1881 1358 1936 de
1393 1883 1558 1938 rebus
1585 1883 1806 1938 divinis.

407 2077 567 2134 Vens.
601 2079 963 2137 '50.Fallaces
1023 2085 1236 2152 gratim,
1288 2096 1335 2139 et
1389 2103 1526 2140 vana
1578 2089 1914 2156 pulchritudo

337 2170 581 2223 mulieris
607 2187 713 2225 non
742 2183 864 2226 sunt
896 2174 950 2226 in
987 2183 1055 2226 te.
1083 2172 1200 2227 Non
1234 2175 1419 2244 places
1449 2177 1546 2230 tibi
1580 2178 1634 2231 in
1669 2179 1754 2233 his
1795 2195 1915 2250 quae

330 2260 590 2314 videntur
618 2277 762 2326 esse,
797 2277 903 2315 non
934 2270 1063 2317 sunt
1105 2264 1270 2318 bona.
1327 2264 1514 2336 Neque
1544 2284 1684 2322 vana
1717 2268 1912 2323 facun-

329 2350 419 2404 dia
452 2349 616 2419 hujus
651 2349 954 2420 sapientiae,
983 2367 1108 2422 quae
1143 2352 1198 2407 in
1231 2355 1410 2410 verbis
1435 2365 1491 2410 et
1524 2355 1715 2414 formis
1775 2374 1914 2414 con-

329 2442 496 2505 sistil,
554 2443 934 2512 elegantiaque
977 2444 1250 2500 sermonis
1309 2446 1419 2500 scit
1465 2461 1627 2502 aures
1651 2448 1912 2513 mulcere,

329 2531 655 2588 invenienda
709 2543 794 2588 cst
843 2536 982 2589 inte
1030 2551 1152 2604 qua:
1186 2546 1271 2592 est
1323 2550 1482 2592 versa
1514 2539 1804 2609 sapientia,
1861 2549 1916 2596 et

328 2639 544 2678 onmem
566 2623 878 2693 superbiam
926 2623 1127 2680 tulisti.

397 2711 594 2768 Mulier
619 2723 797 2768 autem
832 2714 1144 2784 intelligens
1180 2714 1540 2772 benedicatur.
1587 2716 1766 2788 Ipsam
1797 2718 1916 2772 lau-

327 2806 421 2860 dat
452 2806 790 2871 intellectus,
824 2807 918 2876 qui
946 2808 1160 2861 habitat
1183 2823 1308 2862 cum
1327 2823 1415 2873 ea,
1449 2810 1674 2879 quando
1692 2810 1913 2880 sapien-

329 2897 408 2950 tia
447 2895 515 2950 de
537 2897 782 2966 appetitu
815 2897 1013 2951 anima:
1041 2898 1304 2952 concordi
1334 2914 1458 2953 cum
1493 2901 1844 2956 sermonibus
1860 2908 1916 2956 et

327 2987 575 3041 muribus
601 2988 888 3057 praeceptis
951 2988 1230 3042 laudatur.
1293 2987 1450 3044 Tunc
1496 2991 1646 3045 videt
1702 2991 1916 3048 intelle—

326 3083 474 3138 ctus,
505 3075 646 3130 facta
680 3077 987 3130 divinorum
1008 3085 1403 3146 praeceptorum
1435 3079 1774 3150 experientia
1799 3121 1814 3146 ,
1855 3097 1916 3139 se

326 3166 624 3222 feliciorem
647 3183 768 3222 esse
797 3175 850 3221 et
880 3167 1092 3222 caelesti
1123 3167 1244 3236 ejus
1276 3167 1672 3241 doctrina,qua
1701 3186 1732 3226 a
1765 3187 1914 3226 mor-

327 3260 505 3314 tiferis
531 3262 886 3331 paSsionihus
913 3269 1218 3330 amovetur,
1241 3272 1407 3334 atque
1439 3263 1505 3318 ad
1531 3273 1796 3322 aternum
1817 3263 1912 3320 Dei

326 3366 557 3423 regnum
579 3351 918 3422 perducitur.

1433 3449 1464 3470 δ

403 3520 667 3578 Timorem
698 3534 875 3580 autem
899 3525 1118 3582 Domini
1142 3529 1250 3583 ista
1269 3529 1470 3585 laudet.
1495 3529 1908 3587 Permanentem

327 3619 379 3671 in
410 3617 611 3673 saecula
649 3619 976 3672 saeculorum
1018 3629 1272 3676 sanctum
1310 3622 1561 3677 timorem
1601 3622 1817 3678 Domini
1853 3625 1907 3679 in

327 3709 485 3764 vobis
513 3709 700 3764 laudet
766 3725 833 3764 ne
864 3709 1016 3764 illum
1048 3713 1425 3769 contemnatis
1447 3713 1764 3784 aliquando.

393 3887 562 3942 \‘sns.
613 3889 704 3944 51.
769 3887 909 3944 Date
952 3890 1000 3944 ei
1047 3890 1112 3943 de
1155 3891 1413 3962 fructibus
1450 3891 1714 3947 labiorum
1768 3895 1905 3962 ejus.

324 3979 530 4036 Deinde
559 3981 670 4051 jam
703 3979 931 4051 perfecti
965 3991 1020 4036 et
1061 3984 1291 4039 omnino
1344 3986 1623 4055 sapientiae
1650 3987 1902 4056 subjecti,

320 4083 374 4126 tl
413 4083 833 4142 perseverantes
871 4089 1046 4145 usque
1070 4076 1124 4130 in
1157 4076 1502 4144 lluem,a|ios
1523 4080 1905 4150 ejusdoctrina

322 4163 668 4232 adjuvandos
699 4163 766 4218 ad
799 4179 920 4219 eam
945 4166 1225 4232 adducite,
1253 4169 1454 4239 quibus
1479 4171 1648 4226 verbo
1679 4181 1731 4226 et
1747 4171 1904 4228 factis

324 4258 558 4312 salutem
585 4256 1050 4327 prmdicaveritis.

331 4455 336 4462 -
395 4430 460 4484 Et
487 4430 739 4485 laudetur
761 4433 815 4486 in
848 4435 1019 4502 portis
1052 4435 1132 4489 vir
1160 4436 1297 4514 ejus.
1333 4435 1787 4494 Laudetureliam
1809 4441 1900 4510 qui

2106 1059 2212 1116 κθ’.
2275 1059 2508 1114 Πολλαι
2575 1059 2900 1129 θυγατέρες
2965 1059 3263 1126 ἐποίησαν
3332 1059 3620 1130 δύναμιν.

2029 1153 2288 1206 Πλεῖσται
2335 1150 2637 1221 ἐπιστῆμαι
2688 1150 2798 1204 τῶν
2841 1150 3200 1221 ἀνθρωπίνων
3248 1154 3619 1223 πραγμάτων,

2027 1245 2128 1318 τὴν
2166 1245 2328 1314 φύσιν
2367 1243 2476 1297 τῶν
2513 1241 2820 1313 ἀνθρώπων
2857 1242 3293 1312 ἐνεδυνάμωσαν.

2091 1334 2322 1390 Πολλοί
2352 1332 2688 1399 ἐκτήσαντο
2710 1333 2997 1386 πλοῦτον.
3019 1331 3274 1386 Πλεῖσται
3297 1335 3620 1406 περιεποιή,

2021 1440 2183 1480 σαντο
2217 1424 2408 1494 ταύτῃ,
2448 1421 2700 1491 ἀφθόνως
2739 1421 2808 1474 τὰ
2844 1419 3081 1492 χρειώδη
3125 1421 3206 1490 τῷ
3243 1421 3480 1492 σώματι.

2091 1516 2176 1572 Σὺ
2212 1515 2282 1570 δὲ
2317 1515 2689 1583 ὐπέρκεισαι,
2716 1513 2814 1567 καὶ
2847 1511 3160 1583 ὑπερῆρας
3193 1513 3414 1582 πάσας.
3455 1515 3614 1588 Αὕτη

2020 1609 2077 1662 δέ
2106 1611 2140 1678 ἡ
2175 1609 2333 1676 σοφία
2355 1647 2370 1671 ,
2409 1600 2499 1659 οἷα
2541 1605 2821 1676 ἐπιστήμη
2869 1604 3214 1674 ἐπιστημῶν,
3245 1606 3384 1676 ὑπὲρ
3421 1607 3611 1670 πάσας

2021 1699 2120 1763 τὰς
2150 1698 2260 1754 τῶν
2295 1698 2648 1769 ἀνθρωπίνων
2679 1697 3024 1768 πραγμάτων
3074 1698 3383 1769 ἐπιστήμας
3423 1698 3606 1768 ὑπάρ-

2023 1807 2130 1859 χει,
2155 1789 2232 1853 ὠς
2262 1789 2466 1843 τούτων
2486 1790 2656 1853 αἰτία,
2678 1789 2776 1842 καὶ
2803 1789 2920 1850 ταῖς
2949 1787 3090 1841 κατὰ
3119 1786 3322 1856 γνῶσιν
3354 1788 3446 1840 κα.)⁸
3469 1789 3606 1859 ἀρε-

1947 1868 1990 1926 Β
2017 1883 2116 1954 τὴν
2149 1882 2450 1952 ἐνεργείαις
2471 1882 2572 1934 ὑπε
2583 1879 2816 1951 ρόἐΰηκε
2847 1880 3048 1947 πάσας,
3073 1877 3232 1934 θείων
3256 1878 3605 1949 πραγμάτων

2017 1974 2296 2044 ἐπιστήμη
2333 1973 2675 2043 ὑπάρχουσα.

2085 2063 2148 2118 λ’.
2197 2064 2443 2132 Ψωδεῖς
2465 2065 2790 2134 ἀρέσκειαι,
2813 2066 2910 2118 καί
2946 2064 3200 2132 μάταιον
3229 2065 3460 2132 κάλλος
3487 2083 3598 2135 γυ-

2014 2156 2221 2222 ναικὸς
2257 2157 2370 2210 οὐκ
2389 2157 2560 2209 ἔστιν
2591 2157 2663 2209 ἐν
2695 2158 2818 2210 σοί.
2864 2155 2988 2209 Ἐπὶ
3013 2157 3122 2228 γὰρ
3152 2157 3264 2218 τοῖς
3289 2157 3390 2210 οὐκ
3425 2151 3599 2221 οὖσιν,

2015 2245 2150 2300 ἀλλὰ
2176 2245 2393 2300 δοκοῦσι
2421 2246 2629 2310 καλοῖς.
2659 2247 2760 2300 οὐκ
2785 2246 2998 2318 ἀρέσκῃ
3017 2261 3033 2278 ο
3057 2247 3152 2300 καὶ
3175 2245 3430 2316 ἀνόνητος
3452 2263 3600 2315 κομς

2014 2337 2142 2408 ψεία
2177 2338 2373 2408 σοφίας·
2399 2337 2497 2404 τῆς
2525 2338 2583 2390 ἐν
2609 2337 2754 2408 λόγῳ
2796 2336 3057 2407 κειμένης
3089 2337 3183 2391 καὶ
3215 2339 3470 2408 στροφαῖς
3501 2335 3600 2389 λέ-

2017 2427 2171 2495 ξεων,
2201 2431 2266 2482 ἐκ
2308 2429 2502 2499 τέχνης
2549 2429 2608 2480 ἐν
2661 2429 2910 2499 προφορᾷ
2941 2427 3060 2482 κατ’
3083 2427 3411 2496 εὐγλωττίαν
3455 2429 3600 2500 πρὸς

2017 2519 2188 2586 ἀκοῆς
2225 2518 2415 2590 ἡδονὴν
2459 2519 2830 2589 γοητευομένη
2853 2558 2868 2583 ,
2903 2518 3002 2588 οὐχ
3052 2518 3286 2589 ὑπάρχει
3318 2519 3376 2572 ἐν
3405 2518 3489 2571 σοὶ
3526 2521 3597 2590 τῇ

2015 2614 2185 2675 δντως
2226 2611 2423 2682 σοφίᾳ,
2464 2611 2538 2674 ὡς
2578 2610 2640 2664 τὸ
2677 2610 2962 2679 φιλότιμον
3004 2609 3151 2664 ἅπαν
3187 2609 3558 2682 καταλυούσῃ.

2087 2701 2258 2768 Γυνὴ
2284 2699 2394 2771 γὰρ
2414 2699 2666 2768 συνετὴ,
2697 2698 3099 2769 εὐλογημένη.
3140 2699 3297 2752 Οῦτω
3314 2699 3371 2752 δὲ
3391 2700 3599 2771 ταύτην

2015 2796 2044 2848 ὁ
2077 2791 2325 2855 σύνοικος
2355 2791 2527 2861 αὐτῆς
2558 2791 2680 2854 νοῦς
2707 2791 2989 2862 ἐπῄνεσεν,
3023 2787 3210 2860 ἐπειδὴ
3241 2789 3400 2859 σοφία
3428 2791 3462 2860 ἡ
3493 2789 3596 2852 τὰς

2015 2883 2308 2956 ὀρεκτικάς
2356 2884 2457 2954 τῆς
2503 2883 2683 2954 ψυχῆς
2729 2883 2991 2953 δυνάμεις
3038 2883 3315 2937 συννεύειν
3361 2883 3594 2938 ποιοῦσα

2016 2977 2152 3049 πρὸς
2183 2976 2311 3040 τοὺς
2339 2975 2530 3044 λόγους
2565 2976 2659 3029 καὶ
2689 2975 2816 3039 τοὺς
2843 2976 3078 3046 τρόπους
3105 2975 3214 3030 τῶν
3244 2973 3467 3028 ἐντολῶν
3489 2975 3592 3028 ἐπ-

2015 3069 2246 3122 αινεῖται
2271 3082 2288 3100 ⁸
2317 3065 2834 3137 καταλαμϐάνοντος
2861 3067 2958 3120 τοῦ
2999 3067 3136 3132 νοὸς,
3167 3069 3235 3139 τῇ
3280 3067 3382 3121 τῶν
3422 3065 3583 3119 θείων

2017 3159 2246 3213 ἐντολῶν
2273 3160 2446 3232 πείρᾳ
2466 3198 2482 3224 ,
2513 3161 2596 3213 ὅτι
2626 3159 3002 3230 εὐεργετοῦσιν
3029 3159 3190 3212 αὐτὸν
3218 3159 3290 3214 τὰ
3314 3158 3433 3214 θεῖα
3457 3157 3591 3212 ταῦ-

2016 3269 2114 3324 της
2139 3252 2466 3323 διδάγματα,
2489 3250 2563 3315 ὡς
2589 3251 2696 3306 τῶν
2729 3251 3074 3322 φθοροποιῶν
3103 3251 3294 3306 παθῶν
3316 3251 3593 3307 ἀπαλλάτ-

2013 3355 2193 3403 τοντα,
2229 3339 2324 3392 καὶ⁵
2371 3341 2451 3404 είς
2499 3341 2598 3412 τὴν
2643 3340 2947 3414 ἀνώλεθρον
2997 3340 3090 3394 τοῦ
3133 3340 3269 3396 Θεοῦ
3314 3341 3596 3412 βασιλείαν

2014 3431 2324 3498 εἰσάγοντα.

2082 3525 2277 3578 Φόϐον
2322 3523 2392 3577 δὲ
2431 3525 2654 3594 Κυρίου
2691 3524 2845 3593 αὕτη
2877 3524 3130 3579 αἰνείτω.
3173 3525 3274 3579 Τὸν
3302 3525 3359 3579 δὲ
3399 3526 3592 3596 διαμέ-

2009 3631 2169 3668 νοντα
2195 3617 2274 3680 εἰς
2295 3615 2466 3669 αίῶνα
2482 3615 2674 3679 αἰῶνος
2693 3616 2859 3685 ἁγνὸν
2881 3614 3046 3686 φόϐον
3065 3616 3160 3668 τοῦ
3181 3618 3454 3670 Δεσπότου
3475 3618 3590 3672 τῶν

2013 3706 2154 3760 ὅλων
2186 3705 2322 3759 Θεοῦ
2346 3746 2361 3770 ,
2397 3708 2456 3760 ἐν
2486 3707 2614 3776 ὑμῖν
2643 3706 2914 3773 δοξαζέτω
2934 3722 2949 3740 ο
2985 3707 3070 3760 ῐνα
3103 3705 3180 3778 μὴ
3207 3707 3287 3772 είς
3311 3709 3594 3777 καταφρό·

2017 3813 2174 3866 νησιν
2215 3795 2381 3850 αὑτοῦ
2422 3795 2778 3868 περιπέσητε.

2075 3887 2176 3942 λα’.
2218 3887 2360 3941 Δότε
2407 3886 2562 3954 αὐτῇ
2609 3888 2729 3942 ἀπὸ
2771 3883 3018 3954 καρπῶν
3065 3885 3316 3955 χειλέων
3367 3884 3580 3954 αὐτῆς.

2007 3978 2219 4032 Τέλειοι
2254 3979 2300 4032 δ’
2322 3977 2574 4033 ἐντεῦθεν
2609 3978 2968 4050 ὑπάρχοντες,
2994 3978 3070 4042 ὡς
3107 3978 3220 4032 ὅλοι
3251 3980 3352 4050 τῇς
3390 3978 3582 4047 σοφίας

2004 4071 2305 4141 γενόμενοι,
2325 4071 2420 4125 καὶ
2436 4070 2780 4141 διαμένοντες
2797 4069 3074 4142 ἀτρεπτοι,
3092 4069 3394 4141 προσάγετε
3408 4069 3582 4143 ταύτῃ

2004 4162 2100 4217 καὶ
2139 4162 2358 4233 ἐτέρους
2390 4162 2518 4226 τοὺς
2546 4161 2955 4231 ὠφελουμένους
2979 4159 3068 4214 διά
3096 4159 3208 4213 τῶν
3231 4159 3580 4231 διδαγμάτων

2001 4255 2190 4324 αὐτῆς,
2221 4253 2404 4323 ἔργοις
2455 4253 2551 4308 καὶ
2597 4252 2774 4323 λόγοις
2821 4251 3232 4316 ὑποδεικνύντες
3278 4251 3460 4315 αὐτοῖς
3506 4251 3579 4306 τὰ

2003 4362 2270 4398 amt-nota.

2083 4363 2110 4398 τ
2193 4362 2270 4398 ια.

2037 4345 2187 4492 (DKZ?
2205 4437 2486 4492 αἰνείσθω
2523 4436 2593 4492 ἐν
2631 4436 2854 4501 πύλαις
2895 4438 2931 4490 ὀ
2975 4434 3130 4506 ἀνὴρ
3154 4434 3362 4504 αὐτῆς.
3402 4432 3511 4488 Καὶ
3545 4434 3577 4485 ὁ

323 4522 532 4576 habitat
566 4537 688 4576 cum
711 4539 773 4576 ea
808 4526 1122 4580 intellectus
1155 4537 1461 4583 vestrorum
1484 4530 1895 4601 magistrorum,
1931 4568 1934 4589 ι

2030 4529 2263 4581 υνοικῶν
2293 4528 2465 4602 ταύτῃ
2495 4527 2650 4597 ὑμῶν
2679 4527 2787 4580 τῶν
2810 4527 3146 4581 διδασκάλων
3177 4527 3334 4591 νοῦς,
3369 4527 3426 4578 ἐν
3451 4527 3571 4588 ταῖς

323 4615 484 4686 quasi
518 4615 572 4668 in
611 4619 814 4684 portis,
845 4617 900 4670 in
942 4619 1136 4688 primis
1179 4622 1586 4688 cognitionibus
1626 4639 1808 4678 rerum
1866 4639 1896 4677 a
1931 4615 1934 4621 ’

2030 4621 2160 4690 ῖίκην
2206 4620 2389 4673 πυλῶν
2437 4621 2760 4688 εἰσαγωγοῑς
2808 4619 3092 4690 αίσθήσεσι
3141 4619 3250 4670 τῶν
3293 4617 3422 4686 παρ’
3445 4617 3572 4684 ὑμῖν

325 4707 483 4761 vobis
511 4706 937 4772 discendarum;
969 4711 1082 4779 qui,
1133 4712 1267 4768 visis
1301 4713 1502 4768 vestris
1527 4715 1683 4769 bonis
1716 4716 1898 4784 operi-

322 4797 449 4861 bus,
481 4787 869 4870 glorificabunt
916 4799 1131 4855 Patrem
1187 4813 1436 4858 nostrum
1489 4806 1583 4876 qui
1637 4805 1694 4861 in
1737 4807 1894 4862 uelis

323 4899 426 4944 081.

2001 4710 2421 4782 διδασκομένων,
2453 4711 2837 4783 εὐφημείσθωο
2879 4711 3130 4782 ὁρώντων
3157 4709 3224 4762 τὰ
3250 4709 3388 4762 καλά
3419 4706 3570 4776 ὑμῶν

2003 4802 2139 4872 ἔργα
2159 4843 2174 4869 ,
2211 4804 2305 4858 καὶ
2331 4802 2664 4872 δοξαζὸντων
2694 4803 2783 4858 τὸν
2813 4803 3032 4874 Πατέρα
3059 4801 3215 4874 ἡμῶν
3251 4801 3343 4854 τὸν
3372 4802 3428 4854 ἐν
3455 4801 3568 4862 τοῖς

2001 4899 2059 4950 οὐ
2070 4901 2266 4968 ρανοῖς.

1061 5303 1377 5362 EXPLICIT
1418 5307 1593 5362 PARS
1632 5309 1840 5364 PRWA
1883 5313 2047 5369 ΤΟΜΙ
2084 5314 2493 5372 OCTOGESIMI
2535 5316 2828 5372 SEPTIMI.

651 5449 804 5567 bz
908 5435 1159 5564 i33
1266 5465 1327 5562 Α

147 5691 864 6050 [κ

1529 5470 1836 5573 A30

1511 5852 1753 5925 υΝΙν.
1812 5867 1854 5923 c
1881 5868 1911 5923 ξτ

2349 5739 2592 5793 Parisiis.
2627 5768 2693 5778 --
2727 5740 2799 5793 [is
2833 5742 2970 5810 typis
3003 5741 3061 5793 L.
3101 5741 3328 5798 MIGNE.

1983 5871 2004 5920 ε
2059 5871 2462 5956 δημιοΑκ.

1729 6048 2273 6138 JUN231913
