4038 6504
196 383 305 448 669

1301 393 1841 459 COMMENTARII
1880 400 1963 461 IN
2004 400 2348 464 EXODUM.

3373 414 3477 477 670

263 494 347 571 ᾟ
370 498 425 552 δ’
451 498 533 555 ἂν
560 499 750 571 ἡμέρᾳ
799 502 1268 573 ἐπισκέπτωμαι,
1302 506 1507 572 ἐπάξω
1542 509 1637 563 ἐπ’
1674 513 1781 566 αὐ-

1957 514 2075 581 Quo
2122 514 2208 569 die
2254 516 2437 581 visita,
2470 517 2723 574 inducam
2759 522 2813 576 in
2849 538 2937 576 eos
2972 534 3245 591 peccatum
3268 542 3473 591 eorum,

194 591 335 655 τοὺς
360 592 479 660 τὴν
513 594 807 663 ἁμαρτίαν
850 594 1068 652 αὐτῶν.
1106 596 1195 650 Ἐν
1233 601 1298 670 τῇ
1348 599 1459 672 ᾠδῇ
1491 619 1687 672 φησιν,
1723 605 1781 657 ὲν

192 690 375 760 ἡμέρᾳ
396 690 733 762 ἐκδικήσεως
761 691 1147 759 ἀνταποδώσω,
1168 694 1225 747 ὲν
1247 694 1428 766 καιρῷ
1448 696 1577 752 ὅταν
1602 699 1780 771 σφαλῇ

190 778 219 830 6
250 778 388 841 ποῦς
420 778 629 835 αὐτῶν.

261 870 633 924 Κατέσαινεν
661 872 694 924 ὀ
726 871 957 938 στύλος
987 870 1100 937 τῆς
1131 871 1415 942 νεφέλης,
1443 875 1544 929 καί
1568 878 1782 932 ἵστατο

190 959 436 1014 ἐπὶτῶν
470 961 672 1029 θυρῶν
700 962 811 1031 τῆς
839 961 1099 1033 σκηνῆς,
1133 965 1231 1018 καὶ
1280 966 1486 1022 ἐλάλει
1532 969 1779 1039 Μωῢσῇ.

191 1053 305 1123 Τὴν
333 1054 519 1107 αἰτίαν
552 1056 653 1125 τῆς
674 1056 812 1126 πρὸς
837 1054 973 1109 Θεὸν
1006 1055 1339 1121 οἱκειώσεως
1369 1058 1465 1112 τοῦ
1499 1061 1780 1126 Μωῦσέως

193 1146 356 1209 αὐτὸς
390 1150 419 1201 6
450 1147 585 1211 Θεὸς
620 1148 731 1202 ἄνω
777 1148 945 1218 φησίν
967 1163 982 1178 ⁸
1025 1167 1043 1200 t
1083 1149 1198 1202 Ἵνα
1229 1149 1401 1222 ἀκούῃ
1455 1154 1483 1206 6
1518 1153 1647 1218 λαὸς
1688 1156 1784 1208 λα-

192 1237 413 1302 λοῦντός
441 1255 546 1309 μου
582 1239 717 1307 πρὸς
747 1239 841 1305 σὲ,
892 1238 988 1292 καί
1023 1256 1104 1293 σοι
1142 1240 1513 1296 πιστεύσωσιν
1558 1246 1638 1307 είς
1690 1245 1784 1299 τὸν

193 1328 389 1383 αἰῶνα.
431 1346 454 1383 ι

262 1418 339 1471 Οὐ
368 1418 478 1490 γὰρ
502 1418 566 1473 ἂν
597 1420 773 1485 ἄλλως
805 1422 934 1493 ὲνῆν
963 1423 1113 1493 ἡμᾶς
1140 1423 1338 1495 μαθεῖν
1356 1425 1457 1495 τὴν
1496 1428 1781 1498 ἀλήθειαν,

190 1508 242 1562 ει
277 1508 353 1580 μὴ
390 1511 751 1580 ἀνθρωπίνως
804 1514 1119 1585 ἐγέγραπτο
1145 1558 1160 1579 ,
1210 1518 1303 1571 καὶ
1339 1519 1475 1590 πρὸς
1515 1520 1576 1573 τὸ
1626 1521 1780 1592 ἡμῶν

190 1603 445 1667 ἀσθενές.
496 1605 652 1658 Ἐπεὶ
685 1605 978 1676 πρόδηλον,
1006 1608 1082 1670 ὠς
1116 1609 1204 1663 διὰ
1247 1612 1569 1681 φωνητικῶν
1609 1614 1777 1683 ὁργά-

190 1712 301 1749 νων
332 1696 393 1748 ού
426 1696 728 1765 φθέγγεται
753 1698 888 1761 Θεὸς
913 1701 940 1752 6
962 1700 1275 1771 ἀσώματος.
1312 1703 1454 1757 Αὐτὸ
1478 1704 1585 1777 γὰρ
1612 1707 1672 1759 τὸ
1699 1706 1787 1759 Οε-

189 1786 355 1857 λῆσαι
386 1790 567 1856 μόνον,
602 1788 755 1859 ῥῆμά
778 1793 894 1843 ἐστι
924 1792 1077 1863 (97⁸).

1884 613 1993 659 ets.
2037 605 2180 677 ['54.]
2225 605 2322 662 His
2378 620 2697 679 congruunt
2738 612 2903 668 verba
2949 612 3152 669 Psalmi
3183 634 3195 668 :
3227 634 3246 667 ε
3278 615 3337 669 1η
3380 618 3476 673 die

1886 698 2115 753 ultionis
2143 699 2471 767 retribuam,
2506 701 2560 756 in
2594 709 2840 773 tempore
2869 719 2994 759 cum
3018 706 3341 762 titubaverit
3376 724 3475 779 pes

1885 790 2110 845 illorum
2138 792 2206 845 ⁸³.
2246 809 2264 842 ι

1957 881 2324 938 Descendebat
2365 885 2616 940 columna
2665 888 2843 955 nubis,
2873 898 2923 943 et
2960 891 3141 945 stabat
3177 910 3341 961 supra
3393 895 3476 965 fo-

1886 991 1967 1028 res
2004 976 2358 1041 tabernaculi,
2406 987 2456 1032 et
2507 978 2823 1047 loquebatur
2862 980 3025 1049 Mosi,
3058 993 3167 1039 etc.
3204 985 3471 1057 [XXXIIL

1886 1066 1965 1139 9.]
2004 1066 2184 1138 Hujus
2214 1070 2478 1140 colloquii
2518 1072 2789 1126 rationem
2819 1090 2988 1144 supra
3022 1077 3196 1143 dedit,
3239 1080 3469 1136 dicens:

1893 1179 1911 1211 ι
1945 1159 2085 1216 Ecce
2115 1177 2217 1232 ego
2250 1163 2410 1217 venio
2456 1164 2521 1217 ad
2578 1172 2630 1220 te
2662 1165 2715 1219 in
2765 1168 3021 1223 columna
3069 1172 3255 1235 nubis,
3290 1181 3351 1225 ut
3377 1188 3473 1226 au-

1886 1250 2001 1305 diat
2033 1253 2273 1322 populus
2324 1270 2412 1309 me
2466 1264 2649 1310 tecum
2702 1258 3139 1327 colloquentem,
3194 1270 3246 1316 et
3278 1264 3379 1318 tibi
3414 1268 3473 1317 ti-

1888 1342 2011 1397 dem
2048 1344 2292 1399 habeant
2339 1346 2393 1400 in
2428 1355 2721 1402 aeternum.
2778 1368 2795 1401 ι
2837 1351 2957 1405 Non
3005 1353 3153 1406 enim
3198 1355 3342 1410 alius
3378 1371 3473 1409 no-

1891 1435 1975 1490 bis
2032 1437 2216 1490 inerat
2274 1439 2527 1493 veritatis
2580 1439 2864 1496 discendae
2909 1445 3132 1507 modus,
3186 1446 3295 1500 nisi
3357 1447 3475 1501 haec

1892 1540 2047 1583 more
2101 1527 2344 1584 humano
2387 1531 2770 1587 scriberentur
2799 1543 2853 1590 et
2900 1536 3205 1591 secundum
3239 1537 3473 1592 infirmi-

1895 1626 2060 1674 tatem
2102 1630 2352 1676 nostram
2386 1640 2402 1691 ;
2432 1639 2556 1679 cum
2609 1626 2838 1681 evidens
2874 1626 2946 1681 sit
2987 1628 3158 1682 Deum
3213 1629 3474 1699 incorpo-

1890 1719 2062 1766 reum’
2083 1729 2181 1783 per
2210 1730 2420 1785 organa
2453 1719 2608 1775 vocis
2638 1735 2749 1774 non
2783 1720 2957 1790 loqui.
2994 1721 3211 1777 Etenim
3241 1723 3467 1777 verbum

1894 1805 2007 1871 Dei,
2043 1806 2163 1876 ipsa
2194 1808 2460 1863 voluntas
2488 1816 2599 1864 est.

261 1870 379 1929 Καὶ
411 1877 679 1944 ἐλάλησε
709 1879 923 1947 Κύριος
951 1882 1103 1949 πρὸς
1129 1885 1413 1954 Μωϋσῆν.
1456 1887 1654 1941 Λαλεῖν
1687 1889 1777 1941 λέ·

1951 1899 2022 1950 Et
2067 1897 2274 1954 locutus
2321 1910 2398 1953 est
2447 1899 2705 1957 Dominus
2758 1919 2879 1957 cum
2934 1903 3084 1960 More
3125 1922 3327 1969 coram,
3360 1913 3472 1962 etc.

189 1986 354 2038 γεται
382 1970 518 2033 Θεὸς
546 1967 629 2035 οἷς
656 1972 1035 2028 ἀποκαλύπτει
1052 1976 1112 2028 τὸ
1131 1974 1403 2048 βούλημα.
1426 1981 1537 2033 Καὶ
1569 1980 1781 2046 Παῦλος

190 2062 304 2132 γὰρ
332 2063 397 2116 ού
438 2062 506 2116 δι’
544 2064 852 2136 αἰσθήσεως
891 2067 1059 2137 ἤκουε
1106 2068 1260 2139 παρὰ
1292 2069 1386 2122 τοῦ
1411 2072 1469 2124 ἐν
1503 2072 1652 2142 αὑτῷ
1688 2074 1782 2126 λα-

188 2155 420 2218 λοῦντος
465 2156 732 2226 Χριστοῧ’
768 2158 861 2211 καὶ
890 2158 1080 2226 Δαὸὶδ,
1110 2179 1129 2211 ί
1166 2160 1523 2232 Ἀκούσομαι,
1580 2162 1779 2231 λέγων,

187 2246 246 2297 τί
294 2245 519 2315 λαλήσει
550 2247 609 2299 ὲν
654 2248 777 2318 ἐμοὶ
810 2248 1017 2320 Κύριος
1044 2251 1072 2303 6
1092 2249 1241 2314 Θεὸς.
1277 2270 1295 2304 ι
1335 2252 1399 2305 Ἠ
1423 2256 1531 2324 γὰρ
1557 2254 1627 2308 ἐν
1645 2257 1772 2326 πρό·

192 2337 369 2405 θεσις,
403 2340 505 2409 τὴν
532 2341 589 2392 ἐν
614 2341 823 2410 διανοίᾳ
853 2342 1181 2414 παρίστησιν
1211 2347 1405 2417 ἀκοήν.
1437 2350 1544 2401 Καὶ
1574 2350 1781 2419 Ἀμϐα-

190 2430 339 2500 κούμ
363 2446 553 2500 φησιν,
596 2451 614 2483 ι
671 2431 1099 2487 Ἀποσκοπεύσω
1146 2438 1200 2488 τί
1234 2437 1460 2509 λαλήσει
1493 2440 1695 2509 Κύριος
1724 2443 1781 2493 ἐν

188 2524 344 2592 ἐμοί.
390 2541 409 2573 ι
458 2522 630 2576 Τοῦτο
660 2523 810 2592 δηλοί
853 2525 947 2577 καὶ
975 2526 1057 2589 τὸ,
1096 2545 1114 2578 ι
1174 2528 1436 2593 Ἐνώπιος
1475 2532 1712 2601 ὲνωπίῳ.
1756 2550 1776 2583 ι

190 2612 439 2681 Παρὸντι
464 2614 575 2685 γὰρ
626 2615 832 2685 παρῆν,
868 2616 1127 2688 αἰσθητὸν
1158 2620 1260 2673 οὐκ
1312 2619 1452 2690 ἔχων
1488 2622 1782 2693 πρόσωπον

187 2706 220 2759 ὁ
251 2706 414 2770 Θεὸς,
446 2707 585 2760 ἀλλὰ
631 2706 889 2771 θεοπτιας
938 2713 971 2777 ἡ
1020 2711 1179 2781 ἀκοὴ,
1218 2712 1312 2765 καὶ
1348 2714 1374 2765 6
1401 2713 1576 2781 λόγος.
1619 2715 1781 2767 Ὥστε

194 2800 384 2870 μάτην
410 2798 638 2869 ζητοῦσι
669 2799 798 2870 ποίᾳ
826 2800 1093 2872 διαλέκτῳ
1132 2802 1362 2875 ὲλάλησε
1407 2807 1521 2868 τοῖς
1558 2807 1733 2874 ἁγίοις
1755 2809 1784 2859 6

188 2887 355 2951 Θεός.
385 2888 513 2947 Πῶς
562 2884 656 2942 οὖν
707 2889 929 2957 ἐπάγει,
964 2909 982 2942 ‹
1035 2890 1123 2954 Ὠς
1160 2891 1327 2957 εἴτις
1371 2894 1592 2966 λαλήσει
1647 2896 1784 2964 πρὸς

188 2978 394 3033 ἑαυτοῦ
443 2979 634 3048 φίλον;
668 2998 685 3030 ι
730 2982 800 3034 Ἢ
822 2983 905 3034 ὅτι
935 2982 1030 3035 καὶ
1072 2982 1305 3052 ἄγγελος
1375 2985 1647 3056 εὐμενὴς,
1689 2988 1785 3040 καὶ

188 3068 374 3122 ταῦτα
403 3070 622 3132 κτιστὸς
650 3069 746 3137 ὢν,
775 3070 919 3124 οὕτω
947 3071 1119 3133 λαλεῖ,
1157 3072 1311 3142 πόσῳ
1361 3074 1565 3142 μᾶλλον
1614 3074 1780 3142 Θεός;

189 3159 226 3229 ἢ
260 3159 401 3228 γοῦν
423 3161 703 3229 ἀναλόγως
726 3162 965 3233 νοητέον.
1004 3162 1114 3234 Τῆς
1137 3163 1307 3233 αὐτῆς
1338 3163 1582 3228 διανοίας
1609 3167 1701 3219 καὶ
1722 3166 1783 3217 τὸ

204 3251 427 3313 Ἠλιοῦ,
463 3270 481 3303 t
536 3254 611 3322 Ζῇ
653 3251 858 3322 Κύριος
909 3253 1019 3306 τῶν
1074 3254 1378 3323 δυνάμεων,
1501 3256 1783 3329 παρέστην

188 3340 433 3394 ἐνώπιον
479 3340 669 3395 αὐτοῦ.
729 3360 748 3393 ι
800 3343 912 3395 Καὶ
951 3344 999 3395 οἱ
1034 3343 1214 3397 λοιποὶ⁹
1267 3343 1325 3397 δέ
1388 3362 1522 3413 φασι
1556 3345 1780 3412 δίκαιοι,

196 3449 218 3481 ι
268 3430 360 3494 Ὠς
388 3430 659 3499 ὀφθαλμοὶ
686 3431 892 3485 δούλων
926 3434 1007 3496 είς
1056 3436 1246 3503 χεῖρας
1290 3433 1399 3487 τῶν
1453 3435 1659 3504 κυρίων
1688 3437 1785 3489 αύ-

188 3523 329 3588 τῶν,
353 3522 531 3587 οὕτως
562 3525 612 3576 οἱ
644 3524 911 3596 ὀφθαλμοὶ
939 3525 1097 3595 ἡμῶν
1137 3526 1273 3597 πρὸς
1302 3525 1506 3596 Κύριον
1537 3528 1626 3581 τὸν
1652 3530 1784 3583 Θεὸν

188 3615 380 3685 ἡμῶν.
418 3635 438 3666 ι
470 3617 690 3686 Ταύτης
728 3616 826 3686 τῆς
864 3616 1102 3686 ὁμιλίας,
1136 3618 1212 3680 ὠς
1269 3620 1470 3689 ἐχώρει
1516 3621 1781 3687 Μωῡσῆς,

190 3708 502 3779 γενομένης
533 3707 702 3778 αὐτῷ,
739 3710 819 3771 εἰς
850 3709 953 3781 τὴν
973 3709 1330 3781 παρεμϐολὴν
1348 3711 1640 3765 ἀπελύετο.

1887 1986 2026 2060 [IL]
2083 1989 2232 2045 Deus
2270 1992 2601 2062 intelligitur
2646 1996 2772 2050 illos
2805 1997 3039 2067 alloqui,
3075 2014 3219 2069 quos
3256 2000 3465 2054 certio-

1884 2095 1975 2134 res
2010 2079 2143 2135 facit
2175 2097 2289 2137 suae
2331 2080 2664 2141 voluntatis.
2711 2085 2918 2143 Paulus
2968 2089 3117 2143 enim
3163 2105 3274 2144 non
3318 2090 3475 2143 audi-

1886 2170 1987 2232 vit,
2039 2171 2259 2226 aurium
2314 2174 2658 2230 adminiculo
2719 2191 2879 2241 usus,
2932 2178 3217 2234 Christum
3250 2183 3309 2234 in
3348 2180 3474 2250 ipso

1884 2258 2234 2329 loquentem.
2293 2261 2433 2318 lluic
2506 2265 2759 2319 concinit
2813 2275 2868 2321 et
2929 2265 3123 2332 David,
3169 2267 3472 2337 inquiens:

1890 2369 1910 2401 ι
1958 2353 2192 2407 Audiam
2225 2355 2359 2424 quid
2387 2354 2441 2409 in
2470 2371 2558 2411 me
2586 2355 2849 2426 loquatur
2881 2356 3154 2414 Dominus
3191 2357 3338 2414 Deus
3366 2358 3468 2413 ⁸⁸.»

1886 2442 2020 2497 Nam
2075 2444 2279 2500 bonum
2327 2448 2499 2501 animi
2550 2447 2871 2504 institutum
2931 2458 2987 2505 et
3036 2452 3386 2521 propositum
3424 2452 3474 2506 si

1888 2533 2075 2598 fuerit,
2127 2536 2281 2591 audit
2354 2547 2541 2594 mente
2609 2539 2716 2594 sibi
2777 2540 3096 2609 loquentem
3155 2541 3471 2597 Dominum.

1886 2625 2065 2680 Etiam
2109 2626 2366 2683 Habacuc
2418 2629 2496 2683 ait
2550 2648 2564 2685 :
2604 2650 2623 2682 ‹
2661 2630 2960 2701 Dispiciam
2991 2632 3125 2701 quid
3185 2633 3475 2689 locuturus

1887 2719 1961 2774 sit
1988 2717 2278 2783 ,Dominus
2322 2718 2376 2772 in
2435 2734 2521 2774 me
2554 2720 2621 2773 ⁸⁸.
2659 2739 2677 2772 ι
2718 2722 2801 2775 Ab
2846 2722 2933 2776 his
2979 2721 3286 2792 Scripturas
3334 2722 3475 2777 locis

1886 2825 1997 2863 non
2038 2809 2298 2863 dissentit
2329 2818 2385 2866 et
2416 2810 2521 2865 iste
2555 2828 2568 2864 :
2609 2829 2626 2862 ι
2665 2809 2867 2865 Coram
2894 2813 3207 2867 collocutus
3238 2821 3471 2867 estcqu

1886 2901 2056 2956 Mose.
2097 2919 2115 2953 ι
2153 2900 2288 2955 Nam
2338 2918 2585 2971 praesens
2643 2912 2762 2958 erat
2798 2903 2963 2969 Deus,
3008 2921 3121 2958 non
3150 2904 3361 2959 habens
3390 2902 3473 2958 fa-

1900 2991 2039 3045 ciem
2070 3007 2193 3060 ane
2233 2993 2412 3046 oculis
2448 2993 2604 3047 cerni
2649 2993 2906 3048 humanis
2946 3006 3155 3063 posset.
3194 2992 3300 3048 Sed
3330 2992 3475 3048 Deus

1887 3085 2212 3153 apparebat.
2253 3092 2534 3152 quatenus
2588 3085 2804 3148 auditu,
2861 3093 3053 3155 utpote
3104 3099 3305 3149 sermo,
3347 3099 3475 3153 per-

1888 3173 1997 3242 cipi
2048 3181 2258 3242 posset.
2311 3171 2662 3243 Quapropter
2718 3174 2925 3228 frustra
2973 3184 3027 3229 et
3066 3176 3289 3229 stultea
3344 3174 3475 3242 qui-

1888 3264 2120 3318 busdam
2162 3266 2469 3334 qumritur,
2503 3282 2609 3335 qua
2644 3266 2887 3321 dialeCIo
2916 3283 3050 3321 usus
3101 3267 3173 3320 sit
3205 3265 3477 3320 Dominus

1891 3354 1945 3408 in
1999 3354 2412 3422 compellandis
2459 3356 2695 3411 sanctis.
2750 3354 2937 3421 Quare
2988 3354 3268 3409 infertur:
3327 3373 3345 3404 ι
3397 3353 3477 3408 Ac

1888 3446 1935 3499 si
1969 3445 2093 3514 quis
2120 3446 2435 3515 alloquatur
2485 3462 2646 3501 suum
2699 3448 2965 3512 amicum,
2990 3466 3008 3497 ›
3060 3458 3192 3514 etc.,
3219 3446 3348 3515 quia
3375 3460 3475 3498 an-

1890 3536 2049 3604 gelus
2087 3536 2362 3605 {placidus
2409 3544 2464 3590 et
2514 3537 2820 3591 benevolus
2865 3536 3166 3602 exsistens,
3217 3535 3473 3606 quamvis
3528 3534 3532 3543 ’

1888 3637 2149 3682 creatura
2180 3628 2279 3692 sit,
2307 3628 2359 3681 in
2401 3627 2546 3682 hunc
2594 3627 2818 3682 modum
2864 3630 3031 3683 verba
3065 3627 3217 3682 facit.
3257 3628 3476 3694 Quanto

1896 3721 2071 3790 magis
2106 3722 2226 3792 ipse
2271 3720 2415 3777 Deus
2442 3721 2507 3774 ad
2538 3736 2660 3775 eum
2707 3722 2929 3775 modum
2991 3720 3163 3785 fatur,
3206 3721 3289 3777 vel
3322 3730 3476 3775 certe

193 3802 345 3855 haud
383 3802 666 3857 dissimili.
697 3802 845 3856 Nihil
883 3816 915 3855 a
968 3803 1220 3872 prazsenti
1275 3803 1396 3858 loco
1452 3804 1641 3860 differt
1711 3805 1846 3860 illud
1892 3812 2028 3867 Elia:
2064 3829 2078 3864 :
2119 3832 2139 3865 ‹
2194 3811 2465 3867 Dominus
2540 3812 2811 3867 virtutum
2869 3813 2959 3868 cui
3034 3813 3210 3876 astiti,
3287 3828 3474 3867 coram

191 3908 265 3947 eo
300 3894 368 3946 “.
432 3912 452 3944 ι
514 3892 733 3964 Reliqui
802 3895 980 3950 sancti
1046 3895 1241 3951 aiunt:
1314 3915 1333 3948 ι
1369 3895 1442 3951 Ut
1504 3899 1653 3954 oculi
1698 3915 1984 3960 servorum
2032 3906 2338 3977 respiciunt
2411 3906 2469 3959 in
2542 3922 2741 3962 manus
2790 3907 3137 3961 dominorum
3207 3921 3474 3972 suorum,

193 3985 278 4038 sic
310 3983 459 4038 oculi
490 3986 667 4040 nostri
707 3985 774 4041 ad
806 3985 1104 4042 Dominum
1152 3987 1323 4045 Deum
1372 3998 1626 4048 nostrum
1658 3992 1725 4048 "'.
1758 4011 1777 4044 ι
1820 3994 1999 4054 Moses
2028 3999 2136 4055 isto
2181 3998 2463 4069 colloquio
2508 4007 2788 4069 quatenus
2818 3999 2903 4054 fas
2928 4010 2982 4055 et
3047 3998 3310 4068 possibile
3381 4013 3476 4052 es-

195 4084 307 4142 set,
343 4077 578 4146 potitus,
616 4078 898 4135 remeabat
921 4079 979 4135 in
1010 4088 1220 4147 castra,

273 4207 619 4279 Quantisper
646 4210 794 4265 enim
834 4211 961 4281 quis
995 4212 1150 4266 audit
1190 4228 1379 4268 secum
1412 4214 1821 4286 colloquentem
1872 4212 2068 4280 Deum,
2098 4215 2371 4285 tantisper
2409 4221 2734 4286 segregatus
2759 4221 2844 4270 est
2874 4213 2943 4268 ab
2976 4212 3261 4267 hominum
3333 4228 3471 4268 cou-

197 4299 355 4368 tagio
397 4306 455 4353 et
486 4298 795 4354 consortio.
863 4298 1072 4356 Deinde
1119 4301 1351 4369 jubetur
1396 4306 1815 4359 communicare
1863 4302 2084 4357 caeteris
2142 4302 2476 4357 mortalibus
2531 4302 2742 4366 divina,
2794 4317 2918 4371 qua:
2958 4300 3196 4370 accepit,
3230 4302 3475 4365 oracula,

200 4393 265 4439 ut
297 4385 431 4439 huic
462 4385 708 4454 plurima
752 4388 1046 4441 commoda
1085 4386 1295 4442 ferant.
1340 4388 1419 4443 Ita
1466 4404 1594 4445 esse
1635 4389 1955 4445 faciendum
2006 4390 2147 4444 satis
2181 4390 2472 4444 evidenter
2516 4390 2803 4455 admonet,
2851 4389 2997 4459 quod
3054 4388 3307 4442 dicitur:
3356 4408 3373 4438 ι
3412 4388 3477 4442 Et

196 4474 596 4527 dimittebatur
632 4475 692 4528 in
745 4485 956 4530 castra.
992 4494 1012 4526 ›
1073 4476 1157 4529 Ab
1206 4478 1312 4530 hoc
1342 4491 1455 4531 non
1488 4477 1727 4533 dissidet
1760 4478 1899 4532 illud
1946 4478 2236 4530 oraculum
2271 4494 2285 4529 :
2328 4493 2346 4525 ι
2403 4474 2532 4529 Haec
2571 4474 2725 4531 dices
2768 4476 2956 4529 domui
2998 4473 3194 4539 Jacob,
3236 4484 3291 4527 et
3334 4491 3477 4528 nun-

200 4560 375 4613 tiabis
410 4559 541 4614 filiis
564 4557 736 4615 Israel
770 4578 784 4614 :
824 4560 934 4616 Vos
966 4561 1192 4617 vidistis
1226 4577 1352 4632 quae
1380 4562 1605 4617 fecerim
1637 4563 1945 4635 Egyptiis,
1985 4572 2039 4619 et
2068 4565 2347 4632 assumpsi
2381 4579 2480 4617 vos
2516 4578 2691 4631 super
2724 4564 2845 4618 alas
2874 4564 3217 4633 aquilarum,
3255 4572 3308 4617 et
3341 4562 3473 4616 duxi

202 4662 310 4703 vos
342 4647 415 4701 ad
446 4663 534 4701 me
564 4648 632 4711 ⁸⁸,
678 4666 697 4698 ι
737 4656 847 4703 etc.
874 4647 1198 4704 Necessitas
1239 4651 1586 4719 requirebat,
1650 4660 1712 4705 ut
1761 4659 2342 4706 commemorarentur
2401 4648 2692 4711 beneﬁcia,
2744 4665 2870 4719 qua:
2925 4650 3159 4718 p0pu|us
3194 4650 3288 4701 ille
3323 4664 3474 4702 acce-

198 4742 387 4806 perat.
421 4734 658 4789 Exaltati
692 4746 824 4790 sunt
852 4737 1059 4792 virtute
1091 4737 1305 4801 divina,
1343 4753 1413 4792 ne
1446 4753 1474 4791 a
1509 4740 1751 4795 terrenis
1793 4749 1848 4795 et
1883 4740 2034 4793 humi
2066 4739 2393 4809 repentibus
2421 4737 2782 4792 laederentur.
2835 4738 2937 4802 Qui
2970 4738 3140 4807 igitur
3177 4737 3476 4791 adhibetur

200 4822 499 4891 colloquio
555 4822 775 4890 divino,
831 4824 924 4880 ille
968 4824 1193 4895 penitus
1228 4840 1275 4879 .a
1312 4825 1522 4879 mundo
1574 4835 1662 4881 est
1722 4828 2035 4896 seiunctus,
2087 4838 2144 4883 et
2178 4827 2234 4880 in
2287 4827 2432 4880 cmlo
2477 4831 2733 4880 versatur
2773 4827 2999 4879 internis
3051 4825 3218 4878 bouis
3254 4824 3473 4887 fruens,

206 4911 481 4982 quamvis
513 4926 751 4981 corpore
781 4913 837 4967 in
874 4914 1037 4968 terris
1088 4914 1274 4985 degat.
1330 4914 1605 4968 Caeterum
1639 4913 1815 4969 Josua
1855 4925 2081 4986 propter
2114 4915 2398 4985 juveniles
2445 4914 2630 4968 adhuc
2669 4929 2867 4979 annos,
2909 4930 3018 4967 non
3051 4920 3263 4984 poterat
3295 4911 3469 4968 collo-

203 5001 307 5070 qui
382 5013 513 5053 cutn
550 4999 785 5055 Domino
816 5010 971 5056 extra
1003 4994 1424 5055 tabernaculum
1479 5002 1651 5057 sicuti
1700 5001 1904 5057 Moses.
1939 5003 2010 5055 At
2055 5001 2231 5056 divini
2286 5001 2555 5072 colloquii
2587 5001 2869 5070 particeps
2900 5000 3083 5055 factus
3107 5010 3193 5056 est
3227 5009 3383 5056 stans
3418 5000 3475 5054 in

204 5095 401 5142 monte
442 5086 695 5141 excelso.
730 5086 867 5141 Nam
904 5087 1088 5143 adhuc
1129 5088 1407 5144 sentiebat
1462 5088 1806 5144 incrementa
1854 5089 2164 5158 religionis,
2222 5097 2275 5143 et
2330 5104 2509 5158 usque
2549 5088 2872 5158 perﬁciebat
2913 5104 2979 5142 eo
3013 5090 3066 5141 in
3104 5089 3347 5157 negotio.
3384 5084 3476 5139 Si-

207 5174 447 5242 quidem
480 5173 909 5228 tabernaculum
943 5176 997 5229 iu
1039 5192 1165 5231 eum
1212 5191 1373 5229 usum
1431 5178 1805 5255 compositum
1859 5184 1966 5241 est,
2006 5184 2065 5229 ut
2122 5177 2190 5230 ab
2244 5176 2467 5246 injuriis
2520 5176 2606 5229 vel
2653 5185 2822 5231 aestus
2852 5177 2933 5229 vel
2968 5176 3176 5244 algoris
3215 5173 3476 5229 defendat

207 5263 321 5317 iter
352 5259 646 5324 facientes,
678 5270 738 5315 ut
762 5263 840 5317 sit
877 5262 933 5316 in
970 5263 1117 5333 quod
1157 5272 1362 5317 tectum
1415 5277 1476 5316 se
1519 5263 1815 5333 recipiant.
1863 5262 1933 5317 At
1983 5262 2185 5319 domus
2246 5263 2544 5333 quamdam
2600 5261 2802 5318 faciem
2840 5261 3197 5332 perfectionis
3229 5270 3281 5315 et
3312 5270 3478 5315 certa:

209 5349 369 5405 sedis
400 5347 822 5417 complectitur.
866 5350 1217 5421 Quapropter
1255 5348 1429 5405 David
1480 5350 1677 5406 canit:
1739 5370 1758 5403 ι
1813 5352 2092 5407 Transibo
2139 5350 2197 5405 in
2236 5351 2357 5407 loco
2390 5350 2737 5405 tabernaculi
2797 5347 3111 5404 admirandi
3179 5362 3358 5417 usque
3404 5347 3475 5401 ad

284 5532 332 5563 ⁸³
359 5531 525 5587 Deut.
555 5546 725 5593 um,
778 5526 870 5583 53.

977 5530 1023 5564 ⁸⁸⁸
1054 5531 1201 5587 Psal.
1234 5546 1458 5599 Lxxnv,
1486 5533 1543 5591 8.
1650 5533 1695 5566 ⁸⁸
1730 5532 1781 5587 Ηι

1890 5550 1937 5591 c.
1972 5550 2033 5605 ll,
2066 5538 2118 5593 i.
2227 5538 2271 5571 “
2304 5536 2367 5593 Ill
2399 5533 2537 5605 Reg.
2567 5550 2722 5599 xvur,
2769 5528 2857 5589 15.
2969 5530 3014 5562 ⁸⁷
3038 5527 3186 5585 Psal.
3214 5542 3392 5594 cxxu,
3417 5526 3476 5582 2.

212 5599 259 5630 ⁸⁸
290 5602 467 5656 Exod.
506 5616 626 5664 xu,
657 5600 710 5655 4.

2227 5538 2271 5571 ⁸⁸
2304 5536 2367 5593 ιιι
2399 5533 2537 5607 Reg.
2567 5550 2722 5599 xvut,
2769 5528 2857 5589 15.

1695 5711 1925 5771 NOTAE.

287 5805 424 5873 (97')
447 5802 623 5857 Τοῦτο
641 5805 695 5857 ἐν
714 5803 792 5874 τῷ
813 5804 913 5875 τῆς
938 5803 1072 5872 Αύγ.
1101 5801 1230 5859 κὼδ.
1259 5802 1320 5856 ού
1355 5804 1555 5859 κεῖται.
