4038 6532
586 394 686 461 671
1680 445 1683 449 .
1907 388 2258 451 PROCOPII
2294 386 2540 449 GAZ/El
3720 383 3814 445 672

590 513 815 565 domum
854 506 950 562 Dei
988 507 1055 562 ”.
1089 524 1105 556 ι
1144 504 1224 559 Ad
1260 518 1427 573 quam
1458 503 1606 559 enim
1642 504 1687 559 si
1721 514 1950 560 ventum
1993 503 2182 568 fuerit,
2217 502 2647 559 tabernaculum
2699 498 2945 570 pellitur,
2982 504 3041 551 ut
3074 496 3236 565 cujus
3276 495 3469 550 nullus
3497 494 3719 562 amp'ius
3754 497 3815 549 sit

593 614 750 651 usus.
784 596 928 649 Alibi
982 592 1203 663 quoque
1232 592 1378 647 idem
1413 591 1582 646 David
1622 593 1941 647 exclamat:
1977 611 1995 645 ι
2048 594 2224 657 Quam
2275 591 2479 645 dilecta
2527 596 2659 642 sunt
2717 586 3079 640 tabernacula
3125 594 3218 638 tua
3270 582 3504 638 Domine
3535 583 3811 638 virtutum!

594 683 878 737 Desiderat
912 689 967 734 et
1001 680 1189 734 deﬁcit
1221 679 1410 733 anima
1447 694 1565 733 mea
1605 680 1658 733 in
1690 682 1848 736 aulas
1881 681 2098 735 Domini
2131 681 2199 733 το.
2240 698 2259 730 ι
2312 678 2475 747 312
2508 675 2685 729 Paulo
2716 682 2844 744 post
2885 674 3028 727 idem
3063 672 3334 741 Propheta
3368 671 3551 739 inquit
3579 689 3594 724 :
3629 689 3647 721 ι
3680 670 3813 723 Beati

593 770 919 837 omnes,qni
979 769 1233 821 habitant
1266 768 1323 820 in
1375 768 1540 819 domo
1575 775 1668 819 tua
1702 784 1715 820 :
1762 767 1816 819 in
1874 767 2081 821 stecula
2132 766 2461 819 saaculorum
2508 762 2910 817 collaudahunt
2945 768 2998 813 te
3030 759 3096 812 ⁷¹.
3135 778 3153 810 ι
3191 757 3321 811 Nam
3363 756 3519 810 ﬁrma
3552 756 3813 816 habitatio.

592 872 717 925 qme
751 857 885 908 nulli
919 856 1158 908 obnoxia
1194 862 1280 907 est
1312 853 1819 921 Iransmigrationi,
1855 854 2176 920 agnoscitur
2206 855 2258 906 in
2313 853 2479 906 domu
2520 850 2636 904 Dei.
2688 848 2871 915 Quare
2906 850 2958 901 in
2993 848 3193 901 Saecula
3220 847 3557 901 smenlorum
3592 845 3819 900 laudibus

594 944 962 997 celebrabnnt
990 958 1140 1002 eum,
1179 942 1270 1011 qni
1308 940 1373 994 ad
1409 942 1594 1009 ipsum
1650 941 2024 1009 pervenerint.
2074 940 2458 993 'l‘ahernacnla
2515 939 2607 991 illa
2647 947 2804 1007 grata
2834 946 2887 989 et
2920 943 3147 1004 accepta
3179 944 3313 989 sunt
3348 933 3459 996 his,
3494 932 3586 1001 qui
3618 932 3818 987 tendunt

597 1031 650 1084 in
687 1032 845 1083 aulas
875 1030 995 1088 Dei.
1045 1028 1286 1098 indeque
1318 1028 1422 1081 iter
1456 1036 1732 1081 maturare
1760 1028 2010 1095 gestiunt
2055 1027 2109 1079 in
2163 1026 2387 1079 domum
2442 1025 2585 1093 ejus.
2647 1024 2817 1079 Josua
2876 1024 3066 1092 itaque
3110 1038 3235 1077 cum
3272 1021 3463 1074 adhuc
3511 1021 3819 1074 incrementa

597 1118 880 1187 religionis
920 1116 1183 1185 paulatim
1244 1122 1491 1183 caperet,
1527 1115 1671 1167 intra
1714 1125 1900 1167 castra
1930 1130 1987 1167 se
2023 1116 2301 1168 continet.
2335 1111 2473 1166 Nam
2528 1116 2597 1177 is,
2657 1114 2751 1182 qui
2810 1112 2994 1165 adhuc
3048 1111 3100 1163 in
3142 1108 3456 1163 virtutibus
3512 1108 3736 1176 proﬁcit,
3779 1110 3819 1162 si

598 1214 755 1259 extra
796 1205 1062 1256 virtutum
1095 1202 1441 1256 consortium
1475 1216 1534 1255 se.
1568 1202 1838 1267 posuerit,
1896 1201 2198 1269 plurimum
2247 1202 2301 1254 in
2362 1210 2549 1270 coepto
2589 1217 2760 1254 cursu
2817 1201 3054 1253 lxeditnr.
3091 1196 3278 1251 Solius
3309 1196 3585 1265 siquidem
3620 1196 3817 1265 perfecti

599 1300 685 1347 est
712 1292 865 1345 exire
893 1291 1097 1344 castris
1133 1298 1186 1343 et
1216 1288 1268 1342 in
1297 1298 1479 1342 castra
1519 1304 1578 1342 se
1610 1289 1882 1357 recipere,
1921 1297 1978 1340 nt
2016 1300 2247 1344 casteros
2278 1305 2505 1359 quoque
2540 1288 2761 1354 doceat,
2793 1298 2849 1342 et
2883 1288 2949 1340 ad
2984 1290 3250 1341 virtutem
3285 1286 3522 1338 alliciat.

670 1382 837 1439 Josua
892 1391 1121 1436 vocatur
1159 1382 1429 1441 minister,
1484 1387 1541 1433 ut
1592 1380 1685 1449 qui
1719 1380 1832 1449 jam
1875 1380 2172 1449 deputatus

2349 1381 2528 1449 Βλάὸη
2561 1381 2691 1450 γὰρ,
2722 1380 2876 1449 φησὶ,
2898 1378 2975 1449 τῷ
3007 1378 3381 1449 προκόπτοντι
3399 1374 3505 1441 ἔξω
3532 1376 3626 1443 τῆς
3653 1390 3821 1443 προκο-

602 1483 658 1532 et
692 1476 1000 1531 destinatus
1030 1477 1103 1530 sit
1144 1474 1317 1529 cultui
1369 1472 1576 1528 divino.
1722 1510 1725 1513 ν

2288 1472 2391 1543 πῆς
2421 1475 2642 1543 χωρεῖν.
2684 1473 2952 1542 Θεράπων
2984 1470 3040 1523 δὲ
3093 1470 3383 1539 κέκληται,
3418 1468 3509 1520 διὰ
3548 1468 3608 1520 τὸ
3650 1468 3738 1538 ἤδη
3765 1471 3819 1538 τῇ

2282 1566 2419 1635 πρὸς
2440 1564 2571 1617 Θεὸν
2603 1559 2769 1633 ἦχθαι
2804 1562 3073 1632 θεραπείᾳ
3101 1562 3235 1631 (98).

2364 1655 2509 1709 Ἰδοὺ
2539 1656 2621 1708 σύ
2642 1673 2742 1723 μοι
2764 1651 3279 1722 λέγεις.Ἀνάγαγε
3310 1651 3420 1704 τὸν
3444 1650 3597 1704 ,λαὸν
3623 1650 3820 1707 miror.

2282 1747 2364 1801 σὺ
2398 1747 2466 1800 δὲ
2487 1749 2599 1802 οὐκ
2631 1745 2951 1814 ἐδή.1ωσάς
2978 1762 3100 1812 μοι,
3136 1743 3208 1796 ὃν
3228 1739 3704 1804 συναποστε.1εῖς
3719 1742 3820 1809 μετ’

676 1654 814 1708 Ecce
836 1665 891 1707 tu
914 1653 1047 1708 dicis
1082 1653 1213 1707 mihi
1246 1668 1265 1707 :
1321 1650 1470 1706 Educ
1498 1652 1750 1721 populum
1793 1652 1954 1713 hunc.
1985 1663 2032 1719 et
2063 1654 2177 1723 quis

606 1761 687 1799 me
705 1745 935 1814 juvabit.
963 1752 1070 1799 etc.
1096 1742 1494 1816 [ΧΧΧ111,1Ξ.]
1530 1742 1644 1798 Non
1676 1743 1820 1797 enim
1850 1742 1979 1796 huic
2012 1743 2181 1796 labori

609 1836 746 1890 satis
771 1835 980 1887 idoneas
1012 1843 1140 1888 sunt
1170 1842 1222 1887 et
1247 1834 1524 1888 sufﬁciunt
1563 1833 1817 1887 humana:
1851 1834 2012 1888 vires.
2036 1839 2184 1902 Opus

609 1936 695 1983 est
722 1928 911 1981 divino
931 1927 1157 1980 auxilio.
1184 1925 1410 1980 Diﬁieile
1427 1934 1479 1980 et
1502 1925 1836 1979 laboriosum
1871 1935 1955 1980 est
1984 1926 2183 1993 guber-

609 2034 743 2073 nare
804 2020 1089 2087 populum,
1173 2019 1265 2087 qui
1327 2018 1443 2072 suis
1511 2027 1765 2090 moratur
1815 2018 1870 2071 in
1921 2018 2181 2073 sedibus:

610 2119 814 2178 quanto
867 2110 1146 2165 ditiicilins
1204 2122 1257 2164 et
1330 2110 1672 2164 laboriosius
1730 2118 1814 2165 est
1869 2110 2187 2179 imperitare

610 2206 834 2274 populo,
904 2206 996 2273 qui
1038 2205 1096 2257 in
1160 2204 1297 2257 alias
1350 2202 1635 2256 inducitur
1663 2203 1844 2267 sedes,
1890 2214 1942 2256 et
1977 2213 2186 2258 veteres

612 2299 839 2352 colonos
907 2297 1050 2351 bello
1101 2295 1305 2364 ejicere
1357 2295 1617 2364 cogitur?
1674 2293 1817 2348 Deus
1866 2295 2086 2348 dixerat
2117 2295 2185 2348 ad

2283 1836 2447 1905 ἐμοῦ.
2482 1836 2590 1888 Καὶ
2615 1835 2699 1897 τίς
2729 1852 2816 1904 μοι
2870 1832 3175 1885 συνανοίσει
3201 1870 3216 1895 ,
3269 1829 3408 1899 φησὶ
3433 1868 3447 1890 ,
3480 1828 3571 1879 τὸν
3610 1826 3749 1890 λαόνς
3775 1827 3821 1877 οὐ

2285 1931 2395 1999 γὰρ
2426 1927 2710 1998 αὐτάρκης
2738 1925 3025 1996 ἀνθρώπου
3058 1922 3239 1991 φύσις.
3275 1920 3415 1973 Οὐδὲ
3464 1920 3522 1971 τὸ
3551 1918 3707 1989 ψιλῶς
3738 1920 3821 1987 γὰρ

2286 2019 2596 2091 ἡγήσασθαι
2625 2016 2753 2071 λαοῦ
2804 2017 3016 2088 ῥᾴδιον·
3052 2016 3205 2085 πόσῳ
3251 2014 3456 2083 μᾶλλον
3487 2014 3578 2065 καὶ
3608 2012 3825 2081 μεθιστα-

2290 2116 2454 2184 μένου
2486 2115 2621 2182 πρὸς
2650 2113 2873 2175 τόπους,
2910 2110 3239 2178 πολεμικοὺς
3268 2108 3495 2177 ἔχοντας
3542 2106 3821 2174 οἰκήτοραςς

2292 2206 2429 2275 Ἰιδη
2453 2205 2560 2273 γὰρ
2581 2204 2831 2264 εἰπόντος
2847 2204 3007 2264 Θεοῦ,
3036 2221 3053 2251 ι
3079 2200 3393 2255 Ἀποστελῶ
3412 2200 3503 2250 τὸν
3519 2198 3727 2264 ἄγγελόν
3747 2215 3824 2267 μον

2290 2298 2588 2367 ἡγούμενόν
2604 2316 2718 2361 σου,
2734 2317 2751 2348 ι
2772 2296 3216 2365 ἀποκριναμένου
3238 2312 3320 2357 τε,
3338 2312 3355 2342 ι
3379 2293 3441 2345 Εἰ
3463 2292 3537 2362 μὴ
3559 2291 3706 2354 αὐτὸς
3720 2308 3824 2359 συμ-

616 2389 850 2445 Mosen:
890 2408 908 2441 ι
960 2389 1174 2442 Mittam
1225 2388 1480 2457 angelum
1535 2404 1737 2451 meum,
1792 2391 1885 2457 qui
1921 2390 2191 2458 przecedat

616 2488 707 2545 te;
747 2498 764 2530 ι
803 2489 855 2534 at
897 2477 1077 2533 Moses
1122 2478 1491 2546 responderat
1525 2493 1539 2531 :
1583 2495 1601 2529 ι
1658 2476 1770 2531 Nisi
1809 2489 1867 2531 tu
1895 2482 2192 2533 comitatus

619 2572 790 2625 fueris
828 2586 949 2637 nos,
996 2585 1064 2625 ne
1099 2569 1327 2623 duxeris
1384 2584 1486 2623 nos
1519 2585 1586 2624 ex
1628 2569 1737 2624 isto
1776 2571 1916 2624 loco.
1956 2590 1972 2620 ι
2013 2571 2191 2627 Carle-

2293 2575 2449 2630 Θεού.
2483 2576 2573 2628 Διό
2603 2591 2756 2645 φησι·
2792 2575 2864 2627 Σὺ
2897 2574 2953 2625 δὲ
2982 2574 3080 2626 οὐκ
3106 2571 3389 2642 ὲδήλωσάς
3422 2586 3534 2639 μοι,
3554 2570 3609 2633 ὃς
3640 2567 3827 2638 πορεύε-

618 2677 742 2715 rum
775 2662 979 2715 nullam
1013 2659 1479 2731 signiﬁcationem
1513 2659 1597 2713 vel
1653 2662 1950 2715 ammentis
1988 2663 2069 2714 Vel
2105 2680 2193 2715 re-

2294 2683 2384 2718 ται
2413 2666 2531 2735 μετ’
2565 2664 2724 2734 ἐμοῦ.

620 2755 846 2809 nuentis
904 2754 1131 2812 dederat
1182 2758 1352 2816 Deus.
1389 2759 1601 2815 Idcirco
1657 2760 1735 2814 ait
1790 2759 1969 2816 Moses
2004 2780 2017 2815 :
2048 2761 2128 2815 Tn
2172 2779 2279 2819 non
2340 2765 2605 2819 indicium
2675 2761 2855 2816 fecisti
2918 2759 3074 2823 mihi,
3113 2758 3241 2828 quis
3295 2758 3480 2812 iturus
3532 2758 3598 2811 sit
3634 2768 3825 2807 mecum.

2292 2388 2500 2460 πορεύῃ
2531 2391 2647 2459 μετ’
2674 2388 2830 2457 ἐμοῦ.
2864 2388 2939 2457 μή
2967 2403 3032 2455 με
3059 2385 3346 2455 ἀναγάγῃς
3377 2382 3642 2445 ἐντεῦθεν,
3669 2381 3824 2434 »οὐδὲν

2292 2482 2493 2554 ἐρρέθη
2536 2482 2670 2552 πρὸς
2718 2482 2961 2550 Μωῦσῆν
2988 2520 3003 2545 ,
3034 2479 3107 2543 ὡς
3146 2476 3555 2537 ἐπινεύσαντος,
3583 2476 3613 2544 ῆ
3648 2474 3730 2544 μὴ,
3754 2472 3823 2525 τοῦ

692 2865 759 2918 Ει
791 2883 916 2922 eum
953 2868 1118 2924 Deum
1169 2872 1406 2927 summis
1432 2872 1578 2927 votis
1608 2882 1894 2941 expeteret
1924 2882 1979 2927 et
2019 2875 2191 2944 depo-

2364 2877 2545 2929 Θέλων
2576 2877 2668 2929 τὸν
2698 2875 2830 2928 Θεὸν
2854 2874 3126 2944 ἡγεῖσθαι,
3152 2875 3343 2943 φησὶ,‹
3380 2871 3632 2933 Γνωστῶς
3662 2870 3740 2922 ἴδω
3762 2885 3820 2922 σε.

623 2968 805 3013 sceret
857 2962 1135 3027 comitem,
1184 2962 1353 3017 infert
1387 2982 1399 3017 :
1432 2982 1450 3015 ι
1509 2963 1807 3019 Evidenter
1856 2966 2016 3020 video
2053 2976 2127 3021 te.
2170 2986 2189 3019 ι

2302 2968 2445 3038 Πρὸς
2466 2969 2493 3020 ὃ
2538 2985 2703 3037 φησιν
2732 2970 2759 3020 ὁ
2785 2966 2917 3028 Θεός
2946 2982 2959 2996 ·
2985 2985 3003 3016 ι
3040 2964 3183 3032 Ἐγὼ
3243 2965 3407 3027 αὐτὸς
3436 2960 3822 3032 προπορεύσομαέ

619 3045 721 3101 Cui
758 3064 1083 3119 responsum
1146 3052 1238 3107 dat
1281 3052 1466 3109 Deus:
1508 3073 1525 3105 ι
1567 3054 1678 3124 Ego
1723 3056 1843 3126 ipse
1888 3059 2191 3125 praecedam

2303 3075 2418 3120 σου,
2445 3077 2463 3108 ι
2492 3059 2793 3119 τουτέστιν,
2825 3055 2948 3123 Εγὼ
2969 3057 3106 3108 καὶὸ
3140 3056 3263 3118 Υἱός
3296 3072 3402 3123 μου
3430 3054 3487 3105 ἓν
3508 3050 3825 3122 septumi;

622 3147 698 3201 te,
769 3160 789 3193 ι
823 3141 875 3195 id
900 3142 1018 3212 jest,
1068 3142 1178 3211 Ego
1224 3152 1278 3200 et
1327 3145 1504 3200 Filius
1557 3161 1715 3199 meus
1772 3162 1938 3199 unum
1981 3163 2196 3203 sumus.

2297 3154 2406 3221 γάρ
2424 3155 2571 3203 ἐστιν
2590 3153 2618 3203 ὁ
2638 3151 2736 3219 τῆς
2767 3150 3009 3219 μεγάλης
3031 3147 3229 3218 βουλῆς
3261 3146 3544 3215 Ἄγγελος,
3560 3146 3673 3214 περὶ
3697 3137 3748 3195 οὗ
3762 3158 3825 3194 σοι

622 3232 722 3287 Hic
758 3243 839 3289 est
877 3237 1104 3306 angelus
1149 3237 1328 3306 magni
1383 3237 1628 3299 censilii,
1681 3238 1749 3291 de
1780 3253 1891 3307 quo
1951 3240 2004 3293 in
2060 3255 2197 3310 prm-

2304 3244 2512 3314 φθάσας
2544 3239 2719 3303 εἷπον,
2750 3243 2819 3294 δι’
2850 3235 2912 3295 οὗ
2941 3240 3392 3313 προπορεύσομαί
3413 3255 3527 3305 σου,
3555 3240 3641 3291 καὶ
3670 3237 3824 3290 Osdru-

620 3323 949 3416 cedentibus
1000 3329 1094 3381 tibi
1139 3330 1397 3382 narravi:
1431 3343 1527 3399 per
1566 3343 1730 3398 quem
1760 3330 2081 3386 antecedant
2124 3342 2195 3397 Ie,

2304 3338 2427 3392 σθαί
2456 3355 2524 3408 με
2546 3339 2770 3409 δυνήσῃ.

621 3425 677 3471 et
704 3431 801 3485 per
824 3434 985 3487 quem
1020 3434 1105 3473 me
1134 3420 1455 3490 conspicari
1509 3421 1732 3489 poteris.

698 3524 943 3579 Gratiam
966 3527 1125 3581 habes
1150 3528 1291 3595 apud
1314 3544 1413 3593 me,
1434 3528 1946 3601 etc.[XXXlll,l7.]
1968 3528 2427 3600 Quiincnlpatam
2457 3530 2576 3583 vitm
2592 3540 2842 3585 sectatur
2873 3531 3167 3594 rationem,
3209 3530 3258 3585 is
3293 3542 3488 3600 gratus
3519 3539 3825 3597 acceptusque

624 3622 713 3669 est
743 3613 877 3667 Deo.
922 3614 1275 3685 Quapropter
1310 3616 1453 3670 Dens
1488 3615 1690 3668 aﬁatur
1734 3616 2155 3671 Abrahamum:
2209 3635 2227 3667 ι
2295 3617 2368 3669 Da
2426 3635 2651 3688 operam
2710 3620 2845 3673 mihi
2900 3620 3142 3688 placeas,
3181 3627 3235 3674 et
3282 3621 3367 3675 sis
3415 3616 3822 3688 irrepzehensibi-

626 3701 698 3755 lis
725 3702 793 3756 τ’.
833 3721 851 3752 ι
889 3700 971 3754 Ad
1006 3703 1153 3755 hunc
1194 3702 1418 3757 modum
1448 3703 1686 3772 gratiam
1719 3703 1775 3756 in
1806 3705 1987 3759 oculis
2025 3702 2235 3758 Domini
2275 3705 2486 3760 invenit
2536 3707 2821 3763 Noachns.
2876 3708 3121 3777 Angelus
3167 3722 3398 3777 quoque
3428 3716 3658 3761 sanctam
3687 3704 3823 3772 Virgio

625 3804 751 3843 nem
787 3789 867 3844 sic
897 3791 1205 3859 alloquitur
1236 3806 1250 3842 :
1289 3807 1309 3841 ι
1349 3790 1616 3845 Invenisti
1646 3791 1882 3861 gratiam
1918 3791 2064 3860 apud
2100 3791 2267 3845 Deum
2302 3794 2394 3848 η’.
2440 3814 2457 3845 ι

700 3903 758 3959 Si
792 3905 1038 3975 quaedam
1076 3904 1131 3958 in
1163 3904 1326 3957 nobis
1369 3902 1530 3957 fuerit
1580 3904 1779 3973 gratia,
1812 3918 1934 3972 quze
1991 3903 2199 3957 allube-

627 3997 735 4054 scit
778 3995 1032 4059 Domino,
1069 4011 1189 4049 eam
1225 3995 1490 4051 Dominus
1517 4010 1615 4048 sua
1646 4005 1960 4064 compensat
2007 3995 2203 4063 gratia,

627 4106 794 4158 quam
838 4088 1079 4158 impertit
1126 4087 1348 4141 virtutis
1400 4102 1565 4156 opera
1614 4086 1982 4155 patrantibus.
2024 4086 2207 4153 Quare

628 4178 869 4233 Joannes
923 4176 1107 4246 inquit
1142 4193 1155 4228 :
1203 4194 1220 4225 ι
1256 4177 1319 4229 Et
1347 4176 1577 4245 gratiam
1612 4191 1712 4245 pro
1745 4177 1916 4246 gratia
1954 4177 2018 4230 ⁷³.
2058 4195 2075 4227 ι

2394 3906 2487 3959 Ἐκ
2507 3906 2603 3959 τοῦ
2634 3909 2717 3976 ἐφ’
2751 3910 2881 3979 ἡμῖν
2903 3909 2934 3969 ἡ
2956 3907 3181 3977 τοιαύτη
3206 3908 3400 3978 χάρις·
3436 3908 3548 3962 ἁνΎ
3573 3903 3632 3976 ἧς
3658 3907 3685 3975 ἡ
3712 3900 3822 3968 παρὰ

2310 3998 2445 4051 Θεοῦ
2476 4000 2804 4064 δίδοταιτοῖς
2832 3999 3228 4070 κατορθώσασι.
3261 4001 3356 4054 Διό
3389 4018 3566 4071 φησιν,
3603 3996 3820 4061 Ἰωάννης.

2319 4109 2337 4140 ι
2378 4092 2487 4143 Καὶ
2521 4092 2681 4162 χάριν
2712 4093 2834 4144 ἀντὶ
2866 4091 3112 4162 χάριτος.
3148 4108 3167 4143 ι

701 4310 847 4363 Alibi
889 4307 1098 4362 dicitur
1134 4324 1150 4362 :
1192 4326 1212 4359 ‹
1258 4307 1507 4363 Gratiam
1539 4311 1687 4362 enim
1718 4316 1772 4362 et
1796 4308 2027 4377 gloriam
2058 4308 2209 4363 dabit
2238 4308 2306 4372 ⁷⁸,
2368 4327 2386 4359 ι
2420 4308 2487 4363 de
2518 4325 2626 4377 qua
2678 4310 2967 4365 disserens
2998 4312 3227 4372 Paulus.
3263 4312 3484 4381 inquit:
3529 4328 3545 4360 ι
3581 4302 3816 4361 Abundan-

634 4400 744 4453 tius
778 4397 1049 4462 laboravi,
1094 4414 1203 4451 non
1241 4408 1425 4451 autem
1450 4412 1573 4466 ego,
1610 4396 1703 4450 sed
1753 4400 1949 4463 gratia,
1986 4412 2109 4465 quae
2148 4396 2251 4449 fuit
2298 4410 2513 4449 mecum
2545 4397 2610 4449 ⁷⁸.
2667 4416 2685 4447 ι
2747 4396 2810 4449 Ει
2840 4398 3041 4452 iterum
3086 4415 3099 4452 :
3133 4417 3152 4449 ι
3184 4396 3376 4452 Gratia
3412 4409 3582 4451 autem
3614 4394 3690 4446 Dei
3712 4406 3817 4448 sum,

633 4488 687 4541 id
720 4487 863 4555 quod
912 4502 1033 4540 smn
1059 4486 1125 4539 ⁷⁸.
1169 4505 1187 4536 ι
1220 4486 1292 4539 De
1322 4485 1515 4540 eadem
1542 4486 1715 4553 gratia
1753 4486 1955 4556 legitur
1986 4486 2040 4537 in
2079 4482 2382 4552 Evangelio
2412 4501 2423 4535 :
2466 4502 2485 4534 ι
2516 4482 2702 4537 Gratia
2732 4496 2784 4539 et
2816 4488 3024 4540 veritas
3076 4502 3170 4555 per
3219 4484 3409 4539 Jesum
3436 4486 3690 4539 (Iluistum
3716 4492 3817 4532 con-

637 4574 763 4644 tigit
786 4575 854 4625 τ’.
902 4591 919 4622 ι
956 4571 1289 4642 Unigenittts
1318 4575 1468 4627 enim
1496 4573 1776 4628 exsistens
1808 4588 1836 4625 a
1880 4572 2046 4626 Patre
2080 4574 2281 4642 plenus
2328 4571 2508 4639 gratia
2564 4583 2617 4625 et
2670 4574 2928 4634 veritate,
2958 4574 3150 4628 eadem
3181 4574 3559 4628 subministrat
3587 4570 3685 4624 suis
3707 4578 3819 4619 com-

632 4661 889 4730 plicibus.
940 4658 1079 4714 Hinc
1125 4662 1204 4725 lit,
1264 4670 1322 4713 ut
1380 4659 1591 4713 Paulus
1657 4674 1881 4728 semper
1936 4658 2261 4728 exoptaudo
2312 4658 2511 4713 dicat:
2581 4676 2598 4709 ι
2637 4660 2832 4714 Gratia
2889 4663 3050 4717 vobis
3096 4672 3149 4717 et
3182 4677 3289 4732 pax
3323 4662 3418 4717 Dei
3459 4660 3625 4715 Patris
3651 4666 3695 4712 et
3719 4652 3814 4707 Jestl

632 4747 859 4803 Christi.
900 4767 918 4797 ι

706 4843 884 4897 Moses
936 4843 1121 4912 itaque
1172 4851 1506 4899 consecutus
1539 4852 1622 4897 est
1660 4842 1902 4896 divinam
1949 4843 2205 4913 gratiam,
2235 4849 2278 4908 ο

633 4952 758 4990 cum
801 4935 953 5003 prius
985 4934 1291 5002 possideret
1334 4935 1505 4998 illam,
1550 4950 1671 5003 qua:
1700 4934 1991 4988 honestum
2036 4933 2206 4988 animi

638 5026 889 5094 sequitur
924 5026 1287 5093 propositum,
1320 5024 1385 5079 de
1412 5040 1520 5095 qua
1545 5026 1815 5094 scriptum
1849 5033 1932 5080 est
1967 5042 1981 5079 :
2021 5043 2040 5076 ι
2075 5024 2212 5080 Gra-

633 5117 711 5172 tia
751 5125 809 5171 et
838 5114 1083 5168 amicitia
1128 5116 1314 5170 libera:
1347 5116 1681 5171 conditionis
1732 5126 2053 5172 censentur.
2105 5114 2212 5171 Has

634 5224 903 5264 conserva
934 5206 1057 5271 tibi,
1105 5223 1171 5262 ne
1204 5207 1471 5263 dedecore
1518 5208 1704 5279 aliquo
1737 5208 1877 5261 fama
1917 5216 2007 5261 tua
2039 5208 2215 5278 sugil-

638 5305 780 5359 letur
802 5305 869 5357 ⁷⁸.
904 5323 923 5356 ι

709 5419 751 5451 ⁸³
782 5416 924 5471 Psal.
991 5434 1101 5479 xm,
1138 5418 1190 5472 5.

636 5489 684 5521 7‘
713 5487 857 5543 Psal.
888 5504 1115 5553 Lxxxm,
1148 5487 1233 5542 12.

2385 4846 2563 4915 Ἐχων
2584 4840 2675 4898 οὖν
2706 4847 2733 4899 ὁ
2765 4847 3009 4917 Μωῡσῆς
3043 4848 3143 4918 τὴν
3171 4850 3234 4901 ὲκ
3263 4849 3363 4918 τῆς
3398 4844 3729 4917 προαιρέσεως
3750 4835 3815 4906 κάη

2319 4953 2405 5006 ριν
2426 4955 2440 4970 ⁸
2469 4939 2598 5007 περὶ
2627 4933 2693 5010 ἦς
2716 4938 3057 5010 γέγραπται,
3095 4959 3113 4991 ‹
3148 4942 3326 5012 Χάρις
3362 4942 3455 4994 καὶ
3496 4937 3633 5007 φιλία
3656 4929 3815 4985 ἐλευθε-

2321 5032 2422 5100 ροῖ,
2454 5028 2518 5092 ἃς
2546 5031 2815 5102 ἐτήρησεν
2844 5032 3021 5102 ἑαυτῷ
3043 5073 3057 5095 ,
3091 5033 3176 5085 ἵνα
3219 5032 3296 5103 μὴ
3338 5029 3670 5085 ἐπονείδιστος
3696 5020 3812 5089 γένηο

2316 5138 2429 5176 ται.
2468 5123 2697 5194 Ἔτυχεν
2732 5123 3024 5187 ἀκωλύτως
3053 5125 3150 5195 τῆς
3179 5123 3386 5179 ἄνωθεν
3409 5121 3628 5195 χάριτος.
3657 5133 3673 5165 I

1286 5415 1333 5447 ⁷ο
1364 5430 1591 5480 Lxxxm,
1621 5415 1677 5479 2,
1707 5416 1760 5469 5.
1900 5418 1941 5447 τί
1968 5416 2104 5471 ibid.
2132 5417 2188 5473 5.

2288 5417 2329 5447 ⁷⁸
2360 5414 2494 5470 Gen.
2525 5430 2633 5466 xvn
2661 5453 2674 5478 ,
2708 5414 2756 5467 1.
2871 5416 2937 5446 ⁷⁸⁸
2970 5414 3103 5467 Luc.
3149 5431 3164 5469 I
3212 5413 3301 5468 30.
3440 5410 3482 5443 ⁷³
3506 5404 3645 5462 Joan.
3687 5416 3717 5461 I,
3746 5391 3801 5448 i6.

1323 5486 1369 5517 ⁷⁵
1401 5487 1419 5539 1
1447 5485 1577 5541 Cor.
1610 5503 1699 5554 xv,
1733 5487 1820 5542 10.
1891 5486 1939 5518 ⁷⁵
1971 5488 2105 5541 ibid.

2284 5417 2329 5447 ⁷³
2360 5414 2494 5470 Gen.
2525 5430 2633 5466 xvn
2661 5453 2674 5478 ,
2708 5414 2756 5467 1.
2871 5416 2937 5446 ⁷⁸⁸
2970 5414 3103 5467 Luc.
3149 5431 3164 5469 I
3212 5413 3301 5468 30.

2215 5487 2257 5519 ⁷⁷
2279 5484 2443 5541 Joan.
2471 5502 2508 5551 I,
2548 5485 2635 5540 17.
2711 5486 2755 5516 ⁷⁸
2804 5484 2967 5543 Prov.
3000 5499 3127 5553 xxv,
3175 5484 3263 5540 10.

2194 5621 2424 5680 NOTAE.

650 5735 940 5875 “(98in)”,
972 5736 1021 5787 τί
1049 5753 1109 5802 γε
1139 5736 1294 5821 τοῦτο
1318 5739 1433 5792 ἐστι
1459 5736 1519 5790 τὸ
1545 5735 1636 5789 τοῦ
1664 5734 1917 5807 Διδύμου,
1960 5732 2087 5807 περῖ
2139 5728 2201 5787 οὗ
2236 5736 2264 5789 ὁ
2288 5739 2345 5791 ὲν
2376 5736 2451 5809 τῷ
2483 5737 2514 5790 7
2553 5737 2630 5792 ὲδ.
2667 5736 2897 5808 ’Λδηλός
2920 5744 3073 5808 φησι,
3101 5736 3193 5793 τὸν
3255 5736 3477 5807 Δίδυμον
3536 5722 3700 5796 σκηνὴν
3737 5714 3798 5770 u‘

722 5822 769 5859 ιν
792 5823 890 5875 την
911 5824 1221 5875 προκοπην;

722 5822 769 5859 ιν
792 5823 890 5877 την
911 5824 1221 5877 nmmum;
