4038 6536
228 361 331 426 673
1303 361 1823 425 COMMENTARIl

1892 359 1965 420 ΙΝ
2005 355 2346 418 EXODUM.
3383 349 3487 415 674

296 476 409 533 Kal
429 473 566 533 οἶδά
587 494 661 533 σε
686 479 846 549 παρὰ
872 475 1122 547 πάντας.
1150 479 1325 551 Διχῶς
1349 481 1411 533 τὸ
1434 480 1635 533 εἰδέναι
1654 480 1808 533 Θεόν.
1839 484 1884 538 Α

1988 474 2057 529 Ει
2090 483 2137 529 te
2169 474 2289 527 novi
2322 488 2487 541 supra
2537 488 2719 526 omnes
2750 510 2764 535 ,
2820 479 2929 525 etc.
2978 469 3238 524 Bifariam
3284 468 3489 524 diettnr

229 569 300 621 Ἦ
331 569 472 623 καθὸ
518 568 698 625 πάντα
757 569 864 625 οἶδε
903 575 972 627 τὰ
1020 572 1173 638 ὄντα,
1212 572 1348 626 καθὸ
1396 572 1453 625 τὸ
1486 572 1687 643 μᾶλλον
1717 572 1813 625 καὶ

1919 566 2064 623 Deus
2099 566 2307 636 aliquid
2343 566 2566 619 novisse
2603 582 2618 618 :
2655 573 2751 617 aut
2793 578 2855 617 ea
2893 564 3083 617 notitia
3118 606 3132 628 ,
3190 577 3294 630 qua
3343 564 3487 614 entia

227 654 396 730 ἧττον
417 661 519 713 οὐκ
544 661 689 715 ἐστιν
713 678 726 692 ·
758 662 1026 736 οὐσιώδης
1049 664 1158 736 γάρ
1182 666 1300 718 ἐστι
1324 665 1547 734 γνῶσις,
1568 666 1661 718 καὶ
1680 663 1813 718 πάν-

1920 656 2107 710 omnia
2162 656 2333 708 novit.
2386 653 2447 705 Et
2482 653 2596 705 hanc
2628 652 2848 720 quidem
2884 652 3075 704 notitia
3109 649 3490 704 substantialis

228 768 327 816 τας
358 753 563 823 ὁμοίως
593 755 903 809 ἐπίσταται.

1920 756 2024 811 est,
2078 762 2179 801 nec
2233 746 2413 811 majus
2444 745 2740 812 minusque
2789 744 3000 811 recipit.
3030 742 3165 797 Cum
3206 744 3348 796 enim
3398 743 3490 796 illa

1922 839 2119 892 notitia
2156 838 2484 893 Substantizc
2514 836 2690 889 amnis
2728 834 2821 897 sit,
2850 836 3067 900 accidit,
3097 842 3154 888 ut
3194 837 3493 889 secundum

1921 947 2040 986 eam
2073 946 2268 985 omnes
2294 918 2447 998 aequa
2488 930 2676 983 notitia
2703 936 2986 997 agnoscat.

303 1033 443 1089 Ideo
469 1034 608 1089 dicit
636 1034 785 1092 Job:
826 1057 843 1089 ι
874 1036 981 1102 Qui
1020 1037 1224 1091 novisti
1282 1044 1522 1090 mentem
1572 1034 1885 1101 hominum,
1931 1055 2105 1109 quare
2158 1054 2245 1094 me
2293 1037 2534 1108 posuisti
2582 1038 3011 1091 intercessorem
3068 1044 3219 1089 tuum
3269 1037 3335 1088 '9.
3373 1055 3390 1089 ι
3436 1035 3493 1090 1η

233 1124 519 1178 electione
568 1124 812 1179 Matthiae
860 1134 1021 1179 orant
1071 1127 1307 1196 apostoli
1357 1144 1370 1179 :
1427 1146 1444 1175 ι
1484 1130 1524 1177 Ο
1575 1125 1826 1192 Domine,
1878 1127 1971 1195 qui
2032 1125 2239 1179 novisti
2292 1125 2458 1178 corda
2515 1124 2758 1177 onmium
2794 1124 2862 1179 ³ο,
2906 1141 2924 1174 ι
2971 1122 3228 1176 Christus
3259 1123 3497 1191 appellat

233 1207 466 1264 Judazos
525 1212 580 1265 in
620 1214 768 1267 hunc
818 1214 1043 1268 modum
1081 1231 1095 1267 :
1152 1233 1169 1265 ι
1214 1211 1325 1268 Vos
1373 1214 1530 1279 estis,
1584 1215 1676 1284 qui
1721 1213 2048 1283 justificatis
2110 1228 2209 1268 vos
2243 1227 2435 1267 coram
2470 1211 2791 1266 hominibus
2822 1230 2835 1266 :
2867 1219 3127 1265 caeterum
3161 1208 3307 1265 Deus
3348 1212 3500 1265 novit

237 1299 413 1352 corda
450 1310 635 1354 vestra
668 1298 733 1353 ⁸¹.
780 1318 798 1352 ι

252 1452 255 1453 ν
317 1414 395 1465 Ἦ
429 1413 570 1467 καθὸ
602 1414 815 1467 ἑνοῦται
845 1417 983 1485 πρὸς
1019 1415 1080 1469 τὸ
1126 1416 1397 1486 γινῶσκον
1439 1418 1535 1471 καὶ
1580 1418 1640 1471 τὸ
1670 1434 1833 1485 γινω-

2002 1414 2190 1469 Altera
2229 1414 2424 1468 notitia
2450 1456 2463 1479 ,
2496 1430 2604 1483 qua
2647 1413 2788 1469 Deus
2816 1414 3075 1484 praeditus
3113 1420 3198 1468 est
3220 1452 3236 1477 ,
3268 1413 3502 1467 habetur

245 1506 544 1575 σκόμενον,
580 1506 714 1559 καθὸ
742 1506 983 1575 λέγεται,
1024 1526 1041 1560 ι
1082 1510 1265 1578 Ἔγνω
1292 1509 1497 1582 Κύριος
1527 1509 1652 1574 τοὺς
1677 1510 1835 1573 ὄντας

1934 1506 2020 1561 illa
2053 1547 2068 1569 ,
2104 1522 2212 1577 qua
2247 1507 2662 1574 coniunguntur
2692 1508 2835 1560 inter
2865 1522 2923 1560 se
2958 1507 3043 1571 id,
3098 1506 3241 1573 quod
3308 1506 3500 1557 notitia

252 1597 449 1651 αὑτοῦ.
480 1616 498 1649 ι
1934 1602 2190 1670 percipit,
2217 1610 2267 1655 et
2298 1600 2347 1653 id
2372 1600 2516 1670 quod
2552 1600 2743 1653 notitia
2779 1598 3093 1666 percipitur.
3126 1597 3240 1650 lluc
3267 1598 3505 1665 applice-

1935 1702 2025 1746 tur
2051 1736 2065 1758 ,
2102 1704 2285 1747 utres
2318 1693 2493 1762 magis
2540 1692 2831 1761 perspicua
2865 1691 2933 1744 sit
2960 1732 2975 1755 ,
3026 1691 3155 1743 illud
3206 1689 3506 1758 Scriptura:

1937 1786 2314 1842 testimonium
2356 1805 2370 1840 :
2412 1805 2430 1835 ι
2459 1784 2620 1838 Novit
2655 1783 2941 1848 Dominus,
2973 1786 3063 1853 qui
3094 1784 3196 1837 sint
3236 1783 3409 1837 sui“.
3447 1801 3463 1830 ο

328 1935 435 2003 Qui
464 1937 633 2007 igitur
668 1938 856 2007 ipsum
911 1940 1192 2005 noverint,
1249 1939 1315 1995 ad
1363 1956 1487 1994 eum
1531 1938 1756 1993 modum
1803 1940 1871 1993 ab
1905 1940 2023 2009 ipso
2075 1948 2480 2009 agnoscuntur.
2514 1937 2698 2007 lnquit
2732 1938 2877 1992 enim
2908 1954 2921 1990 :
2960 1935 3119 2006 313
3152 1955 3169 1987 ι
3218 1934 3377 1989 Nunc
3407 1951 3508 1989 att-

255 2034 370 2080 tem
418 2039 823 2097 cognoscentes
869 2029 1059 2091 Deum,
1117 2029 1201 2082 vel
1242 2031 1427 2097 potius
1473 2030 1679 2098 cogniti
1721 2046 1748 2082 a
1792 2028 1905 2083 Deo
1929 2028 1995 2081 ⁸³.
2056 2047 2073 2078 ι
2111 2027 2323 2080 Similis
2358 2026 2499 2089 ratio
2529 2035 2613 2080 est
2639 2023 2935 2085 contrarii,
2970 2024 3016 2077 si
3052 2040 3078 2073 a
3106 2023 3390 2075 contrario
3421 2037 3509 2074 ar-

256 2115 579 2182 gumentari
619 2116 779 2171 velis.
817 2113 955 2169 Nam
1009 2118 1084 2170 ita
1138 2118 1366 2188 legitur,
1414 2136 1431 2169 ι
1474 2118 1574 2182 Qui
1632 2118 1873 2188 ignorat,
1924 2114 2271 2184 ignorabitur
2318 2113 2385 2166 ⁸⁸.
2426 2132 2444 2164 ι
2485 2111 2631 2167 Deus
2670 2126 2794 2165 cum
2831 2117 3132 2181 cognoscat
3172 2123 3306 2163 suos
3335 2111 3507 2170 varie,

257 2216 365 2270 pro
401 2202 778 2271 dispositione
814 2211 870 2258 et
906 2206 1093 2258 habitu
1126 2207 1349 2260 illorum
1385 2223 1414 2259 a
1459 2208 1658 2276 quibus
1707 2206 1827 2276 ipse
1879 2203 2260 2272 cognoscitur,
2317 2200 2519 2254 accidit
2556 2208 2616 2252 ut
2655 2198 2808 2251 vario
2837 2211 3059 2266 quoque
3097 2196 3261 2249 modo
3295 2211 3354 2249 se
3390 2196 3503 2247 illis

256 2290 484 2358 jungat,
540 2294 844 2343 secundum
906 2295 1323 2363 proportionem
1382 2296 1736 2363 cognitionis,
1786 2309 1896 2363 qua
1972 2289 2390 2360 conjunguntur
2450 2288 2579 2343 Deo.
2636 2287 2774 2339 Nam
2818 2294 2878 2338 ut
2935 2286 3041 2337 alia
3074 2284 3218 2337 dona
3270 2282 3512 2352 Spiritus

258 2378 446 2429 sancti
485 2379 688 2431 dantur
714 2382 1018 2433 secundum
1054 2382 1365 2451 analogiam
1426 2384 1575 2444 fidei.
1614 2384 1695 2437 sic
1722 2384 1889 2436 etiam
1925 2379 2120 2433 notitia
2153 2378 2244 2431 illa
2282 2376 2498 2431 divina.
2546 2375 2687 2429 Cum
2723 2373 2893 2441 igitur
2922 2386 3035 2441 prae
3067 2372 3283 2424 caeteris
3316 2379 3518 2423 morta—

260 2464 412 2516 lihus
450 2463 833 2521 abundantius
887 2471 1209 2537 cognoverit
1244 2469 1437 2534 Deum,
1496 2473 1677 2523 evenit.
1709 2477 1766 2521 ut
1812 2466 2187 2522 abundantius
2247 2480 2360 2533 prae
2412 2462 2632 2517 caeteris
2686 2475 2906 2530 quoque
2933 2474 2963 2512 a
2991 2458 3105 2511 Deo
3133 2458 3206 2512 sit
3235 2457 3513 2525 cognitus.

263 2550 501 2604 Exstant
550 2561 605 2606 et
642 2554 759 2618 alii,
812 2556 1017 2624 quibus
1065 2555 1356 2625 Scriptura
1406 2573 1567 2611 sacra
1614 2560 1862 2629 assignat
1920 2552 2345 2625 perfectionem.
2408 2552 2680 2603 Caeterum
2707 2548 2751 2602 si
2793 2548 3043 2600 iutueare
3096 2543 3514 2614 perfectionem,

260 2642 425 2692 nulla
460 2640 669 2693 visitur
703 2641 1042 2699 differentia.
1078 2644 1164 2706 lli,
1198 2646 1290 2715 qui
1324 2646 1591 2714 paulatim
1625 2647 1677 2701 in
1727 2648 1990 2718 religione
2042 2654 2377 2711 progressus
2413 2636 2652 2700 faciunt,
2683 2636 2828 2689 inter
2859 2648 2983 2689 sese
3014 2632 3300 2687 differunt.

338 2749 569 2818 Μήποτε
621 2746 714 2804 οὖν
770 2751 911 2823 ὑπὲρ
946 2753 1177 2818 πάντας,
1233 2758 1357 2819 τοὺς
1393 2758 1534 2809 κατὰ
1564 2758 1653 2810 τὸν
1680 2759 1843 2812 αὑτὸν
1880 2742 1919 2795 Β

2016 2750 2296 2804 Fortassis
2350 2747 2607 2816 intelligit
2659 2744 2850 2800 Mosen
2913 2743 3089 2812 magis
3141 2757 3169 2795 a
3248 2743 3356 2797 Deo
3400 2756 3523 2798 esse

262 2841 463 2910 χρόνον
490 2842 687 2913 (msh;
722 2843 946 2913 ἄμεινον
986 2844 1041 2897 δὲ
1090 2846 1321 2901 καθόλου
1374 2850 1465 2901 τὸν
1510 2850 1665 2918 λόγον
1703 2854 1844 2906 νο-ἶν

1950 2846 2235 2915 cognitum
2262 2859 2425 2913 quam
2474 2843 2745 2897 neminem
2780 2842 3120 2905 mortalium,
3153 2842 3245 2910 qui
3290 2840 3389 2892 illo
3420 2854 3524 2895 sae-

262 2933 365 2984 ἐπὶ
400 2934 601 2997 παντὸς
635 2934 730 2987 τοῦ
765 2938 907 2989 κατὰ
954 2939 1055 3008 τὴν
1106 2939 1275 3009 αὐτὴν
1307 2940 1520 3009 ἔχοντος
1580 2945 1846 3014 ἁγιότητα

1951 2941 2079 2991 culo
2113 2939 2392 2988 vixerunt.
2425 2934 2607 2999 Certe,
2643 2942 2701 2986 ut
2723 2947 2825 3001 ego
2857 2932 3070 3001 opinor,
3102 2931 3300 2983 melius
3333 2928 3522 2995 fuerit,

264 3025 615 3089 Μωῦσεί,ὼς
638 3029 731 3079 καὶ
761 3026 924 3081 αὑτὸν
951 3025 1094 3082 εἶναι
1134 3029 1444 3103 θεράποντα
1478 3031 1637 3086 Θεοῦ.

1956 3036 2016 3081 ιιι
2054 3027 2445 3081 universalitcr
2502 3026 2595 3079 ille
2652 3025 2805 3077 locus
2873 3024 3178 3092 accipiatur
3223 3023 3291 3076 de
3351 3021 3524 3085 omni,

1957 3120 2051 3189 qui
2090 3118 2308 3182 eadem,
2341 3134 2447 3186 qua
2496 3116 2699 3180 Moses,
2756 3116 2958 3185 polleat
3012 3115 3330 3179 sanctitate,
3387 3112 3528 3168 adeo

1960 3219 2023 3265 ut
2055 3220 2110 3264 et
2142 3210 2263 3278 ipse
2303 3211 2375 3263 sit
2413 3207 2505 3263 Dei
2540 3191 2814 3262 minister.

351 3334 538 3401 Quare
563 3336 733 3405 igitur
758 3337 903 3395 Deus
935 3356 1032 3409 per
1073 3342 1408 3397 Ezechielcnt
1436 3343 1481 3376 ⁸³
1519 3346 1757 3403 minatus
1803 3363 1901 3402 sua
1932 3348 2223 3418 [horrenda
2250 3347 2456 3417 judicia
2489 3357 2746 3416 quatuor,
2777 3345 3040 3414 gladium.
3094 3344 3298 3399 bestias
3336 3347 3530 3411 malas,

286 3434 502 3492 pestem
535 3436 590 3478 et
621 3425 844 3492 famem,
876 3428 1056 3497 inquit
1084 3446 1147 3485 ea
1174 3441 1398 3486 ventura
1434 3450 1605 3503 super
1638 3437 1959 3491 universum
2004 3437 2193 3502 Israel,
2239 3451 2362 3488 cmn
2393 3436 2482 3488 illa
2520 3452 2627 3487 non
2672 3434 2954 3501 attigerint
2995 3430 3298 3494 Noachum,
3331 3430 3529 3487 Johum

274 3524 338 3564 et
368 3511 671 3574 Danielem,
727 3529 907 3583 neque
957 3516 1157 3570 horum
1195 3518 1338 3574 filios
1370 3533 1425 3573 et
1474 3522 1661 3577 ﬁlias?
1706 3523 1841 3578 Nam
1890 3540 1999 3595 qua
2046 3527 2260 3578 ratione
2290 3524 2380 3577 illa
2410 3522 2617 3590 judicia
2652 3521 2791 3574 mala
2839 3522 2890 3575 in
2927 3521 3073 3590 ipSos
3104 3520 3532 3585 redundassent,

281 3614 416 3652 cum
451 3600 689 3666 plurimo
745 3605 1010 3671 temporis
1046 3605 1356 3673 intervallo,
1399 3619 1692 3678 antequam
1742 3613 1835 3666 illa
1889 3612 2231 3680 ingruereut,
2283 3611 2351 3665 de
2385 3609 2686 3663 viventium
2722 3624 2953 3662 numero
3005 3608 3272 3662 subtracti
3331 3607 3535 3662 fuerint

278 3684 462 3742 Jobus
494 3696 549 3741 et
591 3687 890 3744 Noachus?
942 3692 998 3745 Si
1034 3693 1319 3747 veritatem
1358 3700 1602 3751 continet
1651 3700 1740 3754 ille
1789 3716 1997 3765 sermo,
2047 3717 2114 3753 an
2170 3716 2277 3754 non
2321 3700 2587 3770 possibile
2645 3698 2771 3762 fuit,
2810 3707 2866 3750 ut
2896 3697 2983 3751 isti
3022 3696 3121 3749 viri
3154 3697 3537 3751 invenirentur

286 3782 544 3843 tempore
568 3774 903 3844 iudiciorum
957 3778 1176 3832 illorum
1235 3781 1517 3838 reformati
1572 3787 1624 3839 in
1682 3803 1782 3843 sua
1833 3792 2111 3861 corpora?
2161 3791 2357 3845 Absitl
2392 3792 2473 3843 sic
2510 3788 2901 3857 intelligendus
2941 3802 3027 3842 eSt
3076 3786 3165 3841 ille
3197 3788 3353 3842 locus
3382 3807 3394 3842 :
3428 3786 3535 3853 Qui

288 3861 462 3914 fuerit
491 3863 639 3930 pius,
673 3874 728 3916 et
764 3864 817 3917 in
845 3865 1090 3918 intimam
1124 3867 1217 3920 Dei
1283 3869 1716 3927 familiaritatem
1756 3890 2034 3949 receptus,
2082 3896 2187 3933 non
2237 3890 2511 3949 quatenus
2548 3879 2710 3932 homo
2761 3878 2937 3930 solum
2973 3884 3077 3939 est,
3123 3876 3215 3931 sed
3262 3887 3536 3945 quatenus

287 3949 517 4001 illorutn
549 3950 807 4017 pietatem
856 3960 911 4005 et
948 3953 1209 4008 virtutem
1241 3959 1551 4023 simulatur,
1580 3961 1836 4032 .Daniclis
1864 3970 1949 4021 vel
1995 3968 2203 4023 Noachi
2237 3976 2326 4021 aut
2361 3966 2483 4021 Johi
2536 3980 2842 4034 cognomen
2894 3965 3039 4019 ferre
3068 3965 3379 4018 credendus
3429 3974 3533 4018 est.

292 4033 543 4105 Exempli
581 4037 757 4105 gratia
789 4057 803 4092 :
839 4039 897 4093 Si
930 4041 1055 4109 quis
1080 4041 1243 4096 fuerit
1284 4045 1566 4114 perfectus
1600 4050 1745 4103 inter
1773 4067 1889 4107 sua:
1928 4055 2106 4109 aetatis
2144 4056 2395 4109 homines
2422 4033 2622 4107 coram
2662 4053 2793 4116 Deo,
2845 4052 2891 4107 is
2920 4060 3205 4121 reputatur
3235 4068 3356 4106 esse
3390 4050 3537 4104 Noa-

290 4124 462 4217 elius.
494 4123 597 4189 Qui
625 4126 688 4217 in
720 4125 823 4217 hoc
850 4131 1059 4183 saeculo
1097 4145 1187 4185 res
1228 4132 1490 4188 adversas
1529 4136 1800 4205 patienter
1850 4140 1975 4206 fert,
2028 4155 2246 4213 propter
2295 4141 2673 4195 fortitudinem
2729 4140 3084 4194 existimatur
3114 4137 3306 4192 Jobns.
3339 4136 3441 4203 Qui
3481 4138 3536 4190 in

293 4209 483 4300 divina
520 4212 793 4280 sapientia
848 4223 1060 4269 tantum
1114 4217 1434 4286 profecerit,
1468 4232 1528 4274 ut
1586 4224 1751 4291 possit
1802 4241 1968 4281 vanas
2024 4209 2353 4300 redarguere
2406 4239 2459 4283 et
2507 4229 2843 4282 confundere
2898 4228 3342 4295 superstitiones,
3386 4233 3440 4280 et
3471 4225 3539 4280 ad

294 4298 497 4351 altiora
524 4302 849 4365 ascendere,
884 4305 1037 4357 illum
1078 4315 1133 4359 tu
1172 4306 1425 4375 judicato
1457 4327 1579 4365 esse
1611 4310 1911 4369 Danielem.
1949 4314 2003 4369 Si
2033 4317 2159 4385 quis
2185 4298 2501 4381 virtutibus,
2544 4317 2746 4385 quibus
2774 4314 2953 4368 Moses
2986 4314 3251 4383 praeditus
3286 4315 3409 4377 fuit,
3446 4328 3540 4367 co-

294 4388 635 4450 ruscaverit,
671 4391 787 4458 qui,
832 4390 1076 4460 inquam,
1112 4393 1291 4450 Moses
1332 4398 1504 4466 magis
1533 4399 1692 4467 elegit
1722 4399 1888 4470 affligi
1920 4418 2042 4456 cum
2078 4405 2278 4473 populo
2314 4403 2407 4459 Dei
2432 4404 2503 4465 ⁸⁸,
2533 4412 2670 4468 etc.,
2695 4402 2785 4455 ille
2821 4401 2921 4454 tihi
2955 4402 3026 4456 sit
3072 4402 3276 4464 Moses,
3307 4401 3543 4468 huicqtte

295 4484 579 4563 competet
615 4478 751 4530 illud
802 4478 1045 4531 divinum
1078 4483 1365 4536 oraculum
1401 4501 1415 4537 :
1471 4504 1488 4535 ι
1518 4483 1652 4539 Novi
1693 4498 1744 4540 te
1782 4503 1946 4557 supra
1980 4505 2195 4544 OlllltCS.
2238 4509 2255 4541 ι
2295 4490 2406 4544 lloc
2440 4491 2593 4553 mihi,
2623 4490 2801 4559 inquit
2849 4489 3048 4559 Moses,
3078 4488 3448 4541 certissimum
3489 4496 3543 4541 et

298 4561 599 4616 iulallibile
628 4565 847 4632 signum
877 4568 1005 4631 erit,
1034 4575 1085 4622 te
1114 4580 1317 4624 nostra
1348 4571 1465 4625 fore
1493 4573 1856 4641 profectionis
1888 4577 2107 4640 ducem.
2149 4580 2192 4633 si
2234 4592 2379 4633 tuam
2417 4580 2608 4635 faciem
2641 4579 2852 4639 videro.
2892 4579 2941 4631 id
2980 4586 3062 4633 est
3090 4618 3105 4643 ,
3140 4579 3184 4633 si
3239 4578 3541 4641 intellectu,

305 4664 417 4703 non
459 4666 721 4705 sensuum
756 4655 984 4719 auxilio,
1035 4668 1086 4710 te
1115 4673 1408 4727 aspexero.
1456 4659 1527 4714 Ut
1561 4664 1704 4716 enim
1738 4666 1934 4720 oculus
1980 4666 2083 4719 nisi
2117 4676 2342 4720 externa
2378 4668 2466 4719 illa
2510 4668 2630 4719 luce
2664 4666 2996 4726 illustratus.
3027 4681 3134 4717 non
3172 4664 3351 4718 cernit
3397 4666 3543 4719 entia

306 4736 472 4790 nobis
510 4737 581 4790 ob
619 4739 812 4795 oculos
865 4743 1041 4810 posita
1077 4760 1090 4796 :
1134 4744 1214 4797 sic
1253 4762 1407 4800 mens
1442 4748 1486 4801 si
1532 4748 1695 4803 fuerit
1729 4750 1916 4805 divina
1959 4753 2189 4807 scientia
2230 4753 2552 4816 illuminata,
2616 4750 2780 4805 Deum
2810 4760 2864 4806 ct
2891 4752 3018 4816 alia,
3052 4767 3173 4819 qua:
3202 4762 3433 4805 venatur
3465 4753 3545 4805 in-

305 4824 589 4889 tellectus,
625 4826 879 4895 abripere
900 4830 1042 4898 quit.
1081 4829 1213 4899 Ejus
1248 4834 1325 4886 rei
1368 4836 1543 4904 gratia
1592 4838 1835 4892 dicitur:
1877 4858 1895 4891 ι
1919 4838 2045 4894 Puri
2102 4842 2267 4895 corde
2304 4843 2468 4894 [lcum
2501 4841 2765 4894 videbunt
2794 4841 2859 4893 ⁸⁷.
2895 4860 2911 4890 ι
2950 4839 3021 4894 Ut
3054 4842 3144 4894 lux
3179 4828 3405 4896 externa
3440 4857 3545 4895 non

298 4913 372 4966 ab
403 4912 513 4966 alio
544 4915 880 4979 ostenditur,
916 4918 1010 4970 sed
1043 4920 1391 4987 semetipsam
1443 4934 1799 4991 repraesentat
1828 4934 1881 4979 et
1931 4930 2079 4983 entia
2121 4929 2412 4982 naturalia.
2471 4928 2563 4982 Sic
2621 4928 2821 4982 dicitur
2858 4947 2870 4982 :
2914 4947 2930 4979 I
2960 4927 3099 4983 Deus
3155 4929 3307 4984 visus
3340 4938 3424 4985 est
3453 4945 3549 5000 pa-

302 5001 592 5061 triarrhis,
623 5020 642 5051 ι
678 5016 781 5057 nec
805 5003 1073 5057 scribitur
1107 5022 1120 5057 :
1160 5023 1179 5056 ι
1210 5004 1541 5063 Patriarcltaa
1562 5012 1823 5066 viderunt
1863 5013 2055 5069 Deum.
2097 5034 2115 5066 ι
2156 5015 2212 5067 lu
2239 5014 2537 5085 Evangelio
2568 5016 2644 5068 ait
2688 5014 2755 5069 de
2788 5025 3044 5069 servante
3076 5026 3347 5086 praerepta
3380 5027 3432 5070 et
3463 5017 3550 5070 di-

301 5087 510 5157 ligente
540 5087 822 5143 Christum
851 5107 865 5143 :
898 5108 916 5141 ι
943 5090 1006 5145 Et
1034 5106 1134 5162 ego
1168 5094 1393 5165 diligam
1426 5113 1585 5161 eum,
1609 5108 1663 5153 et
1688 5101 2053 5156 manifestabo
2081 5118 2165 5157 me
2189 5103 2289 5173 ipsi
2315 5103 2382 5159 ⁸⁸.
2416 5121 2432 5154 ι
2470 5102 2526 5156 In
2578 5104 2884 5172 proverbiis
2919 5101 3232 5159 Solomonis
3264 5105 3497 5159 habetur
3534 5119 3548 5155 :

307 5194 329 5229 ι
364 5179 510 5232 Deus
551 5177 936 5234 manifestatur
981 5180 1089 5243 his,
1117 5183 1209 5250 qui
1240 5184 1341 5251 ipsi
1381 5185 1611 5240 credunt
1641 5187 1708 5241 ⁸⁸.
1746 5205 1766 5238 ι

377 5291 505 5361 Ipse
536 5294 833 5360 protentam
869 5303 938 5359 te,
971 5300 1020 5345 et
1051 5294 1105 5346 in
1139 5296 1361 5365 quietem
1397 5296 1685 5363 adducam,
1725 5308 1837 5355 etc.
1886 5299 2029 5373 [LL]
2084 5300 2209 5357 llaec
2249 5302 2412 5356 verba
2473 5301 2806 5373 porrigenda
2840 5309 2970 5358 sunt
3009 5301 3073 5355 ad
3104 5300 3176 5360 id.
3208 5301 3353 5369 quod
3387 5314 3551 5369 supra

303 5379 535 5434 locutus
568 5387 689 5433 erat
718 5378 931 5435 Moses:
962 5378 1084 5434 Non
1118 5381 1443 5450 signiﬁcasti
1509 5385 1638 5437 mihi
1690 5401 1758 5439 an
1810 5388 1887 5442 sis
1941 5397 2143 5458 praesto
2190 5387 2431 5443 futurus.
2488 5389 2844 5457 Tranquillos
2887 5396 3066 5442 autem
3107 5403 3207 5441 nos
3245 5387 3444 5450 reddit,
3500 5396 3555 5442 et

306 5467 497 5537 quiete
525 5466 675 5531 beat,
708 5468 1046 5538 imponendo
1083 5467 1244 5523 linem
1277 5472 1630 5540 profectioni.
1665 5472 1775 5526 Hoc
1831 5475 1910 5539 fit,
1944 5478 2034 5530 ubi
2072 5488 2294 5532 nostros
2337 5479 2551 5533 animos
2585 5478 2826 5547 perfecta
2861 5478 3064 5529 virtute
3101 5483 3155 5529 et
3179 5482 3331 5528 certa
3363 5476 3523 5543 cogui

309 5554 463 5608 tione
491 5555 846 5610 instruxerit.
879 5556 1154 5613 Caeterum
1190 5558 1367 5613 virtus
1394 5567 1449 5613 et
1476 5576 1601 5614 vera
1630 5562 1717 5615 illa
1751 5562 1995 5633 cognitio
2027 5563 2280 5622 Numinis
2311 5566 2571 5619 dicuntur
2604 5566 2746 5629 loca,
2779 5564 2849 5619 ad
2891 5578 3011 5634 qua:
3036 5561 3316 5637 contendit
3360 5561 3413 5615 in
3444 5562 3557 5631 pie-

383 5733 430 5763 ”
455 5731 556 5811 {qh
590 5750 674 5811 xi.
700 5735 789 5811 11.
842 5806 854 5811 _
897 5738 944 5772 ”
984 5740 1108 5794 Act.
1152 5758 1194 5803 ι,
1226 5740 1323 5811 24,
1446 5742 1486 5775 ⁸¹
1523 5741 1664 5797 Luc.
1699 5761 1812 5805 xvt,
1854 5743 1942 5798 l5.

2056 5746 2102 5776 ’“
2144 5744 2185 5797 ll
2219 5746 2363 5800 Tim.
2428 5762 2488 5808 tt,
2546 5744 2631 5799 l9.
2739 5744 2783 5777 ⁸³
2810 5742 2994 5798 Galal.
3052 5757 3124 5803 tv,
3160 5745 3214 5796 9.
3324 5742 3365 5774 ⁸⁸
3401 5742 3417 5795 l
3449 5741 3559 5793 Cor

314 5816 429 5868 xtv,
460 5803 553 5858 58.
629 5804 675 5839 ⁸³
702 5804 895 5865 Ezech.
936 5825 1011 5877 tv,
1037 5811 1095 5864 Η
1133 5827 1288 5882 seqq.
1320 5810 1323 5811 ⁷
1365 5811 1410 5843 ⁸⁸
1437 5811 1600 5866 Hebr.
1640 5832 1689 5867 si
1713 5855 1727 5881 ,
1756 5803 1846 5871 23.

1964 5815 1970 5839 ’
2002 5814 2195 5870 Matth.
2231 5832 2281 5877 ν,
2306 5816 2359 5870 8.
2472 5803 2515 5848 ί⁸
2540 5816 2700 5868 .loan.
2725 5831 2835 5875 le.
2867 5814 2957 5868 2i.
3033 5813 3078 5847 ⁸⁹
3112 5815 3221 5867 ltno
3259 5811 3388 5881 Slp.
3425 5826 3461 5876 1,
3506 5812 3559 5863 Δ1.
