4038 6508
573 352 682 417 675
1921 340 2273 403 PROCOPII
2304 338 2546 399 eum
3716 347 3800 407 ωδ

576 481 688 525 tate
736 476 790 523 et
826 466 1033 521 virtute
1070 462 1390 534 proficiens.
1428 461 1529 518 llic
1572 461 1755 518 omnis
1808 468 2037 516 sanctus
2087 455 2443 527 requiescere
2494 454 2740 526 jubetur,
2776 452 3256 524 'quemadmodum
3301 454 3505 509 docent
3551 464 3800 528 sequentia

577 560 743 615 verba
779 576 791 611 :
828 575 846 608 α
882 556 1019 621 Quis
1082 554 1346 609 ascendet
1385 552 1439 606 in
1486 560 1727 607 montem
1765 549 2030 605 Domini?
2060 554 2114 601 et
2144 546 2270 615 quis
2295 546 2473 601 stabit
2504 546 2557 599 in
2599 545 2725 599 loco
2757 552 2951 599 sancto
2996 543 3121 612 ejus
3142 542 3235 596 "2
3270 562 3288 595 ι
3323 573 3395 584 -
3432 564 3449 596 ‹
3482 545 3615 611 Quis
3637 564 3802 606 ascen.

576 647 692 709 det,
730 663 748 695 ι
786 652 932 707 etc.;
973 642 1087 696 haec
1111 640 1282 695 verba
1310 648 1441 695 sunt
1465 638 1835 710 proficientis.
1874 654 1893 687 ι
1920 635 2059 702 Quis
2093 633 2284 696 stabit,
2313 653 2331 686 ι
2362 640 2509 699 etc.;
2557 632 2674 687 Itrec
2699 633 2862 687 verba
2900 640 3031 686 sttnt
3061 629 3290 701 perfecti
3340 640 3396 686 et
3424 631 3533 700 jam
3572 638 3800 702 proﬁcere

576 731 884 794 cessantis,
935 738 1121 799 utpote
1152 730 1247 799 qui
1305 728 1588 797 fastigium
1624 742 1769 781 verre
1827 724 2110 792 religionis
2166 730 2456 775 assecutus
2494 719 2681 787 fuerit,
2714 728 2771 773 et
2794 719 2951 787 quasi
2985 717 3040 772 in
3077 732 3341 772 cacumen
3373 722 3607 773 evaserit
3638 727 3805 783 montis

576 834 719 873 vera:
752 816 919 887 314
954 816 1197 887 pietatis.
1224 813 1338 868 Hoc
1371 829 1638 868 cacumen
1674 812 1878 867 montis
1920 808 2258 865 credendum
2293 815 2381 862 est
2424 822 2549 862 esse
2599 807 2778 859 locum
2813 806 2904 875 qui
2940 806 3029 859 hic
3061 813 3426 870 memoratur,
3472 806 3585 861 Dei.
3613 810 3665 863 lu
3689 812 3807 869 hunc

580 908 761 959 locum
791 905 884 975 qui
920 903 1231 965 emerserit,
1262 900 1717 956 auditdicentem
1753 901 1857 955 sibi
1892 916 1906 952 :
1940 916 1957 949 ι
1990 898 2070 952 Tu
2106 896 2196 950 hic
2230 907 2315 952 sta
2348 911 2586 949 meeum.
2629 913 2648 945 ι
2687 896 2761 973 De
2790 895 2895 960 his,
2950 895 3045 964 qui
3105 895 3459 950 incredibilia
3510 898 3807 957 int‘rcmeuta

583 1000 950 1060 sumpserunt
989 1006 1058 1045 ex
1097 989 1381 1058 Evangelii
1415 988 1671 1043 doctrina
1700 995 1754 1040 et
1801 985 2197 1056 perfectionem
2250 984 2395 1039 nacti
2441 990 2595 1047 sunt,
2647 983 2890 1054 loquitur
2937 982 3230 1038 Salvator:
3283 1002 3301 1034 ι
3330 984 3473 1038 Sunt
3502 987 3708 1053 quidam
3735 992 3809 1060 qui

581 1078 674 1133 hic
703 1086 1001 1140 steterunt,
1032 1077 1127 1147 qui
1166 1092 1275 1130 non
1310 1077 1611 1145 gustabunt
1645 1083 1878 1128 mortem
1909 1074 1983 1125 ⁸⁸.
2024 1091 2042 1122 ι

658 1164 841 1220 Sinon
874 1166 982 1233 ipse
1010 1164 1285 1217 nobiscum
1320 1164 1443 1227 ibis,
1468 1180 1529 1217 ne
1553 1180 1631 1218 me
1656 1163 1872 1216 duxeris
1895 1160 2072 1215 exltoc
2103 1162 2240 1223 loco,
2274 1165 2383 1212 etc.
2405 1157 2670 1230 [XXXIIL
2702 1156 2810 1229 15.]
2837 1158 2971 1211 Cum
3003 1158 3260 1227 perfectis
3284 1166 3371 1213 est
3408 1156 3579 1211 Deus:
3600 1160 3814 1230 imperfe-

586 1261 708 1306 ctos
730 1260 786 1305 et
809 1250 874 1303 ad
894 1249 1287 1320 perfectionem
1319 1248 1643 1304 festinantes
1671 1250 2008 1302 comitantur
2045 1246 2244 1310 angeli.
2274 1245 2427 1311 Quod
2451 1246 2670 1315 quidem
2692 1260 2816 1298 cum
2857 1245 3000 1299 haud
3030 1247 3221 1299 lateret
3251 1245 3671 1313 Mosen,flagitat
3704 1266 3815 1317 pm.

587 1340 817 1394 sentiam
852 1338 966 1393 Dei.
1000 1337 1136 1390 Nam
1193 1339 1552 1408 parvulorum
1602 1346 1709 1400 est,
1758 1344 1821 1390 ut
1848 1336 1917 1390 ab
1955 1335 2165 1403 angelis
2201 1342 2559 1403 protegantur
2608 1341 2661 1386 et
2718 1332 3099 1387 defensentur.
3135 1333 3373 1386 Proinde
3420 1334 3499 1384 ait
3556 1332 3813 1393 Salvator:

592 1444 611 1476 ι
650 1423 729 1479 Ne
760 1423 1099 1478 offenderitis
1130 1441 1295 1477 ttnntn
1328 1440 1393 1479 ex
1429 1426 1643 1494 pusillis
1675 1425 1821 1488 istis,
1856 1424 1949 1491 qui
1985 1422 2217 1475 credunt
2293 1437 2324 1474 n
2359 1437 2484 1486 tne;
2524 1436 2649 1473 nam
2686 1421 2865 1489 angeli
2922 1421 3147 1475 illorum
3200 1435 3423 1490 semper
3449 1420 3628 1473 vident
3658 1422 3816 1478 faciem

587 1512 770 1567 Patris
803 1513 931 1577 tnei,
970 1513 1175 1582 quiest
1207 1514 1260 1566 in
1300 1514 1457 1568 caelis
1506 1514 1573 1565 θ’.
1616 1531 1635 1563 ι
1669 1514 1750 1565 Ab
1800 1513 1901 1565 hoc
1950 1526 2056 1565 non
2101 1509 2365 1562 abhorret
2396 1509 2528 1563 illud
2561 1507 2770 1561 dictum
2813 1524 2825 1559 :
2859 1526 2877 1557 ς
2920 1508 3161 1577 Angelus
3210 1505 3435 1561 Domini
3471 1517 3650 1561 castra
3678 1512 3819 1565 munit

588 1600 645 1653 in
680 1600 915 1654 circuitu
950 1600 1256 1652 timentium
1314 1600 1518 1668 ipsum,
1568 1607 1621 1653 et
1669 1599 1924 1653 liberabit
1975 1611 2074 1651 eos
2113 1596 2189 1649 ’³.
2235 1614 2253 1647 ι
2289 1595 2578 1651 Jeremiam
2633 1596 2713 1648 sic
2750 1594 3058 1663 alloquitur
3120 1593 3267 1649 Deus
3304 1612 3317 1647 :
3360 1613 3378 1644 ι
3426 1595 3505 1647 Ad
3542 1610 3738 1659 omnes,
3767 1599 3820 1652 ad

591 1702 953 1758 quoscunque
996 1687 1200 1740 misero
1230 1697 1302 1748 te,
1346 1687 1451 1741 iIIIS
1490 1705 1501 1739 :
1532 1693 1586 1740 et
1611 1701 1954 1755 quaecunque
1996 1696 2308 1753 praecepero
2335 1679 2457 1742 tibi,
2492 1677 2758 1746 loqueris.
2807 1675 2925 1729 Non
2958 1678 3180 1732 timebis
3210 1693 3240 1730 a
3268 1686 3577 1746 conspectu
3613 1680 3815 1733 illorum.

591 1775 723 1845 quia
761 1783 937 1828 tecum
973 1788 1093 1826 sum
1133 1781 1193 1825 ttt
1244 1781 1297 1826 te
1328 1774 1584 1841 eripiam,
1633 1773 1769 1827 dicit
1833 1772 2099 1825 Dominus
2151 1772 2219 1827 ".
2271 1788 2289 1821 ι
2326 1767 2512 1823 Jesum
2566 1767 2737 1819 lilium
2775 1764 2924 1819 Nave
2966 1769 3018 1819 in
3062 1768 3208 1819 hune
3240 1767 3466 1819 modum
3525 1766 3819 1820 continuati

599 1882 620 1915 ι
651 1861 783 1916 Esto
809 1860 969 1913 fortis
1000 1868 1055 1914 et
1087 1860 1320 1914 viriliter
1351 1876 1469 1931 age.
1508 1860 1998 1926 Quemadmodum
2032 1860 2109 1913 fui
2152 1875 2277 1915 cum
2315 1856 2485 1921 Mose,
2514 1856 2588 1909 ita
2640 1868 2735 1909 ero
2778 1864 2832 1908 et
2866 1862 3046 1908 tecum
3092 1855 3157 1909 ’⁵.
3201 1874 3220 1906 ι
3278 1854 3539 1907 Salvator
3567 1856 3823 1924 alloquitur

594 1951 899 2020 discipulos
934 1951 1015 2003 sic
1050 1967 1062 2003 :
1102 1966 1120 1999 ι
1155 1948 1297 2003 Ecce
1330 1965 1430 2018 ego
1468 1966 1591 2003 sum
1623 1951 1905 2004 vobiscum
1960 1950 2218 2003 omnibus
2251 1944 2447 1999 diebus
2476 1957 2653 2012 usque
2689 1941 2756 1995 ad
2808 1941 3344 1996 consummationem
3384 1943 3569 1994 s:eculi
3608 1943 3670 1995 ".
3704 1960 3719 1992 ›
3767 1941 3824 1993 Te

595 2040 783 2110 igitur,
810 2038 987 2107 inquit
1030 2035 1230 2097 Moses,
1260 2046 1538 2107 praeeunte
1564 2080 1577 2104 ,
1615 2038 1912 2107 pluritnum
1946 2037 2324 2092 laudabimur.
2359 2031 2493 2085 Nam
2542 2031 2586 2085 si
2637 2030 2691 2084 in
2739 2030 2953 2085 honore
2984 2038 3068 2086 est
3101 2029 3171 2093 is,
3208 2031 3302 2099 qui
3338 2030 3537 2083 intima
3567 2038 3618 2084 et
3649 2046 3824 2085 summa

596 2122 971 2177 familiaritate
1014 2119 1255 2174 cohaeret
1304 2120 1417 2189 regi
1465 2129 1685 2175 terreno
1707 2163 1721 2187 ,
1780 2136 1951 2190 quare
1986 2137 2088 2177 nos
2120 2138 2231 2177 non
2262 2122 2527 2176 immensa
2564 2120 2739 2190 gloria
2774 2120 3188 2183 exornabimur,
3219 2120 3267 2173 si
3303 2126 3359 2173 te
3390 2116 3562 2173 Deum
3598 2119 3817 2175 habueri-

594 2224 719 2264 mus
746 2208 1054 2262 antistitem
1081 2208 1104 2260 ?

668 2294 736 2349 Et
761 2294 897 2347 Itum:
916 2309 1231 2358 sermonem,
1253 2308 1403 2362 quem
1424 2291 1613 2345 dixisti
1635 2333 1649 2357 ,
1681 2292 1776 2346 tibi
1812 2293 2032 2361 faciant.
2065 2304 2172 2348 etc.
2204 2292 2443 2367 [XXXIII
2474 2335 2488 2357 ,
2511 2291 2643 2365 17.]
2685 2291 3158 2359 Quemadmodum
3203 2309 3408 2364 ntagna
3442 2292 3760 2363 benignitate
3785 2305 3825 2348 et

596 2381 830 2437 comiter
853 2380 1059 2435 audivit
1081 2379 1324 2449 reliquus
1355 2393 1640 2433 sermones
1667 2379 1753 2449 pie
1778 2394 1964 2433 coram
1994 2379 2101 2434 Deo
2131 2380 2382 2436 habitos:
2404 2381 2594 2433 borum
2623 2396 2943 2435 sermonum
2962 2380 3031 2435 de
3064 2397 3299 2435 numero
3314 2386 3441 2436 erat
3474 2381 3701 2449 ille,quo
3722 2397 3828 2434 usus

600 2475 686 2521 est
708 2466 1059 2537 deprecando
1086 2466 1270 2536 populi
1301 2465 1538 2535 culpam,
1564 2481 1727 2535 quam
1755 2468 2463 2523 eommiserantformantes
2494 2478 2549 2523 et
2582 2468 2851 2539 Iingentes
2882 2469 3137 2534 vitulum,
3160 2485 3321 2539 quem
3351 2469 3558 2523 divinis
3576 2484 3829 2538 proseque-

600 2564 795 2609 rentur
823 2554 1152 2609 bonoribus.
1192 2554 1347 2620 Quod
1404 2568 1537 2607 vero
1561 2569 1658 2623 pro
1688 2554 1889 2623 popqu
1930 2554 2332 2621 intercesserit,
2372 2557 2508 2611 satis
2551 2556 2666 2625 ipse
2699 2564 2936 2610 testatttr
2962 2556 3113 2611 hisce
3144 2557 3329 2610 verbis
3367 2572 3382 2608 :
3434 2575 3453 2607 ‹
3488 2555 3646 2610 Oravi
3678 2571 3828 2611 coram

602 2642 835 2697 Domino
867 2643 1234 2713 quadraginta
1264 2642 1457 2694 diebus
1483 2642 1823 2712 totidemque
1855 2644 2112 2698 noctibus
2150 2655 2378 2714 prepter
2423 2644 2610 2697 omnia
2644 2652 2871 2713 peccata
2922 2654 3131 2707 vestra,
3178 2658 3301 2714 quae
3352 2644 3707 2698 commisistis
3729 2644 3823 2699 θ’.»

604 2730 818 2801 Saepius
852 2731 905 2784 in
931 2738 1087 2785 vasta
1115 2729 1431 2794 solitudine,
1457 2731 1681 2799 quando
1702 2730 2133 2785 contemnebant
2164 2731 2564 2799 promissiones
2592 2732 2810 2785 divinas
2839 2730 2925 2785 vel
2955 2728 3295 2791 difﬁdebant,
3318 2746 3433 2784 non
3465 2738 3741 2784 cunctatus
3765 2744 3830 2786 est

602 2817 850 2886 seipsum
884 2815 1087 2870 offerre
1116 2823 1459 2885 precatorem
1510 2831 1608 2884 pro
1648 2815 1985 2871 intractabili
2036 2820 2258 2888 populo.
2290 2818 2465 2871 Etiam
2502 2820 2555 2871 in
2592 2818 2832 2890 ABgypto
2881 2834 2982 2888 pro
3018 2818 3221 2888 popqu
3250 2832 3448 2887 preces
3476 2815 3544 2869 ad
3581 2816 3827 2871 Dominum

604 2902 744 2958 fudit
773 2943 789 2967 ,
822 2918 889 2957 ne
920 2905 1346 2957 involverentur
1367 2900 1713 2973 [Egyptiacis
1755 2903 1952 2973 plagis.

678 2989 935 3045 Transibo
976 2992 1161 3060 anteye
1186 2991 1361 3060 gloria
1391 3006 1527 3055 mea,
1554 2999 1604 3043 et
1634 2991 1827 3044 vocabo
1878 2992 1932 3044 in
1969 2990 2176 3044 nomine
2202 2989 2437 3052 Domini,
2462 3001 2509 3044 et
2548 2992 2837 3043 miserebor
2863 3007 3009 3060 quem
3044 2992 3443 3053 commisereor,
3479 2999 3583 3045 etc.
3611 2987 3832 3062 [XXXIIL

606 3076 721 3151 19.]
746 3079 921 3133 Moses
950 3093 1143 3147 magna
1175 3079 1463 3132 alacritate
1497 3077 1742 3147 repletus
1773 3085 1878 3141 est,
1914 3078 2146 3132 audiens
2175 3077 2340 3132 Deum
2370 3078 2641 3133 dicentem
2681 3096 2725 3129 ε(
2755 3079 2817 3131 Et
2850 3080 3014 3145 hunc,
3048 3096 3210 3149 quem
3236 3079 3452 3145 dixisti,
3484 3086 3631 3131 tuum
3659 3093 3834 3133 sermo-

607 3181 732 3220 nem
759 3164 975 3218 faciam.
1014 3185 1032 3215 ι
1072 3163 1309 3219 Proinde
1337 3180 1482 3218 nunc
1504 3172 1627 3219 avet
1667 3164 1759 3219 Dei
1801 3180 2139 3235 cognoscere
2170 3174 2227 3220 et
2253 3168 2565 3235 perdiscere
2596 3165 2971 3235 gloriam.Sed
2998 3182 3118 3237 quae
3151 3174 3235 3221 est
3274 3166 3365 3219 illa
3403 3166 3574 3236 gloria
3601 3162 3835 3233 insignis?

610 3253 871 3307 nimirum
898 3254 1214 3323 unigenitus
1250 3253 1341 3307 Dei
1374 3251 1570 3316 Filius,
1599 3252 1667 3306 de
1698 3268 1808 3322 qttu
1837 3253 2248 3323 pronuntiatum
2273 3263 2356 3309 est
2392 3273 2405 3309 :
2440 3272 2459 3307 ι
2499 3254 2564 3307 Ει
2589 3256 2867 3309 videbitur
2893 3256 3065 3325 gloria
3100 3254 3312 3308 Domini
3343 3255 3415 3311 ’⁸.
3465 3272 3483 3305 ι
3515 3252 3608 3309 Vel
3638 3254 3837 3323 intellige

609 3342 836 3412 gloriam
870 3340 965 3395 Dei
999 3342 1299 3409 angelicam
1334 3341 1609 3403 militiam,
1648 3355 1757 3409 qua
1793 3343 2028 3411 stipatus
2066 3342 2287 3396 incedit
2322 3342 2489 3398 Deus.
2516 3342 2565 3398 Is
2589 3351 2711 3398 erat
2743 3344 2915 3397 frater
2946 3342 3179 3413 Philippi
3230 3344 3323 3414 qui
3364 3340 3837 3397 iIliuscemodiver-

611 3430 696 3485 bis
723 3429 1115 3497 interpellabat
1142 3427 1422 3482 Christum
1449 3445 1463 3481 :
1501 3446 1517 3477 ι
1553 3424 1797 3483 Ostende
1828 3429 1991 3483 nobis
2018 3438 2252 3498 patrem,
2286 3437 2341 3483 et
2374 3429 2574 3484 suIIicit
2602 3431 2765 3485 nobis
2787 3432 2855 3483 θ’.
2890 3449 2909 3481 ι
2950 3429 3126 3484 Moses
3151 3430 3373 3499 quidem
3400 3430 3615 3484 viderat
3646 3426 3836 3482 buncin

612 3517 753 3572 rubo
792 3527 845 3571 et
875 3516 1011 3570 Sina
1048 3526 1254 3579 monte,
1282 3516 1378 3570 sed
1412 3530 1520 3569 non
1552 3523 1765 3581 exacte,
1809 3531 1993 3571 verum
2022 3519 2126 3571 sub
2154 3518 2445 3573 involucra
2478 3518 2739 3588 quodam.
2787 3518 2945 3572 Nunc
2994 3519 3169 3587 ipsutn
3218 3527 3435 3571 natura:
3466 3518 3647 3570 vivum
3674 3514 3836 3570 obara-

613 3612 763 3658 ctcra
794 3604 1043 3671 aspicere
1071 3610 1315 3671 exeptat,
1353 3602 1598 3655 humana
1632 3601 1886 3672 quaedam
1927 3604 1995 3658 de
2031 3603 2137 3658 Deo
2172 3619 2535 3673 praesumens,
2568 3616 2622 3659 et
2650 3606 2947 3674 exquirens
2981 3620 3065 3670 ea,
3110 3619 3233 3674 qua:
3272 3604 3394 3673 ejus
3439 3603 3740 3657 intellectus
3762 3613 3836 3653 ca-

614 3703 747 3759 pere
780 3704 891 3743 non
924 3698 1131 3759 posset.
1164 3688 1302 3743 Huic
1328 3688 1580 3758 petitioni
1618 3688 1914 3753 respondet
1966 3689 2111 3746 Deus
2149 3706 2163 3741 :
2205 3709 2225 3743 ‹
2262 3692 2374 3761 Ego
2407 3701 2534 3746 ante
2577 3703 2628 3745 te
2655 3694 2831 3763 gloria
2875 3708 2994 3747 mea
3048 3693 3317 3747 transibo.
3372 3708 3391 3741 ι
3437 3689 3523 3744 Tu
3559 3691 3697 3743 enim
3740 3697 3836 3758 post

615 3793 795 3833 meam
836 3777 1086 3846 gloriam,
1111 3791 1231 3846 qua:
1265 3779 1333 3829 ab
1356 3785 1567 3831 aeterno
1592 3787 1696 3841 est,
1726 3776 1946 3831 demum
1979 3786 2201 3832 creatus
2229 3793 2312 3834 es.
2335 3781 2476 3835 Sunt
2498 3783 2699 3836 etenim
2729 3791 2856 3837 ante
2885 3781 3109 3844 szrcula,
3132 3790 3185 3835 et
3210 3795 3329 3835 mea
3356 3780 3537 3850 gloria
3568 3786 3688 3831 ante
3706 3789 3837 3829 omne

616 3866 761 3934 quod
786 3874 1030 3920 creatum
1064 3874 1169 3928 est,
1203 3863 1399 3929 Filius,
1443 3864 1693 3933 inquam,
1732 3880 1887 3919 meus
1920 3866 2263 3935 unigenitus.
2295 3868 2433 3922 Cum
2489 3870 2658 3941 igitur
2695 3885 3035 3940 przecessero
3067 3870 3275 3923 habens
3308 3882 3487 3922 meam
3523 3866 3756 3936 gloriam,
3789 3871 3835 3914 tu

616 3953 869 4023 sequeris
908 3951 1068 4007 sicuti
1102 3950 1259 4006 decet
1298 3950 1562 4005 famulum
1596 3952 1757 4021 sequi
1791 3951 2102 4007 dominum.
2138 3952 2233 4007 Vel
2263 3955 2343 4010 sic
2378 3957 2744 4028 interpretare
2774 3965 3103 4027 praesentem
3144 3957 3321 4011 locum
3347 3971 3360 4005 :
3389 3952 3475 4006 Tu
3508 3968 3568 4007 es
3597 3958 3834 4008 creatura.

616 4038 849 4108 proinde
884 4038 1132 4093 censeris
1171 4036 1399 4093 inferior
1421 4037 1563 4092 Filio
1600 4054 1721 4093 meo
1742 4038 2070 4107 {unigenito.
2110 4040 2254 4111 Ergo
2288 4060 2390 4114 ego
2426 4047 2647 4101 anteibo
2683 4055 2737 4101 et
2769 4045 2978 4099 vocabo
3026 4046 3077 4096 in
3122 4044 3342 4096 nomine
3376 4040 3598 4096 Domini
3635 4039 3836 4093 invitans

618 4127 685 4182 ad
726 4137 917 4189 mete,
944 4135 1110 4195 atque
1144 4126 1282 4179 adeo
1320 4142 1533 4189 omnes,
1572 4127 1665 4195 qui
1691 4126 1841 4193 digni
1876 4137 2025 4188 sunt,
2063 4136 2121 4180 ut
2154 4132 2530 4199 subjiciantur
2569 4133 2830 4204 potestati
2878 4141 2930 4186 et
2974 4129 3224 4185 dominio
3265 4128 3505 4182 Domini.

691 4236 835 4302 Quia
889 4235 1170 4290 miserebor
1224 4251 1578 4305 quemcunque
1631 4236 2020 4290 commisereor.
2070 4234 2203 4291 Nam
2236 4229 2278 4282 Α

2239 4229 2278 4282 Α
2379 4242 2572 4294 Καίτοι
2613 4240 2889 4311 πανταχοῦ
2930 4239 2990 4292 τὸ
3024 4238 3172 4301 ἔλεός
3208 4254 3321 4289 σου.
3364 4254 3383 4288 r
3425 4236 3648 4305 Πλήρης
3688 4230 3834 4301 γὰρὴ

618 4329 823 4398 ubique
853 4327 949 4382 Dei
974 4328 1214 4381 sentitur
1249 4327 1651 4382 misericordia.
1680 4347 1697 4379 ‹
1724 4327 1890 4382 Plena
1928 4328 2200 4399 siquidem

2302 4334 2373 4403 γῆ
2402 4333 2495 4386 τοῦ
2538 4333 2725 4397 ἐλέους
2776 4350 2868 4385 σου
2891 4349 2903 4362 ·
2938 4350 2957 4382 ι
2994 4331 3089 4383 καὶ
3118 4330 3203 4383 ἀεὶ
3247 4330 3305 4382 δὲ
3352 4328 3515 4381 τοῦτο
3536 4343 3548 4357 °
3604 4345 3621 4376 t
3651 4325 3736 4385 Εἰς
3766 4321 3835 4373 τὸν

617 4428 703 4475 est
754 4428 903 4473 terra
958 4416 1343 4471 misericordia
1398 4427 1491 4470 tua
1530 4419 1573 4472 ¹.
1626 4436 1643 4469 ι
1698 4419 1937 4487 Hacque
1985 4432 2203 4487 semper

2302 4426 2475 4480 αίῶνα
2488 4426 2594 4496 γὰρ
2624 4426 2682 4477 τὸ
2704 4424 2851 4487 ἔλεος
2872 4422 3059 4476 αὐτοῦ.
3074 4441 3092 4473 t
3121 4419 3411 4488 Πολλαχῶς
3432 4418 3611 4470 τοίνυν
3630 4413 3715 4467 τοῦ
3730 4409 3836 4464 Θεοῦ

619 4511 883 4566 sentitur.
913 4507 1046 4562 Nam
1097 4509 1367 4563 canitur:
1414 4527 1433 4559 ε
1466 4509 1521 4561 1η
1566 4515 1835 4561 aeternum
1880 4508 2202 4564 misericor-

2302 4520 2330 4571 ὁ
2357 4517 2526 4580 ἔλεος.
2562 4518 2620 4569 'U
2652 4516 2773 4586 μὲν,
2814 4515 2907 4567 ἐπὶ
2950 4512 3238 4583 μετανοίας
3285 4510 3393 4562 τῶν
3441 4506 3836 4578 ἡμαρτημένων,

620 4602 712 4655 dia
744 4601 866 4669 ejus
890 4602 934 4655 '.
973 4620 991 4652 ι
1028 4598 1135 4665 Qui
1178 4601 1238 4652 Iit
1270 4599 1459 4669 igitur,
1498 4600 1645 4669 quod
1688 4615 1838 4655 nunc
1896 4602 2202 4669 particula-

2302 4608 2444 4662 ὥστε
2500 4608 2617 4678 μετ’
2653 4605 3097 4676 ὲξομολογήσεως
3131 4604 3328 4666 εἰπεῖν,
3361 4618 3379 4651 ‹
3434 4599 3681 4669 Ἐλέησόν
3714 4610 3790 4664 με,
3819 4594 3840 4644 ὁ

622 4693 702 4747 ris
735 4692 1024 4762 cujusdam
1073 4692 1479 4747 misericordia:
1510 4694 1845 4747 mentionem
1882 4691 2019 4747 facis
2042 4694 2065 4746 ἲ
2086 4690 2202 4748 Ca3-

2301 4700 2435 4764 Θεδς
2477 4698 2699 4752 κατὰτὸ
2730 4698 2873 4767 μέγα
2902 4696 3049 4757 ἔλεός
3089 4711 3207 4757 σου,
3258 4692 3531 4746 καὶκατὰ
3570 4691 3630 4743 τὸ
3671 4685 3838 4755 πλῆθος

622 4792 800 4835 terum
840 4784 1226 4837 misericordia
1282 4782 1377 4838 Dei
1416 4784 1607 4838 multis
1648 4783 1819 4838 variis
1847 4783 2048 4838 dicitur
2082 4798 2202 4839 mo-

2301 4793 2409 4848 τῶν
2445 4790 2744 4862 οἰκτιρμῶν
2800 4805 2895 4841 σου
2948 4784 3230 4855 ὲξάλειψον
3274 4784 3335 4837 τὸ
3380 4780 3641 4853 ἁνόμημά.
3687 4794 3834 4847 μου.»

623 4886 730 4941 dis.
761 4886 922 4956 315
954 4886 1087 4940 Nam
1135 4888 1535 4943 misericordiae
1580 4889 1886 4945 remedium
1917 4889 2201 4957 implorat,

2304 4879 2458 4935 Καθὸ
2497 4877 2837 4949 κα“ιαΠαῦλός
2872 4892 3026 4945 φησι,
3081 4892 3099 4925 r
3136 4873 3234 4926 Διὰ
3284 4872 3443 4925 τοῦτο
3496 4869 3741 4940 ἠλεήθην,
3776 4866 3838 4917 ὅτι

623 4980 719 5050 qui
751 4979 1129 5046 resipiscendo
1170 4993 1237 5032 ex
1290 4980 1532 5048 peccatis
1581 4994 1709 5033 cum
1748 4976 2097 5035 confessione
2144 4977 2200 5031 in

2299 4970 2510 5039 ἀγνοῶν
2533 4970 2789 5038 ἐποίησα.
2826 4985 2845 5018 ι
2890 4967 2948 5018 '0
2977 4965 3055 5030 δὲ,
3099 4965 3211 5026 τοῖς
3254 4962 3495 5015 ἐλεοῦσιν
3521 4957 3837 5027 ἐπιγιγνόμε-

624 5069 742 5123 haec
780 5068 946 5122 verba
994 5069 1305 5138 prorumpit
1337 5087 1349 5121 :
1392 5087 1411 5119 ι
1450 5068 1712 5123 Miserere
1744 5069 1874 5130 mei,
1913 5068 2078 5135 Deus,
2110 5084 2202 5123 se-

2300 5080 2389 5126 νος
2412 5079 2426 5093 ·
2456 5080 2475 5113 ι
2511 5059 2790 5131 Μακάριοι
2822 5058 2950 5130 γὰρ,
2980 5058 3170 5127 φησὶν,
3194 5058 3241 5108 oi
3265 5056 3575 5125 ἐλεήμονες,
3603 5054 3678 5105 ὅτι
3703 5048 3827 5103 αὐτοὶ

624 5161 870 5214 cundum
901 5174 1155 5228 magnam
1189 5157 1625 5212 misericordiam
1672 5166 1849 5221 tuam,
1898 5165 1952 5211 et
2000 5172 2203 5212 secun-

2299 5152 2707 5222 ἐλεηθήσονται.
2747 5168 2763 5201 t
2809 5149 2868 5201 '0
2896 5148 2953 5201 δὲ
2987 5148 3102 5210 τοῖς
3140 5145 3550 5215 αἰσθανομένοις
3581 5145 3673 5213 τῆς
3716 5139 3827 5198 ίδίις

624 5252 756 5307 dum
831 5250 1250 5306 multitudinum
1317 5248 1725 5303 miserationem
1798 5255 2015 5301 tuarum
2079 5248 2201 5302 dele

2301 5243 2589 5305 ἀσθενείας
2638 5241 2779 5311 πρὸς
2832 5238 2929 5309 τὴν
2979 5237 3087 5289 τῶν
3134 5236 3365 5288 δεόντων
3394 5234 3738 5303 κατόρθωσιν,
3765 5231 3840 5280 καὶ

626 5345 975 5414 iniquitatem
1025 5356 1198 5395 meam
1236 5338 1280 5392 ⁸.
1337 5356 1354 5389 ι
1406 5338 1506 5391 Est
1552 5337 1936 5391 misericordia
2001 5352 2205 5391 secun-

2310 5337 2447 5406 πρὸς
2477 5334 2607 5387 Θεὸν
2635 5332 2733 5403 τὴν
2772 5329 3099 5399 πεποίθησιν
3148 5327 3414 5389 τείνουσι,
3451 5327 3541 5379 τὸν
3586 5323 3839 5391 δυνάμενον

626 5409 757 5492 dum
787 5451 950 5506 quam
986 5434 1164 5505 inquit
1200 5430 1449 5486 Paulus:
1482 5446 1501 5478 α
1531 5426 1968 5484 Misericordiam
2005 5444 2203 5484 conse-

2311 5425 2417 5479 τῶν
2449 5420 2904 5488 σπουδαζομένων
2934 5418 2997 5472 τὸ
3027 5415 3180 5479 τέλος
3221 5417 3521 5484 ἐπαγαγεῖν
3539 5429 3553 5443 ·
3613 5432 3630 5463 t
3660 5412 3727 5463 Οὐ
3755 5409 3838 5475 γὰρ

697 5616 743 5647 ⁸⁸
776 5613 921 5667 Psal.
958 5629 1109 5675 unt,
1139 5612 1194 5667 5.
1267 5616 1308 5646 ⁹¹
1343 5612 1537 5668 Matth.
1586 5627 1699 5675 th,
1734 5610 1827 5672 ΩΒ,
1930 5608 1974 5639 ’³
2009 5605 2204 5661 Matth.
2254 5621 2408 5667 xvnt,
2462 5602 2581 5675 I0._
2618 5672 2632 5675 _
2658 5602 2705 5634 ”
2738 5598 3227 5675 Exod.“xtv,__l?.
3340 5594 3595 5675 "Jerept.
3650 5582 3834 5675 1ι

628 5689 674 5719 ’⁸
704 5654 938 5747 ιοέιῖἕῖ,
960 5654 1109 5738 Ἴ
1140 5654 1231 5718 ﬂ“
1738 5654 1834 5732 ἷῦί
1941 5654 2204 5732 "abeat.
2236 5654 2439 5740 tiu-53.
2466 5654 2479 5657 ἡ
2504 5654 2586 5707 ’π
2616 5654 2867 5736 Isaiam,
2930 5670 2985 5725 5.
3028 5654 3031 5655 ν
3065 5654 3128 5702 ’⁹⁹
3162 5668 3319 5724 Joan.
3382 5680 3487 5727 xtv,
3526 5661 3578 5714 8.
3676 5659 3690 5690 ¹
3718 5654 3832 5710 l’sal-

633 5772 800 5820 sunt,
834 5754 887 5808 5.
966 5756 985 5785 ³
1020 5751 1163 5809 Psal.
1192 5770 1393 5823 ωιτν,
1421 5755 1471 5809 1.
1550 5751 1570 5783 ³
1600 5749 1744 5805 Psal.
1778 5764 1827 5811 ι,
1862 5748 1911 5802 I.
