4038 6542
187 343 284 409 677

1277 338 1818 399 COMMENTARII
1858 338 1939 398 IN
1973 338 2314 401 EXODUM.
2414 392 2417 393 ν

3359 346 3466 411 678

187 459 276 515 τοῦ
311 460 583 525 θέλοντος,
607 452 845 511 οὐδὲτοῦ
866 453 1174 525 τρέχοντος,
1201 450 1335 505 ἀλλά
1355 450 1450 504 τοῦ
1484 450 1762 513 ἐλεοῦντος

1883 460 2033 507 :utus
2062 467 2206 507 sum.
2241 451 2381 518 Quia
2419 452 2687 522 ignorans
2714 453 2823 512 feci
2852 456 2895 509 ‘.
2931 474 2947 507 ι
3000 454 3095 510 Est
3136 454 3464 512 misericor-

188 551 339 607 Θεοῦ.
378 569 398 604 ι
470 546 529 605 Ὀ
577 549 686 620 γὰρ
720 545 966 609 τοιοῦτός
1024 560 1211 615 φησιν,
1252 561 1270 593 ι
1324 540 1580 610 Ἐλέησόν
1610 559 1715 613 με,
1742 543 1771 593 ὁ

188 644 339 709 Θεὲς,
375 644 457 697 δτι
488 642 581 696 ἐπὶ
605 641 685 694 σοὶ
718 636 978 691 πέποιθεν
1013 636 1047 706 η
1076 634 1225 705 ψυχή
1261 651 1385 704 μου.
1422 651 1440 685 ι
1474 632 1585 685 Καὶ
1623 632 1773 704 παρά

189 737 259 806 τῷ
289 737 560 806 Προφήτῃ
599 730 762 803 φησὶν
795 730 880 783 ἕτε
893 745 1004 799 ρος,
1029 746 1047 779 ι
1095 726 1347 796 Ἐλέησον
1372 727 1541 797 ἡμᾶς,
1563 724 1770 795 Κύριε,

186 830 265 881 ὅτι
302 829 399 880 ἐπὶ
431 825 517 878 σοὶ
548 822 913 890 πεποίθαμεν.
949 842 968 872 ι
1016 820 1076 873 Ὀ
1105 819 1185 883 δὲ,
1234 820 1330 872 ἐπὶ
1377 820 1493 880 τοῖς
1542 816 1774 870 ποθοῦσι

186 920 340 983 Θεὸν,
401 919 499 970 καὶ
542 916 643 978 τὰς
688 912 913 976 ἐντολὰς
949 913 1030 975 εἰς
1074 911 1237 981 ἔργον
1263 909 1593 980 ὲκφέρουσι’
1630 909 1776 961 ποιεῖ

188 1012 292 1079 γὰρ
324 1009 477 1069 ἔλεος
508 1009 586 1069 εἰς
610 1004 857 1074 χιλιάδας
888 1005 1000 1065 τοῖς
1034 1001 1093 1066 ἐξ
1123 1002 1253 1072 ὅλης
1288 1002 1515 1073 καρδίας
1543 1001 1773 1069 ἀγαπῶ-

190 1119 267 1153 σιν
293 1100 486 1163 αὐτὸν,
513 1098 610 1151 καὶ
654 1097 722 1150 τὰ
770 1095 1175 1164 προστάγματα
1227 1090 1391 1144 αὐτοῦ
1422 1091 1671 1144 ποιοῦσιν
1698 1106 1712 1121 ⁸
1746 1092 1774 1142 ὁ

186 1195 257 1251 δὲ,
280 1196 399 1256 τοῖς
419 1190 623 1259 γνῶσιν
660 1188 876 1259 ἔχουσιν
907 1185 1076 1257 ὀρθὴν
1114 1184 1251 1254 πρὸς
1297 1184 1483 1247 αὐτὸν,
1518 1185 1660 1236 κατά
1691 1180 1772 1243 τὸ,

193 1307 210 1337 ι
244 1284 589 1356 Παράτεινον
622 1280 684 1334 τὸ
723 1279 871 1341 ἔλεός
914 1294 1007 1330 σου
1046 1278 1159 1338 τοῖς
1198 1273 1530 1344 γινώσκουσί
1565 1291 1650 1335 σε,
1681 1274 1777 1326 καὶ

185 1376 281 1448 τὴν
301 1372 657 1442 δικαιοσύνην
683 1388 777 1422 σου
804 1371 916 1431 τοῖς
938 1367 1120 1419 εύθέσι
1147 1368 1214 1435 τῇ
1235 1362 1451 1435 καρδίᾳ.
1480 1382 1496 1413 ι
1530 1363 1777 1433 Ἐκάστῳ

184 1469 238 1521 δὲ
267 1467 383 1519 τῶν
421 1466 721 1518 ποιούντων
762 1459 970 1523 ταῦτα,
1010 1458 1211 1528 φησὶν,
1266 1476 1282 1509 ι
1338 1456 1533 1525 Ἐλαίῳ
1578 1456 1778 1525 αἰωνίῳ

186 1560 395 1629 ὲλεήσω
423 1575 507 1610 σε.
543 1575 561 1607 ι
592 1554 656 1608 Οἳ
691 1555 785 1607 καὶ
819 1552 1107 1620 εὐχόμενοι
1141 1549 1296 1616 φασὶ,
1335 1567 1353 1599 ι
1383 1548 1532 1617 Ταχὺ
1568 1564 1779 1617 προκα-

184 1650 577 1704 ταλαδέτωσαν
597 1646 743 1717 ἡμᾶς
766 1645 814 1696 οἱ
845 1640 1121 1709 οἰκτιρμοί
1144 1638 1469 1709 σου,Κύριε,
1498 1639 1780 1691 ὃτιὲπτω-

186 1742 468 1815 χεύσαμεν
501 1740 757 1809 σφόδρα.»
801 1735 961 1798 Καὶ,ι
996 1733 1069 1785 Σὺ
1101 1732 1180 1797 δὲ,
1213 1732 1413 1803 Κύριε,
1449 1733 1524 1801 μὴ
1562 1731 1778 1801 μακρύ-

1876 543 1967 598 dia
1988 558 2112 614 quze
2145 542 2598 601 misericordibus
2631 545 2945 603 innascitur
2968 555 3024 603 et
3054 548 3465 619 obtingit.Nam

1877 634 2118 703 legitur:
2170 653 2189 686 ι
2216 635 2369 690 Beati
2413 638 2809 695 misericordes
2847 679 2863 705 ,
2909 641 3039 711 quia
3087 641 3193 711 ipsi
3240 643 3434 697 miseri

1875 725 2122 779 cordiam
2183 725 2472 781 invenient
2500 727 2545 780 ⁸.
2596 746 2616 780 ι
2680 728 2776 784 Est
2829 731 3220 787 misericordia
3300 746 3466 801 quam

1876 815 2265 885 adipiscuntur
2314 819 2407 887 qni
2444 819 2695 873 sentiunt
2741 828 2797 875 et
2853 830 3200 891 cognoscunt
3258 837 3317 877 se
3343 837 3468 877 esse

1878 908 2279 964 imbecilliores
2310 924 2478 979 quam
2507 919 2567 964 ut
2604 912 2825 981 possint
2862 912 3093 981 exsequi
3127 914 3464 967 voluntatem

1877 999 2146 1061 divinam.
2198 1012 2253 1055 et
2285 1002 2496 1057 idcirco
2529 1002 2862 1071 confugiunt
2909 1003 2975 1058 ad
3022 1005 3291 1058 auxilium
3323 1004 3469 1059 divi-

1878 1106 2033 1156 num,
2088 1092 2226 1146 certi
2278 1092 2448 1146 Deum
2514 1109 2677 1163 posse
2734 1094 2943 1149 bonum
2991 1097 3343 1164 prOpositum
3396 1096 3465 1148 ad

1877 1183 2126 1237 debitum
2164 1184 2326 1239 finem
2360 1184 2689 1254 producere.
2743 1204 2760 1236 ι
2789 1182 2907 1238 Non
2938 1186 3084 1239 enim
3113 1193 3199 1240 est
3230 1186 3465 1240 volentis

1878 1290 1981 1329 nec
2008 1277 2314 1339 currentis,
2348 1276 2446 1330 sed
2480 1276 2800 1331 miserentis
2827 1275 2919 1331 Dei
2952 1278 2994 1332 ⁸.
3038 1294 3055 1326 ι
3092 1274 3197 1342 Qui
3233 1277 3285 1329 in
3321 1275 3468 1330 hunc

1879 1368 2422 1422 tuodum'animatus
2445 1366 2634 1431 fuerit,
2671 1367 2802 1421 forti
2835 1375 3061 1438 pectore
3097 1368 3466 1438 pronuntiat:

1888 1476 1903 1509 ι
1942 1458 2206 1513 Miserere
2242 1458 2578 1523 mei,Deus.
2610 1460 2739 1529 quia
2786 1460 2840 1514 in
2899 1468 2953 1513 te
2984 1476 3179 1513 clunes
3219 1459 3468 1513 fortunas

1879 1560 1933 1604 et
1968 1566 2095 1620 spes
2128 1552 2266 1604 sitas
2312 1552 2478 1606 habet
2506 1551 2691 1606 anima
2724 1567 2845 1606 mea
2873 1553 2914 1605 ".
2957 1572 2975 1603 ι
3020 1552 3181 1622 Apud
3229 1552 3469 1621 prophe-

1883 1650 1990 1693 tam
2024 1640 2409 1696 vociferantur
2431 1643 2654 1711 quidam
2691 1641 3015 1696 :«Miserere
3045 1643 3244 1708 nostri,
3280 1640 3466 1697 Deus:

1882 1732 2009 1799 quia
2044 1731 2097 1783 in
2136 1738 2189 1784 te
2231 1730 2567 1787 confidimus
2588 1732 2631 1786 ⁸.
2674 1753 2693 1785 ι
2766 1731 2865 1786 Est
2912 1731 3299 1787 misericordia
3349 1746 3472 1800 qua:

185 1808 284 1906 νῃς
311 1808 443 1896 τοὺς
467 1808 790 1901 οἰκτιρμούς
825 1846 917 1881 σου
947 1827 1042 1879 ἀπ’
1089 1824 1246 1896 ἐμοῦ.
1280 1843 1297 1875 ι
1348 1824 1538 1887 Ἐκτὸς
1562 1825 1619 1876 δὲ
1653 1824 1774 1877 τού-

1883 1822 2097 1875 videtur
2128 1837 2296 1891 penes
2349 1823 2495 1888 illos,
2541 1823 2636 1893 qni
2690 1824 2921 1879 summis
2952 1826 3099 1879 votis
3152 1822 3470 1878 desiderati.

185 1943 296 1978 των
324 1925 606 1982 ἁπάντων,
641 1922 738 1974 καὶ
783 1920 876 1972 ἐπὶ
912 1919 1022 1980 τοῖς
1071 1915 1314 1980 ἀναξίοις
1361 1914 1646 1978 ὲπιστάζει
1684 1914 1775 1967 τὸν

187 2016 339 2070 ἔλεον
371 2014 463 2068 διὰ
501 2013 704 2084 πολλὴν
756 2007 1191 2080 φιλανθρωπίαν,
1251 2026 1267 2058 ι
1322 2005 1655 2058 Ἀνατέλλων
1683 2005 1776 2057 τὸν

186 2111 341 2179 ἣλιον
361 2110 457 2161 ἐπὶ
484 2109 725 2169 δικαίους
750 2106 844 2158 καί
874 2101 1257 2173 ἁμαρτωλούς.
1292 2116 1310 2149 ι
1359 2097 1561 2151 Τούτου
1590 2097 1647 2150 δὲ
1679 2096 1775 2149 τοῦ

188 2202 374 2264 ἐλέους
414 2200 630 2270 πλήρης
664 2199 698 2267 ἠ
744 2196 838 2266 γῆ.
889 2193 997 2246 Τοῦ
1047 2192 1102 2246 δὲ
1134 2193 1199 2245 ὲκ
1244 2190 1340 2244 τοῦ
1382 2190 1469 2259 ἐφ’
1521 2191 1655 2260 ἡμῖν
1691 2188 1772 2254 τὸ,

194 2311 213 2342 ι
268 2289 531 2360 Ἐλεήσω,
554 2288 613 2341 ὃν
638 2287 704 2341 ἂν
736 2284 892 2339 ἐλεῶ.
938 2303 957 2335 ι

191 2386 501 2456 Scriptura:
558 2383 840 2439 oraculum
880 2398 894 2434 :

1889 1908 2084 1972 Deum,
2111 1911 2347 1979 ejusque
2375 1920 2647 1981 praecepta
2673 1912 2741 1967 ad
2778 1928 2893 1967 rem
2934 1911 3247 1967 conferunt.
3280 1912 3469 1981 Siqui-

1878 1998 2000 2053 dem
2037 2001 2179 2057 Deus
2208 2000 2338 2057 facit
2363 2003 2802 2077 misericordiam
2839 2006 2892 2059 in
2936 2005 3107 2059 millia
3135 2005 3246 2069 his,
3271 2005 3364 2074 qui
3394 2020 3461 2059 ex

1878 2103 1993 2148 toto
2046 2096 2217 2150 corde
2262 2096 2506 2167 diligunt
2557 2098 2761 2168 ipsum,
2815 2106 2869 2152 et
2914 2110 3190 2170 prmeepta
3244 2099 3365 2166 ejus
3410 2100 3466 2152 in

1879 2186 2135 2240 effectum
2178 2188 2556 2257 perducunt’.
2620 2190 2716 2246 Est
2774 2191 3163 2247 misericordia
3236 2205 3342 2261 qua
3383 2190 3467 2242 vi-

1878 2286 2032 2347 gent,
2064 2278 2158 2347 qui
2195 2289 2343 2334 recte
2383 2281 2563 2350 ipsum
2590 2294 2955 2351 cognoscunt,
2990 2282 3298 2337 secundum
3334 2280 3465 2335 illud

949 2398 968 2431 ι
1020 2377 1266 2431 Extende
1328 2373 1772 2430 misericordiam
1834 2381 1985 2428 tuam
2042 2375 2127 2430 his
2172 2378 2268 2447 qui
2303 2387 2355 2431 te
2405 2387 2779 2448 cognoscunt,
2840 2389 2894 2432 et
2959 2378 3237 2448 justitiam
3319 2387 3468 2431 tuam

188 2481 361 2536 rectis
391 2479 560 2535 corde
587 2480 651 2532 ¹⁰.
690 2496 708 2529 ι
754 2476 1003 2545 Singulis
1032 2483 1241 2537 autem,
1279 2471 1372 2542 qui
1405 2472 1498 2526 illa
1532 2472 1766 2536 faciunt,
1811 2470 1885 2524 ait

1935 2478 2013 2523 εἰ
2060 2469 2445 2528 Misericordia
2470 2483 2679 2528 aeterna
2705 2474 3147 2529 commiserabor
3174 2481 3227 2528 te
3256 2473 3320 2527 ¹¹.
3352 2493 3369 2525 ι
3405 2471 3469 2527 Hi

184 2575 242 2626 in
272 2574 394 2628 suis
421 2572 679 2642 precibus
714 2569 977 2639 inquiunt
1012 2585 1025 2620 :
1079 2584 1096 2617 ι
1126 2563 1251 2620 Cito
1294 2564 1635 2634 prazveniant
1671 2578 1771 2617 nos
1811 2562 2330 2619 commiserationes
2367 2572 2497 2630 tuae,
2569 2566 2802 2620 Domine
2834 2608 2849 2631 ,
2892 2566 3023 2635 quia
3082 2565 3151 2618 ad
3227 2565 3469 2635 inopiam

182 2670 405 2725 redacti
448 2682 642 2721 sumus
691 2664 850 2719 valde
896 2664 961 2716 η.
1006 2682 1026 2714 ι
1060 2692 1131 2702 —-
1178 2678 1196 2711 ι
1227 2660 1293 2714 Et
1324 2667 1405 2719 tu,
1430 2658 1683 2721 Domine,
1722 2675 1793 2713 ne
1828 2659 2183 2728 elongaveris
2216 2674 2245 2712 a
2290 2676 2375 2714 me
2408 2663 2932 2717 commiserationes
3004 2672 3127 2715 tuas
3154 2662 3220 2714 ¹³.
3256 2680 3274 2713 ι
3347 2660 3466 2716 Non

181 2763 374 2816 solum
413 2759 465 2812 in
495 2759 653 2819 istos,
684 2772 825 2826 quos
860 2754 1023 2809 modo
1102 2753 1512 2816 recensuimus,
1562 2751 1816 2805 extendit
1892 2765 2049 2805 suam
2088 2752 2529 2807 misericordiam
2569 2752 2713 2808 Deus
2749 2796 2763 2820 ,
2805 2754 2898 2808 sed
2935 2755 3100 2808 etiam
3140 2753 3350 2824 indigni
3385 2753 3471 2806 di-

184 2853 383 2906 vinam
427 2850 792 2921 experiuntur
844 2846 1312 2913 misericordiam,
1365 2856 1425 2900 nt.
1454 2862 1520 2900 ex
1554 2846 1651 2898 illo
1687 2843 2033 2913 patet,qnod
2068 2863 2086 2894 ι
2127 2845 2302 2898 solem
2348 2861 2509 2899 suum
2546 2847 2749 2901 exoriri
2795 2846 2930 2901 sinit
2966 2862 3134 2916 super
3170 2847 3356 2916 justos
3416 2850 3472 2897 et

181 2950 516 3015 peccatores
550 2942 617 2995 “.
660 2961 678 2994 ι
728 2940 854 2995 l|:cc
905 2940 1293 2995 misericordia
1336 2939 1389 2993 in
1450 2939 1773 2991 universum
1815 2952 2013 3003 Sparsa
2064 2946 2151 2990 est
2224 2938 2412 2990 orbem
2445 2939 2511 2990 ’⁵.
2563 2938 2643 2991 Ad
2692 2939 3160 3004 misericordiam,
3218 2957 3340 3010 quae
3404 2939 3470 2992 ad

180 3053 295 3093 nos
360 3036 643 3106 pertinet,
705 3034 1035 3088 trahendmn
1096 3042 1181 3088 est
1213 3033 1347 3087 illud
1401 3030 1749 3100 proloquium
1794 3027 2095 3098 Scripturae
2137 3046 2150 3081 :
2197 3049 2213 3079 ι
2244 3028 2550 3085 Misercbor
2570 3031 2957 3102 cujuscunque
2991 3036 3277 3087 misereor.
3311 3052 3329 3084 ι

262 3127 395 3183 Non
433 3128 632 3198 poteris
662 3126 833 3181 ridere
870 3126 1063 3195 {aciem
1108 3143 1301 3180 meam.
1350 3123 1474 3178 Non
1507 3124 1646 3177 enim
1702 3120 1891 3175 videbit
1928 3122 2083 3175 homo
2133 3122 2327 3191 faciem
2361 3140 2531 3177 meam
2583 3135 2630 3178 et
2658 3127 2821 3190 vivet,
2872 3134 2979 3181 etc.
3033 3126 3172 3199 [20.]
3204 3127 3471 3194 Quamvis

178 3217 436 3289 plurima
469 3231 592 3287 qua:
642 3214 903 3285 petivisti,
942 3228 972 3267 a
1008 3229 1092 3268 me
1128 3213 1392 3283 accipias,
1422 3226 1530 3274 me,
1589 3210 1842 3279 inquam,
1872 3209 2306 3263 commiserante
2354 3226 2518 3280 quem
2570 3213 3007 3268 commisercbor
3038 3228 3052 3265 :
3081 3223 3324 3269 attamen
3361 3233 3470 3272 non

180 3319 543 3374 consequere
574 3303 699 3364 hoc,
729 3302 875 3372 quod
922 3300 1247 3371 poposcisti,
1291 3309 1347 3354 ut
1390 3314 1564 3352 meam
1604 3296 1795 3351 videas
1837 3294 2053 3350 faciem.
2084 3295 2220 3350 Nam
2277 3298 2544 3353 morietur
2597 3301 2913 3369 quieuttque
2968 3302 3332 3369 impossibilia
3376 3320 3472 3360 co-

181 3410 467 3467 gnoscere
503 3393 818 3465 aggreditur
852 3411 865 3443 :
896 3392 1043 3461 quod
1078 3406 1201 3444 cum
1258 3390 1423 3444 homo
1479 3389 1573 3452 sit,
1611 3385 1919 3441 instituerit
1966 3386 2156 3439 rimari
2191 3396 2243 3441 et
2294 3392 2632 3457 perscrutari
2685 3405 2810 3458 qua:
2846 3390 3195 3445 reluctantur
3224 3392 3470 3448 humano

180 3482 529 3539 intellectui.
573 3499 591 3532 ι
621 3479 790 3533 Nemo
820 3480 964 3533 enim
998 3478 1284 3531 hominum
1338 3477 1502 3530 Deum
1535 3475 1705 3539 vidit,
1736 3489 1836 3527 nec
1872 3474 2053 3527 videre
2104 3484 2282 3543 potest
2310 3475 2376 3528 ³⁸.
2412 3494 2431 3528 ι
2466 3477 2639 3532 Isaias
2680 3480 2974 3546 conspexit
3005 3478 3200 3533 facient
3233 3480 3355 3550 ejus
3378 3498 3472 3537 ve.

181 3581 388 3627 ratam.
428 3570 682 3638 Abyssus
709 3575 767 3620 ut
792 3566 1187 3620 vestimentum
1225 3579 1334 3633 quo
1358 3564 1632 3616 amicitur.
1671 3559 1825 3626 Quod
1872 3576 2000 3614 vero
2028 3560 2272 3616 humano
2306 3565 2376 3617 ab
2405 3562 2690 3618 intellectu
2734 3567 2853 3634 capi
2888 3574 3146 3635 nequeat,
3173 3568 3353 3638 caligo
3383 3584 3472 3624 ar-

182 3668 465 3728 gumento
494 3667 597 3710 est.
626 3654 685 3708 Si
719 3654 865 3707 enim
900 3652 980 3715 hi,
1013 3650 1110 3719 qui
1146 3650 1200 3703 in
1236 3650 1436 3704 cmlum
1473 3648 1773 3702 ascendere
1806 3648 2152 3714 nitebantur,
2193 3665 2253 3705 re
2282 3649 2505 3705 infecta
2543 3667 2571 3704 a
2616 3653 3162 3721 cmptocogebantur
3199 3655 3472 3713 desistere

180 3762 366 3819 opere
402 3786 419 3810 ,
446 3752 662 3814 quanto
704 3744 877 3811 magTs
928 3740 1135 3794 frustra
1164 3738 1457 3801 laborabit,
1490 3737 1580 3806 qui
1618 3736 1791 3790 Deum
1825 3750 2052 3791 cernere
2083 3739 2387 3791 temerario
2418 3754 2555 3792 ausu
2607 3740 2941 3793 conabitur?
2981 3740 3253 3795 Caeterum
3297 3742 3468 3798 Deum

181 3836 558 3903 conspicatur
598 3847 709 3885 non
763 3830 948 3892 homo,
1008 3827 1104 3881 sed
1165 3826 1259 3896 qui
1298 3825 1464 3879 vitam
1497 3824 1775 3878 carnalem
1823 3824 2060 3887 excedit,
2088 3831 2142 3878 et
2190 3828 2515 3896 angelorum
2563 3827 2729 3880 vitam
2787 3828 2921 3881 vivit
2968 3830 3276 3884 secundum
3308 3831 3469 3887 fidem

184 3922 583 3994 parvulorum,
607 3932 850 3988 quorum
880 3915 1055 3986 angeli
1092 3929 1307 3983 semper
1333 3922 1667 3966 continentur
1697 3911 1889 3965 facient
1920 3911 2124 3977 Patris,
2156 3917 2248 3983 qui
2274 3924 2355 3967 est
2382 3916 2433 3967 in
2467 3916 2624 3969 cmlis
2653 3916 2715 3968 ‘7.
2753 3913 2890 3969 Nam
2926 3929 3093 3971 exuta
3122 3921 3339 3975 mortali
3368 3921 3470 3976 hac

182 4013 335 4073 vita,
365 4008 458 4078 qui
494 4010 615 4076 puri
646 4004 856 4058 fuerint
885 4003 1076 4067 corde,
1108 4000 1459 4071 conSpicient
1492 3999 1683 4055 Deum.
1723 3996 1788 4051 Et
1817 3999 1868 4051 in
1904 3999 2007 4053 hoc
2040 4002 2243 4055 saeculo
2294 4000 2574 4066 fortassis,
2606 4004 2697 4071 qui
2732 4020 2841 4058 non
2891 4008 3194 4061 secundum
3244 4022 3470 4064 carnem

180 4099 485 4150 διιιΙιυΙξιιιι
535 4092 839 4148 secundum
886 4089 1301 4160 proportionem
1352 4103 1460 4158 qua
1492 4103 1559 4142 ex
1602 4094 1755 4157 parte
1791 4097 2154 4157 cognoscunt,
2185 4098 2243 4142 ut
2277 4089 2467 4143 dicant
2506 4109 2518 4144 :
2572 4109 2590 4142 ι
2618 4089 3003 4161 Significatum
3041 4104 3129 4151 est
3165 4111 3333 4167 super
3369 4113 3469 4154 nos

181 4186 389 4239 lumen
421 4183 606 4237 vultus
637 4181 742 4243 tui,
780 4178 1014 4234 Domine
1038 4177 1107 4231 '°.
1145 4194 1163 4227 ι
1194 4206 1266 4216 -
1301 4196 1319 4228 ι
1350 4174 1593 4230 Ostende
1622 4174 1815 4229 faciem
1854 4187 2025 4239 tuam,
2064 4186 2117 4231 et
2146 4178 2499 4232 scrvabimur
2523 4180 2589 4232 ¹⁹.
2632 4199 2650 4232 ι

256 4270 572 4342 Πρόσωπον
600 4268 657 4321 δὲ
687 4266 823 4320 Θεοῦ
857 4264 951 4319 τοῦ
988 4264 1306 4332 ἀσωμάτου,
1352 4262 1383 4333 ἢ
1416 4264 1443 4314 ὁ
1492 4261 1774 4332 χαρακτὴρ

1955 4263 2149 4319 Facies
2175 4264 2267 4317 Dei
2304 4266 2621 4335 incorporei
2649 4276 2754 4333 est,
2782 4278 2875 4322 aut
2898 4268 3188 4326 character
3213 4274 3474 4327 substan-

175 4364 289 4430 τῆς
334 4361 688 4422 ὑποστάσεως
731 4357 919 4421 αὑτοῦ,
959 4356 1018 4419 ὃς
1067 4355 1163 4409 καί
1204 4371 1372 4423 φησιν
1397 4393 1412 4418 ,
1450 4371 1470 4404 ι
1522 4353 1579 4406 '0
1604 4353 1779 4423 ἑωρα-

177 4456 307 4521 κὼς
340 4453 461 4524 ἐμὲ,
485 4452 696 4523 ἑώρακε
727 4450 818 4503 τὸν
849 4450 1085 4520 Πατέρα.
1125 4467 1143 4499 ι
1183 4448 1253 4499 Ἢ
1287 4445 1417 4514 γοῦν
1444 4448 1475 4516 ἡ
1510 4462 1781 4515 προηγου-

179 4550 342 4619 μένη
394 4544 524 4617 περὶ
550 4544 713 4596 αὐτὸν
762 4541 1050 4609 θεολογια,
1105 4540 1203 4611 τῆς
1252 4540 1380 4610 περὶ
1417 4537 1780 4609 δημιουργίας

176 4637 369 4695 αὐτοῦ
408 4639 501 4690 καὶ
525 4635 782 4708 προνοίας
810 4632 1380 4703 ἀντιδιαστελλομένη.
1411 4631 1575 4702 Διττὴ
1605 4635 1715 4700 γὰρ
1746 4633 1778 4703 ή

173 4732 471 4800 θεολογία.
506 4725 605 4784 ’Ὧν
633 4732 666 4800 η
698 4729 889 4800 πρώτη
912 4769 926 4794 ,
971 4728 1099 4797 περὶ
1130 4727 1229 4796 τῆς
1272 4724 1558 4795 ὑπάρξεως
1612 4722 1779 4777 αὐτοῦ

171 4823 542 4891 διαλέγεται’
595 4823 731 4892 ὅπερ
795 4821 1018 4889 λέγεται
1078 4819 1369 4891 πρόσωπον
1443 4815 1777 4886 ἀθεώρητον·

171 4916 363 4973 Κατὰ
391 4917 503 4984 γὰρ
539 4913 637 4986 τὴν
684 4911 965 4985 δευτέραν,
996 4910 1217 4964 δυνατὸν
1258 4907 1421 4963 αὑτοῦ
1456 4907 1780 4999 θεωρεῖσθαι

169 5009 240 5062 τὸ
274 5007 605 5076 πρόσωπον.
653 5004 745 5057 Διὸ
795 5005 891 5057 καὶ
938 5002 1178 5071 Μωῡσῆς
1212 5000 1507 5069 ἐπεύχεται
1536 4995 1614 5068 τῷ
1644 4995 1776 5067 λαῷ·

178 5120 202 5154 ι
243 5096 583 5167 Ἐπάραιτὸ
614 5095 905 5167 πρόσωπον
933 5092 1099 5146 αὑτοῦ
1128 5092 1221 5144 ἐπὶ
1251 5092 1331 5153 σὲ,
1362 5090 1456 5143 καὶ
1489 5089 1779 5158 εὐλογῆσαι

171 5207 283 5246 σε·
324 5208 349 5241 ι
384 5189 649 5257 ἐπιφᾶναι
698 5186 760 5240 τὸ
811 5187 1104 5257 πρόσωπον
1147 5182 1335 5249 αὑτοῦ,
1393 5183 1487 5235 καὶ
1536 5179 1647 5250 δῴη
1695 5195 1779 5231 σοι

171 5285 446 5355 εἰρήνην.
486 5300 504 5331 ι
541 5279 744 5332 Τούτου
769 5277 863 5331 τοῦ
897 5275 1193 5344 προσώπου
1229 5277 1453 5343 γέγονεν
1484 5273 1590 5337 ἔξω
1614 5274 1775 5335 Κάῖν,

174 5374 404 5449 μηκέτι
446 5372 801 5444 δημιουργὸν,
836 5369 972 5441 μηδὲ
1012 5368 1316 5441 προνοητὴν
1337 5367 1720 5437 λογισάμενος.

256 5568 284 5599 ⁸
322 5568 341 5619 1
383 5565 527 5620 Tim.
559 5583 598 5632 ι,
644 5565 732 5621 16.
805 5564 1028 5621 “Matth.
1055 5583 1112 5629 v,
1142 5565 1197 5621 7.
1273 5564 1293 5595 '
1329 5563 1487 5618 Rom.
1520 5579 1595 5628 ιχ,
1635 5561 1717 5616 16.

278 5638 434 5690 Psal.
470 5654 648 5691 xxxv.
693 5636 777 5690 10.
896 5638 935 5668 ⁸⁸
974 5640 1077 5691 Isa.
1113 5651 1222 5691 LIV.
1274 5635 1327 5690 8.
1432 5634 1474 5664 “
1518 5634 1661 5687 l’sal.
1723 5650 1774 5688 Lt

1883 5564 1983 5621 ’sal
2013 5582 2122 5630 LVI,
2160 5567 2210 5621 1.

1883 5651 1930 5691 ιιι
1957 5675 1973 5691 .
2028 5637 2082 5691 8.

178 5711 227 5741 ⁸⁵
268 5709 431 5761 Psal.
486 5724 661 5770 sunt,
690 5708 744 5761 5.
820 5706 864 5738 ¹⁶
891 5705 1071 5761 ITim.
1107 5723 1183 5769 vr,
1212 5707 1298 5758 16.
1378 5706 1422 5735 "
1444 5705 1639 5758 Matth.
1672 5718 1827 5769 xvtit,
1857 5703 1945 5761 10.

179 5640 233 5671 ¹⁶
278 5638 434 5690 Psal.
470 5654 648 5699 xxxv,
693 5636 777 5690 10.
896 5638 935 5668 ⁸⁸
974 5640 1077 5692 Isa.
1113 5651 1222 5701 Ltv,
1274 5635 1327 5690 8.

173 5795 220 5843 ι,
257 5780 325 5831 5.
421 5778 463 5809 ²¹
492 5776 631 5831 Joan
662 5793 767 5841 xw,
795 5778 848 5832 9.
926 5778 970 5809 ²¹
1002 5776 1164 5832 Num.
1202 5793 1273 5840 γι,
1305 5776 1394 5837 25,
1423 5775 1511 5828 ‘26.

1887 4358 1979 4410 tiae
2011 4357 2131 4427 ejus
2170 4357 2237 4423 '°,
2276 4361 2367 4427 qui
2420 4360 2597 4430 inquit
2631 4380 2643 4415 :
2677 4380 2693 4413 ι
2728 4362 2829 4427 Qui
2862 4364 3009 4418 videt
3059 4381 3167 4430 me,
3224 4366 3373 4423 videt
3417 4379 3471 4424 et

1886 4445 2103 4502 Patrem
2128 4449 2170 4480 ²¹
2200 4466 2215 4515 ;
2256 4471 2274 4500 ι
2308 4460 2402 4503 aut
2432 4450 2553 4519 ejus
2585 4452 2886 4522 theologia,
2921 4469 3041 4523 quae
3066 4456 3259 4510 edocet
3293 4457 3469 4526 ipsius

1888 4539 2172 4609 Opificium
2208 4541 2317 4596 hoc
2353 4542 2590 4613 insigne,
2628 4552 2682 4598 et
2708 4554 2934 4598 enarrat
2968 4546 3140 4614 ipsius
3173 4548 3465 4616 providen-

1888 4633 2042 4686 tiam.
2082 4631 2291 4703 Duplex
2323 4635 2468 4688 enim
2506 4643 2591 4689 est
2638 4636 2935 4706 theologia.
2973 4636 3156 4691 Prima
3194 4640 3467 4711 theologia

1883 4736 2141 4779 versatur
2171 4726 2316 4780 circa
2355 4728 2657 4781 essentiam
2695 4727 2809 4782 Dei.
2840 4727 2965 4782 llaec
2990 4731 3231 4783 essentia
3266 4731 3468 4787 dicitur

1881 4812 2057 4869 facies
2081 4816 2375 4871 invisibilis
2410 4818 2732 4888 neminique
2763 4820 3079 4873 mortalium
3114 4822 3251 4877 visa.
3284 4824 3467 4879 Altera

1885 4913 2068 4959 autem
2102 4906 2377 4977 theologia
2409 4895 2570 4962 docet
2610 4923 2712 4963 nos
2745 4910 3043 4965 secundam
3071 4910 3163 4967 Dei
3194 4928 3357 4983 posse
3384 4915 3467 4969 vi-

1884 4995 2013 5051 dere
2059 4997 2280 5054 faciem.
2317 4999 2666 5071 QuaprOpter
2701 5010 2853 5073 optat
2890 5005 3096 5075 popqu
3128 5005 3328 5073 Moses,
3384 5008 3469 5063 in-

1887 5090 2133 5160 quiens:
2171 5109 2189 5145 ι
2222 5093 2365 5148 Leva
2415 5093 2614 5148 faciem
2680 5104 2852 5163 tuam,
2912 5106 2966 5153 et
3019 5099 3088 5154 da
3139 5102 3346 5170 populo
3375 5116 3464 5172 pa-

1888 5199 2005 5238 cem
2030 5186 2099 5240 ²¹.
2139 5205 2157 5238 ι
2181 5184 2335 5242 Hanc
2370 5186 2464 5242 Dei
2499 5187 2693 5244 faciem
2734 5192 2987 5260 nescivit,
3033 5193 3143 5249 imo
3175 5194 3466 5262 abnegavit

1885 5277 2046 5343 Cain,
2066 5294 2190 5333 cum
2210 5278 2380 5335 Deum
2407 5291 2690 5351 reputaret
2713 5284 2856 5337 haud
2878 5286 3116 5355 amplius
3135 5295 3464 5350 creatorem,

1885 5387 1989 5427 nec
2025 5374 2264 5442 amplius
2302 5375 2706 5443 providentiam
2735 5377 2791 5430 in
2826 5392 2925 5430 sua
2956 5377 3234 5448 porrigere
3274 5391 3461 5432 onera.

2860 5569 2881 5599 ⁹
2913 5567 3115 5623 Jerem.
3158 5581 3308 5619 χχιιι
3331 5606 3346 5631 ,
3377 5565 3464 5621 18.

2966 5640 3009 5669 ¹⁴
3045 5637 3232 5691 Matth.
3272 5655 3320 5696 ι,
3373 5636 3466 5691 45.

2966 5725 2986 5761 ιι
3011 5748 3024 5761 .
3062 5707 3113 5761 8.
3222 5707 3266 5737 ²⁰
3299 5706 3463 5761 Hebr.

3345 5722 3463 5763 BDI'.

2290 5566 2311 5598 ⁸
2337 5565 2441 5623 lsa.
2478 5583 2686 5633 χχχιιι,
2712 5567 2765 5623 2.

2232 5638 2274 5668 ¹³
2323 5636 2467 5691 Psal.
2507 5655 2672 5692 nam
2710 5678 2723 5699 ,
2762 5638 2848 5692 12.

2063 5706 2105 5738 ¹⁸
2132 5706 2278 5762 Psal.
2315 5724 2364 5761 tv
2393 5748 2407 5773 ,
2455 5710 2505 5763 7.
2588 5710 2627 5741 ⁸⁸
2650 5706 2986 5764 Psal.t.xx1x
3011 5748 3024 5773 ,
3062 5707 3113 5763 8.
