4038 6508
630 334 738 399 679

1916 330 2269 392 PROCOPII
2309 330 2550 391 GAZ/El

3769 347 3854 411 630

704 438 842 496 Ecce
871 455 1023 506 renes
1059 455 1138 492 me
1187 438 1357 504 locus,
1386 455 1538 508 quem
1570 440 1787 494 ostendo
1817 439 1911 493 tibi
1932 448 1982 494 et
2010 441 2177 495 stabis
2214 456 2373 509 super
2388 452 2559 510 petra,
2583 451 2689 498 etc.
2706 442 3099 517 [XXXIILSL]
3123 446 3259 502 Deus
3279 448 3447 520 316
3465 454 3853 515 consolationem

635 529 877 584 adhibet.
903 527 1036 581 Mosi
1071 525 1369 580 indicando
1398 525 1486 580 sui
1518 526 1811 593 visionem,
1841 539 2117 597 quatenus
2151 528 2356 583 homini
2392 531 2612 584 mortali
2647 532 2730 587 fas
2756 534 2827 587 sit
2854 532 3039 587 divina
3077 536 3287 591 visione
3310 537 3443 591 frui.

705 635 882 689 LOt'tlS
918 635 1033 695 ille,
1064 634 1159 703 qui
1182 652 1187 657 ·
1210 649 1378 703 penes
1418 635 1587 687 Deum
1618 644 1704 689 est
1748 644 1799 689 et
1831 645 1982 705 petra
2016 635 2221 689 dicitur
2249 624 2296 676 Α

636 736 722 782 est
744 740 909 780 verus
940 727 1110 779 animi
1142 742 1240 780 seu
1276 726 1479 780 mentis
1504 724 1573 780 de
1598 727 1872 797 theologia
1900 736 2220 795 conceptus.

635 817 751 872 Hoc
774 818 1047 884 siquidem
1082 819 1305 872 nomine
1337 818 1592 872 Salvator
1634 818 1777 874 Petri
1814 820 2221 873 confessionem

636 911 896 981 dignatus
946 919 1050 964 est.
1111 910 1250 963 iluic
1291 911 1626 980 astipulalur
1670 920 1724 965 et
1778 912 1891 964 haec
1925 911 2225 980 Scriptura!

638 993 911 1057 sententia
940 1021 953 1056 :
986 1020 1005 1052 ι
1036 1001 1090 1055 1η
1127 1013 1280 1071 petra
1317 1002 1579 1055 exaltavit
1608 1018 1694 1055 me
1715 1004 1783 1053 ”.
1815 1023 1831 1054 ›
1860 1003 1973 1056 lluc
2006 1011 2225 1070 aptetur

635 1104 692 1149 et
719 1094 851 1147 illud
885 1112 898 1147 :
934 1111 953 1145 ι
981 1093 1279 1148 Collocasti
1313 1110 1480 1163 super
1510 1103 1716 1164 petram
1753 1094 1915 1162 pedes
1944 1111 2098 1149 meos
2121 1096 2218 1160 “,t

636 1186 901 1240 nimirum
938 1200 1107 1255 super
1139 1186 1417 1240 sincerum
1447 1196 1501 1240 et
1549 1186 1929 1255 incorruptum
1967 1186 2058 1241 Dei
2110 1204 2225 1242 ser-

640 1291 883 1339 monem,
934 1277 1025 1344 qui
1079 1283 1166 1329 est
1215 1276 1526 1344 Spiritualis
1580 1287 1753 1345 petra.
1814 1276 1993 1331 Locus
2042 1285 2223 1330 autem

639 1382 751 1421 non
807 1366 1199 1435 intelligendus
1247 1376 1334 1420 est
1376 1367 1677 1420 secundum
1736 1368 2225 1437 praedicamentmn

639 1458 1000 1528 quantitatis.
1056 1456 1203 1511 Deus
1255 1458 1464 1511 etenim
1526 1474 1634 1511 non
1677 1467 1762 1511 est
1803 1474 2028 1528 corpus.

711 1570 967 1624 Plurima:
1000 1572 1145 1626 enim
1213 1570 1314 1624 loci
1354 1583 1479 1625 sunt
1506 1573 1943 1641 signiﬁcationes
1967 1581 2019 1626 et
2046 1582 2188 1626 notzn
2208 1615 2223 1638 ,
2315 1572 2323 1581 ’

641 1664 1105 1734 quemadmodum
1156 1663 1321 1715 etiam
1374 1665 1525 1716 hoc:
1577 1682 1593 1713 ι
1632 1663 1689 1715 Et
1743 1663 1949 1717 factum
1988 1678 2114 1730 est,
2168 1676 2225 1720 ut

641 1764 788 1810 esset
833 1756 888 1808 in
935 1753 1173 1822 quodam
1233 1754 1353 1805 loco
1398 1769 1566 1807 orans
1590 1756 1655 1807 ’⁸.
1694 1773 1711 1805 ι
1762 1753 1827 1806 Et
1882 1756 2027 1808 hoc:
2069 1755 2225 1810 «Non

643 1845 952 1899 movebitur
984 1844 1144 1896 homo
1168 1858 1232 1897 ex
1261 1844 1377 1896 loco
1407 1859 1508 1895 suo
1532 1844 1582 1896 in
1608 1844 1697 1897 die
1726 1845 1951 1898 Sabhati
1973 1848 2040 1901 ".
2074 1865 2091 1898 ι
2121 1850 2226 1900 Aut

643 1934 800 1990 locus
819 1933 1146 2002 intelligitur
1171 1934 1354 1986 anima
1374 1949 1534 2002 pura.
1557 1949 1679 2003 quae
1699 1934 1835 1989 facta
1860 1945 1943 1989 est
1966 1940 2224 2007 templum

641 2024 762 2090 Dei,
796 2022 1263 2093 quemadmodum
1302 2039 1526 2078 monere
1558 2025 1779 2078 videtur
1813 2026 1941 2079 illud
1969 2027 2173 2081 dictum
2207 2045 2221 2081 :

647 2135 668 2169 ι
694 2115 819 2171 Fuit
870 2117 922 2169 iu
978 2130 1109 2186 pace
1149 2116 1306 2169 locus
1356 2115 1479 2183 ejus
1507 2117 1574 2169 ’⁷.
1615 2134 1634 2167 ι
1694 2116 1870 2172 Locus
1908 2135 2143 2188 namque
2171 2121 2223 2174 in

644 2224 780 2281 pace
816 2218 924 2276 est,
962 2224 1062 2264 nec
1099 2224 1202 2279 pax
1239 2210 1293 2262 in
1328 2208 1470 2263 loco.
1521 2209 1665 2265 Deus
1707 2213 1979 2280 siquidem
2021 2214 2227 2267 habitat

645 2302 702 2358 in
735 2304 921 2358 animo
966 2303 1035 2357 ab
1077 2303 1335 2381 omnibus
1362 2304 1879 2372 perturbationibus
1924 2308 2120 2373 libero,
2171 2318 2227 2362 et

644 2393 893 2448 ambulat
922 2394 976 2447 in
1018 2394 1227 2457 animo,
1264 2397 1357 2463 qui
1406 2394 1569 2449 habet
1605 2410 1818 2465 pacem,
1848 2412 1970 2465 quae
2006 2411 2227 2468 superat

644 2500 866 2541 omnem
922 2486 1284 2540 intellectum.
1320 2488 1387 2539 At
1441 2488 1494 2541 in
1548 2490 1870 2557 perturbato
1916 2499 1969 2544 et
1995 2492 2227 2548 confuso

647 2578 841 2633 animo
861 2578 1201 2633 domicilium
1231 2579 1398 2633 habet
1428 2578 1498 2643 is,
1535 2582 1627 2649 qui
1660 2580 1890 2651 impellit
1920 2588 1975 2636 et
2006 2584 2230 2655 instigat

647 2670 790 2725 ﬁlios
840 2670 1241 2725 inobedientes.
1274 2668 1391 2724 Non
1444 2671 1613 2740 igitur
1647 2672 1716 2725 ah
1774 2687 1831 2725 re
1862 2674 2225 2744 praecipitur:

650 2778 675 2813 ι
704 2759 781 2815 Ne
807 2760 1026 2815 occidat
1052 2760 1137 2815 sol
1185 2776 1353 2830 super
1385 2761 1520 2814 iram
1564 2771 1824 2820 vestram.
1859 2778 2033 2832 neque
2065 2764 2229 2819 dede-

647 2852 776 2908 ritis
802 2853 985 2907 locum
1028 2853 1249 2908 diabolo
1267 2854 1333 2905 ⁸⁸.
1370 2871 1389 2903 ι
1441 2850 1576 2905 Nam
1618 2852 1710 2906 Dei
1749 2853 1923 2907 Filius
1967 2871 2090 2909 cum
2128 2856 2229 2909 Pa-

649 2953 733 3000 tre
755 2945 938 2999 sedem
989 2945 1154 2999 habet
1198 2945 1251 2998 in
1300 2943 1449 3009 (iliis,
1486 2943 1581 3012 qui
1614 2960 1723 2998 non
1765 2946 1929 3014 agitat
1959 2956 2046 3000 ‘ur
2096 2946 2229 3000 affe—

650 3045 841 3090 ctuum
876 3036 1157 3105 procellis,
1190 3046 1245 3089 et
1269 3042 1603 3088 conservant
1630 3049 1940 3087 sermonem
1973 3036 2093 3104 ejus
2116 3036 2230 3105 pel-

650 3130 854 3185 lentem
900 3126 1117 3182 fortiter
1144 3142 1337 3182 omnes
1386 3125 1636 3181 allectus.
1672 3125 1851 3181 Locus
1889 3142 2110 3196 quoque
2156 3129 2231 3183 si-

651 3224 875 3291 gnilieat
911 3221 1163 3274 ordinem
1194 3230 1249 3273 et
1290 3218 1543 3290 gradum,
1579 3227 1637 3272 ut
1683 3227 1833 3289 patet
1866 3235 1931 3271 ex
1963 3220 2230 3273 electione

2398 637 2589 691 Ἔστιν
2628 638 2722 693 οὖν
2754 642 2783 693 6
2835 642 2967 712 παρ’
2998 644 3147 714 αύτῷ
3182 646 3363 713 τόπος,
3416 650 3591 719 πέτρα
3620 654 3857 726 καλούμε-

2322 745 2435 795 νος,
2475 731 2508 799 ἡ
2539 730 2670 800 περὶ
2703 731 2983 800 θεολογίας
3007 735 3139 805 ὀρθὴ
3171 735 3453 807 statue”.
3488 741 3642 795 Οῦτω
3661 745 3757 816 γὰρ
3782 754 3856 805 καὶ

2319 819 2420 891 τὴν
2472 823 2765 891 ὁμολογίαν
2816 827 3028 897 Πέτρου
3077 828 3347 899 κέκληκεν
3391 834 3421 884 6
3469 834 3674 904 Σωτήρ.
3703 840 3857 913 Τούτῳ

2324 917 2618 987 σύμφωνον
2641 924 2737 975 καὶ
2771 924 2852 988 τὸ,
2894 944 2913 975 ι
2938 926 3030 980 Ἐν
3061 927 3240 999 πέτρᾳ
3257 930 3483 998 ῦψωσάς
3513 950 3600 1001 με.
3635 954 3652 987 t
3674 938 3771 992 Kal.
3793 942 3858 1007 τὸ,

2328 1008 2649 1102 ι’ίῐστησας
2694 1015 2789 1067 ἐπὶ
2840 1017 3049 1084 πέτραν
3093 1021 3219 1082 τοὺς
3258 1022 3430 1083 πόδας
3460 1040 3583 1090 μου.
3623 1044 3640 1074 ι
3686 1029 3859 1102 Δηλιιδή

2323 1100 2418 1153 ἐπὶ
2452 1102 2544 1153 τὸν
2570 1104 2787 1175 ἀρραγῆ
2821 1107 2916 1159 τοῦ
2946 1108 3082 1162 Θεοῦ
3116 1111 3296 1180 λόγον,
3326 1114 3461 1165 ὄντα
3504 1115 3703 1186 πέτραν

2327 1195 2586 1265 ματικήν.
2625 1196 2683 1249 'O
2715 1197 2771 1250 δέ
2808 1200 2973 1264 τόπος
3006 1203 3068 1254 οῦ
3090 1203 3233 1257 κατὰ
3255 1204 3317 1258 τὸ
3352 1206 3525 1258 ποσὸν
3558 1209 3861 1281 νοηθήσεται.

2325 1283 2398 1336 Οὐ
2427 1285 2536 1356 γὰρ
2572 1286 2735 1359 σῶμα
2774 1290 2927 1356 Θεός.

2395 1572 2574 1625 Πολλὰ
2624 1574 2732 1644 γάρ
2790 1576 2885 1629 τοῦ
2940 1580 3103 1633 τόπου
3158 1581 3227 1635 τὰ
3294 1590 3862 1660 σημαινόμενα.Ἥῇ

2327 1664 2513 1724 ποσὸν,
2547 1665 2623 1729 ὡς
2646 1667 2707 1719 τὸ
2734 1709 2749 1731 ,
2788 1688 2805 1719 ι
2836 1669 3086 1737 Ἐγένετο
3110 1676 3168 1727 ἐν
3197 1676 3275 1745 τῷ
3318 1674 3465 1732 εἶναι
3515 1684 3674 1736 αὑτὸν
3704 1688 3753 1738 ἐν
3782 1707 3861 1745 τινι

2324 1756 2472 1826 τόπῳ
2518 1761 2974 1829 προσευχόμενον.
3002 1782 3019 1813 ι
3069 1766 3177 1818 Καὶ
3236 1768 3316 1831 τὸ,
3362 1789 3383 1822 ι
3424 1773 3501 1823 Οὐ
3553 1778 3862 1847 κινηθήσεται

2331 1847 2427 1901 ἄνθ
2437 1865 2619 1917 ρωπος
2660 1852 2723 1902 ἐκ
2749 1852 2845 1904 τοῦ
2872 1852 3039 1907 τόπου
3065 1857 3230 1910 αὑτοῦ
3254 1862 3311 1912 ἐν
3338 1862 3533 1933 ἡμέρᾳ
3566 1865 3857 1927 Σαϐϐαῖον.»

2258 1963 2298 2017 Β
2331 1938 2402 1990 ’Ἡ
2430 1940 2578 2010 ψυχὴ
2598 1941 2839 2012 καθαρά,
2869 1944 2995 2007 ναὸς
3023 1946 3158 1999 Θεοῦ
3178 1952 3481 2024 γενομένη,
3504 1957 3579 2020 ὡς
3597 1961 3674 2026 τὸ,
3704 1980 3721 2013 ι
3746 1963 3861 2031 Ἐγέ-

2329 2047 2451 2126 νετο
2468 2033 2525 2126 ἐν
2546 2032 2737 2126 εἰρήνῃ
2759 2034 2961 2126 ὀτῌόπος
2992 2036 3182 2091 αὐτοῦ.
3196 2056 3214 2088 ι
3236 2039 3295 2093 ’0
3311 2041 3482 2107 τόπος
3500 2047 3607 2118 γὰρ
3626 2050 3861 2126 ἐνείρήνῃ,

2326 2121 2425 2174 οὐκ
2453 2124 2643 2193 εἰρήνη
2678 2124 2739 2217 ἐν
2775 2124 2851 2195 τῷ
2885 2126 3058 2197 τόπῳ.
3089 2128 3222 2193 Θεὸς
3251 2132 3363 2203 γὰρ
3389 2135 3449 2187 ἐν
3478 2121 3860 2217 ἀταράχῳψυχῖῇ

2325 2216 2577 2267 κατοικεῖ
2604 2215 2700 2268 καὶ
2728 2221 3045 2287 περιπατεῖ,
3071 2222 3138 2290 τῇ
3172 2222 3379 2295 ἐχούσῃ
3408 2227 3512 2296 τὴν
3539 2215 3861 2302 ὑπερέχουσαν

2326 2305 2506 2398 πάντα
2539 2306 2634 2358 νῦν
2666 2310 2924 2379 εἰρήνηνο
2957 2310 3033 2373 ὡς
3063 2313 3121 2363 ἐν
3146 2315 3211 2382 τῇ
3248 2320 3645 2393 τεταραγμένῃ
3681 2327 3707 2377 6
3739 2328 3857 2398 ἐνερ-

2467 2397 2522 2447 ἐν
2554 2399 2667 2490 τοῖς
2702 2398 2839 2490 υἱοῖς
2868 2399 2967 2469 τῆς
2990 2402 3300 2467 ἀπειθείας.
3332 2426 3351 2457 ι
3384 2409 3479 2479 Μὴ
3511 2412 3762 2469 ἐπιδυέτω
3780 2394 3861 2490 γάρ

2324 2489 2351 2539 6
2381 2486 2532 2555 ἥλιος
2563 2488 2655 2540 ἐπὶ
2679 2488 2755 2558 τῷ
2792 2494 3161 2563 παροργισμῷ
3197 2496 3378 2566 ὑμῶν,
3416 2502 3555 2571 μηδέ
3586 2503 3713 2559 δῶτε
3730 2486 3860 2562 τόπον

2325 2575 2403 2645 τῷ
2434 2576 2686 2648 διαϐόλῳ.
2728 2597 2748 2630 ι
2782 2578 2875 2632 Ἐν
2908 2582 3016 2651 γάρ
3045 2587 3158 2649 τοῖς
3200 2588 3479 2642 άπαθέσιν
3517 2595 3541 2645 ό
3589 2594 3711 2658 Υἱὸς
3751 2602 3859 2666 μετὰ

2326 2668 2418 2755 τοῦ
2451 2670 2664 2739 Πατρὸς
2688 2674 2925 2726 ποιεῖται
2958 2677 3147 2746 μονὴν,
3174 2680 3407 2749 τηροῦσι
3435 2685 3527 2736 τὸν
3559 2686 3707 2755 λόγον
3730 2692 3859 2745 αὑτοῦ

2326 2753 2419 2805 τὸν
2449 2756 2808 2821 ἐξελαύνοντα
2850 2764 2998 2834 πάθη
3034 2766 3235 2836 ψυχῆς.
3268 2772 3437 2839 Δηλοῖ
3476 2775 3530 2826 δὲ
3558 2779 3584 2829 6
3618 2753 3766 2833 τόπος
3792 2788 3860 2834 ντὶ

2328 2845 2480 2911 τάξιν
2508 2848 2631 2900 τινὰ
2653 2848 2749 2901 καὶ
2780 2847 3010 2919 βαθμὸν,
3035 2853 3109 2916 ὡς
3128 2856 3220 2907 ἐπὶ
3243 2860 3310 2925 τῇ
3331 2864 3642 2933 χειροτονίᾳ
3659 2863 3860 2915 Ματθίου

2328 2939 2425 2992 καὶ
2456 2938 2655 3012 Ἰωσὴφ
2690 2943 2740 2995 οἱ
2774 2941 2909 2995 θεῖοί
2955 2962 3090 3013 φασι
3134 2948 3411 3018 μαθηταί⁶
3455 2970 3476 3002 ‹
3516 2952 3860 3016 Ἀνάδειξονὸν

2330 3030 2561 3098 ἐξελέξω
2586 3034 2650 3086 ἐκ
2680 3034 2788 3087 τῶν
2834 3034 2944 3088 δύω
2972 3035 3180 3090 τούτων
3220 3040 3342 3103 ἕνα,
3399 3043 3588 3097 λαϐεῖν
3622 3045 3704 3096 τὸν
3731 3046 3863 3098 τόπον

2328 3121 2432 3187 τῆς
2452 3123 2727 3188 διακονίας
2755 3126 2962 3197 ταύτης
2991 3128 3087 3181 καὶ
3116 3128 3455 3204 ἀποστολῆς,
3482 3137 3572 3205 ἀφ’
3597 3133 3660 3207 ἧς
3689 3138 3861 3207 παρέϐη

2344 3213 2571 3277 Ἰούδας.
2606 3234 2625 3266 ι
2660 3216 2836 3269 Τόπον
2867 3217 2976 3287 γάρ
3008 3235 3196 3285 φασιν,
3244 3222 3304 3274 ὃν
3347 3223 3561 3293 βαθμὸν
3593 3228 3817 3280 ἐκάλεσεν
3844 3231 3865 3282 ὁ

652 3280 873 3369 Euthia:
920 3322 972 3367 et
1013 3310 1264 3391 Iosephi,
1291 3280 1441 3364 “cum
1474 3280 1721 3365 dicerent
1753 3311 1931 3364 sancti
1976 3320 2031 3364 et
2060 3311 2231 3365 divini

2338 3302 2573 3367 Παῦλος,
2607 3303 2801 3366 είπὼν,
2838 3323 2856 3355 t
2880 3280 2959 3357 'Ul‘
2980 3280 3161 3369 καλῶς
3186 3280 3659 3381 διακονήσαντες,
3699 3280 3864 3384 βαθμὸν

654 3405 916 3474 discipuli
953 3418 967 3455 :
1007 3421 1024 3453 ι
1046 3402 1284 3455 Ostende
1311 3416 1474 3470 quem
1514 3400 1755 3469 elegeris
1783 3416 1848 3454 ex
1881 3400 1967 3455 his
2018 3401 2235 3457 duobus

656 3512 831 3551 unum
872 3502 929 3546 ut
972 3495 1209 3561 accipiat
1244 3493 1423 3544 locum
1471 3492 1766 3546 ministerii
1812 3493 1976 3558 hujus
2021 3501 2073 3545 et
2106 3508 2240 3562 apo-

659 3587 871 3641 stolicae
913 3583 1237 3643 t‘unetionis,
1280 3597 1386 3650 qua
1421 3582 1625 3633 excidit
1656 3578 1826 3635 Judas
1854 3581 1921 3633 ".
1959 3601 1977 3632 ι
2028 3580 2237 3635 Locum

659 3676 947 3730 nominant
995 3688 1157 3742 quem
1208 3672 1412 3727 Paulus
1453 3672 1672 3725 vocavit
1708 3670 1958 3741 gradum,
1998 3671 2190 3726 dicens
2226 3690 2237 3724 :

664 3787 684 3821 ι
710 3768 815 3834 Qui
848 3770 985 3822 heue
1015 3768 1472 3828 ministraverint,
1512 3765 1743 3833 gradum
1779 3766 1882 3819 sibi
1915 3765 2115 3818 bonum
2144 3781 2239 3833 pa-

661 3869 786 3915 rant
813 3861 879 3915 ⁸ο.
919 3880 937 3911 ι
978 3860 1157 3913 Locus
1186 3857 1461 3928 signiﬁcat
1494 3873 1715 3927 quoque
1743 3855 1837 3910 Dei
1872 3858 2241 3926 praesentiam,

661 3959 723 4004 ut
780 3950 973 4004 docttit
1055 3947 1251 4007 Jacob,
1309 3945 1507 4000 dicens
1559 3945 1614 3999 in
1666 3946 1877 3998 visione
1911 3944 2180 3998 scalarum
2214 3958 2243 3995 a

664 4053 809 4095 terra
841 4042 896 4093 in
930 4041 1126 4093 C(Blum
1161 4046 1537 4091 surrectarum
1574 4055 1587 4090 :
1626 4055 1644 4087 ι
1670 4038 1839 4101 Quam
1873 4035 2135 4088 terribilis
2161 4043 2247 4089 cst

667 4132 827 4186 locus
876 4134 997 4185 iste.
1055 4132 1165 4199 ligo
1223 4138 1405 4182 autem
1464 4144 1572 4183 non
1617 4144 1874 4183 noveram
1909 4128 1973 4181 ³¹.
2017 4146 2034 4178 ι
2101 4127 2245 4181 Idem

664 4232 891 4280 constat
925 4240 989 4277 ex
1036 4226 1131 4278 illo
1172 4223 1449 4291 exemplo,
1496 4222 1718 4290 quando
1768 4221 1945 4275 Moses
1991 4237 2113 4274 rem
2150 4220 2248 4275 dc-

667 4320 809 4371 lecta
838 4332 1003 4370 manu
1035 4313 1409 4369 lsraelitarum
1443 4314 1694 4367 ascendit
1733 4314 1788 4367 in
1822 4323 2087 4377 montem,
2120 4328 2246 4367 cum

666 4408 926 4462 viderunt
958 4408 1137 4460 locum
1178 4407 1234 4458 in
1279 4422 1388 4474 quo
1430 4415 1655 4459 steterat
1687 4404 1827 4457 Dens
1859 4404 2047 4458 Israel.
2086 4422 2104 4454 (
2137 4402 2250 4458 Sub

668 4499 908 4571 pedibus
956 4497 1079 4567 ejus
1110 4505 1231 4551 erat
1285 4498 1440 4566 quasi
1486 4513 1623 4564 opus
1664 4497 1851 4549 lateris
1899 4496 2094 4564 lapidis
2128 4510 2252 4565 sap-

668 4591 812 4662 phiri
852 4610 864 4645 :
900 4598 954 4645 et
986 4591 1144 4657 qttasi
1190 4589 1379 4643 vultus
1417 4590 1744 4641 firmamenti
1784 4590 2005 4657 quando
2048 4591 2243 4642 sudum

666 4690 751 4737 est
780 4682 846 4734 δ’.
888 4700 905 4732 ι
946 4680 1149 4733 Locum
1203 4680 1292 4734 hic
1345 4680 1568 4748 accipit,
1618 4680 1669 4731 in
1726 4694 1839 4747 quo
1881 4678 1971 4733 Dei
2011 4696 2249 4749 praesen-

667 4774 800 4827 tiam
844 4774 1241 4826 intellexerunt
1276 4774 1509 4842 pedibus
1550 4772 1671 4841 cjns
1723 4784 2044 4827 eonsumter
2086 4772 2253 4825 collo-

668 4866 807 4921 catis
839 4866 892 4918 in
925 4866 1097 4919 latere
1150 4866 1501 4934 sapphitino,
1536 4867 1751 4918 scilicet
1794 4866 1845 4918 in
1880 4867 2117 4931 practica
2143 4866 2254 4919 vir-

669 4964 806 5009 tute.
839 4953 1156 5023 Speculatio
1210 4956 1354 5008 enim
1393 4972 1578 5008 rerttm
1635 4955 2064 5024 intelligibtlium
2100 4969 2252 5008 com-

670 5056 897 5116 paratur
931 5048 1154 5115 puritati
1191 5055 1244 5099 et
1276 5049 1590 5111 serenitati,
1621 5048 1769 5101 crnli.
1810 5047 1870 5101 In
1907 5048 2048 5100 hunc
2072 5050 2249 5100 locum

668 5141 761 5211 qui
795 5138 1126 5197 ascenderit.
1160 5139 1345 5191 'alitur
1397 5155 1538 5209 pane
1571 5140 1840 5205 veritatis,
1873 5147 1927 5193 et
1966 5146 2253 5194 saturatur

670 5228 856 5283 fructu
892 5229 1023 5299 ligni
1059 5229 1203 5281 vita.
1240 5226 1383 5281 Bibit
1424 5246 1488 5281 ex
1536 5227 1691 5282 fonte
1736 5229 1881 5292 vitae,
1915 5238 1966 5283 et
1993 5244 2060 5283 ex
2102 5230 2247 5287 vino.

668 5322 816 5392 quod
870 5322 925 5376 in
980 5336 1084 5375 suo
1127 5328 1345 5375 cratere
1392 5321 1717 5391 temperavit
1776 5322 2045 5389 sapientia
2075 5320 2140 5373 ³³.
2192 5318 2249 5373 In

672 5396 816 5468 hunc
845 5412 1069 5467 modum
1120 5411 1341 5466 deliciis
1367 5412 1598 5466 delibuti
1632 5411 1785 5467 fuere
1835 5411 2013 5467 Moses
2045 5420 2099 5465 ct
2129 5410 2250 5478 ejus

740 5589 785 5619 ³³
816 5585 959 5639 Psal.
998 5586 1219 5647 XKIV,5.
1297 5584 1344 5617 "
1367 5583 1511 5637 Psal.
1548 5601 1740 5650 xxxix,
1762 5584 1817 5637 2.
1894 5585 1939 5615 ”
1967 5583 2103 5637 Luc.
2133 5584 2257 5644 xui

669 5673 744 5712 tv.
774 5658 864 5779 ἓϋ,
893 5657 983 5709 27.
1096 5658 1139 5688 ⁸³
1165 5657 1285 5710 Aet.
1341 5670 1379 5720 I,
1420 5655 1512 5721 2i,
1542 5654 1635 5709 ‘25.
1741 5655 1783 5686 ³⁰
1811 5657 1829 5708 l
1858 5652 1999 5708 Tim.
2031 5669 2112 5720 ιιι,
2146 5656 2230 5707 15.

669 5742 745 5782 Ix.
814 5764 830 5779 .

2274 5621 2289 5636 .
2390 5583 2435 5614 ¹⁰
2472 5581 2644 5635 Exod.
2680 5598 2789 5641 XVI.
2830 5580 2919 5635 29.

2338 3392 2552 3455 ἑαυτοῖς
2580 3393 2748 3446 καλὸν
2769 3394 3204 3463 περιποιοῦνται.
3239 3418 3255 3448 ι
3288 3398 3560 3469 Σημαίνει
3584 3403 3612 3453 6
3632 3402 3775 3464 τόπος
3795 3405 3865 3455 καὶ

2337 3478 2474 3531 Θεοῦ
2504 3480 2829 3550 παρουσίαν,
2860 3482 2935 3545 ὡς
2962 3483 3231 3553 ἐδήλωσεν
3254 3486 3481 3551 Ἰακὼϐ,
3507 3490 3693 3558 λέγων,
3718 3493 3796 3545 ἐπὶ
3816 3497 3864 3561 τῇ

2340 3568 2440 3639 θέᾳ
2461 3572 2560 3640 τῆς
2590 3571 2881 3641 κλίμακος,
2922 3592 2939 3623 ι
2970 3573 3057 3637 Ὠς
3090 3575 3321 3646 φοϐερός
3353 3578 3382 3629 ὁ
3410 3580 3577 3644 τόπος
3604 3576 3759 3645 οὗτος,
3784 3582 3867 3648 ἐγὼ

2345 3661 2402 3714 δὲ
2437 3662 2537 3714 οὐκ
2566 3662 2733 3733 ᾔδειν.
2761 3684 2779 3716 ι
2815 3664 2988 3718 Τοῦτο
3027 3666 3177 3735 δηλοῖ
3220 3669 3317 3720 καὶ
3356 3670 3421 3723 τὸ
3453 3673 3582 3743 περὶ
3615 3674 3866 3736 Μωῦσέως.

2344 3752 2439 3806 καὶ
2474 3752 2581 3805 τῶν
2616 3755 3033 3810 συναναϐάντων
3081 3757 3249 3828 αὐτῷ,
3284 3760 3376 3812 ὅτε
3430 3758 3572 3815 εἶδον
3616 3764 3698 3816 τὸν
3722 3765 3863 3820 τόπον.

2342 3838 2405 3898 οὗ
2439 3847 2687 3915 εἱστήκει
2726 3848 2753 3899 6
2777 3846 2911 3911 Θεὸς
2947 3848 3040 3901 τοῦ
3078 3849 3337 3919 Ἰσραήλ’
3374 3874 3391 3903 ι
3416 3856 3526 3908 Καὶ
3560 3856 3619 3909 τὸ
3652 3856 3744 3909 ὑπὸ
3772 3857 3866 3917 τοὺς

2346 3938 2516 4001 πόδας
2550 3937 2719 3992 αὐτοῦ
2760 3938 2894 3992 ὡσεὶ
2930 3939 3092 4010 ἔργον
3137 3943 3362 3996 πλίνθου
3403 3946 3553 3999 λίθου
3594 3948 3866 4016 σαπφείρου.

2348 4033 2442 4084 καὶ
2476 4031 2553 4093 ὡς
2586 4027 2726 4094 εἶδος
2755 4032 3136 4103 στερεώματος
3160 4035 3258 4087 τοῦ
3292 4038 3530 4107 ούρανοῦ
3562 4044 3624 4109 τῇ
3659 4040 3868 4109 καθαριό-

2348 4140 2489 4192 τητι.
2520 4141 2538 4174 ι
2562 4123 2741 4176 Τόπον
2764 4125 2871 4194 γάρ
2896 4141 3061 4195 φησιν
3085 4124 3213 4179 ἔνθα
3238 4128 3376 4180 Θεοῦ
3404 4134 3699 4199 παρουσίας
3726 4132 3870 4197 νόησιν

2348 4214 2542 4266 ἔλαϐον
2568 4253 2583 4277 ,
2622 4215 2735 4266 τῶν
2779 4215 2959 4267 ποδῶν
3004 4216 3171 4269 αὑτοῦ
3220 4217 3461 4288 βεϐαίως
3512 4222 3787 4291 ἱδρυμένων
3828 4224 3870 4272 ἐν

2352 4307 2556 4376 πλίνθῳ
2604 4306 2959 4380 σαπφειρίνῃ,
3000 4312 3068 4379 τῇ
3113 4316 3391 4382 πρακτικῇ
3426 4314 3616 4384 ἀρετῇ,
3658 4316 3740 4367 καὶ
3771 4314 3870 4365 εἴδει

2352 4400 2740 4471 στερεώματος
2763 4400 3020 4469 ούρανοῦ,
3063 4403 3128 4471 τῇ
3174 4404 3358 4473 σοφίᾳ,
3387 4405 3613 4474 Νοητῶν
3651 4407 3744 4477 γάρ
3769 4405 3869 4458 cits:

2353 4492 2578 4562 θεωρία,
2605 4495 2671 4562 τῇ
2702 4492 3059 4563 καθαριότητι
3093 4494 3187 4546 τοῦ
3223 4496 3459 4563 ούρανοῦ
3494 4500 3867 4569 παραϐάλλεται.

2354 4585 2481 4652 Ἐφ’
2504 4584 2563 4636 ὃν
2585 4584 2749 4637 τόπον
2770 4586 2797 4637 6
2820 4583 3031 4651 φθάσας
3060 4586 3343 4655 τρέφεται,
3370 4590 3779 4657 μεταλαμϐάνων
3801 4587 3869 4639 τοῦ

2351 4676 2519 4746 ἄρτου
2552 4674 2653 4744 τῆς
2690 4674 2968 4743 ἀληθείας,
3008 4676 3102 4727 καὶ
3130 4676 3223 4728 τοῦ
3265 4678 3487 4745 καρποῦ
3515 4680 3604 4731 τοῦ
3639 4679 3773 4743 ξύλου
3796 4678 3869 4743 τῆς

2353 4766 2519 4834 ζωῆς,
2552 4767 2645 4818 καὶ
2680 4766 2825 4818 πίνει
2865 4766 2930 4818 ἐκ
2970 4766 3071 4836 τῆς
3121 4769 3305 4837 πηγῆς
3340 4770 3442 4839 τῆς
3500 4771 3659 4839 ζωῆς,
3695 4772 3774 4822 καὶ
3800 4767 3869 4819 τοῦ

2353 4859 2523 4919 οἴνου,
2554 4856 2613 4909 δν
2641 4860 2673 4927 ἡ
2709 4858 2869 4925 σοφία
2906 4859 2985 4920 εἰς
3018 4858 3107 4910 τὸν
3144 4860 3349 4928 ἐαυτῆς
3390 4861 3618 4931 ἐκέρασε
3649 4865 3867 4931 κρατῆρα.

2354 4946 2541 5009 Οὕτως
2572 4947 2620 4999 οἱ
2658 4947 2787 5017 περὶ
2816 4947 3059 4999 Μωῦσέα
3098 4949 3531 5020 κατετρύφησαν
3568 4951 3655 5003 τοῦ
3689 4948 3867 5017 Κυρίου,

2356 5038 2620 5106 ὀφθέντες
2652 5039 2707 5090 ὲν
2750 5038 2827 5108 τῷ
2880 5041 3032 5109 τόπῳ
3058 5038 3155 5092 τοῦ
3192 5042 3350 5105 Θεοῦ,
3391 5045 3486 5097 καὶ
3530 5047 3767 5111 φαγόντες
3800 5040 3869 5091 καὶ

2357 5130 2596 5193 πιόντες.
2628 5129 2686 5181 '0
2710 5129 2765 5182 δὲ
2788 5129 2951 5193 τόπος
2978 5130 3127 5200 δηλοῖ
3156 5134 3251 5186 καὶ
3285 5135 3385 5202 τὴν
3413 5135 3604 5203 εἱρμοῦ
3630 5152 3755 5194 τινος
3776 5134 3868 5185 axo-

2357 5222 2600 5285 λουθίαν,
2649 5221 2785 5274 καθὸ
2839 5220 3081 5289 λέγεται,
3126 5226 3268 5293 ‹.Μὴ
3306 5226 3638 5287 ἐκδικοῦντες
3672 5226 3865 5283 ἐαυτοζς,

2357 5315 2673 5387 ἀγαπητοί·
2714 5314 2850 5367 ἀλλὰ
2878 5315 2999 5367 δότε
3030 5316 3195 5370 τόπον
3236 5320 3302 5388 τῇ
3346 5320 3503 5388 ὀργῇ.
3544 5318 3755 5385 Οἴδαμεν
3788 5316 3865 5379 γὰρ

2354 5408 2446 5461 τὸν
2473 5408 2720 5471 εἰπόντα,
2756 5406 2914 5476 Ἐμοὶ
2945 5406 3246 5478 ἐκδίκησις.
3273 5430 3291 5461 ι
3319 5410 3623 5480 Ἐμποδίζει
3648 5410 3739 5477 γὰρ
3758 5406 3863 5459 ἐκδι-

3028 5580 3073 5611 ¹⁷
3108 5580 3245 5635 Psal.
3311 5599 3465 5642 an,
3498 5584 3549 5636 ἓ.

3019 5649 3065 5682 ⁸³
3089 5650 3263 5707 Exod.
3311 5670 3455 5718 mv,
3508 5654 3588 5707 t0.

3651 5583 3688 5614 ⁸⁸
3714 5579 3857 5645 Ερίιιις.

2346 5654 2387 5685 ⁸¹
2422 5650 2559 5707 Cen.
2607 5668 2797 5718 xxvtu,
2834 5652 2921 5705 l7.
3019 5650 3263 5707 "Exod.
3311 5670 3455 5718 utr,
3508 5654 3588 5707 t0.
3682 5653 3857 5704 "PM.
