4038 6542
242 394 319 461 [31
961 439 975 448 .
1280 374 1693 440 COMMENTA
1706 378 1755 436 R

1869 376 1937 434 [Ν
1968 373 2308 436 EXODUM.

3334 384 3440 449 682

242 512 368 580 κήσιιι
393 495 509 555 Θεοῦ
533 492 893 565 παρεπομένη
930 492 1045 556 τοῖς
1088 490 1295 555 ἀδίκοις
1330 493 1358 545 6
1386 490 1580 543 ἑαυτὸν
1606 489 1753 580 ἐκδι-

1869 485 2088 538 :omites
2144 485 2246 538 visi
2289 484 2341 537 in
2387 483 2507 538 loco
2544 486 2633 542 Dei
2682 486 2915 544 edentes
2973 496 3026 545 et
3073 492 3325 552 bibentes
3371 500 3435 554 “.

240 578 344 663 κῶν,
367 594 446 648 τὸν
478 589 566 659 τῆς
592 585 853 657 προνοίας
883 584 1194 637 διακόπτων
1237 582 1452 654 εἱρμόν.
1496 578 1753 633 Τοιοῦτόν

238 705 331 753 πως
349 684 491 740 καὶτὸ
510 680 627 751 περὶ
638 677 733 731 τοῦ
763 675 936 730 Ἦσαῦ
955 676 1271 747 εἰρημένον*
1286 673 1624 736 «Μετανοίας
1646 673 1752 741 γὰρ

237 784 372 836 τόπον
400 777 487 845 οὐχ
514 767 687 843 εὗρεν.
714 770 789 824 Οὐ
810 770 922 839 γὰρ
945 768 1006 823 δν
1036 769 1118 822 δεῖ
1144 769 1349 839 τρόπον
1372 768 1473 839 τὴν
1503 767 1755 837 εὐλογίαν

237 874 451 943 ἐζήτησε,
478 864 648 919 καίτοι
675 863 815 934 μετὰ
844 860 1100 933 δακρύων
1126 860 1284 927 δόξας
1311 860 1471 914 τοῦτο
1498 862 1698 914 ποιεῖν.
1732 880 1750 912 ι

237 966 293 1018 οὐ
316 962 408 1032 γὰρ
436 957 503 1021 ὡς
549 954 764 1018 ἀνάξιος
801 953 1041 1023 γεγονὼς
1096 952 1341 1023 ἐλυπήθη
1367 969 1379 981 ·
1417 952 1534 1006 ἀλλ’
1569 951 1646 1015 ὡς
1682 952 1756 1022 μὴ

236 1054 384 1125 τυχὼν
410 1050 588 1118 αὐτῆς,
625 1046 701 1117 μὴ
728 1045 867 1117 πρὸς
904 1042 1063 1109 ἀξίαν
1087 1042 1545 1116 ἑτοιμασάμενος.
1579 1042 1755 1103 Τόπος

237 1145 361 1218 παρὰ
377 1144 475 1205 τοῖς
497 1139 616 1203 ἔξω,
634 1139 729 1191 καὶ
751 1139 784 1209 ἠ
807 1136 1001 1209 γενικὴ
1024 1136 1247 1205 λέγεται
1272 1135 1560 1205 πρότασις,
1588 1133 1672 1202 ἐφ’
1695 1134 1756 1203 ἣν

236 1242 281 1295 αἱ
304 1236 425 1292 κατὰ
458 1234 613 1304 μέρος
638 1230 936 1300 ἀνάγονται
978 1230 1086 1284 τῶν
1121 1227 1480 1284 διαλεκτικῶν
1517 1227 1760 1297 προϐλη-

240 1336 391 1409 μάτων
412 1329 791 1400 ὲπιχειρήσεις.
820 1327 1111 1382 Τοσούτων
1142 1330 1206 1381 ἐκ
1232 1326 1326 1380 τοῦ
1350 1328 1518 1380 τόπου
1553 1342 1619 1396 ση
1631 1342 1757 1395 μαι-

237 1426 460 1495 νομένων,
492 1417 584 1471 νῦν
614 1417 761 1471 ἔοικε
792 1416 1088 1489 δηλοῦσθαι
1130 1418 1159 1469 6
1189 1418 1486 1487 προσήκων
1528 1413 1758 1486 βαθμός.

240 1518 366 1570 Ἐστι
389 1514 486 1585 γάρ
504 1529 586 1576 τις
623 1508 781 1575 τάξις
814 1508 957 1581 μετά
998 1510 1184 1563 πᾶσαν
1219 1508 1531 1579 προκοπὴν,
1574 1506 1763 1569 στάσις

236 1608 344 1663 οὖσα
367 1606 446 1659 διὰ
473 1604 529 1658 τὸ
565 1602 811 1675 βέϐαιον,
844 1602 942 1656 καὶ
969 1601 1147 1671 πέτρα
1185 1601 1411 1672 στερρὰ,
1448 1594 1765 1670 χορηγοῦσα

237 1699 401 1767 γνῶσιν
431 1696 537 1757 τοῖς
572 1691 889 1764 ἀνθρώποις
915 1689 1017 1762 τὴν
1042 1690 1297 1759 ὲφικτήν.
1339 1686 1503 1741 Ἀλλά
1543 1686 1638 1739 καὶ
1667 1684 1763 1737 πέ-

235 1807 317 1858 τρα
341 1785 576 1857 Χριστὸς,
614 1785 648 1855 ἡ
679 1784 846 1845 τόπος
871 1778 1005 1835 οὖσα
1033 1781 1185 1852 παρὰ
1206 1778 1345 1849 Θεῷ.
1393 1778 1504 1833 Καὶ
1536 1778 1563 1830 6
1594 1776 1764 1844 Λόγος

1856 577 2125 633 Praeterea
2190 576 2346 631 locus
2405 576 2572 633 habet
2642 579 2917 637 interdum
2977 584 3438 653 significationem

1860 665 2096 735 torquis,
2156 679 2256 720 seu
2321 666 2598 737 significat
2661 654 3143 731 concatenationis
3190 678 3439 747 ejusdem

1858 760 2056 814 seriem
2084 767 2137 814 et
2159 761 2644 829 consequentiam,
2675 780 2797 834 qua:
2821 766 2965 822 Deus
2993 768 3218 824 dicitur.
3240 763 3442 827 Proin-

1859 852 1925 908 de
1975 853 2290 922 praecipitur
2343 852 2503 909 nobis
2544 872 2558 908 :
2601 875 2619 908 ι
2658 855 2775 911 Non
2830 859 3167 918 ulciscentes
3200 875 3442 921 vosmet-

1862 946 2033 1013 ipsos,
2063 945 2272 1000 dilecti.
2317 944 2422 1001 Sed
2455 946 2580 1003 date
2627 948 2806 1003 locum
2843 950 2959 1005 irm.
2997 952 3265 1012 Novimus
3294 959 3442 1013 enim

1862 1039 2041 1103 illum,
2075 1038 2169 1107 qui
2210 1038 2349 1092 dixit
2383 1056 2395 1091 :
2437 1038 2563 1092 Mihi
2606 1041 2848 1096 vindicta
2882 1044 2947 1097 ⁸⁸.
2980 1062 2997 1096 :
3035 1045 3263 1118 Propria
3297 1052 3441 1106 enim

1863 1134 1979 1184 sive
2018 1130 2229 1199 privata
2260 1132 2502 1187 vindicta
2546 1134 2775 1203 impedit
2802 1137 2897 1195 Dei
2930 1141 3253 1210 vindictam,
3277 1161 3444 1216 quam

1864 1225 2088 1294 injustis
2143 1225 2334 1282 infert.
2382 1228 2486 1295 Qui
2540 1234 2900 1304 semetipsum
2950 1238 3213 1304 vindicat,
3255 1240 3447 1297 Provi-

1864 1316 2063 1371 dentice
2111 1320 2313 1374 seriem
2376 1322 2492 1377 sive
2544 1328 3062 1385 concatenationem
3120 1333 3446 1394 intersecat.

1868 1408 2003 1463 lluic
2056 1425 2165 1464 non
2209 1411 2502 1478 dissimile,
2548 1417 2691 1484 quod
2734 1417 2802 1473 de
2841 1418 2984 1475 Esau
3028 1420 3313 1494 Scriptura
3358 1444 3448 1483 sa-

1865 1516 1958 1557 cra
1992 1505 2337 1571 pronuntiat.
2384 1525 2401 1557 ι
2430 1507 2645 1563 Nullum
2684 1512 2828 1565 enim
2866 1514 3037 1571 venite
3073 1526 3128 1573 et
3178 1520 3452 1588 ptrniten-

1867 1596 1954 1650 tiae
1977 1595 2156 1651 locum
2189 1599 2420 1668 reperit.
2459 1598 2596 1655 Nam
2638 1617 2748 1658 non
2779 1620 2846 1659 eo
2882 1608 3068 1674 modo,
3100 1625 3211 1681 quo
3233 1624 3453 1681 oporte—

1870 1688 1982 1753 bat,
2030 1689 2470 1748 benedictionem
2525 1697 2845 1766 exquisivit,
2900 1700 3031 1757 licet
3062 1704 3345 1759 videretur
3378 1708 3454 1760 la-

1868 1780 2071 1850 crymis
2104 1781 2315 1837 obortis
2370 1784 2522 1839 illam
2558 1798 2823 1858 exoptare
2852 1791 2918 1846 “.
2963 1812 2982 1844 ι
3020 1794 3303 1865 Siquidem
3345 1815 3453 1854 non

237 1857 321 1948 γάρ
349 1873 409 1947 ἦν
434 1875 565 1946 πρὸς
592 1875 687 1926 τὸν
716 1872 875 1937 Θεὸν,
898 1871 994 1924 καὶ
1019 1869 1152 1933 Θεὸς
1179 1866 1247 1939 ἦν
1276 1870 1304 1921 ό
1334 1868 1529 1937 Λόγος.
1554 1867 1765 1957 Ὀποῖον

1873 1873 2099 1927 tristitia
2138 1873 2375 1931 affecth
2416 1886 2519 1942 est,
2568 1857 2716 1949 quod
2760 1896 2870 1937 non
2912 1857 3144 1957 adeptus
3182 1899 3266 1943 est
3298 1890 3456 1945 bene-

235 1968 396 2032 καὶτὸ,
426 1986 443 2019 ι
465 1964 621 2035 Παρά
644 1964 728 2017 σοι⁵
760 1961 914 2034 πηγὴ
948 1961 1115 2030 ζωῆς,
1145 1962 1203 2015 ὲν
1233 1959 1311 2031 τῷ
1344 1959 1483 2027 φωτί
1517 1975 1611 2012 σου
1640 1956 1767 2025 ὀψό-

238 2062 351 2132 μεθα
380 2059 505 2129 φῶς.
537 2075 555 2109 ι
606 2056 668 2110 '0
699 2056 831 2118 στάς
853 2057 911 2107 ὲν
936 2053 1135 2124 τούτῳ,
1172 2051 1365 2122 θεωρεῖ
1393 2052 1483 2105 τὸν
1526 2049 1765 2120 Πατέρα.

240 2153 437 2223 ιὉὲμὲ,
460 2151 564 2220 γάρ
596 2166 790 2219 φησιν,
819 2145 1104 2217 ἑωρακὼς,
1133 2144 1351 2215 ἑώρακε
1380 2145 1472 2198 τὸν
1490 2143 1766 2213 Πατέρα.»

238 2248 285 2301 Et
314 2248 362 2299 δὲ
383 2245 450 2305 ὡς
475 2243 626 2314 παρὰ
648 2240 744 2295 τοῦ
767 2238 899 2294 Υἱοῦ
922 2239 1147 2308 λέγεται
1178 2237 1262 2302 τὸ,
1296 2236 1430 2291 Ἰδοὺ
1454 2236 1617 2298 τόπος
1641 2234 1770 2305 παρ’

232 2340 355 2408 ἐμοὶ,
378 2338 462 2390 τὸν
488 2334 716 2407 Πατέρα
739 2333 1034 2403 νοήσομεν.
1078 2330 1167 2395 Ὠς
1192 2329 1300 2401 γὰρ
1336 2330 1365 2382 6
1405 2329 1535 2392 Υἱὸς
1565 2328 1775 2381 ἀποκα-

236 2432 398 2485 λύπτει
424 2430 510 2482 τὸν
540 2426 790 2498 Πατέρα,
814 2423 959 2480 οὕτω
988 2423 1185 2494 Πέτρῳ
1203 2421 1295 2476 καὶ
1316 2420 1514 2491 Παύλῳ
1535 2419 1625 2473 τὸν
1649 2420 1777 2472 Υἱὸν

235 2522 453 2592 ὸΠατὴρ
489 2518 868 2588 ἀπεκάλυψεν.
908 2516 967 2571 Ὀ
1027 2516 1126 2586 μὲν
1168 2513 1300 2586 γάρ,
1331 2513 1405 2578 ὡς
1453 2514 1516 2567 ἐκ
1565 2511 1778 2582 Πατρὸς

237 2613 397 2682 μαθὼν
432 2612 520 2665 τὸν
563 2611 724 2674 Υἱὸν,
758 2607 1126 2681 μακαριζεται
1149 2620 1162 2634 ⁸
1200 2606 1229 2657 6
1278 2605 1336 2658 δέ
1366 2621 1551 2675 φησιν,
1599 2623 1616 2654 ι
1646 2605 1776 2656 Ὅτε

233 2706 498 2777 ηὐδόκησεν
526 2706 554 2758 6
583 2704 721 2766 Θεὸς
746 2704 775 2755 6
815 2700 1083 2771 ἀφορίσας
1121 2715 1189 2770 με
1218 2700 1282 2752 ὲκ
1314 2697 1525 2761 κοιλίας
1573 2699 1778 2769 μητρός

234 2816 340 2868 μου,
369 2794 720 2865 ἀποκαλύψαι
749 2793 841 2847 τὸν
869 2792 1001 2846 Υἱὸν
1023 2789 1193 2845 αὐτοῦ
1223 2790 1282 2844 ὲν
1314 2789 1456 2860 ἐμοὶ.
1487 2808 1507 2839 ι

1876 1964 2199 2033 dictionem,
2234 1967 2381 2038 quod
2418 1985 2481 2026 ea
2530 1971 2791 2044 indignus
2833 1976 3134 2035 duceretur
3168 2000 3183 2036 :
3214 1984 3310 2037 sed
3355 1985 3456 2038 tri-

1878 2057 2084 2111 stitiam
2146 2060 2405 2125 concivit,
2467 2064 2609 2133 quod
2658 2067 2940 2139 negligens
2996 2069 3215 2139 fuisset,
3263 2091 3363 2129 nec
3398 2092 3457 2132 se

1878 2147 2137 2204 decenter
2163 2161 2415 2220 parasset
2441 2165 2495 2210 et
2529 2157 2882 2217 instruxisset
2920 2163 2986 2219 ad
3015 2164 3453 2223 benedictionem

1881 2241 2297 2309 acquirendam.
2337 2244 2396 2300 In
2451 2256 2695 2307 externis
2730 2251 3041 2325 disciplinis
3091 2272 3121 2312 a
3153 2261 3459 2316 dialecticis

1878 2330 2189 2399 appellatur
2247 2334 2400 2391 locus
2465 2340 2774 2407 propositio
2835 2343 3114 2413 generica,
3176 2348 3243 2399 ad
3291 2362 3458 2416 quam

1879 2421 2306 2489 particularium
2358 2427 2792 2495 propositionum
2852 2431 3169 2499 dirigttntur
3215 2435 3461 2504 cpichei-

1879 2522 2113 2579 remata,
2150 2524 2209 2569 ut
2244 2526 2433 2573 notum
2468 2527 2553 2575 est
2582 2521 2915 2578 dialecticis.
2951 2524 3089 2579 Cum
3130 2535 3211 2581 tot
3249 2527 3463 2597 signifi-

1879 2605 2131 2662 cationes
2167 2609 2368 2666 habeat
2398 2612 2577 2679 locus,
2608 2629 2755 2669 nunc
2783 2616 2996 2672 videtur
3024 2618 3326 2688 significari
3358 2620 3465 2673 sub

1882 2700 1991 2753 isto
2048 2701 2274 2756 nomine
2324 2704 2530 2774 gradus
2575 2706 2801 2762 cuilibet
2848 2710 3204 2766 conveniens.
3241 2709 3340 2766 Est
3387 2714 3465 2766 si-

1883 2791 2105 2859 quidem
2140 2795 2347 2864 gradus
2375 2798 2597 2868 quidam
2629 2800 2798 2855 etiam
2829 2816 3057 2858 summa:
3084 2805 3462 2874 perfectionis.

235 2895 275 2950 Is
306 2906 376 2949 est
414 2901 584 2950 status
625 2890 853 2963 quidam
882 2890 971 2959 {ob
1023 2902 1181 2944 suam
1225 2886 1539 2941 firmitatem
1581 2893 1637 2941 et
1672 2885 2045 2952 soliditatem,
2102 2892 2521 2963 appellaturque
2553 2893 2716 2966 317
2767 2907 2921 2966 petra
2977 2898 3152 2954 solida
3203 2902 3467 2971 suppedi-

232 3002 338 3049 tans
389 2986 706 3045 hominibus
751 2985 846 3041 Dei
912 2983 1167 3039 notitiam
1212 2989 1489 3054 quatenus
1533 2982 1614 3036 fas
1666 2990 1751 3036 est
1815 2981 2025 3037 homini
2076 2983 2248 3041 Deum
2304 2989 2550 3045 novisse.
2597 2992 2868 3047 Caeterum
2917 3001 3072 3064 petra
3148 3004 3234 3052 est
3303 2997 3470 3056 Chri-

233 3100 353 3150 stus,
381 3096 433 3141 et
469 3086 584 3141 haec
637 3090 796 3154 petra
836 3088 924 3137 est
964 3081 1119 3135 locus
1157 3078 1300 3149 apud
1347 3077 1520 3134 Deum
1544 3078 1610 3129 ⁸⁷.
1685 3076 1819 3130 Nam
1896 3078 2088 3135 Sermo
2115 3089 2234 3137 erat
2263 3084 2409 3154 apud
2436 3085 2630 3154 Deum,
2658 3098 2714 3143 et
2744 3087 2888 3145 Deus
2912 3100 3029 3146 erat
3058 3090 3149 3149 ille
3183 3090 3375 3150 Sermo
3400 3096 3468 3153 ".

234 3181 350 3234 Iluic
375 3178 527 3235 aliine
552 3187 643 3235 est
671 3184 726 3233 et
757 3174 894 3231 illud
932 3194 945 3231 :
988 3194 1006 3227 ιι
1038 3173 1194 3245 Apud
1237 3182 1291 3229 te
1314 3182 1400 3229 est
1436 3171 1563 3228 fons
1594 3170 1773 3226 vitae.»
1827 3190 1845 3223 ι
1876 3172 1933 3227 1η
1968 3172 2093 3230 luce
2116 3177 2240 3246 ejus
2268 3179 2583 3237 videbimus
2621 3181 2799 3237 lucem
2821 3184 2929 3239 δ’.»
2962 3183 3068 3251 Qui
3102 3186 3157 3242 in
3208 3188 3304 3243 illo
3353 3191 3473 3246 loco

233 3270 481 3333 consistit,
512 3270 559 3324 is
581 3266 737 3323 videt
769 3265 1011 3320 Patrem.
1046 3262 1205 3329 Nam,
1240 3283 1259 3315 ι
1289 3262 1397 3330 Qui
1428 3278 1535 3327 me,
1576 3262 1779 3331 inquit,
1819 3263 1957 3318 vidit
2003 3266 2137 3321 vidit
2170 3267 2388 3325 Patrem
2412 3272 2477 3324 ⁸⁸.
2510 3291 2528 3323 ι
2563 3271 2618 3328 Si
2651 3281 2833 3330 autem
2858 3276 3240 3335 existimemus
3268 3296 3296 3333 a
3332 3280 3473 3336 Filio

232 3366 326 3420 dici
346 3383 360 3419 :
378 3365 515 3421 Ecce
544 3364 709 3421 locus
733 3362 880 3434 apud
904 3375 1012 3428 me,
1037 3358 1559 3430 etc.,intelligamus
1587 3356 1804 3413 Patrem
1838 3374 1961 3415 esse
1980 3361 2510 3436 locum.Utnamque
2545 3365 2721 3424 Filius
2735 3368 2893 3425 nobis
2918 3372 3234 3429 manifestat
3251 3373 3471 3433 Patrem

234 3461 302 3510 sic
326 3458 474 3513 Petro
506 3467 561 3514 et
601 3457 779 3512 Paulo
821 3455 1089 3511 revelavit
1130 3452 1327 3509 Filium
1370 3452 1551 3509 Pater.
1624 3453 1825 3510 Petrus
1897 3456 2095 3511 beatus
2123 3461 2533 3527 pronuntiatur,
2578 3464 2725 3534 quod
2780 3464 2976 3521 Filium
3007 3468 3264 3524 didicerit
3314 3470 3475 3529 Patre

231 3565 506 3626 retegente.
565 3554 778 3609 Paulus
829 3550 1013 3622 inquit
1061 3570 1073 3605 :
1132 3550 1314 3616 «Quia
1365 3551 1573 3620 placuit
1609 3551 1740 3619 Deo,
1784 3553 1877 3622 qui
1914 3556 2227 3626 segregavit
2256 3573 2342 3611 me
2390 3559 2460 3612 ab
2501 3569 2659 3614 utero
2691 3570 2966 3630 materno,
3034 3575 3091 3620 ut
3156 3570 3474 3628 manifestet

234 3645 407 3700 Filium
442 3660 603 3701 suum
642 3660 741 3716 per
774 3658 859 3699 me
882 3644 947 3697 ⁸¹.
988 3661 1006 3695 ι

292 3806 504 3873 Quando
517 3814 700 3861 autem
715 3805 1015 3859 transiverit
1031 3804 1200 3873 gloria
1216 3820 1352 3869 utea,
1366 3804 1687 3858 constituam
1703 3812 1752 3856 te
1765 3803 1818 3856 in
1830 3804 2090 3873 foramine
2100 3814 2284 3873 petrte,
2296 3814 2344 3858 et
2360 3812 2527 3875 tegam
2554 3815 2603 3859 te
2619 3822 2775 3860 manu
2800 3824 2938 3873 mea,
2956 3819 3061 3864 etc.
3078 3808 3474 3886 [XXXIILQQJ

231 3897 351 3949 Cum
382 3896 525 3949 enim
563 3896 661 3948 Dei
690 3895 868 3964 gloria
896 3895 1244 3964 praecesserit
1271 3893 1590 3947 universam
1615 3901 1951 3955 creaturam,
1996 3890 2194 3944 merito
2226 3905 2374 3945 nunc
2403 3891 2669 3960 praeterit,
2705 3892 3011 3947 secundum
3041 3902 3288 3951 tenorem
3310 3897 3474 3968 hujus

233 3985 491 4053 proloquii
525 3998 541 4037 :
571 4001 590 4035 ι
627 3980 892 4037 ϐῖοιὶίίοιι
951 3998 1037 4038 tne
1075 3996 1137 4037 ea
1177 3980 1371 4052 gloria,
1402 3996 1566 4051 quam
1596 3981 1762 4035 habui
1793 3979 2018 4051 apudte
2047 3976 2369 4046 priusquam
2408 3977 2647 4031 mundus
2668 3986 2815 4033 esset
2838 3980 2908 4033 ⁸⁸.
2950 4000 2969 4032 ι
2998 3980 3269 4038 Foramen
3304 3995 3473 4054 petrae

232 4079 715 4133 tocitimemoratur,
740 4071 872 4139 quia
911 4068 1210 4139 nequimus
1241 4069 1310 4123 ad
1340 4068 1559 4139 plenam
1596 4068 2015 4139 perfectionem,
2040 4064 2371 4135 quantisper
2404 4063 2459 4118 in
2491 4064 2592 4119 hoc
2623 4066 2832 4121 mundo
2857 4067 3131 4138 degimus,
3156 4073 3471 4140 pervenire.

231 4161 325 4213 Sed
354 4160 590 4215 subinde
613 4173 685 4213 ex
720 4158 842 4228 ipso
870 4156 1182 4224 haurimus,
1213 4158 1678 4226 quemadmodum
1722 4158 1884 4211 docet
1930 4153 2269 4224 evangelista
2300 4172 2313 4206 :
2346 4172 2363 4204 ι
2394 4151 2471 4206 Ex
2504 4153 2844 4233 plenitudine
2877 4156 2999 4225 ejus
3025 4173 3127 4213 nos
3157 4172 3351 4217 omnes
3376 4177 3473 4217 ac-

232 4250 460 4319 cepimus
498 4247 569 4312 ”,
617 4265 636 4297 ι
697 4260 762 4299 ex
804 4252 963 4313 parte
1009 4252 1410 4313 cognoscentes
1452 4252 1506 4299 et
1561 4245 1978 4315 prophetantes.
2014 4242 2362 4313 Quapropter
2405 4241 2638 4297 suiliciat
2669 4243 2778 4307 bis,
2824 4245 2916 4315 qui
2950 4256 3231 4316 nequeunt
3264 4260 3472 4319 petram

232 4352 433 4389 onmem
462 4334 603 4390 foris
641 4332 905 4397 circuire,
936 4332 982 4387 si
1035 4332 1379 4388 consistendi
1422 4332 1582 4403 c0pia
1641 4332 1767 4386 data
1820 4333 1895 4386 sit
1941 4333 1993 4385 in
2053 4331 2326 4385 foramine
2366 4341 2551 4400 petrae.
2596 4330 2740 4388 Deus
2787 4342 2969 4388 autem
3006 4335 3158 4391 solus
3209 4336 3474 4391 laudibus

238 4424 468 4483 vehatur,
503 4423 600 4492 qui
634 4421 866 4491 dignum
902 4420 1087 4491 posuit
1121 4421 1174 4474 in
1208 4420 1479 4475 foramine
1535 4429 1741 4487 petrae;
1772 4421 1867 4490 qui
1917 4420 2104 4489 posuit
2152 4419 2444 4473 luminaria
2483 4420 2537 4473 in
2572 4419 2921 4475 firmamento
2953 4423 3078 4476 caeli
3111 4439 3125 4487 ;
3156 4424 3247 4492 qui
3288 4426 3476 4493 posuit

232 4510 480 4563 Adauium
514 4511 570 4563 in
608 4507 936 4580 paradisum
973 4515 1033 4562 ut
1061 4508 1209 4563 hunc
1237 4508 1484 4563 divinum
1542 4509 1596 4564 in
1628 4524 1834 4564 morem
1865 4508 2094 4563 coleret.
2138 4505 2316 4562 Moses
2351 4507 2656 4561 collocatur
2688 4509 2741 4562 in
2783 4507 3053 4564 foramine
3077 4521 3267 4579 petrae,
3303 4519 3359 4565 ut
3397 4514 3479 4567 vi-

233 4596 427 4650 deatea
460 4614 588 4668 quae
624 4606 758 4652 sunt
796 4606 917 4666 post
941 4597 1133 4660 Deum,
1166 4611 1261 4665 per
1292 4611 1416 4666 quae
1450 4597 1680 4667 mystice
1714 4596 2075 4651 declarantur
2106 4595 2414 4665 posteriora
2446 4605 2611 4665 petra:
2634 4596 2846 4651 scilicet
2870 4597 2992 4651 Filii
3026 4598 3317 4668 unigeniti.
3348 4598 3479 4654 Plu-

232 4686 373 4740 rima:
401 4695 533 4740 sunt
570 4693 745 4755 petrae
776 4683 917 4740 falso
949 4682 1135 4746 dictae,
1168 4691 1228 4738 ut
1256 4684 1640 4753 unusquisque
1670 4683 1914 4747 illorum,
1952 4684 2046 4753 qui
2097 4684 2263 4737 audet
2306 4683 2669 4753 pronuntiare
2702 4701 2715 4736 :
2762 4702 2779 4735 ι
2818 4682 2933 4753 Ego
2969 4700 3091 4739 sum
3136 4686 3416 4742 Christus.
3454 4707 3472 4739 ι

233 4772 285 4824 ln
326 4775 489 4829 tertio
524 4774 740 4845 Regum
776 4772 971 4842 plurali
1016 4785 1253 4825 numero
1305 4771 1671 4825 enuntiantur
1703 4779 1890 4841 petras,
1959 4786 2080 4841 qua:
2106 4770 2244 4825 vitio
2273 4786 2380 4824 non
2416 4780 2626 4824 carent.
2665 4770 2801 4824 Nam
2842 4771 2989 4828 Elias
3017 4782 3171 4829 stans
3207 4776 3263 4829 in
3294 4785 3482 4832 monte

234 4861 356 4915 vidit
380 4872 609 4917 ventum
639 4875 899 4931 magnum
924 4866 978 4913 et
1004 4859 1333 4923 violentum,
1366 4860 1760 4915 dissolventem
1804 4870 2040 4920 montes,
2065 4868 2120 4914 et
2159 4859 2628 4913 comminuentem
2660 4865 2848 4926 petras
2880 4859 2947 4915 “.
2999 4879 3017 4912 ι
3062 4859 3350 4930 Siquidem
3390 4862 3481 4917 di~

232 4948 386 5004 vinus
423 4950 679 5021 Spiritus
712 4946 952 5002 conterit
978 4960 1197 5001 omnem
1223 4947 1639 5013 celsitudinem,
1672 4963 1796 5017 quae
1825 4964 1883 5002 se
1905 4946 2118 5002 extollit
2148 4956 2202 5001 et
2235 4945 2470 5016 insurgit
2511 4954 2704 4999 contra
2735 4947 3109 5015 cognitionem
3138 4947 3253 5005 Dei.
3285 4949 3480 5006 Perdet

234 5052 463 5107 namque
491 5038 831 5107 sapientiam
875 5034 1016 5090 falso
1053 5035 1470 5089 nominatorum
1505 5035 1818 5105 sapientum
1855 5053 1866 5088 :
1903 5042 1955 5088 et
1984 5034 2333 5103 prudentiam
2385 5032 2720 5103 prudentqu
2769 5034 2983 5088 irritam
3021 5035 3184 5091 faciet
3207 5039 3275 5092 ⁸⁸.
3302 5036 3479 5092 Nautu

231 5123 403 5193 inquit
442 5145 456 5179 :
497 5144 515 5177 ι
558 5126 741 5179 Furor
762 5124 885 5193 ejus
913 5123 1091 5194 liquat
1118 5129 1446 5191 potestates,
1477 5140 1496 5174 ι
1535 5123 1801 5176 nimirum
1859 5122 2006 5187 illas,
2043 5136 2167 5176 cum
2211 5121 2415 5191 quibus
2454 5130 2721 5191 perpetua
2768 5122 2917 5176 lucta
2948 5134 3034 5179 est
3083 5125 3334 5191 sanctis;
3368 5144 3385 5175 ι
3427 5134 3482 5179 et

232 5219 394 5279 petra:
427 5211 500 5266 ab
538 5212 664 5281 ipso
691 5210 995 5265 confractae
1031 5218 1167 5265 sunt
1189 5210 1255 5273 ",
1288 5228 1305 5260 ι
1341 5211 1604 5264 nimirum
1645 5207 1821 5261 dolosi
1879 5217 1932 5261 et
1992 5206 2331 5263 fraudulenti
2366 5209 2629 5279 scphistae
2696 5210 2789 5280 qui
2849 5211 3088 5267 subeunt
3128 5211 3484 5267 fraudulento

232 5308 281 5350 et
301 5299 627 5369 deceptorio
664 5298 850 5352 animo
883 5308 1091 5366 petram
1127 5311 1336 5359 veram,
1364 5311 1487 5365 qua:
1526 5306 1609 5350 est
1636 5294 1806 5349 Filius
1849 5297 2195 5366 unigenitus,
2232 5308 2285 5351 et
2318 5297 2581 5352 videntur
2616 5298 2823 5353 habere
2852 5299 3145 5363 foramina,
3190 5298 3242 5352 in
3279 5299 3482 5368 quibus

235 5384 672 5452 deprehenditur
707 5385 911 5440 morari
945 5384 1218 5454 superbus
1241 5394 1294 5440 et
1325 5384 1608 5439 iastuosus
1642 5383 1919 5447 diabolus,
1951 5384 2015 5437 ad
2051 5399 2216 5453 quem
2264 5392 2476 5453 spectat
2509 5400 2746 5455 sequens
2771 5386 3059 5456 prophetia
3094 5401 3107 5437 :
3148 5405 3165 5436 ι
3211 5385 3484 5457 Superbia

231 5474 410 5530 cordis
442 5480 523 5531 tui
556 5483 612 5529 te
637 5475 840 5529 clatum
875 5470 1026 5539 facit,
1055 5482 1129 5537 te,
1166 5474 1417 5543 inquam.
1463 5475 1804 5528 habitantem
1843 5474 1895 5527 iu
1936 5472 2303 5527 foraminibus
2337 5485 2616 5542 petrarum
2637 5474 2681 5504 "
2705 5490 2719 5539 ;
2747 5492 2768 5525 ι
2802 5483 2856 5526 at
2890 5473 2992 5539 hae,
3028 5472 3082 5527 in
3115 5474 3315 5544 quibus
3349 5490 3486 5530 con-

296 5667 340 5701 “
374 5669 549 5724 Exod.
583 5687 730 5725 xxw.
766 5672 853 5724 11.
921 5672 964 5702 ⁸³
988 5670 1149 5726 Rom.
1184 5686 1282 5731 xu,
1315 5673 1395 5726 i2.
1451 5672 1494 5701 ⁸⁸
1519 5671 1685 5724 Hebr.
1724 5687 1765 5724 τι

1885 5668 1934 5723 '7.
2013 5668 2055 5698 ⁸⁷
2090 5666 2106 5720 1
2136 5668 2263 5722 Cor.
2297 5685 2351 5731 κ,
2382 5668 2433 5724 1.
2512 5668 2555 5699 ⁸⁸
2582 5666 2737 5723 Joan.
2773 5684 2809 5729 ι,
2848 5668 2897 5721 1.
2974 5668 3018 5699 δ’
3050 5668 3193 5723 Psal.
3222 5686 3391 5734 xxxv,
3425 5671 3478 5725 9.

229 5736 276 5808 ξο
298 5737 455 5793 Joan.
492 5757 610 5802 xlv,
649 5742 699 5794 9.
777 5739 1095 5803 "Galat.t,
1128 5740 1328 5803 15,16.
1400 5740 1623 5795 "Joan.
1658 5758 1765 5795 xvii

1869 5780 1873 5793 .
1952 5740 1997 5770 ⁵³
2027 5737 2182 5792 Joan.
2230 5756 2265 5803 ι,
2310 5740 2396 5793 lii.
2473 5738 2516 5769 “
2548 5736 2609 5792 Ill
2649 5736 2775 5808 licg.
2804 5753 2915 5802 xix,
2946 5738 3029 5791 11.
3107 5740 3151 5771 ⁸⁸
3192 5739 3474 5807 lsa.xx1x,

234 5805 329 5861 ﬂ:
365 5811 537 5864 tCor.
571 5825 612 5870 ι,
641 5814 690 5864 9.
768 5810 1006 5864 "l‘taum
1042 5828 1076 5872 ι,
1107 5810 1161 5863 6.
1238 5812 1279 5841 ⁵⁷
1319 5813 1505 5865 Abdiae
1535 5828 1571 5876 I,
1604 5812 1656 5867 5.

560 5898 825 5966 Pareat.
871 5905 987 5963 Gn.
1040 5904 1394 5969 LXXXVII.

2985 5906 3063 5964 2-2
