3864 6506
608 322 715 387 533
1903 321 2257 385 PROCOPII
2309 325 2552 387 GAZ/EI
3720 340 3795 400 (ει

611 443 760 495 sistit
787 437 1066 498 diabolus,
1093 447 1284 507 petrae,
1316 444 1506 507 patent
1530 438 1585 493 in
1617 439 1982 510 profundum.
2018 440 2171 511 Opus
2212 443 2400 513 itaque
2432 445 2700 502 habemus
2727 446 2837 502 Deo
2871 457 3353 505 commonstrante
3389 448 3543 505 nobis
3574 464 3705 505 suam
3728 469 3796 507 sa-

610 527 875 598 pientiam
901 535 956 580 et
977 536 1367 596 corrumpente
1406 526 1735 596 sapientiam
1765 528 1956 583 sazculi
2002 528 2203 593 hujus,
2257 546 2424 601 quam
2469 549 2577 587 non
2625 543 2787 589 sonat
2833 534 3038 591 Paulus
3100 552 3338 609 magnus
3372 539 3441 591 ⁵⁸.
3472 537 3612 609 Opus
3635 551 3705 595 est
3729 545 3797 595 illa

611 616 909 686 sapiantia,
942 614 1188 684 inquam,
1226 630 1392 683 quam
1426 614 1773 671 reconditam
1810 617 1865 670 in
1923 618 2188 687 mysterio
2231 628 2459 674 enarrat
2484 619 2713 678 Paulus.
2746 622 2851 677 Cui
2892 625 3186 694 sapientiae
3214 627 3259 681 si
3294 626 3798 696 appropinquaverint

609 714 783 758 etiam
807 704 908 768 illi,
942 703 1040 773 qui
1084 704 1330 772 reliquas
1385 713 1566 773 petras
1616 705 1892 769 obtinent,
1961 706 2285 774 vincuntur,
2328 714 2383 762 et
2436 710 2597 778 quasi
2641 709 2983 766 devorantur
3025 728 3129 767 ceu
3188 716 3361 784 virgze
3401 716 3799 783 praestigiatorum

609 791 854 863 Algypti,
896 806 1037 861 quas
1075 790 1415 860 deglutiebat
1446 791 1599 862 virga
1631 791 1893 857 Aaronis,
1923 807 2045 861 quae
2066 794 2348 849 ferebatur
2383 797 2631 852 veritatis
2677 808 2989 868 sceptrum,
3015 800 3326 855 secundum
3353 800 3489 852 illud
3516 805 3755 854 oraculum
3785 822 3795 856 :

614 901 635 934 ι
673 884 981 951 Absumpta
1011 890 1164 945 sunt,
1198 897 1322 950 quae
1353 883 1706 935 cohaerebant
1731 892 1902 952 petrae
1959 884 2030 947 ⁸⁸,
2069 902 2088 935 ι
2131 882 2347 937 scilicet
2380 892 2636 953 potentes
2663 900 2879 949 eorum,
2919 896 2975 941 ut
2998 888 3597 957 virgaeincantatorum
3620 889 3800 959 Algypti

610 968 1054 1023 absumebantur
1086 982 1115 1021 a
1146 967 1302 1037 virga
1336 968 1599 1023 Aaronis.
1636 969 1762 1024 llaec
1809 970 2081 1037 siquidem
2127 980 2247 1024 erat
2300 979 2585 1041 sceptrum
2639 973 2915 1028 veritatis.
2959 972 3077 1029 Hac
3122 974 3299 1044 virga,
3344 976 3557 1029 scilicet
3577 978 3801 1034 eﬁectrice

520 1077 527 1084 λ
609 1071 711 1111 sua
740 1065 795 1109 et
826 1055 1034 1125 insigni
1062 1056 1336 1125 potentia,
1365 1055 1524 1125 quasi
1569 1056 1620 1108 in
1651 1065 1805 1125 petra
1835 1056 2086 1110 abditum
2113 1065 2298 1111 tuetur
2321 1073 2451 1113 vere
2478 1060 2730 1130 religioni
2758 1069 2813 1115 et
2840 1061 3029 1131 pietati
3064 1070 3481 1128 consecratum,
3508 1072 3565 1117 ut
3596 1064 3801 1124 innoxius

610 1153 667 1199 et
700 1144 908 1199 illzesus
932 1153 1315 1208 conservetur,
1358 1144 1512 1198 nullo
1547 1144 1761 1199 scilicet
1793 1144 2010 1198 valente
2039 1160 2232 1214 rapere
2263 1146 2439 1211 illum,
2469 1163 2631 1217 quem
2666 1147 2857 1203 divina
2888 1150 3138 1221 potentia
3177 1158 3393 1204 tuetur.
3434 1149 3685 1206 Caeterum
3720 1170 3803 1206 ma-

607 1250 716 1290 nus
743 1233 1045 1303 imponitur
1068 1231 1319 1303 tlieologo
1344 1232 1518 1288 donec
1543 1241 1789 1287 transeat
1810 1234 1921 1297 ille,
1952 1234 2042 1303 qui
2074 1232 2348 1289 antecedit
2376 1236 2600 1302 sazcula,
2630 1251 2729 1291 nec
2755 1248 2940 1291 tamen
2983 1238 3145 1293 locali
3176 1238 3703 1309 circumscriptione,
3737 1243 3802 1296 sed

610 1325 893 1380 intellectu
919 1337 1192 1392 apparens
1228 1337 1420 1377 omnes
1444 1322 1771 1378 antecedere
1809 1332 2115 1377 creaturas.
2143 1321 2387 1377 Reducta
2423 1340 2553 1380 vero
2585 1340 2750 1380 manu
2784 1326 2965 1382 Moses
3007 1329 3374 1397 conspicatur
3406 1330 3687 1398 posteriora
3717 1330 3802 1392 Dei,

610 1429 735 1467 cum
761 1412 954 1467 faciem
981 1411 1103 1479 ejus
1125 1426 1354 1466 cernere
1377 1412 1519 1465 inter
1548 1411 1917 1479 impossibilia
1944 1412 2110 1483 318
2141 1426 2595 1469 counun‘ieretur.
2652 1416 2785 1471 Cum
2814 1415 2961 1471 enim
3006 1417 3338 1488 conspicere
3382 1432 3619 1486 nequeas
3656 1434 3803 1474 essen-

610 1501 739 1554 tiam
772 1499 891 1563 Dei.
921 1515 1043 1570 qua:
1082 1499 1362 1553 antecedit
1383 1502 1770 1562 aeternitatem,
1814 1510 1971 1569 potes
1994 1509 2174 1555 tamen
2202 1502 2388 1571 aliquo
2419 1503 2578 1557 modo
2608 1520 2673 1559 ex
2707 1504 3087 1574 magnitudine
3114 1517 3167 1560 ct
3194 1506 3613 1575 pulchritudine
3632 1518 3803 1561 creatu-

610 1603 797 1641 rarum
824 1586 995 1641 Deum
1032 1587 1335 1654 speculari.
1391 1585 1525 1640 Nam
1554 1601 1674 1656 qua:
1704 1596 1834 1642 sunt
1867 1587 2170 1642 invisibilia
2220 1590 2420 1659 ipsius,
2466 1607 2533 1647 ex
2563 1593 2856 1647 creatione
2902 1594 3118 1661 mundi,
3154 1595 3287 1649 dum
3333 1610 3437 1665 per
3460 1610 3619 1665 opera
3648 1596 3804 1650 intelli-

608 1686 838 1746 guntur,
872 1675 1228 1745 pervidentur
1246 1676 1311 1729 ⁸ο.
1343 1674 1480 1729 Huic
1505 1677 1783 1731 consentit
1828 1686 1883 1731 et
1944 1677 2083 1731 illud
2136 1679 2422 1734 oraculum
2459 1698 2473 1735 :
2514 1699 2533 1731 ι
2571 1682 2821 1735 Attollite
2862 1685 3056 1737 oculos
3112 1694 3333 1738 vestros
3370 1690 3427 1739 et
3486 1684 3674 1745 videte.
3711 1688 3802 1753 quis

608 1767 1069 1822 commonstravit
1097 1767 1212 1821 haec
1249 1767 1477 1821 omnia?
1508 1767 1598 1837 qui
1623 1767 1832 1836 profert
1862 1769 2167 1823 secundum
2201 1783 2491 1823 numerum
2530 1778 2789 1824 ornatum
2835 1770 3081 1835 illorum,
3133 1786 3337 1826 omnes
3380 1786 3484 1825 suo
3519 1772 3718 1825 nomine
3737 1788 3803 1825 ro-

609 1857 757 1909 cabit
790 1856 856 1907 °‘.
906 1854 1211 1908 iPraeterca
1231 1853 1496 1918 artiﬁces,
1532 1869 1672 1922 quos
1704 1854 2051 1925 ignoramus,
2085 1858 2473 1925 cognoscimus
2504 1873 2568 1912 ex
2603 1859 2893 1926 Operihus.
2925 1857 2981 1913 Si
3019 1870 3203 1914 autem
3236 1858 3421 1916 Filius
3456 1858 3549 1915 Dei
3573 1860 3657 1914 illa
3681 1864 3800 1915 verba

609 1948 861 2000 elocutus
882 1951 966 1998 est
992 1944 1058 1998 ad
1088 1942 1299 2008 Mosen,
1330 1942 1587 2012 profecto
1617 1942 1908 1997 sciendum
1937 1952 2045 2005 est,
2076 1941 2198 1997 Filii
2221 1953 2486 1999 :eternam
2514 1945 2810 1999 essentiam
2841 1948 2959 2002 sive
2988 1948 3226 2002 divinam
3251 1956 3515 2002 naturam
3532 1948 3631 2002 dici
3659 1948 3802 2000 faciem

608 2035 724 2090 Dei.
758 2034 1072 2089 Posteriora
1105 2050 1235 2089 vero
1276 2033 1523 2102 intellige
1548 2029 1671 2085 Filii
1708 2031 2147 2086 incarnationem
2190 2047 2286 2087 seu
2330 2033 2626 2086 humanam
2658 2042 2935 2091 naturam.

682 2144 873 2215 Sculpe
903 2144 997 2197 tibi
1031 2144 1167 2197 duas
1211 2145 1426 2196 tabulas
1455 2143 1696 2210 fapideas
1726 2141 1901 2194 instar
1929 2140 2193 2212 priorum,
2220 2152 2329 2197 etc.
2358 2140 2469 2212 [XX
2487 2139 2627 2205 XIV,
2671 2141 2745 2214 1.]
2779 2142 2973 2210 Opera:
3017 2144 3259 2213 pretium
3317 2143 3457 2198 duxi
3492 2143 3643 2211 paulo
3682 2142 3803 2193 altius

608 2242 879 2303 repetere,
912 2234 1218 2302 quzestioue
1242 2231 1515 2300 siquidem
1543 2231 1772 2301 dignum
1815 2238 1925 2293 est,
1966 2232 2099 2300 quid
2133 2245 2320 2284 causa:
2343 2230 2441 2293 sit,
2485 2245 2613 2284 cum
2654 2232 2941 2300 Scriptura
2978 2232 3142 2286 toties
3165 2240 3408 2286 testetur
3438 2230 3617 2286 Mosen
3648 2230 3801 2283 vidsse

611 2323 804 2386 Deum,
856 2321 1162 2391 praesertim
1214 2319 1368 2374 hisce
1418 2318 1646 2373 verbis:
1687 2337 1704 2368 ι
1743 2317 1944 2372 Coram
1994 2320 2417 2389 colloquebatur
2466 2334 2593 2374 cum
2637 2318 2786 2374 Mose
2826 2319 2991 2374 sicuti
3040 2319 3170 2389 quis
3213 2320 3560 2387 colloquitur
3599 2334 3704 2371 cum
3732 2334 3800 2370 Sua

611 2409 812 2471 amico,
851 2428 867 2458 ι
897 2416 1033 2471 etc.,
1071 2421 1216 2461 nunc
1250 2420 1381 2460 vero
1413 2406 1593 2474 poscit
1653 2414 1713 2458 ut
1784 2406 1888 2460 sibi
1941 2417 2204 2476 appareat
2263 2406 2411 2461 Deus
2440 2407 2605 2476 quasi
2659 2408 2728 2471 is,
2762 2408 2856 2477 qui
2891 2408 3055 2463 toties
3094 2423 3154 2462 se
3187 2408 3492 2463 videndum
3528 2407 3795 2465 ειιιὶιηιετὶε,

611 2497 853 2551 nondum
884 2494 1021 2549 Mosi
1045 2496 1361 2564 apparuerit
1388 2502 1443 2547 et
1474 2493 1627 2548 visus
1653 2494 1744 2547 sit.
1773 2491 1920 2547 Deus
1957 2509 2106 2546 nunc
2138 2493 2359 2564 quidem
2393 2494 2611 2561 annuit,
2640 2511 2790 2549 nunc
2824 2511 2955 2550 vero
2989 2495 3204 2559 abnuit,
3243 2504 3307 2548 ut
3338 2496 3432 2563 qui
3470 2503 3610 2563 petat
3641 2497 3797 2559 impas-

610 2584 814 2639 sibilia.
850 2580 1084 2636 Proinde
1112 2593 1240 2635 vota
1267 2582 1532 2650 corrigat,
1566 2590 1617 2633 et
1647 2580 1972 2649 prudentius
2005 2590 2180 2650 optet.
2245 2580 2518 2636 Praeterea
2574 2590 2853 2636 memorat
2892 2581 3078 2653 ﬁgurae
3110 2590 3329 2653 partem
3380 2581 3732 2651 posteriorem.
3754 2580 3797 2629 At

608 2672 791 2727 omnis
821 2672 993 2741 figura
1027 2669 1180 2723 ﬁnita
1212 2679 1297 2723 est
1325 2683 1421 2723 seu
1457 2668 1620 2721 ﬁnem
1655 2668 1838 2721 habet.
1865 2668 2145 2737 Quidquid
2180 2668 2397 2723 ﬁnitum
2440 2679 2527 2725 est
2573 2684 2670 2724 seu
2701 2669 2862 2724 ﬁnem
2897 2671 3088 2735 habet,
3123 2681 3386 2725 censetur
3413 2683 3631 2739 corpus.
3666 2665 3797 2719 Omne

611 2774 813 2829 corpus
843 2772 932 2814 esr
954 2756 1341 2826 compositum.
1366 2754 1647 2824 Quidquid
1672 2756 2042 2824 compositum
2080 2765 2187 2818 est,
2221 2757 2273 2811 id
2325 2758 2669 2826 corruptioui
2704 2768 2757 2813 et
2793 2757 3157 2814 dissolutioui
3212 2757 3524 2813 obnoxium
3548 2764 3643 2810 est.
3667 2754 3793 2807 Caste-

608 2865 729 2904 rum
751 2847 1037 2916 corruptio
1068 2856 1153 2900 est
1172 2846 1459 2913 compositi
1496 2845 1754 2915 corporis
1783 2845 2114 2899 destructio.
2140 2844 2349 2915 Ecquid
2377 2847 2568 2901 cernis
2598 2847 2665 2901 ad
2690 2862 2832 2917 quas
2856 2848 3231 2903 absurditates
3250 2849 3385 2917 quis
3405 2848 3632 2901 deducat
3650 2845 3791 2899 Deum.

606 2939 652 2995 si
684 2938 808 3008 quis
842 2944 1165 3007 praesentem
1196 2935 1377 2990 locum
1416 2934 1656 3001 accipiat
1679 2933 1990 2987 secundum
2013 2934 2273 2988 litteram.
2313 2934 2370 2988 Si
2421 2936 2729 2989 secundum
2766 2937 3007 2991 litteram
3035 2950 3165 3005 pars
3187 2943 3462 3004 perceptu
3495 2931 3792 3001 itnpussibilis

607 3028 863 3090 habetur,
889 3025 1064 3080 multo
1094 3023 1280 3077 minus
1301 3031 1475 3077 totum
1513 3022 1635 3090 capi
1665 3021 1889 3090 poterit.
1914 3019 2053 3073 Nam
2089 3030 2266 3075 totum
2300 3037 2366 3077 ex
2420 3023 2676 3092 partibus
2730 3024 3103 3092 componitur.
3133 3021 3276 3089 Quid
3313 3022 3490 3093 igitur
3515 3022 3576 3075 de
3607 3022 3722 3083 loco,
3745 3017 3791 3069 de

608 3124 785 3186 petra,
814 3121 870 3167 et
909 3110 1177 3165 foramine
1196 3118 1255 3163 et
1289 3109 1355 3163 de
1384 3108 1602 3162 caeteris
1635 3107 2155 3179 pronuntiabimus?
2184 3108 2656 3174 Quemadmodum
2704 3109 2892 3179 gravia
2924 3123 3163 3179 corpora
3197 3108 3534 3163 naturaliter
3560 3118 3791 3159 movemur

604 3209 885 3265 deorsum,
909 3200 957 3257 si
986 3198 1119 3255 nihil
1144 3197 1354 3264 obSIat,
1420 3198 1494 3251 ita
1530 3198 1715 3251 anima
1749 3198 1987 3252 liberata
2012 3198 2082 3251 ab
2108 3198 2368 3252 omnibus
2392 3197 2710 3262 affectibus,
2741 3197 2839 3267 qui
2870 3206 3095 3253 terrena
3124 3199 3373 3267 sapiunt,
3407 3197 3625 3251 liberum
3649 3194 3703 3247 ad
3722 3210 3788 3246 su-

605 3307 790 3365 prema
817 3291 981 3345 habet
1004 3297 1233 3342 motum.
1260 3284 1397 3339 Nam
1430 3286 1627 3340 summi
1650 3285 1780 3339 boui
1817 3299 1881 3338 ea
1912 3293 2110 3338 natura
2136 3294 2242 3349 est,
2269 3293 2327 3337 ut
2362 3284 2427 3339 ad
2458 3299 2585 3339 sese
2608 3285 2852 3339 attrahat
2877 3292 2933 3339 et
2964 3270 3124 3339 miris
3159 3286 3347 3341 modis
3373 3283 3590 3354 quidvis
3629 3282 3685 3334 ad
3701 3293 3789 3333 sese

603 3381 827 3436 alliciat.
859 3377 939 3431 Ad
975 3390 1250 3431 summum
1283 3375 1452 3443 igitur
1488 3373 1693 3426 bonum
1726 3372 1985 3428 sublimis
2011 3381 2237 3427 evectus
2272 3371 2514 3437 animus,
2544 3387 2655 3427 non
2689 3373 2926 3443 amplius
2956 3380 3175 3443 tergum
3215 3372 3340 3435 Dei,
3368 3372 3466 3432 sed
3497 3371 3671 3426 faciem
3692 3383 3789 3422 con-

603 3476 805 3530 tuetur,
842 3472 897 3519 et
942 3462 1013 3517 ad
1054 3462 1201 3516 hunc
1238 3461 1497 3516 sublimia
1525 3462 1768 3513 volatum
1800 3459 2057 3513 nonnihil
2097 3462 2378 3513 animatur
2423 3476 2490 3515 ex
2539 3461 2626 3515 bis
2651 3476 2772 3531 qum
2802 3472 2961 3516 antea
2988 3460 3165 3515 fuerat
3197 3475 3226 3513 a
3255 3459 3373 3517 Deo
3412 3460 3653 3521 edoctus,
3676 3457 3786 3510 sicut

601 3555 781 3610 Moses
808 3553 1021 3607 nullum
1051 3550 1157 3605 sibi
1191 3550 1492 3603 terminum
1514 3550 1598 3601 vel
1643 3547 1803 3601 finem
1828 3563 2165 3617 preponeus,
2213 3547 2344 3602 dum
2369 3549 2623 3603 ascendit
2657 3558 2841 3603 mente
2878 3547 2934 3602 in
2964 3549 3196 3603 cwleste
3230 3547 3599 3603 domicilium.
3634 3543 3783 3597 Verum

600 3643 771 3699 semel
799 3640 1067 3694 insistens
1101 3638 1290 3699 scalis,
1325 3651 1463 3704 quas
1499 3637 1677 3690 erexit
1722 3635 1893 3699 Deus,
1953 3638 2419 3705 quemadmodum
2482 3647 2671 3692 monet
2716 3636 2914 3703 Jacob,
2958 3652 3177 3707 semper
3215 3640 3531 3709 proximum
3572 3646 3784 3705 superans

602 3732 850 3803 gradum,
885 3745 991 3781 nou
1023 3736 1209 3781 cessat
1238 3723 1305 3778 ad
1341 3724 1717 3779 summitatem
1744 3724 1829 3777 vel
1860 3722 2139 3793 fastigium
2175 3725 2498 3789 ascendere,
2524 3741 2764 3780 cernens
2803 3741 2914 3779 uno
2960 3726 3136 3795 gradu
3178 3734 3450 3796 superato
3483 3738 3678 3793 semper
3715 3734 3781 3773 su-

598 3836 815 3888 perasse
842 3819 1031 3871 alium.
1061 3814 1299 3869 Proinde
1336 3812 1548 3880 majore
1607 3811 1871 3880 cupidine
1918 3813 2156 3882 agitatur
2188 3815 2606 3869 conscendendi
2663 3822 2983 3884 sequentem
3046 3814 3303 3886 gradum,
3364 3823 3424 3869 ut
3469 3813 3558 3884 qui
3607 3821 3780 3881 ungues

597 3908 904 3982 perceperit
963 3906 1175 3961 fructus
1237 3904 1401 3973 hujus
1463 3901 1692 3963 laboris.
1757 3901 1886 3955 dum
1956 3917 2050 3969 per
2101 3910 2332 3957 caeteros
2393 3903 2695 3958 incederet.
2746 3902 2885 3958 llinc
2916 3902 3119 3967 Moses,
3152 3919 3279 3958 cum
3329 3912 3413 3958 tot
3449 3911 3781 3965 tantorumque

596 3998 986 4051 miraculorum
1023 4002 1076 4047 ct
1107 3991 1382 4063 perfector
1438 3997 1493 4043 et
1555 3998 1834 4058 spectator
1885 3988 2104 4053 fuisset,
2141 4004 2286 4043 nunc
2328 3990 2465 4058 petit
2495 3989 2683 4045 videre
2715 3990 2911 4045 faciem
2963 3990 3079 4057 Dei,
3121 4008 3233 4044 non
3258 3992 3425 4060 quasi
3452 4008 3569 4046 eum
3600 4002 3777 4042 cerneie

598 4086 790 4155 possit,
819 4082 911 4135 sed
945 4092 1004 4134 ut
1040 4082 1284 4134 declaret
1311 4094 1370 4132 se
1397 4076 1860 4130 audentissimum
1885 4085 2191 4130 amatorem
2220 4092 2343 4131 esse
2379 4079 2581 4131 summi
2621 4079 2748 4132 boni
2804 4094 3025 4148 semper
3060 4080 3462 4147 comparentis.
3495 4076 3651 4145 Hujus
3675 4076 3778 4125 inia-

594 4173 772 4241 giuem
803 4187 863 4226 se
890 4184 1090 4239 cupere
1114 4167 1362 4235 recipere
1392 4163 1639 4218 ostendit
1665 4164 1733 4217 ab
1771 4164 1892 4233 ipso
1924 4166 2124 4217 summi
2151 4164 2282 4218 boni
2309 4165 2636 4236 archetypo.
2667 4165 2924 4221 Ctelestis
2971 4181 3072 4219 vox
3111 4165 3227 4231 dat,
3255 4166 3407 4236 quod
3439 4166 3670 4235 petierat.
3696 4161 3777 4212 Au-

596 4263 716 4316 nuit
748 4261 968 4331 quidem
1006 4274 1065 4312 se
1092 4256 1366 4325 postulata
1398 4254 1673 4308 facturum
1698 4291 1717 4320 ,
1772 4268 1886 4307 non
1951 4264 2132 4307 tamen
2189 4253 2498 4308 satietatem
2546 4262 2601 4308 et
2638 4255 2877 4322 quietem
2909 4253 3173 4308 desiderii
3207 4254 3521 4322 pollicetur.
3552 4251 3647 4305 Nec
3668 4247 3775 4302 enim

594 4350 955 4416 semetipsum
1014 4344 1309 4398 videndum
1356 4342 1727 4405 exhibuisset,
1754 4342 1799 4396 si
1861 4340 2001 4394 visio
2051 4341 2136 4395 sui
2195 4341 2531 4396 desiderium
2605 4342 2849 4396 videntis
2885 4342 3090 4396 satiare
3130 4342 3425 4411 quiuisset.
3455 4339 3580 4395 Nam
3607 4339 3646 4393 is
3684 4349 3774 4389 tere

592 4437 950 4505 eunSpicatur
983 4431 1179 4493 Deum,
1213 4447 1374 4500 quem
1408 4431 1555 4484 nulla
1597 4439 1861 4498 tanquam
1930 4429 2021 4483 Dei
2079 4429 2300 4483 videndi
2341 4430 2491 4497 capit
2523 4431 2793 4497 satietas;
2832 4431 2926 4485 sed
2974 4439 3187 4499 quanto
3229 4432 3409 4502 magis
3451 4430 3632 4489 cernit,
3659 4430 3773 4478 tanta

593 4525 764 4593 magis
794 4525 1078 4591 magisque
1110 4520 1359 4588 aspicere
1388 4517 1688 4572 desiderat.
1718 4516 1828 4570 Nec
1861 4524 2045 4572 tamen
2082 4519 2354 4573 arbitrare
2401 4518 2594 4573 faciem
2648 4518 2765 4583 Dei,
2802 4520 2846 4573 si
2882 4521 3288 4589 conspiciatur.
3323 4519 3520 4573 mortis
3551 4529 3656 4571 esse
3674 4526 3772 4565 cau‘

589 4629 730 4678 satu,
760 4612 921 4666 absit.
944 4610 1076 4677 Qua:
1104 4609 1248 4662 enim
1284 4607 1421 4660 ratio
1460 4606 1687 4675 patitur,
1719 4613 1778 4657 ut
1816 4604 2010 4664 facies.
2042 4622 2164 4673 qum
2199 4607 2322 4661 vita)
2349 4617 2543 4661 auctor
2563 4616 2667 4670 est,
2702 4608 2958 4674 importet
2991 4607 3265 4663 mortem?
3295 4608 3438 4673 Quia
3471 4620 3588 4659 vero
3609 4600 3769 4655 Νυιιιοιι

592 4703 756 4755 vitam
786 4699 1046 4753 omnibus
1071 4696 1403 4765 suppeditat,
1443 4703 1498 4747 et
1523 4702 1681 4746 extra
1713 4708 1932 4747 omnem
1968 4694 2335 4763 cognitionem
2369 4696 2535 4751 situm
2560 4705 2668 4761 est,
2694 4695 2789 4766 qui
2817 4696 2985 4750 Deum
3013 4703 3168 4765 putat
3200 4694 3252 4750 id
3274 4712 3422 4761 esse,
3450 4693 3584 4764 quod
3620 4688 3767 4745 nalilid

589 4797 881 4844 assecutus
909 4796 1013 4849 est,
1048 4787 1094 4840 is
1131 4785 1394 4839 recedens
1427 4785 1495 4836 ab
1527 4799 1614 4847 eo,
1649 4782 1739 4847 qui
1768 4798 1895 4836 vere
1917 4782 2029 4836 vita
2078 4791 2185 4844 est,
2228 4784 2354 4837 vitae
2381 4800 2579 4852 expers
2622 4796 2726 4840 est.
2772 4785 2927 4850 Quod
2963 4787 3075 4839 vita
3125 4794 3296 4849 caret,
3335 4800 3446 4855 quo
3470 4790 3612 4852 pacto
3641 4778 3766 4830 vitam

587 4874 930 4946 elargietur?
965 4873 1231 4941 Explelur
1262 4872 1430 4940 igitur
1456 4870 1590 4923 Mosi
1630 4871 1874 4935 animus;
1908 4878 1962 4923 at
1988 4871 2261 4936 cupiditas
2292 4871 2492 4927 divina:
2521 4872 2807 4928 fruitionis
2832 4883 3015 4927 manet
3038 4873 3391 4927 insatiabilis.
3413 4868 3769 4925 Simuldocetur

588 4964 789 5027 Moses,
811 4960 1024 5015 Numen
1046 4977 1171 5015 esse
1192 4959 1491 5013 inﬁnitum.
1514 4958 1648 5011 Nam
1673 4956 1941 5026 quidquid
1963 4959 2173 5012 liuitmu
2198 4968 2303 5022 est,
2321 4959 2375 5013 id
2400 4960 2445 5015 si
2469 4960 2552 5013 vel
2584 4976 2751 5014 sensu
2779 4961 2865 5014 vel
2895 4961 3232 5031 cogitatione
3256 4960 3422 5031 319
3438 4956 3644 5027 ceperis,
3661 4966 3767 5006 sem-

591 5068 685 5123 per
716 5051 875 5105 ﬁnem
906 5064 1123 5118 quoque
1152 5048 1492 5101 consideras.
1524 5044 1677 5100 Finis
1703 5062 1833 5099 vero
1868 5054 1952 5099 est
1980 5045 2123 5115 ejus,
2154 5049 2298 5115 quod
2324 5048 2531 5111 linitur,
2550 5050 2793 5105 ambitus
2817 5058 2870 5104 et
2902 5051 3251 5121 complexus.
3290 5050 3349 5104 ld
3378 5064 3519 5110 vero,
3540 5043 3662 5115 quod
3684 5052 3763 5123 re"?

585 5119 758 5195 ambit
782 5146 835 5192 et
856 5136 1103 5190 continet
1122 5150 1198 5199 re,
1229 5150 1392 5204 quam
1425 5134 1595 5187 ambit
1620 5142 1674 5188 et
1695 5133 1960 5197 continet,
1990 5134 2167 5201 majus
2200 5146 2306 5201 est,
2337 5144 2393 5189 et
2422 5135 2511 5189 alii
2545 5136 2803 5191 subditur
2823 5119 3040 5207 generi.
3063 5136 3254 5207 Itaque
3282 5138 3327 5192 si
3361 5136 3625 5192 litteralem
3648 5119 3761 5193 sequi

586 5227 855 5298 placuerit
883 5240 1131 5289 sensum,
1147 5222 1387 5278 absurda
1422 5224 1536 5275 haec
1563 5236 1783 5291 quoque
1809 5222 2260 5291 praedicabantur
2279 5223 2348 5278 de
2367 5223 2497 5279 Deo.
2522 5222 2579 5278 Si
2598 5225 2923 5280 naturaliter
2941 5226 3231 5295 pulchrum
3251 5226 3557 5295 perhibetur
3579 5216 3760 5272 Numen.

586 5324 732 5371 certe
765 5314 837 5379 id.
868 5314 1016 5383 quod
1048 5312 1140 5365 alii
1178 5309 1474 5379 subjicitur
1507 5308 1721 5378 generi.
1778 5323 1888 5362 non
1939 5310 2174 5367 habetur
2225 5311 2550 5378 pulchrum.
2582 5312 2699 5378 Qua
2747 5312 2965 5367 ratione
3013 5314 3184 5383 igitur
3208 5313 3284 5375 id,
3314 5310 3457 5379 quod
3494 5306 3698 5362 deforme
3718 5303 3758 5348 ει

585 5413 742 5474 turpe
776 5402 962 5465 fuerit,
996 5398 1302 5455 continebit
1329 5408 1382 5453 et
1415 5396 1599 5465 cinget
1623 5394 1783 5460 illud,
1820 5398 1982 5465 cujus
2005 5398 2423 5453 evidentissima
2470 5399 2825 5470 pulchritudo
2857 5402 3161 5470 conspicua
3183 5399 3307 5454 est?
3348 5394 3628 5453 Secundum
3654 5388 3757 5440 hanc

586 5490 1121 5560 argumentationem
1158 5499 1319 5556 turpe
1360 5484 1693 5553 imperitabit
1725 5485 1957 5554 pulchro
2000 5484 2165 5554 idque
2192 5488 2523 5551 continebit,
2558 5489 2703 5558 quod
2739 5489 2961 5558 quidem
2984 5489 3232 5543 omnium
3259 5487 3499 5542 calculus
3518 5476 3751 5536 absurdum

583 5577 933 5651 judicaverit.
965 5576 1079 5629 Non
1114 5576 1279 5645 igitur
1316 5572 1523 5626 Numen
1550 5572 1867 5642 ponendum
1910 5581 1997 5629 est
2057 5574 2204 5627 inter
2251 5576 2366 5637 illa,
2414 5591 2540 5645 quas
2566 5577 2635 5631 ab
2659 5576 2785 5631 aliis
2816 5577 3147 5631 ambiuntur
3171 5584 3226 5630 et
3247 5574 3601 5630 continentur.
3626 5560 3751 5616 Νουιῦ

657 5758 701 5791 ³⁸
728 5757 745 5810 ι
768 5756 895 5813 Cor.
928 5755 1131 5819 "1,19.
1212 5755 1257 5786 ⁸⁸
1285 5752 1431 5807 Psal.
1454 5766 1580 5820 cst,
1613 5751 1663 5806 6.
1744 5752 1788 5784 ⁸ο
1815 5750 1977 5806 Rom.
2007 5767 2045 5817 I,
2070 5752 2162 5807 ‘20.

1815 5750 1977 5806 Rom.
2007 5767 2045 5817 I,
2070 5752 2162 5807 ‘20.
2238 5751 2281 5783 “
2317 5754 2427 5809 lsa.
2458 5767 2547 5820 XL,
2578 5753 2669 5808 ‘26.
2746 5756 2791 5787 “
2816 5752 2992 5809 Exod.
3028 5766 3221 5814 χχχιιι,
3243 5751 3330 5808 Η.
