4038 6514
192 408 297 471 685
1298 408 1836 471 COMMENTARII
1867 408 1949 469 IN
1978 407 2319 471 EXODUM.
3340 420 3445 483 ea;

193 542 437 596 unquam
470 526 816 582 accnrrendo
849 523 915 581 ad
944 523 1161 580 Numen
1193 526 1433 581 satiatur
1462 542 1476 578 :
1515 535 1571 584 et
1601 527 1706 583 hoc
1740 542 1871 583 vere
1907 536 1994 584 est
2037 534 2343 598 conspectu
2375 526 2469 584 Dei
2507 524 2638 596 frui,
2674 527 2721 585 si
2744 528 2870 600 quis
2897 529 3047 585 nulla
3087 547 3329 602 unquam
3362 537 3446 590 vi-

190 615 357 671 dendi
390 615 612 687 capitur
641 616 917 670 satietate.
942 615 1176 686 Oportet
1206 630 1355 677 eum,
1392 616 1484 685 qui
1518 615 1723 672 mentis
1751 615 1945 672 oculos
1969 616 2026 671 in
2054 616 2221 672 Deum
2258 616 2553 683 convertit,
2600 632 2815 688 semper
2842 619 3066 674 accendi
3117 621 3329 690 majore
3361 623 3445 678 vi-

192 706 357 759 dendi
382 705 681 760 desiderio.
713 702 833 757 Non
870 702 1059 773 'igitur
1112 704 1460 758 ostendendo
1497 705 1677 760 locum
1721 703 2033 773 quantitate
2065 702 2459 758 circumscribi
2493 700 2636 758 Deus
2681 704 2995 761 credendus
3024 713 3129 762 est.
3168 707 3283 765 Imo
3311 723 3439 765 cum

192 792 336 853 Deus
367 793 701 857 adverteret,
739 791 926 847 Mosen
986 789 1245 846 aﬁ'ectare
1294 790 1531 846 subinde
1581 805 1649 845 ex
1691 790 1854 844 modo
1909 798 2065 858 parta
2099 787 2297 842 notitia
2332 788 2496 842 aliam
2533 789 2813 857 notitiam,
2856 791 3036 858 ipsum
3061 808 3127 846 ex
3167 793 3321 848 ﬁnita
3348 796 3445 851 illa

192 879 716 949 circumscriptione
740 879 806 933 ad
833 878 1109 933 inﬁnitum
1145 877 1448 947 perducere
1488 876 1711 947 satagit.
1736 876 1917 945 lnquit
1954 878 2102 931 enim
2142 877 2246 941 illi,
2283 876 2374 931 cui
2434 892 2653 948 semper
2690 888 2923 950 augetur
2965 881 3215 937 discendi
3255 892 3311 938 et
3348 899 3446 940 co-

193 967 493 1037 gnoscendi
529 965 795 1029 studium,
828 964 968 1033 apud
1005 979 1065 1019 se
1091 978 1213 1018 esse
1245 963 1450 1027 locum,
1481 962 1534 1016 in
1559 977 1671 1031 quo
1691 963 2031 1016 curriculum
2067 963 2268 1018 divina:
2304 964 2547 1020 visionis
2594 967 2879 1036 peragenti
2930 984 3213 1039 nunquam
3247 987 3446 1027 occur-

194 1070 325 1111 sura
356 1056 430 1109 sit
467 1055 650 1124 quies,
674 1053 767 1107 sed
802 1060 1011 1123 quanto
1038 1052 1212 1122 magis
1246 1050 1520 1120 proficiat,
1558 1058 1711 1104 tanto
1737 1049 1912 1120 major
1940 1049 2259 1119 proﬁciendi
2307 1051 2475 1105 ardor
2509 1052 2583 1105 sit
2618 1052 2994 1109 insecutnrns.
3025 1057 3095 1109 At
3124 1058 3216 1113 ille
3240 1073 3444 1115 cursus

194 1144 299 1197 alia
331 1143 552 1197 ratione
585 1142 894 1211 appellatur
930 1150 1127 1195 status.
1162 1138 1511 1209 Quapropter
1540 1139 1655 1193 ait:
1694 1157 1713 1190 ι
1744 1138 2087 1192 Constituam
2150 1145 2206 1191 te
2247 1153 2415 1206 super
2471 1148 2685 1208 petram
2728 1141 2794 1192 5’.
2834 1160 2852 1193 ι
2889 1142 3112 1207 Qnanto
3142 1147 3288 1200 enim
3314 1148 3444 1217 quis

195 1230 430 1284 solidius
457 1236 776 1299 perseverat
810 1228 865 1280 in
900 1228 1018 1296 ipso
1052 1228 1215 1291 bono,
1249 1234 1405 1280 tanto
1435 1225 1633 1280 fortius
1691 1225 1907 1295 incepto
1936 1223 2158 1279 virtutis
2190 1223 2392 1279 itinere
2435 1227 2710 1295 procedit.
2736 1230 2952 1285 SCiliCet
2980 1230 3028 1285 si
3056 1234 3182 1301 quis
3207 1249 3271 1288 ex
3311 1251 3444 1305 pro-

195 1316 367 1371 fundo
398 1317 536 1377 luto,
568 1315 871 1370 secundum
902 1313 1129 1368 Davidis
1159 1313 1484 1366 vaticinium
1512 1312 1578 1376 ”,
1614 1314 1843 1367 traxerit
1868 1312 2055 1381 pedes,
2086 1329 2293 1383 eosque
2320 1316 2679 1371 collocaverit
2719 1334 2887 1388 super
2918 1328 3152 1390 petram.
3188 1324 3257 1377 At
3287 1333 3445 1393 petra

192 1413 278 1461 est
306 1404 567 1458 Christus
591 1404 658 1457 “.
684 1402 854 1466 Talis,
886 1418 983 1455 ceu
1010 1402 1210 1471 pennis
1234 1410 1281 1455 et
1308 1400 1410 1454 alis
1438 1399 1611 1455 fretus
1632 1401 2031 1469 perseverando
2052 1411 2373 1458 constanter
2399 1404 2451 1457 in
2472 1420 2686 1460 summo
2714 1406 2877 1471 bono,
2899 1409 3192 1477 plurimum
3220 1411 3446 1479 juvatur

194 1493 258 1544 ad
289 1491 715 1561 profectionem,
753 1506 876 1560 qua:
908 1491 963 1543 in
982 1490 1225 1543 ‘sublime
1255 1487 1451 1542 tendit.
1474 1488 1682 1543 Paulus
1714 1497 1878 1556 petrae
1902 1490 2339 1558 receptaculum,
2364 1492 2509 1559 quod
2544 1492 2647 1544 hoc
2682 1494 2799 1546 loco
2822 1496 3145 1549 nominatur
3167 1497 3442 1564 foramen,

192 1590 358 1635 vocat
384 1582 608 1635 domum
637 1596 746 1633 non
790 1577 1163 1632 mannfactam
1189 1584 1451 1631 aeternam
1483 1576 1536 1629 in
1576 1577 1735 1632 cmlis
1756 1577 1823 1640 ⁸⁸,
1852 1591 1974 1646 quae
2007 1578 2468 1639 rcservaturillis,
2492 1578 2587 1647 qui
2609 1578 2752 1633 bona
2781 1595 2878 1649 Spe
2912 1581 3123 1636 suﬁ‘ulti
3161 1594 3443 1640 terrenum

195 1668 297 1721 hoc
329 1667 671 1721 domicilium
692 1672 925 1721 exuunt.
957 1664 1169 1719 Revera
1199 1664 1371 1725 enim,
1404 1664 1496 1733 qui
1536 1662 1832 1733 perfecerit
1861 1678 2084 1718 cursum
2130 1679 2290 1717 suum
2327 1665 2383 1718 in
2423 1666 2525 1719 hoc
2560 1666 2671 1719 lato
2702 1674 2755 1719 et
2786 1668 3034 1736 spatioso
3058 1671 3258 1732 stadio,
3292 1674 3441 1741 quod

194 1755 491 1825 Scriptura
527 1755 743 1808 vocavit
778 1754 957 1807 locum
1002 1768 1017 1805 τ
1047 1759 1100 1807 et
1129 1750 1286 1805 ﬁdem
1314 1748 1749 1808 conservaverit.
1801 1748 1854 1803 id
1898 1759 2004 1813 est,
2044 1750 2223 1805 solide
2254 1751 2421 1819 pedes
2450 1752 2803 1808 collocaverit
2836 1771 3003 1825 SUper
3027 1756 3169 1810 hanc
3202 1766 3438 1827 petram.

195 1843 265 1905 is,
300 1845 553 1912 inquam,
592 1841 953 1896 coronabitnr
1009 1838 1234 1908 iustitia:
1263 1851 1468 1891 corona
1529 1850 1559 1889 a
1598 1834 1851 1898 Domino,
1880 1838 1973 1905 qui
2004 1839 2160 1893 nobis
2202 1839 2336 1892 illud
2382 1847 2662 1895 certamen
2694 1842 3004 1910 proposuit.
3047 1841 3265 1911 Munus,
3293 1847 3441 1915 quod

194 1932 464 1985 tribuitur
492 1944 713 1983 cursum
749 1937 897 1983 recte
917 1943 1076 1983 suum
1107 1924 1546 1987 absolventibus,
1577 1923 1746 1979 variis
1774 1934 2124 1994 nuncupatur
2154 1925 2495 1988 numinibus,
2517 1926 2728 1981 scilicet
2762 1926 3007 1983 foramen
3041 1939 3227 1999 petrae,
3261 1933 3445 1987 tuber-

195 2020 461 2075 naculum
504 2016 771 2088 paradisi,
807 2016 1024 2071 mansio
1056 2013 1202 2084 apud
1240 2013 1480 2075 Patrem,
1518 2011 1847 2080 patriarcha:
1887 2014 2067 2077 sinus,
2101 2012 2261 2067 locus
2284 2014 2607 2078 viventium,
2648 2030 2805 2084 aqua:
2836 2016 3039 2084 quietis
3081 2028 3136 2073 et
3164 2020 3443 2090 tranquil-

197 2109 403 2169 litatis.
432 2121 674 2176 superna
697 2103 1021 2167 Jerusalem,
1058 2117 1288 2172 regnum
1317 2102 1607 2163 cazlorum,
1654 2099 1936 2172 praemium
1966 2100 2295 2163 vocationis,
2347 2115 2555 2155 corona
2590 2103 2919 2171 gratiarum.
2956 2118 3161 2158 corona
3193 2107 3445 2176 volupta-

196 2200 296 2258 tis,
339 2212 554 2251 corona
585 2193 1036 2265 pulchritudinis,
1071 2194 1243 2246 turris
1270 2179 1637 2256 fortitudinis,
1681 2190 1872 2246 iretitia
1927 2188 2255 2253 convivalis,
2298 2187 2389 2243 Dei
2431 2190 2752 2255 concilium,
2782 2190 3017 2245 thronus
3047 2192 3446 2261 judicii,locus

198 2287 468 2355 inclytus,
501 2283 914 2337 tabernaculum
951 2280 1359 2335 absconditum.
1388 2277 1445 2331 In
1494 2278 1609 2333 haec
1666 2278 1849 2332 omnia
1886 2278 2173 2349 ingressus
2212 2286 2299 2333 est
2349 2278 2531 2334 Moses
2565 2280 2673 2333 voti
2716 2294 2943 2350 compos
2991 2278 3171 2337 factus
3207 2283 3260 2337 in
3288 2294 3444 2353 petra

196 2374 445 2435 Christo,
480 2372 534 2426 in
567 2387 674 2440 quo
700 2383 894 2422 omnes
922 2367 1193 2421 bonorum
1229 2364 1478 2420 thesauri
1507 2373 1640 2419 sunt
1674 2364 1963 2419 reconditi.
1996 2364 2101 2431 Qui
2157 2380 2395 2434 namque
2441 2367 2497 2420 in
2532 2367 2673 2420 bono
2719 2375 3045 2422 constanter
3076 2370 3347 2437 persistit,
3388 2371 3445 2426 in

194 2462 449 2520 Christo,
482 2461 575 2528 qui
602 2472 762 2511 omne
794 2457 995 2509 bonum
1022 2455 1287 2517 continet,
1320 2463 1624 2522 permanet.
1668 2451 1766 2507 Hic
1787 2453 2031 2508 munitur
2062 2462 2118 2509 et
2159 2455 2586 2526 diligentissime
2625 2454 2943 2511 defenditur
2968 2457 3061 2511 Dei
3091 2472 3255 2512 manu
3290 2460 3447 2514 scili-

195 2560 287 2603 cet
343 2548 634 2618 unigenito
690 2559 967 2608 sertnone,
1007 2541 1122 2612 'per
1175 2556 1337 2612 quem
1391 2541 1580 2595 omnia
1642 2539 1787 2595 facta
1832 2550 1965 2596 sunt
1996 2557 2008 2594 :
2040 2542 2135 2612 qui
2165 2558 2385 2613 quoque
2431 2545 2773 2598 currentium
2825 2545 2982 2600 locus
3004 2554 3058 2601 et
3089 2560 3288 2601 cursus
3314 2555 3444 2605 est:

196 2645 536 2690 coostautes
622 2633 774 2686 illum
860 2637 1168 2700 agnoscunt
1246 2635 1459 2698 petram
1528 2641 1543 2678 :
1611 2630 1962 2698 quiescentes
2050 2630 2200 2684 hunc
2290 2629 2643 2689 conﬁtentur
2690 2632 2937 2685 domum.
3021 2631 3179 2687 Tunc
3262 2634 3449 2690 audiet

193 2732 525 2785 vocantem,
553 2727 607 2773 et
654 2724 775 2789 post
796 2725 1081 2771 vocantem
1135 2713 1259 2770 erit.
1315 2713 1450 2767 Nam
1501 2712 1668 2769 Deum
1723 2724 2007 2785 sequetur,
2042 2724 2100 2770 ιιι
2147 2718 2231 2771 lex
2262 2718 2530 2787 praecipit.
2575 2718 2658 2772 Ab
2698 2718 2802 2772 hoc
2854 2735 2961 2772 non
2997 2719 3268 2782 dissonat,
3300 2722 3445 2790 quod

194 2811 415 2863 dicitur
454 2827 468 2863 :
509 2825 527 2858 ι
565 2806 622 2861 ln
646 2807 893 2876 his,qn'.e
921 2803 1231 2859 succedunt
1270 2802 1592 2873 praecordiis
1650 2802 1756 2870 (vel
1822 2818 1946 2871 quae
1974 2813 2103 2857 sunt
2137 2813 2261 2873 post
2298 2804 2649 2872 prmcordia),
2699 2804 3050 2859 obumbrabit
3091 2807 3215 2860 tibi.
3258 2826 3275 2858 ι
3312 2807 3446 2862 Ν.ιιιι

192 2899 433 2953 dorsum
477 2895 721 2950 succedit
742 2891 1081 2965 prmeordiis.
1113 2892 1232 2946 lluc
1258 2890 1389 2944 facit
1419 2897 1474 2944 et
1502 2904 1741 2959 sequens
1760 2891 2048 2943 oraculum
2080 2907 2095 2944 :
2134 2908 2152 2942 ‹
2188 2889 2434 2945 Adhaesit
2483 2892 2669 2944 anima
2723 2906 2838 2945 mea
2868 2900 2992 2960 post
3024 2902 3096 2953 te,
3124 2902 3177 2947 et
3221 2894 3448 2949 dextera

198 2996 298 3039 tua
335 2982 701 3054 appreltendit
726 2998 809 3037 nte
829 2982 897 3036 ⁸⁷.
942 3002 959 3033 ι
988 2980 1102 3035 Non
1132 2981 1298 3051 igitur
1322 2979 1775 3034 inconvenienter
1812 2977 2037 3039 dicitur,
2060 2991 2281 3029 manum
2312 2976 2401 3031 Dei
2433 2976 2747 3045 impositam
2780 2992 2905 3031 esse
2930 2977 3000 3040 ei,
3033 2980 3449 3047 qtticonsisteus

193 3074 255 3127 in
291 3082 449 3141 petra
481 3070 835 3139 exspectabat
861 3068 1101 3122 divinam
1140 3082 1353 3128 vocem.
1385 3077 1440 3121 et
1470 3065 1635 3120 Deum
1671 3078 2058 3133 praecessorem
2083 3063 2465 3130 sequiavebat.
2485 3062 2567 3117 Ad
2597 3064 2739 3117 hunc
2765 3063 2984 3117 modum
3018 3064 3269 3120 Christus
3309 3085 3449 3121 enu-

194 3161 399 3214 cleans
433 3172 590 3211 suam
614 3157 809 3222 legem,
836 3155 1018 3225 inquit
1054 3171 1067 3208 :
1102 3172 1120 3206 ι
1144 3154 1200 3207 Si
1232 3155 1356 3214 quis
1387 3152 1501 3206 vult
1533 3160 1655 3221 post
1676 3165 1761 3205 me
1790 3152 1978 3205 venire
2007 3151 2071 3214 ⁸⁸,
2100 3168 2118 3201 ι
2150 3166 2248 3203 nec
2274 3150 2349 3204 ait
2382 3166 2395 3203 :
2422 3148 2477 3204 Si
2513 3151 2639 3219 quis
2672 3152 2785 3205 vult
2822 3164 2945 3204 alite
2978 3168 3062 3206 me
3097 3154 3192 3207 ire.
3225 3153 3450 3224 Suppli-

192 3249 354 3301 canti
385 3260 555 3314 super
577 3253 778 3297 aeterna
816 3244 947 3307 vita,
970 3242 1105 3295 dicit
1133 3258 1148 3294 :
1182 3241 1348 3311 320
1376 3260 1394 3292 ι
1428 3238 1564 3295 Veni
1593 3240 1722 3303 huc,
1745 3246 1800 3293 et
1829 3252 2061 3307 sequere
2090 3252 2177 3292 tne
2206 3238 2273 3291 ‘9.
2310 3255 2328 3289 ι
2356 3237 2596 3291 Docetur
2622 3237 2812 3307 itaque
2840 3236 3038 3303 Moses,
3070 3242 3256 3295 videre
3278 3241 3448 3297 Deum

193 3335 349 3389 nihil
378 3348 505 3388 esse
529 3331 696 3393 aliud,
726 3345 891 3400 quam
932 3328 1096 3383 Deum
1118 3329 1344 3383 sectari.
1378 3326 1511 3380 Nam
1541 3326 1634 3382 Dei
1672 3326 1943 3381 transitus
2003 3332 2396 3395 prtemonstrat
2420 3324 2555 3379 Mosi
2595 3340 2702 3394 qua
2733 3326 2837 3395 ipsi
2866 3327 2936 3380 sit
2972 3326 3081 3379 iter
3113 3326 3449 3385 faciendum.

197 3424 288 3478 Ita
327 3422 509 3491 possit
535 3419 660 3488 quis
694 3426 809 3471 tuto
840 3417 948 3472 iter
980 3416 1169 3470 facere
1199 3416 1365 3470 etiam
1391 3416 1606 3470 itineris
1643 3416 1888 3485 ignarus,
1921 3412 1966 3466 si
2000 3411 2163 3465 modo
2182 3420 2331 3465 recta
2364 3422 2629 3479 sequatur
2666 3426 2819 3473 eum,
2871 3412 2964 3481 qui
2993 3412 3136 3465 viam
3170 3430 3454 3470 common-

196 3518 372 3572 strat,
410 3521 603 3575 nempe
629 3505 819 3559 Deum.
879 3504 1018 3557 Nam
1049 3502 1149 3573 qui
1184 3509 1505 3557 transverso
1534 3503 1730 3555 itinere
1754 3501 1978 3563 incedit,
2006 3510 2099 3552 aut
2136 3508 2396 3554 occursat
2437 3498 2567 3563 Deo,
2602 3499 2696 3568 qui
2735 3513 2793 3552 se
2839 3498 3055 3553 itineris
3086 3502 3278 3555 ducem
3312 3520 3453 3572 pra:-

197 3606 321 3651 stat
350 3614 365 3650 :
396 3596 467 3655 is,
499 3595 751 3663 inquam,
780 3605 972 3645 novam
1000 3598 1058 3645 ct
1094 3589 1374 3645 insolitam
1435 3597 1592 3658 parat
1622 3588 2037 3659 profectionem.
2071 3587 2227 3653 Quod
2281 3587 2529 3658 prmeipit
2562 3606 2575 3641 :
2619 3605 2636 3637 ι
2675 3586 2794 3640 Νυη
2823 3588 3099 3641 νὶιΙιιὺίιιιγ
3134 3592 3234 3644 tibi
3274 3591 3455 3647 facies

196 3699 353 3748 mea,
395 3700 416 3733 ι
458 3691 593 3744 etc.,
638 3687 725 3734 est
749 3677 1047 3741 monentis,
1084 3692 1152 3732 ne
1202 3676 1330 3731 velit
1352 3691 1411 3731 se
1438 3692 1718 3746 cppnuere
1736 3678 1907 3731 vultui
1937 3675 2147 3739 divino,
2178 3690 2315 3728 neve
2347 3682 2649 3744 praesumat
2675 3689 2743 3728 ex
2774 3674 3013 3729 adverso
3042 3692 3266 3731 cursum
3292 3695 3453 3735 suum

198 3771 504 3843 perﬁcere.
532 3767 667 3822 Nam
703 3768 904 3821 bonum
939 3782 999 3821 se
1034 3780 1145 3820 non
1172 3765 1406 3836 opponit
1430 3765 1599 3825 bono,
1620 3768 1711 3819 sed
1742 3764 1952 3834 placide
1988 3765 2267 3832 sequitur.
2303 3762 2372 3817 Se
2428 3776 2711 3832 opponere
2749 3777 2966 3817 summo
2998 3764 3161 3831 bono,
3206 3783 3312 3820 non
3343 3770 3456 3822 vir-

198 3860 349 3915 tutis
371 3860 469 3912 sed
495 3855 614 3910 vitii
634 3862 741 3909 est.
772 3854 874 3919 Qui
901 3869 960 3908 se
983 3853 1309 3922 opposuerit
1348 3866 1457 3906 non
1485 3852 1628 3905 vivet
1652 3869 1667 3917 ;
1691 3866 1853 3906 nemo
1883 3853 2157 3922 siquidem
2193 3850 2402 3905 videbit
2424 3849 2624 3906 faciem
2668 3848 2764 3903 Dei
2796 3857 2852 3904 et
2896 3850 3061 3907 vivet.
3111 3856 3174 3909 Et
3247 3858 3459 3913 vocabo

196 3946 258 4001 in
300 3944 531 3999 nomine
558 3940 804 4004 Domini,
830 3949 962 4005 etc.,
996 3937 1174 3993 Filius
1203 3938 1419 3994 scilicet
1440 3939 1493 3992 in
1524 3941 1748 3993 nomine
1776 3938 1958 3994 Patris

280 4053 607 4119 Λάξευσον
632 4049 871 4115 σεαυτῷ
898 4049 1018 4103 δύω
1048 4048 1286 4115 πλάκας
1312 4049 1572 4115 λιθίνας,
1606 4048 1787 4103 καθά-
1817 4056 1861 4105 Α

1960 4048 2150 4120 Sculpe
2187 4048 2283 4103 tibi
2328 4048 2464 4103 duas
2494 4050 2708 4105 tabulas
2745 4051 2985 4120 lapideas
3012 4053 3462 4124 quemadmodum

193 4162 321 4217 περ
348 4148 448 4201 καὶ
471 4149 533 4201 αι
561 4144 806 4215 πρῶται.
850 4146 974 4197 Ἐπὶ
1011 4144 1232 4198 λιθίνων
1276 4144 1501 4209 εἰκότως
1543 4146 1572 4198 ὁ
1599 4144 1782 4216 νόμος,

1888 4141 2112 4211 priores,
2146 4149 2279 4205 etc.,
2315 4155 2491 4210 usque
2516 4141 2583 4197 ad
2611 4141 2758 4197 hunc
2798 4143 2978 4198 locum
3015 4163 3028 4199 :
3058 4143 3225 4199 Nemo
3250 4147 3466 4215 conspi—

192 4242 283 4304 ὡς
316 4242 383 4293 ἂν
409 4240 550 4310 μένῃ
570 4237 835 4309 διηνεκῶς
867 4237 900 4307 ἡ
933 4236 1143 4307 Γραφή.
1166 4236 1409 4289 Καθόλου
1428 4237 1538 4306 γὰρ
1562 4236 1787 4307 ἀρχαῖον

1888 4234 2062 4287 cietur
2103 4234 2159 4285 in
2213 4234 2357 4286 omni
2421 4245 2616 4300 monte,
2656 4244 2765 4290 etc.
2947 4236 3052 4292 Lex
3092 4237 3357 4293 inciditur
3388 4239 3466 4293 la-

194 4330 261 4384 τὸ
311 4330 374 4383 ὲν
425 4329 651 4398 στήλαις
699 4328 1038 4400 ἀναγράφειν
1070 4326 1140 4381 τὰ
1192 4326 1462 4398 μυστικά’
1520 4327 1595 4391 ὡς
1646 4329 1788 4383 κατὰ

1888 4320 2067 4389 pideis
2091 4321 2316 4389 tabulis,
2345 4331 2402 4375 ut
2425 4331 2692 4395 perpetuo
2724 4335 2970 4390 maneat,
3012 4342 3112 4382 nec
3136 4329 3303 4382 ullam
3330 4330 3467 4385 abo-

191 4422 405 4485 τοῦτο,
447 4421 545 4474 καὶ
599 4422 700 4492 τὴν
746 4418 1095 4491 καλουμένην
1149 4418 1534 4490 ἱερογλυφικὴν
1592 4418 1786 4489 σοφίαν

1888 4411 2135 4465 Iitionem
2184 4412 2274 4466 illa
2332 4410 2625 4484 Scriptura
2659 4416 2886 4473 sentiat.
2925 4414 3060 4472 Nam
3092 4430 3304 4475 vetusta
3334 4435 3467 4476 con-

194 4506 596 4564 συνίστασθαι.

1892 4503 2404 4571 suetudoobtinuit,
2434 4513 2496 4560 ut
2549 4508 2811 4579 mysteria
2862 4509 3308 4581 insculperentur
3354 4522 3460 4569 sta-

1893 4595 2027 4651 tuis.
2058 4595 2139 4650 Ab
2174 4596 2275 4651 hoc
2310 4597 2585 4668 principio
2631 4600 3040 4672 hieroglyphica
3074 4618 3167 4659 ars
3195 4603 3469 4675 originem

1895 4684 2149 4754 sumpsit.

274 4793 458 4849 Aiunt
482 4792 709 4863 angelos
744 4798 1188 4864 transgressores
1209 4801 1342 4848 ante.
1372 4791 1662 4858 diluvium,
1697 4792 1943 4863 quaedam
1970 4810 2178 4849 arcana
2231 4795 2517 4864 aperuisse
2576 4796 2931 4861 mulieribus,
2962 4813 3089 4852 cum
3117 4799 3319 4870 quibus
3366 4799 3439 4856 ha

193 4882 451 4939 buerant
512 4881 688 4951 stupri
741 4880 1197 4938 consuetudinem
1237 4896 1253 4936 :
1287 4889 1347 4936 ut
1394 4883 1508 4936 haec
1565 4883 1970 4937 innotescerent
2028 4883 2107 4937 illi
2153 4883 2342 4946 sexui,
2385 4883 2653 4952 inscripta
2698 4892 2831 4939 sunt
2916 4886 3121 4954 petris.
3155 4886 3333 4957 Atque
3361 4888 3471 4944 ista

192 4970 401 5026 omnia
442 4969 499 5023 in
533 4969 683 5023 hunc
713 4968 1113 5025 adhibebantur
1149 4985 1336 5032 usum,
1396 4978 1455 5023 ut
1502 4970 1762 5023 mulieres
1789 4968 1893 5023 sibi
1949 4978 2229 5033 caverent,
2266 4978 2321 5025 et
2364 4968 2819 5042 subterfngerent
2856 4971 3266 5042 impendentem
3300 4976 3471 5030 totius

195 5057 404 5114 mundi
437 5056 881 5121 inundationem,
916 5064 977 5109 ut
1012 5056 1216 5125 quibus
1239 5056 1355 5109 ham
1384 5056 1528 5109 foret
1578 5056 1777 5110 litteris
1807 5056 1865 5109 in
1924 5064 2109 5125 petras
2166 5058 2461 5128 insculptis
2505 5059 2903 5128 praenuntiata.
2932 5058 3280 5130 Quapropter
3303 5059 3469 5122 Deus.

197 5162 277 5203 ne
308 5144 448 5216 quid
511 5160 541 5198 a
589 5145 751 5199 solita
781 5143 1183 5199 consuetudine
1214 5143 1501 5197 videretur
1564 5144 1880 5206 immutare,
1937 5142 2167 5211 lapideis
2221 5145 2427 5202 tabulis
2488 5145 2775 5217 inscripsit
2839 5147 3013 5217 legem
3077 5147 3279 5201 virtute
3347 5146 3471 5212 Spi-

196 5236 353 5290 ritus
385 5234 595 5300 sancti,
631 5249 793 5304 quem
824 5247 948 5287 cum
977 5234 1317 5288 nominasset
1361 5232 1646 5286 Matthaeus
1675 5233 1923 5301 spiritum
1972 5230 2067 5285 Dei
2107 5234 2175 5296 "°,
2227 5234 2485 5288 eumdem
2547 5249 2764 5303 quoque
2812 5236 3031 5289 vocavit
3090 5235 3319 5303 digitum
3377 5232 3473 5285 Dei

194 5321 392 5378 Lucas
443 5320 511 5375 τί.
563 5320 683 5376 Huc
743 5321 987 5389 respexit
1046 5318 1250 5374 Paulus
1302 5317 1492 5374 dicens
1527 5334 1539 5367 :
1574 5337 1592 5369 ι
1626 5318 1729 5382 Qui
1765 5319 1967 5389 dignos
2000 5335 2098 5375 nos
2126 5320 2403 5390 judicavit
2445 5323 2736 5378 ministros
2792 5324 2918 5377 novi
2963 5320 3303 5384 testamenti,
3364 5335 3473 5373 non

198 5408 415 5464 litterae
469 5408 565 5463 sed
619 5407 884 5478 Spiritus.
927 5403 1063 5459 Nam
1105 5406 1288 5459 littera
1324 5405 1553 5468 occidit,
1612 5406 1847 5474 spiritus
1900 5416 2084 5461 autem
2145 5408 2388 5464 viviﬁcat
2423 5411 2492 5463 '”.
2534 5428 2553 5461 ι
2610 5409 2822 5465 Deinde
2870 5408 3037 5463 infert
3075 5424 3088 5455 =
3130 5427 3149 5460 ι
3189 5407 3250 5462 Si
3303 5406 3471 5459 mini-

199 5497 454 5553 sterium
484 5495 681 5550 mortis
714 5494 1012 5555 inlitteris,
1046 5493 1385 5562 insculptum
1429 5492 1483 5544 in
1544 5493 1840 5562 lapidibus,
1903 5493 2109 5549 factum
2163 5503 2246 5551 est
2293 5496 2348 5550 in
2401 5497 2627 5567 gloria:
2663 5496 2837 5551 mttlto
2889 5496 3064 5565 magis
3099 5493 3473 5549 ministerium

196 5584 447 5656 spiritus
473 5582 581 5639 erit
620 5582 676 5637 in
707 5582 883 5654 gloria
910 5582 975 5636 ⁷³.
1014 5601 1033 5633 ι
1067 5581 1132 5635 Et
1162 5580 1292 5635 alibi
1334 5580 1387 5634 iu
1421 5579 1572 5636 hunc
1606 5583 1826 5637 modum
1881 5582 2024 5637 idem
2057 5583 2284 5639 disserit
2332 5584 2631 5656 Apostolus
2669 5602 2683 5638 :
2715 5602 2734 5635 ι
2776 5582 3134 5649 Manifestati,
3166 5582 3314 5654 quod
3350 5581 3474 5637 sitis

279 5758 544 5847 “MExod;
566 5776 764 5847 X-‘XXI‘IJ,
784 5758 845 5812 2|
862 5798 875 5811 .
1031 5756 1180 5847 Psa'ln.
1206 5773 1397 5847 LXX-LI,
1423 5758 1476 5811 ὅ.
1556 5758 1651 5847 '03“!
1681 5757 1828 5847 Cor;
1854 5778 1874 5814 t

1878 5778 1908 5823 :,
1939 5761 1994 5815 4.
2073 5762 2184 5847 ‘rfnll
2221 5764 2352 5847 (ἶρις
2385 5780 2441 5847 χ.
2503 5765 2553 5818 i.
2630 5764 2675 5796 ⁶⁷
2706 5762 2853 5847 Psal.
2878 5760 3151 5847 ἰξμλξ).
3263 5762 3307 5794 ⁸⁸
3331 5758 3473 5847 iure.

195 5841 290 5895 ιχ,
323 5830 415 5886 23.
496 5831 541 5862 "
575 5830 773 5885 Matth.
802 5844 914 5894 XIX,
938 5827 1005 5883 21
1128 5828 1173 5861 ⁷⁸
1210 5827 1397 5881 Matth.
1441 5844 1536 5893 XII,
1563 5829 1655 5883 ‘28.
1736 5831 1778 5861 "'

1877 5847 1941 5884 Ir.
1973 5848 2050 5893 XI,
2084 5834 2175 5888 ‘20.
2253 5835 2298 5865 τ’
2336 5834 2509 5889 lCor.
2578 5850 2659 5899 ιιι,
2710 5835 2760 5887 6.
2878 5834 2925 5865 ⁷³
2957 5832 3162 5887 ll'Cor.
3205 5847 3287 5895 HI.
3331 5831 3382 5922 ἱ,
3419 5834 3472 5885 8-
