  <div class='ocr_page' id='page_1' title='image "/cluster/home/n/w/nwhite01/storage/ocr_20150623/87:1/hvd.32044020319117/351.png"; bbox 0 0 4038 6502; ppageno 0'>
   <div class='ocr_carea' id='block_1_1' title="bbox 604 358 3828 433">
    <p class='ocr_par' dir='ltr' id='par_1_1' title="bbox 604 358 3828 433">
     <span class='ocr_line' id='line_1_1' title="bbox 604 358 3828 433; baseline -0.004 -5"><span class='ocrx_word' id='word_1_1' title='bbox 604 366 708 429; x_wconf 84' lang='grc'><strong>687</strong></span> <span class='ocrx_word' id='word_1_2' title='bbox 1921 358 2275 422; x_wconf 78' lang='lat' dir='ltr'><strong>PROCOPII</strong></span> <span class='ocrx_word' id='word_1_3' title='bbox 2303 360 2545 422; x_wconf 53' lang='lat' dir='ltr'><strong>GAZXEI</strong></span> <span class='ocrx_word' id='word_1_4' title='bbox 3736 369 3828 433; x_wconf 65' lang='lat'><strong>(39.3</strong></span> 
     </span>
    </p>
   </div>
   <div class='ocr_carea' id='block_1_2' title="bbox 607 473 3829 547">
    <p class='ocr_par' dir='ltr' id='par_1_2' title="bbox 607 473 3829 547">
     <span class='ocr_line' id='line_1_2' title="bbox 607 473 3829 547; baseline 0 -16"><span class='ocrx_word' id='word_1_5' title='bbox 607 476 855 547; x_wconf 85' lang='lat' dir='ltr'><strong>exempla</strong></span> <span class='ocrx_word' id='word_1_6' title='bbox 890 474 1093 530; x_wconf 88' lang='lat' dir='ltr'><strong>Christi</strong></span> <span class='ocrx_word' id='word_1_7' title='bbox 1135 475 1451 529; x_wconf 78' lang='lat' dir='ltr'><strong>ministrata</strong></span> <span class='ocrx_word' id='word_1_8' title='bbox 1477 488 1505 526; x_wconf 91' lang='lat' dir='ltr'><strong>a</strong></span> <span class='ocrx_word' id='word_1_9' title='bbox 1545 473 1746 529; x_wconf 87' lang='lat' dir='ltr'><strong>nobis:</strong></span> <span class='ocrx_word' id='word_1_10' title='bbox 1776 481 1831 527; x_wconf 91' lang='lat' dir='ltr'><strong>et</strong></span> <span class='ocrx_word' id='word_1_11' title='bbox 1897 474 2103 541; x_wconf 90' lang='lat' dir='ltr'><strong>scripta</strong></span> <span class='ocrx_word' id='word_1_12' title='bbox 2167 488 2275 528; x_wconf 92' lang='lat' dir='ltr'><strong>non</strong></span> <span class='ocrx_word' id='word_1_13' title='bbox 2311 483 2645 540; x_wconf 86' lang='lat' dir='ltr'><strong>atramento,</strong></span> <span class='ocrx_word' id='word_1_14' title='bbox 2696 476 2792 531; x_wconf 81' lang='lat' dir='ltr'><strong>sed</strong></span> <span class='ocrx_word' id='word_1_15' title='bbox 2835 476 3035 546; x_wconf 90' lang='lat' dir='ltr'><strong>spiritu</strong></span> <span class='ocrx_word' id='word_1_16' title='bbox 3068 476 3165 532; x_wconf 90' lang='lat' dir='ltr'><strong>Dei</strong></span> <span class='ocrx_word' id='word_1_17' title='bbox 3199 477 3476 545; x_wconf 76' lang='lat' dir='ltr'><strong>viventis;</strong></span> <span class='ocrx_word' id='word_1_18' title='bbox 3522 494 3628 532; x_wconf 92' lang='lat' dir='ltr'><strong>non</strong></span> <span class='ocrx_word' id='word_1_19' title='bbox 3670 481 3718 531; x_wconf 91' lang='lat' dir='ltr'><strong>in</strong></span> <span class='ocrx_word' id='word_1_20' title='bbox 3756 492 3829 533; x_wconf 79' lang='lat' dir='ltr'><strong>ta-</strong></span> 
     </span>
    </p>
   </div>
   <div class='ocr_carea' id='block_1_3' title="bbox 608 561 3830 636">
    <p class='ocr_par' dir='ltr' id='par_1_3' title="bbox 608 561 3830 636">
     <span class='ocr_line' id='line_1_3' title="bbox 608 561 3830 636; baseline 0.001 -17"><span class='ocrx_word' id='word_1_21' title='bbox 608 563 756 619; x_wconf 85' lang='lat' dir='ltr'><strong>bulis</strong></span> <span class='ocrx_word' id='word_1_22' title='bbox 781 562 1035 633; x_wconf 87' lang='lat' dir='ltr'><strong>lapideis,</strong></span> <span class='ocrx_word' id='word_1_23' title='bbox 1076 562 1173 616; x_wconf 91' lang='lat' dir='ltr'><strong>sed</strong></span> <span class='ocrx_word' id='word_1_24' title='bbox 1209 562 1264 614; x_wconf 94' lang='lat' dir='ltr'><strong>iu</strong></span> <span class='ocrx_word' id='word_1_25' title='bbox 1304 561 1509 616; x_wconf 88' lang='lat' dir='ltr'><strong>tabulis</strong></span> <span class='ocrx_word' id='word_1_26' title='bbox 1549 561 1737 617; x_wconf 89' lang='lat' dir='ltr'><strong>cordis</strong></span> <span class='ocrx_word' id='word_1_27' title='bbox 1771 561 2093 615; x_wconf 83' lang='lat' dir='ltr'><strong>carnalibus</strong></span> <span class='ocrx_word' id='word_1_28' title='bbox 2118 561 2189 617; x_wconf 71' lang='grc'><strong>⁷⁵.</strong></span> <span class='ocrx_word' id='word_1_29' title='bbox 2233 579 2252 613; x_wconf 75' lang='grc' dir='ltr'><strong>ι</strong></span> <span class='ocrx_word' id='word_1_30' title='bbox 2290 562 2429 615; x_wconf 89' lang='lat' dir='ltr'><strong>Cum</strong></span> <span class='ocrx_word' id='word_1_31' title='bbox 2486 563 2651 633; x_wconf 79' lang='lat' dir='ltr'><strong>igitur</strong></span> <span class='ocrx_word' id='word_1_32' title='bbox 2706 563 2852 620; x_wconf 89' lang='lat' dir='ltr'><strong>Dens</strong></span> <span class='ocrx_word' id='word_1_33' title='bbox 2884 566 3063 636; x_wconf 88' lang='lat' dir='ltr'><strong>primo</strong></span> <span class='ocrx_word' id='word_1_34' title='bbox 3117 574 3375 635; x_wconf 84' lang='lat' dir='ltr'><strong>parasset</strong></span> <span class='ocrx_word' id='word_1_35' title='bbox 3406 568 3591 623; x_wconf 85' lang='lat' dir='ltr'><strong>cordis</strong></span> <span class='ocrx_word' id='word_1_36' title='bbox 3632 567 3830 625; x_wconf 86' lang='lat' dir='ltr'><strong>tabulas</strong></span> 
     </span>
    </p>
   </div>
   <div class='ocr_carea' id='block_1_4' title="bbox 610 628 3830 727">
    <p class='ocr_par' dir='ltr' id='par_1_4' title="bbox 610 628 3830 727">
     <span class='ocr_line' id='line_1_4' title="bbox 610 628 3830 727; baseline 0.003 -21"><span class='ocrx_word' id='word_1_37' title='bbox 610 667 712 706; x_wconf 91' lang='lat' dir='ltr'><strong>suo</strong></span> <span class='ocrx_word' id='word_1_38' title='bbox 743 628 963 721; x_wconf 74' lang='lat' dir='ltr'><strong>spiritu,</strong></span> <span class='ocrx_word' id='word_1_39' title='bbox 994 628 1098 705; x_wconf 84' lang='lat' dir='ltr'><strong>suo</strong></span> <span class='ocrx_word' id='word_1_40' title='bbox 1115 664 1335 719; x_wconf 87' lang='lat' dir='ltr'><strong>quoque</strong></span> <span class='ocrx_word' id='word_1_41' title='bbox 1367 650 1564 718; x_wconf 88' lang='lat' dir='ltr'><strong>spiritu</strong></span> <span class='ocrx_word' id='word_1_42' title='bbox 1598 663 1729 704; x_wconf 89' lang='lat' dir='ltr'><strong>suas</strong></span> <span class='ocrx_word' id='word_1_43' title='bbox 1763 649 2121 719; x_wconf 87' lang='lat' dir='ltr'><strong>impressitet</strong></span> <span class='ocrx_word' id='word_1_44' title='bbox 2156 648 2350 703; x_wconf 80' lang='lat' dir='ltr'><strong>incidit</strong></span> <span class='ocrx_word' id='word_1_45' title='bbox 2383 628 2546 721; x_wconf 75' lang='lat' dir='ltr'><strong>leges.</strong></span> <span class='ocrx_word' id='word_1_46' title='bbox 2582 650 2680 707; x_wconf 85' lang='lat' dir='ltr'><strong>llis</strong></span> <span class='ocrx_word' id='word_1_47' title='bbox 2734 628 2921 707; x_wconf 77' lang='lat' dir='ltr'><strong>autem</strong></span> <span class='ocrx_word' id='word_1_48' title='bbox 2967 654 3273 721; x_wconf 88' lang='lat' dir='ltr'><strong>corruptis,</strong></span> <span class='ocrx_word' id='word_1_49' title='bbox 3336 654 3495 718; x_wconf 83' lang='lat' dir='ltr'><strong>alias,</strong></span> <span class='ocrx_word' id='word_1_50' title='bbox 3532 656 3601 712; x_wconf 92' lang='lat' dir='ltr'><strong>de</strong></span> <span class='ocrx_word' id='word_1_51' title='bbox 3647 662 3830 727; x_wconf 81' lang='lat' dir='ltr'><strong>quibus</strong></span> 
     </span>
    </p>
   </div>
   <div class='ocr_carea' id='block_1_5' title="bbox 610 735 3829 811">
    <p class='ocr_par' dir='ltr' id='par_1_5' title="bbox 610 735 3829 811">
     <span class='ocr_line' id='line_1_5' title="bbox 610 735 3829 811; baseline -0.001 -17"><span class='ocrx_word' id='word_1_52' title='bbox 610 739 796 794; x_wconf 77' lang='lat' dir='ltr'><strong>Mosen</strong></span> <span class='ocrx_word' id='word_1_53' title='bbox 828 753 976 793; x_wconf 91' lang='lat' dir='ltr'><strong>nunc</strong></span> <span class='ocrx_word' id='word_1_54' title='bbox 1001 738 1336 807; x_wconf 83' lang='lat' dir='ltr'><strong>interpellat,</strong></span> <span class='ocrx_word' id='word_1_55' title='bbox 1364 737 1597 809; x_wconf 78' lang='lat' dir='ltr'><strong>quilibet</strong></span> <span class='ocrx_word' id='word_1_56' title='bbox 1632 752 1726 805; x_wconf 90' lang='lat' dir='ltr'><strong>per</strong></span> <span class='ocrx_word' id='word_1_57' title='bbox 1780 735 2165 806; x_wconf 65' lang='lat' dir='ltr'><strong>paenitentiam</strong></span> <span class='ocrx_word' id='word_1_58' title='bbox 2202 747 2474 807; x_wconf 60' lang='lat' dir='ltr'><strong>praeparat</strong></span> <span class='ocrx_word' id='word_1_59' title='bbox 2526 740 2766 797; x_wconf 89' lang='lat' dir='ltr'><strong>tabulas.</strong></span> <span class='ocrx_word' id='word_1_60' title='bbox 2808 740 2945 794; x_wconf 82' lang='lat' dir='ltr'><strong>Nam</strong></span> <span class='ocrx_word' id='word_1_61' title='bbox 2985 751 3108 811; x_wconf 90' lang='lat' dir='ltr'><strong>post</strong></span> <span class='ocrx_word' id='word_1_62' title='bbox 3144 742 3408 811; x_wconf 85' lang='lat' dir='ltr'><strong>puerilem</strong></span> <span class='ocrx_word' id='word_1_63' title='bbox 3457 754 3671 800; x_wconf 58' lang='lat' dir='ltr'><strong>atatem</strong></span> <span class='ocrx_word' id='word_1_64' title='bbox 3705 748 3829 802; x_wconf 53' lang='lat' dir='ltr'><strong>divi-</strong></span> 
     </span>
    </p>
   </div>
   <div class='ocr_carea' id='block_1_6' title="bbox 612 824 3831 898">
    <p class='ocr_par' dir='ltr' id='par_1_6' title="bbox 612 824 3831 898">
     <span class='ocr_line' id='line_1_6' title="bbox 612 824 3831 898; baseline 0.003 -16"><span class='ocrx_word' id='word_1_65' title='bbox 612 829 760 882; x_wconf 90' lang='lat' dir='ltr'><strong>nitus</strong></span> <span class='ocrx_word' id='word_1_66' title='bbox 793 827 955 882; x_wconf 90' lang='lat' dir='ltr'><strong>nobis</strong></span> <span class='ocrx_word' id='word_1_67' title='bbox 989 825 1309 879; x_wconf 84' lang='lat' dir='ltr'><strong>infunditur</strong></span> <span class='ocrx_word' id='word_1_68' title='bbox 1367 825 1608 878; x_wconf 84' lang='lat' dir='ltr'><strong>naturali</strong></span> <span class='ocrx_word' id='word_1_69' title='bbox 1659 829 1894 894; x_wconf 84' lang='lat' dir='ltr'><strong>quadam</strong></span> <span class='ocrx_word' id='word_1_70' title='bbox 1954 824 2171 878; x_wconf 84' lang='lat' dir='ltr'><strong>ratione</strong></span> <span class='ocrx_word' id='word_1_71' title='bbox 2216 824 2511 893; x_wconf 86' lang='lat' dir='ltr'><strong>judicium,</strong></span> <span class='ocrx_word' id='word_1_72' title='bbox 2545 840 2657 895; x_wconf 90' lang='lat' dir='ltr'><strong>quo</strong></span> <span class='ocrx_word' id='word_1_73' title='bbox 2706 828 3085 883; x_wconf 76' lang='lat' dir='ltr'><strong>discernimus</strong></span> <span class='ocrx_word' id='word_1_74' title='bbox 3124 828 3328 883; x_wconf 89' lang='lat' dir='ltr'><strong>bonum</strong></span> <span class='ocrx_word' id='word_1_75' title='bbox 3381 845 3411 882; x_wconf 91' lang='lat' dir='ltr'><strong>a</strong></span> <span class='ocrx_word' id='word_1_76' title='bbox 3442 832 3613 898; x_wconf 88' lang='lat' dir='ltr'><strong>malo,</strong></span> <span class='ocrx_word' id='word_1_77' title='bbox 3638 834 3831 891; x_wconf 69' lang='lat' dir='ltr'><strong>scilicet</strong></span> 
     </span>
    </p>
   </div>
   <div class='ocr_carea' id='block_1_7' title="bbox 610 909 3829 988">
    <p class='ocr_par' dir='ltr' id='par_1_7' title="bbox 610 909 3829 988">
     <span class='ocr_line' id='line_1_7' title="bbox 610 909 3829 988; baseline 0.003 -20"><span class='ocrx_word' id='word_1_78' title='bbox 610 914 715 969; x_wconf 89' lang='lat' dir='ltr'><strong>hoc</strong></span> <span class='ocrx_word' id='word_1_79' title='bbox 745 929 870 969; x_wconf 90' lang='lat' dir='ltr'><strong>esse</strong></span> <span class='ocrx_word' id='word_1_80' title='bbox 907 912 1250 983; x_wconf 83' lang='lat' dir='ltr'><strong>fugiendum,</strong></span> <span class='ocrx_word' id='word_1_81' title='bbox 1292 911 1430 964; x_wconf 88' lang='lat' dir='ltr'><strong>illud</strong></span> <span class='ocrx_word' id='word_1_82' title='bbox 1458 926 1587 965; x_wconf 84' lang='lat' dir='ltr'><strong>vero</strong></span> <span class='ocrx_word' id='word_1_83' title='bbox 1620 910 1963 980; x_wconf 83' lang='lat' dir='ltr'><strong>eligendum.</strong></span> <span class='ocrx_word' id='word_1_84' title='bbox 1992 909 2105 980; x_wconf 76' lang='lat' dir='ltr'><strong>Hoc</strong></span> <span class='ocrx_word' id='word_1_85' title='bbox 2127 921 2212 965; x_wconf 92' lang='lat' dir='ltr'><strong>est</strong></span> <span class='ocrx_word' id='word_1_86' title='bbox 2261 912 2421 977; x_wconf 90' lang='lat' dir='ltr'><strong>illud,</strong></span> <span class='ocrx_word' id='word_1_87' title='bbox 2449 915 2597 983; x_wconf 93' lang='lat' dir='ltr'><strong>quod</strong></span> <span class='ocrx_word' id='word_1_88' title='bbox 2632 915 2897 985; x_wconf 85' lang='lat' dir='ltr'><strong>peculiari</strong></span> <span class='ocrx_word' id='word_1_89' title='bbox 2935 915 3161 971; x_wconf 89' lang='lat' dir='ltr'><strong>nomine</strong></span> <span class='ocrx_word' id='word_1_90' title='bbox 3193 927 3423 971; x_wconf 84' lang='lat' dir='ltr'><strong>vocatur</strong></span> <span class='ocrx_word' id='word_1_91' title='bbox 3448 918 3542 988; x_wconf 90' lang='lat' dir='ltr'><strong>jus</strong></span> <span class='ocrx_word' id='word_1_92' title='bbox 3584 924 3829 978; x_wconf 83' lang='lat' dir='ltr'><strong>naturale.</strong></span> 
     </span>
    </p>
   </div>
   <div class='ocr_carea' id='block_1_8' title="bbox 611 998 3833 1067">
    <p class='ocr_par' dir='ltr' id='par_1_8' title="bbox 611 998 3833 1067">
     <span class='ocr_line' id='line_1_8' title="bbox 611 998 3833 1067; baseline 0.003 -13"><span class='ocrx_word' id='word_1_93' title='bbox 611 1003 679 1054; x_wconf 84' lang='lat' dir='ltr'><strong>At</strong></span> <span class='ocrx_word' id='word_1_94' title='bbox 699 1001 837 1054; x_wconf 91' lang='lat' dir='ltr'><strong>adeo</strong></span> <span class='ocrx_word' id='word_1_95' title='bbox 866 1000 1114 1067; x_wconf 88' lang='lat' dir='ltr'><strong>corrupti</strong></span> <span class='ocrx_word' id='word_1_96' title='bbox 1143 1014 1337 1052; x_wconf 88' lang='lat' dir='ltr'><strong>sumus</strong></span> <span class='ocrx_word' id='word_1_97' title='bbox 1363 1014 1426 1053; x_wconf 89' lang='lat' dir='ltr'><strong>ex</strong></span> <span class='ocrx_word' id='word_1_98' title='bbox 1455 999 1711 1067; x_wconf 65' lang='lat' dir='ltr'><strong>primaeva</strong></span> <span class='ocrx_word' id='word_1_99' title='bbox 1780 998 1870 1050; x_wconf 90' lang='lat' dir='ltr'><strong>illa</strong></span> <span class='ocrx_word' id='word_1_100' title='bbox 1928 999 2398 1066; x_wconf 89' lang='lat' dir='ltr'><strong>transgressione,</strong></span> <span class='ocrx_word' id='word_1_101' title='bbox 2456 1010 2514 1054; x_wconf 92' lang='lat' dir='ltr'><strong>ut</strong></span> <span class='ocrx_word' id='word_1_102' title='bbox 2558 1001 2974 1058; x_wconf 81' lang='lat' dir='ltr'><strong>confundamus</strong></span> <span class='ocrx_word' id='word_1_103' title='bbox 3008 1002 3152 1059; x_wconf 89' lang='lat' dir='ltr'><strong>inter</strong></span> <span class='ocrx_word' id='word_1_104' title='bbox 3189 1018 3250 1060; x_wconf 88' lang='lat' dir='ltr'><strong>se</strong></span> <span class='ocrx_word' id='word_1_105' title='bbox 3282 1004 3415 1059; x_wconf 91' lang='lat' dir='ltr'><strong>boni</strong></span> <span class='ocrx_word' id='word_1_106' title='bbox 3449 1006 3764 1063; x_wconf 72' lang='lat' dir='ltr'><strong>electionem</strong></span> <span class='ocrx_word' id='word_1_107' title='bbox 3786 1021 3833 1065; x_wconf 89' lang='lat' dir='ltr'><strong>et</strong></span> 
     </span>
    </p>
   </div>
   <div class='ocr_carea' id='block_1_9' title="bbox 610 1087 3833 1165">
    <p class='ocr_par' dir='ltr' id='par_1_9' title="bbox 610 1087 3833 1165">
     <span class='ocr_line' id='line_1_9' title="bbox 610 1087 3833 1165; baseline 0.002 -22"><span class='ocrx_word' id='word_1_108' title='bbox 610 1091 737 1144; x_wconf 91' lang='lat' dir='ltr'><strong>mali</strong></span> <span class='ocrx_word' id='word_1_109' title='bbox 764 1088 971 1159; x_wconf 76' lang='lat' dir='ltr'><strong>fugam,</strong></span> <span class='ocrx_word' id='word_1_110' title='bbox 1011 1099 1069 1143; x_wconf 91' lang='lat' dir='ltr'><strong>et</strong></span> <span class='ocrx_word' id='word_1_111' title='bbox 1098 1090 1333 1157; x_wconf 78' lang='lat' dir='ltr'><strong>alterum</strong></span> <span class='ocrx_word' id='word_1_112' title='bbox 1370 1101 1471 1155; x_wconf 92' lang='lat' dir='ltr'><strong>pro</strong></span> <span class='ocrx_word' id='word_1_113' title='bbox 1505 1087 1678 1140; x_wconf 90' lang='lat' dir='ltr'><strong>altero</strong></span> <span class='ocrx_word' id='word_1_114' title='bbox 1727 1087 2017 1156; x_wconf 82' lang='lat' dir='ltr'><strong>eligamus.</strong></span> <span class='ocrx_word' id='word_1_115' title='bbox 2042 1087 2307 1152; x_wconf 85' lang='lat' dir='ltr'><strong>Quamvis</strong></span> <span class='ocrx_word' id='word_1_116' title='bbox 2338 1088 2551 1156; x_wconf 82' lang='lat' dir='ltr'><strong>priores</strong></span> <span class='ocrx_word' id='word_1_117' title='bbox 2581 1089 2782 1144; x_wconf 71' lang='lat' dir='ltr'><strong>tabula:</strong></span> <span class='ocrx_word' id='word_1_118' title='bbox 2820 1090 3121 1145; x_wconf 73' lang='lat' dir='ltr'><strong>contractae</strong></span> <span class='ocrx_word' id='word_1_119' title='bbox 3164 1092 3298 1158; x_wconf 84' lang='lat' dir='ltr'><strong>sint,</strong></span> <span class='ocrx_word' id='word_1_120' title='bbox 3324 1108 3432 1147; x_wconf 90' lang='lat' dir='ltr'><strong>non</strong></span> <span class='ocrx_word' id='word_1_121' title='bbox 3466 1102 3647 1147; x_wconf 89' lang='lat' dir='ltr'><strong>tamen</strong></span> <span class='ocrx_word' id='word_1_122' title='bbox 3690 1110 3833 1165; x_wconf 80' lang='lat' dir='ltr'><strong>Opor-</strong></span> 
     </span>
    </p>
   </div>
   <div class='ocr_carea' id='block_1_10' title="bbox 611 1174 3833 1251">
    <p class='ocr_par' dir='ltr' id='par_1_10' title="bbox 611 1174 3833 1251">
     <span class='ocr_line' id='line_1_10' title="bbox 611 1174 3833 1251; baseline 0.003 -22"><span class='ocrx_word' id='word_1_123' title='bbox 611 1179 759 1232; x_wconf 88' lang='lat' dir='ltr'><strong>tebat</strong></span> <span class='ocrx_word' id='word_1_124' title='bbox 790 1178 957 1231; x_wconf 88' lang='lat' dir='ltr'><strong>etiam</strong></span> <span class='ocrx_word' id='word_1_125' title='bbox 983 1176 1076 1243; x_wconf 87' lang='lat' dir='ltr'><strong>jus</strong></span> <span class='ocrx_word' id='word_1_126' title='bbox 1112 1176 1367 1229; x_wconf 89' lang='lat' dir='ltr'><strong>naturale</strong></span> <span class='ocrx_word' id='word_1_127' title='bbox 1402 1174 1565 1228; x_wconf 90' lang='lat' dir='ltr'><strong>nobis</strong></span> <span class='ocrx_word' id='word_1_128' title='bbox 1606 1174 1933 1242; x_wconf 84' lang='lat' dir='ltr'><strong>inscriptum</strong></span> <span class='ocrx_word' id='word_1_129' title='bbox 1990 1174 2194 1227; x_wconf 86' lang='lat' dir='ltr'><strong>aboleri</strong></span> <span class='ocrx_word' id='word_1_130' title='bbox 2226 1183 2281 1228; x_wconf 86' lang='lat' dir='ltr'><strong>et</strong></span> <span class='ocrx_word' id='word_1_131' title='bbox 2307 1174 2609 1244; x_wconf 81' lang='lat' dir='ltr'><strong>exstingui.</strong></span> <span class='ocrx_word' id='word_1_132' title='bbox 2644 1175 2885 1231; x_wconf 86' lang='lat' dir='ltr'><strong>Proinde</strong></span> <span class='ocrx_word' id='word_1_133' title='bbox 2906 1178 3171 1247; x_wconf 88' lang='lat' dir='ltr'><strong>jubemur</strong></span> <span class='ocrx_word' id='word_1_134' title='bbox 3196 1193 3292 1247; x_wconf 90' lang='lat' dir='ltr'><strong>per</strong></span> <span class='ocrx_word' id='word_1_135' title='bbox 3322 1193 3489 1248; x_wconf 79' lang='lat' dir='ltr'><strong>Opera</strong></span> <span class='ocrx_word' id='word_1_136' title='bbox 3522 1183 3833 1251; x_wconf 70' lang='lat' dir='ltr'><strong>poenitentia:</strong></span> 
     </span>
    </p>
   </div>
   <div class='ocr_carea' id='block_1_11' title="bbox 612 1262 3835 1334">
    <p class='ocr_par' dir='ltr' id='par_1_11' title="bbox 612 1262 3835 1334">
     <span class='ocr_line' id='line_1_11' title="bbox 612 1262 3835 1334; baseline 0.002 -15"><span class='ocrx_word' id='word_1_137' title='bbox 612 1267 884 1320; x_wconf 89' lang='lat' dir='ltr'><strong>secundas</strong></span> <span class='ocrx_word' id='word_1_138' title='bbox 920 1265 1167 1333; x_wconf 83' lang='lat' dir='ltr'><strong>expolire</strong></span> <span class='ocrx_word' id='word_1_139' title='bbox 1198 1264 1438 1325; x_wconf 87' lang='lat' dir='ltr'><strong>tabulas,</strong></span> <span class='ocrx_word' id='word_1_140' title='bbox 1471 1278 1609 1331; x_wconf 87' lang='lat' dir='ltr'><strong>quas</strong></span> <span class='ocrx_word' id='word_1_141' title='bbox 1640 1263 1691 1313; x_wconf 93' lang='lat' dir='ltr'><strong>in</strong></span> <span class='ocrx_word' id='word_1_142' title='bbox 1728 1277 1923 1317; x_wconf 92' lang='lat' dir='ltr'><strong>manus</strong></span> <span class='ocrx_word' id='word_1_143' title='bbox 1986 1262 2349 1331; x_wconf 86' lang='lat' dir='ltr'><strong>accipientes,</strong></span> <span class='ocrx_word' id='word_1_144' title='bbox 2386 1262 2440 1317; x_wconf 90' lang='lat' dir='ltr'><strong>id</strong></span> <span class='ocrx_word' id='word_1_145' title='bbox 2464 1272 2573 1328; x_wconf 87' lang='lat' dir='ltr'><strong>est,</strong></span> <span class='ocrx_word' id='word_1_146' title='bbox 2620 1263 2787 1320; x_wconf 85' lang='lat' dir='ltr'><strong>bonis</strong></span> <span class='ocrx_word' id='word_1_147' title='bbox 2819 1265 3087 1334; x_wconf 81' lang='lat' dir='ltr'><strong>operibus</strong></span> <span class='ocrx_word' id='word_1_148' title='bbox 3130 1268 3456 1321; x_wconf 80' lang='lat' dir='ltr'><strong>commoniti</strong></span> <span class='ocrx_word' id='word_1_149' title='bbox 3493 1270 3835 1327; x_wconf 81' lang='lat' dir='ltr'><strong>ascendamus</strong></span> 
     </span>
    </p>
   </div>
   <div class='ocr_carea' id='block_1_12' title="bbox 612 1347 3836 1425">
    <p class='ocr_par' dir='ltr' id='par_1_12' title="bbox 612 1347 3836 1425">
     <span class='ocr_line' id='line_1_12' title="bbox 612 1347 3836 1425; baseline 0.002 -20"><span class='ocrx_word' id='word_1_150' title='bbox 612 1351 669 1405; x_wconf 92' lang='lat' dir='ltr'><strong>in</strong></span> <span class='ocrx_word' id='word_1_151' title='bbox 701 1359 963 1414; x_wconf 91' lang='lat' dir='ltr'><strong>montem,</strong></span> <span class='ocrx_word' id='word_1_152' title='bbox 999 1352 1051 1403; x_wconf 93' lang='lat' dir='ltr'><strong>in</strong></span> <span class='ocrx_word' id='word_1_153' title='bbox 1083 1364 1245 1420; x_wconf 78' lang='lat' dir='ltr'><strong>quem</strong></span> <span class='ocrx_word' id='word_1_154' title='bbox 1270 1364 1550 1404; x_wconf 81' lang='lat' dir='ltr'><strong>vocamur.</strong></span> <span class='ocrx_word' id='word_1_155' title='bbox 1581 1348 1703 1414; x_wconf 90' lang='lat' dir='ltr'><strong>Quo</strong></span> <span class='ocrx_word' id='word_1_156' title='bbox 1744 1350 1834 1401; x_wconf 88' lang='lat' dir='ltr'><strong>ubi</strong></span> <span class='ocrx_word' id='word_1_157' title='bbox 1870 1348 2206 1410; x_wconf 84' lang='lat' dir='ltr'><strong>venerimus,</strong></span> <span class='ocrx_word' id='word_1_158' title='bbox 2250 1348 2369 1417; x_wconf 88' lang='lat' dir='ltr'><strong>ipse</strong></span> <span class='ocrx_word' id='word_1_159' title='bbox 2425 1347 2568 1404; x_wconf 91' lang='lat' dir='ltr'><strong>Deus</strong></span> <span class='ocrx_word' id='word_1_160' title='bbox 2626 1350 2898 1406; x_wconf 89' lang='lat' dir='ltr'><strong>inscribet</strong></span> <span class='ocrx_word' id='word_1_161' title='bbox 2944 1351 3059 1407; x_wconf 91' lang='lat' dir='ltr'><strong>illis</strong></span> <span class='ocrx_word' id='word_1_162' title='bbox 3105 1353 3333 1417; x_wconf 91' lang='lat' dir='ltr'><strong>tabulis,</strong></span> <span class='ocrx_word' id='word_1_163' title='bbox 3381 1369 3507 1425; x_wconf 73' lang='lat' dir='ltr'><strong>qua:</strong></span> <span class='ocrx_word' id='word_1_164' title='bbox 3547 1355 3605 1410; x_wconf 91' lang='lat' dir='ltr'><strong>in</strong></span> <span class='ocrx_word' id='word_1_165' title='bbox 3644 1362 3836 1425; x_wconf 77' lang='lat' dir='ltr'><strong>priores</strong></span> 
     </span>
    </p>
   </div>
   <div class='ocr_carea' id='block_1_13' title="bbox 617 1434 3836 1519">
    <p class='ocr_par' dir='ltr' id='par_1_13' title="bbox 617 1434 3836 1519">
     <span class='ocr_line' id='line_1_13' title="bbox 617 1434 3836 1519; baseline 0.003 -28"><span class='ocrx_word' id='word_1_166' title='bbox 617 1438 1010 1508; x_wconf 91' lang='lat' dir='ltr'><strong>insculpserat.</strong></span> <span class='ocrx_word' id='word_1_167' title='bbox 1041 1436 1348 1492; x_wconf 84' lang='lat' dir='ltr'><strong>Secundam</strong></span> <span class='ocrx_word' id='word_1_168' title='bbox 1384 1436 1560 1507; x_wconf 83' lang='lat' dir='ltr'><strong>legum</strong></span> <span class='ocrx_word' id='word_1_169' title='bbox 1598 1435 2052 1491; x_wconf 78' lang='lat' dir='ltr'><strong>lationem&#39;nobis</strong></span> <span class='ocrx_word' id='word_1_170' title='bbox 2084 1435 2248 1489; x_wconf 80' lang='lat' dir='ltr'><strong>etiam</strong></span> <span class='ocrx_word' id='word_1_171' title='bbox 2278 1434 2544 1519; x_wconf 73' lang='lat' dir='ltr'><strong>propheta</strong></span> <span class='ocrx_word' id='word_1_172' title='bbox 2591 1446 3013 1501; x_wconf 85' lang='lat' dir='ltr'><strong>commonstrat,</strong></span> <span class='ocrx_word' id='word_1_173' title='bbox 3056 1438 3249 1496; x_wconf 88' lang='lat' dir='ltr'><strong>dicens</strong></span> <span class='ocrx_word' id='word_1_174' title='bbox 3284 1459 3297 1495; x_wconf 89' lang='lat'><strong>:</strong></span> <span class='ocrx_word' id='word_1_175' title='bbox 3337 1459 3358 1493; x_wconf 87' lang='grc'><em>‹</em></span> <span class='ocrx_word' id='word_1_176' title='bbox 3401 1441 3697 1513; x_wconf 88' lang='lat' dir='ltr'><strong>Disponam</strong></span> <span class='ocrx_word' id='word_1_177' title='bbox 3722 1446 3836 1515; x_wconf 88' lang='lat' dir='ltr'><strong>ipsis</strong></span> 
     </span>
    </p>
   </div>
   <div class='ocr_carea' id='block_1_14' title="bbox 615 1523 3838 1602">
    <p class='ocr_par' dir='ltr' id='par_1_14' title="bbox 615 1523 3838 1602">
     <span class='ocr_line' id='line_1_14' title="bbox 615 1523 3838 1602; baseline 0.002 -23"><span class='ocrx_word' id='word_1_178' title='bbox 615 1533 1007 1581; x_wconf 88' lang='lat' dir='ltr'><strong>testamentum</strong></span> <span class='ocrx_word' id='word_1_179' title='bbox 1042 1540 1268 1588; x_wconf 91' lang='lat' dir='ltr'><strong>novum,</strong></span> <span class='ocrx_word' id='word_1_180' title='bbox 1303 1539 1413 1578; x_wconf 91' lang='lat' dir='ltr'><strong>non</strong></span> <span class='ocrx_word' id='word_1_181' title='bbox 1441 1524 1740 1578; x_wconf 88' lang='lat' dir='ltr'><strong>secundum</strong></span> <span class='ocrx_word' id='word_1_182' title='bbox 1774 1534 2189 1587; x_wconf 86' lang='lat' dir='ltr'><strong>testamentum,</strong></span> <span class='ocrx_word' id='word_1_183' title='bbox 2224 1523 2369 1592; x_wconf 93' lang='lat' dir='ltr'><strong>quod</strong></span> <span class='ocrx_word' id='word_1_184' title='bbox 2402 1523 2658 1578; x_wconf 89' lang='lat' dir='ltr'><strong>ordinavi</strong></span> <span class='ocrx_word' id='word_1_185' title='bbox 2686 1526 2937 1594; x_wconf 86' lang='lat' dir='ltr'><strong>patribus</strong></span> <span class='ocrx_word' id='word_1_186' title='bbox 2965 1526 3184 1580; x_wconf 90' lang='lat' dir='ltr'><strong>illorum</strong></span> <span class='ocrx_word' id='word_1_187' title='bbox 3231 1529 3283 1581; x_wconf 93' lang='lat' dir='ltr'><strong>in</strong></span> <span class='ocrx_word' id='word_1_188' title='bbox 3332 1527 3442 1595; x_wconf 90' lang='lat' dir='ltr'><strong>die,</strong></span> <span class='ocrx_word' id='word_1_189' title='bbox 3499 1544 3609 1600; x_wconf 90' lang='lat' dir='ltr'><strong>quo</strong></span> <span class='ocrx_word' id='word_1_190' title='bbox 3666 1546 3838 1602; x_wconf 83' lang='lat' dir='ltr'><strong>appre-</strong></span> 
     </span>
    </p>
   </div>
   <div class='ocr_carea' id='block_1_15' title="bbox 616 1609 3838 1689">
    <p class='ocr_par' dir='ltr' id='par_1_15' title="bbox 616 1609 3838 1689">
     <span class='ocr_line' id='line_1_15' title="bbox 616 1609 3838 1689; baseline 0.002 -22"><span class='ocrx_word' id='word_1_191' title='bbox 616 1612 779 1667; x_wconf 87' lang='lat' dir='ltr'><strong>hendi</strong></span> <span class='ocrx_word' id='word_1_192' title='bbox 801 1627 1020 1665; x_wconf 90' lang='lat' dir='ltr'><strong>manum</strong></span> <span class='ocrx_word' id='word_1_193' title='bbox 1055 1612 1298 1675; x_wconf 89' lang='lat' dir='ltr'><strong>illorum,</strong></span> <span class='ocrx_word' id='word_1_194' title='bbox 1335 1618 1389 1665; x_wconf 90' lang='lat' dir='ltr'><strong>et</strong></span> <span class='ocrx_word' id='word_1_195' title='bbox 1413 1611 1578 1665; x_wconf 82' lang='lat' dir='ltr'><strong>eduxi</strong></span> <span class='ocrx_word' id='word_1_196' title='bbox 1609 1626 1706 1665; x_wconf 89' lang='lat' dir='ltr'><strong>eos</strong></span> <span class='ocrx_word' id='word_1_197' title='bbox 1732 1627 1797 1665; x_wconf 83' lang='lat' dir='ltr'><strong>ex</strong></span> <span class='ocrx_word' id='word_1_198' title='bbox 1834 1620 1979 1665; x_wconf 88' lang='lat' dir='ltr'><strong>terra</strong></span> <span class='ocrx_word' id='word_1_199' title='bbox 2007 1609 2247 1680; x_wconf 61' lang='lat' dir='ltr'><strong>Aigypti.</strong></span> <span class='ocrx_word' id='word_1_200' title='bbox 2278 1609 2416 1675; x_wconf 85' lang='lat' dir='ltr'><strong>Quia</strong></span> <span class='ocrx_word' id='word_1_201' title='bbox 2450 1627 2555 1664; x_wconf 90' lang='lat' dir='ltr'><strong>non</strong></span> <span class='ocrx_word' id='word_1_202' title='bbox 2591 1622 3018 1681; x_wconf 84' lang='lat' dir='ltr'><strong>permanserunt</strong></span> <span class='ocrx_word' id='word_1_203' title='bbox 3048 1613 3104 1668; x_wconf 89' lang='lat' dir='ltr'><strong>in</strong></span> <span class='ocrx_word' id='word_1_204' title='bbox 3136 1624 3470 1670; x_wconf 90' lang='lat' dir='ltr'><strong>testamento</strong></span> <span class='ocrx_word' id='word_1_205' title='bbox 3506 1632 3651 1681; x_wconf 90' lang='lat' dir='ltr'><strong>meo,</strong></span> <span class='ocrx_word' id='word_1_206' title='bbox 3681 1628 3731 1672; x_wconf 91' lang='lat' dir='ltr'><strong>et</strong></span> <span class='ocrx_word' id='word_1_207' title='bbox 3754 1634 3838 1689; x_wconf 83' lang='lat' dir='ltr'><strong>ego</strong></span> 
     </span>
    </p>
   </div>
   <div class='ocr_carea' id='block_1_16' title="bbox 616 1698 3838 1772">
    <p class='ocr_par' dir='ltr' id='par_1_16' title="bbox 616 1698 3838 1772">
     <span class='ocr_line' id='line_1_16' title="bbox 616 1698 3838 1772; baseline 0.002 -19"><span class='ocrx_word' id='word_1_208' title='bbox 616 1700 830 1768; x_wconf 78' lang='lat' dir='ltr'><strong>neglexi</strong></span> <span class='ocrx_word' id='word_1_209' title='bbox 861 1715 979 1763; x_wconf 90' lang='lat' dir='ltr'><strong>eos,</strong></span> <span class='ocrx_word' id='word_1_210' title='bbox 1013 1698 1151 1752; x_wconf 89' lang='lat' dir='ltr'><strong>dicit</strong></span> <span class='ocrx_word' id='word_1_211' title='bbox 1183 1698 1469 1753; x_wconf 88' lang='lat' dir='ltr'><strong>Dominus.</strong></span> <span class='ocrx_word' id='word_1_212' title='bbox 1500 1699 1570 1750; x_wconf 87' lang='lat' dir='ltr'><strong>At</strong></span> <span class='ocrx_word' id='word_1_213' title='bbox 1605 1698 1709 1751; x_wconf 90' lang='lat' dir='ltr'><strong>hoc</strong></span> <span class='ocrx_word' id='word_1_214' title='bbox 1744 1707 1829 1751; x_wconf 86' lang='lat' dir='ltr'><strong>est</strong></span> <span class='ocrx_word' id='word_1_215' title='bbox 1861 1705 2275 1763; x_wconf 90' lang='lat' dir='ltr'><strong>testamentum,</strong></span> <span class='ocrx_word' id='word_1_216' title='bbox 2303 1699 2450 1767; x_wconf 88' lang='lat' dir='ltr'><strong>quod</strong></span> <span class='ocrx_word' id='word_1_217' title='bbox 2484 1698 2771 1768; x_wconf 87' lang='lat' dir='ltr'><strong>disponam</strong></span> <span class='ocrx_word' id='word_1_218' title='bbox 2808 1701 2995 1756; x_wconf 90' lang='lat' dir='ltr'><strong>domui</strong></span> <span class='ocrx_word' id='word_1_219' title='bbox 3020 1700 3195 1757; x_wconf 80' lang='lat' dir='ltr'><strong>Israel</strong></span> <span class='ocrx_word' id='word_1_220' title='bbox 3231 1711 3357 1772; x_wconf 90' lang='lat' dir='ltr'><strong>post</strong></span> <span class='ocrx_word' id='word_1_221' title='bbox 3388 1704 3515 1760; x_wconf 89' lang='lat' dir='ltr'><strong>dies</strong></span> <span class='ocrx_word' id='word_1_222' title='bbox 3543 1705 3691 1769; x_wconf 91' lang='lat' dir='ltr'><strong>illos,</strong></span> <span class='ocrx_word' id='word_1_223' title='bbox 3724 1706 3787 1760; x_wconf 75' lang='grc' dir='ltr'><strong>(ιιι</strong></span> <span class='ocrx_word' id='word_1_224' title='bbox 3806 1710 3838 1761; x_wconf 90' lang='lat' dir='ltr'><strong>it</strong></span> 
     </span>
    </p>
   </div>
   <div class='ocr_carea' id='block_1_17' title="bbox 619 1785 3838 1861">
    <p class='ocr_par' dir='ltr' id='par_1_17' title="bbox 619 1785 3838 1861">
     <span class='ocr_line' id='line_1_17' title="bbox 619 1785 3838 1861; baseline 0.002 -21"><span class='ocrx_word' id='word_1_225' title='bbox 619 1787 903 1851; x_wconf 86' lang='lat' dir='ltr'><strong>Dominus,</strong></span> <span class='ocrx_word' id='word_1_226' title='bbox 937 1786 1079 1840; x_wconf 90' lang='lat' dir='ltr'><strong>dans</strong></span> <span class='ocrx_word' id='word_1_227' title='bbox 1110 1785 1257 1855; x_wconf 88' lang='lat' dir='ltr'><strong>leges</strong></span> <span class='ocrx_word' id='word_1_228' title='bbox 1290 1801 1440 1840; x_wconf 90' lang='lat' dir='ltr'><strong>meas</strong></span> <span class='ocrx_word' id='word_1_229' title='bbox 1465 1787 1519 1838; x_wconf 91' lang='lat' dir='ltr'><strong>in</strong></span> <span class='ocrx_word' id='word_1_230' title='bbox 1553 1794 1788 1839; x_wconf 90' lang='lat' dir='ltr'><strong>mentem</strong></span> <span class='ocrx_word' id='word_1_231' title='bbox 1819 1785 2060 1848; x_wconf 87' lang='lat' dir='ltr'><strong>illorum,</strong></span> <span class='ocrx_word' id='word_1_232' title='bbox 2090 1793 2145 1839; x_wconf 91' lang='lat' dir='ltr'><strong>et</strong></span> <span class='ocrx_word' id='word_1_233' title='bbox 2167 1786 2221 1839; x_wconf 90' lang='lat' dir='ltr'><strong>in</strong></span> <span class='ocrx_word' id='word_1_234' title='bbox 2247 1786 2415 1839; x_wconf 89' lang='lat' dir='ltr'><strong>corda</strong></span> <span class='ocrx_word' id='word_1_235' title='bbox 2436 1785 2662 1840; x_wconf 87' lang='lat' dir='ltr'><strong>illorum</strong></span> <span class='ocrx_word' id='word_1_236' title='bbox 2702 1787 3002 1843; x_wconf 85' lang='lat' dir='ltr'><strong>inscribam</strong></span> <span class='ocrx_word' id='word_1_237' title='bbox 3030 1793 3211 1845; x_wconf 83' lang='lat' dir='ltr'><strong>eas&quot;.</strong></span> <span class='ocrx_word' id='word_1_238' title='bbox 3257 1812 3275 1844; x_wconf 76' lang='grc' dir='ltr'><strong>ι</strong></span> <span class='ocrx_word' id='word_1_239' title='bbox 3312 1790 3516 1847; x_wconf 83' lang='lat' dir='ltr'><strong>llabitu</strong></span> <span class='ocrx_word' id='word_1_240' title='bbox 3549 1793 3727 1847; x_wconf 76' lang='lat' dir='ltr'><strong>diﬂert</strong></span> <span class='ocrx_word' id='word_1_241' title='bbox 3750 1796 3838 1861; x_wconf 87' lang='lat' dir='ltr'><strong>lex,</strong></span> 
     </span>
    </p>
   </div>
   <div class='ocr_carea' id='block_1_18' title="bbox 619 1873 3839 1953">
    <p class='ocr_par' dir='ltr' id='par_1_18' title="bbox 619 1873 3839 1953">
     <span class='ocr_line' id='line_1_18' title="bbox 619 1873 3839 1953; baseline 0.003 -26"><span class='ocrx_word' id='word_1_242' title='bbox 619 1888 741 1943; x_wconf 67' lang='lat' dir='ltr'><strong>qua:</strong></span> <span class='ocrx_word' id='word_1_243' title='bbox 770 1875 1046 1943; x_wconf 73' lang='lat' dir='ltr'><strong>przecessit</strong></span> <span class='ocrx_word' id='word_1_244' title='bbox 1068 1875 1477 1942; x_wconf 88' lang='lat' dir='ltr'><strong>corruptionem</strong></span> <span class='ocrx_word' id='word_1_245' title='bbox 1506 1873 1814 1926; x_wconf 88' lang='lat' dir='ltr'><strong>tabularum</strong></span> <span class='ocrx_word' id='word_1_246' title='bbox 1850 1883 1902 1927; x_wconf 92' lang='lat' dir='ltr'><strong>et</strong></span> <span class='ocrx_word' id='word_1_247' title='bbox 1924 1888 2046 1943; x_wconf 60' lang='lat' dir='ltr'><strong>qua:</strong></span> <span class='ocrx_word' id='word_1_248' title='bbox 2071 1880 2259 1929; x_wconf 90' lang='lat' dir='ltr'><strong>secuta</strong></span> <span class='ocrx_word' id='word_1_249' title='bbox 2293 1881 2377 1928; x_wconf 90' lang='lat' dir='ltr'><strong>est</strong></span> <span class='ocrx_word' id='word_1_250' title='bbox 2405 1873 2571 1929; x_wconf 90' lang='lat' dir='ltr'><strong>hanc.</strong></span> <span class='ocrx_word' id='word_1_251' title='bbox 2605 1874 2721 1953; x_wconf 80' lang='lat' dir='ltr'><strong>Lex</strong></span> <span class='ocrx_word' id='word_1_252' title='bbox 2747 1890 2870 1946; x_wconf 65' lang='lat' dir='ltr'><strong>quae</strong></span> <span class='ocrx_word' id='word_1_253' title='bbox 2906 1879 3207 1934; x_wconf 87' lang='lat' dir='ltr'><strong>antecessit</strong></span> <span class='ocrx_word' id='word_1_254' title='bbox 3252 1883 3670 1951; x_wconf 86' lang='lat' dir='ltr'><strong>corruptionem</strong></span> <span class='ocrx_word' id='word_1_255' title='bbox 3702 1885 3839 1938; x_wconf 83' lang='lat' dir='ltr'><strong>tabu-</strong></span> 
     </span>
    </p>
   </div>
   <div class='ocr_carea' id='block_1_19' title="bbox 617 1957 3837 2041">
    <p class='ocr_par' dir='ltr' id='par_1_19' title="bbox 617 1957 3837 2041">
     <span class='ocr_line' id='line_1_19' title="bbox 617 1957 3837 2041; baseline 0.003 -27"><span class='ocrx_word' id='word_1_256' title='bbox 617 1962 820 2024; x_wconf 89' lang='lat' dir='ltr'><strong>larum,</strong></span> <span class='ocrx_word' id='word_1_257' title='bbox 858 1960 1049 2014; x_wconf 86' lang='lat' dir='ltr'><strong>habuit</strong></span> <span class='ocrx_word' id='word_1_258' title='bbox 1082 1959 1351 2028; x_wconf 88' lang='lat' dir='ltr'><strong>judicium</strong></span> <span class='ocrx_word' id='word_1_259' title='bbox 1392 1967 1445 2012; x_wconf 90' lang='lat' dir='ltr'><strong>et</strong></span> <span class='ocrx_word' id='word_1_260' title='bbox 1473 1958 1787 2013; x_wconf 77' lang='lat' dir='ltr'><strong>facultatem</strong></span> <span class='ocrx_word' id='word_1_261' title='bbox 1840 1957 2191 2013; x_wconf 87' lang='lat' dir='ltr'><strong>discernendi</strong></span> <span class='ocrx_word' id='word_1_262' title='bbox 2219 1960 2423 2015; x_wconf 89' lang='lat' dir='ltr'><strong>bonum</strong></span> <span class='ocrx_word' id='word_1_263' title='bbox 2479 1975 2508 2014; x_wconf 87' lang='lat' dir='ltr'><strong>a</strong></span> <span class='ocrx_word' id='word_1_264' title='bbox 2548 1962 2707 2032; x_wconf 77' lang='lat'><strong>321</strong></span> <span class='ocrx_word' id='word_1_265' title='bbox 2745 1964 2913 2019; x_wconf 88' lang='lat' dir='ltr'><strong>malo.</strong></span> <span class='ocrx_word' id='word_1_266' title='bbox 2944 1966 3013 2018; x_wconf 87' lang='lat' dir='ltr'><strong>At</strong></span> <span class='ocrx_word' id='word_1_267' title='bbox 3037 1965 3146 2030; x_wconf 89' lang='lat' dir='ltr'><strong>lex,</strong></span> <span class='ocrx_word' id='word_1_268' title='bbox 3170 1983 3292 2037; x_wconf 69' lang='lat' dir='ltr'><strong>quae</strong></span> <span class='ocrx_word' id='word_1_269' title='bbox 3325 1970 3595 2024; x_wconf 85' lang='lat' dir='ltr'><strong>comitata</strong></span> <span class='ocrx_word' id='word_1_270' title='bbox 3626 1980 3709 2026; x_wconf 89' lang='lat' dir='ltr'><strong>est</strong></span> <span class='ocrx_word' id='word_1_271' title='bbox 3732 1988 3837 2041; x_wconf 78' lang='lat' dir='ltr'><strong>pec-</strong></span> 
     </span>
    </p>
   </div>
   <div class='ocr_carea' id='block_1_20' title="bbox 618 2045 3840 2118">
    <p class='ocr_par' dir='ltr' id='par_1_20' title="bbox 618 2045 3840 2118">
     <span class='ocr_line' id='line_1_20' title="bbox 618 2045 3840 2118; baseline 0.004 -18"><span class='ocrx_word' id='word_1_272' title='bbox 618 2055 824 2111; x_wconf 90' lang='lat' dir='ltr'><strong>catum,</strong></span> <span class='ocrx_word' id='word_1_273' title='bbox 856 2046 1032 2100; x_wconf 91' lang='lat' dir='ltr'><strong>solum</strong></span> <span class='ocrx_word' id='word_1_274' title='bbox 1067 2045 1256 2100; x_wconf 87' lang='lat' dir='ltr'><strong>habitu</strong></span> <span class='ocrx_word' id='word_1_275' title='bbox 1313 2045 1499 2100; x_wconf 76' lang='lat' dir='ltr'><strong>dill‘ert</strong></span> <span class='ocrx_word' id='word_1_276' title='bbox 1548 2062 1576 2098; x_wconf 91' lang='lat' dir='ltr'><strong>a</strong></span> <span class='ocrx_word' id='word_1_277' title='bbox 1623 2046 1827 2115; x_wconf 88' lang='lat' dir='ltr'><strong>priore,</strong></span> <span class='ocrx_word' id='word_1_278' title='bbox 1884 2045 2073 2101; x_wconf 91' lang='lat' dir='ltr'><strong>eadem</strong></span> <span class='ocrx_word' id='word_1_279' title='bbox 2123 2048 2425 2110; x_wconf 82' lang='lat' dir='ltr'><strong>exsistens,</strong></span> <span class='ocrx_word' id='word_1_280' title='bbox 2460 2050 2923 2118; x_wconf 87' lang='lat' dir='ltr'><strong>quemadmodum</strong></span> <span class='ocrx_word' id='word_1_281' title='bbox 2956 2055 3219 2107; x_wconf 87' lang='lat' dir='ltr'><strong>memoria</strong></span> <span class='ocrx_word' id='word_1_282' title='bbox 3263 2055 3550 2112; x_wconf 88' lang='lat' dir='ltr'><strong>oblivione</strong></span> <span class='ocrx_word' id='word_1_283' title='bbox 3597 2060 3840 2113; x_wconf 80' lang='lat' dir='ltr'><strong>exstinca</strong></span> 
     </span>
    </p>
   </div>
   <div class='ocr_carea' id='block_1_21' title="bbox 616 2132 3841 2213">
    <p class='ocr_par' dir='ltr' id='par_1_21' title="bbox 616 2132 3841 2213">
     <span class='ocr_line' id='line_1_21' title="bbox 616 2132 3841 2213; baseline 0.004 -26"><span class='ocrx_word' id='word_1_284' title='bbox 616 2135 808 2188; x_wconf 87' lang='lat' dir='ltr'><strong>eadem</strong></span> <span class='ocrx_word' id='word_1_285' title='bbox 841 2148 964 2186; x_wconf 86' lang='lat' dir='ltr'><strong>cum</strong></span> <span class='ocrx_word' id='word_1_286' title='bbox 995 2132 1085 2186; x_wconf 91' lang='lat' dir='ltr'><strong>illa</strong></span> <span class='ocrx_word' id='word_1_287' title='bbox 1116 2142 1222 2196; x_wconf 84' lang='lat' dir='ltr'><strong>est,</strong></span> <span class='ocrx_word' id='word_1_288' title='bbox 1252 2148 1376 2203; x_wconf 70' lang='lat' dir='ltr'><strong>qua:</strong></span> <span class='ocrx_word' id='word_1_289' title='bbox 1399 2133 1730 2187; x_wconf 89' lang='lat' dir='ltr'><strong>oblivionem</strong></span> <span class='ocrx_word' id='word_1_290' title='bbox 1758 2135 2007 2202; x_wconf 88' lang='lat' dir='ltr'><strong>sequitur</strong></span> <span class='ocrx_word' id='word_1_291' title='bbox 2041 2152 2053 2188; x_wconf 89' lang='lat'><strong>:</strong></span> <span class='ocrx_word' id='word_1_292' title='bbox 2087 2134 2553 2203; x_wconf 86' lang='lat' dir='ltr'><strong>quemadmodum</strong></span> <span class='ocrx_word' id='word_1_293' title='bbox 2601 2137 2800 2204; x_wconf 90' lang='lat' dir='ltr'><strong>virtus,</strong></span> <span class='ocrx_word' id='word_1_294' title='bbox 2836 2154 2961 2209; x_wconf 72' lang='lat' dir='ltr'><strong>qua:</strong></span> <span class='ocrx_word' id='word_1_295' title='bbox 2990 2142 3311 2197; x_wconf 91' lang='lat' dir='ltr'><strong>intercessit</strong></span> <span class='ocrx_word' id='word_1_296' title='bbox 3343 2156 3655 2213; x_wconf 88' lang='lat' dir='ltr'><strong>peccatum,</strong></span> <span class='ocrx_word' id='word_1_297' title='bbox 3684 2146 3841 2200; x_wconf 73' lang='lat' dir='ltr'><strong>differt</strong></span> 
     </span>
    </p>
   </div>
   <div class='ocr_carea' id='block_1_22' title="bbox 617 2220 3841 2302">
    <p class='ocr_par' dir='ltr' id='par_1_22' title="bbox 617 2220 3841 2302">
     <span class='ocr_line' id='line_1_22' title="bbox 617 2220 3841 2302; baseline 0.005 -30"><span class='ocrx_word' id='word_1_298' title='bbox 617 2234 647 2273; x_wconf 92' lang='lat' dir='ltr'><strong>a</strong></span> <span class='ocrx_word' id='word_1_299' title='bbox 677 2221 879 2274; x_wconf 84' lang='lat' dir='ltr'><strong>virtute</strong></span> <span class='ocrx_word' id='word_1_300' title='bbox 901 2234 1065 2290; x_wconf 89' lang='lat' dir='ltr'><strong>quam</strong></span> <span class='ocrx_word' id='word_1_301' title='bbox 1097 2220 1421 2289; x_wconf 73' lang='lat' dir='ltr'><strong>ptenitentia</strong></span> <span class='ocrx_word' id='word_1_302' title='bbox 1454 2221 1637 2289; x_wconf 90' lang='lat' dir='ltr'><strong>parit;</strong></span> <span class='ocrx_word' id='word_1_303' title='bbox 1671 2221 2130 2289; x_wconf 86' lang='lat' dir='ltr'><strong>quemadmodum</strong></span> <span class='ocrx_word' id='word_1_304' title='bbox 2167 2222 2402 2291; x_wconf 86' lang='lat' dir='ltr'><strong>pristina</strong></span> <span class='ocrx_word' id='word_1_305' title='bbox 2433 2224 2644 2280; x_wconf 89' lang='lat' dir='ltr'><strong>sanitas</strong></span> <span class='ocrx_word' id='word_1_306' title='bbox 2676 2224 2861 2279; x_wconf 83' lang='lat' dir='ltr'><strong>ditl‘ert</strong></span> <span class='ocrx_word' id='word_1_307' title='bbox 2883 2227 2953 2281; x_wconf 90' lang='lat' dir='ltr'><strong>ab</strong></span> <span class='ocrx_word' id='word_1_308' title='bbox 2984 2244 3050 2281; x_wconf 90' lang='lat' dir='ltr'><strong>ea</strong></span> <span class='ocrx_word' id='word_1_309' title='bbox 3085 2222 3348 2296; x_wconf 82' lang='lat' dir='ltr'><strong>sanitate,</strong></span> <span class='ocrx_word' id='word_1_310' title='bbox 3384 2246 3509 2300; x_wconf 68' lang='lat' dir='ltr'><strong>qua:</strong></span> <span class='ocrx_word' id='word_1_311' title='bbox 3540 2244 3841 2302; x_wconf 83' lang='lat' dir='ltr'><strong>recuperata</strong></span> 
     </span>
    </p>
   </div>
   <div class='ocr_carea' id='block_1_23' title="bbox 617 2306 3841 2410">
    <p class='ocr_par' dir='ltr' id='par_1_23' title="bbox 617 2306 3841 2410">
     <span class='ocr_line' id='line_1_23' title="bbox 617 2306 3841 2410; baseline 0.005 -49"><span class='ocrx_word' id='word_1_312' title='bbox 617 2316 705 2362; x_wconf 90' lang='lat' dir='ltr'><strong>est</strong></span> <span class='ocrx_word' id='word_1_313' title='bbox 730 2309 990 2376; x_wconf 91' lang='lat' dir='ltr'><strong>propulso</strong></span> <span class='ocrx_word' id='word_1_314' title='bbox 1024 2308 1236 2361; x_wconf 89' lang='lat' dir='ltr'><strong>morbo.</strong></span> <span class='ocrx_word' id='word_1_315' title='bbox 1272 2306 1341 2361; x_wconf 90' lang='lat' dir='ltr'><strong>Ut</strong></span> <span class='ocrx_word' id='word_1_316' title='bbox 1364 2316 1542 2361; x_wconf 88' lang='lat' dir='ltr'><strong>autem</strong></span> <span class='ocrx_word' id='word_1_317' title='bbox 1574 2308 1698 2376; x_wconf 87' lang='lat' dir='ltr'><strong>quis</strong></span> <span class='ocrx_word' id='word_1_318' title='bbox 1728 2307 1996 2377; x_wconf 88' lang='lat' dir='ltr'><strong>suscipiat</strong></span> <span class='ocrx_word' id='word_1_319' title='bbox 2028 2308 2331 2363; x_wconf 90' lang='lat' dir='ltr'><strong>secundam</strong></span> <span class='ocrx_word' id='word_1_320' title='bbox 2374 2311 2571 2382; x_wconf 83' lang='lat' dir='ltr'><strong>legem,</strong></span> <span class='ocrx_word' id='word_1_321' title='bbox 2599 2321 2756 2382; x_wconf 88' lang='lat' dir='ltr'><strong>paret</strong></span> <span class='ocrx_word' id='word_1_322' title='bbox 2789 2328 2848 2368; x_wconf 88' lang='lat' dir='ltr'><strong>se</strong></span> <span class='ocrx_word' id='word_1_323' title='bbox 2885 2315 2939 2368; x_wconf 90' lang='lat' dir='ltr'><strong>in</strong></span> <span class='ocrx_word' id='word_1_324' title='bbox 2973 2319 3598 2410; x_wconf 55' lang='lat' dir='ltr'><strong>tempus’niatutinum,</strong></span> <span class='ocrx_word' id='word_1_325' title='bbox 3652 2322 3841 2378; x_wconf 86' lang='lat' dir='ltr'><strong>initium</strong></span> 
     </span>
    </p>
   </div>
   <div class='ocr_carea' id='block_1_24' title="bbox 620 2394 3841 2479">
    <p class='ocr_par' dir='ltr' id='par_1_24' title="bbox 620 2394 3841 2479">
     <span class='ocr_line' id='line_1_24' title="bbox 620 2394 3841 2479; baseline 0.005 -31"><span class='ocrx_word' id='word_1_326' title='bbox 620 2396 847 2463; x_wconf 83' lang='lat' dir='ltr'><strong>capiens</strong></span> <span class='ocrx_word' id='word_1_327' title='bbox 870 2395 1184 2464; x_wconf 88' lang='lat' dir='ltr'><strong>spiritualis</strong></span> <span class='ocrx_word' id='word_1_328' title='bbox 1219 2394 1348 2459; x_wconf 84' lang='lat' dir='ltr'><strong>diei,</strong></span> <span class='ocrx_word' id='word_1_329' title='bbox 1383 2411 1544 2464; x_wconf 91' lang='lat' dir='ltr'><strong>quem</strong></span> <span class='ocrx_word' id='word_1_330' title='bbox 1584 2394 1675 2449; x_wconf 92' lang='lat' dir='ltr'><strong>Sol</strong></span> <span class='ocrx_word' id='word_1_331' title='bbox 1700 2394 1931 2465; x_wconf 69' lang='lat' dir='ltr'><strong>justitite</strong></span> <span class='ocrx_word' id='word_1_332' title='bbox 1963 2397 2130 2466; x_wconf 90' lang='lat' dir='ltr'><strong>parit,</strong></span> <span class='ocrx_word' id='word_1_333' title='bbox 2174 2406 2232 2451; x_wconf 95' lang='lat' dir='ltr'><strong>ut</strong></span> <span class='ocrx_word' id='word_1_334' title='bbox 2271 2399 2455 2453; x_wconf 88' lang='lat' dir='ltr'><strong>dicere</strong></span> <span class='ocrx_word' id='word_1_335' title='bbox 2495 2416 2807 2469; x_wconf 87' lang='lat' dir='ltr'><strong>queamus:</strong></span> <span class='ocrx_word' id='word_1_336' title='bbox 2851 2421 2869 2453; x_wconf 76' lang='grc' dir='ltr'><strong>ι</strong></span> <span class='ocrx_word' id='word_1_337' title='bbox 2909 2401 3025 2457; x_wconf 83' lang='lat' dir='ltr'><strong>Nox</strong></span> <span class='ocrx_word' id='word_1_338' title='bbox 3062 2394 3367 2472; x_wconf 53' lang='lat' dir='ltr'><strong>praeisssit,</strong></span> <span class='ocrx_word' id='word_1_339' title='bbox 3392 2406 3514 2463; x_wconf 88' lang='lat' dir='ltr'><strong>dies</strong></span> <span class='ocrx_word' id='word_1_340' title='bbox 3564 2418 3741 2463; x_wconf 89' lang='lat' dir='ltr'><strong>autem</strong></span> <span class='ocrx_word' id='word_1_341' title='bbox 3766 2426 3841 2479; x_wconf 87' lang='lat' dir='ltr'><strong>ap-</strong></span> 
     </span>
    </p>
   </div>
   <div class='ocr_carea' id='block_1_25' title="bbox 621 2481 3840 2561">
    <p class='ocr_par' dir='ltr' id='par_1_25' title="bbox 621 2481 3840 2561">
     <span class='ocr_line' id='line_1_25' title="bbox 621 2481 3840 2561; baseline 0.006 -28"><span class='ocrx_word' id='word_1_342' title='bbox 621 2482 1019 2551; x_wconf 86' lang='lat' dir='ltr'><strong>pr0pinquavit</strong></span> <span class='ocrx_word' id='word_1_343' title='bbox 1047 2483 1115 2535; x_wconf 80' lang='lat'><strong>&quot;&#39;.</strong></span> <span class='ocrx_word' id='word_1_344' title='bbox 1156 2500 1175 2534; x_wconf 72' lang='grc' dir='ltr'><strong>ι</strong></span> <span class='ocrx_word' id='word_1_345' title='bbox 1211 2481 1416 2537; x_wconf 88' lang='lat' dir='ltr'><strong>Deinde</strong></span> <span class='ocrx_word' id='word_1_346' title='bbox 1447 2482 1756 2537; x_wconf 85' lang='lat' dir='ltr'><strong>ascendens</strong></span> <span class='ocrx_word' id='word_1_347' title='bbox 1792 2492 2029 2553; x_wconf 86' lang='lat' dir='ltr'><strong>occupet</strong></span> <span class='ocrx_word' id='word_1_348' title='bbox 2062 2485 2245 2540; x_wconf 91' lang='lat' dir='ltr'><strong>locum</strong></span> <span class='ocrx_word' id='word_1_349' title='bbox 2282 2487 2518 2541; x_wconf 91' lang='lat' dir='ltr'><strong>solidum</strong></span> <span class='ocrx_word' id='word_1_350' title='bbox 2563 2489 2975 2545; x_wconf 87' lang='lat' dir='ltr'><strong>ctimmobilem</strong></span> <span class='ocrx_word' id='word_1_351' title='bbox 3008 2492 3063 2546; x_wconf 88' lang='lat' dir='ltr'><strong>in</strong></span> <span class='ocrx_word' id='word_1_352' title='bbox 3098 2504 3302 2548; x_wconf 89' lang='lat' dir='ltr'><strong>monte.</strong></span> <span class='ocrx_word' id='word_1_353' title='bbox 3335 2494 3438 2561; x_wconf 85' lang='lat' dir='ltr'><strong>Qui</strong></span> <span class='ocrx_word' id='word_1_354' title='bbox 3480 2511 3598 2550; x_wconf 89' lang='lat' dir='ltr'><strong>non</strong></span> <span class='ocrx_word' id='word_1_355' title='bbox 3644 2497 3696 2553; x_wconf 92' lang='lat' dir='ltr'><strong>in</strong></span> <span class='ocrx_word' id='word_1_356' title='bbox 3723 2499 3840 2553; x_wconf 83' lang='lat' dir='ltr'><strong>hunc</strong></span> 
     </span>
    </p>
   </div>
   <div class='ocr_carea' id='block_1_26' title="bbox 623 2564 3841 2656">
    <p class='ocr_par' dir='ltr' id='par_1_26' title="bbox 623 2564 3841 2656">
     <span class='ocr_line' id='line_1_26' title="bbox 623 2564 3841 2656; baseline 0.005 -34"><span class='ocrx_word' id='word_1_357' title='bbox 623 2570 847 2623; x_wconf 85' lang='lat' dir='ltr'><strong>modum</strong></span> <span class='ocrx_word' id='word_1_358' title='bbox 876 2569 1045 2622; x_wconf 79' lang='lat' dir='ltr'><strong>fuerit</strong></span> <span class='ocrx_word' id='word_1_359' title='bbox 1073 2568 1324 2632; x_wconf 77' lang='lat' dir='ltr'><strong>allectus,</strong></span> <span class='ocrx_word' id='word_1_360' title='bbox 1384 2585 1491 2623; x_wconf 92' lang='lat' dir='ltr'><strong>non</strong></span> <span class='ocrx_word' id='word_1_361' title='bbox 1524 2564 1755 2624; x_wconf 87' lang='lat' dir='ltr'><strong>scandet</strong></span> <span class='ocrx_word' id='word_1_362' title='bbox 1804 2570 1955 2623; x_wconf 91' lang='lat' dir='ltr'><strong>illum</strong></span> <span class='ocrx_word' id='word_1_363' title='bbox 1987 2580 2250 2641; x_wconf 89' lang='lat' dir='ltr'><strong>montem,</strong></span> <span class='ocrx_word' id='word_1_364' title='bbox 2302 2590 2402 2629; x_wconf 87' lang='lat' dir='ltr'><strong>nec</strong></span> <span class='ocrx_word' id='word_1_365' title='bbox 2464 2575 2516 2629; x_wconf 90' lang='lat' dir='ltr'><strong>in</strong></span> <span class='ocrx_word' id='word_1_366' title='bbox 2564 2577 2659 2631; x_wconf 91' lang='lat' dir='ltr'><strong>illo</strong></span> <span class='ocrx_word' id='word_1_367' title='bbox 2706 2580 3036 2647; x_wconf 87' lang='lat' dir='ltr'><strong>requiescet.</strong></span> <span class='ocrx_word' id='word_1_368' title='bbox 3085 2581 3241 2637; x_wconf 83' lang='lat' dir='ltr'><strong>Mons</strong></span> <span class='ocrx_word' id='word_1_369' title='bbox 3270 2585 3583 2640; x_wconf 87' lang='lat' dir='ltr'><strong>autemille</strong></span> <span class='ocrx_word' id='word_1_370' title='bbox 3617 2587 3841 2656; x_wconf 76' lang='lat' dir='ltr'><strong>subtypo</strong></span> 
     </span>
    </p>
   </div>
   <div class='ocr_carea' id='block_1_27' title="bbox 621 2657 3840 2740">
    <p class='ocr_par' dir='ltr' id='par_1_27' title="bbox 621 2657 3840 2740">
     <span class='ocr_line' id='line_1_27' title="bbox 621 2657 3840 2740; baseline 0.006 -31"><span class='ocrx_word' id='word_1_371' title='bbox 621 2658 856 2725; x_wconf 89' lang='lat' dir='ltr'><strong>quodam</strong></span> <span class='ocrx_word' id='word_1_372' title='bbox 888 2672 1000 2726; x_wconf 64' lang='lat' dir='ltr'><strong>prae</strong></span> <span class='ocrx_word' id='word_1_373' title='bbox 1038 2672 1099 2711; x_wconf 86' lang='lat' dir='ltr'><strong>se</strong></span> <span class='ocrx_word' id='word_1_374' title='bbox 1123 2657 1227 2710; x_wconf 81' lang='lat' dir='ltr'><strong>fert</strong></span> <span class='ocrx_word' id='word_1_375' title='bbox 1257 2658 1604 2727; x_wconf 89' lang='lat' dir='ltr'><strong>spiritualem</strong></span> <span class='ocrx_word' id='word_1_376' title='bbox 1641 2669 1904 2718; x_wconf 88' lang='lat' dir='ltr'><strong>montem.</strong></span> <span class='ocrx_word' id='word_1_377' title='bbox 1928 2659 2012 2714; x_wconf 80' lang='lat' dir='ltr'><strong>‘de</strong></span> <span class='ocrx_word' id='word_1_378' title='bbox 2045 2676 2157 2729; x_wconf 92' lang='lat' dir='ltr'><strong>quo</strong></span> <span class='ocrx_word' id='word_1_379' title='bbox 2204 2664 2470 2731; x_wconf 86' lang='lat' dir='ltr'><strong>propheta</strong></span> <span class='ocrx_word' id='word_1_380' title='bbox 2526 2665 2906 2720; x_wconf 88' lang='lat' dir='ltr'><strong>vaticinatur:</strong></span> <span class='ocrx_word' id='word_1_381' title='bbox 2945 2686 2963 2719; x_wconf 78' lang='grc' dir='ltr'><strong>ι</strong></span> <span class='ocrx_word' id='word_1_382' title='bbox 3004 2671 3303 2740; x_wconf 79' lang='lat' dir='ltr'><strong>Apparebit</strong></span> <span class='ocrx_word' id='word_1_383' title='bbox 3354 2687 3516 2733; x_wconf 86' lang='lat' dir='ltr'><strong>mons</strong></span> <span class='ocrx_word' id='word_1_384' title='bbox 3579 2673 3779 2728; x_wconf 84' lang='lat' dir='ltr'><strong>Domini</strong></span> <span class='ocrx_word' id='word_1_385' title='bbox 3798 2676 3840 2729; x_wconf 89' lang='lat' dir='ltr'><strong>in</strong></span> 
     </span>
    </p>
   </div>
   <div class='ocr_carea' id='block_1_28' title="bbox 624 2743 3841 2832">
    <p class='ocr_par' dir='ltr' id='par_1_28' title="bbox 624 2743 3841 2832">
     <span class='ocr_line' id='line_1_28' title="bbox 624 2743 3841 2832; baseline 0.006 -33"><span class='ocrx_word' id='word_1_386' title='bbox 624 2746 922 2799; x_wconf 89' lang='lat' dir='ltr'><strong>novissimo</strong></span> <span class='ocrx_word' id='word_1_387' title='bbox 954 2745 1166 2799; x_wconf 83' lang='lat' dir='ltr'><strong>dierum</strong></span> <span class='ocrx_word' id='word_1_388' title='bbox 1198 2745 1265 2799; x_wconf 86' lang='lat'><strong>&quot;&quot;.</strong></span> <span class='ocrx_word' id='word_1_389' title='bbox 1308 2764 1326 2796; x_wconf 75' lang='grc' dir='ltr'><strong>ι</strong></span> <span class='ocrx_word' id='word_1_390' title='bbox 1349 2743 1413 2797; x_wconf 85' lang='grc' dir='ltr'><strong>Ει</strong></span> <span class='ocrx_word' id='word_1_391' title='bbox 1446 2746 1568 2814; x_wconf 82' lang='lat' dir='ltr'><strong>quis</strong></span> <span class='ocrx_word' id='word_1_392' title='bbox 1612 2746 1701 2798; x_wconf 90' lang='lat' dir='ltr'><strong>ille</strong></span> <span class='ocrx_word' id='word_1_393' title='bbox 1729 2747 1935 2799; x_wconf 84' lang='lat' dir='ltr'><strong>mons?</strong></span> <span class='ocrx_word' id='word_1_394' title='bbox 1966 2749 2182 2817; x_wconf 84' lang='lat' dir='ltr'><strong>scilicet</strong></span> <span class='ocrx_word' id='word_1_395' title='bbox 2223 2748 2396 2803; x_wconf 83' lang='lat' dir='ltr'><strong>Filius</strong></span> <span class='ocrx_word' id='word_1_396' title='bbox 2417 2749 2535 2805; x_wconf 87' lang='lat' dir='ltr'><strong>Dei.</strong></span> <span class='ocrx_word' id='word_1_397' title='bbox 2569 2751 2724 2832; x_wconf 85' lang='lat' dir='ltr'><strong>Hunc</strong></span> <span class='ocrx_word' id='word_1_398' title='bbox 2755 2754 2810 2808; x_wconf 91' lang='lat' dir='ltr'><strong>in</strong></span> <span class='ocrx_word' id='word_1_399' title='bbox 2838 2766 3080 2811; x_wconf 88' lang='lat' dir='ltr'><strong>montem</strong></span> <span class='ocrx_word' id='word_1_400' title='bbox 3109 2759 3236 2814; x_wconf 90' lang='lat' dir='ltr'><strong>licet</strong></span> <span class='ocrx_word' id='word_1_401' title='bbox 3260 2759 3500 2816; x_wconf 85' lang='lat' dir='ltr'><strong>subinde</strong></span> <span class='ocrx_word' id='word_1_402' title='bbox 3538 2762 3841 2832; x_wconf 84' lang='lat' dir='ltr'><strong>proliciendo</strong></span> 
     </span>
    </p>
   </div>
   <div class='ocr_carea' id='block_1_29' title="bbox 624 2831 3843 2919">
    <p class='ocr_par' dir='ltr' id='par_1_29' title="bbox 624 2831 3843 2919">
     <span class='ocr_line' id='line_1_29' title="bbox 624 2831 3843 2919; baseline 0.007 -35"><span class='ocrx_word' id='word_1_403' title='bbox 624 2831 943 2897; x_wconf 84' lang='lat' dir='ltr'><strong>ascendere,</strong></span> <span class='ocrx_word' id='word_1_404' title='bbox 974 2840 1030 2886; x_wconf 87' lang='lat' dir='ltr'><strong>et</strong></span> <span class='ocrx_word' id='word_1_405' title='bbox 1060 2831 1394 2901; x_wconf 77' lang='lat' dir='ltr'><strong>pet-lectione</strong></span> <span class='ocrx_word' id='word_1_406' title='bbox 1426 2833 1659 2902; x_wconf 89' lang='lat' dir='ltr'><strong>potitum</strong></span> <span class='ocrx_word' id='word_1_407' title='bbox 1687 2833 1741 2886; x_wconf 91' lang='lat' dir='ltr'><strong>in</strong></span> <span class='ocrx_word' id='word_1_408' title='bbox 1780 2836 2101 2888; x_wconf 81' lang='lat' dir='ltr'><strong>summitate</strong></span> <span class='ocrx_word' id='word_1_409' title='bbox 2132 2837 2463 2893; x_wconf 87' lang='lat' dir='ltr'><strong>consistere.</strong></span> <span class='ocrx_word' id='word_1_410' title='bbox 2497 2840 2555 2894; x_wconf 93' lang='lat' dir='ltr'><strong>ln</strong></span> <span class='ocrx_word' id='word_1_411' title='bbox 2582 2831 2730 2897; x_wconf 82' lang='lat' dir='ltr'><strong>hunc</strong></span> <span class='ocrx_word' id='word_1_412' title='bbox 2753 2844 2902 2899; x_wconf 88' lang='lat' dir='ltr'><strong>enim</strong></span> <span class='ocrx_word' id='word_1_413' title='bbox 2927 2847 3151 2901; x_wconf 91' lang='lat' dir='ltr'><strong>modum</strong></span> <span class='ocrx_word' id='word_1_414' title='bbox 3186 2849 3385 2919; x_wconf 87' lang='lat' dir='ltr'><strong>legitur</strong></span> <span class='ocrx_word' id='word_1_415' title='bbox 3411 2867 3425 2904; x_wconf 88' lang='lat'><strong>:</strong></span> <span class='ocrx_word' id='word_1_416' title='bbox 3465 2871 3483 2903; x_wconf 73' lang='grc' dir='ltr'><strong>ι</strong></span> <span class='ocrx_word' id='word_1_417' title='bbox 3520 2831 3659 2919; x_wconf 85' lang='lat' dir='ltr'><strong>Quis</strong></span> <span class='ocrx_word' id='word_1_418' title='bbox 3679 2868 3843 2909; x_wconf 84' lang='lat' dir='ltr'><strong>ascen-</strong></span> 
     </span>
    </p>
   </div>
   <div class='ocr_carea' id='block_1_30' title="bbox 623 2918 3841 3011">
    <p class='ocr_par' dir='ltr' id='par_1_30' title="bbox 623 2918 3841 3011">
     <span class='ocr_line' id='line_1_30' title="bbox 623 2918 3841 3011; baseline 0.007 -37"><span class='ocrx_word' id='word_1_419' title='bbox 623 2922 715 2975; x_wconf 86' lang='lat' dir='ltr'><strong>det</strong></span> <span class='ocrx_word' id='word_1_420' title='bbox 741 2920 796 2974; x_wconf 90' lang='lat' dir='ltr'><strong>in</strong></span> <span class='ocrx_word' id='word_1_421' title='bbox 818 2926 1062 2974; x_wconf 89' lang='lat' dir='ltr'><strong>montem</strong></span> <span class='ocrx_word' id='word_1_422' title='bbox 1096 2918 1351 2973; x_wconf 88' lang='lat' dir='ltr'><strong>Domini?</strong></span> <span class='ocrx_word' id='word_1_423' title='bbox 1380 2926 1474 2974; x_wconf 87' lang='lat' dir='ltr'><strong>aut</strong></span> <span class='ocrx_word' id='word_1_424' title='bbox 1528 2922 1656 2990; x_wconf 90' lang='lat' dir='ltr'><strong>quis</strong></span> <span class='ocrx_word' id='word_1_425' title='bbox 1693 2921 1864 2976; x_wconf 90' lang='lat' dir='ltr'><strong>stabit</strong></span> <span class='ocrx_word' id='word_1_426' title='bbox 1912 2922 1965 2976; x_wconf 92' lang='lat' dir='ltr'><strong>in</strong></span> <span class='ocrx_word' id='word_1_427' title='bbox 2008 2922 2130 2977; x_wconf 89' lang='lat' dir='ltr'><strong>loco</strong></span> <span class='ocrx_word' id='word_1_428' title='bbox 2170 2933 2364 2980; x_wconf 92' lang='lat' dir='ltr'><strong>sancto</strong></span> <span class='ocrx_word' id='word_1_429' title='bbox 2425 2926 2545 2995; x_wconf 86' lang='lat' dir='ltr'><strong>ejus</strong></span> <span class='ocrx_word' id='word_1_430' title='bbox 2579 2929 2669 2981; x_wconf 71' lang='lat'><strong>7°?</strong></span> <span class='ocrx_word' id='word_1_431' title='bbox 2714 2947 2733 2981; x_wconf 76' lang='grc' dir='ltr'><strong>ι</strong></span> <span class='ocrx_word' id='word_1_432' title='bbox 2774 2931 2879 2986; x_wconf 89' lang='lat' dir='ltr'><strong>Per</strong></span> <span class='ocrx_word' id='word_1_433' title='bbox 2919 2918 3253 3000; x_wconf 76' lang='lat' dir='ltr'><strong>dictionem,</strong></span> <span class='ocrx_word' id='word_1_434' title='bbox 3279 2938 3420 3007; x_wconf 76' lang='lat' dir='ltr'><strong>quis,</strong></span> <span class='ocrx_word' id='word_1_435' title='bbox 3451 2918 3708 3011; x_wconf 81' lang='lat' dir='ltr'><strong>inteuigit</strong></span> <span class='ocrx_word' id='word_1_436' title='bbox 3738 2956 3841 2996; x_wconf 85' lang='lat' dir='ltr'><strong>raro</strong></span> 
     </span>
    </p>
   </div>
   <div class='ocr_carea' id='block_1_31' title="bbox 625 3008 3839 3097">
    <p class='ocr_par' dir='ltr' id='par_1_31' title="bbox 625 3008 3839 3097">
     <span class='ocr_line' id='line_1_31' title="bbox 625 3008 3839 3097; baseline 0.007 -38"><span class='ocrx_word' id='word_1_437' title='bbox 625 3008 758 3062; x_wconf 89' lang='lat' dir='ltr'><strong>tales</strong></span> <span class='ocrx_word' id='word_1_438' title='bbox 789 3009 1147 3078; x_wconf 89' lang='lat' dir='ltr'><strong>reperiri,qui</strong></span> <span class='ocrx_word' id='word_1_439' title='bbox 1174 3008 1227 3061; x_wconf 94' lang='lat' dir='ltr'><strong>in</strong></span> <span class='ocrx_word' id='word_1_440' title='bbox 1261 3008 1406 3062; x_wconf 90' lang='lat' dir='ltr'><strong>hunc</strong></span> <span class='ocrx_word' id='word_1_441' title='bbox 1436 3016 1676 3063; x_wconf 88' lang='lat' dir='ltr'><strong>montem</strong></span> <span class='ocrx_word' id='word_1_442' title='bbox 1704 3010 2027 3063; x_wconf 87' lang='lat' dir='ltr'><strong>ascendant.</strong></span> <span class='ocrx_word' id='word_1_443' title='bbox 2060 3011 2219 3077; x_wconf 90' lang='lat' dir='ltr'><strong>Quod</strong></span> <span class='ocrx_word' id='word_1_444' title='bbox 2253 3028 2380 3068; x_wconf 85' lang='lat' dir='ltr'><strong>vero</strong></span> <span class='ocrx_word' id='word_1_445' title='bbox 2402 3014 2474 3069; x_wconf 87' lang='lat' dir='ltr'><strong>ita</strong></span> <span class='ocrx_word' id='word_1_446' title='bbox 2504 3031 2564 3072; x_wconf 93' lang='lat' dir='ltr'><strong>se</strong></span> <span class='ocrx_word' id='word_1_447' title='bbox 2594 3032 2683 3073; x_wconf 89' lang='lat' dir='ltr'><strong>res</strong></span> <span class='ocrx_word' id='word_1_448' title='bbox 2714 3018 2935 3085; x_wconf 89' lang='lat' dir='ltr'><strong>habeat,</strong></span> <span class='ocrx_word' id='word_1_449' title='bbox 2963 3022 3099 3078; x_wconf 90' lang='lat' dir='ltr'><strong>satis</strong></span> <span class='ocrx_word' id='word_1_450' title='bbox 3122 3022 3421 3081; x_wconf 81' lang='lat' dir='ltr'><strong>declaravit</strong></span> <span class='ocrx_word' id='word_1_451' title='bbox 3439 3041 3538 3097; x_wconf 88' lang='lat' dir='ltr'><strong>per</strong></span> <span class='ocrx_word' id='word_1_452' title='bbox 3556 3008 3839 3097; x_wconf 80' lang='lat' dir='ltr'><strong>subjectum</strong></span> 
     </span>
    </p>
   </div>
   <div class='ocr_carea' id='block_1_32' title="bbox 624 3095 3842 3184">
    <p class='ocr_par' dir='ltr' id='par_1_32' title="bbox 624 3095 3842 3184">
     <span class='ocr_line' id='line_1_32' title="bbox 624 3095 3842 3184; baseline 0.007 -37"><span class='ocrx_word' id='word_1_453' title='bbox 624 3110 943 3164; x_wconf 78' lang='lat' dir='ltr'><strong>responsum</strong></span> <span class='ocrx_word' id='word_1_454' title='bbox 971 3113 985 3150; x_wconf 87' lang='lat'><strong>:</strong></span> <span class='ocrx_word' id='word_1_455' title='bbox 1027 3113 1045 3147; x_wconf 77' lang='grc' dir='ltr'><strong>ι</strong></span> <span class='ocrx_word' id='word_1_456' title='bbox 1094 3095 1361 3152; x_wconf 89' lang='lat' dir='ltr'><strong>Innocens</strong></span> <span class='ocrx_word' id='word_1_457' title='bbox 1398 3097 1654 3151; x_wconf 86' lang='lat' dir='ltr'><strong>manibus</strong></span> <span class='ocrx_word' id='word_1_458' title='bbox 1687 3098 1753 3163; x_wconf 70' lang='lat'><strong>&#39;9,</strong></span> <span class='ocrx_word' id='word_1_459' title='bbox 1785 3115 1804 3149; x_wconf 79' lang='grc' dir='ltr'><strong>ι</strong></span> <span class='ocrx_word' id='word_1_460' title='bbox 1835 3108 1943 3153; x_wconf 89' lang='lat' dir='ltr'><strong>etc.</strong></span> <span class='ocrx_word' id='word_1_461' title='bbox 1970 3096 2105 3152; x_wconf 88' lang='lat' dir='ltr'><strong>Nam</strong></span> <span class='ocrx_word' id='word_1_462' title='bbox 2132 3102 2224 3170; x_wconf 89' lang='lat' dir='ltr'><strong>qui</strong></span> <span class='ocrx_word' id='word_1_463' title='bbox 2258 3102 2363 3155; x_wconf 86' lang='lat' dir='ltr'><strong>iter</strong></span> <span class='ocrx_word' id='word_1_464' title='bbox 2389 3103 2608 3158; x_wconf 73' lang='lat' dir='ltr'><strong>allectat</strong></span> <span class='ocrx_word' id='word_1_465' title='bbox 2640 3106 2694 3159; x_wconf 88' lang='lat' dir='ltr'><strong>iu</strong></span> <span class='ocrx_word' id='word_1_466' title='bbox 2728 3106 2876 3161; x_wconf 87' lang='lat' dir='ltr'><strong>hunc</strong></span> <span class='ocrx_word' id='word_1_467' title='bbox 2897 3118 3161 3177; x_wconf 89' lang='lat' dir='ltr'><strong>montem,</strong></span> <span class='ocrx_word' id='word_1_468' title='bbox 3201 3126 3326 3167; x_wconf 91' lang='lat' dir='ltr'><strong>eum</strong></span> <span class='ocrx_word' id='word_1_469' title='bbox 3357 3095 3580 3184; x_wconf 81' lang='lat' dir='ltr'><strong>oportet</strong></span> <span class='ocrx_word' id='word_1_470' title='bbox 3608 3095 3842 3171; x_wconf 80' lang='lat' dir='ltr'><strong>accedere</strong></span> 
     </span>
    </p>
   </div>
   <div class='ocr_carea' id='block_1_33' title="bbox 623 3183 3840 3273">
    <p class='ocr_par' dir='ltr' id='par_1_33' title="bbox 623 3183 3840 3273">
     <span class='ocr_line' id='line_1_33' title="bbox 623 3183 3840 3273; baseline 0.007 -39"><span class='ocrx_word' id='word_1_471' title='bbox 623 3184 948 3237; x_wconf 88' lang='lat' dir='ltr'><strong>instructum</strong></span> <span class='ocrx_word' id='word_1_472' title='bbox 981 3183 1240 3253; x_wconf 91' lang='lat' dir='ltr'><strong>practicis</strong></span> <span class='ocrx_word' id='word_1_473' title='bbox 1283 3192 1338 3237; x_wconf 93' lang='lat' dir='ltr'><strong>et</strong></span> <span class='ocrx_word' id='word_1_474' title='bbox 1370 3184 1728 3253; x_wconf 90' lang='lat' dir='ltr'><strong>speculativis</strong></span> <span class='ocrx_word' id='word_1_475' title='bbox 1783 3185 2105 3241; x_wconf 87' lang='lat' dir='ltr'><strong>virtutibus.</strong></span> <span class='ocrx_word' id='word_1_476' title='bbox 2142 3188 2198 3241; x_wconf 86' lang='lat' dir='ltr'><strong>in</strong></span> <span class='ocrx_word' id='word_1_477' title='bbox 2227 3188 2394 3243; x_wconf 88' lang='lat' dir='ltr'><strong>istum</strong></span> <span class='ocrx_word' id='word_1_478' title='bbox 2433 3201 2674 3247; x_wconf 89' lang='lat' dir='ltr'><strong>montem</strong></span> <span class='ocrx_word' id='word_1_479' title='bbox 2722 3210 2782 3249; x_wconf 89' lang='lat' dir='ltr'><strong>se</strong></span> <span class='ocrx_word' id='word_1_480' title='bbox 2813 3197 3061 3269; x_wconf 84' lang='lat' dir='ltr'><strong>recipere</strong></span> <span class='ocrx_word' id='word_1_481' title='bbox 3085 3198 3313 3268; x_wconf 88' lang='lat' dir='ltr'><strong>jubetur</strong></span> <span class='ocrx_word' id='word_1_482' title='bbox 3344 3183 3416 3268; x_wconf 80' lang='lat' dir='ltr'><strong>is,</strong></span> <span class='ocrx_word' id='word_1_483' title='bbox 3448 3205 3545 3273; x_wconf 92' lang='lat' dir='ltr'><strong>qui</strong></span> <span class='ocrx_word' id='word_1_484' title='bbox 3577 3204 3693 3258; x_wconf 86' lang='lat' dir='ltr'><strong>adit</strong></span> <span class='ocrx_word' id='word_1_485' title='bbox 3714 3205 3840 3259; x_wconf 85' lang='lat' dir='ltr'><strong>labo-</strong></span> 
     </span>
    </p>
   </div>
   <div class='ocr_carea' id='block_1_34' title="bbox 624 3269 3842 3364">
    <p class='ocr_par' dir='ltr' id='par_1_34' title="bbox 624 3269 3842 3364">
     <span class='ocr_line' id='line_1_34' title="bbox 624 3269 3842 3364; baseline 0.007 -41"><span class='ocrx_word' id='word_1_486' title='bbox 624 3285 737 3324; x_wconf 89' lang='lat' dir='ltr'><strong>rem</strong></span> <span class='ocrx_word' id='word_1_487' title='bbox 775 3269 1138 3323; x_wconf 90' lang='lat' dir='ltr'><strong>annuntiandi</strong></span> <span class='ocrx_word' id='word_1_488' title='bbox 1191 3270 1584 3340; x_wconf 82' lang='lat' dir='ltr'><strong>Evangelium,</strong></span> <span class='ocrx_word' id='word_1_489' title='bbox 1610 3270 1886 3340; x_wconf 87' lang='lat' dir='ltr'><strong>siquidem</strong></span> <span class='ocrx_word' id='word_1_490' title='bbox 1926 3276 2191 3345; x_wconf 87' lang='lat' dir='ltr'><strong>propheta</strong></span> <span class='ocrx_word' id='word_1_491' title='bbox 2216 3276 2434 3346; x_wconf 90' lang='lat' dir='ltr'><strong>inquit:</strong></span> <span class='ocrx_word' id='word_1_492' title='bbox 2469 3296 2487 3330; x_wconf 76' lang='grc' dir='ltr'><strong>ι</strong></span> <span class='ocrx_word' id='word_1_493' title='bbox 2523 3279 2583 3334; x_wconf 86' lang='lat' dir='ltr'><strong>In</strong></span> <span class='ocrx_word' id='word_1_494' title='bbox 2621 3290 2862 3339; x_wconf 88' lang='lat' dir='ltr'><strong>montem</strong></span> <span class='ocrx_word' id='word_1_495' title='bbox 2916 3277 3199 3342; x_wconf 79' lang='lat' dir='ltr'><strong>excelsum</strong></span> <span class='ocrx_word' id='word_1_496' title='bbox 3250 3269 3514 3357; x_wconf 75' lang='lat' dir='ltr'><strong>ascende,</strong></span> <span class='ocrx_word' id='word_1_497' title='bbox 3564 3292 3663 3364; x_wconf 88' lang='lat' dir='ltr'><strong>qui</strong></span> <span class='ocrx_word' id='word_1_498' title='bbox 3692 3290 3842 3347; x_wconf 79' lang='lat' dir='ltr'><strong>Eran-</strong></span> 
     </span>
    </p>
   </div>
   <div class='ocr_carea' id='block_1_35' title="bbox 621 3355 2582 3432">
    <p class='ocr_par' dir='ltr' id='par_1_35' title="bbox 621 3355 2582 3432">
     <span class='ocr_line' id='line_1_35' title="bbox 621 3355 2582 3432; baseline 0.006 -23"><span class='ocrx_word' id='word_1_499' title='bbox 621 3358 823 3427; x_wconf 79' lang='lat' dir='ltr'><strong>gelium</strong></span> <span class='ocrx_word' id='word_1_500' title='bbox 853 3356 1051 3427; x_wconf 89' lang='lat' dir='ltr'><strong>objicis</strong></span> <span class='ocrx_word' id='word_1_501' title='bbox 1072 3355 1377 3413; x_wconf 82' lang='lat' dir='ltr'><strong>Jerusalem</strong></span> <span class='ocrx_word' id='word_1_502' title='bbox 1404 3357 1472 3412; x_wconf 77' lang='grc' dir='ltr'><strong>⁸ο.</strong></span> <span class='ocrx_word' id='word_1_503' title='bbox 1512 3377 1529 3408; x_wconf 74' lang='grc' dir='ltr'><strong>ι</strong></span> <span class='ocrx_word' id='word_1_504' title='bbox 1571 3357 1689 3415; x_wconf 89' lang='lat' dir='ltr'><strong>lluc</strong></span> <span class='ocrx_word' id='word_1_505' title='bbox 1723 3377 1835 3415; x_wconf 91' lang='lat' dir='ltr'><strong>non</strong></span> <span class='ocrx_word' id='word_1_506' title='bbox 1869 3362 2029 3432; x_wconf 92' lang='lat' dir='ltr'><strong>cujus</strong></span> <span class='ocrx_word' id='word_1_507' title='bbox 2065 3364 2365 3431; x_wconf 80' lang='lat' dir='ltr'><strong>ascendere</strong></span> <span class='ocrx_word' id='word_1_508' title='bbox 2398 3365 2582 3421; x_wconf 91' lang='lat' dir='ltr'><strong>datur.</strong></span> 
     </span>
    </p>
   </div>
   <div class='ocr_carea' id='block_1_36' title="bbox 693 3442 2288 3544">
    <p class='ocr_par' dir='ltr' id='par_1_36' title="bbox 693 3442 2269 3516">
     <span class='ocr_line' id='line_1_36' title="bbox 693 3442 2269 3516; baseline 0.007 -17"><span class='ocrx_word' id='word_1_509' title='bbox 693 3448 1038 3516; x_wconf 85' lang='lat' dir='ltr'><strong>Quapropter</strong></span> <span class='ocrx_word' id='word_1_510' title='bbox 1079 3449 1351 3502; x_wconf 89' lang='lat' dir='ltr'><strong>neminem</strong></span> <span class='ocrx_word' id='word_1_511' title='bbox 1407 3450 1583 3504; x_wconf 92' lang='lat' dir='ltr'><strong>voluit</strong></span> <span class='ocrx_word' id='word_1_512' title='bbox 1623 3467 1733 3506; x_wconf 91' lang='lat' dir='ltr'><strong>una</strong></span> <span class='ocrx_word' id='word_1_513' title='bbox 1793 3468 1917 3507; x_wconf 91' lang='lat' dir='ltr'><strong>cum</strong></span> <span class='ocrx_word' id='word_1_514' title='bbox 1953 3453 2103 3510; x_wconf 83' lang='lat' dir='ltr'><strong>Mose</strong></span> <span class='ocrx_word' id='word_1_515' title='bbox 2134 3455 2192 3509; x_wconf 91' lang='lat' dir='ltr'><strong>in</strong></span> <span class='ocrx_word' id='word_1_516' title='bbox 2222 3442 2269 3497; x_wconf 81' lang='grc' dir='ltr'><strong>Α</strong></span> 
     </span>
    </p>
   </div>
   <div class='ocr_carea' id='block_1_37' title="bbox 2242 3442 3837 3544">
    <p class='ocr_par' dir='ltr' id='par_1_37' title="bbox 2242 3442 3837 3544">
     <span class='ocr_line' id='line_1_37' title="bbox 2242 3442 3837 3544; baseline 0.009 -35"><span class='ocrx_word' id='word_1_517' title='bbox 2242 3442 2269 3497; x_wconf 61' lang='grc' dir='ltr'><strong>λ</strong></span> <span class='ocrx_word' id='word_1_518' title='bbox 2364 3459 2588 3530; x_wconf 79' lang='grc' dir='ltr'><strong>Μηδένα</strong></span> <span class='ocrx_word' id='word_1_519' title='bbox 2615 3461 2694 3532; x_wconf 81' lang='grc' dir='ltr'><strong>τῷ</strong></span> <span class='ocrx_word' id='word_1_520' title='bbox 2728 3464 2953 3519; x_wconf 82' lang='grc' dir='ltr'><strong>Μωῦσεί</strong></span> <span class='ocrx_word' id='word_1_521' title='bbox 2999 3471 3309 3531; x_wconf 79' lang='grc' dir='ltr'><strong>συνανιέναι</strong></span> <span class='ocrx_word' id='word_1_522' title='bbox 3354 3471 3725 3544; x_wconf 77' lang='grc' dir='ltr'><strong>προσέταξεν,</strong></span> <span class='ocrx_word' id='word_1_523' title='bbox 3766 3473 3837 3525; x_wconf 75' lang='grc' dir='ltr'><strong>ἵνα</strong></span> 
     </span>
    </p>
   </div>
   <div class='ocr_carea' id='block_1_38' title="bbox 623 3538 2218 3635">
    <p class='ocr_par' dir='ltr' id='par_1_38' title="bbox 623 3538 2195 3614">
     <span class='ocr_line' id='line_1_38' title="bbox 623 3538 2195 3614; baseline 0.006 -21"><span class='ocrx_word' id='word_1_524' title='bbox 623 3538 913 3593; x_wconf 88' lang='lat' dir='ltr'><strong>sublimem</strong></span> <span class='ocrx_word' id='word_1_525' title='bbox 951 3540 1103 3591; x_wconf 90' lang='lat' dir='ltr'><strong>illum</strong></span> <span class='ocrx_word' id='word_1_526' title='bbox 1142 3540 1321 3593; x_wconf 85' lang='lat' dir='ltr'><strong>locum</strong></span> <span class='ocrx_word' id='word_1_527' title='bbox 1363 3541 1654 3597; x_wconf 90' lang='lat' dir='ltr'><strong>scandere.</strong></span> <span class='ocrx_word' id='word_1_528' title='bbox 1694 3542 1752 3597; x_wconf 90' lang='lat' dir='ltr'><strong>Si</strong></span> <span class='ocrx_word' id='word_1_529' title='bbox 1777 3545 1923 3598; x_wconf 88' lang='lat' dir='ltr'><strong>enim</strong></span> <span class='ocrx_word' id='word_1_530' title='bbox 1965 3546 2094 3614; x_wconf 85' lang='lat' dir='ltr'><strong>quis</strong></span> <span class='ocrx_word' id='word_1_531' title='bbox 2135 3561 2195 3602; x_wconf 89' lang='lat' dir='ltr'><strong>se</strong></span> 
     </span>
    </p>
   </div>
   <div class='ocr_carea' id='block_1_39' title="bbox 2241 3538 3836 3635">
    <p class='ocr_par' dir='ltr' id='par_1_39' title="bbox 2297 3538 3836 3635">
     <span class='ocr_line' id='line_1_39' title="bbox 2297 3538 3836 3635; baseline 0.005 -28"><span class='ocrx_word' id='word_1_532' title='bbox 2297 3550 2373 3620; x_wconf 83' lang='grc' dir='ltr'><strong>μὴ</strong></span> <span class='ocrx_word' id='word_1_533' title='bbox 2431 3550 2639 3623; x_wconf 77' lang='grc' dir='ltr'><strong>βλάϐην</strong></span> <span class='ocrx_word' id='word_1_534' title='bbox 2693 3556 2938 3628; x_wconf 80' lang='grc' dir='ltr'><strong>ὑποστῇ,</strong></span> <span class='ocrx_word' id='word_1_535' title='bbox 2999 3561 3219 3630; x_wconf 84' lang='grc' dir='ltr'><strong>τολμῶν</strong></span> <span class='ocrx_word' id='word_1_536' title='bbox 3264 3538 3583 3635; x_wconf 27' lang='grc' dir='ltr'><strong>τοῖςϋὺπὲρ</strong></span> <span class='ocrx_word' id='word_1_537' title='bbox 3635 3538 3836 3632; x_wconf 81' lang='grc' dir='ltr'><strong>δύναμιν</strong></span> 
     </span>
    </p>
   </div>
   <div class='ocr_carea' id='block_1_40' title="bbox 617 3628 2212 3726">
    <p class='ocr_par' dir='ltr' id='par_1_40' title="bbox 617 3628 2193 3715">
     <span class='ocr_line' id='line_1_40' title="bbox 617 3628 2193 3715; baseline 0.004 -32"><span class='ocrx_word' id='word_1_538' title='bbox 617 3628 896 3698; x_wconf 83' lang='lat' dir='ltr'><strong>junxisset</strong></span> <span class='ocrx_word' id='word_1_539' title='bbox 941 3629 1197 3683; x_wconf 90' lang='lat' dir='ltr'><strong>comitem</strong></span> <span class='ocrx_word' id='word_1_540' title='bbox 1250 3629 1386 3684; x_wconf 80' lang='lat' dir='ltr'><strong>Mosi</strong></span> <span class='ocrx_word' id='word_1_541' title='bbox 1438 3640 1638 3701; x_wconf 69' lang='lat' dir='ltr'><strong>praeter</strong></span> <span class='ocrx_word' id='word_1_542' title='bbox 1682 3635 2021 3715; x_wconf 81' lang='lat' dir='ltr'><strong>voluntatem</strong></span> <span class='ocrx_word' id='word_1_543' title='bbox 2072 3634 2193 3700; x_wconf 91' lang='lat' dir='ltr'><strong>Dei,</strong></span> 
     </span>
    </p>
   </div>
   <div class='ocr_carea' id='block_1_41' title="bbox 2238 3628 3833 3726">
    <p class='ocr_par' dir='ltr' id='par_1_41' title="bbox 2295 3628 3833 3726">
     <span class='ocr_line' id='line_1_41' title="bbox 2295 3628 3833 3726; baseline 0.008 -32"><span class='ocrx_word' id='word_1_544' title='bbox 2295 3643 2589 3713; x_wconf 75' lang='grc' dir='ltr'><strong>ἐγχειρεῖν.</strong></span> <span class='ocrx_word' id='word_1_545' title='bbox 2623 3645 2686 3699; x_wconf 82' lang='lat' dir='ltr'><strong>Ei</strong></span> <span class='ocrx_word' id='word_1_546' title='bbox 2738 3647 2848 3718; x_wconf 86' lang='grc' dir='ltr'><strong>γὰρ</strong></span> <span class='ocrx_word' id='word_1_547' title='bbox 2889 3650 3043 3717; x_wconf 71' lang='grc' dir='ltr'><strong>Ὀζᾶ,</strong></span> <span class='ocrx_word' id='word_1_548' title='bbox 3085 3628 3276 3721; x_wconf 45' lang='grc' dir='ltr'><strong>Ϋένους</strong></span> <span class='ocrx_word' id='word_1_549' title='bbox 3313 3655 3415 3709; x_wconf 76' lang='grc' dir='ltr'><strong>οὐκ</strong></span> <span class='ocrx_word' id='word_1_550' title='bbox 3446 3655 3522 3708; x_wconf 83' lang='grc' dir='ltr'><strong>ὢν</strong></span> <span class='ocrx_word' id='word_1_551' title='bbox 3550 3628 3833 3726; x_wconf 47' lang='grc' dir='ltr'><strong>ἶερατικῶ.</strong></span> 
     </span>
    </p>
   </div>
   <div class='ocr_carea' id='block_1_42' title="bbox 624 3712 2219 3818">
    <p class='ocr_par' dir='ltr' id='par_1_42' title="bbox 624 3712 2193 3799">
     <span class='ocr_line' id='line_1_42' title="bbox 624 3712 2193 3799; baseline 0.007 -26"><span class='ocrx_word' id='word_1_552' title='bbox 624 3721 869 3790; x_wconf 77' lang='lat' dir='ltr'><strong>profecto</strong></span> <span class='ocrx_word' id='word_1_553' title='bbox 901 3721 1247 3775; x_wconf 90' lang='lat' dir='ltr'><strong>incommoda</strong></span> <span class='ocrx_word' id='word_1_554' title='bbox 1273 3722 1492 3777; x_wconf 89' lang='lat' dir='ltr'><strong>tulisset</strong></span> <span class='ocrx_word' id='word_1_555' title='bbox 1515 3724 1779 3791; x_wconf 87' lang='lat' dir='ltr'><strong>maxima,</strong></span> <span class='ocrx_word' id='word_1_556' title='bbox 1828 3712 1956 3781; x_wconf 88' lang='lat' dir='ltr'><strong>dum</strong></span> <span class='ocrx_word' id='word_1_557' title='bbox 2001 3743 2193 3799; x_wconf 83' lang='lat' dir='ltr'><strong>aggre-</strong></span> 
     </span>
    </p>
   </div>
   <div class='ocr_carea' id='block_1_43' title="bbox 2239 3712 3834 3818">
    <p class='ocr_par' dir='ltr' id='par_1_43' title="bbox 2294 3712 3834 3818">
     <span class='ocr_line' id='line_1_43' title="bbox 2294 3712 3834 3818; baseline 0.01 -32"><span class='ocrx_word' id='word_1_558' title='bbox 2294 3712 2645 3791; x_wconf 70' lang='grc' dir='ltr'><strong>ὲκινδιξνευσε</strong></span> <span class='ocrx_word' id='word_1_559' title='bbox 2669 3712 2888 3809; x_wconf 51' lang='lat' dir='ltr'><strong>dictione</strong></span> <span class='ocrx_word' id='word_1_560' title='bbox 2914 3712 3008 3796; x_wconf 62' lang='grc' dir='ltr'><strong>ὲτέὶ</strong></span> <span class='ocrx_word' id='word_1_561' title='bbox 3029 3712 3273 3817; x_wconf 33' lang='lat' dir='ltr'><strong>&#39;ﬂoa&#39;jﬁeiq&#39;</strong></span> <span class='ocrx_word' id='word_1_562' title='bbox 3288 3748 3389 3818; x_wconf 85' lang='grc' dir='ltr'><strong>τῆς</strong></span> <span class='ocrx_word' id='word_1_563' title='bbox 3422 3712 3681 3814; x_wconf 57' lang='grc' dir='ltr'><strong>κιϐωτδῦ,</strong></span> <span class='ocrx_word' id='word_1_564' title='bbox 3710 3712 3834 3817; x_wconf 66' lang='grc' dir='ltr'><strong>πόσιιι</strong></span> 
     </span>
    </p>
   </div>
   <div class='ocr_carea' id='block_1_44' title="bbox 602 3812 2197 3910">
    <p class='ocr_par' dir='ltr' id='par_1_44' title="bbox 602 3812 2196 3887">
     <span class='ocr_line' id='line_1_44' title="bbox 602 3812 2196 3887; baseline 0.008 -24"><span class='ocrx_word' id='word_1_565' title='bbox 602 3812 1076 3882; x_wconf 74' lang='lat' dir='ltr'><strong>&#39;dereturmajora</strong></span> <span class='ocrx_word' id='word_1_566' title='bbox 1095 3812 1323 3867; x_wconf 86' lang='lat' dir='ltr'><strong>viribus.</strong></span> <span class='ocrx_word' id='word_1_567' title='bbox 1375 3813 1433 3867; x_wconf 92' lang='lat' dir='ltr'><strong>Si</strong></span> <span class='ocrx_word' id='word_1_568' title='bbox 1466 3815 1611 3868; x_wconf 92' lang='lat' dir='ltr'><strong>enim</strong></span> <span class='ocrx_word' id='word_1_569' title='bbox 1640 3814 1771 3881; x_wconf 88' lang='lat' dir='ltr'><strong>Oza,</strong></span> <span class='ocrx_word' id='word_1_570' title='bbox 1810 3820 1904 3887; x_wconf 90' lang='lat' dir='ltr'><strong>qui</strong></span> <span class='ocrx_word' id='word_1_571' title='bbox 1937 3835 2047 3873; x_wconf 91' lang='lat' dir='ltr'><strong>non</strong></span> <span class='ocrx_word' id='word_1_572' title='bbox 2084 3821 2196 3875; x_wconf 71' lang='lat' dir='ltr'><strong>orio</strong></span> 
     </span>
    </p>
   </div>
   <div class='ocr_carea' id='block_1_45' title="bbox 2236 3812 3831 3910">
    <p class='ocr_par' dir='ltr' id='par_1_45' title="bbox 2300 3812 3831 3910">
     <span class='ocr_line' id='line_1_45' title="bbox 2300 3812 3831 3910; baseline 0.014 -33"><span class='ocrx_word' id='word_1_573' title='bbox 2300 3827 2501 3896; x_wconf 80' lang='grc' dir='ltr'>μᾶλλον</span> <span class='ocrx_word' id='word_1_574' title='bbox 2535 3830 2563 3881; x_wconf 84' lang='grc' dir='ltr'>ὁ</span> <span class='ocrx_word' id='word_1_575' title='bbox 2609 3830 2948 3899; x_wconf 81' lang='grc' dir='ltr'><strong>τηλικούτων</strong></span> <span class='ocrx_word' id='word_1_576' title='bbox 2985 3812 3203 3904; x_wconf 47' lang='lat' dir='ltr'><strong>esse“</strong></span> <span class='ocrx_word' id='word_1_577' title='bbox 3236 3812 3368 3909; x_wconf 43' lang='grc' dir='ltr'><strong>-πρδ</strong></span> <span class='ocrx_word' id='word_1_578' title='bbox 3404 3839 3501 3909; x_wconf 84' lang='grc' dir='ltr'><strong>τῆς</strong></span> <span class='ocrx_word' id='word_1_579' title='bbox 3543 3812 3831 3910; x_wconf 26' lang='grc' dir='ltr'><strong>προέοπῆςγς</strong></span> 
     </span>
    </p>
   </div>
   <div class='ocr_carea' id='block_1_46' title="bbox 624 3903 2219 4004">
    <p class='ocr_par' dir='ltr' id='par_1_46' title="bbox 624 3903 2193 3980">
     <span class='ocr_line' id='line_1_46' title="bbox 624 3903 2193 3980; baseline 0.008 -26"><span class='ocrx_word' id='word_1_580' title='bbox 624 3904 805 3971; x_wconf 88' lang='lat' dir='ltr'><strong>ginem</strong></span> <span class='ocrx_word' id='word_1_581' title='bbox 832 3903 1088 3958; x_wconf 89' lang='lat' dir='ltr'><strong>trahebat</strong></span> <span class='ocrx_word' id='word_1_582' title='bbox 1116 3918 1147 3958; x_wconf 92' lang='lat' dir='ltr'><strong>e</strong></span> <span class='ocrx_word' id='word_1_583' title='bbox 1182 3906 1514 3961; x_wconf 87' lang='lat' dir='ltr'><strong>sacerdotali</strong></span> <span class='ocrx_word' id='word_1_584' title='bbox 1571 3910 1854 3978; x_wconf 86' lang='lat' dir='ltr'><strong>prosapia,</strong></span> <span class='ocrx_word' id='word_1_585' title='bbox 1886 3911 2009 3965; x_wconf 69' lang='lat' dir='ltr'><strong>vita:</strong></span> <span class='ocrx_word' id='word_1_586' title='bbox 2046 3912 2193 3980; x_wconf 90' lang='lat' dir='ltr'><strong>peri-</strong></span> 
     </span>
    </p>
   </div>
   <div class='ocr_carea' id='block_1_47' title="bbox 2238 3903 3833 4004">
    <p class='ocr_par' dir='ltr' id='par_1_47' title="bbox 2307 3903 3833 4004">
     <span class='ocr_line' id='line_1_47' title="bbox 2307 3903 3833 4004; baseline 0.009 -36"><span class='ocrx_word' id='word_1_587' title='bbox 2307 3916 2375 3969; x_wconf 83' lang='lat' dir='ltr'><strong>&#39;H</strong></span> <span class='ocrx_word' id='word_1_588' title='bbox 2406 3919 2543 3988; x_wconf 74' lang='grc' dir='ltr'><strong>αὐτὴ</strong></span> <span class='ocrx_word' id='word_1_589' title='bbox 2572 3918 2778 3992; x_wconf 80' lang='grc' dir='ltr'><strong>Θεωρία</strong></span> <span class='ocrx_word' id='word_1_590' title='bbox 2808 3924 2905 3977; x_wconf 74' lang='grc' dir='ltr'><strong>καὶ</strong></span> <span class='ocrx_word' id='word_1_591' title='bbox 2929 3927 2987 3978; x_wconf 84' lang='grc' dir='ltr'><strong>ὲν</strong></span> <span class='ocrx_word' id='word_1_592' title='bbox 3003 3903 3382 3997; x_wconf 58' lang='grc' dir='ltr'><strong>Εὑαγγελίδις,</strong></span> <span class='ocrx_word' id='word_1_593' title='bbox 3412 3903 3505 3984; x_wconf 53' lang='grc' dir='ltr'><strong>ὃέε</strong></span> <span class='ocrx_word' id='word_1_594' title='bbox 3532 3903 3833 4004; x_wconf 58' lang='grc' dir='ltr'><strong>πέραλαὸὧν</strong></span> 
     </span>
    </p>
   </div>
   <div class='ocr_carea' id='block_1_48' title="bbox 622 3993 2217 4089">
    <p class='ocr_par' dir='ltr' id='par_1_48' title="bbox 622 3993 2189 4072">
     <span class='ocr_line' id='line_1_48' title="bbox 622 3993 2189 4072; baseline 0.007 -27"><span class='ocrx_word' id='word_1_595' title='bbox 622 3993 807 4046; x_wconf 90' lang='lat' dir='ltr'><strong>culum</strong></span> <span class='ocrx_word' id='word_1_596' title='bbox 847 3994 1131 4058; x_wconf 90' lang='lat' dir='ltr'><strong>sustinuit,</strong></span> <span class='ocrx_word' id='word_1_597' title='bbox 1173 3995 1322 4065; x_wconf 90' lang='lat' dir='ltr'><strong>quod</strong></span> <span class='ocrx_word' id='word_1_598' title='bbox 1352 4007 1755 4054; x_wconf 87' lang='lat' dir='ltr'><strong>contrectasset</strong></span> <span class='ocrx_word' id='word_1_599' title='bbox 1784 4016 1992 4065; x_wconf 88' lang='lat' dir='ltr'><strong>arcam,</strong></span> <span class='ocrx_word' id='word_1_600' title='bbox 2024 4019 2189 4072; x_wconf 90' lang='lat' dir='ltr'><strong>quam</strong></span> 
     </span>
    </p>
   </div>
   <div class='ocr_carea' id='block_1_49' title="bbox 2237 3993 3832 4089">
    <p class='ocr_par' dir='ltr' id='par_1_49' title="bbox 2309 3993 3832 4089">
     <span class='ocr_line' id='line_1_49' title="bbox 2309 3993 3832 4089; baseline 0.008 -30"><span class='ocrx_word' id='word_1_601' title='bbox 2309 4005 2516 4075; x_wconf 75' lang='grc' dir='ltr'><strong>Ἰησοῦς</strong></span> <span class='ocrx_word' id='word_1_602' title='bbox 2554 4010 2761 4081; x_wconf 80' lang='grc' dir='ltr'><strong>Πέτρον</strong></span> <span class='ocrx_word' id='word_1_603' title='bbox 2778 4015 2876 4067; x_wconf 68' lang='grc' dir='ltr'><strong>ιιαή¹</strong></span> <span class='ocrx_word' id='word_1_604' title='bbox 2906 3993 3180 4071; x_wconf 66' lang='grc' dir='ltr'><strong>Ἰάκωϐον⁷</strong></span> <span class='ocrx_word' id='word_1_605' title='bbox 3198 4018 3294 4072; x_wconf 77' lang='grc' dir='ltr'><strong>καὶ</strong></span> <span class='ocrx_word' id='word_1_606' title='bbox 3321 4018 3599 4089; x_wconf 82' lang='grc' dir='ltr'><strong>Ἰωάννην,</strong></span> <span class='ocrx_word' id='word_1_607' title='bbox 3617 3993 3702 4083; x_wconf 55' lang='grc' dir='ltr'><strong>ἐἰς</strong></span> <span class='ocrx_word' id='word_1_608' title='bbox 3730 4020 3832 4088; x_wconf 74' lang='grc' dir='ltr'><strong>ὅρος</strong></span> 
     </span>
    </p>
   </div>
   <div class='ocr_carea' id='block_1_50' title="bbox 624 4084 2219 4184">
    <p class='ocr_par' dir='ltr' id='par_1_50' title="bbox 624 4084 2191 4161">
     <span class='ocr_line' id='line_1_50' title="bbox 624 4084 2191 4161; baseline 0.009 -26"><span class='ocrx_word' id='word_1_609' title='bbox 624 4084 1004 4152; x_wconf 86' lang='lat' dir='ltr'><strong>prolapsuram</strong></span> <span class='ocrx_word' id='word_1_610' title='bbox 1029 4085 1362 4155; x_wconf 87' lang='lat' dir='ltr'><strong>opinabatur</strong></span> <span class='ocrx_word' id='word_1_611' title='bbox 1385 4127 1401 4153; x_wconf 93' lang='lat'><strong>,</strong></span> <span class='ocrx_word' id='word_1_612' title='bbox 1423 4100 1628 4158; x_wconf 91' lang='lat' dir='ltr'><strong>quanto</strong></span> <span class='ocrx_word' id='word_1_613' title='bbox 1645 4091 1819 4161; x_wconf 84' lang='lat' dir='ltr'><strong>magis</strong></span> <span class='ocrx_word' id='word_1_614' title='bbox 1843 4095 1967 4147; x_wconf 63' lang='lat' dir='ltr'><strong>vitae</strong></span> <span class='ocrx_word' id='word_1_615' title='bbox 1992 4093 2191 4148; x_wconf 87' lang='lat' dir='ltr'><strong>discri-</strong></span> 
     </span>
    </p>
   </div>
   <div class='ocr_carea' id='block_1_51' title="bbox 2237 4084 3832 4184">
    <p class='ocr_par' dir='ltr' id='par_1_51' title="bbox 2296 4084 3832 4184">
     <span class='ocr_line' id='line_1_51' title="bbox 2296 4084 3832 4184; baseline 0.014 -35"><span class='ocrx_word' id='word_1_616' title='bbox 2296 4098 2496 4164; x_wconf 77' lang='grc' dir='ltr'><strong>αὐτοὺς</strong></span> <span class='ocrx_word' id='word_1_617' title='bbox 2556 4102 2849 4173; x_wconf 83' lang='grc' dir='ltr'><strong>ἀναγαγὼν</strong></span> <span class='ocrx_word' id='word_1_618' title='bbox 2904 4106 3107 4180; x_wconf 78' lang='grc' dir='ltr'><strong>ὑψηλὸν</strong></span> <span class='ocrx_word' id='word_1_619' title='bbox 3140 4147 3156 4175; x_wconf 83' lang='grc'><strong>,</strong></span> <span class='ocrx_word' id='word_1_620' title='bbox 3217 4111 3311 4164; x_wconf 76' lang='grc' dir='ltr'><strong>ἐπὶ</strong></span> <span class='ocrx_word' id='word_1_621' title='bbox 3372 4084 3556 4167; x_wconf 71' lang='grc' dir='ltr'><strong>αὐτῶν</strong></span> <span class='ocrx_word' id='word_1_622' title='bbox 3586 4084 3832 4184; x_wconf 33' lang='grc' dir='ltr'><strong>’μετεώρ-</strong></span> 
     </span>
    </p>
   </div>
   <div class='ocr_carea' id='block_1_52' title="bbox 628 4175 2476 4261">
    <p class='ocr_par' dir='ltr' id='par_1_52' title="bbox 628 4175 2476 4261">
     <span class='ocr_line' id='line_1_52' title="bbox 628 4175 2476 4261; baseline 0.01 -36"><span class='ocrx_word' id='word_1_623' title='bbox 628 4189 751 4227; x_wconf 91' lang='lat' dir='ltr'><strong>men</strong></span> <span class='ocrx_word' id='word_1_624' title='bbox 777 4175 1005 4229; x_wconf 90' lang='lat' dir='ltr'><strong>adiisset</strong></span> <span class='ocrx_word' id='word_1_625' title='bbox 1030 4177 1096 4239; x_wconf 91' lang='lat' dir='ltr'><strong>is,</strong></span> <span class='ocrx_word' id='word_1_626' title='bbox 1124 4177 1217 4246; x_wconf 89' lang='lat' dir='ltr'><strong>qui</strong></span> <span class='ocrx_word' id='word_1_627' title='bbox 1243 4187 1373 4233; x_wconf 90' lang='lat' dir='ltr'><strong>ante</strong></span> <span class='ocrx_word' id='word_1_628' title='bbox 1396 4179 1703 4249; x_wconf 81' lang='lat' dir='ltr'><strong>profectum</strong></span> <span class='ocrx_word' id='word_1_629' title='bbox 1730 4185 1976 4252; x_wconf 79' lang='lat' dir='ltr'><strong>virtutis,</strong></span> <span class='ocrx_word' id='word_1_630' title='bbox 2005 4193 2188 4243; x_wconf 88' lang='lat' dir='ltr'><strong>tantas</strong></span> <span class='ocrx_word' id='word_1_631' title='bbox 2297 4191 2476 4261; x_wconf 83' lang='grc' dir='ltr'>φώθη.</span> 
     </span>
    </p>
   </div>
   <div class='ocr_carea' id='block_1_53' title="bbox 627 4264 3832 4367">
    <p class='ocr_par' dir='ltr' id='par_1_53' title="bbox 627 4264 3832 4367">
     <span class='ocr_line' id='line_1_53' title="bbox 627 4264 3832 4367; baseline 0.011 -53"><span class='ocrx_word' id='word_1_632' title='bbox 627 4264 875 4367; x_wconf 63' lang='lat' dir='ltr'><strong>talesque</strong></span> <span class='ocrx_word' id='word_1_633' title='bbox 900 4275 1194 4320; x_wconf 90' lang='lat' dir='ltr'><strong>conaretur</strong></span> <span class='ocrx_word' id='word_1_634' title='bbox 1225 4275 1573 4325; x_wconf 90' lang='lat' dir='ltr'><strong>contrectare</strong></span> <span class='ocrx_word' id='word_1_635' title='bbox 1598 4287 1706 4328; x_wconf 88' lang='lat' dir='ltr'><strong>res.</strong></span> <span class='ocrx_word' id='word_1_636' title='bbox 1750 4274 1855 4329; x_wconf 85' lang='lat' dir='ltr'><strong>Hic</strong></span> <span class='ocrx_word' id='word_1_637' title='bbox 1888 4275 2040 4333; x_wconf 92' lang='lat' dir='ltr'><strong>locus</strong></span> <span class='ocrx_word' id='word_1_638' title='bbox 2112 4293 2221 4332; x_wconf 90' lang='lat' dir='ltr'><strong>non</strong></span> <span class='ocrx_word' id='word_1_639' title='bbox 2298 4281 2514 4337; x_wconf 90' lang='lat' dir='ltr'><strong>abludit</strong></span> <span class='ocrx_word' id='word_1_640' title='bbox 2547 4285 2616 4340; x_wconf 89' lang='lat' dir='ltr'><strong>ab</strong></span> <span class='ocrx_word' id='word_1_641' title='bbox 2644 4286 2977 4358; x_wconf 86' lang='lat' dir='ltr'><strong>Evangelica</strong></span> <span class='ocrx_word' id='word_1_642' title='bbox 3014 4292 3250 4349; x_wconf 83' lang='lat' dir='ltr'><strong>historia</strong></span> <span class='ocrx_word' id='word_1_643' title='bbox 3277 4295 3344 4362; x_wconf 73' lang='grc'><strong>⁸⁸,</strong></span> <span class='ocrx_word' id='word_1_644' title='bbox 3382 4296 3438 4350; x_wconf 93' lang='lat' dir='ltr'><strong>in</strong></span> <span class='ocrx_word' id='word_1_645' title='bbox 3472 4311 3586 4367; x_wconf 86' lang='lat' dir='ltr'><strong>qua</strong></span> <span class='ocrx_word' id='word_1_646' title='bbox 3626 4295 3832 4352; x_wconf 86' lang='lat' dir='ltr'><strong>traditur</strong></span> 
     </span>
    </p>
   </div>
   <div class='ocr_carea' id='block_1_54' title="bbox 623 4344 3685 4448">
    <p class='ocr_par' dir='ltr' id='par_1_54' title="bbox 623 4344 3685 4448">
     <span class='ocr_line' id='line_1_54' title="bbox 623 4344 3685 4448; baseline 0.012 -39"><span class='ocrx_word' id='word_1_647' title='bbox 623 4344 907 4409; x_wconf 87' lang='lat' dir='ltr'><strong>Christum</strong></span> <span class='ocrx_word' id='word_1_648' title='bbox 936 4359 1257 4415; x_wconf 87' lang='lat' dir='ltr'><strong>ascendisse</strong></span> <span class='ocrx_word' id='word_1_649' title='bbox 1291 4361 1344 4415; x_wconf 93' lang='lat' dir='ltr'><strong>in</strong></span> <span class='ocrx_word' id='word_1_650' title='bbox 1384 4371 1651 4431; x_wconf 91' lang='lat' dir='ltr'><strong>montem,</strong></span> <span class='ocrx_word' id='word_1_651' title='bbox 1688 4370 1992 4440; x_wconf 89' lang='lat' dir='ltr'><strong>assumptis</strong></span> <span class='ocrx_word' id='word_1_652' title='bbox 2027 4370 2213 4434; x_wconf 89' lang='lat' dir='ltr'><strong>Petro,</strong></span> <span class='ocrx_word' id='word_1_653' title='bbox 2252 4372 2461 4431; x_wconf 80' lang='lat' dir='ltr'><strong>Jacoho</strong></span> <span class='ocrx_word' id='word_1_654' title='bbox 2490 4386 2544 4432; x_wconf 92' lang='lat' dir='ltr'><strong>et</strong></span> <span class='ocrx_word' id='word_1_655' title='bbox 2571 4377 2819 4447; x_wconf 86' lang='lat' dir='ltr'><strong>Joanne,</strong></span> <span class='ocrx_word' id='word_1_656' title='bbox 2852 4394 2907 4439; x_wconf 91' lang='lat' dir='ltr'><strong>et</strong></span> <span class='ocrx_word' id='word_1_657' title='bbox 2937 4385 3011 4441; x_wconf 87' lang='lat' dir='ltr'><strong>ibi</strong></span> <span class='ocrx_word' id='word_1_658' title='bbox 3039 4344 3508 4445; x_wconf 64' lang='lat' dir='ltr'><strong>transformatut;</strong></span> <span class='ocrx_word' id='word_1_659' title='bbox 3547 4406 3685 4448; x_wconf 86' lang='lat' dir='ltr'><strong>esse.</strong></span> 
     </span>
    </p>
   </div>
   <div class='ocr_carea' id='block_1_55' title="bbox 624 4731 3823 4836">
    <p class='ocr_par' dir='ltr' id='par_1_55' title="bbox 624 4731 3823 4836">
     <span class='ocr_line' id='line_1_55' title="bbox 624 4731 3823 4836; baseline 0.011 -55"><span class='ocrx_word' id='word_1_660' title='bbox 624 4741 788 4836; x_wconf 61' lang='lat' dir='ltr'><strong>sectis</strong></span> <span class='ocrx_word' id='word_1_661' title='bbox 819 4744 883 4782; x_wconf 89' lang='lat' dir='ltr'><strong>ac</strong></span> <span class='ocrx_word' id='word_1_662' title='bbox 918 4731 1036 4800; x_wconf 81' lang='lat' dir='ltr'><strong>regi</strong></span> <span class='ocrx_word' id='word_1_663' title='bbox 1071 4743 1275 4801; x_wconf 83' lang='lat' dir='ltr'><strong>praesto</strong></span> <span class='ocrx_word' id='word_1_664' title='bbox 1314 4743 1445 4789; x_wconf 91' lang='lat' dir='ltr'><strong>sunt</strong></span> <span class='ocrx_word' id='word_1_665' title='bbox 1474 4737 1767 4836; x_wconf 66' lang='lat' dir='ltr'><strong>satellites,</strong></span> <span class='ocrx_word' id='word_1_666' title='bbox 1819 4748 1873 4794; x_wconf 92' lang='lat' dir='ltr'><strong>et</strong></span> <span class='ocrx_word' id='word_1_667' title='bbox 1910 4743 2304 4810; x_wconf 84' lang='lat' dir='ltr'><strong>patrifamilias</strong></span> <span class='ocrx_word' id='word_1_668' title='bbox 2338 4752 2505 4806; x_wconf 89' lang='lat' dir='ltr'><strong>servi.</strong></span> <span class='ocrx_word' id='word_1_669' title='bbox 2540 4752 2656 4808; x_wconf 93' lang='lat' dir='ltr'><strong>lluc</strong></span> <span class='ocrx_word' id='word_1_670' title='bbox 2675 4731 3028 4814; x_wconf 71' lang='lat' dir='ltr'><strong>referendum</strong></span> <span class='ocrx_word' id='word_1_671' title='bbox 3046 4731 3444 4820; x_wconf 53' lang='lat' dir='ltr'><strong>arbitrorrillud</strong></span> 
     </span>
    </p>
   </div>
   <div class='ocr_carea' id='block_1_56' title="bbox 629 4815 3822 4923">
    <p class='ocr_par' dir='ltr' id='par_1_56' title="bbox 629 4815 3822 4923">
     <span class='ocr_line' id='line_1_56' title="bbox 629 4815 3822 4923; baseline 0.01 -53"><span class='ocrx_word' id='word_1_672' title='bbox 629 4834 655 4923; x_wconf 54' lang='lat' dir='ltr'><strong>Ic</strong></span> <span class='ocrx_word' id='word_1_673' title='bbox 695 4815 808 4923; x_wconf 56' lang='lat' dir='ltr'><strong>Ego</strong></span> <span class='ocrx_word' id='word_1_674' title='bbox 843 4832 1059 4888; x_wconf 88' lang='lat' dir='ltr'><strong>semper</strong></span> <span class='ocrx_word' id='word_1_675' title='bbox 1085 4828 1267 4875; x_wconf 91' lang='lat' dir='ltr'><strong>tecum</strong></span> <span class='ocrx_word' id='word_1_676' title='bbox 1295 4838 1391 4878; x_wconf 92' lang='lat' dir='ltr'><strong>ero</strong></span> <span class='ocrx_word' id='word_1_677' title='bbox 1420 4824 1487 4879; x_wconf 83' lang='grc'><strong>⁸³.</strong></span> <span class='ocrx_word' id='word_1_678' title='bbox 1528 4844 1546 4877; x_wconf 72' lang='grc' dir='ltr'><strong>ι</strong></span> <span class='ocrx_word' id='word_1_679' title='bbox 1593 4823 1705 4881; x_wconf 87' lang='lat' dir='ltr'><strong>Nec</strong></span> <span class='ocrx_word' id='word_1_680' title='bbox 1744 4843 1853 4883; x_wconf 89' lang='lat' dir='ltr'><strong>non</strong></span> <span class='ocrx_word' id='word_1_681' title='bbox 1904 4838 1959 4883; x_wconf 91' lang='lat' dir='ltr'><strong>et</strong></span> <span class='ocrx_word' id='word_1_682' title='bbox 1992 4833 2139 4887; x_wconf 91' lang='lat' dir='ltr'><strong>hoc:</strong></span> <span class='ocrx_word' id='word_1_683' title='bbox 2181 4833 2370 4891; x_wconf 70' lang='lat' dir='ltr'><strong>«Vivit</strong></span> <span class='ocrx_word' id='word_1_684' title='bbox 2405 4837 2675 4897; x_wconf 90' lang='lat' dir='ltr'><strong>Dominus</strong></span> <span class='ocrx_word' id='word_1_685' title='bbox 2724 4846 3014 4911; x_wconf 85' lang='lat' dir='ltr'><strong>virtutum,</strong></span> <span class='ocrx_word' id='word_1_686' title='bbox 3070 4849 3129 4904; x_wconf 90' lang='lat' dir='ltr'><strong>in</strong></span> <span class='ocrx_word' id='word_1_687' title='bbox 3176 4852 3344 4921; x_wconf 88' lang='lat' dir='ltr'><strong>cujus</strong></span> <span class='ocrx_word' id='word_1_688' title='bbox 3387 4815 3685 4923; x_wconf 51' lang='lat' dir='ltr'><strong>conspecru</strong></span> <span class='ocrx_word' id='word_1_689' title='bbox 3718 4851 3822 4906; x_wconf 77' lang='lat' dir='ltr'><strong>steti</strong></span> 
     </span>
     <span class='ocr_line' id='line_1_57' title="bbox 669 4903 2116 4923; baseline 0 0"><span class='ocrx_word' id='word_1_690' title='bbox 669 4917 692 4923; x_wconf 44' lang='grc' dir='ltr'><strong>Α</strong></span> <span class='ocrx_word' id='word_1_691' title='bbox 815 4903 861 4923; x_wconf 66' lang='grc' dir='ltr'><strong>ι.</strong></span> <span class='ocrx_word' id='word_1_692' title='bbox 970 4904 1103 4923; x_wconf 48' lang='grc' dir='ltr'><strong>ημμ</strong></span> <span class='ocrx_word' id='word_1_693' title='bbox 1279 4909 1291 4923; x_wconf 95' lang='grc'><em>.</em></span> <span class='ocrx_word' id='word_1_694' title='bbox 1527 4912 1537 4923; x_wconf 93' lang='grc'>.</span> <span class='ocrx_word' id='word_1_695' title='bbox 1633 4912 1654 4923; x_wconf 88' lang='grc'><strong>-</strong></span> <span class='ocrx_word' id='word_1_696' title='bbox 1833 4914 1906 4923; x_wconf 80' lang='lat'><strong>....</strong></span> <span class='ocrx_word' id='word_1_697' title='bbox 2023 4917 2116 4923; x_wconf 82' lang='lat'>__</span> 
     </span>
    </p>
   </div>
   <div class='ocr_carea' id='block_1_57' title="bbox 624 4901 3821 5004">
    <p class='ocr_par' dir='ltr' id='par_1_57' title="bbox 624 4901 3821 5004">
     <span class='ocr_line' id='line_1_58' title="bbox 624 4901 3821 5004; baseline 0.012 -50"><span class='ocrx_word' id='word_1_698' title='bbox 624 4901 882 5004; x_wconf 50' lang='lat' dir='ltr'><strong>hodie“.</strong></span> <span class='ocrx_word' id='word_1_699' title='bbox 916 4923 935 4954; x_wconf 76' lang='grc' dir='ltr'><strong>ι</strong></span> <span class='ocrx_word' id='word_1_700' title='bbox 968 4904 1237 4961; x_wconf 68' lang='lat' dir='ltr'><strong>Caaterum</strong></span> <span class='ocrx_word' id='word_1_701' title='bbox 1278 4909 1394 4965; x_wconf 68' lang='lat' dir='ltr'><strong>haec</strong></span> <span class='ocrx_word' id='word_1_702' title='bbox 1427 4912 1591 4966; x_wconf 88' lang='lat' dir='ltr'><strong>verba</strong></span> <span class='ocrx_word' id='word_1_703' title='bbox 1630 4912 1784 4969; x_wconf 81' lang='lat' dir='ltr'><strong>fuere</strong></span> <span class='ocrx_word' id='word_1_704' title='bbox 1829 4914 1980 4969; x_wconf 66' lang='lat' dir='ltr'><strong>Elite.</strong></span> <span class='ocrx_word' id='word_1_705' title='bbox 2014 4917 2353 4991; x_wconf 89' lang='lat' dir='ltr'><strong>Quicunque</strong></span> <span class='ocrx_word' id='word_1_706' title='bbox 2405 4923 2574 4980; x_wconf 84' lang='lat' dir='ltr'><strong>fuerit</strong></span> <span class='ocrx_word' id='word_1_707' title='bbox 2614 4927 2796 4987; x_wconf 83' lang='lat' dir='ltr'><strong>Moses</strong></span> <span class='ocrx_word' id='word_1_708' title='bbox 2820 4975 2835 4999; x_wconf 97' lang='lat'><strong>,</strong></span> <span class='ocrx_word' id='word_1_709' title='bbox 2893 4901 3821 5004; x_wconf 34' lang='lat' dir='ltr'><strong>pateritﬂasCZn—dece-inrvniontem.</strong></span> 
     </span>
    </p>
   </div>
   <div class='ocr_carea' id='block_1_58' title="bbox 623 4987 3821 5088">
    <p class='ocr_par' dir='ltr' id='par_1_58' title="bbox 623 4987 3821 5088">
     <span class='ocr_line' id='line_1_59' title="bbox 623 4987 3821 5088; baseline 0.012 -46"><span class='ocrx_word' id='word_1_710' title='bbox 623 4987 739 5043; x_wconf 84' lang='lat' dir='ltr'><strong>Nec</strong></span> <span class='ocrx_word' id='word_1_711' title='bbox 766 4990 858 5087; x_wconf 74' lang='lat' dir='ltr'><strong>ille</strong></span> <span class='ocrx_word' id='word_1_712' title='bbox 886 4992 1060 5047; x_wconf 91' lang='lat' dir='ltr'><strong>solus.</strong></span> <span class='ocrx_word' id='word_1_713' title='bbox 1088 4994 1185 5048; x_wconf 92' lang='lat' dir='ltr'><strong>sed</strong></span> <span class='ocrx_word' id='word_1_714' title='bbox 1216 5005 1269 5049; x_wconf 91' lang='lat' dir='ltr'><strong>et</strong></span> <span class='ocrx_word' id='word_1_715' title='bbox 1294 4999 1495 5062; x_wconf 88' lang='lat' dir='ltr'><strong>omnis,</strong></span> <span class='ocrx_word' id='word_1_716' title='bbox 1523 5001 1615 5067; x_wconf 90' lang='lat' dir='ltr'><strong>qui</strong></span> <span class='ocrx_word' id='word_1_717' title='bbox 1645 5002 1903 5071; x_wconf 78' lang='lat' dir='ltr'><strong>pneditus</strong></span> <span class='ocrx_word' id='word_1_718' title='bbox 1926 5002 2091 5060; x_wconf 83' lang='lat' dir='ltr'><strong>fuerit</strong></span> <span class='ocrx_word' id='word_1_719' title='bbox 2113 4987 2437 5076; x_wconf 75' lang='lat' dir='ltr'><strong>virtutibus,</strong></span> <span class='ocrx_word' id='word_1_720' title='bbox 2469 5028 2607 5082; x_wconf 89' lang='lat' dir='ltr'><strong>quas</strong></span> <span class='ocrx_word' id='word_1_721' title='bbox 2633 4987 2921 5088; x_wconf 60' lang='lat' dir='ltr'><strong>Scriptura</strong></span> <span class='ocrx_word' id='word_1_722' title='bbox 3137 4987 3534 5083; x_wconf 42' lang='lat' dir='ltr'><strong>illivattribuit.</strong></span> <span class='ocrx_word' id='word_1_723' title='bbox 3554 5027 3821 5083; x_wconf 85' lang='lat' dir='ltr'><strong>Possumus</strong></span> 
     </span>
    </p>
   </div>
   <div class='ocr_carea' id='block_1_59' title="bbox 622 5077 3817 5190">
    <p class='ocr_par' dir='ltr' id='par_1_59' title="bbox 622 5077 3817 5190">
     <span class='ocr_line' id='line_1_60' title="bbox 622 5077 3817 5190; baseline 0.013 -61"><span class='ocrx_word' id='word_1_724' title='bbox 622 5077 784 5130; x_wconf 86' lang='lat' dir='ltr'><strong>aliter</strong></span> <span class='ocrx_word' id='word_1_725' title='bbox 818 5077 1169 5148; x_wconf 89' lang='lat' dir='ltr'><strong>interpretari</strong></span> <span class='ocrx_word' id='word_1_726' title='bbox 1208 5083 1448 5148; x_wconf 89' lang='lat' dir='ltr'><strong>tabulas,</strong></span> <span class='ocrx_word' id='word_1_727' title='bbox 1487 5102 1625 5155; x_wconf 88' lang='lat' dir='ltr'><strong>quas</strong></span> <span class='ocrx_word' id='word_1_728' title='bbox 1665 5090 1906 5145; x_wconf 77' lang='lat' dir='ltr'><strong>formare</strong></span> <span class='ocrx_word' id='word_1_729' title='bbox 1944 5091 2135 5161; x_wconf 90' lang='lat' dir='ltr'><strong>jussus</strong></span> <span class='ocrx_word' id='word_1_730' title='bbox 2173 5107 2260 5153; x_wconf 87' lang='lat' dir='ltr'><strong>est</strong></span> <span class='ocrx_word' id='word_1_731' title='bbox 2311 5100 2511 5159; x_wconf 81' lang='lat' dir='ltr'><strong>Moses.</strong></span> <span class='ocrx_word' id='word_1_732' title='bbox 2545 5106 2689 5164; x_wconf 82' lang='lat' dir='ltr'><strong>Mors</strong></span> <span class='ocrx_word' id='word_1_733' title='bbox 2729 5077 2799 5165; x_wconf 81' lang='lat' dir='ltr'><strong>ab</strong></span> <span class='ocrx_word' id='word_1_734' title='bbox 2846 5113 3004 5169; x_wconf 89' lang='lat' dir='ltr'><strong>initio</strong></span> <span class='ocrx_word' id='word_1_735' title='bbox 3034 5130 3149 5171; x_wconf 89' lang='lat' dir='ltr'><strong>non</strong></span> <span class='ocrx_word' id='word_1_736' title='bbox 3224 5130 3346 5173; x_wconf 88' lang='lat' dir='ltr'><strong>erat</strong></span> <span class='ocrx_word' id='word_1_737' title='bbox 3383 5121 3680 5190; x_wconf 85' lang='lat' dir='ltr'><strong>destructa,</strong></span> <span class='ocrx_word' id='word_1_738' title='bbox 3718 5137 3817 5178; x_wconf 84' lang='lat' dir='ltr'><strong>cum</strong></span> 
     </span>
     <span class='ocr_line' id='line_1_61' title="bbox 622 5166 2053 5190; baseline 0 0"><span class='ocrx_word' id='word_1_739' title='bbox 622 5166 782 5190; x_wconf 53' lang='lat' dir='ltr'><strong>LA-..—</strong></span> <span class='ocrx_word' id='word_1_740' title='bbox 819 5178 955 5190; x_wconf 52' lang='lat' dir='ltr'>A__-.</span> <span class='ocrx_word' id='word_1_741' title='bbox 989 5170 1243 5190; x_wconf 59' lang='lat'><strong>.__-__:|.,,_</strong></span> <span class='ocrx_word' id='word_1_742' title='bbox 1297 5173 1384 5190; x_wconf 41' lang='lat' dir='ltr'><strong>ne-)</strong></span> <span class='ocrx_word' id='word_1_743' title='bbox 1436 5175 1446 5185; x_wconf 75' lang='grc' dir='ltr'><strong>ο</strong></span> <span class='ocrx_word' id='word_1_744' title='bbox 1529 5174 1551 5190; x_wconf 69' lang='grc' dir='ltr'><strong>Α·</strong></span> <span class='ocrx_word' id='word_1_745' title='bbox 1855 5189 1858 5190; x_wconf 67' lang='lat'>,</span> <span class='ocrx_word' id='word_1_746' title='bbox 2021 5182 2053 5190; x_wconf 82' lang='lat'><strong>.-</strong></span> 
     </span>
    </p>
   </div>
   <div class='ocr_carea' id='block_1_60' title="bbox 619 5166 3814 5265">
    <p class='ocr_par' dir='ltr' id='par_1_60' title="bbox 619 5166 3814 5265">
     <span class='ocr_line' id='line_1_62' title="bbox 619 5166 3814 5265; baseline 0.013 -45"><span class='ocrx_word' id='word_1_747' title='bbox 619 5166 785 5220; x_wconf 88' lang='lat' dir='ltr'><strong>homo</strong></span> <span class='ocrx_word' id='word_1_748' title='bbox 815 5178 963 5223; x_wconf 90' lang='lat' dir='ltr'><strong>esset</strong></span> <span class='ocrx_word' id='word_1_749' title='bbox 989 5170 1248 5227; x_wconf 90' lang='lat' dir='ltr'><strong>manibus</strong></span> <span class='ocrx_word' id='word_1_750' title='bbox 1279 5173 1483 5229; x_wconf 88' lang='lat' dir='ltr'><strong>divinis</strong></span> <span class='ocrx_word' id='word_1_751' title='bbox 1526 5174 1795 5233; x_wconf 81' lang='lat' dir='ltr'><strong>formatus</strong></span> <span class='ocrx_word' id='word_1_752' title='bbox 1813 5189 1867 5234; x_wconf 93' lang='lat' dir='ltr'><strong>et</strong></span> <span class='ocrx_word' id='word_1_753' title='bbox 1897 5182 2172 5246; x_wconf 88' lang='lat' dir='ltr'><strong>conditus,</strong></span> <span class='ocrx_word' id='word_1_754' title='bbox 2210 5202 2312 5242; x_wconf 88' lang='lat' dir='ltr'><strong>nec</strong></span> <span class='ocrx_word' id='word_1_755' title='bbox 2343 5204 2451 5243; x_wconf 91' lang='lat' dir='ltr'><strong>non</strong></span> <span class='ocrx_word' id='word_1_756' title='bbox 2476 5191 2677 5250; x_wconf 66' lang='lat' dir='ltr'><strong>divinae</strong></span> <span class='ocrx_word' id='word_1_757' title='bbox 2699 5197 2998 5257; x_wconf 79' lang='lat' dir='ltr'><strong>voluntatis</strong></span> <span class='ocrx_word' id='word_1_758' title='bbox 3026 5204 3208 5259; x_wconf 89' lang='lat' dir='ltr'><strong>semin</strong></span> <span class='ocrx_word' id='word_1_759' title='bbox 3229 5219 3261 5258; x_wconf 88' lang='lat' dir='ltr'><strong>a</strong></span> <span class='ocrx_word' id='word_1_760' title='bbox 3297 5207 3355 5260; x_wconf 94' lang='lat' dir='ltr'><strong>in</strong></span> <span class='ocrx_word' id='word_1_761' title='bbox 3381 5217 3606 5265; x_wconf 84' lang='lat' dir='ltr'><strong>nostros</strong></span> <span class='ocrx_word' id='word_1_762' title='bbox 3634 5166 3814 5264; x_wconf 67' lang='lat' dir='ltr'><strong>animos</strong></span> 
     </span>
    </p>
   </div>
   <div class='ocr_carea' id='block_1_61' title="bbox 617 5256 3810 5367">
    <p class='ocr_par' dir='ltr' id='par_1_61' title="bbox 617 5256 3810 5367">
     <span class='ocr_line' id='line_1_63' title="bbox 617 5256 3810 5367; baseline 0.013 -59"><span class='ocrx_word' id='word_1_763' title='bbox 617 5263 806 5309; x_wconf 88' lang='lat' dir='ltr'><strong>essent</strong></span> <span class='ocrx_word' id='word_1_764' title='bbox 828 5256 1155 5356; x_wconf 75' lang='lat' dir='ltr'><strong>conjectaet</strong></span> <span class='ocrx_word' id='word_1_765' title='bbox 1177 5273 1390 5358; x_wconf 73' lang='lat' dir='ltr'><strong>sparsa.</strong></span> <span class='ocrx_word' id='word_1_766' title='bbox 1410 5259 1555 5367; x_wconf 66' lang='grc' dir='ltr'><strong>ΜοἝ</strong></span> <span class='ocrx_word' id='word_1_767' title='bbox 1589 5270 1703 5337; x_wconf 83' lang='lat' dir='ltr'><strong>tum</strong></span> <span class='ocrx_word' id='word_1_768' title='bbox 1733 5264 1953 5321; x_wconf 89' lang='lat' dir='ltr'><strong>demum</strong></span> <span class='ocrx_word' id='word_1_769' title='bbox 1987 5274 2243 5339; x_wconf 86' lang='lat' dir='ltr'><strong>accessit,</strong></span> <span class='ocrx_word' id='word_1_770' title='bbox 2270 5292 2394 5332; x_wconf 91' lang='lat' dir='ltr'><strong>cum</strong></span> <span class='ocrx_word' id='word_1_771' title='bbox 2419 5284 2631 5340; x_wconf 90' lang='lat' dir='ltr'><strong>nostris</strong></span> <span class='ocrx_word' id='word_1_772' title='bbox 2650 5288 2881 5345; x_wconf 85' lang='lat' dir='ltr'><strong>auribus</strong></span> <span class='ocrx_word' id='word_1_773' title='bbox 2909 5294 3119 5361; x_wconf 89' lang='lat' dir='ltr'><strong>peccati</strong></span> <span class='ocrx_word' id='word_1_774' title='bbox 3145 5309 3342 5361; x_wconf 87' lang='lat' dir='ltr'><strong>sonus,</strong></span> <span class='ocrx_word' id='word_1_775' title='bbox 3365 5314 3529 5367; x_wconf 87' lang='lat' dir='ltr'><strong>quem</strong></span> <span class='ocrx_word' id='word_1_776' title='bbox 3564 5301 3810 5367; x_wconf 80' lang='lat' dir='ltr'><strong>Scriptura</strong></span> 
     </span>
    </p>
   </div>
   <div class='ocr_carea' id='block_1_62' title="bbox 615 5346 3809 5456">
    <p class='ocr_par' dir='ltr' id='par_1_62' title="bbox 615 5346 3809 5456">
     <span class='ocr_line' id='line_1_64' title="bbox 615 5346 3809 5456; baseline 0.014 -64"><span class='ocrx_word' id='word_1_777' title='bbox 615 5354 807 5394; x_wconf 80' lang='lat' dir='ltr'><strong>vocem</strong></span> <span class='ocrx_word' id='word_1_778' title='bbox 847 5346 1123 5425; x_wconf 88' lang='lat' dir='ltr'><strong>serpentis</strong></span> <span class='ocrx_word' id='word_1_779' title='bbox 1161 5348 1435 5414; x_wconf 89' lang='lat' dir='ltr'><strong>nominat,</strong></span> <span class='ocrx_word' id='word_1_780' title='bbox 1471 5350 1684 5407; x_wconf 82' lang='lat' dir='ltr'><strong>aﬂ‘usus</strong></span> <span class='ocrx_word' id='word_1_781' title='bbox 1709 5355 1903 5410; x_wconf 85' lang='lat' dir='ltr'><strong>est.At</strong></span> <span class='ocrx_word' id='word_1_782' title='bbox 1930 5372 2056 5424; x_wconf 85' lang='lat' dir='ltr'><strong>vox,</strong></span> <span class='ocrx_word' id='word_1_783' title='bbox 2083 5375 2247 5428; x_wconf 89' lang='lat' dir='ltr'><strong>quam</strong></span> <span class='ocrx_word' id='word_1_784' title='bbox 2280 5381 2429 5422; x_wconf 92' lang='lat' dir='ltr'><strong>nunc</strong></span> <span class='ocrx_word' id='word_1_785' title='bbox 2453 5370 2652 5426; x_wconf 91' lang='lat' dir='ltr'><strong>tollunt</strong></span> <span class='ocrx_word' id='word_1_786' title='bbox 2681 5346 3004 5444; x_wconf 63' lang='lat' dir='ltr'><strong>idololatria,</strong></span> <span class='ocrx_word' id='word_1_787' title='bbox 3034 5346 3398 5450; x_wconf 88' lang='lat' dir='ltr'><strong>estilloru</strong></span> <span class='ocrx_word' id='word_1_788' title='bbox 3426 5388 3522 5456; x_wconf 89' lang='lat' dir='ltr'><strong>qui</strong></span> <span class='ocrx_word' id='word_1_789' title='bbox 3558 5346 3809 5445; x_wconf 61' lang='lat' dir='ltr'><strong>ebrietate,</strong></span> 
     </span>
     <span class='ocr_line' id='line_1_65' title="bbox 621 5430 2185 5456; baseline 0 0"><span class='ocrx_word' id='word_1_790' title='bbox 621 5430 756 5456; x_wconf 66' lang='grc' dir='ltr'><strong>...Λιζ</strong></span> <span class='ocrx_word' id='word_1_791' title='bbox 799 5432 1210 5456; x_wconf 64' lang='grc' dir='ltr'><strong>ηΑηζΡ,.-.,....--..-</strong></span> <span class='ocrx_word' id='word_1_792' title='bbox 1238 5436 1348 5456; x_wconf 44' lang='grc' dir='ltr'><strong>ιμμ-</strong></span> <span class='ocrx_word' id='word_1_793' title='bbox 1386 5452 1483 5456; x_wconf 35' lang='lat' dir='ltr'><strong>“AA,</strong></span> <span class='ocrx_word' id='word_1_794' title='bbox 1524 5440 1535 5456; x_wconf 74' lang='lat'><strong>9</strong></span> <span class='ocrx_word' id='word_1_795' title='bbox 1614 5450 1626 5456; x_wconf 86' lang='lat'><strong>-</strong></span> <span class='ocrx_word' id='word_1_796' title='bbox 1988 5446 2000 5456; x_wconf 84' lang='lat'><em>.</em></span> <span class='ocrx_word' id='word_1_797' title='bbox 2029 5447 2061 5456; x_wconf 86' lang='lat'><strong>..</strong></span> <span class='ocrx_word' id='word_1_798' title='bbox 2153 5450 2185 5456; x_wconf 85' lang='lat'>_</span> 
     </span>
    </p>
   </div>
   <div class='ocr_carea' id='block_1_63' title="bbox 621 5430 3811 5541">
    <p class='ocr_par' dir='ltr' id='par_1_63' title="bbox 621 5430 3811 5541">
     <span class='ocr_line' id='line_1_66' title="bbox 621 5430 3811 5541; baseline 0.015 -62"><span class='ocrx_word' id='word_1_799' title='bbox 621 5430 760 5483; x_wconf 89' lang='lat' dir='ltr'><strong>moti</strong></span> <span class='ocrx_word' id='word_1_800' title='bbox 799 5432 1213 5502; x_wconf 79' lang='lat' dir='ltr'><strong>vociferantur;</strong></span> <span class='ocrx_word' id='word_1_801' title='bbox 1238 5436 1353 5492; x_wconf 67' lang='lat' dir='ltr'><strong>haec</strong></span> <span class='ocrx_word' id='word_1_802' title='bbox 1385 5452 1487 5493; x_wconf 89' lang='lat' dir='ltr'><strong>vox</strong></span> <span class='ocrx_word' id='word_1_803' title='bbox 1523 5440 1577 5494; x_wconf 94' lang='lat' dir='ltr'><strong>in</strong></span> <span class='ocrx_word' id='word_1_804' title='bbox 1614 5450 1815 5497; x_wconf 87' lang='lat' dir='ltr'><strong>terram</strong></span> <span class='ocrx_word' id='word_1_805' title='bbox 1850 5446 2110 5514; x_wconf 88' lang='lat' dir='ltr'><strong>procidit.</strong></span> <span class='ocrx_word' id='word_1_806' title='bbox 2145 5450 2412 5509; x_wconf 69' lang='lat' dir='ltr'><strong>Caeterum</strong></span> <span class='ocrx_word' id='word_1_807' title='bbox 2443 5472 2606 5513; x_wconf 87' lang='lat' dir='ltr'><strong>verus</strong></span> <span class='ocrx_word' id='word_1_808' title='bbox 2643 5460 2949 5535; x_wconf 84' lang='lat' dir='ltr'><strong>legislator,</strong></span> <span class='ocrx_word' id='word_1_809' title='bbox 2988 5430 3149 5538; x_wconf 73' lang='lat' dir='ltr'><strong>cujus</strong></span> <span class='ocrx_word' id='word_1_810' title='bbox 3185 5480 3351 5541; x_wconf 77' lang='lat' dir='ltr'><strong>typus</strong></span> <span class='ocrx_word' id='word_1_811' title='bbox 3377 5430 3506 5529; x_wconf 51' lang='grc' dir='ltr'><strong>ἐι-’δι</strong></span> <span class='ocrx_word' id='word_1_812' title='bbox 3541 5473 3735 5537; x_wconf 71' lang='lat' dir='ltr'><strong>Moses,</strong></span> <span class='ocrx_word' id='word_1_813' title='bbox 3760 5485 3811 5525; x_wconf 80' lang='lat' dir='ltr'><strong>ex</strong></span> 
     </span>
    </p>
   </div>
   <div class='ocr_carea' id='block_1_64' title="bbox 718 5580 2313 5690">
    <p class='ocr_par' dir='ltr' id='par_1_64' title="bbox 718 5580 2313 5690">
     <span class='ocr_line' id='line_1_67' title="bbox 718 5580 2313 5667; baseline 0.013 -33"><span class='ocrx_word' id='word_1_814' title='bbox 718 5584 740 5613; x_wconf 81' lang='grc'><strong>’⁸</strong></span> <span class='ocrx_word' id='word_1_815' title='bbox 779 5580 822 5634; x_wconf 89' lang='lat' dir='ltr'><strong>ll</strong></span> <span class='ocrx_word' id='word_1_816' title='bbox 852 5583 987 5639; x_wconf 87' lang='lat' dir='ltr'><strong>Cor.</strong></span> <span class='ocrx_word' id='word_1_817' title='bbox 1016 5602 1099 5650; x_wconf 86' lang='lat' dir='ltr'><strong>Ill,</strong></span> <span class='ocrx_word' id='word_1_818' title='bbox 1143 5589 1197 5643; x_wconf 80' lang='lat'><strong>5.</strong></span> <span class='ocrx_word' id='word_1_819' title='bbox 1298 5591 1342 5622; x_wconf 84' lang='lat'><em>&quot;</em></span> <span class='ocrx_word' id='word_1_820' title='bbox 1366 5588 1571 5647; x_wconf 80' lang='lat' dir='ltr'><strong>Jerem.</strong></span> <span class='ocrx_word' id='word_1_821' title='bbox 1621 5609 1790 5658; x_wconf 80' lang='lat' dir='ltr'><strong>xxxi,</strong></span> <span class='ocrx_word' id='word_1_822' title='bbox 1842 5597 2040 5667; x_wconf 77' lang='lat'><strong>51-53;</strong></span> <span class='ocrx_word' id='word_1_823' title='bbox 2094 5600 2259 5657; x_wconf 84' lang='lat' dir='ltr'><strong>Hebr.</strong></span> <span class='ocrx_word' id='word_1_824' title='bbox 2302 5621 2313 5654; x_wconf 83' lang='lat' dir='ltr'><strong>l</strong></span> 
     </span>
     <span class='ocr_line' id='line_1_68' title="bbox 718 5650 2313 5690; baseline 0 0"><span class='ocrx_word' id='word_1_825' title='bbox 718 5650 816 5690; x_wconf 52' lang='lat' dir='ltr'><strong>kal</strong></span> <span class='ocrx_word' id='word_1_826' title='bbox 883 5670 1017 5690; x_wconf 72' lang='grc' dir='ltr'><strong>νη..</strong></span> <span class='ocrx_word' id='word_1_827' title='bbox 1089 5658 1122 5690; x_wconf 68' lang='grc' dir='ltr'><strong>ἰι</strong></span> <span class='ocrx_word' id='word_1_828' title='bbox 1237 5661 1422 5690; x_wconf 69' lang='grc' dir='ltr'><strong>το;1ι;.ι</strong></span> <span class='ocrx_word' id='word_1_829' title='bbox 1496 5662 1515 5690; x_wconf 78' lang='grc' dir='ltr'><strong>ι</strong></span> <span class='ocrx_word' id='word_1_830' title='bbox 1635 5665 1680 5690; x_wconf 72' lang='lat' dir='ltr'><strong>eo</strong></span> <span class='ocrx_word' id='word_1_831' title='bbox 1714 5665 1793 5690; x_wconf 79' lang='grc'>1....</span> <span class='ocrx_word' id='word_1_832' title='bbox 1853 5683 1902 5690; x_wconf 56' lang='grc' dir='ltr'><strong>μ-</strong></span> <span class='ocrx_word' id='word_1_833' title='bbox 1972 5669 2005 5690; x_wconf 87' lang='lat' dir='ltr'><strong>n</strong></span> <span class='ocrx_word' id='word_1_834' title='bbox 2111 5672 2150 5690; x_wconf 69' lang='grc' dir='ltr'><em>η</em></span> <span class='ocrx_word' id='word_1_835' title='bbox 2200 5673 2245 5690; x_wconf 82' lang='grc' dir='ltr'><strong>ι.</strong></span> <span class='ocrx_word' id='word_1_836' title='bbox 2286 5685 2313 5690; x_wconf 82' lang='grc'><strong>-,</strong></span> 
     </span>
    </p>
   </div>
   <div class='ocr_carea' id='block_1_65' title="bbox 2211 5580 3806 5690">
    <p class='ocr_par' dir='ltr' id='par_1_65' title="bbox 2211 5609 3806 5690">
     <span class='ocr_line' id='line_1_69' title="bbox 2211 5609 3806 5690; baseline 0.018 -35"><span class='ocrx_word' id='word_1_837' title='bbox 2211 5618 2418 5690; x_wconf 37' lang='lat' dir='ltr'><strong>Lirin,</strong></span> <span class='ocrx_word' id='word_1_838' title='bbox 2472 5609 2537 5674; x_wconf 88' lang='lat'><strong>9,</strong></span> <span class='ocrx_word' id='word_1_839' title='bbox 2602 5613 2685 5690; x_wconf 69' lang='grc' dir='ltr'><strong>Ψ.</strong></span> <span class='ocrx_word' id='word_1_840' title='bbox 2761 5618 3033 5690; x_wconf 59' lang='lat' dir='ltr'><strong>_f‘_ltom.</strong></span> <span class='ocrx_word' id='word_1_841' title='bbox 3075 5638 3199 5688; x_wconf 86' lang='lat' dir='ltr'><strong>xm,</strong></span> <span class='ocrx_word' id='word_1_842' title='bbox 3255 5626 3341 5680; x_wconf 76' lang='lat' dir='ltr'><strong>l2.</strong></span> <span class='ocrx_word' id='word_1_843' title='bbox 3470 5629 3635 5683; x_wconf 80' lang='lat' dir='ltr'><strong>&quot;lsa.</strong></span> <span class='ocrx_word' id='word_1_844' title='bbox 3682 5626 3806 5690; x_wconf 69' lang='lat'><strong>11.2.</strong></span> 
     </span>
    </p>
   </div>
   <div class='ocr_carea' id='block_1_66' title="bbox 616 5649 2211 5794">
    <p class='ocr_par' dir='ltr' id='par_1_66' title="bbox 616 5649 2211 5794">
     <span class='ocr_line' id='line_1_70' title="bbox 616 5649 2211 5731; baseline 0.016 -29"><span class='ocrx_word' id='word_1_845' title='bbox 616 5649 667 5682; x_wconf 76' lang='grc' dir='ltr'><strong>τ·</strong></span> <span class='ocrx_word' id='word_1_846' title='bbox 696 5650 840 5707; x_wconf 79' lang='lat' dir='ltr'><strong>Psal.</strong></span> <span class='ocrx_word' id='word_1_847' title='bbox 883 5670 1041 5720; x_wconf 71' lang='grc' dir='ltr'><strong>χχιιι,</strong></span> <span class='ocrx_word' id='word_1_848' title='bbox 1088 5649 1141 5712; x_wconf 79' lang='lat'><strong>3.</strong></span> <span class='ocrx_word' id='word_1_849' title='bbox 1237 5661 1282 5693; x_wconf 76' lang='grc' dir='ltr'><strong>το</strong></span> <span class='ocrx_word' id='word_1_850' title='bbox 1313 5661 1445 5716; x_wconf 88' lang='lat' dir='ltr'><strong>ibid.</strong></span> <span class='ocrx_word' id='word_1_851' title='bbox 1488 5662 1541 5717; x_wconf 74' lang='lat'><strong>4.</strong></span> <span class='ocrx_word' id='word_1_852' title='bbox 1635 5665 1680 5696; x_wconf 76' lang='grc' dir='ltr'><strong>οο</strong></span> <span class='ocrx_word' id='word_1_853' title='bbox 1710 5649 1819 5719; x_wconf 77' lang='lat' dir='ltr'><strong>lsa.</strong></span> <span class='ocrx_word' id='word_1_854' title='bbox 1850 5649 2040 5731; x_wconf 45' lang='grc' dir='ltr'><strong>ἐφ’έί</strong></span> <span class='ocrx_word' id='word_1_855' title='bbox 2094 5649 2211 5727; x_wconf 62' lang='grc' dir='ltr'><strong>ῖῖ]</strong></span> 
     </span>
     <span class='ocr_line' id='line_1_71' title="bbox 618 5720 1187 5794; baseline 0.012 -20"><span class='ocrx_word' id='word_1_856' title='bbox 618 5720 666 5752; x_wconf 75' lang='grc'>⁶⁴</span> <span class='ocrx_word' id='word_1_857' title='bbox 714 5721 779 5775; x_wconf 90' lang='lat' dir='ltr'><strong>Ill</strong></span> <span class='ocrx_word' id='word_1_858' title='bbox 808 5722 941 5794; x_wconf 80' lang='lat' dir='ltr'><strong>Reg.</strong></span> <span class='ocrx_word' id='word_1_859' title='bbox 970 5742 1102 5791; x_wconf 79' lang='lat' dir='ltr'><strong>xm,</strong></span> <span class='ocrx_word' id='word_1_860' title='bbox 1143 5728 1187 5781; x_wconf 90' lang='grc' dir='ltr'><strong>Ι.</strong></span> 
     </span>
    </p>
   </div>
   <div class='ocr_carea' id='block_1_67' title="bbox 2205 5649 3800 5794">
    <p class='ocr_par' dir='ltr' id='par_1_67' title="bbox 2205 5649 3800 5762">
     <span class='ocr_line' id='line_1_72' title="bbox 2216 5649 3800 5690; baseline 0.017 -34"><span class='ocrx_word' id='word_1_861' title='bbox 2216 5649 2259 5657; x_wconf 91' lang='grc'><strong>..</strong></span> <span class='ocrx_word' id='word_1_862' title='bbox 2311 5649 2418 5672; x_wconf 83' lang='grc'><em>....,</em></span> <span class='ocrx_word' id='word_1_863' title='bbox 2472 5649 2537 5674; x_wconf 85' lang='grc' dir='ltr'><strong>υ,</strong></span> <span class='ocrx_word' id='word_1_864' title='bbox 2603 5649 2685 5667; x_wconf 85' lang='grc' dir='ltr'><strong>ιυ.</strong></span> <span class='ocrx_word' id='word_1_865' title='bbox 2790 5649 2801 5655; x_wconf 85' lang='grc'><strong>-</strong></span> <span class='ocrx_word' id='word_1_866' title='bbox 2871 5649 3033 5674; x_wconf 75' lang='lat' dir='ltr'><strong>nuru.</strong></span> <span class='ocrx_word' id='word_1_867' title='bbox 3077 5649 3199 5688; x_wconf 74' lang='grc' dir='ltr'><strong>ιιιι,</strong></span> <span class='ocrx_word' id='word_1_868' title='bbox 3255 5649 3341 5680; x_wconf 70' lang='lat' dir='ltr'><strong>xz.</strong></span> <span class='ocrx_word' id='word_1_869' title='bbox 3475 5649 3635 5683; x_wconf 72' lang='lat'><strong>&quot;183.</strong></span> <span class='ocrx_word' id='word_1_870' title='bbox 3682 5649 3731 5690; x_wconf 78' lang='lat' dir='ltr'><strong>ll,</strong></span> <span class='ocrx_word' id='word_1_871' title='bbox 3769 5649 3800 5679; x_wconf 72' lang='grc' dir='ltr'><strong>ιι</strong></span> 
     </span>
     <span class='ocr_line' id='line_1_73' title="bbox 2205 5673 3800 5762; baseline 0.016 -37"><span class='ocrx_word' id='word_1_872' title='bbox 2205 5673 2383 5730; x_wconf 79' lang='lat' dir='ltr'><strong>Matth.</strong></span> <span class='ocrx_word' id='word_1_873' title='bbox 2420 5695 2550 5744; x_wconf 82' lang='lat' dir='ltr'><strong>xvrt,</strong></span> <span class='ocrx_word' id='word_1_874' title='bbox 2604 5684 2659 5738; x_wconf 74' lang='lat'><strong>2.</strong></span> <span class='ocrx_word' id='word_1_875' title='bbox 2758 5687 2802 5717; x_wconf 84' lang='grc'><strong>⁸²</strong></span> <span class='ocrx_word' id='word_1_876' title='bbox 2835 5687 3006 5745; x_wconf 80' lang='lat' dir='ltr'><strong>Eccli.</strong></span> <span class='ocrx_word' id='word_1_877' title='bbox 3042 5709 3117 5757; x_wconf 84' lang='lat' dir='ltr'><strong>vi,</strong></span> <span class='ocrx_word' id='word_1_878' title='bbox 3154 5696 3246 5748; x_wconf 83' lang='grc'><strong>57.</strong></span> <span class='ocrx_word' id='word_1_879' title='bbox 3341 5697 3386 5729; x_wconf 83' lang='grc'>⁸⁸</span> <span class='ocrx_word' id='word_1_880' title='bbox 3437 5698 3601 5754; x_wconf 83' lang='lat' dir='ltr'><strong>Exod.</strong></span> <span class='ocrx_word' id='word_1_881' title='bbox 3635 5714 3705 5762; x_wconf 90' lang='grc' dir='ltr'><strong>ιιι,</strong></span> <span class='ocrx_word' id='word_1_882' title='bbox 3743 5698 3800 5749; x_wconf 72' lang='grc'><strong>12.</strong></span> 
     </span>
    </p>
   </div>
  </div>
