4038 6502
195 373 307 437 689
1245 389 1659 453 COMMENTA
1670 393 1785 454 ΗΠ

1869 395 1911 456 N
1960 394 2405 463 LEVITICUM.
3126 484 3129 489 ί
3359 410 3464 472 690

198 519 346 561 terra
383 504 495 560 sibi
540 511 757 591 natura:
788 502 1009 591 tabulas
1045 502 1394 562 reformavit.
1434 508 1570 565 Nam
1596 512 1804 581 nuptiae
1829 529 1937 569 non
1971 528 2413 586 procreaverunt
2448 520 2785 577 illidivinam
2808 539 2961 578 suam
3000 538 3254 591 carnem;
3279 542 3463 582 verum

199 598 316 659 ipse
350 608 471 648 sua:
500 592 689 681 carnis
713 590 773 645 ﬁt
804 590 1228 681 lapicida,qt_ue,
1261 592 1520 663 inquam,
1555 612 1691 652 caro
1725 599 2001 656 delineata
2043 613 2097 659 et
2128 605 2405 677 descripta
2437 616 2523 662 est
2552 607 2645 663 Dei
2680 609 2877 678 digito.
2915 610 3161 679 Spiritus
3189 590 3461 681 siquidmn

196 687 433 735 sanctus
470 679 621 736 venit
658 692 829 747 super
857 684 1111 732 sanctam
1132 678 1440 751 Virginem,
1472 692 1528 738 et
1555 685 1734 740 virtus
1761 687 2029 743 Altissimi
2052 691 2408 749 obumbravit
2432 710 2578 751 eam.
2604 694 2718 749 Hoc
2746 698 2838 751 ubi
2872 697 3125 766 contigit,
3159 678 3461 753 humanum

195 782 375 835 genus
419 781 522 822 sua
544 766 907 836 corruptione’
932 773 1019 821 est
1055 766 1375 836 liberatum,
1413 778 1469 824 et
1505 772 1799 841 pristinam
1834 776 2207 846 integritatem
2238 783 2465 850 recepit,
2488 781 2962 837 immortalitatem
3006 784 3264 838 sortitum
3296 787 3466 840 inter-

196 861 362 910 ventu
396 854 719 923 sculptura.
754 867 919 924 quam
942 854 1157 925 peregit
1191 853 1538 927 Deidigitus,
1568 860 1621 914 id
1654 872 1759 924 est,
1796 860 2040 932 Spiritus
2065 874 2295 921 sanctus
2329 867 2395 921 ad
2427 883 2576 933 eum,
2607 885 2770 939 quem
2807 870 3073 936 diximus,
3106 871 3355 927 modum.
3384 873 3463 927 lta

198 939 442 996 subinde
479 939 918 995 transformatnr
950 939 1132 998 Moses
1181 944 1236 997 in
1286 945 1487 1001 melius
1519 955 1576 1001 et
1630 948 1908 1005 illustrius
1939 991 1953 1015 ,
1995 958 2162 1021 atque
2212 954 2350 1008 adeo
2399 964 2459 1010 ut
2497 956 2621 1024 ejus
2649 956 2958 1010 claritatem
2991 957 3153 1027 322
3182 958 3462 1016 humanus

195 1027 402 1084 oculos
439 1035 666 1100 propter
699 1027 1135 1083 imbecillitatem
1170 1030 1375 1086 intueri
1409 1044 1669 1104 nequeat.
1718 1039 1787 1091 At
1823 1036 2008 1094 Moses
2042 1038 2145 1093 fuit
2175 1041 2474 1110 praesultor
2502 1041 2625 1111 ejus
2656 1083 2671 1106 ,
2717 1043 2811 1112 qui
2846 1052 3069 1099 nostros
3115 1046 3364 1103 defectus
3409 1057 3465 1103 et

200 1117 429 1207 morbos
464 1117 706 1207 curavit,
744 1125 805 1207 et
825 1129 1141 1207 corruptam
1176 1114 1426 1207 nostram
1464 1132 1717 1179 naturam
1746 1126 1811 1181 ad
1844 1128 2140 1197 pristinam
2176 1132 2469 1186 sanitatem
2514 1133 2818 1197 revocavit,
2851 1148 3130 1205 quamque
3166 1151 3265 1191 suo
3294 1137 3464 1207 digito

202 1204 445 1261 mirifice
482 1205 722 1276 pristino
754 1204 919 1292 nitori
952 1205 1218 1263 reddidit.
1257 1206 1415 1263 Hunc
1447 1225 1575 1265 non
1599 1220 1863 1281 poterunt
1896 1230 2127 1272 cernere
2165 1232 2293 1272 cum
2338 1218 2551 1274 venerit
2609 1220 2661 1273 in
2723 1220 2899 1290 gloria
2956 1204 3055 1277 sua
3082 1262 3098 1286 ,
3166 1224 3259 1292 qui
3328 1204 3463 1279 con-

202 1300 422 1430 :mpta.
452 1291 716 1411 “veritate
767 1291 1107 1348 adbmserint
1159 1295 1467 1350 mendacio.
1502 1296 1639 1353 Nam
1696 1299 1880 1370 inquit
1912 1317 1926 1355 :
1966 1322 1984 1354 ι
2016 1300 2268 1360 Tollatur
2326 1322 2357 1361 e
2404 1306 2584 1362 medio
2628 1307 2868 1378 impius,
2912 1324 2980 1363 ne
3016 1291 3197 1364 videat
3229 1311 3461 1381 gloriam

248 1395 425 1430 01111111
509 1420 521 1430 .
558 1397 577 1430 1

248 1395 425 1433 01111111
452 1395 521 1434 ε”.
558 1397 577 1431 Ι

272 1496 385 1548 Kal
408 1495 655 1565 ἀφελεῖς
669 1496 750 1551 σὺ
768 1498 874 1565 τὰς
889 1498 1143 1568 ἀνομίας
1158 1500 1348 1569 ἡμῶν,
1367 1502 1467 1556 καὶ
1484 1505 1588 1569 τὰς
1600 1505 1763 1581 ἁμαρ
1774 1537 1785 1545 -
1816 1496 1864 1553 Α

1964 1508 2032 1563 Et
2059 1510 2269 1579 auferes
2291 1522 2346 1566 tu
2376 1512 2690 1584 iniquitates
2710 1522 2924 1568 nostras
2947 1521 2995 1567 et
3022 1522 3237 1581 peccata
3257 1522 3460 1578 nostra,

202 1587 336 1654 τίας
358 1588 553 1658 ἡμῶν,
580 1590 677 1644 καὶ
701 1591 961 1661 ἐσόμεθά
980 1608 1101 1646 σοι.
1133 1594 1343 1647 Οὐκοῦν
1377 1595 1507 1650 ὅταν
1540 1597 1656 1667 ἴδῃς
1688 1597 1787 1651 ἄν·

1889 1612 1937 1655 et
1969 1603 2167 1655 erimus
2193 1603 2316 1669 tibi,
2352 1614 2459 1659 etc.
2500 1603 2604 1676 [9].
2639 1604 2831 1673 Itaque
2876 1620 2999 1660 cum
3031 1604 3242 1660 videris
3277 1612 3330 1659 et
3369 1620 3466 1659 au—

203 1678 429 1749 θρωπὸν
465 1699 590 1734 τινα
636 1681 864 1751 λέγοντα
890 1682 970 1753 τῷ
1014 1684 1311 1755 παραλύτῳ
1341 1687 1433 1740 καὶ
1483 1690 1548 1759 τῇ
1589 1688 1788 1759 πόρνῃ,

1891 1694 2101 1751 diveris
2154 1695 2433 1752 hominem
2492 1695 2680 1753 dicere
2740 1698 3047 1768 paralytico
3097 1706 3188 1752 aut
3240 1705 3462 1753 scorto:

211 1791 229 1822 ι
272 1772 582 1841 Ἀφέωνταί
647 1791 730 1827 σοι
790 1776 849 1829 αἱ
902 1777 1209 1847 ἁμαρτίαι,
1251 1798 1268 1829 ι
1321 1778 1495 1849 γνῶθι
1546 1780 1791 1834 τοιοῦτον

1895 1803 1914 1836 ι
1941 1784 2322 1841 Remittuntur
2342 1787 2439 1844 tibi
2470 1798 2699 1858 peccata
2726 1795 2818 1841 tua
2840 1786 2910 1851 ⁸⁸,
2948 1807 2966 1838 ι
2993 1795 3128 1854 etc.,
3148 1788 3465 1841 memineris

204 1864 483 1933 ὑπάρχειν
517 1864 703 1930 αὐτὸν,
742 1866 872 1935 περὶ
898 1859 960 1921 οὗ
999 1885 1083 1921 σοι
1136 1869 1411 1940 προλέγω.
1447 1871 1639 1935 Οὐδεὶς
1677 1871 1790 1943 γὰρ

1893 1874 2048 1930 illum
2099 1892 2243 1941 esse,
2291 1877 2359 1933 de
2394 1893 2505 1948 quo
2550 1892 2697 1932 nunc
2744 1877 2843 1931 tibi
2891 1877 3056 1931 verba
3099 1876 3265 1931 facio.
3298 1874 3468 1930 Nemo

200 1954 431 2008 δύναται
464 1956 685 2026 ἀφεῖναι
711 1957 1009 2028 ἁμαρτίας,
1037 1960 1168 2033 εἰμὴ
1202 1962 1366 2031 μόνος
1391 1964 1420 2016 ὁ
1452 1961 1610 2026 Θεός.

1894 1964 2042 2017 enim
2076 1962 2183 2017 nisi
2220 1964 2375 2019 solus
2419 1963 2587 2029 Deus,
2616 1965 2937 2020 condonare
2971 1971 3153 2034 potest
3186 1963 3375 2018 debita
3396 1960 3460 2014 ".

279 2092 475 2149 Posuit
503 2112 658 2164 super
699 2096 900 2151 vultum
954 2115 1113 2151 suum
1144 2099 1338 2161 velum,
1370 2108 1480 2155 etc.
1521 2096 1787 2172 [XXXlV,
1826 2096 1948 2168 55.]
1987 2082 2166 2151 Tanta
2201 2097 2305 2151 fuit
2335 2096 2560 2152 caecitas
2594 2095 2938 2162 Judznorum,
2974 2104 3035 2149 ut
3067 2109 3135 2149 ne
3167 2093 3306 2166 legis
3340 2093 3469 2162 qui-

206 2187 334 2235 dem
365 2183 547 2239 lucem
582 2184 862 2239 sustinere
888 2192 942 2237 et
974 2200 1175 2254 capere
1202 2185 1504 2257 quiverint.
1537 2187 1649 2242 Nec
1678 2188 1857 2243 solum
1890 2186 2090 2256 vulgus
2112 2184 2430 2239 Judtcorum
2478 2185 2585 2239 hac
2636 2186 2885 2240 caecitate
2926 2184 3241 2247 laboravit,
3296 2185 3465 2237 etiam

210 2269 541 2325 sacerdotes
568 2271 938 2341 nequiverunt
958 2273 1306 2340 spiritualem
1335 2274 1472 2345 legis
1499 2275 1790 2329 intellectu
1827 2274 2054 2341 haurire
2079 2290 2335 2331 sensum.
2357 2274 2508 2329 Nihil
2539 2276 2686 2330 enim
2717 2289 2873 2343 aeque
2901 2289 3002 2330 suo
3034 2272 3251 2347 fulgore
3268 2271 3468 2325 mentis

208 2356 413 2412 oculos
450 2358 809 2429 praestringit,
851 2374 918 2415 ac
954 2359 1164 2415 Christi
1203 2362 1568 2432 mysterium,
1603 2360 1752 2432 quod
1799 2363 2113 2419 mirabilem
2165 2364 2342 2421 lucem
2384 2362 2632 2418 infundit
2661 2362 2961 2424 cordibus,
3004 2360 3059 2414 in
3088 2372 3255 2429 quam
3292 2360 3466 2412 lucem

213 2445 488 2501 Israelita:
517 2449 835 2518 prospicere
880 2463 989 2503 non
1041 2458 1366 2518 potuerunt.
1407 2448 1622 2505 idcirco
1651 2450 1990 2506 Nicodemus
2037 2460 2445 2522 percontatur:
2485 2470 2503 2501 ι
2535 2449 2826 2517 Quomodo
2862 2453 3045 2517 potest
3097 2448 3260 2500 homo
3317 2445 3468 2499 nasci

209 2550 391 2589 senex
426 2535 705 2592 exsistens
737 2536 833 2590 I‘3?
870 2557 887 2588 ι
928 2536 1264 2592 Nicodamus
1298 2538 1468 2608 igitur
1498 2538 1756 2606 docetur,
1798 2546 1859 2592 ut
1888 2555 1975 2607 ea,
2016 2554 2139 2610 quae
2176 2539 2378 2595 mentis
2411 2539 2752 2593 intellectum
2776 2545 3064 2604 superant,
3104 2534 3205 2589 fide
3232 2547 3469 2588 venere-

209 2631 311 2675 tur
341 2638 445 2677 nec
480 2625 864 2693 scrupulosius
896 2626 1143 2696 inquirat
1176 2624 1440 2694 modum;
1476 2628 1751 2697 quamvis
1781 2628 1949 2683 etiam
1986 2628 2069 2681 lex
2103 2627 2251 2680 mille
2287 2626 2481 2696 figuris
2524 2625 2884 2681 delineaverit
2929 2623 3041 2692 jam
3101 2622 3228 2677 olim
3260 2618 3469 2675 Christi

212 2711 573 2781 mysterium.
606 2712 717 2771 Nec
754 2713 939 2767 Aaron
976 2730 1200 2782 quoque
1228 2729 1337 2768 una
1367 2730 1492 2770 cum
1529 2716 1842 2773 senioribus
1871 2716 2058 2787 populi
2110 2714 2254 2770 ferre
2305 2715 2481 2785 potuit
2532 2715 2843 2769 claritatem
2898 2712 3070 2766 illam.
3127 2709 3472 2781 Quapropter

209 2798 344 2852 velo
375 2801 734 2869 semetipsum
776 2798 1067 2856 obnubilat
1097 2800 1297 2869 Moses,
1331 2803 1381 2857 id
1431 2813 1539 2865 est,
1573 2803 1883 2858 litterarum
1931 2802 2292 2858 obscuritate.
2334 2804 2404 2857 At
2433 2818 2561 2857 cum
2609 2811 2834 2857 ventum
2880 2808 2967 2856 est
3024 2800 3077 2853 in
3114 2805 3471 2868 conspectum

214 2885 340 2945 Dei,
372 2885 557 2940 velum
607 2897 941 2943 removetur.
980 2886 1074 2942 Sic
1102 2904 1227 2943 cum
1268 2904 1368 2945 nos
1391 2889 1649 2944 Christus
1680 2890 1971 2944 adduxerit
1999 2900 2051 2943 et
2080 2891 2295 2944 steterit
2338 2891 2391 2944 in
2440 2897 2739 2958 conspectu
2790 2890 2970 2944 Patris
3004 2888 3215 2953 absque
3261 2885 3473 2941 umbris

211 2971 337 3027 illis
368 2975 778 3052 conspiciemus
808 2976 1036 3047 gloriam
1070 2976 1241 3033 Musis
1268 2978 1641 3047 Spiritualiter
1670 2979 2039 3048 intelligentes
2069 2980 2240 3047 legem
2279 2977 2396 3041 Dei,
2433 2988 2489 3032 et
2516 2976 2751 3032 subinde
2786 2993 2852 3031 ex
2884 2976 3055 3046 gloria
3086 2976 3137 3028 iu
3181 2975 3499 3053 clarioretn

208 3060 615 3115 transformati
646 3063 905 3131 gloriam.
939 3064 1157 3118 Alicubi
1187 3073 1426 3119 testatur
1467 3066 1669 3120 Paulus
1698 3085 1709 3119 :
1757 3085 1774 3117 ι
1812 3066 1868 3121 Si
1907 3065 2275 3121 ministerium
2303 3064 2789 3121 condemnationis
2816 3064 2991 3137 gloria
3018 3105 3033 3131 ,
3078 3065 3250 3118 multo
3300 3064 3475 3131 magis

213 3149 600 3204 ministerium
630 3152 865 3219 justitia:
894 3153 1204 3207 abundabit
1236 3154 1290 3208 in
1328 3154 1502 3221 gloria
1534 3154 1601 3207 θ’.
1648 3172 1666 3203 ι

296 3235 368 3290 Et
394 3239 780 3293 consummavit
815 3238 997 3294 Moses
1026 3242 1208 3294 omnia
1239 3257 1422 3309 opera,
1456 3252 1507 3294 et
1532 3241 1695 3295 nubes
1725 3243 1875 3301 texit.
1914 3252 2022 3298 etc.
2059 3240 2330 3315 [XXXIX,
2361 3241 2480 3313 51.]
2520 3239 2665 3296 Vero
2698 3240 2753 3295 in
2803 3241 2904 3294 hoc
2956 3238 3165 3293 mundo
3193 3252 3480 3292 common-

210 3333 400 3379 strato
427 3325 790 3381 tabernaculo
822 3327 1043 3383 scilicet
1068 3327 1309 3383 Ecclesia
1347 3345 1412 3384 ex
1441 3330 1702 3399 gentibus
1729 3330 1987 3393 conﬂata,
2041 3330 2367 3385 incredibile
2400 3340 2486 3384 est
2539 3328 2716 3391 dictu,
2759 3341 2925 3397 quam
2960 3326 3158 3379 divinae
3209 3325 3478 3379 claritatis

211 3416 315 3467 lux
358 3414 508 3468 hanc
536 3413 866 3487 lustraverit
897 3422 952 3468 et
988 3415 1449 3471 circumfulserit.
1495 3418 1679 3471 lustar
1710 3416 1871 3472 nubis
1908 3431 2033 3472 rore
2075 3418 2288 3471 ctelesti
2332 3416 2492 3472 miris
2544 3415 2723 3471 modis
2775 3415 2991 3484 rigatur
3024 3420 3078 3468 et
3143 3412 3477 3483 pinguescit.

211 3500 536 3565 At‘Moses,
565 3502 767 3571 inquit,
794 3518 903 3557 non
938 3504 1115 3572 potuit
1143 3505 1375 3560 introire
1407 3507 1460 3559 in
1498 3506 1941 3569 tabernaculum,
1968 3506 2114 3560 sicut
2140 3520 2241 3560 nec
2272 3503 2447 3559 Judaei
2481 3510 2782 3574 potuerunt
2811 3517 2871 3557 se
2900 3502 3181 3556 insinuare
3223 3499 3481 3555 Ecclesia:

207 3590 433 3643 Christi
464 3593 629 3644 modo
670 3600 1139 3646 comrnemoratze.
1178 3591 1296 3646 Non
1338 3594 1485 3647 enim
1523 3594 1771 3646 tulerunt
1810 3592 2012 3647 divinae
2066 3593 2208 3648 lucis
2239 3592 2586 3647 clarissimos
2648 3589 2834 3645 radios
2863 3629 2877 3654 ,
2930 3604 3027 3643 nec
3087 3589 3482 3642 intellexerunt

204 3680 435 3735 Christi
470 3682 817 3750 mysterium.
854 3684 921 3737 At
957 3698 1078 3747 nos,
1104 3686 1195 3750 qui
1235 3699 1375 3739 vera:
1412 3700 1607 3740 sumus
1631 3683 1915 3747 lsraelitm,
1943 3684 2076 3737 tecti
2116 3684 2263 3736 nube
2292 3695 2399 3734 una
2440 3695 2563 3735 cum
2596 3676 2693 3732 illo
2728 3676 3152 3748 properabimus
3191 3674 3257 3727 ad
3288 3690 3481 3739 super-

207 3784 347 3821 nam
382 3770 751 3824 mansionem.
802 3771 936 3825 Nam
979 3772 1194 3841 paravit
1226 3772 1389 3826 nobis
1421 3787 1542 3826 eam
1584 3775 1725 3825 riam
1772 3783 2049 3835 recentem
2095 3779 2150 3825 et
2184 3770 2385 3822 vivam.
2417 3764 2493 3820 lbi
2553 3766 2607 3819 in
2641 3764 2966 3819 altissimam
3002 3778 3124 3816 eum
3168 3762 3264 3814 illo
3311 3761 3483 3814 resol-

203 3871 421 3909 vcmur
454 3858 917 3927 tranquillitatem
956 3870 1011 3915 et
1040 3860 1306 3928 quietem,
1330 3870 1380 3913 et
1416 3861 1641 3929 perenni
1671 3860 1919 3915 fruemur
1951 3861 2092 3913 luce.
2147 3856 2293 3927 Ignis
2371 3855 2517 3909 enim
2598 3852 2941 3923 propulsavit
3000 3851 3255 3903 tenebras
3281 3888 3296 3913 ,
3361 3864 3484 3917 qua:

206 3945 567 3999 antecedunt
594 3954 832 4001 noctem.
864 3945 1001 4000 Nam
1043 3964 1151 4001 non
1184 3962 1377 4002 sumus
1415 3948 1594 4003 noctis
1632 3962 1732 4002 nec
1764 3947 2121 4003 tenebrarum
2149 3983 2164 4009 ,
2212 3942 2306 3997 sed
2352 3941 2447 3994 filii
2491 3940 2635 3993 lucis
2685 3936 3147 4008 quemadmodum
3195 3933 3482 4004 Scriptura

207 4046 383 4086 s.».cra
415 4040 602 4087 mouet
633 4033 700 4086 ’⁸.
733 4031 920 4087 Gloria
950 4043 1004 4089 et
1028 4033 1208 4089 honor
1237 4033 1464 4089 Christo
1507 4033 1773 4105 perfecto.

290 4204 337 4236 ⁸⁵
374 4202 481 4260 lsa.
509 4218 660 4265 nvi.
708 4205 796 4261 l0.
868 4203 915 4238 ⁸⁸
945 4203 1113 4261 Marc.
1144 4221 1207 4273 ιι,
1236 4207 1291 4261 5.
1347 4205 1395 4240 ⁸⁷
1432 4205 1566 4261 ibid.
1601 4205 1656 4260 7.
1725 4204 1772 4239 ⁸⁸
1802 4203 1885 4260 Jo:

1725 4204 1772 4239 ⁸⁸
1802 4203 1967 4260 Joan.
2008 4219 2089 4267 ιιι,
2121 4202 2173 4255 ι.
2236 4200 2283 4233 θ’
2316 4200 2363 4255 ιι
2387 4198 2516 4256 Cor.
2545 4214 2627 4265 ιιι,
2661 4200 2717 4255 9.
2796 4197 2842 4229 ⁹⁰
2878 4196 2893 4249 Ι
2928 4196 3124 4251 Thess.
3165 4211 3215 4259 v,
3256 4195 3310 4250 5.

220 4412 263 4425 δ

217 4387 3462 4435 W

544 4603 705 4674 ³2³
768 4594 1875 4729 COMMENTARII
1974 4596 2133 4720 IN
2230 4590 3167 4724 LEVITICUM.

284 5006 472 5061 Judaei
505 5005 721 5075 egressi
763 5003 1002 5076 Egypto
1033 5012 1088 5058 et
1123 5019 1247 5059 sese
1293 5003 1655 5066 immolaturi,
1708 5012 1767 5056 ut
1820 5006 2072 5057 viventes
2128 5000 2344 5055 hostias
2378 4996 2492 5051 Deo
2519 5033 2535 5059 ,
2570 4994 2892 5048 necessario
2940 5009 3089 5047 nunc
3139 4993 3493 5047 instruuntur

212 5095 609 5157 sermonibus,
647 5093 741 5163 qui
783 5094 837 5147 in
865 5091 1397 5147 commemoratione
1423 5098 1720 5145 versantur
1749 5089 2179 5155 sacrificiorum,
2226 5100 2322 5156 per
2354 5099 2478 5154 quas
2509 5082 2870 5151 cognoscitur
2900 5080 3108 5135 Christi
3153 5080 3480 5150 mysterium

212 5186 394 5236 variis
426 5180 609 5235 modis
633 5181 737 5236 sub
771 5180 881 5234 illis
908 5180 1322 5235 adumbratum.
1359 5178 1506 5233 Duce
1538 5186 1594 5232 et
1627 5178 1859 5248 auspice
1886 5176 2114 5231 Christo
2150 5173 2541 5243 adipiscuntur
2575 5168 2847 5223 Israelita:
2881 5176 3083 5221 terram
3154 5166 3491 5236 promissam

215 5270 504 5339 patribus.
536 5269 605 5322 At
630 5267 914 5323 Christum
943 5273 1303 5337 repraesentat
1360 5264 1546 5327 Jesus,
1574 5265 1666 5333 qui
1704 5278 1826 5320 eam
1860 5271 2066 5320 terram
2093 5264 2237 5319 inter
2277 5262 2403 5316 illos
2444 5256 2738 5313 distribuit
2782 5256 3049 5309 sortibus.
3090 5254 3325 5318 Quidam
3360 5267 3470 5320 pne

218 5367 447 5412 sentem
490 5356 719 5415 librum.
745 5355 908 5423 cujus
938 5355 1349 5409 enarrationem
1382 5368 1530 5407 nunc
1559 5351 1936 5421 suscepimus,
1984 5360 2371 5422 contempsere
2407 5357 2723 5419 propterea.
2757 5342 2905 5413 quod
2948 5342 3184 5395 ιιίιηίυηι
3243 5340 3487 5393 Vide-3""

217 5456 535 5515 m-cupatus
568 5444 838 5498 relatione
894 5442 1325 5503 sacrificiorum,
1359 5440 1611 5509 nihilque
1649 5441 1878 5511 dignum
1912 5457 2097 5495 rerum
2134 5438 2380 5494 universi
2439 5433 2649 5505 Opifice
2672 5433 2959 5489 contineat
2997 5447 3009 5482 :
3043 5442 3156 5499 quo
3184 5428 3487 5481 temerario

220 5550 368 5589 ausu
444 5547 554 5586 non
607 5532 1079 5594 animadvertunt,
1111 5545 1173 5585 se
1211 5529 1393 5597 ipsum
1431 5528 1775 5582 contumelia
1850 5528 2069 5584 allicere
2125 5528 2319 5582 mundi
2377 5525 2670 5595 Opificem,
2700 5520 2831 5574 dum
2864 5533 2971 5571 non
3013 5515 3315 5570 obmittunt
3368 5528 3494 5567 cum

227 5634 524 5691 spernere,
564 5628 627 5674 ut
656 5620 749 5689 qui
787 5619 1015 5674 inutiles
1042 5618 1290 5688 posuerit
1322 5616 1492 5684 leges.
1529 5616 1856 5670 Stultissimi
1898 5616 2152 5670 homines
2192 5614 2246 5667 in
2278 5610 2633 5680 luecjudicia
2695 5602 3327 5699 prmeipitesuf-eruutur,
3366 5600 3496 5653 dum

230 5689 527 5780 nequeunt
568 5708 885 5780 perspicere
919 5708 1273 5778 sapientiam,
1307 5721 1429 5771 qua:
1458 5706 1564 5760 sub
1591 5704 1679 5759 his
1709 5705 2015 5759 involucris
2039 5703 2374 5758 occultatur.
2418 5700 2597 5767 Atque
2645 5692 2837 5787 mira-ri
2880 5702 2963 5745 est
3022 5689 3497 5787 illo‘rtu‘nnamen-

233 5775 396 5862 tiam,
436 5775 748 5868 praesertim
780 5811 906 5852 cum
963 5775 1191 5849 audiant
1229 5793 1488 5849 Davidcm
1540 5793 1860 5849 dicentem:
1901 5811 1918 5846 t
1948 5792 2113 5862 Aperi
2143 5789 2334 5847 oculos
2360 5800 2510 5841 meos
2536 5792 2591 5839 et
2639 5781 2943 5849 intelligam
2985 5775 3353 5840 admirabilia,
3377 5791 3500 5848 quae
