4038 6526
604 354 703 420 691
1920 372 2279 440 PROCOPII
2317 380 2564 442 GAzmI
3751 380 3845 444 692

606 472 693 564 le_x
721 480 817 527 tua
853 472 1247 564 complectitur
1272 472 1343 531 θ’.
1375 495 1395 529 ι
1426 475 1702 539 Praeterea
1740 498 2017 543 noverunt
2049 487 2304 553 Paulum,
2337 493 2430 562 qui
2466 495 2627 549 docet
2658 511 2672 549 :
2711 512 2731 545 ι
2769 493 2877 549 Lex
2913 492 3226 564 spiritualis
3261 501 3346 549 est
3366 493 3440 548 ".
3474 511 3493 544 ι
3519 492 3586 546 Et
3611 491 3798 547 iterum
3828 512 3839 546 :

612 578 630 612 ι
660 559 1024 651 Lex_quidem
1049 568 1134 617 est
1160 570 1377 628 sancta,
1408 574 1464 621 et
1487 580 1819 640 praeceptum
1881 584 2164 642 sanctum,
2192 589 2248 631 et
2272 559 2492 649 justum
2520 591 2576 637 et
2616 582 2823 637 bonum
2855 559 2971 636 ’ιῂ
3005 581 3156 636 Idem
3213 590 3411 635 auctor
3444 580 3583 651 legis
3627 580 3843 636 litteram

606 646 996 738 reprehendit,
1015 656 1077 703 ut
1106 665 1272 722 quam
1301 653 1550 710 nominet
1565 664 1619 711 et
1638 658 2009 719 ministerium
2045 667 2241 720 mortis
2273 646 2328 722 et
2346 671 2855 725 condemnationis.
2881 669 2988 724 Sed
3018 679 3080 722 ut
3102 668 3364 724 distincte
3382 667 3455 723 de
3473 646 3593 738 lege
3617 668 3845 737 loquere-

606 745 701 789 tur
735 736 1115 827 eamldividit,
1144 739 1338 827 dicens
1385 758 1398 795 :
1438 760 1456 793 ι
1482 742 1687 800 Littera
1714 748 1943 817 occidit,
1985 752 2221 820 spiritus
2252 770 2382 810 vero
2414 757 2739 811 vivilicat“.
2766 776 2784 808 ι
2831 757 2899 809 At
2924 755 3428 827 proprie'disputat
3456 736 3842 824 deﬁciboipotu.

607 839 714 891 que
740 834 796 879 et
824 834 981 894 parte
1012 825 1121 881 diei
1156 826 1280 884 festi
1327 845 1538 886 necnon
1595 836 1880 891 novilunio
1900 846 1957 893 et
1992 838 2275 904 Sabbatis,
2306 845 2436 897 dum
2487 846 2605 900 haec
2655 825 2935 899 nominat
2972 859 3159 898 rerum
3221 844 3537 898 futurarum
3594 843 3843 912 symbols.

606 914 881 1001 Caeterum
923 914 992 970 de
1024 915 1262 973 victimis
1296 926 1350 974 et
1380 921 1675 978 sacriﬁciis
1715 925 1789 979 ila
1816 926 2065 991 disserit,
2096 936 2158 982 ut
2185 929 2515 985 conﬁteatur
2535 946 2600 985 ea
2630 946 2753 987 esse
2792 931 3133 1001 exemplaria
3154 939 3209 986 et
3244 931 3506 985 umbram
3539 943 3715 983 rerum
3751 944 3847 985 co:-

610 1000 829 1087 lestium
853 1001 919 1056 ’5.
961 1001 1163 1058 Verum
1196 1003 1458 1064 Christus
1488 1009 1668 1080 inquit
1696 1032 1710 1067 :
1753 1031 1772 1065 ι
1798 1012 2037 1080 Quazrite
2067 1024 2124 1069 et
2156 1016 2473 1072 invenietis.
2506 1017 2700 1073 Omnis
2738 1020 2886 1074 enim
2922 1000 3018 1087 qui
3048 1020 3271 1085 quierit,
3300 1018 3603 1072 invenit".
3642 1035 3659 1067 ι
3693 1016 3843 1071 Nemo

610 1085 783 1156 igitur
810 1089 1017 1144 abnuat
1048 1107 1265 1147 summo
1292 1096 1480 1150 studio
1508 1098 1867 1170 investigare,
1904 1102 2184 1173 quomodo
2219 1106 2454 1174 singulae
2490 1106 2808 1161 Levitarum
2842 1115 2896 1162 et
2925 1085 3274 1162 sacerdotum
3297 1105 3650 1159 crremoniae
3677 1119 3778 1173 pra:
3799 1119 3848 1160 se

615 1176 791 1266 lerant
828 1178 1102 1235 caelestia.
1141 1177 1383 1239 Joannes
1406 1186 1627 1254 quidem
1651 1188 1705 1241 in
1739 1204 1804 1244 eo
1841 1206 2033 1259 opere,
2076 1192 2167 1246 cui
2219 1193 2411 1249 dixere
2441 1210 2647 1250 nomen
2693 1195 3082 1266 Apocalypsis.
3126 1202 3369 1250 testatur
3398 1209 3463 1248 se
3488 1193 3754 1261 reperisse
3780 1204 3848 1247 ta-

614 1263 976 1320 bernaculum
1018 1269 1298 1337 quoddam
1333 1273 1666 1339 testimonii,
1700 1286 1754 1330 et
1782 1291 1967 1331 arcam
2008 1282 2325 1343 testamenti
2357 1282 2409 1335 in
2432 1283 2597 1347 caelo,
2651 1297 2867 1336 necnon
2908 1263 3110 1345 altare,
3149 1283 3239 1335 cui
3276 1281 3586 1334 astiterunt
3630 1280 3846 1348 quidam,

614 1361 669 1406 ct
703 1368 894 1423 preces
953 1370 1172 1420 eorum,
1212 1359 1305 1426 qui
1343 1362 1528 1416 securi
1583 1365 1830 1433 percussi
1864 1372 1993 1419 sunt
2021 1375 2246 1436 propter
2286 1383 2486 1423 nomen
2520 1367 2733 1423 Domini
2760 1366 2898 1424 Jesu
2936 1377 2991 1423 et
3024 1378 3252 1439 propter
3279 1366 3667 1423 testimonium
3723 1366 3844 1434 ejus.

615 1439 844 1511 Oportet
874 1444 1051 1512 illum,
1092 1448 1182 1501 cui
1207 1447 1394 1503 divina
1435 1449 1706 1520 sapientia
1727 1467 1875 1508 cura:
1896 1464 2003 1521 est,
2036 1456 2252 1527 singula
2284 1456 2403 1511 haec
2424 1457 2705 1527 inquirere
2753 1473 2863 1511 uno
2914 1464 3080 1527 pacto
3109 1456 3166 1511 in
3194 1456 3338 1511 caelo
3367 1454 3699 1516 consistant,
3724 1461 3773 1507 et
3795 1468 3847 1506 er

617 1528 755 1600 ipsis
787 1532 1122 1601 imaginibus
1146 1536 1397 1607 exempla
1433 1538 1648 1593 venari.

690 1636 957 1708 Victima,
991 1642 1058 1698 de
1084 1644 1284 1713 quibus
1337 1645 1450 1715 agit
1481 1662 1721 1716 prazsens
1760 1648 1920 1715 liber,
1962 1650 2069 1705 huc
2102 1667 2191 1706 re-
2222 1642 2270 1697 Α

2253 1651 2270 1696 λ
2366 1654 2431 1708 Αἱ
2480 1656 2539 1708 ἐν
2595 1652 2672 1724 τῷ
2720 1652 2993 1724 Λευῖτικῷ
3039 1651 3223 1705 θυσίαι
3283 1648 3640 1719 καθαρισμὸν
3689 1646 3848 1716 ψυχῶν

620 1731 895 1802 spiciunt,
928 1742 989 1789 ut
1020 1736 1232 1805 puritas
1258 1742 1313 1791 et
1340 1738 1647 1794 mundities
1694 1740 1951 1797 humanis
2006 1742 2197 1795 conci-

2298 1746 2658 1815 περιέχουσι·
2696 1748 2808 1808 τοῖς
2865 1744 2967 1815 μὲν
3014 1742 3408 1813 τελειοτέροις,
3438 1740 3848 1810 ἀναλισκομένων

623 1826 785 1879 lietur
809 1826 1107 1894 mentibus,
1148 1826 1277 1882 dum
1302 1828 1443 1897 ignis
1481 1828 1573 1883 Dei
1608 1830 1887 1884 consumit
1911 1831 2184 1901 quidquid

2296 1836 2409 1889 τῶν
2440 1836 2653 1905 ἀλόγων
2690 1838 2770 1899 εἰς
2798 1836 2859 1889 τὸ
2895 1835 3005 1906 πῦρ
3041 1834 3135 1888 τοῦ
3162 1833 3299 1886 Θεοῦ
3320 1849 3335 1863 ⁸
3382 1833 3600 1900 ἀλόγων
3627 1831 3681 1884 δὲ
3704 1831 3848 1884 καθα-

624 1917 926 1972 Ιιειιιιίηιιιιι
961 1929 1015 1973 et
1046 1919 1280 1974 rationis
1310 1934 1510 1990 expers
1539 1921 1591 1974 in
1616 1920 1873 1991 perfectis
1902 1923 2195 1992 reperitur,

2301 1930 2432 2002 ρῶν,
2458 1924 2533 1984 ὧν
2566 1930 2737 1995 τύπος
2782 1930 2901 1984 ἐστὶ
2929 1929 2999 1983 τὰ
3026 1928 3470 1997 ὁλοκαυτώματα
3493 1943 3508 1956 ·
3552 1924 3661 1995 πῦρ
3698 1924 3747 1977 δὲ
3773 1922 3847 1975 τοῦ

623 2009 863 2079 dumque
912 2009 1141 2065 allectus
1199 2010 1425 2074 ferinos,
1458 2014 1551 2083 qui
1588 2012 1791 2067 rationi
1820 2030 1926 2067 non
1981 2023 2196 2085 parent,

2296 2024 2482 2092 λόγου,
2537 2024 2598 2078 τὸ
2642 2022 2980 2079 ἀναλωτικὺν
3024 2023 3124 2092 τῆς
3176 2022 3343 2092 ὕλης·
3390 2017 3544 2089 ψυχὴ
3597 2017 3701 2087 γὰρ
3741 2012 3848 2069 οὖσι

622 2103 841 2171 penitus
870 2102 1257 2173 exurit,cujus
1293 2104 1371 2159 rei
1400 2114 1586 2175 typum
1609 2113 1808 2176 gerunt
1841 2105 2193 2163 holocausta.

2297 2109 2492 2163 τούτου
2536 2112 2827 2181 κατήκοος,
2862 2111 2930 2164 τὰ
2956 2109 3099 2164 κατὰ
3152 2110 3318 2179 φύσιν
3353 2109 3534 2175 ἄλογα
3563 2108 3626 2161 ἐκ
3666 2108 3757 2175 τῆς
3781 2107 3848 2159 αἰ-

622 2192 764 2249 lllud
823 2196 1176 2251 existimatur
1206 2196 1261 2250 in
1316 2196 1501 2251 divino
1561 2211 1816 2251 sermone
1864 2212 1989 2253 esse
2029 2196 2197 2268 ignis,

2301 2201 2550 2272 σοήσεως
2578 2202 2861 2272 γινόμενα,
2896 2201 3077 2273 πολλῷ
3119 2200 3197 2272 τῷ
3229 2200 3372 2275 προς
3413 2199 3477 2253 τὸ
3522 2198 3663 2252 θεῖον
3714 2198 3847 2266 ἔρωτι

621 2284 769 2356 quod
799 2287 1077 2342 consumit
1109 2288 1164 2342 in
1192 2287 1417 2343 homine
1444 2287 1714 2360 quidquid
1775 2296 1997 2344 terrena
2030 2291 2193 2359 sapit.

2298 2296 2623 2365 χρησαμένη
2680 2296 2928 2367 δαπανᾷ·
2962 2298 3075 2357 τοῖς
3137 2294 3195 2348 δὲ
3246 2293 3653 2361 ἀτελεστέροις,
3694 2288 3847 2361 μερῶν

623 2379 857 2437 Animus
887 2378 1161 2450 siquidem
1195 2380 1289 2436 ubi
1350 2380 1529 2437 avidis
1574 2381 1804 2437 auribus
1842 2381 2090 2439 hauserit
2113 2381 2201 2436 di-

2300 2402 2461 2438 τινων
2500 2385 2944 2457 ἀναλισκομένων
3000 2385 3077 2456 τῷ
3112 2385 3248 2457 πυρὶ
3302 2385 3400 2437 τοῦ
3439 2382 3600 2437 Θεοῦ.
3650 2375 3742 2436 Ὧν
3794 2379 3846 2432 τὰ

623 2473 812 2527 vinum
837 2486 1308 2538 sermonem,non
1365 2482 1548 2530 cessat
1596 2490 1867 2531 accensus
1926 2476 2199 2532 immenso

2304 2476 2551 2546 σύμϐολα
2603 2477 2750 2531 δοκεῖ
2806 2477 3214 2549 προστετάχθαι
3273 2475 3670 2545 ἀναφέρεσθαι.
3714 2474 3846 2524 Ἀπο-

626 2563 721 2619 Dei
754 2577 960 2625 amore.
989 2562 1055 2617 ad
1091 2562 1324 2617 nihilum
1371 2565 1621 2634 redigere
1664 2580 1882 2620 omnem
1926 2566 2198 2622 feritatem

2302 2568 2475 2621 λεῖται
2501 2568 2555 2621 δὲ
2582 2570 2688 2638 τεᾶς
2717 2569 2745 2621 ὁ
2770 2568 2855 2639 ’τῷ
2882 2569 2977 2623 τοῦ
3007 2569 3141 2622 Θεοῦ
3173 2567 3555 2638 Θυσιαστηρίῳ
3580 2566 3683 2635 πῦρ
3714 2580 3845 2633 προς-

625 2666 681 2710 et
708 2654 976 2725 quidquid
1008 2670 1158 2710 sanae
1178 2655 1379 2710 rationi
1405 2665 1672 2727 repugnat
1698 2656 1897 2714 fretum
1918 2660 2198 2716 sensibus.

2301 2660 2451 2729 ἀγων
2491 2660 2791 2732 ἀλλότριον.
2820 2653 2921 2713 Ὧν
2950 2660 3119 2723 τύπος
3170 2660 3357 2713 Ναδᾶιὸ
3409 2660 3507 2712 καὶ
3544 2656 3760 2710 Ἀϐιούδ.
3790 2654 3845 2706 Τὸ

628 2748 687 2803 Si
713 2759 892 2803 autem
926 2747 1250 2803 consideres
1278 2748 1650 2819 imperfectos,
1708 2751 1956 2821 reperies
2014 2761 2200 2822 partes

2302 2749 2454 2803 δὲτὰ
2488 2751 2631 2803 κατὰ
2659 2751 2823 2821 μέρος
2865 2751 3144 2815 ὲξοδεῦσαι
3194 2751 3563 2823 περὶτούτων
3598 2747 3841 2806 δύνασθαι.

627 2840 893 2911 quasdam
926 2856 1047 2912 ane
1102 2839 1444 2896 reluctantur
1484 2858 1632 2897 sana:
1682 2843 1906 2911 rationi,
1943 2843 2201 2899 devorari

2302 2842 2404 2896 οὐκ
2432 2842 2740 2914 ἀνθρώπου,
2775 2843 2893 2897 ἀλλ’
2926 2844 3335 2913 ἀναϐεϐηκότος
3370 2845 3455 2908 εἰς
3506 2843 3597 2896 τὸν
3632 2837 3842 2910 οὐρανὸν,

629 2930 700 2985 ab
728 2931 855 3001 igne
879 2931 997 2998 Dei,
1032 2940 1091 2986 ut
1116 2946 1215 3003 per
1244 2931 1335 2986 illa
1362 2932 1660 3001 sacriﬁcia,
1693 2948 1794 2989 ceu
1822 2950 1918 3004 per
1953 2935 2202 3006 symbola

1699 2948 1794 2989 ceu
1822 2950 1918 3004 per
1953 2935 2202 3006 symbola
2305 2935 2400 2990 καὶ
2430 2936 2605 2991 ταῦτα
2636 2937 2850 3008 τρανῶς
2890 2938 3294 3009 θεωρήσαντος.

629 3021 879 3091 quaedam
910 3024 1251 3095 signiﬁcatur
1282 3044 1297 3081 :
1330 3044 1347 3078 ι
1378 3025 1582 3083 Peribit
1606 3027 1809 3095 omnis,
1836 3028 1928 3098 qui
1962 3028 2233 3084 addiderit
2264 3045 2376 3085 ara:
2430 3030 2521 3084 Dei
2556 3031 2735 3102 ignem
2768 3033 3010 3085 alienum
3028 3032 3097 3095 ⁸⁸,
3136 3050 3154 3082 ›
3218 3041 3276 3084 ιιι
3310 3032 3452 3102 satis
3493 3032 3659 3099 liquet
3693 3039 3845 3082 exem-

631 3114 734 3184 plis
789 3113 979 3171 Nadab
1030 3124 1085 3171 et
1130 3115 1695 3172 Abiud°°.C:eterum
1729 3133 1838 3171 non
1888 3126 1973 3173 est
2001 3118 2367 3173 humanarum
2418 3120 2620 3173 virium
2692 3120 3011 3190 singulatim
3085 3120 3359 3177 sacriﬁcia
3436 3119 3529 3173 illa
3592 3116 3844 3187 explanare

629 3215 684 3260 et
712 3207 1028 3261 enucleare.
1074 3206 1129 3262 ls
1187 3208 1391 3278 poterit
1442 3208 1581 3264 satis
1633 3208 1939 3264 luculenter
1976 3224 2039 3265 ea
2094 3209 2443 3280 interpretari
2480 3211 2645 3283 324
2682 3213 2776 3283 qui
2828 3211 3077 3269 ascendit
3131 3211 3186 3266 in
3256 3213 3464 3268 coelum
3502 3219 3557 3265 et
3607 3209 3844 3264 evidenter

630 3311 694 3352 ea
723 3297 1097 3367 conspexerit.

704 3387 830 3443 llmc
858 3390 1174 3459 praelibasse
1206 3389 1515 3463 jucundum
1557 3392 1673 3449 fore
1704 3394 2143 3454 existimavimus
2194 3395 2379 3452 amico
2413 3396 2628 3452 lectori.
2679 3393 2844 3453 Nunc
2903 3396 3030 3452 libri
3065 3394 3233 3466 hujus
3270 3386 3837 3457 exordiamurexposi-

636 3479 863 3531 tionem.

714 3560 929 3617 Vocavit
949 3563 1314 3619 autemMosen
1339 3573 1387 3618 et
1409 3565 1618 3621 locutus
1638 3568 1779 3622 εδίεὶ
1795 3567 2075 3631 Dominus,
2102 3574 2212 3625 etc.
2242 3566 2307 3640 [l,
2329 3568 2408 3641 1.]
2438 3572 2583 3626 Deus
2614 3571 2823 3640 ubique
2854 3570 3203 3625 vocaresolet
3228 3567 3420 3624 Mosen
3448 3575 3509 3622 ut
3529 3568 3687 3622 etiam
3721 3562 3841 3617 aeri-

636 3651 739 3712 dit,
773 3666 895 3706 cum
924 3660 1217 3722 appareret
1253 3653 1304 3706 in
1335 3653 1493 3710 rubo.
1526 3653 1800 3710 Caeterum
1818 3671 1974 3711 sacra
2000 3673 2122 3727 qua:
2142 3658 2279 3712 ﬁunt
2308 3657 2363 3711 in
2397 3658 2665 3713 honorem
2688 3658 3023 3721 daemonum,
3058 3664 3409 3727 peraguntur
3441 3656 3683 3725 neglecto
3702 3649 3839 3705 verbo

639 3736 756 3793 Dei.
791 3737 851 3791 In
885 3737 970 3791 his
1002 3739 1425 3808 conspiciuntur
1454 3741 1680 3812 magicae
1730 3742 2043 3813 praestigiae,
2076 3752 2129 3799 et
2154 3744 2476 3800 daemonum
2499 3745 2790 3800 invocatio.
2831 3743 3132 3799 Adduntur
3180 3742 3434 3814 quaedam
3457 3744 3633 3796 tacita:
3663 3738 3837 3805 obliga-

642 3826 842 3890 tiones,
890 3840 1029 3893 quas
1083 3842 1207 3881 cum
1264 3828 1609 3884 daemonibus
1670 3831 1915 3900 ipsorum
1956 3831 2258 3887 sacriﬁculi
2287 3826 2844 3897 contrahunt.llnjus
2876 3828 2955 3883 rei
2988 3835 3182 3884 testem
3234 3827 3597 3897 producimus
3638 3818 3839 3891 Porphy-

642 3913 810 3979 rium,
842 3912 935 3983 qui
973 3912 1276 3969 maledictis
1300 3915 1575 3971 incessere
1599 3932 1706 3971 non
1729 3925 1913 3973 cessat
1946 3917 2317 3973 illiuscemodi
2381 3915 2830 3984 superstitiones.

718 4002 888 4057 llomo
910 4017 975 4056 ex
1004 4002 1145 4058 vobis
1162 4004 1206 4057 si
1230 4004 1474 4058 obtulerit
1496 4021 1718 4059 munera
1751 4006 1974 4059 Domino
2004 4005 2069 4060 de
2097 4005 2393 4075 pecoribus,
2425 4012 2519 4056 aut
2548 3988 2764 4055 a'bobus
2796 4009 2889 4055 aut
2946 4000 3129 4055 ovibus
3153 4000 3387 4069 offer-etis
3437 3998 3579 4053 dona
3616 3996 3709 4050 sive
3746 4005 3838 4044 mtt-

644 4106 773 4145 nera
799 4100 993 4157 vestra,
1026 4100 1135 4147 etc.
1168 4090 1249 4163 [ἢ]
1274 4092 1536 4148 Plurimis
1565 4093 1620 4148 in
1653 4092 1794 4149 locis
1830 4092 2117 4163 Scriptura
2140 4107 2297 4150 sacra
2332 4091 2580 4145 nominat
2615 4090 2706 4144 illa
2735 4088 3032 4153 sacriﬁcia,
3065 4104 3186 4158 quae
3215 4104 3281 4142 ex
3308 4086 3637 4175 animalibus
3676 4094 3836 4175 paran-

648 4187 759 4243 tur,
801 4193 1025 4233 munera
1058 4179 1174 4234 sive
1202 4178 1370 4234 dona.
1419 4176 1621 4235 Verum
1681 4180 1775 4235 illa
1815 4181 2114 4246 sacriﬁcia,
2147 4195 2270 4251 qua:
2300 4186 2560 4249 petuntur
2589 4177 2657 4232 de
2684 4176 3031 4239 inanimatis.
3073 4176 3353 4246 appellare
3383 4171 3663 4229 consuevit
3699 4171 3837 4222 sacri-

646 4267 792 4331 licia,
827 4273 886 4319 ut
923 4266 1009 4321 vel
1039 4281 1107 4321 ex
1135 4265 1333 4321 Genesi
1362 4264 1539 4321 cuivis
1583 4282 1921 4338 cognoscere
1981 4276 2297 4340 promptum
2327 4271 2433 4320 est.
2488 4263 2627 4317 Nam
2650 4262 2886 4327 fructus,
2922 4278 3063 4332 quos
3093 4262 3369 4317 obtulerat
3413 4259 3570 4321 Cain,
3614 4261 3837 4309 vocantur

645 4352 1018 4419 sacriﬁcium;
1049 4362 1103 4407 at
1137 4352 1402 4407 animalia
1439 4353 1553 4420 illa,
1581 4368 1702 4423 qua:
1719 4364 2141 4411 consecraverat
2170 4352 2403 4408 Domino
2427 4352 2581 4415 Abel,
2608 4364 3003 4420 nuncupantur
3026 4364 3275 4413 munera,
3307 4355 3367 4403 ut
3395 4348 3578 4402 videre
3602 4352 3675 4398 est
3693 4342 3836 4407 legen-

646 4440 796 4496 tibus
821 4441 1108 4495 historiam
1141 4456 1285 4494 eam.
1340 4439 1539 4496 Munus
1569 4442 1689 4496 sive
1751 4441 1958 4497 donum
1997 4440 2333 4496 bifariamin
2366 4438 2654 4508 Scriptura
2704 4439 2999 4507 accipitur.
3048 4436 3171 4493 Uno
3235 4434 3399 4491 modo
3457 4433 3581 4524 dum
3611 4431 3818 4524 late-fell

646 4545 815 4599 genus
848 4528 1109 4591 sumitur,
1165 4540 1412 4598 utraeque
1438 4530 1601 4585 modo
1653 4538 1925 4585 enarrata:
1964 4530 2176 4600 species
2228 4528 2633 4596 intelliguntur.
2664 4524 2721 4579 Si
2747 4540 2876 4579 vero
2941 4524 3219 4594 propriam
3255 4533 3308 4578 et
3334 4521 3663 4591 peculiarem
3716 4512 3831 4564 illius

646 4616 888 4672 nominis
943 4617 1229 4688 inquirere
1269 4616 1505 4671 velimus
1554 4616 2046 4687 signiﬁcationem,
2075 4615 2420 4686 reperiemus
2457 4612 2511 4667 id
2545 4612 2831 4681 praedicari
2872 4612 2939 4667 de
2977 4612 3110 4665 solis
3144 4609 3491 4663 inanimatis.
3535 4603 3830 4671 Quaproer

644 4706 700 4759 in
731 4706 1088 4775 sequentibus
1119 4705 1195 4759 ait
1224 4722 1237 4759 :
1277 4722 1294 4757 ι
1317 4704 1373 4759 Si
1407 4703 1667 4759 obtulerit
1698 4706 1892 4758 anima
1921 4705 2127 4759 donum
2155 4700 2490 4759 sacriﬁcium
2530 4699 2788 4763 Domino,
2826 4699 3009 4755 simila
3038 4699 3143 4753 erit
3174 4697 3379 4752 donum
3423 4694 3618 4765 ejus".
3652 4708 3667 4740 ι
3696 4688 3830 4784 Instat

648 4774 866 4862 generis
896 4802 1101 4858 autem,
1138 4791 1287 4863 quod
1318 4792 1386 4849 de
1419 4792 1709 4863 speciebus
1732 4793 2085 4863 prmdicatur,
2123 4801 2237 4845 tum
2294 4789 2540 4860 ponitur,
2575 4789 2799 4858 quando
2839 4789 2963 4859 quis
2996 4786 3250 4842 consulto
3276 4785 3618 4873 prudensque
3645 4774 3831 4873 nullil'ls-

648 4857 755 4949 qiie
782 4857 1216 4937 circumstantiae
1238 4857 1496 4951 respectu
1528 4890 1581 4936 et
1609 4882 1716 4934 huc
1737 4881 1914 4935 solum
1934 4880 2179 4947 resnicit,
2224 4887 2283 4931 ut
2311 4877 2477 4933 Deum
2523 4886 2832 4941 veneretur,
2892 4875 3087 4931 oﬁerre
3142 4890 3343 4928 munus
3385 4872 3443 4925 in
3470 4870 3690 4924 animum
3711 4857 3830 4956 indu-

651 4970 812 5023 κει-ιι.
840 4967 946 5023 Sed
974 4968 1252 5038 quodnam
1279 4968 1385 5023 tale
1402 4984 1602 5023 munus
1628 4968 1751 5024 est?
1777 4968 1987 5023 scilicet
2013 4966 2088 5032 id,
2120 4965 2265 5035 quod
2300 4965 2576 5034 legislator
2606 4964 2858 5020 secernit
2890 4964 2959 5018 ab
3001 4963 3107 5027 his,
3136 4976 3255 5031 quae
3282 4974 3379 5030 pro
3407 4964 3622 5028 peccato
3651 4960 3826 5016 expian-

651 5057 741 5120 do,
767 5065 860 5110 aut
888 5056 1065 5110 salute
1104 5056 1445 5125 impetranda
1477 5057 1561 5112 vel
1583 5071 1679 5126 pro
1712 5055 2002 5125 puerperis
2036 5054 2364 5109 aﬂ'cruntur.
2401 5050 2534 5118 Quae
2592 5051 2741 5106 enim
2816 5051 2871 5105 in
2934 5054 2964 5104 ιι
2989 5064 3096 5103 unc
3159 5048 3318 5102 ﬁnem
3374 5044 3699 5101 adhibentur,
3748 5042 3825 5084 non

651 5152 949 5199 censentur
1010 5158 1261 5197 munera.
1287 5142 1343 5196 Si
1374 5144 1499 5213 quis
1569 5151 1752 5197 autem
1790 5158 1902 5197 rem
1950 5153 2096 5196 recta
2149 5142 2233 5196 via
2281 5156 2468 5195 secum
2502 5150 2759 5209 reputare
2794 5138 2959 5200 volet,
2988 5136 3257 5206 profecto.
3277 5133 3423 5204 quod
3449 5132 3718 5223 animalum

650 5232 827 5303 pluris
855 5231 1075 5286 ducitur
1104 5244 1267 5301 quam
1293 5231 1476 5283 anima
1498 5244 1713 5284 carens.
1739 5228 1859 5282 Alia
1882 5229 2047 5284 etiam
2084 5226 2414 5289 diﬁ‘erentia,
2450 5242 2618 5295 quam
2669 5225 2958 5295 Scriptura
3009 5224 3190 5293 ponit,
3244 5222 3566 5307 observatur
3587 5218 3719 5307 circa
3739 5218 3827 5307 ant-

651 5301 796 5377 inata
819 5330 874 5378 et
912 5321 1231 5376 inanimata.
1268 5318 1341 5374 De
1370 5317 1629 5372 animatis
1660 5317 1869 5372 dicitur
1901 5336 1913 5372 :
1959 5336 1976 5369 ‹
2007 5316 2179 5370 llomo
2204 5330 2270 5371 ex
2305 5316 2458 5371 vobis
2486 5314 2532 5368 si
2569 5313 2855 5368 obtulerit.
2883 5332 2901 5364 ι
2942 5313 3012 5366 At
3042 5312 3111 5367 de
3142 5310 3462 5365 inanimatis
3489 5306 3566 5362 sic
3616 5301 3779 5367 legitur
3805 5305 3814 5340 :

659 5430 678 5462 ι
704 5410 760 5463 Si
793 5410 973 5465 anima
1006 5408 1290 5471 obtulerit,
1318 5426 1336 5459 ι
1373 5417 1508 5467 etc..
1545 5404 1702 5475 quasi
1766 5404 1995 5459 allectus
2022 5405 2077 5457 in
2116 5402 2363 5466 homine,
2417 5402 2511 5471 qui
2568 5416 2677 5455 non
2711 5401 3026 5455 subdantur
3062 5399 3293 5459 rationi,
3334 5398 3389 5450 in
3420 5396 3505 5448 illo
3563 5383 3823 5475 holocaus‘w

653 5507 1052 5556 consumantur
1085 5516 1099 5553 :
1128 5494 1395 5568 quidquid
1427 5472 1873 5551 vero—inanimali
1897 5502 1951 5547 et
1981 5490 2185 5546 mortui
2218 5491 2271 5545 in
2300 5491 2459 5546 nobis
2492 5489 2849 5559 superfuerit,
2880 5490 2948 5543 ab
2968 5488 3148 5542 anima
3181 5486 3372 5540 divino
3401 5485 3521 5553 igne
3549 5472 3815 5568 inﬂammata

658 5588 944 5654 exuratur,
976 5593 1036 5641 ut
1070 5558 1297 5657 puritas-
1332 5584 1537 5639 animo:
1568 5590 1624 5638 et
1663 5581 1896 5636 rationis
1947 5585 2329 5635 conservetur.
2359 5577 2435 5632 Ex
2470 5578 2575 5641 his,
2610 5591 2733 5648 quae
2762 5575 2921 5632 nobis
2945 5576 3136 5631 insunt
3172 5570 3483 5629 communia
3519 5577 3633 5620 cum
3664 5558 3817 5611 brutis,

727 5748 771 5778 "
810 5744 847 5797 P
881 5744 952 5799 al.
977 5755 1133 5804 CXIII,
1164 5742 1251 5798 l8.
1331 5739 1554 5793 “ltom.
1600 5754 1699 5798 vn,
1736 5736 1821 5789 Μ.
1921 5736 1968 5767 ’³
2018 5733 2152 5789 ibid.
2198 5731 2291 5804 12.
2400 5732 2504 5787 “ll
2529 5732 2653 5790 Cor.
2694 5748 2776 5800 ut,
2814 5733 2867 5789 6.
2944 5732 2988 5766 ’⁸
3017 5729 3186 5787 llcbr.
3223 5744 3346 5796 vnn,
3375 5726 3427 5782 5.
3498 5721 3539 5754 "
3568 5712 3726 5774 Matth.
3749 5717 3816 5764 τιιν

660 5817 713 5885 7,
742 5816 789 5868 ἓξ.
869 5815 912 5845 θ’
941 5802 1206 5880 Levius,
1248 5812 1298 5865 ί.
1375 5811 1419 5843 ⁸⁸
1442 5808 1609 5864 Num.
1650 5824 1729 5875 ιιι,
1763 5807 1815 5861 4.
1892 5807 1937 5839 ’θ
1961 5804 2135 5861 chit.
2169 5819 2231 5872 ll,
2273 5802 2324 5859 1.
