  <div class='ocr_page' id='page_1' title='image "/cluster/home/n/w/nwhite01/storage/ocr_20150623/87:1/hvd.32044020319117/354.png"; bbox 0 0 3864 6500; ppageno 0'>
   <div class='ocr_carea' id='block_1_1' title="bbox 66 362 3263 439">
    <p class='ocr_par' dir='ltr' id='par_1_1' title="bbox 66 362 3263 439">
     <span class='ocr_line' id='line_1_1' title="bbox 66 362 3263 439; baseline 0.004 -16"><span class='ocrx_word' id='word_1_1' title='bbox 66 362 149 425; x_wconf 69' lang='lat'><strong>633</strong></span> <span class='ocrx_word' id='word_1_2' title='bbox 1110 367 1649 432; x_wconf 81' lang='lat' dir='ltr'><strong>COMMENTARII</strong></span> <span class='ocrx_word' id='word_1_3' title='bbox 1696 370 1778 432; x_wconf 91' lang='lat' dir='ltr'><strong>IN</strong></span> <span class='ocrx_word' id='word_1_4' title='bbox 1812 370 2251 434; x_wconf 86' lang='lat' dir='ltr'><strong>LEVITICUM.</strong></span> <span class='ocrx_word' id='word_1_5' title='bbox 3158 372 3263 439; x_wconf 66' lang='lat'><strong>604</strong></span> 
     </span>
    </p>
   </div>
   <div class='ocr_carea' id='block_1_2' title="bbox 64 477 3266 563">
    <p class='ocr_par' dir='ltr' id='par_1_2' title="bbox 64 477 3266 563">
     <span class='ocr_line' id='line_1_2' title="bbox 64 477 3266 563; baseline 0.006 -33"><span class='ocrx_word' id='word_1_6' title='bbox 64 479 267 547; x_wconf 62' lang='lat' dir='ltr'><strong>quaedam</strong></span> <span class='ocrx_word' id='word_1_7' title='bbox 297 485 425 534; x_wconf 87' lang='lat' dir='ltr'><strong>sunt</strong></span> <span class='ocrx_word' id='word_1_8' title='bbox 462 477 689 545; x_wconf 88' lang='lat' dir='ltr'><strong>munda,</strong></span> <span class='ocrx_word' id='word_1_9' title='bbox 717 480 966 552; x_wconf 66' lang='lat' dir='ltr'><strong>quaedam</strong></span> <span class='ocrx_word' id='word_1_10' title='bbox 993 482 1277 542; x_wconf 88' lang='lat' dir='ltr'><strong>immunda</strong></span> <span class='ocrx_word' id='word_1_11' title='bbox 1311 493 1632 543; x_wconf 77' lang='lat' dir='ltr'><strong>censentur.</strong></span> <span class='ocrx_word' id='word_1_12' title='bbox 1666 486 1723 541; x_wconf 91' lang='lat' dir='ltr'><strong>Si</strong></span> <span class='ocrx_word' id='word_1_13' title='bbox 1768 486 2025 543; x_wconf 82' lang='lat' dir='ltr'><strong>conferas</strong></span> <span class='ocrx_word' id='word_1_14' title='bbox 2055 503 2180 544; x_wconf 90' lang='lat' dir='ltr'><strong>cum</strong></span> <span class='ocrx_word' id='word_1_15' title='bbox 2214 488 2597 557; x_wconf 72' lang='lat' dir='ltr'><strong>terrestribus,</strong></span> <span class='ocrx_word' id='word_1_16' title='bbox 2641 489 2987 556; x_wconf 77' lang='lat' dir='ltr'><strong>volatilibus,</strong></span> <span class='ocrx_word' id='word_1_17' title='bbox 3021 500 3266 563; x_wconf 83' lang='lat' dir='ltr'><strong>etaqna-</strong></span> 
     </span>
    </p>
   </div>
   <div class='ocr_carea' id='block_1_3' title="bbox 64 566 3266 652">
    <p class='ocr_par' dir='ltr' id='par_1_3' title="bbox 64 566 3266 652">
     <span class='ocr_line' id='line_1_3' title="bbox 64 566 3266 652; baseline 0.006 -34"><span class='ocrx_word' id='word_1_18' title='bbox 64 567 213 619; x_wconf 85' lang='lat' dir='ltr'><strong>litibus</strong></span> <span class='ocrx_word' id='word_1_19' title='bbox 243 566 604 652; x_wconf 84' lang='lat' dir='ltr'><strong>animantibus</strong></span> <span class='ocrx_word' id='word_1_20' title='bbox 638 585 652 623; x_wconf 90' lang='lat'><strong>:</strong></span> <span class='ocrx_word' id='word_1_21' title='bbox 692 570 925 627; x_wconf 82' lang='lat' dir='ltr'><strong>rationis</strong></span> <span class='ocrx_word' id='word_1_22' title='bbox 952 582 1217 642; x_wconf 79' lang='lat' dir='ltr'><strong>expertes</strong></span> <span class='ocrx_word' id='word_1_23' title='bbox 1252 582 1384 630; x_wconf 89' lang='lat' dir='ltr'><strong>sunt</strong></span> <span class='ocrx_word' id='word_1_24' title='bbox 1416 575 1472 629; x_wconf 90' lang='lat' dir='ltr'><strong>in</strong></span> <span class='ocrx_word' id='word_1_25' title='bbox 1514 574 1676 631; x_wconf 88' lang='lat' dir='ltr'><strong>nobis</strong></span> <span class='ocrx_word' id='word_1_26' title='bbox 1709 575 1981 638; x_wconf 76' lang='lat' dir='ltr'><strong>affectus;</strong></span> <span class='ocrx_word' id='word_1_27' title='bbox 2017 578 2112 648; x_wconf 88' lang='lat' dir='ltr'><strong>qui</strong></span> <span class='ocrx_word' id='word_1_28' title='bbox 2142 577 2522 649; x_wconf 83' lang='lat' dir='ltr'><strong>subjiciuntur</strong></span> <span class='ocrx_word' id='word_1_29' title='bbox 2553 588 2763 635; x_wconf 71' lang='lat' dir='ltr'><strong>naturae</strong></span> <span class='ocrx_word' id='word_1_30' title='bbox 2790 580 3006 652; x_wconf 78' lang='lat' dir='ltr'><strong>legibus</strong></span> <span class='ocrx_word' id='word_1_31' title='bbox 3053 580 3266 637; x_wconf 86' lang='lat' dir='ltr'><strong>baben-</strong></span> 
     </span>
    </p>
   </div>
   <div class='ocr_carea' id='block_1_4' title="bbox 59 650 3267 738">
    <p class='ocr_par' dir='ltr' id='par_1_4' title="bbox 59 650 3267 738">
     <span class='ocr_line' id='line_1_4' title="bbox 59 650 3267 738; baseline 0.007 -33"><span class='ocrx_word' id='word_1_32' title='bbox 59 662 126 707; x_wconf 92' lang='lat' dir='ltr'><strong>tur</strong></span> <span class='ocrx_word' id='word_1_33' title='bbox 157 650 349 716; x_wconf 86' lang='lat' dir='ltr'><strong>mundi.</strong></span> <span class='ocrx_word' id='word_1_34' title='bbox 390 654 585 725; x_wconf 86' lang='lat' dir='ltr'><strong>reliqui</strong></span> <span class='ocrx_word' id='word_1_35' title='bbox 616 657 683 709; x_wconf 87' lang='lat' dir='ltr'><strong>ad</strong></span> <span class='ocrx_word' id='word_1_36' title='bbox 713 658 1127 715; x_wconf 90' lang='lat' dir='ltr'><strong>immundarum</strong></span> <span class='ocrx_word' id='word_1_37' title='bbox 1183 662 1420 717; x_wconf 89' lang='lat' dir='ltr'><strong>classem</strong></span> <span class='ocrx_word' id='word_1_38' title='bbox 1464 664 1828 718; x_wconf 90' lang='lat' dir='ltr'><strong>remittuntur</strong></span> <span class='ocrx_word' id='word_1_39' title='bbox 1849 665 1996 735; x_wconf 90' lang='lat' dir='ltr'><strong>quod</strong></span> <span class='ocrx_word' id='word_1_40' title='bbox 2032 674 2247 722; x_wconf 72' lang='lat' dir='ltr'><strong>natura:</strong></span> <span class='ocrx_word' id='word_1_41' title='bbox 2286 667 2499 738; x_wconf 78' lang='lat' dir='ltr'><strong>legibus</strong></span> <span class='ocrx_word' id='word_1_42' title='bbox 2554 650 2921 723; x_wconf 84' lang='lat' dir='ltr'><strong>reluctentur.</strong></span> <span class='ocrx_word' id='word_1_43' title='bbox 2974 669 3267 726; x_wconf 77' lang='lat' dir='ltr'><strong>Naturales</strong></span> 
     </span>
    </p>
   </div>
   <div class='ocr_carea' id='block_1_5' title="bbox 57 741 3264 828">
    <p class='ocr_par' dir='ltr' id='par_1_5' title="bbox 57 741 3264 828">
     <span class='ocr_line' id='line_1_5' title="bbox 57 741 3264 828; baseline 0.007 -37"><span class='ocrx_word' id='word_1_44' title='bbox 57 741 325 794; x_wconf 76' lang='lat' dir='ltr'><strong>affectiones</strong></span> <span class='ocrx_word' id='word_1_45' title='bbox 354 750 487 797; x_wconf 90' lang='lat' dir='ltr'><strong>sunt</strong></span> <span class='ocrx_word' id='word_1_46' title='bbox 515 744 625 798; x_wconf 85' lang='lat' dir='ltr'><strong>cibi</strong></span> <span class='ocrx_word' id='word_1_47' title='bbox 660 752 937 817; x_wconf 85' lang='lat' dir='ltr'><strong>potusque</strong></span> <span class='ocrx_word' id='word_1_48' title='bbox 965 748 1167 819; x_wconf 88' lang='lat' dir='ltr'><strong>cupido</strong></span> <span class='ocrx_word' id='word_1_49' title='bbox 1214 749 1356 805; x_wconf 90' lang='lat' dir='ltr'><strong>citra</strong></span> <span class='ocrx_word' id='word_1_50' title='bbox 1389 766 1514 820; x_wconf 82' lang='lat' dir='ltr'><strong>quae</strong></span> <span class='ocrx_word' id='word_1_51' title='bbox 1559 751 1862 806; x_wconf 90' lang='lat' dir='ltr'><strong>humanum</strong></span> <span class='ocrx_word' id='word_1_52' title='bbox 1889 768 2093 824; x_wconf 89' lang='lat' dir='ltr'><strong>corpus</strong></span> <span class='ocrx_word' id='word_1_53' title='bbox 2144 770 2255 809; x_wconf 92' lang='lat' dir='ltr'><strong>non</strong></span> <span class='ocrx_word' id='word_1_54' title='bbox 2284 755 2477 809; x_wconf 87' lang='lat' dir='ltr'><strong>alitur.</strong></span> <span class='ocrx_word' id='word_1_55' title='bbox 2498 754 2615 810; x_wconf 88' lang='lat' dir='ltr'><strong>Huc</strong></span> <span class='ocrx_word' id='word_1_56' title='bbox 2642 756 2857 811; x_wconf 88' lang='lat' dir='ltr'><strong>accedit</strong></span> <span class='ocrx_word' id='word_1_57' title='bbox 2889 753 3101 820; x_wconf 84' lang='lat' dir='ltr'><strong>Venus,</strong></span> <span class='ocrx_word' id='word_1_58' title='bbox 3139 774 3264 828; x_wconf 83' lang='lat' dir='ltr'><strong>quae</strong></span> 
     </span>
    </p>
   </div>
   <div class='ocr_carea' id='block_1_6' title="bbox 54 828 3265 911">
    <p class='ocr_par' dir='ltr' id='par_1_6' title="bbox 54 828 3265 911">
     <span class='ocr_line' id='line_1_6' title="bbox 54 828 3265 911; baseline 0.005 -30"><span class='ocrx_word' id='word_1_59' title='bbox 54 828 304 881; x_wconf 85' lang='lat' dir='ltr'><strong>liberorum</strong></span> <span class='ocrx_word' id='word_1_60' title='bbox 327 829 594 884; x_wconf 88' lang='lat' dir='ltr'><strong>creationi</strong></span> <span class='ocrx_word' id='word_1_61' title='bbox 621 830 807 887; x_wconf 88' lang='lat' dir='ltr'><strong>dedita</strong></span> <span class='ocrx_word' id='word_1_62' title='bbox 836 843 942 890; x_wconf 86' lang='lat' dir='ltr'><strong>est.</strong></span> <span class='ocrx_word' id='word_1_63' title='bbox 974 835 1043 889; x_wconf 79' lang='lat' dir='ltr'><strong>At</strong></span> <span class='ocrx_word' id='word_1_64' title='bbox 1064 836 1508 907; x_wconf 84' lang='lat' dir='ltr'><strong>intemperantia.</strong></span> <span class='ocrx_word' id='word_1_65' title='bbox 1528 838 2190 911; x_wconf 67' lang='lat' dir='ltr'><strong>etinvidiafavaritiaque,</strong></span> <span class='ocrx_word' id='word_1_66' title='bbox 2210 849 2516 911; x_wconf 89' lang='lat' dir='ltr'><strong>etquorum</strong></span> <span class='ocrx_word' id='word_1_67' title='bbox 2545 842 2803 897; x_wconf 91' lang='lat' dir='ltr'><strong>vitiorum</strong></span> <span class='ocrx_word' id='word_1_68' title='bbox 2828 843 3020 899; x_wconf 86' lang='lat' dir='ltr'><strong>relatio</strong></span> <span class='ocrx_word' id='word_1_69' title='bbox 3041 843 3265 901; x_wconf 84' lang='lat' dir='ltr'><strong>infamis</strong></span> 
     </span>
    </p>
   </div>
   <div class='ocr_carea' id='block_1_7' title="bbox 58 914 3267 1002">
    <p class='ocr_par' dir='ltr' id='par_1_7' title="bbox 58 914 3267 1002">
     <span class='ocr_line' id='line_1_7' title="bbox 58 914 3267 1002; baseline 0.006 -33"><span class='ocrx_word' id='word_1_70' title='bbox 58 926 99 969; x_wconf 84' lang='lat' dir='ltr'><strong>et</strong></span> <span class='ocrx_word' id='word_1_71' title='bbox 134 914 260 969; x_wconf 66' lang='lat' dir='ltr'><strong>fit-da</strong></span> <span class='ocrx_word' id='word_1_72' title='bbox 292 915 528 972; x_wconf 88' lang='lat' dir='ltr'><strong>habetur</strong></span> <span class='ocrx_word' id='word_1_73' title='bbox 563 935 578 972; x_wconf 89' lang='lat'><strong>:</strong></span> <span class='ocrx_word' id='word_1_74' title='bbox 608 919 728 986; x_wconf 89' lang='lat' dir='ltr'><strong>illa,</strong></span> <span class='ocrx_word' id='word_1_75' title='bbox 748 920 994 991; x_wconf 88' lang='lat' dir='ltr'><strong>inquam,</strong></span> <span class='ocrx_word' id='word_1_76' title='bbox 1024 931 1217 993; x_wconf 89' lang='lat' dir='ltr'><strong>putato</strong></span> <span class='ocrx_word' id='word_1_77' title='bbox 1239 940 1362 981; x_wconf 91' lang='lat' dir='ltr'><strong>esse</strong></span> <span class='ocrx_word' id='word_1_78' title='bbox 1387 924 1732 991; x_wconf 83' lang='lat' dir='ltr'><strong>all‘ectiones,</strong></span> <span class='ocrx_word' id='word_1_79' title='bbox 1762 942 1886 998; x_wconf 67' lang='lat' dir='ltr'><strong>qua:</strong></span> <span class='ocrx_word' id='word_1_80' title='bbox 1917 936 2193 992; x_wconf 87' lang='lat' dir='ltr'><strong>naturam,</strong></span> <span class='ocrx_word' id='word_1_81' title='bbox 2229 936 2290 984; x_wconf 92' lang='lat' dir='ltr'><strong>ut</strong></span> <span class='ocrx_word' id='word_1_82' title='bbox 2315 930 2401 984; x_wconf 92' lang='lat' dir='ltr'><strong>cui</strong></span> <span class='ocrx_word' id='word_1_83' title='bbox 2429 945 2741 1001; x_wconf 89' lang='lat' dir='ltr'><strong>repugnare</strong></span> <span class='ocrx_word' id='word_1_84' title='bbox 2767 930 2972 998; x_wconf 84' lang='lat' dir='ltr'><strong>solent,</strong></span> <span class='ocrx_word' id='word_1_85' title='bbox 3024 932 3267 1002; x_wconf 86' lang='lat' dir='ltr'><strong>turpiter</strong></span> 
     </span>
    </p>
   </div>
   <div class='ocr_carea' id='block_1_8' title="bbox 54 1002 3263 1088">
    <p class='ocr_par' dir='ltr' id='par_1_8' title="bbox 54 1002 3263 1088">
     <span class='ocr_line' id='line_1_8' title="bbox 54 1002 3263 1088; baseline 0.006 -33"><span class='ocrx_word' id='word_1_86' title='bbox 54 1002 356 1058; x_wconf 81' lang='lat' dir='ltr'><strong>dedecorant.</strong></span> <span class='ocrx_word' id='word_1_87' title='bbox 388 1003 661 1061; x_wconf 67' lang='lat' dir='ltr'><strong>Caeterum</strong></span> <span class='ocrx_word' id='word_1_88' title='bbox 690 1023 873 1078; x_wconf 77' lang='lat' dir='ltr'><strong>opera:</strong></span> <span class='ocrx_word' id='word_1_89' title='bbox 904 1011 1145 1080; x_wconf 88' lang='lat' dir='ltr'><strong>pretium</strong></span> <span class='ocrx_word' id='word_1_90' title='bbox 1187 1020 1277 1067; x_wconf 88' lang='lat' dir='ltr'><strong>est</strong></span> <span class='ocrx_word' id='word_1_91' title='bbox 1308 1013 1603 1083; x_wconf 75' lang='lat' dir='ltr'><strong>exquirere</strong></span> <span class='ocrx_word' id='word_1_92' title='bbox 1632 1030 1906 1083; x_wconf 67' lang='lat' dir='ltr'><strong>quaenam,</strong></span> <span class='ocrx_word' id='word_1_93' title='bbox 1954 1017 2001 1071; x_wconf 91' lang='lat' dir='ltr'><strong>si</strong></span> <span class='ocrx_word' id='word_1_94' title='bbox 2041 1017 2305 1085; x_wconf 83' lang='lat' dir='ltr'><strong>respicias</strong></span> <span class='ocrx_word' id='word_1_95' title='bbox 2356 1025 2623 1088; x_wconf 89' lang='lat' dir='ltr'><strong>utrasque</strong></span> <span class='ocrx_word' id='word_1_96' title='bbox 2649 1017 2993 1085; x_wconf 72' lang='lat' dir='ltr'><strong>affectiones,</strong></span> <span class='ocrx_word' id='word_1_97' title='bbox 3038 1021 3263 1088; x_wconf 89' lang='lat' dir='ltr'><strong>sapiant.</strong></span> 
     </span>
    </p>
   </div>
   <div class='ocr_carea' id='block_1_9' title="bbox 55 1090 3262 1174">
    <p class='ocr_par' dir='ltr' id='par_1_9' title="bbox 55 1090 3262 1174">
     <span class='ocr_line' id='line_1_9' title="bbox 55 1090 3262 1174; baseline 0.006 -32"><span class='ocrx_word' id='word_1_98' title='bbox 55 1098 231 1143; x_wconf 86' lang='lat' dir='ltr'><strong>terrena</strong></span> <span class='ocrx_word' id='word_1_99' title='bbox 250 1090 327 1144; x_wconf 89' lang='lat' dir='ltr'><strong>vel</strong></span> <span class='ocrx_word' id='word_1_100' title='bbox 348 1093 613 1161; x_wconf 83' lang='lat' dir='ltr'><strong>aquatilia</strong></span> <span class='ocrx_word' id='word_1_101' title='bbox 633 1097 1004 1151; x_wconf 86' lang='lat' dir='ltr'><strong>autvolatilia.</strong></span> <span class='ocrx_word' id='word_1_102' title='bbox 1037 1097 1288 1163; x_wconf 76' lang='lat' dir='ltr'><strong>Quatuor</strong></span> <span class='ocrx_word' id='word_1_103' title='bbox 1299 1110 1429 1156; x_wconf 92' lang='lat' dir='ltr'><strong>sunt</strong></span> <span class='ocrx_word' id='word_1_104' title='bbox 1444 1101 1715 1157; x_wconf 90' lang='lat' dir='ltr'><strong>elementa</strong></span> <span class='ocrx_word' id='word_1_105' title='bbox 1732 1117 1797 1156; x_wconf 78' lang='lat' dir='ltr'><strong>ex</strong></span> <span class='ocrx_word' id='word_1_106' title='bbox 1819 1102 2019 1171; x_wconf 89' lang='lat' dir='ltr'><strong>quibus</strong></span> <span class='ocrx_word' id='word_1_107' title='bbox 2036 1105 2377 1173; x_wconf 90' lang='lat' dir='ltr'><strong>compositus</strong></span> <span class='ocrx_word' id='word_1_108' title='bbox 2394 1112 2448 1159; x_wconf 94' lang='lat' dir='ltr'><strong>et</strong></span> <span class='ocrx_word' id='word_1_109' title='bbox 2477 1114 2796 1174; x_wconf 90' lang='lat' dir='ltr'><strong>compactus</strong></span> <span class='ocrx_word' id='word_1_110' title='bbox 2814 1113 2899 1159; x_wconf 89' lang='lat' dir='ltr'><strong>est</strong></span> <span class='ocrx_word' id='word_1_111' title='bbox 2917 1106 3103 1161; x_wconf 87' lang='lat' dir='ltr'><strong>homo.</strong></span> <span class='ocrx_word' id='word_1_112' title='bbox 3132 1106 3262 1161; x_wconf 83' lang='lat' dir='ltr'><strong>Tria</strong></span> 
     </span>
    </p>
   </div>
   <div class='ocr_carea' id='block_1_10' title="bbox 56 1176 3251 1263">
    <p class='ocr_par' dir='ltr' id='par_1_10' title="bbox 56 1176 3251 1263">
     <span class='ocr_line' id='line_1_10' title="bbox 56 1176 3251 1263; baseline 0.007 -36"><span class='ocrx_word' id='word_1_113' title='bbox 56 1176 408 1244; x_wconf 89' lang='lat' dir='ltr'><strong>quodammodo</strong></span> <span class='ocrx_word' id='word_1_114' title='bbox 470 1182 748 1235; x_wconf 85' lang='lat' dir='ltr'><strong>crassiora</strong></span> <span class='ocrx_word' id='word_1_115' title='bbox 778 1192 831 1237; x_wconf 91' lang='lat' dir='ltr'><strong>et</strong></span> <span class='ocrx_word' id='word_1_116' title='bbox 860 1183 1127 1252; x_wconf 84' lang='lat' dir='ltr'><strong>spissiora</strong></span> <span class='ocrx_word' id='word_1_117' title='bbox 1183 1194 1333 1251; x_wconf 89' lang='lat' dir='ltr'><strong>sunt,</strong></span> <span class='ocrx_word' id='word_1_118' title='bbox 1364 1186 1512 1242; x_wconf 90' lang='lat' dir='ltr'><strong>circa</strong></span> <span class='ocrx_word' id='word_1_119' title='bbox 1538 1204 1660 1257; x_wconf 66' lang='lat' dir='ltr'><strong>qua:</strong></span> <span class='ocrx_word' id='word_1_120' title='bbox 1682 1191 1767 1243; x_wconf 89' lang='lat' dir='ltr'><strong>vel</strong></span> <span class='ocrx_word' id='word_1_121' title='bbox 1798 1191 2066 1260; x_wconf 87' lang='lat' dir='ltr'><strong>imprimis</strong></span> <span class='ocrx_word' id='word_1_122' title='bbox 2091 1203 2381 1246; x_wconf 82' lang='lat' dir='ltr'><strong>morantur</strong></span> <span class='ocrx_word' id='word_1_123' title='bbox 2408 1192 2568 1247; x_wconf 85' lang='lat' dir='ltr'><strong>vitia.</strong></span> <span class='ocrx_word' id='word_1_124' title='bbox 2602 1193 2670 1245; x_wconf 84' lang='lat' dir='ltr'><strong>At</strong></span> <span class='ocrx_word' id='word_1_125' title='bbox 2700 1203 2957 1263; x_wconf 90' lang='lat' dir='ltr'><strong>quartum</strong></span> <span class='ocrx_word' id='word_1_126' title='bbox 3004 1193 3251 1250; x_wconf 84' lang='lat' dir='ltr'><strong>divinius</strong></span> 
     </span>
    </p>
   </div>
   <div class='ocr_carea' id='block_1_11' title="bbox 56 1263 3259 1351">
    <p class='ocr_par' dir='ltr' id='par_1_11' title="bbox 56 1263 3259 1351">
     <span class='ocr_line' id='line_1_11' title="bbox 56 1263 3259 1351; baseline 0.005 -32"><span class='ocrx_word' id='word_1_127' title='bbox 56 1276 137 1326; x_wconf 82' lang='lat' dir='ltr'><strong>est,</strong></span> <span class='ocrx_word' id='word_1_128' title='bbox 160 1263 202 1317; x_wconf 90' lang='lat' dir='ltr'><strong>in</strong></span> <span class='ocrx_word' id='word_1_129' title='bbox 228 1280 329 1334; x_wconf 90' lang='lat' dir='ltr'><strong>quo</strong></span> <span class='ocrx_word' id='word_1_130' title='bbox 368 1276 664 1323; x_wconf 82' lang='lat' dir='ltr'><strong>versantur</strong></span> <span class='ocrx_word' id='word_1_131' title='bbox 695 1271 1106 1338; x_wconf 77' lang='lat' dir='ltr'><strong>excellentiora,</strong></span> <span class='ocrx_word' id='word_1_132' title='bbox 1133 1282 1319 1341; x_wconf 87' lang='lat' dir='ltr'><strong>utpote</strong></span> <span class='ocrx_word' id='word_1_133' title='bbox 1334 1273 1508 1331; x_wconf 89' lang='lat' dir='ltr'><strong>virtus</strong></span> <span class='ocrx_word' id='word_1_134' title='bbox 1523 1277 1855 1346; x_wconf 81' lang='lat' dir='ltr'><strong>etquidquid</strong></span> <span class='ocrx_word' id='word_1_135' title='bbox 1878 1278 2066 1332; x_wconf 88' lang='lat' dir='ltr'><strong>virtuti</strong></span> <span class='ocrx_word' id='word_1_136' title='bbox 2098 1277 2262 1333; x_wconf 83' lang='lat' dir='ltr'><strong>fuerit</strong></span> <span class='ocrx_word' id='word_1_137' title='bbox 2297 1280 2534 1334; x_wconf 85' lang='lat' dir='ltr'><strong>confine.</strong></span> <span class='ocrx_word' id='word_1_138' title='bbox 2567 1278 2913 1350; x_wconf 86' lang='lat' dir='ltr'><strong>Quapropter</strong></span> <span class='ocrx_word' id='word_1_139' title='bbox 2936 1280 3259 1351; x_wconf 89' lang='lat' dir='ltr'><strong>diligentius</strong></span> 
     </span>
    </p>
   </div>
   <div class='ocr_carea' id='block_1_12' title="bbox 58 1353 3259 1437">
    <p class='ocr_par' dir='ltr' id='par_1_12' title="bbox 58 1353 3259 1437">
     <span class='ocr_line' id='line_1_12' title="bbox 58 1353 3259 1437; baseline 0.007 -37"><span class='ocrx_word' id='word_1_140' title='bbox 58 1353 229 1406; x_wconf 83' lang='lat' dir='ltr'><strong>videtur</strong></span> <span class='ocrx_word' id='word_1_141' title='bbox 273 1355 691 1419; x_wconf 79' lang='lat' dir='ltr'><strong>excutiendum,</strong></span> <span class='ocrx_word' id='word_1_142' title='bbox 743 1358 874 1426; x_wconf 89' lang='lat' dir='ltr'><strong>quid</strong></span> <span class='ocrx_word' id='word_1_143' title='bbox 899 1358 955 1412; x_wconf 92' lang='lat' dir='ltr'><strong>in</strong></span> <span class='ocrx_word' id='word_1_144' title='bbox 990 1359 1151 1414; x_wconf 87' lang='lat' dir='ltr'><strong>nobis</strong></span> <span class='ocrx_word' id='word_1_145' title='bbox 1190 1360 1357 1416; x_wconf 88' lang='lat' dir='ltr'><strong>fuerit</strong></span> <span class='ocrx_word' id='word_1_146' title='bbox 1388 1368 1535 1417; x_wconf 87' lang='lat' dir='ltr'><strong>terra</strong></span> <span class='ocrx_word' id='word_1_147' title='bbox 1574 1364 1774 1433; x_wconf 84' lang='lat' dir='ltr'><strong>quidve</strong></span> <span class='ocrx_word' id='word_1_148' title='bbox 1805 1373 2109 1422; x_wconf 85' lang='lat' dir='ltr'><strong>terrenum.</strong></span> <span class='ocrx_word' id='word_1_149' title='bbox 2141 1365 2321 1421; x_wconf 89' lang='lat' dir='ltr'><strong>Simili</strong></span> <span class='ocrx_word' id='word_1_150' title='bbox 2375 1368 2592 1422; x_wconf 87' lang='lat' dir='ltr'><strong>ratione</strong></span> <span class='ocrx_word' id='word_1_151' title='bbox 2612 1378 2666 1422; x_wconf 91' lang='lat' dir='ltr'><strong>et</strong></span> <span class='ocrx_word' id='word_1_152' title='bbox 2691 1376 2893 1421; x_wconf 76' lang='lat' dir='ltr'><strong>caetera</strong></span> <span class='ocrx_word' id='word_1_153' title='bbox 2947 1368 3259 1437; x_wconf 76' lang='lat' dir='ltr'><strong>indaganda</strong></span> 
     </span>
    </p>
   </div>
   <div class='ocr_carea' id='block_1_13' title="bbox 58 1442 3245 1515">
    <p class='ocr_par' dir='ltr' id='par_1_13' title="bbox 58 1442 3245 1515">
     <span class='ocr_line' id='line_1_13' title="bbox 58 1442 3245 1515; baseline 0.005 -24"><span class='ocrx_word' id='word_1_154' title='bbox 58 1447 171 1501; x_wconf 89' lang='lat' dir='ltr'><strong>sunt,</strong></span> <span class='ocrx_word' id='word_1_155' title='bbox 203 1450 417 1510; x_wconf 82' lang='lat' dir='ltr'><strong>excepto</strong></span> <span class='ocrx_word' id='word_1_156' title='bbox 452 1442 614 1511; x_wconf 86' lang='lat' dir='ltr'><strong>igneo</strong></span> <span class='ocrx_word' id='word_1_157' title='bbox 644 1443 938 1507; x_wconf 87' lang='lat' dir='ltr'><strong>elemento,</strong></span> <span class='ocrx_word' id='word_1_158' title='bbox 963 1446 1107 1515; x_wconf 87' lang='lat' dir='ltr'><strong>quod</strong></span> <span class='ocrx_word' id='word_1_159' title='bbox 1143 1463 1250 1502; x_wconf 92' lang='lat' dir='ltr'><strong>nou</strong></span> <span class='ocrx_word' id='word_1_160' title='bbox 1280 1448 1575 1503; x_wconf 86' lang='lat' dir='ltr'><strong>admodum</strong></span> <span class='ocrx_word' id='word_1_161' title='bbox 1608 1451 1958 1507; x_wconf 79' lang='lat' dir='ltr'><strong>immunditie</strong></span> <span class='ocrx_word' id='word_1_162' title='bbox 1995 1453 2257 1507; x_wconf 89' lang='lat' dir='ltr'><strong>infectum</strong></span> <span class='ocrx_word' id='word_1_163' title='bbox 2290 1470 2414 1509; x_wconf 87' lang='lat' dir='ltr'><strong>esse</strong></span> <span class='ocrx_word' id='word_1_164' title='bbox 2445 1454 2782 1509; x_wconf 89' lang='lat' dir='ltr'><strong>credendum</strong></span> <span class='ocrx_word' id='word_1_165' title='bbox 2819 1463 2927 1509; x_wconf 86' lang='lat' dir='ltr'><strong>est.</strong></span> <span class='ocrx_word' id='word_1_166' title='bbox 2972 1454 3245 1509; x_wconf 67' lang='lat' dir='ltr'><strong>Praeterea</strong></span> 
     </span>
    </p>
   </div>
   <div class='ocr_carea' id='block_1_14' title="bbox 58 1528 3249 1611">
    <p class='ocr_par' dir='ltr' id='par_1_14' title="bbox 58 1528 3249 1611">
     <span class='ocr_line' id='line_1_14' title="bbox 58 1528 3249 1611; baseline 0.005 -32"><span class='ocrx_word' id='word_1_167' title='bbox 58 1528 438 1597; x_wconf 75' lang='lat' dir='ltr'><strong>investigandum</strong></span> <span class='ocrx_word' id='word_1_168' title='bbox 472 1540 581 1596; x_wconf 88' lang='lat' dir='ltr'><strong>est,</strong></span> <span class='ocrx_word' id='word_1_169' title='bbox 616 1548 685 1586; x_wconf 89' lang='lat' dir='ltr'><strong>an</strong></span> <span class='ocrx_word' id='word_1_170' title='bbox 712 1538 971 1601; x_wconf 65' lang='lat' dir='ltr'><strong>potcutim</strong></span> <span class='ocrx_word' id='word_1_171' title='bbox 1025 1545 1279 1602; x_wconf 66' lang='lat' dir='ltr'><strong>terrenas,</strong></span> <span class='ocrx_word' id='word_1_172' title='bbox 1315 1553 1545 1608; x_wconf 63' lang='lat' dir='ltr'><strong>quaeque</strong></span> <span class='ocrx_word' id='word_1_173' title='bbox 1592 1548 1795 1593; x_wconf 87' lang='lat' dir='ltr'><strong>terram</strong></span> <span class='ocrx_word' id='word_1_174' title='bbox 1832 1540 2084 1594; x_wconf 92' lang='lat' dir='ltr'><strong>incolunt</strong></span> <span class='ocrx_word' id='word_1_175' title='bbox 2121 1541 2369 1608; x_wconf 88' lang='lat' dir='ltr'><strong>potiores</strong></span> <span class='ocrx_word' id='word_1_176' title='bbox 2403 1540 2564 1611; x_wconf 75' lang='lat'><strong>325</strong></span> <span class='ocrx_word' id='word_1_177' title='bbox 2599 1543 2732 1608; x_wconf 89' lang='lat' dir='ltr'><strong>sint,</strong></span> <span class='ocrx_word' id='word_1_178' title='bbox 2757 1551 3035 1611; x_wconf 84' lang='lat' dir='ltr'><strong>quatenus</strong></span> <span class='ocrx_word' id='word_1_179' title='bbox 3087 1542 3249 1596; x_wconf 86' lang='lat' dir='ltr'><strong>nobis</strong></span> 
     </span>
    </p>
   </div>
   <div class='ocr_carea' id='block_1_15' title="bbox 56 1614 3245 1698">
    <p class='ocr_par' dir='ltr' id='par_1_15' title="bbox 56 1614 3245 1698">
     <span class='ocr_line' id='line_1_15' title="bbox 56 1614 3245 1698; baseline 0.005 -32"><span class='ocrx_word' id='word_1_180' title='bbox 56 1614 390 1670; x_wconf 77' lang='lat' dir='ltr'><strong>ministrantet</strong></span> <span class='ocrx_word' id='word_1_181' title='bbox 419 1617 756 1683; x_wconf 89' lang='lat' dir='ltr'><strong>inserviunt,</strong></span> <span class='ocrx_word' id='word_1_182' title='bbox 788 1622 870 1676; x_wconf 89' lang='lat' dir='ltr'><strong>vel</strong></span> <span class='ocrx_word' id='word_1_183' title='bbox 898 1622 1198 1679; x_wconf 87' lang='lat' dir='ltr'><strong>deterioris</strong></span> <span class='ocrx_word' id='word_1_184' title='bbox 1226 1624 1568 1681; x_wconf 84' lang='lat' dir='ltr'><strong>conditionis</strong></span> <span class='ocrx_word' id='word_1_185' title='bbox 1601 1626 1736 1691; x_wconf 90' lang='lat' dir='ltr'><strong>sint,</strong></span> <span class='ocrx_word' id='word_1_186' title='bbox 1787 1628 1915 1681; x_wconf 84' lang='lat' dir='ltr'><strong>dum</strong></span> <span class='ocrx_word' id='word_1_187' title='bbox 1955 1644 2056 1683; x_wconf 91' lang='lat' dir='ltr'><strong>nos</strong></span> <span class='ocrx_word' id='word_1_188' title='bbox 2094 1627 2343 1698; x_wconf 75' lang='lat' dir='ltr'><strong>afﬂigunt</strong></span> <span class='ocrx_word' id='word_1_189' title='bbox 2368 1637 2422 1685; x_wconf 89' lang='lat' dir='ltr'><strong>et</strong></span> <span class='ocrx_word' id='word_1_190' title='bbox 2449 1630 2673 1694; x_wconf 67' lang='lat' dir='ltr'><strong>laedunt,</strong></span> <span class='ocrx_word' id='word_1_191' title='bbox 2697 1638 2752 1683; x_wconf 89' lang='lat' dir='ltr'><strong>et</strong></span> <span class='ocrx_word' id='word_1_192' title='bbox 2782 1644 2884 1683; x_wconf 89' lang='lat' dir='ltr'><strong>nos</strong></span> <span class='ocrx_word' id='word_1_193' title='bbox 2923 1629 3245 1684; x_wconf 87' lang='lat' dir='ltr'><strong>immundos</strong></span> 
     </span>
    </p>
   </div>
   <div class='ocr_carea' id='block_1_16' title="bbox 58 1702 3261 1787">
    <p class='ocr_par' dir='ltr' id='par_1_16' title="bbox 58 1702 3261 1787">
     <span class='ocr_line' id='line_1_16' title="bbox 58 1702 3261 1787; baseline 0.006 -36"><span class='ocrx_word' id='word_1_194' title='bbox 58 1702 119 1753; x_wconf 82' lang='lat' dir='ltr'><strong>vel</strong></span> <span class='ocrx_word' id='word_1_195' title='bbox 147 1702 354 1757; x_wconf 86' lang='lat' dir='ltr'><strong>umndos</strong></span> <span class='ocrx_word' id='word_1_196' title='bbox 382 1705 675 1760; x_wconf 87' lang='lat' dir='ltr'><strong>declarant</strong></span> <span class='ocrx_word' id='word_1_197' title='bbox 713 1724 810 1778; x_wconf 92' lang='lat' dir='ltr'><strong>pro</strong></span> <span class='ocrx_word' id='word_1_198' title='bbox 841 1712 1069 1766; x_wconf 89' lang='lat' dir='ltr'><strong>materia</strong></span> <span class='ocrx_word' id='word_1_199' title='bbox 1102 1722 1342 1775; x_wconf 85' lang='lat' dir='ltr'><strong>terrena,</strong></span> <span class='ocrx_word' id='word_1_200' title='bbox 1382 1730 1547 1784; x_wconf 88' lang='lat' dir='ltr'><strong>quant</strong></span> <span class='ocrx_word' id='word_1_201' title='bbox 1574 1715 1629 1769; x_wconf 95' lang='lat' dir='ltr'><strong>in</strong></span> <span class='ocrx_word' id='word_1_202' title='bbox 1656 1714 1821 1771; x_wconf 90' lang='lat' dir='ltr'><strong>nobis</strong></span> <span class='ocrx_word' id='word_1_203' title='bbox 1888 1716 2192 1784; x_wconf 88' lang='lat' dir='ltr'><strong>reperiunt.</strong></span> <span class='ocrx_word' id='word_1_204' title='bbox 2247 1714 2517 1772; x_wconf 87' lang='lat' dir='ltr'><strong>Similiter</strong></span> <span class='ocrx_word' id='word_1_205' title='bbox 2545 1725 2599 1771; x_wconf 88' lang='lat' dir='ltr'><strong>et</strong></span> <span class='ocrx_word' id='word_1_206' title='bbox 2634 1718 2685 1771; x_wconf 91' lang='lat' dir='ltr'><strong>in</strong></span> <span class='ocrx_word' id='word_1_207' title='bbox 2714 1716 2945 1786; x_wconf 79' lang='lat' dir='ltr'><strong>reliquis</strong></span> <span class='ocrx_word' id='word_1_208' title='bbox 2990 1717 3261 1787; x_wconf 89' lang='lat' dir='ltr'><strong>agendum</strong></span> 
     </span>
    </p>
   </div>
   <div class='ocr_carea' id='block_1_17' title="bbox 55 1790 3256 1873">
    <p class='ocr_par' dir='ltr' id='par_1_17' title="bbox 55 1790 3256 1873">
     <span class='ocr_line' id='line_1_17' title="bbox 55 1790 3256 1873; baseline 0.005 -32"><span class='ocrx_word' id='word_1_209' title='bbox 55 1798 132 1841; x_wconf 79' lang='lat' dir='ltr'><strong>est.</strong></span> <span class='ocrx_word' id='word_1_210' title='bbox 153 1790 217 1842; x_wconf 78' lang='lat' dir='ltr'><strong>Ad</strong></span> <span class='ocrx_word' id='word_1_211' title='bbox 245 1791 351 1845; x_wconf 69' lang='lat' dir='ltr'><strong>hmo</strong></span> <span class='ocrx_word' id='word_1_212' title='bbox 391 1792 806 1864; x_wconf 87' lang='lat' dir='ltr'><strong>dispiciendum</strong></span> <span class='ocrx_word' id='word_1_213' title='bbox 835 1814 983 1864; x_wconf 86' lang='lat' dir='ltr'><strong>reor,</strong></span> <span class='ocrx_word' id='word_1_214' title='bbox 1015 1816 1085 1854; x_wconf 91' lang='lat' dir='ltr'><strong>an</strong></span> <span class='ocrx_word' id='word_1_215' title='bbox 1115 1802 1373 1870; x_wconf 83' lang='lat' dir='ltr'><strong>potentiae</strong></span> <span class='ocrx_word' id='word_1_216' title='bbox 1402 1802 1565 1857; x_wconf 64' lang='lat' dir='ltr'><strong>aeria!</strong></span> <span class='ocrx_word' id='word_1_217' title='bbox 1596 1803 1712 1858; x_wconf 85' lang='lat' dir='ltr'><strong>sive</strong></span> <span class='ocrx_word' id='word_1_218' title='bbox 1737 1803 1791 1856; x_wconf 91' lang='lat' dir='ltr'><strong>in</strong></span> <span class='ocrx_word' id='word_1_219' title='bbox 1826 1817 1951 1856; x_wconf 88' lang='lat' dir='ltr'><strong>aere.</strong></span> <span class='ocrx_word' id='word_1_220' title='bbox 2001 1802 2284 1873; x_wconf 87' lang='lat' dir='ltr'><strong>degentes,</strong></span> <span class='ocrx_word' id='word_1_221' title='bbox 2330 1803 2794 1872; x_wconf 85' lang='lat' dir='ltr'><strong>quemadmodum</strong></span> <span class='ocrx_word' id='word_1_222' title='bbox 2824 1802 3096 1872; x_wconf 87' lang='lat' dir='ltr'><strong>scriptum</strong></span> <span class='ocrx_word' id='word_1_223' title='bbox 3123 1810 3210 1857; x_wconf 90' lang='lat' dir='ltr'><strong>est</strong></span> <span class='ocrx_word' id='word_1_224' title='bbox 3242 1821 3256 1858; x_wconf 85' lang='grc'>;</span> 
     </span>
    </p>
   </div>
   <div class='ocr_carea' id='block_1_18' title="bbox 62 1879 3256 1960">
    <p class='ocr_par' dir='ltr' id='par_1_18' title="bbox 62 1879 3256 1960">
     <span class='ocr_line' id='line_1_18' title="bbox 62 1879 3256 1960; baseline 0.007 -34"><span class='ocrx_word' id='word_1_225' title='bbox 62 1879 385 1936; x_wconf 72' lang='grc' dir='ltr'>ιΑιιιιιιιΙτιειίε</span> <span class='ocrx_word' id='word_1_226' title='bbox 419 1884 729 1938; x_wconf 91' lang='lat' dir='ltr'><strong>secundum</strong></span> <span class='ocrx_word' id='word_1_227' title='bbox 766 1888 1027 1941; x_wconf 70' lang='lat' dir='ltr'><strong>saeculum</strong></span> <span class='ocrx_word' id='word_1_228' title='bbox 1063 1890 1253 1943; x_wconf 83' lang='lat' dir='ltr'><strong>utundi</strong></span> <span class='ocrx_word' id='word_1_229' title='bbox 1292 1890 1495 1959; x_wconf 82' lang='lat' dir='ltr'><strong>hujus,</strong></span> <span class='ocrx_word' id='word_1_230' title='bbox 1528 1889 1830 1945; x_wconf 77' lang='lat' dir='ltr'><strong>secundum</strong></span> <span class='ocrx_word' id='word_1_231' title='bbox 1869 1889 2173 1958; x_wconf 88' lang='lat' dir='ltr'><strong>principem</strong></span> <span class='ocrx_word' id='word_1_232' title='bbox 2202 1891 2493 1959; x_wconf 85' lang='lat' dir='ltr'><strong>potestatis</strong></span> <span class='ocrx_word' id='word_1_233' title='bbox 2512 1891 2766 1959; x_wconf 76' lang='lat' dir='ltr'><strong>Spiritus,</strong></span> <span class='ocrx_word' id='word_1_234' title='bbox 2800 1890 2897 1960; x_wconf 91' lang='lat' dir='ltr'><strong>qui</strong></span> <span class='ocrx_word' id='word_1_235' title='bbox 2932 1906 3081 1944; x_wconf 90' lang='lat' dir='ltr'><strong>nunc</strong></span> <span class='ocrx_word' id='word_1_236' title='bbox 3108 1891 3256 1948; x_wconf 86' lang='lat' dir='ltr'><strong>vires</strong></span> 
     </span>
    </p>
   </div>
   <div class='ocr_carea' id='block_1_19' title="bbox 57 1968 3253 2046">
    <p class='ocr_par' dir='ltr' id='par_1_19' title="bbox 57 1968 3253 2046">
     <span class='ocr_line' id='line_1_19' title="bbox 57 1968 3253 2046; baseline 0.005 -29"><span class='ocrx_word' id='word_1_237' title='bbox 57 1979 153 2017; x_wconf 86' lang='lat' dir='ltr'><strong>suas</strong></span> <span class='ocrx_word' id='word_1_238' title='bbox 195 1968 356 2021; x_wconf 85' lang='lat' dir='ltr'><strong>exerit</strong></span> <span class='ocrx_word' id='word_1_239' title='bbox 386 1969 441 2022; x_wconf 91' lang='lat' dir='ltr'><strong>in</strong></span> <span class='ocrx_word' id='word_1_240' title='bbox 477 1969 609 2025; x_wconf 86' lang='lat' dir='ltr'><strong>filiis</strong></span> <span class='ocrx_word' id='word_1_241' title='bbox 645 1972 1089 2031; x_wconf 90' lang='lat' dir='ltr'><strong>inobedieutibus</strong></span> <span class='ocrx_word' id='word_1_242' title='bbox 1115 1976 1155 2040; x_wconf 73' lang='grc'><strong>³,</strong></span> <span class='ocrx_word' id='word_1_243' title='bbox 1184 1996 1202 2028; x_wconf 75' lang='grc' dir='ltr'><strong>ι</strong></span> <span class='ocrx_word' id='word_1_244' title='bbox 1238 1986 1347 2032; x_wconf 87' lang='lat' dir='ltr'><strong>etc.</strong></span> <span class='ocrx_word' id='word_1_245' title='bbox 1375 1978 1428 2030; x_wconf 90' lang='lat' dir='ltr'><strong>in</strong></span> <span class='ocrx_word' id='word_1_246' title='bbox 1466 1977 1627 2032; x_wconf 90' lang='lat' dir='ltr'><strong>nobis</strong></span> <span class='ocrx_word' id='word_1_247' title='bbox 1663 1978 1889 2046; x_wconf 77' lang='lat' dir='ltr'><strong>gignant</strong></span> <span class='ocrx_word' id='word_1_248' title='bbox 1912 1976 2067 2044; x_wconf 86' lang='lat' dir='ltr'><strong>quasi</strong></span> <span class='ocrx_word' id='word_1_249' title='bbox 2095 1976 2336 2030; x_wconf 85' lang='lat' dir='ltr'><strong>volatilia</strong></span> <span class='ocrx_word' id='word_1_250' title='bbox 2370 1976 2654 2030; x_wconf 89' lang='lat' dir='ltr'><strong>immunda</strong></span> <span class='ocrx_word' id='word_1_251' title='bbox 2689 1976 2909 2031; x_wconf 88' lang='lat' dir='ltr'><strong>scilicet</strong></span> <span class='ocrx_word' id='word_1_252' title='bbox 2941 1991 3253 2042; x_wconf 85' lang='lat' dir='ltr'><strong>sermones,</strong></span> 
     </span>
    </p>
   </div>
   <div class='ocr_carea' id='block_1_20' title="bbox 57 2052 3254 2134">
    <p class='ocr_par' dir='ltr' id='par_1_20' title="bbox 57 2052 3254 2134">
     <span class='ocr_line' id='line_1_20' title="bbox 57 2052 3254 2134; baseline 0.004 -30"><span class='ocrx_word' id='word_1_253' title='bbox 57 2052 124 2119; x_wconf 90' lang='lat' dir='ltr'><strong>qui</strong></span> <span class='ocrx_word' id='word_1_254' title='bbox 156 2055 367 2109; x_wconf 85' lang='lat' dir='ltr'><strong>animam</strong></span> <span class='ocrx_word' id='word_1_255' title='bbox 391 2058 685 2113; x_wconf 75' lang='lat' dir='ltr'><strong>sultlevant</strong></span> <span class='ocrx_word' id='word_1_256' title='bbox 715 2067 768 2114; x_wconf 90' lang='lat' dir='ltr'><strong>et</strong></span> <span class='ocrx_word' id='word_1_257' title='bbox 794 2075 895 2115; x_wconf 87' lang='lat' dir='ltr'><strong>ceu</strong></span> <span class='ocrx_word' id='word_1_258' title='bbox 922 2062 1023 2117; x_wconf 90' lang='lat' dir='ltr'><strong>alis</strong></span> <span class='ocrx_word' id='word_1_259' title='bbox 1052 2063 1407 2118; x_wconf 89' lang='lat' dir='ltr'><strong>instruuntur</strong></span> <span class='ocrx_word' id='word_1_260' title='bbox 1440 2082 1452 2117; x_wconf 92' lang='lat'>:</span> <span class='ocrx_word' id='word_1_261' title='bbox 1491 2075 1586 2117; x_wconf 89' lang='lat' dir='ltr'><strong>aut</strong></span> <span class='ocrx_word' id='word_1_262' title='bbox 1620 2081 1719 2118; x_wconf 86' lang='lat' dir='ltr'><strong>nos</strong></span> <span class='ocrx_word' id='word_1_263' title='bbox 1748 2072 2052 2133; x_wconf 87' lang='lat' dir='ltr'><strong>occupatos</strong></span> <span class='ocrx_word' id='word_1_264' title='bbox 2080 2071 2272 2118; x_wconf 87' lang='lat' dir='ltr'><strong>tenent</strong></span> <span class='ocrx_word' id='word_1_265' title='bbox 2306 2064 2680 2127; x_wconf 86' lang='lat' dir='ltr'><strong>sermonibus,</strong></span> <span class='ocrx_word' id='word_1_266' title='bbox 2722 2064 2817 2134; x_wconf 90' lang='lat' dir='ltr'><strong>qui</strong></span> <span class='ocrx_word' id='word_1_267' title='bbox 2879 2064 3254 2119; x_wconf 90' lang='lat' dir='ltr'><strong>instituurtur</strong></span> 
     </span>
    </p>
   </div>
   <div class='ocr_carea' id='block_1_21' title="bbox 58 2136 3257 2220">
    <p class='ocr_par' dir='ltr' id='par_1_21' title="bbox 58 2136 3257 2220">
     <span class='ocr_line' id='line_1_21' title="bbox 58 2136 3257 2220; baseline 0.005 -29"><span class='ocrx_word' id='word_1_268' title='bbox 58 2136 261 2196; x_wconf 78' lang='lat' dir='ltr'><strong>derebus</strong></span> <span class='ocrx_word' id='word_1_269' title='bbox 320 2146 556 2200; x_wconf 90' lang='lat' dir='ltr'><strong>mortuis</strong></span> <span class='ocrx_word' id='word_1_270' title='bbox 588 2155 643 2201; x_wconf 93' lang='lat' dir='ltr'><strong>et</strong></span> <span class='ocrx_word' id='word_1_271' title='bbox 668 2147 914 2213; x_wconf 89' lang='lat' dir='ltr'><strong>caducis,</strong></span> <span class='ocrx_word' id='word_1_272' title='bbox 968 2149 1086 2204; x_wconf 87' lang='lat' dir='ltr'><strong>sive</strong></span> <span class='ocrx_word' id='word_1_273' title='bbox 1109 2150 1175 2205; x_wconf 92' lang='lat' dir='ltr'><strong>de</strong></span> <span class='ocrx_word' id='word_1_274' title='bbox 1201 2150 1325 2206; x_wconf 90' lang='lat' dir='ltr'><strong>aliis</strong></span> <span class='ocrx_word' id='word_1_275' title='bbox 1361 2151 1561 2205; x_wconf 75' lang='lat' dir='ltr'><strong>anima:</strong></span> <span class='ocrx_word' id='word_1_276' title='bbox 1616 2150 2057 2220; x_wconf 86' lang='lat' dir='ltr'><strong>impuritatibus.</strong></span> <span class='ocrx_word' id='word_1_277' title='bbox 2113 2147 2341 2204; x_wconf 85' lang='lat' dir='ltr'><strong>Necnon</strong></span> <span class='ocrx_word' id='word_1_278' title='bbox 2368 2150 2433 2204; x_wconf 90' lang='lat' dir='ltr'><strong>ad</strong></span> <span class='ocrx_word' id='word_1_279' title='bbox 2456 2150 2791 2219; x_wconf 87' lang='lat' dir='ltr'><strong>iujustitiam</strong></span> <span class='ocrx_word' id='word_1_280' title='bbox 2854 2159 2908 2205; x_wconf 90' lang='lat' dir='ltr'><strong>et</strong></span> <span class='ocrx_word' id='word_1_281' title='bbox 2964 2156 3257 2207; x_wconf 64' lang='lat' dir='ltr'><strong>avanaam</strong></span> 
     </span>
    </p>
   </div>
   <div class='ocr_carea' id='block_1_22' title="bbox 60 2229 2378 2308">
    <p class='ocr_par' dir='ltr' id='par_1_22' title="bbox 60 2229 2378 2308">
     <span class='ocr_line' id='line_1_22' title="bbox 60 2229 2378 2308; baseline 0.006 -28"><span class='ocrx_word' id='word_1_282' title='bbox 60 2241 134 2283; x_wconf 83' lang='lat' dir='ltr'><strong>nos</strong></span> <span class='ocrx_word' id='word_1_283' title='bbox 174 2229 463 2300; x_wconf 89' lang='lat' dir='ltr'><strong>impellunt,</strong></span> <span class='ocrx_word' id='word_1_284' title='bbox 508 2244 570 2288; x_wconf 94' lang='lat' dir='ltr'><strong>ut</strong></span> <span class='ocrx_word' id='word_1_285' title='bbox 600 2234 809 2306; x_wconf 89' lang='lat' dir='ltr'><strong>iniquis</strong></span> <span class='ocrx_word' id='word_1_286' title='bbox 842 2238 1097 2293; x_wconf 88' lang='lat' dir='ltr'><strong>manibus</strong></span> <span class='ocrx_word' id='word_1_287' title='bbox 1123 2246 1540 2294; x_wconf 88' lang='lat' dir='ltr'><strong>contrectemus</strong></span> <span class='ocrx_word' id='word_1_288' title='bbox 1575 2254 1662 2305; x_wconf 89' lang='lat' dir='ltr'><strong>ea,</strong></span> <span class='ocrx_word' id='word_1_289' title='bbox 1696 2253 1819 2308; x_wconf 83' lang='lat' dir='ltr'><strong>quae</strong></span> <span class='ocrx_word' id='word_1_290' title='bbox 1848 2253 1955 2292; x_wconf 91' lang='lat' dir='ltr'><strong>non</strong></span> <span class='ocrx_word' id='word_1_291' title='bbox 1997 2245 2187 2294; x_wconf 89' lang='lat' dir='ltr'><strong>nostra</strong></span> <span class='ocrx_word' id='word_1_292' title='bbox 2226 2246 2378 2293; x_wconf 90' lang='lat' dir='ltr'><strong>sunt.</strong></span> 
     </span>
    </p>
   </div>
   <div class='ocr_carea' id='block_1_23' title="bbox 116 2365 3261 2444">
    <p class='ocr_par' dir='ltr' id='par_1_23' title="bbox 116 2365 3261 2444">
     <span class='ocr_line' id='line_1_23' title="bbox 116 2365 3261 2444; baseline 0.002 -25"><span class='ocrx_word' id='word_1_293' title='bbox 116 2365 349 2420; x_wconf 81' lang='lat' dir='ltr'><strong>Caeterum</strong></span> <span class='ocrx_word' id='word_1_294' title='bbox 389 2367 659 2424; x_wconf 89' lang='lat' dir='ltr'><strong>meliores</strong></span> <span class='ocrx_word' id='word_1_295' title='bbox 680 2376 734 2423; x_wconf 90' lang='lat' dir='ltr'><strong>et</strong></span> <span class='ocrx_word' id='word_1_296' title='bbox 766 2370 1069 2427; x_wconf 90' lang='lat' dir='ltr'><strong>nobiliores</strong></span> <span class='ocrx_word' id='word_1_297' title='bbox 1102 2373 1365 2443; x_wconf 63' lang='lat' dir='ltr'><strong>potentiae</strong></span> <span class='ocrx_word' id='word_1_298' title='bbox 1409 2382 1561 2436; x_wconf 92' lang='lat' dir='ltr'><strong>sunt,</strong></span> <span class='ocrx_word' id='word_1_299' title='bbox 1597 2389 1720 2444; x_wconf 69' lang='lat' dir='ltr'><strong>quae</strong></span> <span class='ocrx_word' id='word_1_300' title='bbox 1755 2373 1809 2427; x_wconf 92' lang='lat' dir='ltr'><strong>in</strong></span> <span class='ocrx_word' id='word_1_301' title='bbox 1848 2373 2011 2427; x_wconf 90' lang='lat' dir='ltr'><strong>nobis</strong></span> <span class='ocrx_word' id='word_1_302' title='bbox 2058 2372 2279 2443; x_wconf 89' lang='lat' dir='ltr'><strong>pariunt</strong></span> <span class='ocrx_word' id='word_1_303' title='bbox 2315 2371 2563 2427; x_wconf 91' lang='lat' dir='ltr'><strong>volatilia</strong></span> <span class='ocrx_word' id='word_1_304' title='bbox 2609 2387 2772 2442; x_wconf 88' lang='lat' dir='ltr'><strong>pura,</strong></span> <span class='ocrx_word' id='word_1_305' title='bbox 2802 2387 2925 2441; x_wconf 76' lang='lat' dir='ltr'><strong>qnze</strong></span> <span class='ocrx_word' id='word_1_306' title='bbox 2966 2386 3071 2426; x_wconf 92' lang='lat' dir='ltr'><strong>nos</strong></span> <span class='ocrx_word' id='word_1_307' title='bbox 3098 2386 3261 2428; x_wconf 85' lang='lat' dir='ltr'><strong>assu-</strong></span> 
     </span>
    </p>
   </div>
   <div class='ocr_carea' id='block_1_24' title="bbox 62 2456 3261 2531">
    <p class='ocr_par' dir='ltr' id='par_1_24' title="bbox 62 2456 3261 2531">
     <span class='ocr_line' id='line_1_24' title="bbox 62 2456 3261 2531; baseline 0.002 -23"><span class='ocrx_word' id='word_1_308' title='bbox 62 2462 198 2516; x_wconf 88' lang='lat' dir='ltr'><strong>munt,</strong></span> <span class='ocrx_word' id='word_1_309' title='bbox 225 2456 523 2510; x_wconf 85' lang='lat' dir='ltr'><strong>secundum</strong></span> <span class='ocrx_word' id='word_1_310' title='bbox 563 2458 698 2513; x_wconf 88' lang='lat' dir='ltr'><strong>illttd</strong></span> <span class='ocrx_word' id='word_1_311' title='bbox 734 2458 1041 2530; x_wconf 78' lang='lat' dir='ltr'><strong>Scriptura:</strong></span> <span class='ocrx_word' id='word_1_312' title='bbox 1078 2462 1367 2515; x_wconf 91' lang='lat' dir='ltr'><strong>oraculum</strong></span> <span class='ocrx_word' id='word_1_313' title='bbox 1407 2478 1421 2516; x_wconf 92' lang='lat'><strong>:</strong></span> <span class='ocrx_word' id='word_1_314' title='bbox 1455 2480 1473 2514; x_wconf 70' lang='grc' dir='ltr'><strong>ι</strong></span> <span class='ocrx_word' id='word_1_315' title='bbox 1512 2461 1817 2531; x_wconf 82' lang='lat' dir='ltr'><strong>Rapientur</strong></span> <span class='ocrx_word' id='word_1_316' title='bbox 1852 2463 1906 2515; x_wconf 88' lang='lat' dir='ltr'><strong>in</strong></span> <span class='ocrx_word' id='word_1_317' title='bbox 1935 2462 2177 2516; x_wconf 88' lang='lat' dir='ltr'><strong>nubibus</strong></span> <span class='ocrx_word' id='word_1_318' title='bbox 2206 2461 2423 2515; x_wconf 79' lang='lat' dir='ltr'><strong>obviam</strong></span> <span class='ocrx_word' id='word_1_319' title='bbox 2456 2461 2711 2515; x_wconf 84' lang='lat' dir='ltr'><strong>Domino.</strong></span> <span class='ocrx_word' id='word_1_320' title='bbox 2741 2460 2760 2491; x_wconf 88' lang='grc'>¹</span> <span class='ocrx_word' id='word_1_321' title='bbox 2802 2480 2819 2512; x_wconf 79' lang='grc' dir='ltr'><strong>ι</strong></span> <span class='ocrx_word' id='word_1_322' title='bbox 2861 2459 2977 2514; x_wconf 81' lang='lat' dir='ltr'><strong>lluc</strong></span> <span class='ocrx_word' id='word_1_323' title='bbox 3006 2458 3140 2514; x_wconf 82' lang='lat' dir='ltr'><strong>facit</strong></span> <span class='ocrx_word' id='word_1_324' title='bbox 3178 2469 3261 2515; x_wconf 87' lang='lat' dir='ltr'><strong>te-</strong></span> 
     </span>
    </p>
   </div>
   <div class='ocr_carea' id='block_1_25' title="bbox 67 2543 3262 2620">
    <p class='ocr_par' dir='ltr' id='par_1_25' title="bbox 67 2543 3262 2620">
     <span class='ocr_line' id='line_1_25' title="bbox 67 2543 3262 2620; baseline 0.001 -25"><span class='ocrx_word' id='word_1_325' title='bbox 67 2543 332 2596; x_wconf 87' lang='lat' dir='ltr'><strong>stimonium</strong></span> <span class='ocrx_word' id='word_1_326' title='bbox 366 2543 530 2599; x_wconf 72' lang='lat' dir='ltr'><strong>Isaiae</strong></span> <span class='ocrx_word' id='word_1_327' title='bbox 567 2563 579 2600; x_wconf 90' lang='lat'><strong>:</strong></span> <span class='ocrx_word' id='word_1_328' title='bbox 619 2564 638 2597; x_wconf 69' lang='grc' dir='ltr'><strong>ι</strong></span> <span class='ocrx_word' id='word_1_329' title='bbox 668 2544 725 2600; x_wconf 89' lang='lat' dir='ltr'><strong>In</strong></span> <span class='ocrx_word' id='word_1_330' title='bbox 760 2547 1021 2602; x_wconf 87' lang='lat' dir='ltr'><strong>humeros</strong></span> <span class='ocrx_word' id='word_1_331' title='bbox 1048 2549 1334 2616; x_wconf 89' lang='lat' dir='ltr'><strong>tollentur,</strong></span> <span class='ocrx_word' id='word_1_332' title='bbox 1368 2561 1421 2603; x_wconf 89' lang='lat' dir='ltr'><strong>et</strong></span> <span class='ocrx_word' id='word_1_333' title='bbox 1451 2550 1505 2603; x_wconf 92' lang='lat' dir='ltr'><strong>in</strong></span> <span class='ocrx_word' id='word_1_334' title='bbox 1543 2550 1777 2620; x_wconf 78' lang='lat' dir='ltr'><strong>genibus</strong></span> <span class='ocrx_word' id='word_1_335' title='bbox 1800 2550 2241 2605; x_wconf 89' lang='lat' dir='ltr'><strong>consolationem</strong></span> <span class='ocrx_word' id='word_1_336' title='bbox 2274 2548 2612 2617; x_wconf 74' lang='lat' dir='ltr'><strong>accipient.&#39;</strong></span> <span class='ocrx_word' id='word_1_337' title='bbox 2650 2567 2668 2600; x_wconf 80' lang='grc'><strong><em>›</em></strong></span> <span class='ocrx_word' id='word_1_338' title='bbox 2707 2547 2841 2602; x_wconf 85' lang='lat' dir='ltr'><strong>Nam</strong></span> <span class='ocrx_word' id='word_1_339' title='bbox 2876 2548 2982 2602; x_wconf 71' lang='lat' dir='ltr'><strong>illze</strong></span> <span class='ocrx_word' id='word_1_340' title='bbox 3000 2547 3262 2618; x_wconf 65' lang='lat' dir='ltr'><strong>potentiae</strong></span> 
     </span>
    </p>
   </div>
   <div class='ocr_carea' id='block_1_26' title="bbox 63 2629 3261 2707">
    <p class='ocr_par' dir='ltr' id='par_1_26' title="bbox 63 2629 3261 2707">
     <span class='ocr_line' id='line_1_26' title="bbox 63 2629 3261 2707; baseline 0.003 -28"><span class='ocrx_word' id='word_1_341' title='bbox 63 2629 338 2684; x_wconf 87' lang='lat' dir='ltr'><strong>mirabiliter</strong></span> <span class='ocrx_word' id='word_1_342' title='bbox 393 2629 603 2699; x_wconf 88' lang='lat' dir='ltr'><strong>juvant</strong></span> <span class='ocrx_word' id='word_1_343' title='bbox 644 2641 893 2696; x_wconf 88' lang='lat' dir='ltr'><strong>sanctos,</strong></span> <span class='ocrx_word' id='word_1_344' title='bbox 925 2635 1017 2704; x_wconf 88' lang='lat' dir='ltr'><strong>qui</strong></span> <span class='ocrx_word' id='word_1_345' title='bbox 1054 2635 1301 2704; x_wconf 89' lang='lat' dir='ltr'><strong>ipsarum</strong></span> <span class='ocrx_word' id='word_1_346' title='bbox 1335 2636 1544 2690; x_wconf 77' lang='lat' dir='ltr'><strong>auxilio</strong></span> <span class='ocrx_word' id='word_1_347' title='bbox 1595 2651 1737 2707; x_wconf 91' lang='lat' dir='ltr'><strong>opus</strong></span> <span class='ocrx_word' id='word_1_348' title='bbox 1772 2638 1973 2692; x_wconf 81' lang='lat' dir='ltr'><strong>habent</strong></span> <span class='ocrx_word' id='word_1_349' title='bbox 2008 2657 2020 2693; x_wconf 94' lang='lat'><strong>:</strong></span> <span class='ocrx_word' id='word_1_350' title='bbox 2057 2653 2155 2692; x_wconf 90' lang='lat' dir='ltr'><strong>nec</strong></span> <span class='ocrx_word' id='word_1_351' title='bbox 2197 2653 2305 2691; x_wconf 90' lang='lat' dir='ltr'><strong>non</strong></span> <span class='ocrx_word' id='word_1_352' title='bbox 2341 2638 2559 2693; x_wconf 88' lang='lat' dir='ltr'><strong>solatiis</strong></span> <span class='ocrx_word' id='word_1_353' title='bbox 2605 2638 2759 2707; x_wconf 80' lang='lat' dir='ltr'><strong>ipsos</strong></span> <span class='ocrx_word' id='word_1_354' title='bbox 2787 2645 3064 2691; x_wconf 79' lang='lat' dir='ltr'><strong>recreant.</strong></span> <span class='ocrx_word' id='word_1_355' title='bbox 3104 2633 3261 2689; x_wconf 84' lang='lat' dir='ltr'><strong>llaud</strong></span> 
     </span>
    </p>
   </div>
   <div class='ocr_carea' id='block_1_27' title="bbox 61 2716 3265 2795">
    <p class='ocr_par' dir='ltr' id='par_1_27' title="bbox 61 2716 3265 2795">
     <span class='ocr_line' id='line_1_27' title="bbox 61 2716 3265 2795; baseline 0.003 -28"><span class='ocrx_word' id='word_1_356' title='bbox 61 2716 267 2770; x_wconf 82' lang='lat' dir='ltr'><strong>dissimili</strong></span> <span class='ocrx_word' id='word_1_357' title='bbox 295 2718 514 2773; x_wconf 89' lang='lat' dir='ltr'><strong>ratione</strong></span> <span class='ocrx_word' id='word_1_358' title='bbox 542 2719 720 2773; x_wconf 79' lang='lat' dir='ltr'><strong>fertur</strong></span> <span class='ocrx_word' id='word_1_359' title='bbox 756 2722 810 2777; x_wconf 89' lang='lat' dir='ltr'><strong>in</strong></span> <span class='ocrx_word' id='word_1_360' title='bbox 846 2722 1005 2791; x_wconf 90' lang='lat' dir='ltr'><strong>aquis</strong></span> <span class='ocrx_word' id='word_1_361' title='bbox 1036 2724 1234 2792; x_wconf 84' lang='lat' dir='ltr'><strong>degere</strong></span> <span class='ocrx_word' id='word_1_362' title='bbox 1260 2737 1512 2793; x_wconf 88' lang='lat' dir='ltr'><strong>serpens,</strong></span> <span class='ocrx_word' id='word_1_363' title='bbox 1541 2732 1594 2778; x_wconf 91' lang='lat' dir='ltr'><strong>et</strong></span> <span class='ocrx_word' id='word_1_364' title='bbox 1627 2740 1791 2792; x_wconf 87' lang='lat' dir='ltr'><strong>parva</strong></span> <span class='ocrx_word' id='word_1_365' title='bbox 1830 2725 2097 2778; x_wconf 89' lang='lat' dir='ltr'><strong>animalia</strong></span> <span class='ocrx_word' id='word_1_366' title='bbox 2133 2725 2335 2778; x_wconf 85' lang='lat' dir='ltr'><strong>ibidem</strong></span> <span class='ocrx_word' id='word_1_367' title='bbox 2368 2742 2493 2780; x_wconf 89' lang='lat' dir='ltr'><strong>cum</strong></span> <span class='ocrx_word' id='word_1_368' title='bbox 2533 2725 2759 2795; x_wconf 83' lang='lat' dir='ltr'><strong>magnis</strong></span> <span class='ocrx_word' id='word_1_369' title='bbox 2803 2726 3142 2779; x_wconf 86' lang='lat' dir='ltr'><strong>commorari</strong></span> <span class='ocrx_word' id='word_1_370' title='bbox 3181 2723 3265 2777; x_wconf 86' lang='lat' dir='ltr'><strong>di-</strong></span> 
     </span>
    </p>
   </div>
   <div class='ocr_carea' id='block_1_28' title="bbox 64 2805 3265 2883">
    <p class='ocr_par' dir='ltr' id='par_1_28' title="bbox 64 2805 3265 2883">
     <span class='ocr_line' id='line_1_28' title="bbox 64 2805 3265 2883; baseline 0.002 -27"><span class='ocrx_word' id='word_1_371' title='bbox 64 2811 239 2859; x_wconf 86' lang='lat' dir='ltr'><strong>cuntur.</strong></span> <span class='ocrx_word' id='word_1_372' title='bbox 264 2805 352 2860; x_wconf 88' lang='lat' dir='ltr'><strong>llle</strong></span> <span class='ocrx_word' id='word_1_373' title='bbox 380 2806 577 2877; x_wconf 80' lang='lat' dir='ltr'><strong>itaque</strong></span> <span class='ocrx_word' id='word_1_374' title='bbox 621 2822 872 2878; x_wconf 81' lang='lat' dir='ltr'><strong>serpens,</strong></span> <span class='ocrx_word' id='word_1_375' title='bbox 911 2811 1005 2880; x_wconf 89' lang='lat' dir='ltr'><strong>qui</strong></span> <span class='ocrx_word' id='word_1_376' title='bbox 1041 2819 1383 2865; x_wconf 86' lang='lat' dir='ltr'><strong>memoratur</strong></span> <span class='ocrx_word' id='word_1_377' title='bbox 1433 2812 1753 2881; x_wconf 85' lang='lat' dir='ltr'><strong>imperitare</strong></span> <span class='ocrx_word' id='word_1_378' title='bbox 1785 2812 2123 2867; x_wconf 86' lang='lat' dir='ltr'><strong>animalibus</strong></span> <span class='ocrx_word' id='word_1_379' title='bbox 2150 2812 2203 2866; x_wconf 91' lang='lat' dir='ltr'><strong>in</strong></span> <span class='ocrx_word' id='word_1_380' title='bbox 2243 2813 2404 2883; x_wconf 90' lang='lat' dir='ltr'><strong>aquis</strong></span> <span class='ocrx_word' id='word_1_381' title='bbox 2440 2812 2803 2881; x_wconf 83' lang='lat' dir='ltr'><strong>agitantibus,</strong></span> <span class='ocrx_word' id='word_1_382' title='bbox 2836 2811 2979 2866; x_wconf 92' lang='lat' dir='ltr'><strong>alius</strong></span> <span class='ocrx_word' id='word_1_383' title='bbox 3015 2810 3265 2865; x_wconf 80' lang='lat' dir='ltr'><strong>existens</strong></span> 
     </span>
    </p>
   </div>
   <div class='ocr_carea' id='block_1_29' title="bbox 62 2891 3266 2969">
    <p class='ocr_par' dir='ltr' id='par_1_29' title="bbox 62 2891 3266 2969">
     <span class='ocr_line' id='line_1_29' title="bbox 62 2891 3266 2969; baseline 0.001 -25"><span class='ocrx_word' id='word_1_384' title='bbox 62 2891 269 2945; x_wconf 83' lang='lat' dir='ltr'><strong>nimirum</strong></span> <span class='ocrx_word' id='word_1_385' title='bbox 296 2909 457 2963; x_wconf 89' lang='lat' dir='ltr'><strong>quam</strong></span> <span class='ocrx_word' id='word_1_386' title='bbox 485 2895 771 2959; x_wconf 88' lang='lat' dir='ltr'><strong>diabolus,</strong></span> <span class='ocrx_word' id='word_1_387' title='bbox 800 2898 896 2966; x_wconf 85' lang='lat' dir='ltr'><strong>qui</strong></span> <span class='ocrx_word' id='word_1_388' title='bbox 924 2907 1187 2951; x_wconf 87' lang='lat' dir='ltr'><strong>narratur</strong></span> <span class='ocrx_word' id='word_1_389' title='bbox 1224 2899 1279 2952; x_wconf 92' lang='lat' dir='ltr'><strong>in</strong></span> <span class='ocrx_word' id='word_1_390' title='bbox 1327 2899 1511 2953; x_wconf 89' lang='lat' dir='ltr'><strong>medio</strong></span> <span class='ocrx_word' id='word_1_391' title='bbox 1542 2901 1865 2969; x_wconf 84' lang='lat' dir='ltr'><strong>angelorum</strong></span> <span class='ocrx_word' id='word_1_392' title='bbox 1899 2900 2185 2961; x_wconf 88' lang='lat' dir='ltr'><strong>assistere,</strong></span> <span class='ocrx_word' id='word_1_393' title='bbox 2234 2899 2616 2953; x_wconf 83' lang='lat' dir='ltr'><strong>fortitudinem</strong></span> <span class='ocrx_word' id='word_1_394' title='bbox 2655 2898 2821 2953; x_wconf 88' lang='lat' dir='ltr'><strong>habet</strong></span> <span class='ocrx_word' id='word_1_395' title='bbox 2855 2898 2908 2951; x_wconf 92' lang='lat' dir='ltr'><strong>in</strong></span> <span class='ocrx_word' id='word_1_396' title='bbox 2951 2897 3176 2960; x_wconf 82' lang='lat' dir='ltr'><strong>lumbis,</strong></span> <span class='ocrx_word' id='word_1_397' title='bbox 3210 2904 3266 2949; x_wconf 85' lang='lat' dir='ltr'><strong>et</strong></span> 
     </span>
    </p>
   </div>
   <div class='ocr_carea' id='block_1_30' title="bbox 62 2980 3266 3057">
    <p class='ocr_par' dir='ltr' id='par_1_30' title="bbox 62 2980 3266 3057">
     <span class='ocr_line' id='line_1_30' title="bbox 62 2980 3266 3057; baseline 0.002 -26"><span class='ocrx_word' id='word_1_398' title='bbox 62 2980 310 3045; x_wconf 79' lang='lat' dir='ltr'><strong>potentiam</strong></span> <span class='ocrx_word' id='word_1_399' title='bbox 337 2982 390 3035; x_wconf 89' lang='lat' dir='ltr'><strong>in</strong></span> <span class='ocrx_word' id='word_1_400' title='bbox 424 2984 701 3037; x_wconf 89' lang='lat' dir='ltr'><strong>umbilico</strong></span> <span class='ocrx_word' id='word_1_401' title='bbox 735 2986 969 3041; x_wconf 85' lang='lat' dir='ltr'><strong>ventris.</strong></span> <span class='ocrx_word' id='word_1_402' title='bbox 1003 2986 1025 3017; x_wconf 68' lang='grc'>⁸</span> <span class='ocrx_word' id='word_1_403' title='bbox 1054 2985 1264 3052; x_wconf 84' lang='lat' dir='ltr'><strong>Quibus</strong></span> <span class='ocrx_word' id='word_1_404' title='bbox 1290 2987 1458 3055; x_wconf 87' lang='lat' dir='ltr'><strong>igitur</strong></span> <span class='ocrx_word' id='word_1_405' title='bbox 1487 2988 1542 3042; x_wconf 92' lang='lat' dir='ltr'><strong>in</strong></span> <span class='ocrx_word' id='word_1_406' title='bbox 1589 2987 1748 3042; x_wconf 89' lang='lat' dir='ltr'><strong>nobis</strong></span> <span class='ocrx_word' id='word_1_407' title='bbox 1768 2987 1936 3053; x_wconf 87' lang='lat' dir='ltr'><strong>valet,</strong></span> <span class='ocrx_word' id='word_1_408' title='bbox 1984 2987 2305 3041; x_wconf 84' lang='lat' dir='ltr'><strong>eorumdem</strong></span> <span class='ocrx_word' id='word_1_409' title='bbox 2338 2988 2501 3042; x_wconf 91' lang='lat' dir='ltr'><strong>etiam</strong></span> <span class='ocrx_word' id='word_1_410' title='bbox 2540 2986 2983 3057; x_wconf 89' lang='lat' dir='ltr'><strong>procreationem</strong></span> <span class='ocrx_word' id='word_1_411' title='bbox 3017 2984 3071 3039; x_wconf 90' lang='lat' dir='ltr'><strong>in</strong></span> <span class='ocrx_word' id='word_1_412' title='bbox 3104 2984 3266 3039; x_wconf 89' lang='lat' dir='ltr'><strong>nobis</strong></span> 
     </span>
    </p>
   </div>
   <div class='ocr_carea' id='block_1_31' title="bbox 64 3070 3263 3144">
    <p class='ocr_par' dir='ltr' id='par_1_31' title="bbox 64 3070 3263 3144">
     <span class='ocr_line' id='line_1_31' title="bbox 64 3070 3263 3144; baseline 0.003 -28"><span class='ocrx_word' id='word_1_413' title='bbox 64 3076 303 3134; x_wconf 73' lang='lat' dir='ltr'><strong>operatur,</strong></span> <span class='ocrx_word' id='word_1_414' title='bbox 342 3070 471 3124; x_wconf 89' lang='lat' dir='ltr'><strong>dum</strong></span> <span class='ocrx_word' id='word_1_415' title='bbox 500 3087 610 3126; x_wconf 90' lang='lat' dir='ltr'><strong>nos</strong></span> <span class='ocrx_word' id='word_1_416' title='bbox 645 3073 693 3127; x_wconf 89' lang='lat' dir='ltr'><strong>ei</strong></span> <span class='ocrx_word' id='word_1_417' title='bbox 721 3075 935 3144; x_wconf 88' lang='lat' dir='ltr'><strong>copiam</strong></span> <span class='ocrx_word' id='word_1_418' title='bbox 970 3074 1272 3130; x_wconf 89' lang='lat' dir='ltr'><strong>accedendi</strong></span> <span class='ocrx_word' id='word_1_419' title='bbox 1303 3075 1538 3131; x_wconf 88' lang='lat' dir='ltr'><strong>facimus</strong></span> <span class='ocrx_word' id='word_1_420' title='bbox 1575 3091 1685 3130; x_wconf 89' lang='lat' dir='ltr'><strong>non</strong></span> <span class='ocrx_word' id='word_1_421' title='bbox 1726 3074 2144 3143; x_wconf 76' lang='lat' dir='ltr'><strong>exstinguentes</strong></span> <span class='ocrx_word' id='word_1_422' title='bbox 2180 3076 2235 3129; x_wconf 88' lang='lat' dir='ltr'><strong>in</strong></span> <span class='ocrx_word' id='word_1_423' title='bbox 2270 3075 2430 3129; x_wconf 89' lang='lat' dir='ltr'><strong>nobis</strong></span> <span class='ocrx_word' id='word_1_424' title='bbox 2466 3074 2748 3128; x_wconf 88' lang='lat' dir='ltr'><strong>humidam</strong></span> <span class='ocrx_word' id='word_1_425' title='bbox 2778 3074 3067 3129; x_wconf 90' lang='lat' dir='ltr'><strong>materiam</strong></span> <span class='ocrx_word' id='word_1_426' title='bbox 3097 3073 3263 3141; x_wconf 87' lang='lat' dir='ltr'><strong>spiri-</strong></span> 
     </span>
    </p>
   </div>
   <div class='ocr_carea' id='block_1_32' title="bbox 64 3154 3262 3224">
    <p class='ocr_par' dir='ltr' id='par_1_32' title="bbox 64 3154 3262 3224">
     <span class='ocr_line' id='line_1_32' title="bbox 64 3154 3262 3224; baseline 0.003 -20"><span class='ocrx_word' id='word_1_427' title='bbox 64 3161 133 3206; x_wconf 87' lang='lat' dir='ltr'><strong>tus</strong></span> <span class='ocrx_word' id='word_1_428' title='bbox 163 3154 370 3212; x_wconf 74' lang='lat' dir='ltr'><strong>fervore.</strong></span> <span class='ocrx_word' id='word_1_429' title='bbox 403 3158 508 3224; x_wconf 87' lang='lat' dir='ltr'><strong>Qui</strong></span> <span class='ocrx_word' id='word_1_430' title='bbox 564 3169 746 3215; x_wconf 89' lang='lat' dir='ltr'><strong>autem</strong></span> <span class='ocrx_word' id='word_1_431' title='bbox 778 3170 931 3217; x_wconf 87' lang='lat' dir='ltr'><strong>recte</strong></span> <span class='ocrx_word' id='word_1_432' title='bbox 965 3172 1022 3217; x_wconf 88' lang='lat' dir='ltr'><strong>et</strong></span> <span class='ocrx_word' id='word_1_433' title='bbox 1054 3163 1358 3217; x_wconf 89' lang='lat' dir='ltr'><strong>secundum</strong></span> <span class='ocrx_word' id='word_1_434' title='bbox 1409 3174 1621 3219; x_wconf 67' lang='lat' dir='ltr'><strong>natura:</strong></span> <span class='ocrx_word' id='word_1_435' title='bbox 1666 3164 1913 3217; x_wconf 87' lang='lat' dir='ltr'><strong>melioris</strong></span> <span class='ocrx_word' id='word_1_436' title='bbox 1959 3163 2285 3217; x_wconf 88' lang='lat' dir='ltr'><strong>instinctum</strong></span> <span class='ocrx_word' id='word_1_437' title='bbox 2338 3162 2564 3216; x_wconf 90' lang='lat' dir='ltr'><strong>humida</strong></span> <span class='ocrx_word' id='word_1_438' title='bbox 2608 3161 2700 3214; x_wconf 86' lang='lat' dir='ltr'><strong>illa</strong></span> <span class='ocrx_word' id='word_1_439' title='bbox 2741 3161 2970 3215; x_wconf 85' lang='lat' dir='ltr'><strong>materia</strong></span> <span class='ocrx_word' id='word_1_440' title='bbox 3008 3169 3262 3223; x_wconf 87' lang='lat' dir='ltr'><strong>utuntur,</strong></span> 
     </span>
    </p>
   </div>
   <div class='ocr_carea' id='block_1_33' title="bbox 67 3242 3265 3321">
    <p class='ocr_par' dir='ltr' id='par_1_33' title="bbox 67 3242 3265 3321">
     <span class='ocr_line' id='line_1_33' title="bbox 67 3242 3265 3321; baseline 0.002 -28"><span class='ocrx_word' id='word_1_441' title='bbox 67 3242 339 3311; x_wconf 74' lang='lat' dir='ltr'><strong>progignunt</strong></span> <span class='ocrx_word' id='word_1_442' title='bbox 365 3249 639 3315; x_wconf 86' lang='lat' dir='ltr'><strong>aquatilia</strong></span> <span class='ocrx_word' id='word_1_443' title='bbox 672 3249 899 3303; x_wconf 89' lang='lat' dir='ltr'><strong>munda.</strong></span> <span class='ocrx_word' id='word_1_444' title='bbox 926 3250 1193 3305; x_wconf 69' lang='lat' dir='ltr'><strong>Caeterum</strong></span> <span class='ocrx_word' id='word_1_445' title='bbox 1224 3252 1431 3305; x_wconf 92' lang='lat' dir='ltr'><strong>nullum</strong></span> <span class='ocrx_word' id='word_1_446' title='bbox 1452 3252 1655 3305; x_wconf 88' lang='lat' dir='ltr'><strong>animal</strong></span> <span class='ocrx_word' id='word_1_447' title='bbox 1684 3251 2023 3320; x_wconf 87' lang='lat' dir='ltr'><strong>aquaticum,</strong></span> <span class='ocrx_word' id='word_1_448' title='bbox 2048 3252 2302 3321; x_wconf 86' lang='lat' dir='ltr'><strong>quamvis</strong></span> <span class='ocrx_word' id='word_1_449' title='bbox 2340 3250 2603 3304; x_wconf 90' lang='lat' dir='ltr'><strong>mundum</strong></span> <span class='ocrx_word' id='word_1_450' title='bbox 2625 3250 3035 3319; x_wconf 87' lang='lat' dir='ltr'><strong>pronuntietur,</strong></span> <span class='ocrx_word' id='word_1_451' title='bbox 3067 3249 3265 3301; x_wconf 82' lang='lat' dir='ltr'><strong>immo-</strong></span> 
     </span>
    </p>
   </div>
   <div class='ocr_carea' id='block_1_34' title="bbox 67 3328 3267 3409">
    <p class='ocr_par' dir='ltr' id='par_1_34' title="bbox 67 3328 3267 3409">
     <span class='ocr_line' id='line_1_34' title="bbox 67 3328 3267 3409; baseline 0.003 -29"><span class='ocrx_word' id='word_1_452' title='bbox 67 3328 176 3383; x_wconf 78' lang='lat' dir='ltr'><strong>latur</strong></span> <span class='ocrx_word' id='word_1_453' title='bbox 200 3342 245 3385; x_wconf 89' lang='lat' dir='ltr'><strong>et</strong></span> <span class='ocrx_word' id='word_1_454' title='bbox 272 3350 374 3389; x_wconf 61' lang='lat' dir='ltr'><strong>arae</strong></span> <span class='ocrx_word' id='word_1_455' title='bbox 394 3336 730 3406; x_wconf 85' lang='lat' dir='ltr'><strong>imponitur.</strong></span> <span class='ocrx_word' id='word_1_456' title='bbox 764 3336 1147 3408; x_wconf 71' lang='lat' dir='ltr'><strong>Cogitationes</strong></span> <span class='ocrx_word' id='word_1_457' title='bbox 1174 3349 1357 3394; x_wconf 88' lang='lat' dir='ltr'><strong>autem</strong></span> <span class='ocrx_word' id='word_1_458' title='bbox 1397 3349 1451 3395; x_wconf 88' lang='lat' dir='ltr'><strong>et</strong></span> <span class='ocrx_word' id='word_1_459' title='bbox 1478 3338 1644 3405; x_wconf 88' lang='lat' dir='ltr'><strong>facta,</strong></span> <span class='ocrx_word' id='word_1_460' title='bbox 1676 3355 1799 3409; x_wconf 80' lang='lat' dir='ltr'><strong>qme</strong></span> <span class='ocrx_word' id='word_1_461' title='bbox 1831 3340 2109 3407; x_wconf 73' lang='lat' dir='ltr'><strong>prmdictis</strong></span> <span class='ocrx_word' id='word_1_462' title='bbox 2139 3343 2528 3394; x_wconf 83' lang='lat' dir='ltr'><strong>conuumerari</strong></span> <span class='ocrx_word' id='word_1_463' title='bbox 2555 3347 2854 3407; x_wconf 86' lang='lat' dir='ltr'><strong>nequeunt.</strong></span> <span class='ocrx_word' id='word_1_464' title='bbox 2891 3348 3109 3393; x_wconf 83' lang='lat' dir='ltr'><strong>terrena</strong></span> <span class='ocrx_word' id='word_1_465' title='bbox 3142 3352 3267 3392; x_wconf 85' lang='lat' dir='ltr'><strong>esse</strong></span> 
     </span>
    </p>
   </div>
   <div class='ocr_carea' id='block_1_35' title="bbox 69 3420 3263 3496">
    <p class='ocr_par' dir='ltr' id='par_1_35' title="bbox 69 3420 3263 3496">
     <span class='ocr_line' id='line_1_35' title="bbox 69 3420 3263 3496; baseline 0.004 -29"><span class='ocrx_word' id='word_1_466' title='bbox 69 3420 317 3476; x_wconf 79' lang='lat' dir='ltr'><strong>certissima</strong></span> <span class='ocrx_word' id='word_1_467' title='bbox 354 3427 574 3480; x_wconf 88' lang='lat' dir='ltr'><strong>ratione</strong></span> <span class='ocrx_word' id='word_1_468' title='bbox 600 3426 872 3492; x_wconf 73' lang='lat' dir='ltr'><strong>iudicato.</strong></span> <span class='ocrx_word' id='word_1_469' title='bbox 905 3427 1010 3482; x_wconf 87' lang='lat' dir='ltr'><strong>Sed</strong></span> <span class='ocrx_word' id='word_1_470' title='bbox 1054 3434 1107 3482; x_wconf 87' lang='lat' dir='ltr'><strong>et</strong></span> <span class='ocrx_word' id='word_1_471' title='bbox 1146 3438 1362 3482; x_wconf 86' lang='lat' dir='ltr'><strong>terrena</strong></span> <span class='ocrx_word' id='word_1_472' title='bbox 1405 3428 1460 3481; x_wconf 89' lang='lat' dir='ltr'><strong>in</strong></span> <span class='ocrx_word' id='word_1_473' title='bbox 1491 3428 1647 3481; x_wconf 88' lang='lat' dir='ltr'><strong>varia</strong></span> <span class='ocrx_word' id='word_1_474' title='bbox 1688 3427 2017 3481; x_wconf 86' lang='lat' dir='ltr'><strong>dividuntur</strong></span> <span class='ocrx_word' id='word_1_475' title='bbox 2043 3436 2097 3481; x_wconf 88' lang='lat' dir='ltr'><strong>et</strong></span> <span class='ocrx_word' id='word_1_476' title='bbox 2145 3428 2337 3481; x_wconf 90' lang='lat' dir='ltr'><strong>multa.</strong></span> <span class='ocrx_word' id='word_1_477' title='bbox 2377 3427 2639 3493; x_wconf 59' lang='lat' dir='ltr'><strong>Quaedam</strong></span> <span class='ocrx_word' id='word_1_478' title='bbox 2672 3426 2947 3496; x_wconf 86' lang='lat' dir='ltr'><strong>siquidem</strong></span> <span class='ocrx_word' id='word_1_479' title='bbox 3000 3425 3263 3479; x_wconf 86' lang='lat' dir='ltr'><strong>animalia</strong></span> 
     </span>
    </p>
   </div>
   <div class='ocr_carea' id='block_1_36' title="bbox 68 3512 3264 3586">
    <p class='ocr_par' dir='ltr' id='par_1_36' title="bbox 68 3512 3264 3586">
     <span class='ocr_line' id='line_1_36' title="bbox 68 3512 3264 3586; baseline 0.003 -32"><span class='ocrx_word' id='word_1_480' title='bbox 68 3514 233 3561; x_wconf 83' lang='lat' dir='ltr'><strong>terrena</strong></span> <span class='ocrx_word' id='word_1_481' title='bbox 259 3523 377 3565; x_wconf 89' lang='lat' dir='ltr'><strong>sunt</strong></span> <span class='ocrx_word' id='word_1_482' title='bbox 407 3514 626 3576; x_wconf 68' lang='lat' dir='ltr'><strong>bestiae,</strong></span> <span class='ocrx_word' id='word_1_483' title='bbox 652 3515 900 3585; x_wconf 63' lang='lat' dir='ltr'><strong>quaedam</strong></span> <span class='ocrx_word' id='word_1_484' title='bbox 934 3514 1174 3586; x_wconf 84' lang='lat' dir='ltr'><strong>replilia,</strong></span> <span class='ocrx_word' id='word_1_485' title='bbox 1208 3515 1314 3568; x_wconf 89' lang='lat' dir='ltr'><strong>alia</strong></span> <span class='ocrx_word' id='word_1_486' title='bbox 1343 3530 1469 3569; x_wconf 89' lang='lat' dir='ltr'><strong>vero</strong></span> <span class='ocrx_word' id='word_1_487' title='bbox 1490 3515 1763 3585; x_wconf 88' lang='lat' dir='ltr'><strong>jumenta.</strong></span> <span class='ocrx_word' id='word_1_488' title='bbox 1787 3513 1942 3568; x_wconf 88' lang='lat' dir='ltr'><strong>Nulla</strong></span> <span class='ocrx_word' id='word_1_489' title='bbox 1975 3522 2156 3570; x_wconf 86' lang='lat' dir='ltr'><strong>autem</strong></span> <span class='ocrx_word' id='word_1_490' title='bbox 2192 3514 2388 3578; x_wconf 87' lang='lat' dir='ltr'><strong>bestia,</strong></span> <span class='ocrx_word' id='word_1_491' title='bbox 2410 3530 2533 3583; x_wconf 73' lang='lat' dir='ltr'><strong>qua:</strong></span> <span class='ocrx_word' id='word_1_492' title='bbox 2557 3515 2702 3568; x_wconf 90' lang='lat' dir='ltr'><strong>inter</strong></span> <span class='ocrx_word' id='word_1_493' title='bbox 2746 3512 2895 3568; x_wconf 85' lang='lat' dir='ltr'><strong>feras</strong></span> <span class='ocrx_word' id='word_1_494' title='bbox 2925 3521 3264 3578; x_wconf 86' lang='lat' dir='ltr'><strong>numeratur,</strong></span> 
     </span>
    </p>
   </div>
   <div class='ocr_carea' id='block_1_37' title="bbox 72 3601 3265 3674">
    <p class='ocr_par' dir='ltr' id='par_1_37' title="bbox 72 3601 3265 3674">
     <span class='ocr_line' id='line_1_37' title="bbox 72 3601 3265 3674; baseline 0.003 -29"><span class='ocrx_word' id='word_1_495' title='bbox 72 3607 171 3659; x_wconf 87' lang='lat' dir='ltr'><strong>pura</strong></span> <span class='ocrx_word' id='word_1_496' title='bbox 206 3607 463 3654; x_wconf 84' lang='lat' dir='ltr'><strong>censetur.</strong></span> <span class='ocrx_word' id='word_1_497' title='bbox 492 3601 676 3655; x_wconf 85' lang='lat' dir='ltr'><strong>Etiam</strong></span> <span class='ocrx_word' id='word_1_498' title='bbox 707 3603 965 3656; x_wconf 89' lang='lat' dir='ltr'><strong>animalia</strong></span> <span class='ocrx_word' id='word_1_499' title='bbox 996 3603 1230 3657; x_wconf 82' lang='lat' dir='ltr'><strong>malefici</strong></span> <span class='ocrx_word' id='word_1_500' title='bbox 1254 3603 1471 3672; x_wconf 83' lang='lat' dir='ltr'><strong>generis</strong></span> <span class='ocrx_word' id='word_1_501' title='bbox 1505 3616 1700 3658; x_wconf 89' lang='lat' dir='ltr'><strong>carent</strong></span> <span class='ocrx_word' id='word_1_502' title='bbox 1728 3604 1990 3673; x_wconf 87' lang='lat' dir='ltr'><strong>puritate.</strong></span> <span class='ocrx_word' id='word_1_503' title='bbox 2024 3602 2226 3659; x_wconf 83' lang='lat' dir='ltr'><strong>Verum</strong></span> <span class='ocrx_word' id='word_1_504' title='bbox 2255 3604 2530 3673; x_wconf 89' lang='lat' dir='ltr'><strong>jumenta,</strong></span> <span class='ocrx_word' id='word_1_505' title='bbox 2560 3617 2794 3674; x_wconf 87' lang='lat' dir='ltr'><strong>quorum</strong></span> <span class='ocrx_word' id='word_1_506' title='bbox 2825 3609 3021 3655; x_wconf 88' lang='lat' dir='ltr'><strong>natura</strong></span> <span class='ocrx_word' id='word_1_507' title='bbox 3051 3616 3265 3664; x_wconf 83' lang='lat' dir='ltr'><strong>nequa-</strong></span> 
     </span>
    </p>
   </div>
   <div class='ocr_carea' id='block_1_38' title="bbox 71 3685 3268 3761">
    <p class='ocr_par' dir='ltr' id='par_1_38' title="bbox 71 3685 3268 3761">
     <span class='ocr_line' id='line_1_38' title="bbox 71 3685 3268 3761; baseline 0.003 -30"><span class='ocrx_word' id='word_1_508' title='bbox 71 3696 191 3745; x_wconf 84' lang='lat' dir='ltr'><strong>quam</strong></span> <span class='ocrx_word' id='word_1_509' title='bbox 217 3685 319 3741; x_wconf 87' lang='lat' dir='ltr'><strong>fera</strong></span> <span class='ocrx_word' id='word_1_510' title='bbox 342 3698 448 3752; x_wconf 89' lang='lat' dir='ltr'><strong>est,</strong></span> <span class='ocrx_word' id='word_1_511' title='bbox 485 3692 739 3760; x_wconf 58' lang='lat' dir='ltr'><strong>quaedam</strong></span> <span class='ocrx_word' id='word_1_512' title='bbox 775 3690 993 3745; x_wconf 88' lang='lat' dir='ltr'><strong>findunt</strong></span> <span class='ocrx_word' id='word_1_513' title='bbox 1021 3692 1283 3760; x_wconf 84' lang='lat' dir='ltr'><strong>ungulam</strong></span> <span class='ocrx_word' id='word_1_514' title='bbox 1308 3731 1322 3755; x_wconf 91' lang='lat'><strong>,</strong></span> <span class='ocrx_word' id='word_1_515' title='bbox 1360 3692 1612 3760; x_wconf 68' lang='lat' dir='ltr'><strong>qumdam</strong></span> <span class='ocrx_word' id='word_1_516' title='bbox 1648 3692 1933 3745; x_wconf 90' lang='lat' dir='ltr'><strong>ruminare</strong></span> <span class='ocrx_word' id='word_1_517' title='bbox 1969 3692 2352 3761; x_wconf 89' lang='lat' dir='ltr'><strong>perhibentur.</strong></span> <span class='ocrx_word' id='word_1_518' title='bbox 2389 3689 2577 3759; x_wconf 87' lang='lat' dir='ltr'><strong>Itaque</strong></span> <span class='ocrx_word' id='word_1_519' title='bbox 2605 3690 2881 3759; x_wconf 56' lang='lat' dir='ltr'><strong>quaedam,</strong></span> <span class='ocrx_word' id='word_1_520' title='bbox 2928 3689 2972 3745; x_wconf 89' lang='lat' dir='ltr'><strong>si</strong></span> <span class='ocrx_word' id='word_1_521' title='bbox 3001 3696 3268 3759; x_wconf 88' lang='lat' dir='ltr'><strong>parentur</strong></span> 
     </span>
    </p>
   </div>
   <div class='ocr_carea' id='block_1_39' title="bbox 73 3777 3263 3849">
    <p class='ocr_par' dir='ltr' id='par_1_39' title="bbox 73 3777 3263 3849">
     <span class='ocr_line' id='line_1_39' title="bbox 73 3777 3263 3849; baseline 0.001 -22"><span class='ocrx_word' id='word_1_522' title='bbox 73 3779 329 3839; x_wconf 70' lang='lat' dir='ltr'><strong>Bloportet,</strong></span> <span class='ocrx_word' id='word_1_523' title='bbox 365 3779 609 3832; x_wconf 87' lang='lat' dir='ltr'><strong>humana</strong></span> <span class='ocrx_word' id='word_1_524' title='bbox 663 3793 897 3848; x_wconf 90' lang='lat' dir='ltr'><strong>corpora</strong></span> <span class='ocrx_word' id='word_1_525' title='bbox 962 3779 1115 3832; x_wconf 89' lang='lat' dir='ltr'><strong>alunt</strong></span> <span class='ocrx_word' id='word_1_526' title='bbox 1152 3795 1165 3832; x_wconf 89' lang='lat'><strong>:</strong></span> <span class='ocrx_word' id='word_1_527' title='bbox 1200 3777 1452 3847; x_wconf 80' lang='lat' dir='ltr'><strong>quaedam</strong></span> <span class='ocrx_word' id='word_1_528' title='bbox 1510 3786 1647 3841; x_wconf 91' lang='lat' dir='ltr'><strong>tota,</strong></span> <span class='ocrx_word' id='word_1_529' title='bbox 1678 3778 2045 3848; x_wconf 88' lang='lat' dir='ltr'><strong>quorumdam</strong></span> <span class='ocrx_word' id='word_1_530' title='bbox 2102 3790 2285 3849; x_wconf 85' lang='lat' dir='ltr'><strong>partes</strong></span> <span class='ocrx_word' id='word_1_531' title='bbox 2336 3778 2711 3833; x_wconf 82' lang='lat' dir='ltr'><strong>incenduntur</strong></span> <span class='ocrx_word' id='word_1_532' title='bbox 2752 3778 2806 3831; x_wconf 91' lang='lat' dir='ltr'><strong>in</strong></span> <span class='ocrx_word' id='word_1_533' title='bbox 2861 3778 3045 3831; x_wconf 89' lang='lat' dir='ltr'><strong>altari.</strong></span> <span class='ocrx_word' id='word_1_534' title='bbox 3080 3779 3150 3830; x_wconf 84' lang='lat' dir='ltr'><strong>At</strong></span> <span class='ocrx_word' id='word_1_535' title='bbox 3209 3778 3263 3831; x_wconf 94' lang='lat' dir='ltr'><strong>in</strong></span> 
     </span>
    </p>
   </div>
   <div class='ocr_carea' id='block_1_40' title="bbox 75 3856 3263 3937">
    <p class='ocr_par' dir='ltr' id='par_1_40' title="bbox 75 3856 3263 3937">
     <span class='ocr_line' id='line_1_40' title="bbox 75 3856 3263 3937; baseline 0.005 -34"><span class='ocrx_word' id='word_1_536' title='bbox 75 3856 327 3916; x_wconf 69' lang='lat' dir='ltr'><strong>uniuersum</strong></span> <span class='ocrx_word' id='word_1_537' title='bbox 373 3866 767 3920; x_wconf 88' lang='lat' dir='ltr'><strong>abstinendum</strong></span> <span class='ocrx_word' id='word_1_538' title='bbox 807 3874 892 3921; x_wconf 89' lang='lat' dir='ltr'><strong>est</strong></span> <span class='ocrx_word' id='word_1_539' title='bbox 937 3866 1005 3921; x_wconf 88' lang='lat' dir='ltr'><strong>ab</strong></span> <span class='ocrx_word' id='word_1_540' title='bbox 1047 3864 1369 3920; x_wconf 90' lang='lat' dir='ltr'><strong>immundis.</strong></span> <span class='ocrx_word' id='word_1_541' title='bbox 1392 3866 1529 3920; x_wconf 90' lang='lat' dir='ltr'><strong>Cum</strong></span> <span class='ocrx_word' id='word_1_542' title='bbox 1564 3876 1745 3921; x_wconf 90' lang='lat' dir='ltr'><strong>autem</strong></span> <span class='ocrx_word' id='word_1_543' title='bbox 1776 3882 1845 3921; x_wconf 77' lang='lat' dir='ltr'><strong>ex</strong></span> <span class='ocrx_word' id='word_1_544' title='bbox 1872 3869 2029 3937; x_wconf 90' lang='lat' dir='ltr'><strong>puris</strong></span> <span class='ocrx_word' id='word_1_545' title='bbox 2062 3884 2157 3922; x_wconf 91' lang='lat' dir='ltr'><strong>seu</strong></span> <span class='ocrx_word' id='word_1_546' title='bbox 2191 3868 2412 3922; x_wconf 87' lang='lat' dir='ltr'><strong>mundis</strong></span> <span class='ocrx_word' id='word_1_547' title='bbox 2441 3866 2776 3920; x_wconf 89' lang='lat' dir='ltr'><strong>animalibus</strong></span> <span class='ocrx_word' id='word_1_548' title='bbox 2800 3866 3050 3936; x_wconf 90' lang='lat' dir='ltr'><strong>quinque</strong></span> <span class='ocrx_word' id='word_1_549' title='bbox 3082 3867 3263 3921; x_wconf 84' lang='lat' dir='ltr'><strong>solum</strong></span> 
     </span>
    </p>
   </div>
   <div class='ocr_carea' id='block_1_41' title="bbox 75 3945 3266 4023">
    <p class='ocr_par' dir='ltr' id='par_1_41' title="bbox 75 3945 3266 4023">
     <span class='ocr_line' id='line_1_41' title="bbox 75 3945 3266 4023; baseline 0.003 -30"><span class='ocrx_word' id='word_1_550' title='bbox 75 3945 368 4005; x_wconf 84' lang='lat' dir='ltr'><strong>animantium</strong></span> <span class='ocrx_word' id='word_1_551' title='bbox 391 3954 610 4023; x_wconf 87' lang='lat' dir='ltr'><strong>species</strong></span> <span class='ocrx_word' id='word_1_552' title='bbox 636 3963 968 4016; x_wconf 89' lang='lat' dir='ltr'><strong>mactentur,</strong></span> <span class='ocrx_word' id='word_1_553' title='bbox 1005 3964 1063 4008; x_wconf 92' lang='lat' dir='ltr'><strong>ut</strong></span> <span class='ocrx_word' id='word_1_554' title='bbox 1088 3955 1328 4009; x_wconf 72' lang='lat' dir='ltr'><strong>victimae</strong></span> <span class='ocrx_word' id='word_1_555' title='bbox 1349 3954 1403 4008; x_wconf 91' lang='lat' dir='ltr'><strong>in</strong></span> <span class='ocrx_word' id='word_1_556' title='bbox 1440 3954 1707 4009; x_wconf 91' lang='lat' dir='ltr'><strong>honorem</strong></span> <span class='ocrx_word' id='word_1_557' title='bbox 1740 3953 1858 4009; x_wconf 87' lang='lat' dir='ltr'><strong>Dei.</strong></span> <span class='ocrx_word' id='word_1_558' title='bbox 1890 3955 2213 4010; x_wconf 81' lang='lat' dir='ltr'><strong>meminisse</strong></span> <span class='ocrx_word' id='word_1_559' title='bbox 2239 3970 2340 4008; x_wconf 93' lang='lat' dir='ltr'><strong>nos</strong></span> <span class='ocrx_word' id='word_1_560' title='bbox 2367 3960 2605 4023; x_wconf 86' lang='lat' dir='ltr'><strong>oportet,</strong></span> <span class='ocrx_word' id='word_1_561' title='bbox 2628 3952 2873 4021; x_wconf 88' lang='lat' dir='ltr'><strong>quinque</strong></span> <span class='ocrx_word' id='word_1_562' title='bbox 2900 3953 3022 4006; x_wconf 87' lang='lat' dir='ltr'><strong>illas</strong></span> <span class='ocrx_word' id='word_1_563' title='bbox 3049 3953 3266 4006; x_wconf 83' lang='lat' dir='ltr'><strong>anima-</strong></span> 
     </span>
    </p>
   </div>
   <div class='ocr_carea' id='block_1_42' title="bbox 80 4030 3266 4113">
    <p class='ocr_par' dir='ltr' id='par_1_42' title="bbox 80 4030 3266 4113">
     <span class='ocr_line' id='line_1_42' title="bbox 80 4030 3266 4113; baseline 0.004 -33"><span class='ocrx_word' id='word_1_564' title='bbox 80 4030 175 4086; x_wconf 87' lang='lat' dir='ltr'><strong>lium</strong></span> <span class='ocrx_word' id='word_1_565' title='bbox 202 4042 394 4107; x_wconf 83' lang='lat' dir='ltr'><strong>spccies</strong></span> <span class='ocrx_word' id='word_1_566' title='bbox 423 4050 835 4113; x_wconf 75' lang='lat' dir='ltr'><strong>repraesentare</strong></span> <span class='ocrx_word' id='word_1_567' title='bbox 859 4044 1108 4113; x_wconf 89' lang='lat' dir='ltr'><strong>quinque</strong></span> <span class='ocrx_word' id='word_1_568' title='bbox 1133 4059 1353 4098; x_wconf 79' lang='lat' dir='ltr'><strong>sensus.</strong></span> <span class='ocrx_word' id='word_1_569' title='bbox 1390 4040 1580 4097; x_wconf 85' lang='lat' dir='ltr'><strong>Visum</strong></span> <span class='ocrx_word' id='word_1_570' title='bbox 1621 4039 1897 4111; x_wconf 85' lang='lat' dir='ltr'><strong>significat</strong></span> <span class='ocrx_word' id='word_1_571' title='bbox 1929 4042 2205 4103; x_wconf 85' lang='lat' dir='ltr'><strong>columba,</strong></span> <span class='ocrx_word' id='word_1_572' title='bbox 2241 4041 2711 4111; x_wconf 87' lang='lat' dir='ltr'><strong>quemadmodum</strong></span> <span class='ocrx_word' id='word_1_573' title='bbox 2742 4041 2945 4110; x_wconf 89' lang='lat' dir='ltr'><strong>legitur</strong></span> <span class='ocrx_word' id='word_1_574' title='bbox 2978 4040 3030 4095; x_wconf 91' lang='lat' dir='ltr'><strong>in</strong></span> <span class='ocrx_word' id='word_1_575' title='bbox 3072 4040 3266 4095; x_wconf 86' lang='lat' dir='ltr'><strong>Cauti-</strong></span> 
     </span>
    </p>
   </div>
   <div class='ocr_carea' id='block_1_43' title="bbox 78 4120 3261 4201">
    <p class='ocr_par' dir='ltr' id='par_1_43' title="bbox 78 4120 3261 4201">
     <span class='ocr_line' id='line_1_43' title="bbox 78 4120 3261 4201; baseline 0.004 -31"><span class='ocrx_word' id='word_1_576' title='bbox 78 4120 138 4171; x_wconf 81' lang='lat' dir='ltr'><strong>eis</strong></span> <span class='ocrx_word' id='word_1_577' title='bbox 158 4128 474 4183; x_wconf 88' lang='lat' dir='ltr'><strong>canticorum</strong></span> <span class='ocrx_word' id='word_1_578' title='bbox 498 4150 511 4185; x_wconf 92' lang='lat'>:</span> <span class='ocrx_word' id='word_1_579' title='bbox 534 4150 555 4182; x_wconf 70' lang='grc' dir='ltr'><strong>ι</strong></span> <span class='ocrx_word' id='word_1_580' title='bbox 583 4129 743 4185; x_wconf 92' lang='lat' dir='ltr'><strong>Oculi</strong></span> <span class='ocrx_word' id='word_1_581' title='bbox 774 4132 851 4185; x_wconf 92' lang='lat' dir='ltr'><strong>tui</strong></span> <span class='ocrx_word' id='word_1_582' title='bbox 884 4131 1277 4186; x_wconf 67' lang='lat' dir='ltr'><strong>columbini“.i</strong></span> <span class='ocrx_word' id='word_1_583' title='bbox 1303 4129 1434 4183; x_wconf 84' lang='lat' dir='ltr'><strong>Nam</strong></span> <span class='ocrx_word' id='word_1_584' title='bbox 1457 4144 1622 4201; x_wconf 86' lang='lat' dir='ltr'><strong>opera</strong></span> <span class='ocrx_word' id='word_1_585' title='bbox 1655 4132 1943 4184; x_wconf 89' lang='lat' dir='ltr'><strong>oculorum</strong></span> <span class='ocrx_word' id='word_1_586' title='bbox 1971 4132 2054 4185; x_wconf 89' lang='lat' dir='ltr'><strong>usi</strong></span> <span class='ocrx_word' id='word_1_587' title='bbox 2090 4130 2476 4201; x_wconf 81' lang='lat' dir='ltr'><strong>perspeximus</strong></span> <span class='ocrx_word' id='word_1_588' title='bbox 2504 4130 2770 4184; x_wconf 88' lang='lat' dir='ltr'><strong>decorum</strong></span> <span class='ocrx_word' id='word_1_589' title='bbox 2800 4129 2969 4199; x_wconf 86' lang='lat' dir='ltr'><strong>hujus</strong></span> <span class='ocrx_word' id='word_1_590' title='bbox 3018 4130 3261 4184; x_wconf 89' lang='lat' dir='ltr'><strong>universi</strong></span> 
     </span>
    </p>
   </div>
   <div class='ocr_carea' id='block_1_44' title="bbox 80 4208 3264 4289">
    <p class='ocr_par' dir='ltr' id='par_1_44' title="bbox 80 4208 3264 4289">
     <span class='ocr_line' id='line_1_44' title="bbox 80 4208 3264 4289; baseline 0.002 -26"><span class='ocrx_word' id='word_1_591' title='bbox 80 4208 296 4279; x_wconf 72' lang='lat' dir='ltr'><strong>Ordinem,</strong></span> <span class='ocrx_word' id='word_1_592' title='bbox 330 4224 381 4270; x_wconf 90' lang='lat' dir='ltr'><strong>et</strong></span> <span class='ocrx_word' id='word_1_593' title='bbox 432 4218 563 4273; x_wconf 89' lang='lat' dir='ltr'><strong>inde</strong></span> <span class='ocrx_word' id='word_1_594' title='bbox 611 4219 973 4289; x_wconf 85' lang='lat' dir='ltr'><strong>cognovimus</strong></span> <span class='ocrx_word' id='word_1_595' title='bbox 1038 4233 1319 4274; x_wconf 88' lang='lat' dir='ltr'><strong>summum</strong></span> <span class='ocrx_word' id='word_1_596' title='bbox 1363 4218 1615 4288; x_wconf 82' lang='lat' dir='ltr'><strong>opificem</strong></span> <span class='ocrx_word' id='word_1_597' title='bbox 1678 4234 1887 4273; x_wconf 89' lang='lat' dir='ltr'><strong>rerum.</strong></span> <span class='ocrx_word' id='word_1_598' title='bbox 1941 4220 2210 4273; x_wconf 88' lang='lat' dir='ltr'><strong>Auditum</strong></span> <span class='ocrx_word' id='word_1_599' title='bbox 2244 4218 2524 4289; x_wconf 85' lang='lat' dir='ltr'><strong>significat</strong></span> <span class='ocrx_word' id='word_1_600' title='bbox 2555 4226 2764 4282; x_wconf 88' lang='lat' dir='ltr'><strong>turtur,</strong></span> <span class='ocrx_word' id='word_1_601' title='bbox 2796 4218 3264 4287; x_wconf 88' lang='lat' dir='ltr'><strong>quemadmodum</strong></span> 
     </span>
    </p>
   </div>
   <div class='ocr_carea' id='block_1_45' title="bbox 82 4302 3268 4376">
    <p class='ocr_par' dir='ltr' id='par_1_45' title="bbox 82 4302 3268 4376">
     <span class='ocr_line' id='line_1_45' title="bbox 82 4302 3268 4376; baseline 0.004 -28"><span class='ocrx_word' id='word_1_602' title='bbox 82 4310 220 4353; x_wconf 77' lang='lat' dir='ltr'><strong>monet</strong></span> <span class='ocrx_word' id='word_1_603' title='bbox 248 4302 368 4359; x_wconf 92' lang='lat' dir='ltr'><strong>illud</strong></span> <span class='ocrx_word' id='word_1_604' title='bbox 394 4304 650 4362; x_wconf 53' lang='lat' dir='ltr'><strong>Ieremia!</strong></span> <span class='ocrx_word' id='word_1_605' title='bbox 684 4325 697 4360; x_wconf 91' lang='lat'><strong>:</strong></span> <span class='ocrx_word' id='word_1_606' title='bbox 734 4326 753 4359; x_wconf 72' lang='grc' dir='ltr'><strong>ι</strong></span> <span class='ocrx_word' id='word_1_607' title='bbox 798 4309 1007 4362; x_wconf 87' lang='lat' dir='ltr'><strong>Turtur</strong></span> <span class='ocrx_word' id='word_1_608' title='bbox 1036 4316 1091 4361; x_wconf 90' lang='lat' dir='ltr'><strong>et</strong></span> <span class='ocrx_word' id='word_1_609' title='bbox 1126 4306 1387 4369; x_wconf 89' lang='lat' dir='ltr'><strong>hirundo,</strong></span> <span class='ocrx_word' id='word_1_610' title='bbox 1423 4322 1524 4361; x_wconf 91' lang='lat' dir='ltr'><strong>nec</strong></span> <span class='ocrx_word' id='word_1_611' title='bbox 1564 4321 1674 4360; x_wconf 92' lang='lat' dir='ltr'><strong>non</strong></span> <span class='ocrx_word' id='word_1_612' title='bbox 1709 4321 1961 4375; x_wconf 88' lang='lat' dir='ltr'><strong>passeres</strong></span> <span class='ocrx_word' id='word_1_613' title='bbox 1989 4308 2105 4375; x_wconf 89' lang='lat' dir='ltr'><strong>agri</strong></span> <span class='ocrx_word' id='word_1_614' title='bbox 2140 4308 2510 4362; x_wconf 87' lang='lat' dir='ltr'><strong>observarunt</strong></span> <span class='ocrx_word' id='word_1_615' title='bbox 2552 4316 2766 4376; x_wconf 91' lang='lat' dir='ltr'><strong>tempus</strong></span> <span class='ocrx_word' id='word_1_616' title='bbox 2802 4306 3067 4361; x_wconf 88' lang='lat' dir='ltr'><strong>introitus</strong></span> <span class='ocrx_word' id='word_1_617' title='bbox 3117 4305 3268 4375; x_wconf 85' lang='lat' dir='ltr'><strong>ipso-</strong></span> 
     </span>
    </p>
   </div>
   <div class='ocr_carea' id='block_1_46' title="bbox 83 4390 3265 4464">
    <p class='ocr_par' dir='ltr' id='par_1_46' title="bbox 83 4390 3265 4464">
     <span class='ocr_line' id='line_1_46' title="bbox 83 4390 3265 4464; baseline 0.001 -21"><span class='ocrx_word' id='word_1_618' title='bbox 83 4398 189 4450; x_wconf 74' lang='lat' dir='ltr'><strong>tum,</strong></span> <span class='ocrx_word' id='word_1_619' title='bbox 215 4390 234 4420; x_wconf 78' lang='grc'><strong>⁸</strong></span> <span class='ocrx_word' id='word_1_620' title='bbox 264 4409 280 4442; x_wconf 78' lang='grc' dir='ltr'><strong>ι</strong></span> <span class='ocrx_word' id='word_1_621' title='bbox 314 4394 361 4446; x_wconf 93' lang='lat' dir='ltr'><strong>id</strong></span> <span class='ocrx_word' id='word_1_622' title='bbox 386 4403 496 4457; x_wconf 87' lang='lat' dir='ltr'><strong>est,</strong></span> <span class='ocrx_word' id='word_1_623' title='bbox 545 4395 853 4464; x_wconf 90' lang='lat' dir='ltr'><strong>prudentes</strong></span> <span class='ocrx_word' id='word_1_624' title='bbox 900 4394 1181 4448; x_wconf 89' lang='lat' dir='ltr'><strong>auditores</strong></span> <span class='ocrx_word' id='word_1_625' title='bbox 1220 4401 1271 4446; x_wconf 90' lang='lat' dir='ltr'><strong>et</strong></span> <span class='ocrx_word' id='word_1_626' title='bbox 1299 4392 1581 4458; x_wconf 86' lang='lat' dir='ltr'><strong>doctores,</strong></span> <span class='ocrx_word' id='word_1_627' title='bbox 1620 4396 1713 4463; x_wconf 90' lang='lat' dir='ltr'><strong>qui</strong></span> <span class='ocrx_word' id='word_1_628' title='bbox 1756 4394 1962 4464; x_wconf 92' lang='lat' dir='ltr'><strong>pollent</strong></span> <span class='ocrx_word' id='word_1_629' title='bbox 1994 4394 2257 4449; x_wconf 79' lang='lat' dir='ltr'><strong>facultate</strong></span> <span class='ocrx_word' id='word_1_630' title='bbox 2288 4394 2550 4457; x_wconf 87' lang='lat' dir='ltr'><strong>docendi,</strong></span> <span class='ocrx_word' id='word_1_631' title='bbox 2581 4402 2789 4448; x_wconf 90' lang='lat' dir='ltr'><strong>norunt</strong></span> <span class='ocrx_word' id='word_1_632' title='bbox 2830 4393 3051 4462; x_wconf 85' lang='lat' dir='ltr'><strong>quando</strong></span> <span class='ocrx_word' id='word_1_633' title='bbox 3088 4394 3265 4446; x_wconf 88' lang='lat' dir='ltr'><strong>intro-</strong></span> 
     </span>
    </p>
   </div>
   <div class='ocr_carea' id='block_1_47' title="bbox 82 4476 3264 4552">
    <p class='ocr_par' dir='ltr' id='par_1_47' title="bbox 82 4476 3264 4552">
     <span class='ocr_line' id='line_1_47' title="bbox 82 4476 3264 4552; baseline 0.003 -31"><span class='ocrx_word' id='word_1_634' title='bbox 82 4476 268 4531; x_wconf 86' lang='lat' dir='ltr'><strong>cundum</strong></span> <span class='ocrx_word' id='word_1_635' title='bbox 313 4482 380 4535; x_wconf 90' lang='lat' dir='ltr'><strong>sit</strong></span> <span class='ocrx_word' id='word_1_636' title='bbox 411 4482 475 4536; x_wconf 92' lang='lat' dir='ltr'><strong>ad</strong></span> <span class='ocrx_word' id='word_1_637' title='bbox 530 4483 855 4548; x_wconf 87' lang='lat' dir='ltr'><strong>dicendum,</strong></span> <span class='ocrx_word' id='word_1_638' title='bbox 888 4490 942 4537; x_wconf 89' lang='lat' dir='ltr'><strong>et</strong></span> <span class='ocrx_word' id='word_1_639' title='bbox 976 4479 1200 4551; x_wconf 89' lang='lat' dir='ltr'><strong>quando</strong></span> <span class='ocrx_word' id='word_1_640' title='bbox 1233 4480 1485 4535; x_wconf 87' lang='lat' dir='ltr'><strong>doctrina</strong></span> <span class='ocrx_word' id='word_1_641' title='bbox 1532 4495 1724 4535; x_wconf 88' lang='lat' dir='ltr'><strong>eorum</strong></span> <span class='ocrx_word' id='word_1_642' title='bbox 1767 4483 1945 4552; x_wconf 85' lang='lat' dir='ltr'><strong>possit</strong></span> <span class='ocrx_word' id='word_1_643' title='bbox 1983 4484 2272 4538; x_wconf 89' lang='lat' dir='ltr'><strong>commode</strong></span> <span class='ocrx_word' id='word_1_644' title='bbox 2320 4483 2537 4537; x_wconf 89' lang='lat' dir='ltr'><strong>infundi</strong></span> <span class='ocrx_word' id='word_1_645' title='bbox 2576 4483 2631 4536; x_wconf 90' lang='lat' dir='ltr'><strong>in</strong></span> <span class='ocrx_word' id='word_1_646' title='bbox 2682 4482 2899 4535; x_wconf 88' lang='lat' dir='ltr'><strong>animos</strong></span> <span class='ocrx_word' id='word_1_647' title='bbox 2928 4481 3264 4546; x_wconf 89' lang='lat' dir='ltr'><strong>auditorum,</strong></span> 
     </span>
    </p>
   </div>
   <div class='ocr_carea' id='block_1_48' title="bbox 84 4564 3267 4639">
    <p class='ocr_par' dir='ltr' id='par_1_48' title="bbox 84 4564 3267 4639">
     <span class='ocr_line' id='line_1_48' title="bbox 84 4564 3267 4639; baseline 0.001 -24"><span class='ocrx_word' id='word_1_648' title='bbox 84 4573 387 4624; x_wconf 76' lang='lat' dir='ltr'><strong>t‘nncurrente</strong></span> <span class='ocrx_word' id='word_1_649' title='bbox 420 4571 641 4625; x_wconf 86' lang='lat' dir='ltr'><strong>scilicet</strong></span> <span class='ocrx_word' id='word_1_650' title='bbox 691 4571 918 4625; x_wconf 84' lang='lat' dir='ltr'><strong>introitu</strong></span> <span class='ocrx_word' id='word_1_651' title='bbox 954 4568 1271 4623; x_wconf 88' lang='lat' dir='ltr'><strong>hirundinis</strong></span> <span class='ocrx_word' id='word_1_652' title='bbox 1317 4578 1367 4623; x_wconf 89' lang='lat' dir='ltr'><strong>et</strong></span> <span class='ocrx_word' id='word_1_653' title='bbox 1416 4569 1673 4622; x_wconf 90' lang='lat' dir='ltr'><strong>turturis.</strong></span> <span class='ocrx_word' id='word_1_654' title='bbox 1718 4568 1923 4625; x_wconf 84' lang='lat' dir='ltr'><strong>Verum</strong></span> <span class='ocrx_word' id='word_1_655' title='bbox 1960 4584 2270 4631; x_wconf 89' lang='lat' dir='ltr'><strong>sermones,</strong></span> <span class='ocrx_word' id='word_1_656' title='bbox 2308 4570 2475 4639; x_wconf 86' lang='lat' dir='ltr'><strong>quasi</strong></span> <span class='ocrx_word' id='word_1_657' title='bbox 2500 4570 2599 4624; x_wconf 74' lang='lat' dir='ltr'><strong>ala:</strong></span> <span class='ocrx_word' id='word_1_658' title='bbox 2631 4568 2907 4638; x_wconf 65' lang='lat' dir='ltr'><strong>qumdam,</strong></span> <span class='ocrx_word' id='word_1_659' title='bbox 2950 4581 3051 4619; x_wconf 90' lang='lat' dir='ltr'><strong>nos</strong></span> <span class='ocrx_word' id='word_1_660' title='bbox 3089 4564 3141 4619; x_wconf 88' lang='lat' dir='ltr'><strong>in</strong></span> <span class='ocrx_word' id='word_1_661' title='bbox 3176 4581 3267 4619; x_wconf 88' lang='lat' dir='ltr'><strong>su-</strong></span> 
     </span>
    </p>
   </div>
   <div class='ocr_carea' id='block_1_49' title="bbox 86 4644 3274 4727">
    <p class='ocr_par' dir='ltr' id='par_1_49' title="bbox 86 4644 3274 4727">
     <span class='ocr_line' id='line_1_49' title="bbox 86 4644 3274 4727; baseline 0 -23"><span class='ocrx_word' id='word_1_662' title='bbox 86 4644 210 4704; x_wconf 64' lang='lat' dir='ltr'><strong>ltlime</strong></span> <span class='ocrx_word' id='word_1_663' title='bbox 230 4655 550 4712; x_wconf 86' lang='lat' dir='ltr'><strong>subvehunt.</strong></span> <span class='ocrx_word' id='word_1_664' title='bbox 589 4657 823 4712; x_wconf 91' lang='lat' dir='ltr'><strong>Tactum</strong></span> <span class='ocrx_word' id='word_1_665' title='bbox 858 4657 1135 4727; x_wconf 82' lang='lat' dir='ltr'><strong>significat</strong></span> <span class='ocrx_word' id='word_1_666' title='bbox 1164 4657 1284 4719; x_wconf 89' lang='lat' dir='ltr'><strong>bos,</strong></span> <span class='ocrx_word' id='word_1_667' title='bbox 1320 4657 1413 4726; x_wconf 89' lang='lat' dir='ltr'><strong>qui</strong></span> <span class='ocrx_word' id='word_1_668' title='bbox 1443 4657 1797 4727; x_wconf 67' lang='lat' dir='ltr'><strong>agriculturae</strong></span> <span class='ocrx_word' id='word_1_669' title='bbox 1832 4667 2191 4711; x_wconf 83' lang='lat' dir='ltr'><strong>Consecratus</strong></span> <span class='ocrx_word' id='word_1_670' title='bbox 2223 4666 2334 4710; x_wconf 85' lang='lat' dir='ltr'><strong>est.</strong></span> <span class='ocrx_word' id='word_1_671' title='bbox 2365 4654 2499 4708; x_wconf 80' lang='lat' dir='ltr'><strong>Nam</strong></span> <span class='ocrx_word' id='word_1_672' title='bbox 2533 4663 2713 4709; x_wconf 88' lang='lat' dir='ltr'><strong>tactus</strong></span> <span class='ocrx_word' id='word_1_673' title='bbox 2745 4670 2857 4723; x_wconf 71' lang='lat' dir='ltr'><strong>pra:</strong></span> <span class='ocrx_word' id='word_1_674' title='bbox 2889 4653 3119 4721; x_wconf 86' lang='lat' dir='ltr'><strong>reliquis</strong></span> <span class='ocrx_word' id='word_1_675' title='bbox 3146 4668 3274 4706; x_wconf 85' lang='lat' dir='ltr'><strong>sen—</strong></span> 
     </span>
    </p>
   </div>
   <div class='ocr_carea' id='block_1_50' title="bbox 87 4732 3270 4815">
    <p class='ocr_par' dir='ltr' id='par_1_50' title="bbox 87 4732 3270 4815">
     <span class='ocr_line' id='line_1_50' title="bbox 87 4732 3270 4815; baseline 0.002 -32"><span class='ocrx_word' id='word_1_676' title='bbox 87 4732 201 4791; x_wconf 84' lang='lat' dir='ltr'><strong>sibus</strong></span> <span class='ocrx_word' id='word_1_677' title='bbox 223 4746 369 4797; x_wconf 67' lang='lat' dir='ltr'><strong>terra:</strong></span> <span class='ocrx_word' id='word_1_678' title='bbox 400 4745 763 4815; x_wconf 86' lang='lat' dir='ltr'><strong>conjunctior</strong></span> <span class='ocrx_word' id='word_1_679' title='bbox 804 4754 907 4800; x_wconf 88' lang='lat' dir='ltr'><strong>est.</strong></span> <span class='ocrx_word' id='word_1_680' title='bbox 940 4742 1082 4798; x_wconf 82' lang='lat' dir='ltr'><strong>Hinc</strong></span> <span class='ocrx_word' id='word_1_681' title='bbox 1119 4744 1378 4797; x_wconf 88' lang='lat' dir='ltr'><strong>nimirum</strong></span> <span class='ocrx_word' id='word_1_682' title='bbox 1426 4743 1680 4799; x_wconf 90' lang='lat' dir='ltr'><strong>lssachar</strong></span> <span class='ocrx_word' id='word_1_683' title='bbox 1729 4744 2000 4815; x_wconf 84' lang='lat' dir='ltr'><strong>appetivit</strong></span> <span class='ocrx_word' id='word_1_684' title='bbox 2032 4745 2237 4797; x_wconf 90' lang='lat' dir='ltr'><strong>bonum</strong></span> <span class='ocrx_word' id='word_1_685' title='bbox 2272 4743 2633 4812; x_wconf 85' lang='lat' dir='ltr'><strong>requiescens</strong></span> <span class='ocrx_word' id='word_1_686' title='bbox 2681 4742 2736 4795; x_wconf 88' lang='lat' dir='ltr'><strong>in</strong></span> <span class='ocrx_word' id='word_1_687' title='bbox 2774 4740 2959 4794; x_wconf 89' lang='lat' dir='ltr'><strong>medio</strong></span> <span class='ocrx_word' id='word_1_688' title='bbox 3010 4740 3270 4804; x_wconf 89' lang='lat' dir='ltr'><strong>sortium,</strong></span> 
     </span>
    </p>
   </div>
   <div class='ocr_carea' id='block_1_51' title="bbox 89 4820 3278 4901">
    <p class='ocr_par' dir='ltr' id='par_1_51' title="bbox 89 4820 3278 4901">
     <span class='ocr_line' id='line_1_51' title="bbox 89 4820 3278 4901; baseline 0.004 -33"><span class='ocrx_word' id='word_1_689' title='bbox 89 4820 212 4877; x_wconf 87' lang='lat' dir='ltr'><strong>siculi</strong></span> <span class='ocrx_word' id='word_1_690' title='bbox 240 4830 485 4899; x_wconf 88' lang='lat' dir='ltr'><strong>scriptum</strong></span> <span class='ocrx_word' id='word_1_691' title='bbox 517 4841 605 4887; x_wconf 89' lang='lat' dir='ltr'><strong>est</strong></span> <span class='ocrx_word' id='word_1_692' title='bbox 634 4851 648 4888; x_wconf 86' lang='lat'><strong>:</strong></span> <span class='ocrx_word' id='word_1_693' title='bbox 687 4853 704 4885; x_wconf 74' lang='grc' dir='ltr'><strong>ι</strong></span> <span class='ocrx_word' id='word_1_694' title='bbox 745 4831 967 4887; x_wconf 84' lang='lat' dir='ltr'><strong>Etvidit</strong></span> <span class='ocrx_word' id='word_1_695' title='bbox 999 4831 1246 4901; x_wconf 87' lang='lat' dir='ltr'><strong>requiem</strong></span> <span class='ocrx_word' id='word_1_696' title='bbox 1278 4829 1428 4900; x_wconf 90' lang='lat' dir='ltr'><strong>quod</strong></span> <span class='ocrx_word' id='word_1_697' title='bbox 1460 4842 1605 4885; x_wconf 90' lang='lat' dir='ltr'><strong>esset</strong></span> <span class='ocrx_word' id='word_1_698' title='bbox 1634 4832 1801 4896; x_wconf 90' lang='lat' dir='ltr'><strong>hona,</strong></span> <span class='ocrx_word' id='word_1_699' title='bbox 1832 4839 1886 4886; x_wconf 88' lang='lat' dir='ltr'><strong>et</strong></span> <span class='ocrx_word' id='word_1_700' title='bbox 1920 4840 2121 4885; x_wconf 89' lang='lat' dir='ltr'><strong>terram</strong></span> <span class='ocrx_word' id='word_1_701' title='bbox 2154 4830 2302 4899; x_wconf 91' lang='lat' dir='ltr'><strong>quod</strong></span> <span class='ocrx_word' id='word_1_702' title='bbox 2328 4836 2471 4884; x_wconf 87' lang='lat' dir='ltr'><strong>esset</strong></span> <span class='ocrx_word' id='word_1_703' title='bbox 2511 4828 2684 4892; x_wconf 74' lang='lat' dir='ltr'><strong>ferax,</strong></span> <span class='ocrx_word' id='word_1_704' title='bbox 2719 4836 2772 4883; x_wconf 90' lang='lat' dir='ltr'><strong>et</strong></span> <span class='ocrx_word' id='word_1_705' title='bbox 2793 4827 3056 4883; x_wconf 85' lang='lat' dir='ltr'><strong>submisit</strong></span> <span class='ocrx_word' id='word_1_706' title='bbox 3089 4829 3278 4881; x_wconf 76' lang='lat' dir='ltr'><strong>hume—</strong></span> 
     </span>
    </p>
   </div>
   <div class='ocr_carea' id='block_1_52' title="bbox 90 4914 3274 4988">
    <p class='ocr_par' dir='ltr' id='par_1_52' title="bbox 90 4914 3274 4988">
     <span class='ocr_line' id='line_1_52' title="bbox 90 4914 3274 4988; baseline 0.004 -32"><span class='ocrx_word' id='word_1_707' title='bbox 90 4920 178 4961; x_wconf 89' lang='lat' dir='ltr'><strong>rum</strong></span> <span class='ocrx_word' id='word_1_708' title='bbox 208 4914 265 4967; x_wconf 90' lang='lat' dir='ltr'><strong>ad</strong></span> <span class='ocrx_word' id='word_1_709' title='bbox 296 4916 677 4983; x_wconf 88' lang='lat' dir='ltr'><strong>laborandum,</strong></span> <span class='ocrx_word' id='word_1_710' title='bbox 701 4930 753 4975; x_wconf 89' lang='lat' dir='ltr'><strong>et</strong></span> <span class='ocrx_word' id='word_1_711' title='bbox 793 4918 969 4974; x_wconf 86' lang='lat' dir='ltr'><strong>factus</strong></span> <span class='ocrx_word' id='word_1_712' title='bbox 1003 4929 1088 4974; x_wconf 89' lang='lat' dir='ltr'><strong>est</strong></span> <span class='ocrx_word' id='word_1_713' title='bbox 1118 4918 1368 4988; x_wconf 82' lang='lat' dir='ltr'><strong>agricola</strong></span> <span class='ocrx_word' id='word_1_714' title='bbox 1395 4918 1438 4973; x_wconf 71' lang='lat'><strong>7.</strong></span> <span class='ocrx_word' id='word_1_715' title='bbox 1483 4937 1500 4969; x_wconf 76' lang='grc' dir='ltr'><strong>ι</strong></span> <span class='ocrx_word' id='word_1_716' title='bbox 1528 4916 1800 4972; x_wconf 82' lang='lat' dir='ltr'><strong>Nimirum</strong></span> <span class='ocrx_word' id='word_1_717' title='bbox 1833 4926 1983 4972; x_wconf 90' lang='lat' dir='ltr'><strong>tactu</strong></span> <span class='ocrx_word' id='word_1_718' title='bbox 2012 4917 2295 4987; x_wconf 90' lang='lat' dir='ltr'><strong>cognovit,</strong></span> <span class='ocrx_word' id='word_1_719' title='bbox 2324 4932 2434 4987; x_wconf 90' lang='lat' dir='ltr'><strong>quo</strong></span> <span class='ocrx_word' id='word_1_720' title='bbox 2467 4926 2635 4987; x_wconf 90' lang='lat' dir='ltr'><strong>pacto</strong></span> <span class='ocrx_word' id='word_1_721' title='bbox 2661 4925 2809 4971; x_wconf 92' lang='lat' dir='ltr'><strong>terra</strong></span> <span class='ocrx_word' id='word_1_722' title='bbox 2841 4924 2989 4971; x_wconf 79' lang='lat' dir='ltr'><strong>esset</strong></span> <span class='ocrx_word' id='word_1_723' title='bbox 3015 4916 3274 4969; x_wconf 82' lang='lat' dir='ltr'><strong>excolen—</strong></span> 
     </span>
    </p>
   </div>
   <div class='ocr_carea' id='block_1_53' title="bbox 88 4992 3277 5077">
    <p class='ocr_par' dir='ltr' id='par_1_53' title="bbox 88 4992 3277 5077">
     <span class='ocr_line' id='line_1_53' title="bbox 88 4992 3277 5077; baseline 0.004 -30"><span class='ocrx_word' id='word_1_724' title='bbox 88 4992 153 5047; x_wconf 73' lang='lat' dir='ltr'><strong>da.</strong></span> <span class='ocrx_word' id='word_1_725' title='bbox 178 4996 380 5058; x_wconf 82' lang='lat' dir='ltr'><strong>Gustum</strong></span> <span class='ocrx_word' id='word_1_726' title='bbox 408 5009 567 5062; x_wconf 86' lang='lat' dir='ltr'><strong>nobis</strong></span> <span class='ocrx_word' id='word_1_727' title='bbox 594 5008 663 5061; x_wconf 90' lang='lat' dir='ltr'><strong>ob</strong></span> <span class='ocrx_word' id='word_1_728' title='bbox 701 5009 898 5063; x_wconf 89' lang='lat' dir='ltr'><strong>oculos</strong></span> <span class='ocrx_word' id='word_1_729' title='bbox 942 5008 1098 5077; x_wconf 87' lang='lat' dir='ltr'><strong>ponit</strong></span> <span class='ocrx_word' id='word_1_730' title='bbox 1143 5007 1288 5069; x_wconf 88' lang='lat' dir='ltr'><strong>ovis,</strong></span> <span class='ocrx_word' id='word_1_731' title='bbox 1333 5008 1796 5075; x_wconf 84' lang='lat' dir='ltr'><strong>quemadmodum</strong></span> <span class='ocrx_word' id='word_1_732' title='bbox 1841 5007 2079 5060; x_wconf 85' lang='lat' dir='ltr'><strong>traditur</strong></span> <span class='ocrx_word' id='word_1_733' title='bbox 2115 5006 2169 5060; x_wconf 92' lang='lat' dir='ltr'><strong>in</strong></span> <span class='ocrx_word' id='word_1_734' title='bbox 2204 5005 2452 5061; x_wconf 88' lang='lat' dir='ltr'><strong>Canticis</strong></span> <span class='ocrx_word' id='word_1_735' title='bbox 2505 5007 2853 5061; x_wconf 85' lang='lat' dir='ltr'><strong>canticorum</strong></span> <span class='ocrx_word' id='word_1_736' title='bbox 2886 5022 2900 5060; x_wconf 88' lang='lat'>:</span> <span class='ocrx_word' id='word_1_737' title='bbox 2935 5023 2953 5056; x_wconf 83' lang='lat' dir='ltr'><strong>t</strong></span> <span class='ocrx_word' id='word_1_738' title='bbox 2989 5004 3051 5059; x_wconf 88' lang='lat' dir='ltr'><strong>Ut</strong></span> <span class='ocrx_word' id='word_1_739' title='bbox 3084 5021 3277 5075; x_wconf 79' lang='lat' dir='ltr'><strong>greges</strong></span> 
     </span>
    </p>
   </div>
   <div class='ocr_carea' id='block_1_54' title="bbox 90 5083 3274 5165">
    <p class='ocr_par' dir='ltr' id='par_1_54' title="bbox 90 5083 3274 5165">
     <span class='ocr_line' id='line_1_54' title="bbox 90 5083 3274 5165; baseline 0.005 -37"><span class='ocrx_word' id='word_1_740' title='bbox 90 5083 228 5138; x_wconf 84' lang='lat' dir='ltr'><strong>ovium</strong></span> <span class='ocrx_word' id='word_1_741' title='bbox 264 5098 550 5159; x_wconf 89' lang='lat' dir='ltr'><strong>tonsarum,</strong></span> <span class='ocrx_word' id='word_1_742' title='bbox 589 5110 712 5165; x_wconf 69' lang='lat' dir='ltr'><strong>quae</strong></span> <span class='ocrx_word' id='word_1_743' title='bbox 752 5094 1124 5150; x_wconf 90' lang='lat' dir='ltr'><strong>ascenderunt</strong></span> <span class='ocrx_word' id='word_1_744' title='bbox 1150 5109 1180 5149; x_wconf 92' lang='lat' dir='ltr'><strong>e</strong></span> <span class='ocrx_word' id='word_1_745' title='bbox 1204 5098 1448 5147; x_wconf 88' lang='lat' dir='ltr'><strong>lavacro.</strong></span> <span class='ocrx_word' id='word_1_746' title='bbox 1479 5094 1500 5125; x_wconf 78' lang='grc'>⁸</span> <span class='ocrx_word' id='word_1_747' title='bbox 1538 5112 1556 5144; x_wconf 74' lang='grc' dir='ltr'><strong>ι</strong></span> <span class='ocrx_word' id='word_1_748' title='bbox 1586 5090 1788 5148; x_wconf 81' lang='lat' dir='ltr'><strong>Verum</strong></span> <span class='ocrx_word' id='word_1_749' title='bbox 1828 5109 2049 5165; x_wconf 85' lang='lat' dir='ltr'><strong>capram</strong></span> <span class='ocrx_word' id='word_1_750' title='bbox 2080 5093 2323 5163; x_wconf 86' lang='lat' dir='ltr'><strong>intellige</strong></span> <span class='ocrx_word' id='word_1_751' title='bbox 2348 5094 2508 5149; x_wconf 88' lang='lat' dir='ltr'><strong>nobis</strong></span> <span class='ocrx_word' id='word_1_752' title='bbox 2543 5093 2597 5147; x_wconf 92' lang='lat' dir='ltr'><strong>in</strong></span> <span class='ocrx_word' id='word_1_753' title='bbox 2634 5103 2873 5148; x_wconf 89' lang='lat' dir='ltr'><strong>mentem</strong></span> <span class='ocrx_word' id='word_1_754' title='bbox 2903 5108 3167 5147; x_wconf 89' lang='lat' dir='ltr'><strong>revocare</strong></span> <span class='ocrx_word' id='word_1_755' title='bbox 3190 5094 3274 5143; x_wconf 86' lang='lat' dir='ltr'><strong>ol-</strong></span> 
     </span>
    </p>
   </div>
   <div class='ocr_carea' id='block_1_55' title="bbox 92 5166 3278 5256">
    <p class='ocr_par' dir='ltr' id='par_1_55' title="bbox 92 5166 3278 5256">
     <span class='ocr_line' id='line_1_55' title="bbox 92 5166 3278 5256; baseline 0.001 -29"><span class='ocrx_word' id='word_1_756' title='bbox 92 5166 441 5247; x_wconf 78' lang='lat' dir='ltr'><strong>326factum,</strong></span> <span class='ocrx_word' id='word_1_757' title='bbox 469 5184 515 5236; x_wconf 92' lang='lat' dir='ltr'><strong>si</strong></span> <span class='ocrx_word' id='word_1_758' title='bbox 554 5183 718 5236; x_wconf 90' lang='lat' dir='ltr'><strong>modo</strong></span> <span class='ocrx_word' id='word_1_759' title='bbox 754 5182 1037 5251; x_wconf 87' lang='lat' dir='ltr'><strong>possimus</strong></span> <span class='ocrx_word' id='word_1_760' title='bbox 1081 5180 1333 5234; x_wconf 86' lang='lat' dir='ltr'><strong>invenire</strong></span> <span class='ocrx_word' id='word_1_761' title='bbox 1373 5180 1711 5250; x_wconf 81' lang='lat' dir='ltr'><strong>exemplum,</strong></span> <span class='ocrx_word' id='word_1_762' title='bbox 1738 5197 1848 5256; x_wconf 80' lang='lat' dir='ltr'><strong>quo</strong></span> <span class='ocrx_word' id='word_1_763' title='bbox 1883 5180 1936 5234; x_wconf 91' lang='lat' dir='ltr'><strong>id</strong></span> <span class='ocrx_word' id='word_1_764' title='bbox 1978 5183 2397 5236; x_wconf 88' lang='lat' dir='ltr'><strong>conlirmemus.</strong></span> <span class='ocrx_word' id='word_1_765' title='bbox 2431 5182 2737 5243; x_wconf 81' lang='lat' dir='ltr'><strong>Animalia,</strong></span> <span class='ocrx_word' id='word_1_766' title='bbox 2765 5196 2887 5251; x_wconf 65' lang='lat' dir='ltr'><strong>quae</strong></span> <span class='ocrx_word' id='word_1_767' title='bbox 2916 5181 3278 5233; x_wconf 84' lang='lat' dir='ltr'><strong>itmuolantnr</strong></span> 
     </span>
    </p>
   </div>
   <div class='ocr_carea' id='block_1_56' title="bbox 95 5262 3279 5338">
    <p class='ocr_par' dir='ltr' id='par_1_56' title="bbox 95 5262 3279 5338">
     <span class='ocr_line' id='line_1_56' title="bbox 95 5262 3279 5338; baseline 0.004 -33"><span class='ocrx_word' id='word_1_768' title='bbox 95 5262 134 5305; x_wconf 82' lang='lat' dir='ltr'><strong>et</strong></span> <span class='ocrx_word' id='word_1_769' title='bbox 158 5272 244 5315; x_wconf 72' lang='lat' dir='ltr'><strong>ara:</strong></span> <span class='ocrx_word' id='word_1_770' title='bbox 269 5263 635 5335; x_wconf 88' lang='lat' dir='ltr'><strong>imponuntur,</strong></span> <span class='ocrx_word' id='word_1_771' title='bbox 672 5277 789 5324; x_wconf 89' lang='lat' dir='ltr'><strong>tres</strong></span> <span class='ocrx_word' id='word_1_772' title='bbox 833 5270 1280 5338; x_wconf 85' lang='lat' dir='ltr'><strong>complectuntur</strong></span> <span class='ocrx_word' id='word_1_773' title='bbox 1322 5276 1541 5333; x_wconf 61' lang='lat' dir='ltr'><strong>aetates,</strong></span> <span class='ocrx_word' id='word_1_774' title='bbox 1577 5268 1885 5323; x_wconf 87' lang='lat' dir='ltr'><strong>secundum</strong></span> <span class='ocrx_word' id='word_1_775' title='bbox 1928 5282 2073 5337; x_wconf 89' lang='lat' dir='ltr'><strong>quas</strong></span> <span class='ocrx_word' id='word_1_776' title='bbox 2108 5276 2512 5323; x_wconf 88' lang='lat' dir='ltr'><strong>consecrantur</strong></span> <span class='ocrx_word' id='word_1_777' title='bbox 2558 5268 2812 5323; x_wconf 89' lang='lat' dir='ltr'><strong>Domino.</strong></span> <span class='ocrx_word' id='word_1_778' title='bbox 2863 5266 3000 5320; x_wconf 84' lang='lat' dir='ltr'><strong>Nam</strong></span> <span class='ocrx_word' id='word_1_779' title='bbox 3033 5264 3279 5318; x_wconf 75' lang='lat' dir='ltr'><strong>Joannes</strong></span> 
     </span>
    </p>
   </div>
   <div class='ocr_carea' id='block_1_57' title="bbox 98 5340 3273 5425">
    <p class='ocr_par' dir='ltr' id='par_1_57' title="bbox 98 5340 3273 5425">
     <span class='ocr_line' id='line_1_57' title="bbox 98 5340 3273 5425; baseline 0.001 -25"><span class='ocrx_word' id='word_1_780' title='bbox 98 5340 138 5394; x_wconf 77' lang='lat' dir='ltr'><strong>in</strong></span> <span class='ocrx_word' id='word_1_781' title='bbox 164 5361 243 5402; x_wconf 87' lang='lat' dir='ltr'><strong>sua</strong></span> <span class='ocrx_word' id='word_1_782' title='bbox 272 5351 495 5422; x_wconf 84' lang='lat' dir='ltr'><strong>Epistola</strong></span> <span class='ocrx_word' id='word_1_783' title='bbox 520 5366 753 5411; x_wconf 85' lang='lat' dir='ltr'><strong>annotat</strong></span> <span class='ocrx_word' id='word_1_784' title='bbox 776 5367 889 5411; x_wconf 89' lang='lat' dir='ltr'><strong>tres</strong></span> <span class='ocrx_word' id='word_1_785' title='bbox 919 5364 1133 5417; x_wconf 54' lang='lat' dir='ltr'><strong>anates,</strong></span> <span class='ocrx_word' id='word_1_786' title='bbox 1169 5370 1291 5425; x_wconf 71' lang='lat' dir='ltr'><strong>qua:</strong></span> <span class='ocrx_word' id='word_1_787' title='bbox 1322 5355 1607 5409; x_wconf 88' lang='lat' dir='ltr'><strong>intellectu</strong></span> <span class='ocrx_word' id='word_1_788' title='bbox 1639 5356 1869 5425; x_wconf 83' lang='lat' dir='ltr'><strong>pollent,</strong></span> <span class='ocrx_word' id='word_1_789' title='bbox 1906 5366 1959 5410; x_wconf 85' lang='lat' dir='ltr'><strong>et</strong></span> <span class='ocrx_word' id='word_1_790' title='bbox 2003 5358 2056 5409; x_wconf 92' lang='lat' dir='ltr'><strong>in</strong></span> <span class='ocrx_word' id='word_1_791' title='bbox 2095 5356 2242 5411; x_wconf 90' lang='lat' dir='ltr'><strong>hunc</strong></span> <span class='ocrx_word' id='word_1_792' title='bbox 2264 5356 2487 5411; x_wconf 80' lang='lat' dir='ltr'><strong>modum</strong></span> <span class='ocrx_word' id='word_1_793' title='bbox 2520 5374 2534 5410; x_wconf 75' lang='grc' dir='ltr'><strong>ε</strong></span> <span class='ocrx_word' id='word_1_794' title='bbox 2576 5372 2595 5406; x_wconf 76' lang='grc' dir='ltr'><strong>ι</strong></span> <span class='ocrx_word' id='word_1_795' title='bbox 2630 5354 2826 5409; x_wconf 88' lang='lat' dir='ltr'><strong>Scribo</strong></span> <span class='ocrx_word' id='word_1_796' title='bbox 2860 5354 3019 5407; x_wconf 89' lang='lat' dir='ltr'><strong>vobis</strong></span> <span class='ocrx_word' id='word_1_797' title='bbox 3044 5393 3059 5417; x_wconf 94' lang='lat'><strong>,</strong></span> <span class='ocrx_word' id='word_1_798' title='bbox 3096 5353 3273 5414; x_wconf 85' lang='lat' dir='ltr'><strong>filioli,</strong></span> 
     </span>
    </p>
   </div>
   <div class='ocr_carea' id='block_1_58' title="bbox 98 5434 3281 5513">
    <p class='ocr_par' dir='ltr' id='par_1_58' title="bbox 98 5434 3281 5513">
     <span class='ocr_line' id='line_1_58' title="bbox 98 5434 3281 5513; baseline -0.002 -16"><span class='ocrx_word' id='word_1_799' title='bbox 98 5434 199 5497; x_wconf 66' lang='lat' dir='ltr'><strong>(lilia</strong></span> <span class='ocrx_word' id='word_1_800' title='bbox 221 5445 533 5511; x_wconf 79' lang='lat' dir='ltr'><strong>cognovistis</strong></span> <span class='ocrx_word' id='word_1_801' title='bbox 556 5444 797 5501; x_wconf 87' lang='lat' dir='ltr'><strong>Patrem.</strong></span> <span class='ocrx_word' id='word_1_802' title='bbox 824 5444 1022 5499; x_wconf 87' lang='lat' dir='ltr'><strong>Scribo</strong></span> <span class='ocrx_word' id='word_1_803' title='bbox 1050 5444 1229 5509; x_wconf 89' lang='lat' dir='ltr'><strong>vobis,</strong></span> <span class='ocrx_word' id='word_1_804' title='bbox 1266 5443 1675 5507; x_wconf 85' lang='lat' dir='ltr'><strong>adolescentes,</strong></span> <span class='ocrx_word' id='word_1_805' title='bbox 1710 5444 1837 5513; x_wconf 83' lang='lat' dir='ltr'><strong>quia</strong></span> <span class='ocrx_word' id='word_1_806' title='bbox 1866 5446 2035 5499; x_wconf 80' lang='lat' dir='ltr'><strong>fortes</strong></span> <span class='ocrx_word' id='word_1_807' title='bbox 2073 5444 2235 5509; x_wconf 86' lang='lat' dir='ltr'><strong>estis,</strong></span> <span class='ocrx_word' id='word_1_808' title='bbox 2279 5453 2334 5499; x_wconf 90' lang='lat' dir='ltr'><strong>et</strong></span> <span class='ocrx_word' id='word_1_809' title='bbox 2380 5443 2593 5499; x_wconf 89' lang='lat' dir='ltr'><strong>vicistis</strong></span> <span class='ocrx_word' id='word_1_810' title='bbox 2645 5442 2801 5495; x_wconf 92' lang='lat' dir='ltr'><strong>illum</strong></span> <span class='ocrx_word' id='word_1_811' title='bbox 2862 5440 3087 5494; x_wconf 88' lang='lat' dir='ltr'><strong>malum.</strong></span> <span class='ocrx_word' id='word_1_812' title='bbox 3134 5437 3281 5493; x_wconf 77' lang='lat' dir='ltr'><strong>Scri-</strong></span> 
     </span>
    </p>
   </div>
   <div class='ocr_carea' id='block_1_59' title="bbox 99 5522 1906 5604">
    <p class='ocr_par' dir='ltr' id='par_1_59' title="bbox 99 5522 1906 5604">
     <span class='ocr_line' id='line_1_59' title="bbox 99 5522 1906 5604; baseline 0.005 -28"><span class='ocrx_word' id='word_1_813' title='bbox 99 5522 161 5590; x_wconf 79' lang='lat' dir='ltr'><strong>psi</strong></span> <span class='ocrx_word' id='word_1_814' title='bbox 185 5528 335 5593; x_wconf 81' lang='lat' dir='ltr'><strong>vobis,</strong></span> <span class='ocrx_word' id='word_1_815' title='bbox 362 5544 559 5601; x_wconf 85' lang='lat' dir='ltr'><strong>patres,</strong></span> <span class='ocrx_word' id='word_1_816' title='bbox 595 5533 725 5604; x_wconf 88' lang='lat' dir='ltr'><strong>quia</strong></span> <span class='ocrx_word' id='word_1_817' title='bbox 756 5532 1098 5602; x_wconf 85' lang='lat' dir='ltr'><strong>cognovistis</strong></span> <span class='ocrx_word' id='word_1_818' title='bbox 1123 5546 1277 5597; x_wconf 88' lang='lat' dir='ltr'><strong>eum,</strong></span> <span class='ocrx_word' id='word_1_819' title='bbox 1299 5529 1396 5601; x_wconf 90' lang='lat' dir='ltr'><strong>qui</strong></span> <span class='ocrx_word' id='word_1_820' title='bbox 1428 5537 1513 5586; x_wconf 88' lang='lat' dir='ltr'><strong>est</strong></span> <span class='ocrx_word' id='word_1_821' title='bbox 1541 5533 1610 5587; x_wconf 91' lang='lat' dir='ltr'><strong>ab</strong></span> <span class='ocrx_word' id='word_1_822' title='bbox 1637 5532 1794 5588; x_wconf 91' lang='lat' dir='ltr'><strong>initio</strong></span> <span class='ocrx_word' id='word_1_823' title='bbox 1823 5534 1865 5587; x_wconf 79' lang='lat'><strong>’.</strong></span> <span class='ocrx_word' id='word_1_824' title='bbox 1887 5550 1906 5585; x_wconf 78' lang='grc' dir='ltr'><strong>ι</strong></span> 
     </span>
    </p>
   </div>
   <div class='ocr_carea' id='block_1_60' title="bbox 102 5714 1628 5805">
    <p class='ocr_par' dir='ltr' id='par_1_60' title="bbox 102 5714 1628 5805">
     <span class='ocr_line' id='line_1_60' title="bbox 102 5714 1628 5805; baseline -0.009 -15"><span class='ocrx_word' id='word_1_825' title='bbox 102 5778 117 5805; x_wconf 81' lang='lat'><strong>,</strong></span> <span class='ocrx_word' id='word_1_826' title='bbox 150 5714 368 5805; x_wconf 44' lang='lat' dir='ltr'><strong>Habes.</strong></span> <span class='ocrx_word' id='word_1_827' title='bbox 395 5723 531 5805; x_wconf 46' lang='lat'><strong>11,?1</strong></span> <span class='ocrx_word' id='word_1_828' title='bbox 679 5723 700 5778; x_wconf 86' lang='grc' dir='ltr'>Ι</span> <span class='ocrx_word' id='word_1_829' title='bbox 726 5722 921 5805; x_wconf 77' lang='lat' dir='ltr'><strong>&#39;l_&#39;he_ss.</strong></span> <span class='ocrx_word' id='word_1_830' title='bbox 954 5740 1030 5790; x_wconf 86' lang='lat' dir='ltr'><strong>tv,</strong></span> <span class='ocrx_word' id='word_1_831' title='bbox 1062 5723 1163 5805; x_wconf 48' lang='lat'><strong>16;</strong></span> <span class='ocrx_word' id='word_1_832' title='bbox 1250 5723 1415 5805; x_wconf 41' lang='lat' dir='ltr'><strong>ﬁsa:</strong></span> <span class='ocrx_word' id='word_1_833' title='bbox 1458 5740 1547 5791; x_wconf 79' lang='grc' dir='ltr'>ιιι,</span> <span class='ocrx_word' id='word_1_834' title='bbox 1581 5724 1628 5778; x_wconf 77' lang='lat' dir='ltr'><strong>ll</strong></span> 
     </span>
    </p>
   </div>
   <div class='ocr_carea' id='block_1_61' title="bbox 1748 5714 3274 5805">
    <p class='ocr_par' dir='ltr' id='par_1_61' title="bbox 1748 5714 3274 5805">
     <span class='ocr_line' id='line_1_61' title="bbox 1748 5714 3274 5805; baseline -0.008 -24"><span class='ocrx_word' id='word_1_835' title='bbox 1748 5794 1763 5805; x_wconf 87' lang='lat'><em>_</em></span> <span class='ocrx_word' id='word_1_836' title='bbox 1792 5724 1939 5805; x_wconf 63' lang='grc' dir='ltr'>διιψ</span> <span class='ocrx_word' id='word_1_837' title='bbox 1968 5741 2057 5795; x_wconf 68' lang='lat' dir='ltr'><strong>xc,</strong></span> <span class='ocrx_word' id='word_1_838' title='bbox 2083 5727 2166 5783; x_wconf 86' lang='lat' dir='ltr'><strong>lt.</strong></span> <span class='ocrx_word' id='word_1_839' title='bbox 2266 5726 2286 5757; x_wconf 84' lang='grc'><strong><em>⁵</em></strong></span> <span class='ocrx_word' id='word_1_840' title='bbox 2315 5723 2473 5780; x_wconf 90' lang='lat' dir='ltr'><strong>Cant.</strong></span> <span class='ocrx_word' id='word_1_841' title='bbox 2521 5736 2594 5787; x_wconf 82' lang='grc' dir='ltr'><strong>ιν,</strong></span> <span class='ocrx_word' id='word_1_842' title='bbox 2632 5720 2682 5775; x_wconf 81' lang='lat' dir='ltr'><strong>l.</strong></span> <span class='ocrx_word' id='word_1_843' title='bbox 2763 5721 2783 5752; x_wconf 81' lang='grc'>⁶</span> <span class='ocrx_word' id='word_1_844' title='bbox 2809 5718 3017 5785; x_wconf 84' lang='lat' dir='ltr'><strong>Jerem.</strong></span> <span class='ocrx_word' id='word_1_845' title='bbox 3070 5731 3188 5784; x_wconf 87' lang='lat' dir='ltr'><strong>vm,</strong></span> <span class='ocrx_word' id='word_1_846' title='bbox 3224 5714 3274 5770; x_wconf 87' lang='lat'><strong>7.</strong></span> 
     </span>
    </p>
   </div>
   <div class='ocr_carea' id='block_1_62' title="bbox 150 5783 1676 5865">
    <p class='ocr_par' dir='ltr' id='par_1_62' title="bbox 150 5783 1654 5865">
     <span class='ocr_line' id='line_1_62' title="bbox 150 5783 1654 5865; baseline 0.007 -27"><span class='ocrx_word' id='word_1_847' title='bbox 150 5783 258 5842; x_wconf 61' lang='lat' dir='ltr'><strong>cur.</strong></span> <span class='ocrx_word' id='word_1_848' title='bbox 298 5783 672 5859; x_wconf 51' lang='lat' dir='ltr'><strong>mx,&#39;l«l,15.</strong></span> <span class='ocrx_word' id='word_1_849' title='bbox 747 5797 768 5829; x_wconf 81' lang='grc'><strong><em>⁸</em></strong></span> <span class='ocrx_word' id='word_1_850' title='bbox 811 5794 971 5851; x_wconf 87' lang='lat' dir='ltr'><strong>Cant.</strong></span> <span class='ocrx_word' id='word_1_851' title='bbox 1016 5783 1100 5865; x_wconf 79' lang='grc' dir='ltr'><strong>ἰν,</strong></span> <span class='ocrx_word' id='word_1_852' title='bbox 1130 5795 1186 5851; x_wconf 80' lang='lat'><strong>2.</strong></span> <span class='ocrx_word' id='word_1_853' title='bbox 1262 5793 1336 5849; x_wconf 81' lang='grc'><strong>⁹1</strong></span> <span class='ocrx_word' id='word_1_854' title='bbox 1379 5783 1545 5851; x_wconf 68' lang='grc' dir='ltr'>ιιοῖιιιί</span> <span class='ocrx_word' id='word_1_855' title='bbox 1592 5810 1654 5861; x_wconf 89' lang='grc' dir='ltr'>ιι,</span> 
     </span>
    </p>
   </div>
   <div class='ocr_carea' id='block_1_63' title="bbox 401 5783 1927 5865">
    <p class='ocr_par' dir='ltr' id='par_1_63' title="bbox 401 5783 1927 5865">
     <span class='ocr_line' id='line_1_63' title="bbox 401 5783 1927 5865; baseline 0.004 -19"><span class='ocrx_word' id='word_1_856' title='bbox 401 5783 672 5859; x_wconf 72' lang='grc' dir='ltr'><strong>;,ἰ.ι,15.</strong></span> <span class='ocrx_word' id='word_1_857' title='bbox 747 5797 768 5829; x_wconf 80' lang='grc'><strong><em>⁸</em></strong></span> <span class='ocrx_word' id='word_1_858' title='bbox 811 5794 971 5851; x_wconf 87' lang='lat' dir='ltr'><strong>Cant.</strong></span> <span class='ocrx_word' id='word_1_859' title='bbox 1016 5783 1100 5865; x_wconf 77' lang='grc' dir='ltr'><strong>ἰν,</strong></span> <span class='ocrx_word' id='word_1_860' title='bbox 1130 5795 1186 5851; x_wconf 79' lang='lat'><strong>2.</strong></span> <span class='ocrx_word' id='word_1_861' title='bbox 1262 5793 1336 5849; x_wconf 81' lang='grc'><strong>⁹1</strong></span> <span class='ocrx_word' id='word_1_862' title='bbox 1379 5783 1545 5851; x_wconf 69' lang='grc' dir='ltr'>ιιοθιιί</span> <span class='ocrx_word' id='word_1_863' title='bbox 1592 5810 1654 5861; x_wconf 89' lang='grc' dir='ltr'>ιι,</span> <span class='ocrx_word' id='word_1_864' title='bbox 1699 5793 1786 5859; x_wconf 77' lang='grc'><strong>15,</strong></span> <span class='ocrx_word' id='word_1_865' title='bbox 1843 5795 1927 5852; x_wconf 55' lang='lat' dir='ltr'><strong>id.</strong></span> 
     </span>
    </p>
   </div>
  </div>
