  <div class='ocr_page' id='page_1' title='image "/cluster/home/n/w/nwhite01/storage/ocr_20150623/87:1/hvd.32044020319117/355.png"; bbox 0 0 3864 6502; ppageno 0'>
   <div class='ocr_carea' id='block_1_1' title="bbox 602 340 3800 447">
    <p class='ocr_par' dir='ltr' id='par_1_1' title="bbox 602 340 3800 447">
     <span class='ocr_line' id='line_1_1' title="bbox 602 340 3800 447; baseline 0.014 -43"><span class='ocrx_word' id='word_1_1' title='bbox 602 340 706 405; x_wconf 75' lang='grc'><strong>695</strong></span> <span class='ocrx_word' id='word_1_2' title='bbox 1923 360 2265 426; x_wconf 83' lang='lat' dir='ltr'><strong>PROCOPI]</strong></span> <span class='ocrx_word' id='word_1_3' title='bbox 2302 368 2543 431; x_wconf 58' lang='lat' dir='ltr'><strong>GAZzEI</strong></span> <span class='ocrx_word' id='word_1_4' title='bbox 3722 385 3800 447; x_wconf 78' lang='lat'><strong>696</strong></span> 
     </span>
    </p>
   </div>
   <div class='ocr_carea' id='block_1_2' title="bbox 676 455 3799 566">
    <p class='ocr_par' dir='ltr' id='par_1_2' title="bbox 676 455 3799 566">
     <span class='ocr_line' id='line_1_2' title="bbox 676 455 3799 566; baseline 0.013 -56"><span class='ocrx_word' id='word_1_5' title='bbox 676 455 1125 523; x_wconf 79' lang='lat' dir='ltr'><strong>Observandum,</strong></span> <span class='ocrx_word' id='word_1_6' title='bbox 1163 460 1430 529; x_wconf 86' lang='lat' dir='ltr'><strong>arbitror,</strong></span> <span class='ocrx_word' id='word_1_7' title='bbox 1468 467 1616 535; x_wconf 87' lang='lat' dir='ltr'><strong>quod</strong></span> <span class='ocrx_word' id='word_1_8' title='bbox 1648 470 1922 528; x_wconf 63' lang='lat' dir='ltr'><strong>columba:</strong></span> <span class='ocrx_word' id='word_1_9' title='bbox 1955 490 2062 528; x_wconf 91' lang='lat' dir='ltr'><strong>non</strong></span> <span class='ocrx_word' id='word_1_10' title='bbox 2106 476 2421 532; x_wconf 76' lang='lat' dir='ltr'><strong>offeruntur</strong></span> <span class='ocrx_word' id='word_1_11' title='bbox 2447 484 2677 553; x_wconf 73' lang='lat' dir='ltr'><strong>integra:</strong></span> <span class='ocrx_word' id='word_1_12' title='bbox 2703 503 2715 537; x_wconf 90' lang='lat'><strong>:</strong></span> <span class='ocrx_word' id='word_1_13' title='bbox 2744 499 2846 539; x_wconf 87' lang='lat' dir='ltr'><strong>nec</strong></span> <span class='ocrx_word' id='word_1_14' title='bbox 2884 501 3051 548; x_wconf 89' lang='lat' dir='ltr'><strong>unus,</strong></span> <span class='ocrx_word' id='word_1_15' title='bbox 3082 488 3181 542; x_wconf 89' lang='lat' dir='ltr'><strong>sed</strong></span> <span class='ocrx_word' id='word_1_16' title='bbox 3216 490 3329 544; x_wconf 88' lang='lat' dir='ltr'><strong>duo</strong></span> <span class='ocrx_word' id='word_1_17' title='bbox 3363 490 3649 549; x_wconf 72' lang='lat' dir='ltr'><strong>oﬁ&#39;eruntur</strong></span> <span class='ocrx_word' id='word_1_18' title='bbox 3672 502 3799 566; x_wconf 85' lang='lat' dir='ltr'><strong>pulli.</strong></span> 
     </span>
     <span class='ocr_line' id='line_1_3' title="bbox 686 542 2084 566; baseline 0 0"><span class='ocrx_word' id='word_1_19' title='bbox 686 542 808 566; x_wconf 68' lang='lat' dir='ltr'><strong>:...I-</strong></span> <span class='ocrx_word' id='word_1_20' title='bbox 844 546 1041 566; x_wconf 69' lang='lat' dir='ltr'><strong>:a-_--_-</strong></span> <span class='ocrx_word' id='word_1_21' title='bbox 1074 546 1290 566; x_wconf 36' lang='lat' dir='ltr'><strong>!_--.___|A</strong></span> <span class='ocrx_word' id='word_1_22' title='bbox 1352 560 1362 566; x_wconf 87' lang='lat'><strong>.</strong></span> <span class='ocrx_word' id='word_1_23' title='bbox 1482 552 1518 566; x_wconf 72' lang='grc' dir='ltr'><strong>ιι</strong></span> <span class='ocrx_word' id='word_1_24' title='bbox 1626 556 1637 566; x_wconf 80' lang='grc' dir='ltr'><strong>ο</strong></span> <span class='ocrx_word' id='word_1_25' title='bbox 1764 558 1777 566; x_wconf 87' lang='grc'><em>.</em></span> <span class='ocrx_word' id='word_1_26' title='bbox 1890 561 1901 566; x_wconf 73' lang='grc'><strong>-</strong></span> <span class='ocrx_word' id='word_1_27' title='bbox 2078 565 2084 566; x_wconf 61' lang='lat'><strong><em>,</em></strong></span> 
     </span>
    </p>
   </div>
   <div class='ocr_carea' id='block_1_3' title="bbox 604 542 3801 643">
    <p class='ocr_par' dir='ltr' id='par_1_3' title="bbox 604 542 3801 643">
     <span class='ocr_line' id='line_1_4' title="bbox 604 542 3801 643; baseline 0.013 -47"><span class='ocrx_word' id='word_1_28' title='bbox 604 542 812 597; x_wconf 79' lang='lat' dir='ltr'><strong>Deinde</strong></span> <span class='ocrx_word' id='word_1_29' title='bbox 844 546 1044 598; x_wconf 90' lang='lat' dir='ltr'><strong>iterum</strong></span> <span class='ocrx_word' id='word_1_30' title='bbox 1074 546 1440 605; x_wconf 77' lang='lat' dir='ltr'><strong>immolantur</strong></span> <span class='ocrx_word' id='word_1_31' title='bbox 1482 552 1719 612; x_wconf 87' lang='lat' dir='ltr'><strong>Domino</strong></span> <span class='ocrx_word' id='word_1_32' title='bbox 1747 558 1858 615; x_wconf 94' lang='lat' dir='ltr'><strong>duo</strong></span> <span class='ocrx_word' id='word_1_33' title='bbox 1889 561 2090 632; x_wconf 83' lang='lat' dir='ltr'><strong>integri</strong></span> <span class='ocrx_word' id='word_1_34' title='bbox 2124 573 2394 633; x_wconf 88' lang='lat' dir='ltr'><strong>turtures,</strong></span> <span class='ocrx_word' id='word_1_35' title='bbox 2424 585 2525 624; x_wconf 90' lang='lat' dir='ltr'><strong>nec</strong></span> <span class='ocrx_word' id='word_1_36' title='bbox 2563 578 2747 627; x_wconf 78' lang='lat' dir='ltr'><strong>tamen</strong></span> <span class='ocrx_word' id='word_1_37' title='bbox 2777 574 2934 643; x_wconf 84' lang='lat' dir='ltr'><strong>pulli.</strong></span> <span class='ocrx_word' id='word_1_38' title='bbox 2975 574 3144 633; x_wconf 92' lang='lat' dir='ltr'><strong>Visus</strong></span> <span class='ocrx_word' id='word_1_39' title='bbox 3182 578 3345 634; x_wconf 87' lang='lat' dir='ltr'><strong>nobis</strong></span> <span class='ocrx_word' id='word_1_40' title='bbox 3385 542 3699 637; x_wconf 55' lang='lat' dir='ltr'><strong>demonstra:</strong></span> <span class='ocrx_word' id='word_1_41' title='bbox 3726 604 3801 639; x_wconf 79' lang='lat' dir='ltr'><strong>eu-</strong></span> 
     </span>
    </p>
   </div>
   <div class='ocr_carea' id='block_1_4' title="bbox 603 631 3802 743">
    <p class='ocr_par' dir='ltr' id='par_1_4' title="bbox 603 631 3802 743">
     <span class='ocr_line' id='line_1_5' title="bbox 603 631 3802 743; baseline 0.013 -59"><span class='ocrx_word' id='word_1_42' title='bbox 603 632 677 685; x_wconf 81' lang='lat' dir='ltr'><strong>tia</strong></span> <span class='ocrx_word' id='word_1_43' title='bbox 711 631 938 685; x_wconf 82' lang='lat' dir='ltr'><strong>sensilia</strong></span> <span class='ocrx_word' id='word_1_44' title='bbox 970 642 1024 687; x_wconf 89' lang='lat' dir='ltr'><strong>et</strong></span> <span class='ocrx_word' id='word_1_45' title='bbox 1067 634 1464 743; x_wconf 67' lang='lat' dir='ltr'><strong>intelligibilia.</strong></span> <span class='ocrx_word' id='word_1_46' title='bbox 1500 643 1569 697; x_wconf 84' lang='lat' dir='ltr'><strong>At</strong></span> <span class='ocrx_word' id='word_1_47' title='bbox 1597 644 1855 714; x_wconf 89' lang='lat' dir='ltr'><strong>pipiones</strong></span> <span class='ocrx_word' id='word_1_48' title='bbox 1885 648 2002 705; x_wconf 87' lang='lat' dir='ltr'><strong>sive</strong></span> <span class='ocrx_word' id='word_1_49' title='bbox 2019 631 2335 711; x_wconf 82' lang='lat' dir='ltr'><strong>columbini</strong></span> <span class='ocrx_word' id='word_1_50' title='bbox 2368 631 2528 727; x_wconf 80' lang='lat' dir='ltr'><strong>pulli,</strong></span> <span class='ocrx_word' id='word_1_51' title='bbox 2557 662 2653 731; x_wconf 86' lang='lat' dir='ltr'><strong>qui</strong></span> <span class='ocrx_word' id='word_1_52' title='bbox 2692 631 2897 732; x_wconf 77' lang='lat' dir='ltr'><strong>pueros</strong></span> <span class='ocrx_word' id='word_1_53' title='bbox 2929 676 3356 734; x_wconf 67' lang='lat' dir='ltr'><strong>repraesentant,</strong></span> <span class='ocrx_word' id='word_1_54' title='bbox 3382 670 3620 727; x_wconf 75' lang='lat' dir='ltr'><strong>coelestia</strong></span> <span class='ocrx_word' id='word_1_55' title='bbox 3646 687 3802 743; x_wconf 81' lang='lat' dir='ltr'><strong>corpo-</strong></span> 
     </span>
    </p>
   </div>
   <div class='ocr_carea' id='block_1_5' title="bbox 602 723 3799 827">
    <p class='ocr_par' dir='ltr' id='par_1_5' title="bbox 602 723 3799 827">
     <span class='ocr_line' id='line_1_6' title="bbox 2368 723 3778 743; baseline -0.001 -12"><span class='ocrx_word' id='word_1_56' title='bbox 2368 723 2378 727; x_wconf 91' lang='lat'><strong>-</strong></span> <span class='ocrx_word' id='word_1_57' title='bbox 2515 723 2522 725; x_wconf 93' lang='lat'><strong>.</strong></span> <span class='ocrx_word' id='word_1_58' title='bbox 2576 723 2591 731; x_wconf 90' lang='lat'><strong>.</strong></span> <span class='ocrx_word' id='word_1_59' title='bbox 2695 723 2710 732; x_wconf 91' lang='lat'><strong>.</strong></span> <span class='ocrx_word' id='word_1_60' title='bbox 2994 723 3008 734; x_wconf 89' lang='lat'><strong>.</strong></span> <span class='ocrx_word' id='word_1_61' title='bbox 3343 723 3355 733; x_wconf 91' lang='lat'>,</span> <span class='ocrx_word' id='word_1_62' title='bbox 3429 723 3618 727; x_wconf 51' lang='lat'><strong>-_,--,-_</strong></span> <span class='ocrx_word' id='word_1_63' title='bbox 3655 723 3778 743; x_wconf 48' lang='grc' dir='ltr'><strong>ην</strong></span> 
     </span>
     <span class='ocr_line' id='line_1_7' title="bbox 602 723 3799 827; baseline 0.014 -53"><span class='ocrx_word' id='word_1_64' title='bbox 602 733 688 785; x_wconf 83' lang='lat' dir='ltr'><strong>ra,</strong></span> <span class='ocrx_word' id='word_1_65' title='bbox 721 736 786 775; x_wconf 82' lang='lat' dir='ltr'><strong>ex</strong></span> <span class='ocrx_word' id='word_1_66' title='bbox 819 735 1057 790; x_wconf 89' lang='lat' dir='ltr'><strong>quorum</strong></span> <span class='ocrx_word' id='word_1_67' title='bbox 1088 723 1310 779; x_wconf 87' lang='lat' dir='ltr'><strong>decenti</strong></span> <span class='ocrx_word' id='word_1_68' title='bbox 1344 727 1544 784; x_wconf 86' lang='lat' dir='ltr'><strong>ordine</strong></span> <span class='ocrx_word' id='word_1_69' title='bbox 1583 733 1769 802; x_wconf 80' lang='lat' dir='ltr'><strong>Opifex</strong></span> <span class='ocrx_word' id='word_1_70' title='bbox 1820 740 2201 806; x_wconf 89' lang='lat' dir='ltr'><strong>cognoscitur,</strong></span> <span class='ocrx_word' id='word_1_71' title='bbox 2234 758 2264 796; x_wconf 91' lang='lat' dir='ltr'><strong>a</strong></span> <span class='ocrx_word' id='word_1_72' title='bbox 2306 747 2469 803; x_wconf 92' lang='lat' dir='ltr'><strong>nobis</strong></span> <span class='ocrx_word' id='word_1_73' title='bbox 2505 750 2756 820; x_wconf 87' lang='lat' dir='ltr'><strong>sejuncta</strong></span> <span class='ocrx_word' id='word_1_74' title='bbox 2802 756 3027 824; x_wconf 86' lang='lat' dir='ltr'><strong>assequi</strong></span> <span class='ocrx_word' id='word_1_75' title='bbox 3058 756 3275 822; x_wconf 67' lang='lat' dir='ltr'><strong>:uotitia</strong></span> <span class='ocrx_word' id='word_1_76' title='bbox 3315 756 3594 827; x_wconf 85' lang='lat' dir='ltr'><strong>nequeunt</strong></span> <span class='ocrx_word' id='word_1_77' title='bbox 3635 773 3799 818; x_wconf 78' lang='lat' dir='ltr'><strong>exacte.</strong></span> 
     </span>
    </p>
   </div>
   <div class='ocr_carea' id='block_1_6' title="bbox 603 807 3803 912">
    <p class='ocr_par' dir='ltr' id='par_1_6' title="bbox 603 807 3803 912">
     <span class='ocr_line' id='line_1_8' title="bbox 603 807 3803 912; baseline 0.014 -53"><span class='ocrx_word' id='word_1_78' title='bbox 603 807 792 876; x_wconf 85' lang='lat' dir='ltr'><strong>Itaque</strong></span> <span class='ocrx_word' id='word_1_79' title='bbox 817 809 1101 866; x_wconf 87' lang='lat' dir='ltr'><strong>sacriﬁcia</strong></span> <span class='ocrx_word' id='word_1_80' title='bbox 1134 812 1250 879; x_wconf 91' lang='lat' dir='ltr'><strong>illa,</strong></span> <span class='ocrx_word' id='word_1_81' title='bbox 1280 831 1404 884; x_wconf 67' lang='lat' dir='ltr'><strong>qua:</strong></span> <span class='ocrx_word' id='word_1_82' title='bbox 1444 833 1471 869; x_wconf 84' lang='lat' dir='ltr'><strong>a</strong></span> <span class='ocrx_word' id='word_1_83' title='bbox 1522 820 1686 875; x_wconf 90' lang='lat' dir='ltr'><strong>nobis</strong></span> <span class='ocrx_word' id='word_1_84' title='bbox 1719 825 2103 893; x_wconf 87' lang='lat' dir='ltr'><strong>immolantur,</strong></span> <span class='ocrx_word' id='word_1_85' title='bbox 2144 832 2218 884; x_wconf 91' lang='lat' dir='ltr'><strong>ita</strong></span> <span class='ocrx_word' id='word_1_86' title='bbox 2252 807 2630 905; x_wconf 71' lang='lat' dir='ltr'><strong>accipiuntur,</strong></span> <span class='ocrx_word' id='word_1_87' title='bbox 2669 847 2731 893; x_wconf 90' lang='lat' dir='ltr'><strong>ut</strong></span> <span class='ocrx_word' id='word_1_88' title='bbox 2772 856 2896 910; x_wconf 67' lang='lat' dir='ltr'><strong>quae</strong></span> <span class='ocrx_word' id='word_1_89' title='bbox 2921 807 2963 895; x_wconf 50' lang='lat' dir='ltr'><strong>aI</strong></span> <span class='ocrx_word' id='word_1_90' title='bbox 2994 807 3181 912; x_wconf 72' lang='lat' dir='ltr'><strong>pueris</strong></span> <span class='ocrx_word' id='word_1_91' title='bbox 3225 807 3554 901; x_wconf 56' lang='lat' dir='ltr'><strong>oﬁeraiitur.</strong></span> <span class='ocrx_word' id='word_1_92' title='bbox 3592 846 3803 904; x_wconf 58' lang='lat' dir='ltr'><strong>Ceterum</strong></span> 
     </span>
    </p>
   </div>
   <div class='ocr_carea' id='block_1_7' title="bbox 602 896 3804 1007">
    <p class='ocr_par' dir='ltr' id='par_1_7' title="bbox 602 896 3804 1007">
     <span class='ocr_line' id='line_1_9' title="bbox 602 896 3804 1007; baseline 0.012 -54"><span class='ocrx_word' id='word_1_93' title='bbox 602 896 830 953; x_wconf 86' lang='lat' dir='ltr'><strong>auditus</strong></span> <span class='ocrx_word' id='word_1_94' title='bbox 863 898 1042 970; x_wconf 85' lang='lat' dir='ltr'><strong>magis</strong></span> <span class='ocrx_word' id='word_1_95' title='bbox 1073 908 1161 955; x_wconf 89' lang='lat' dir='ltr'><strong>est</strong></span> <span class='ocrx_word' id='word_1_96' title='bbox 1191 901 1538 962; x_wconf 84' lang='lat' dir='ltr'><strong>dedicandus</strong></span> <span class='ocrx_word' id='word_1_97' title='bbox 1568 906 1703 976; x_wconf 90' lang='lat' dir='ltr'><strong>Deo,</strong></span> <span class='ocrx_word' id='word_1_98' title='bbox 1733 926 1897 979; x_wconf 86' lang='lat' dir='ltr'><strong>quam</strong></span> <span class='ocrx_word' id='word_1_99' title='bbox 1924 915 2098 972; x_wconf 90' lang='lat' dir='ltr'><strong>visus.</strong></span> <span class='ocrx_word' id='word_1_100' title='bbox 2136 919 2235 974; x_wconf 86' lang='lat' dir='ltr'><strong>llic</strong></span> <span class='ocrx_word' id='word_1_101' title='bbox 2257 924 2404 978; x_wconf 90' lang='lat' dir='ltr'><strong>enim</strong></span> <span class='ocrx_word' id='word_1_102' title='bbox 2434 927 2489 980; x_wconf 92' lang='lat' dir='ltr'><strong>in</strong></span> <span class='ocrx_word' id='word_1_103' title='bbox 2524 926 2718 982; x_wconf 89' lang='lat' dir='ltr'><strong>futuro</strong></span> <span class='ocrx_word' id='word_1_104' title='bbox 2748 896 2955 985; x_wconf 69' lang='lat' dir='ltr'><strong>saeculo</strong></span> <span class='ocrx_word' id='word_1_105' title='bbox 2988 896 3152 988; x_wconf 74' lang='lat' dir='ltr'><strong>nobis</strong></span> <span class='ocrx_word' id='word_1_106' title='bbox 3184 934 3324 988; x_wconf 89' lang='lat' dir='ltr'><strong>nulli</strong></span> <span class='ocrx_word' id='word_1_107' title='bbox 3364 936 3488 989; x_wconf 88' lang='lat' dir='ltr'><strong>usui</strong></span> <span class='ocrx_word' id='word_1_108' title='bbox 3518 939 3637 989; x_wconf 84' lang='lat' dir='ltr'><strong>erit.</strong></span> <span class='ocrx_word' id='word_1_109' title='bbox 3660 937 3804 1007; x_wconf 72' lang='lat' dir='ltr'><strong>Siqui-</strong></span> 
     </span>
     <span class='ocr_line' id='line_1_10' title="bbox 606 984 2138 1007; baseline 0 0"><span class='ocrx_word' id='word_1_110' title='bbox 606 984 724 1007; x_wconf 56' lang='lat' dir='ltr'><strong>-l..-“</strong></span> <span class='ocrx_word' id='word_1_111' title='bbox 764 985 912 1007; x_wconf 47' lang='lat' dir='ltr'><strong>“ull-</strong></span> <span class='ocrx_word' id='word_1_112' title='bbox 954 996 1082 1007; x_wconf 40' lang='lat' dir='ltr'><strong>ad..-</strong></span> <span class='ocrx_word' id='word_1_113' title='bbox 1120 1004 1219 1007; x_wconf 60' lang='lat'><strong>_.-_,</strong></span> <span class='ocrx_word' id='word_1_114' title='bbox 1298 993 1358 1007; x_wconf 67' lang='lat'><strong>,-.</strong></span> <span class='ocrx_word' id='word_1_115' title='bbox 1972 1002 1983 1007; x_wconf 90' lang='lat'><strong>-</strong></span> <span class='ocrx_word' id='word_1_116' title='bbox 2130 1005 2138 1007; x_wconf 24' lang='grc' dir='ltr'>ξ</span> 
     </span>
    </p>
   </div>
   <div class='ocr_carea' id='block_1_8' title="bbox 504 984 3805 1091">
    <p class='ocr_par' dir='ltr' id='par_1_8' title="bbox 504 984 3805 1091">
     <span class='ocr_line' id='line_1_11' title="bbox 504 984 3805 1091; baseline 0.014 -56"><span class='ocrx_word' id='word_1_117' title='bbox 504 1059 512 1066; x_wconf 22' lang='grc' dir='ltr'><em>υ</em></span> <span class='ocrx_word' id='word_1_118' title='bbox 603 984 726 1037; x_wconf 89' lang='lat' dir='ltr'><strong>dem</strong></span> <span class='ocrx_word' id='word_1_119' title='bbox 763 985 917 1041; x_wconf 92' lang='lat' dir='ltr'><strong>nulla</strong></span> <span class='ocrx_word' id='word_1_120' title='bbox 954 996 1087 1043; x_wconf 92' lang='lat' dir='ltr'><strong>tunc</strong></span> <span class='ocrx_word' id='word_1_121' title='bbox 1119 1004 1225 1044; x_wconf 78' lang='lat' dir='ltr'><strong>vox</strong></span> <span class='ocrx_word' id='word_1_122' title='bbox 1259 993 1389 1055; x_wconf 90' lang='lat' dir='ltr'><strong>erit,</strong></span> <span class='ocrx_word' id='word_1_123' title='bbox 1423 1008 1545 1063; x_wconf 68' lang='lat' dir='ltr'><strong>qua:</strong></span> <span class='ocrx_word' id='word_1_124' title='bbox 1580 1008 1844 1052; x_wconf 88' lang='lat' dir='ltr'><strong>nascatur</strong></span> <span class='ocrx_word' id='word_1_125' title='bbox 1870 1014 1935 1054; x_wconf 85' lang='lat' dir='ltr'><strong>ex</strong></span> <span class='ocrx_word' id='word_1_126' title='bbox 1972 1002 2211 1073; x_wconf 89' lang='lat' dir='ltr'><strong>impulsu</strong></span> <span class='ocrx_word' id='word_1_127' title='bbox 2238 1012 2384 1067; x_wconf 86' lang='lat' dir='ltr'><strong>aeris</strong></span> <span class='ocrx_word' id='word_1_128' title='bbox 2422 1030 2641 1085; x_wconf 86' lang='lat' dir='ltr'><strong>:neque</strong></span> <span class='ocrx_word' id='word_1_129' title='bbox 2678 1032 2742 1073; x_wconf 89' lang='lat' dir='ltr'><strong>ea</strong></span> <span class='ocrx_word' id='word_1_130' title='bbox 2770 1020 2935 1073; x_wconf 88' lang='lat' dir='ltr'><strong>etiam</strong></span> <span class='ocrx_word' id='word_1_131' title='bbox 2968 1019 3129 1075; x_wconf 90' lang='lat' dir='ltr'><strong>nobis</strong></span> <span class='ocrx_word' id='word_1_132' title='bbox 3161 1037 3306 1091; x_wconf 85' lang='lat' dir='ltr'><strong>opus</strong></span> <span class='ocrx_word' id='word_1_133' title='bbox 3341 1022 3473 1077; x_wconf 90' lang='lat' dir='ltr'><strong>erit.</strong></span> <span class='ocrx_word' id='word_1_134' title='bbox 3504 984 3805 1079; x_wconf 45' lang='lat' dir='ltr'><strong>Peccatazit.</strong></span> 
     </span>
    </p>
   </div>
   <div class='ocr_carea' id='block_1_9' title="bbox 604 1072 3800 1171">
    <p class='ocr_par' dir='ltr' id='par_1_9' title="bbox 604 1072 3800 1171">
     <span class='ocr_line' id='line_1_12' title="bbox 604 1072 3800 1171; baseline 0.007 -29"><span class='ocrx_word' id='word_1_135' title='bbox 604 1082 712 1125; x_wconf 76' lang='grc' dir='ltr'><strong>¹θ¹η</strong></span> <span class='ocrx_word' id='word_1_136' title='bbox 746 1072 908 1129; x_wconf 58' lang='lat' dir='ltr'><strong>alii&quot;</strong></span> <span class='ocrx_word' id='word_1_137' title='bbox 935 1075 1129 1131; x_wconf 71' lang='grc' dir='ltr'><strong>ιοίιετθ</strong></span> <span class='ocrx_word' id='word_1_138' title='bbox 1163 1079 1478 1147; x_wconf 78' lang='lat' dir='ltr'><strong>nequinms.</strong></span> <span class='ocrx_word' id='word_1_139' title='bbox 1523 1083 1631 1140; x_wconf 90' lang='lat' dir='ltr'><strong>nisi</strong></span> <span class='ocrx_word' id='word_1_140' title='bbox 1658 1100 1860 1143; x_wconf 82' lang='lat' dir='ltr'><strong>sensus</strong></span> <span class='ocrx_word' id='word_1_141' title='bbox 1901 1099 2123 1148; x_wconf 89' lang='lat' dir='ltr'><strong>nostros</strong></span> <span class='ocrx_word' id='word_1_142' title='bbox 2153 1096 2466 1171; x_wconf 85' lang='lat' dir='ltr'><strong>pinguiores</strong></span> <span class='ocrx_word' id='word_1_143' title='bbox 2493 1072 2859 1163; x_wconf 47' lang='lat' dir='ltr'><strong>extenuemus</strong></span> <span class='ocrx_word' id='word_1_144' title='bbox 2888 1117 2943 1164; x_wconf 93' lang='lat' dir='ltr'><strong>et</strong></span> <span class='ocrx_word' id='word_1_145' title='bbox 2974 1072 3299 1167; x_wconf 61' lang='lat' dir='ltr'><strong>subtiliorres</strong></span> <span class='ocrx_word' id='word_1_146' title='bbox 3325 1112 3626 1167; x_wconf 84' lang='lat' dir='ltr'><strong>reddamus</strong></span> <span class='ocrx_word' id='word_1_147' title='bbox 3654 1114 3800 1168; x_wconf 81' lang='lat' dir='ltr'><strong>divino</strong></span> 
     </span>
    </p>
   </div>
   <div class='ocr_carea' id='block_1_10' title="bbox 601 1161 3804 1269">
    <p class='ocr_par' dir='ltr' id='par_1_10' title="bbox 601 1161 3804 1269">
     <span class='ocr_line' id='line_1_13' title="bbox 601 1161 3804 1269; baseline 0.013 -56"><span class='ocrx_word' id='word_1_148' title='bbox 601 1165 749 1230; x_wconf 84' lang='lat' dir='ltr'><strong>igne.</strong></span> <span class='ocrx_word' id='word_1_149' title='bbox 792 1161 851 1216; x_wconf 78' lang='lat' dir='ltr'><strong>id</strong></span> <span class='ocrx_word' id='word_1_150' title='bbox 886 1164 1036 1220; x_wconf 90' lang='lat' dir='ltr'><strong>enim</strong></span> <span class='ocrx_word' id='word_1_151' title='bbox 1064 1165 1354 1236; x_wconf 91' lang='lat' dir='ltr'><strong>docemur,</strong></span> <span class='ocrx_word' id='word_1_152' title='bbox 1389 1170 1520 1226; x_wconf 91' lang='lat' dir='ltr'><strong>dum</strong></span> <span class='ocrx_word' id='word_1_153' title='bbox 1565 1188 1714 1230; x_wconf 89' lang='lat' dir='ltr'><strong>nunc</strong></span> <span class='ocrx_word' id='word_1_154' title='bbox 1757 1176 2023 1246; x_wconf 87' lang='lat' dir='ltr'><strong>jubemur</strong></span> <span class='ocrx_word' id='word_1_155' title='bbox 2064 1161 2417 1255; x_wconf 49' lang='lat' dir='ltr'><strong>holocavusta,</strong></span> <span class='ocrx_word' id='word_1_156' title='bbox 2469 1207 2621 1248; x_wconf 89' lang='lat' dir='ltr'><strong>nunc</strong></span> <span class='ocrx_word' id='word_1_157' title='bbox 2655 1202 2843 1264; x_wconf 88' lang='lat' dir='ltr'><strong>partes</strong></span> <span class='ocrx_word' id='word_1_158' title='bbox 2878 1196 3096 1265; x_wconf 89' lang='lat' dir='ltr'><strong>aliquas</strong></span> <span class='ocrx_word' id='word_1_159' title='bbox 3127 1198 3461 1269; x_wconf 82' lang='lat' dir='ltr'><strong>animalium</strong></span> <span class='ocrx_word' id='word_1_160' title='bbox 3498 1200 3742 1269; x_wconf 80' lang='lat' dir='ltr'><strong>conjicere</strong></span> <span class='ocrx_word' id='word_1_161' title='bbox 3769 1204 3804 1257; x_wconf 85' lang='lat' dir='ltr'><strong>iu</strong></span> 
     </span>
    </p>
   </div>
   <div class='ocr_carea' id='block_1_11' title="bbox 602 1252 3805 1354">
    <p class='ocr_par' dir='ltr' id='par_1_11' title="bbox 602 1252 3805 1354">
     <span class='ocr_line' id='line_1_14' title="bbox 602 1252 3805 1354; baseline 0.013 -54"><span class='ocrx_word' id='word_1_162' title='bbox 602 1264 819 1303; x_wconf 82' lang='lat' dir='ltr'><strong>sacram</strong></span> <span class='ocrx_word' id='word_1_163' title='bbox 849 1266 1024 1307; x_wconf 90' lang='lat' dir='ltr'><strong>aram.</strong></span> <span class='ocrx_word' id='word_1_164' title='bbox 1048 1252 1332 1311; x_wconf 88' lang='lat' dir='ltr'><strong>Interdum</strong></span> <span class='ocrx_word' id='word_1_165' title='bbox 1372 1259 1690 1330; x_wconf 84' lang='lat' dir='ltr'><strong>signiﬁcant</strong></span> <span class='ocrx_word' id='word_1_166' title='bbox 1720 1262 2042 1337; x_wconf 81' lang='lat' dir='ltr'><strong>frequentes</strong></span> <span class='ocrx_word' id='word_1_167' title='bbox 2079 1271 2186 1326; x_wconf 67' lang='lat' dir='ltr'><strong>illa:</strong></span> <span class='ocrx_word' id='word_1_168' title='bbox 2212 1252 2450 1332; x_wconf 62' lang='lat' dir='ltr'><strong>victimae</strong></span> <span class='ocrx_word' id='word_1_169' title='bbox 2495 1252 2671 1349; x_wconf 72' lang='lat' dir='ltr'><strong>opera</strong></span> <span class='ocrx_word' id='word_1_170' title='bbox 2699 1291 2912 1349; x_wconf 88' lang='lat' dir='ltr'><strong>nostra,</strong></span> <span class='ocrx_word' id='word_1_171' title='bbox 2949 1252 3079 1337; x_wconf 81' lang='lat' dir='ltr'><strong>dum</strong></span> <span class='ocrx_word' id='word_1_172' title='bbox 3116 1299 3257 1339; x_wconf 91' lang='lat' dir='ltr'><strong>unus</strong></span> <span class='ocrx_word' id='word_1_173' title='bbox 3308 1264 3479 1354; x_wconf 83' lang='lat' dir='ltr'><strong>atque</strong></span> <span class='ocrx_word' id='word_1_174' title='bbox 3512 1252 3642 1339; x_wconf 70' lang='lat' dir='ltr'><strong>ideiu</strong></span> <span class='ocrx_word' id='word_1_175' title='bbox 3667 1287 3805 1354; x_wconf 77' lang='lat' dir='ltr'><strong>plures</strong></span> 
     </span>
    </p>
   </div>
   <div class='ocr_carea' id='block_1_12' title="bbox 601 1336 3807 1431">
    <p class='ocr_par' dir='ltr' id='par_1_12' title="bbox 601 1336 3807 1431">
     <span class='ocr_line' id='line_1_15' title="bbox 601 1336 3807 1431; baseline 0.012 -41"><span class='ocrx_word' id='word_1_176' title='bbox 601 1336 774 1394; x_wconf 82' lang='lat' dir='ltr'><strong>boves</strong></span> <span class='ocrx_word' id='word_1_177' title='bbox 803 1340 1103 1413; x_wconf 88' lang='lat' dir='ltr'><strong>pluresque</strong></span> <span class='ocrx_word' id='word_1_178' title='bbox 1134 1345 1365 1412; x_wconf 87' lang='lat' dir='ltr'><strong>vitulos,</strong></span> <span class='ocrx_word' id='word_1_179' title='bbox 1396 1347 1634 1406; x_wconf 87' lang='lat' dir='ltr'><strong>diversis</strong></span> <span class='ocrx_word' id='word_1_180' title='bbox 1659 1336 1837 1419; x_wconf 11' lang='lat' dir='ltr'><strong>atque,</strong></span> <span class='ocrx_word' id='word_1_181' title='bbox 1860 1355 1986 1413; x_wconf 89' lang='lat' dir='ltr'><strong>aliis</strong></span> <span class='ocrx_word' id='word_1_182' title='bbox 2015 1361 2201 1417; x_wconf 88' lang='lat' dir='ltr'><strong>causis</strong></span> <span class='ocrx_word' id='word_1_183' title='bbox 2229 1370 2435 1429; x_wconf 88' lang='lat' dir='ltr'><strong>motus,</strong></span> <span class='ocrx_word' id='word_1_184' title='bbox 2468 1336 2651 1421; x_wconf 47' lang='lat' dir='ltr'><strong>caedit.</strong></span> <span class='ocrx_word' id='word_1_185' title='bbox 2685 1368 2823 1424; x_wconf 89' lang='lat' dir='ltr'><strong>Cum</strong></span> <span class='ocrx_word' id='word_1_186' title='bbox 2855 1336 3040 1425; x_wconf 78' lang='lat' dir='ltr'><strong>autem</strong></span> <span class='ocrx_word' id='word_1_187' title='bbox 3081 1372 3276 1426; x_wconf 90' lang='lat' dir='ltr'><strong>umbra</strong></span> <span class='ocrx_word' id='word_1_188' title='bbox 3309 1336 3623 1426; x_wconf 58' lang='lat' dir='ltr'><strong>futurorum</strong></span> <span class='ocrx_word' id='word_1_189' title='bbox 3652 1374 3712 1425; x_wconf 83' lang='lat' dir='ltr'><strong>sit</strong></span> <span class='ocrx_word' id='word_1_190' title='bbox 3742 1376 3807 1431; x_wconf 78' lang='lat' dir='ltr'><strong>illa</strong></span> 
     </span>
    </p>
   </div>
   <div class='ocr_carea' id='block_1_13' title="bbox 600 1428 3804 1529">
    <p class='ocr_par' dir='ltr' id='par_1_13' title="bbox 600 1428 3804 1529">
     <span class='ocr_line' id='line_1_16' title="bbox 600 1428 3804 1529; baseline 0.01 -49"><span class='ocrx_word' id='word_1_191' title='bbox 600 1428 793 1482; x_wconf 89' lang='lat' dir='ltr'><strong>sedula</strong></span> <span class='ocrx_word' id='word_1_192' title='bbox 826 1430 934 1484; x_wconf 88' lang='lat' dir='ltr'><strong>cibi</strong></span> <span class='ocrx_word' id='word_1_193' title='bbox 985 1444 1256 1503; x_wconf 88' lang='lat' dir='ltr'><strong>potusque</strong></span> <span class='ocrx_word' id='word_1_194' title='bbox 1302 1440 1676 1509; x_wconf 76' lang='lat' dir='ltr'><strong>praescriptio,</strong></span> <span class='ocrx_word' id='word_1_195' title='bbox 1711 1445 2132 1505; x_wconf 87' lang='lat' dir='ltr'><strong>meminerimus</strong></span> <span class='ocrx_word' id='word_1_196' title='bbox 2165 1449 2324 1505; x_wconf 90' lang='lat' dir='ltr'><strong>ﬁdem</strong></span> <span class='ocrx_word' id='word_1_197' title='bbox 2358 1451 2672 1509; x_wconf 88' lang='lat' dir='ltr'><strong>habendam</strong></span> <span class='ocrx_word' id='word_1_198' title='bbox 2718 1472 2845 1513; x_wconf 91' lang='lat' dir='ltr'><strong>esse</strong></span> <span class='ocrx_word' id='word_1_199' title='bbox 2876 1457 3184 1523; x_wconf 88' lang='lat' dir='ltr'><strong>Salomoni,</strong></span> <span class='ocrx_word' id='word_1_200' title='bbox 3217 1460 3314 1529; x_wconf 89' lang='lat' dir='ltr'><strong>qui</strong></span> <span class='ocrx_word' id='word_1_201' title='bbox 3350 1463 3515 1514; x_wconf 85' lang='lat' dir='ltr'><strong>docet</strong></span> <span class='ocrx_word' id='word_1_202' title='bbox 3537 1460 3578 1490; x_wconf 81' lang='lat'><strong>&#39;°</strong></span> <span class='ocrx_word' id='word_1_203' title='bbox 3614 1460 3804 1513; x_wconf 79' lang='lat' dir='ltr'><strong>divinum</strong></span> 
     </span>
    </p>
   </div>
   <div class='ocr_carea' id='block_1_14' title="bbox 601 1523 3808 1616">
    <p class='ocr_par' dir='ltr' id='par_1_14' title="bbox 601 1523 3808 1616">
     <span class='ocr_line' id='line_1_17' title="bbox 601 1523 3808 1616; baseline 0.012 -51"><span class='ocrx_word' id='word_1_204' title='bbox 601 1530 725 1571; x_wconf 78' lang='lat' dir='ltr'><strong>esse</strong></span> <span class='ocrx_word' id='word_1_205' title='bbox 758 1532 985 1572; x_wconf 88' lang='lat' dir='ltr'><strong>sensum</strong></span> <span class='ocrx_word' id='word_1_206' title='bbox 1021 1529 1074 1575; x_wconf 91' lang='lat' dir='ltr'><strong>et</strong></span> <span class='ocrx_word' id='word_1_207' title='bbox 1113 1523 1489 1593; x_wconf 86' lang='lat' dir='ltr'><strong>spiritualem,</strong></span> <span class='ocrx_word' id='word_1_208' title='bbox 1521 1544 1633 1598; x_wconf 92' lang='lat' dir='ltr'><strong>quo</strong></span> <span class='ocrx_word' id='word_1_209' title='bbox 1660 1532 2018 1601; x_wconf 73' lang='lat' dir='ltr'><strong>exploremus</strong></span> <span class='ocrx_word' id='word_1_210' title='bbox 2041 1544 2097 1590; x_wconf 91' lang='lat' dir='ltr'><strong>et</strong></span> <span class='ocrx_word' id='word_1_211' title='bbox 2129 1540 2521 1607; x_wconf 83' lang='lat' dir='ltr'><strong>cognoscimus</strong></span> <span class='ocrx_word' id='word_1_212' title='bbox 2568 1543 2895 1612; x_wconf 87' lang='lat' dir='ltr'><strong>qualitatem</strong></span> <span class='ocrx_word' id='word_1_213' title='bbox 2928 1546 3046 1599; x_wconf 89' lang='lat' dir='ltr'><strong>veri</strong></span> <span class='ocrx_word' id='word_1_214' title='bbox 3078 1548 3241 1616; x_wconf 89' lang='lat' dir='ltr'><strong>panis</strong></span> <span class='ocrx_word' id='word_1_215' title='bbox 3266 1556 3325 1602; x_wconf 91' lang='lat' dir='ltr'><strong>et</strong></span> <span class='ocrx_word' id='word_1_216' title='bbox 3363 1549 3500 1609; x_wconf 89' lang='lat' dir='ltr'><strong>viui,</strong></span> <span class='ocrx_word' id='word_1_217' title='bbox 3533 1547 3665 1616; x_wconf 88' lang='lat' dir='ltr'><strong>quod</strong></span> <span class='ocrx_word' id='word_1_218' title='bbox 3694 1550 3808 1602; x_wconf 68' lang='lat' dir='ltr'><strong>exhi-</strong></span> 
     </span>
    </p>
   </div>
   <div class='ocr_carea' id='block_1_15' title="bbox 600 1603 3803 1705">
    <p class='ocr_par' dir='ltr' id='par_1_15' title="bbox 600 1603 3803 1705">
     <span class='ocr_line' id='line_1_18' title="bbox 600 1603 3803 1705; baseline 0.012 -50"><span class='ocrx_word' id='word_1_219' title='bbox 600 1603 860 1659; x_wconf 87' lang='lat' dir='ltr'><strong>larateor</strong></span> <span class='ocrx_word' id='word_1_220' title='bbox 895 1608 1158 1663; x_wconf 89' lang='lat' dir='ltr'><strong>hominis.</strong></span> <span class='ocrx_word' id='word_1_221' title='bbox 1193 1611 1230 1642; x_wconf 85' lang='lat'>”</span> <span class='ocrx_word' id='word_1_222' title='bbox 1261 1612 1419 1667; x_wconf 81' lang='lat' dir='ltr'><strong>Hunc</strong></span> <span class='ocrx_word' id='word_1_223' title='bbox 1443 1615 1609 1685; x_wconf 80' lang='lat' dir='ltr'><strong>igitur</strong></span> <span class='ocrx_word' id='word_1_224' title='bbox 1642 1633 1865 1673; x_wconf 78' lang='lat' dir='ltr'><strong>sensum</strong></span> <span class='ocrx_word' id='word_1_225' title='bbox 1890 1624 2134 1691; x_wconf 88' lang='lat' dir='ltr'><strong>appelles</strong></span> <span class='ocrx_word' id='word_1_226' title='bbox 2161 1603 2723 1700; x_wconf 74' lang='lat' dir='ltr'><strong>licebitspiritualem</strong></span> <span class='ocrx_word' id='word_1_227' title='bbox 2759 1642 3010 1705; x_wconf 88' lang='lat' dir='ltr'><strong>gustum.</strong></span> <span class='ocrx_word' id='word_1_228' title='bbox 3049 1603 3332 1692; x_wconf 70' lang='lat' dir='ltr'><strong>dlfactum</strong></span> <span class='ocrx_word' id='word_1_229' title='bbox 3367 1637 3691 1704; x_wconf 65' lang='lat' dir='ltr'><strong>existimato,</strong></span> <span class='ocrx_word' id='word_1_230' title='bbox 3715 1656 3803 1693; x_wconf 82' lang='lat' dir='ltr'><strong>cum</strong></span> 
     </span>
    </p>
   </div>
   <div class='ocr_carea' id='block_1_16' title="bbox 600 1689 3804 1799">
    <p class='ocr_par' dir='ltr' id='par_1_16' title="bbox 600 1689 3804 1799">
     <span class='ocr_line' id='line_1_19' title="bbox 600 1689 3804 1799; baseline 0.012 -55"><span class='ocrx_word' id='word_1_231' title='bbox 600 1689 805 1747; x_wconf 87' lang='lat' dir='ltr'><strong>Paulus</strong></span> <span class='ocrx_word' id='word_1_232' title='bbox 836 1694 1039 1764; x_wconf 84' lang='lat' dir='ltr'><strong>inquit,</strong></span> <span class='ocrx_word' id='word_1_233' title='bbox 1076 1698 1117 1729; x_wconf 83' lang='grc'>¹¹</span> <span class='ocrx_word' id='word_1_234' title='bbox 1143 1714 1203 1753; x_wconf 92' lang='lat' dir='ltr'><strong>se</strong></span> <span class='ocrx_word' id='word_1_235' title='bbox 1222 1714 1352 1755; x_wconf 85' lang='lat' dir='ltr'><strong>esse</strong></span> <span class='ocrx_word' id='word_1_236' title='bbox 1391 1702 1595 1757; x_wconf 88' lang='lat' dir='ltr'><strong>bonum</strong></span> <span class='ocrx_word' id='word_1_237' title='bbox 1639 1705 1865 1761; x_wconf 89' lang='lat' dir='ltr'><strong>odorem</strong></span> <span class='ocrx_word' id='word_1_238' title='bbox 1911 1709 2118 1766; x_wconf 84' lang='lat' dir='ltr'><strong>Christi</strong></span> <span class='ocrx_word' id='word_1_239' title='bbox 2157 1713 2287 1783; x_wconf 90' lang='lat' dir='ltr'><strong>illis,</strong></span> <span class='ocrx_word' id='word_1_240' title='bbox 2314 1721 2406 1789; x_wconf 90' lang='lat' dir='ltr'><strong>qui</strong></span> <span class='ocrx_word' id='word_1_241' title='bbox 2440 1723 2676 1779; x_wconf 85' lang='lat' dir='ltr'><strong>salutem</strong></span> <span class='ocrx_word' id='word_1_242' title='bbox 2710 1689 3161 1795; x_wconf 62' lang='lat' dir='ltr'><strong>cdnsequuntur,</strong></span> <span class='ocrx_word' id='word_1_243' title='bbox 3209 1736 3264 1784; x_wconf 89' lang='lat' dir='ltr'><strong>et</strong></span> <span class='ocrx_word' id='word_1_244' title='bbox 3309 1729 3427 1794; x_wconf 77' lang='lat' dir='ltr'><strong>bis,</strong></span> <span class='ocrx_word' id='word_1_245' title='bbox 3463 1730 3555 1799; x_wconf 87' lang='lat' dir='ltr'><strong>qui</strong></span> <span class='ocrx_word' id='word_1_246' title='bbox 3606 1741 3804 1799; x_wconf 87' lang='lat' dir='ltr'><strong>pereunt.</strong></span> 
     </span>
    </p>
   </div>
   <div class='ocr_carea' id='block_1_17' title="bbox 598 1782 3803 1888">
    <p class='ocr_par' dir='ltr' id='par_1_17' title="bbox 598 1782 3803 1888">
     <span class='ocr_line' id='line_1_20' title="bbox 598 1782 3803 1888; baseline 0.012 -53"><span class='ocrx_word' id='word_1_247' title='bbox 598 1782 838 1841; x_wconf 87' lang='lat' dir='ltr'><strong>Proinde</strong></span> <span class='ocrx_word' id='word_1_248' title='bbox 871 1789 998 1858; x_wconf 87' lang='lat' dir='ltr'><strong>quis</strong></span> <span class='ocrx_word' id='word_1_249' title='bbox 1024 1788 1250 1847; x_wconf 82' lang='lat' dir='ltr'><strong>audebit</strong></span> <span class='ocrx_word' id='word_1_250' title='bbox 1275 1795 1482 1861; x_wconf 82' lang='lat' dir='ltr'><strong>dicere,</strong></span> <span class='ocrx_word' id='word_1_251' title='bbox 1517 1798 1669 1865; x_wconf 92' lang='lat' dir='ltr'><strong>quod</strong></span> <span class='ocrx_word' id='word_1_252' title='bbox 1706 1801 1988 1869; x_wconf 92' lang='lat' dir='ltr'><strong>possimus</strong></span> <span class='ocrx_word' id='word_1_253' title='bbox 2019 1805 2255 1861; x_wconf 87' lang='lat' dir='ltr'><strong>odoratu</strong></span> <span class='ocrx_word' id='word_1_254' title='bbox 2288 1807 2383 1863; x_wconf 92' lang='lat' dir='ltr'><strong>illo</strong></span> <span class='ocrx_word' id='word_1_255' title='bbox 2415 1810 2699 1879; x_wconf 91' lang='lat' dir='ltr'><strong>spirituali</strong></span> <span class='ocrx_word' id='word_1_256' title='bbox 2732 1813 2957 1869; x_wconf 85' lang='lat' dir='ltr'><strong>odorari</strong></span> <span class='ocrx_word' id='word_1_257' title='bbox 3007 1814 3179 1871; x_wconf 91' lang='lat' dir='ltr'><strong>Deum</strong></span> <span class='ocrx_word' id='word_1_258' title='bbox 3222 1816 3413 1887; x_wconf 85' lang='lat' dir='ltr'><strong>ipsum</strong></span> <span class='ocrx_word' id='word_1_259' title='bbox 3448 1818 3583 1872; x_wconf 91' lang='lat' dir='ltr'><strong>mire</strong></span> <span class='ocrx_word' id='word_1_260' title='bbox 3610 1818 3803 1888; x_wconf 78' lang='lat' dir='ltr'><strong>fragran-</strong></span> 
     </span>
    </p>
   </div>
   <div class='ocr_carea' id='block_1_18' title="bbox 599 1872 3805 1975">
    <p class='ocr_par' dir='ltr' id='par_1_18' title="bbox 599 1872 3805 1975">
     <span class='ocr_line' id='line_1_21' title="bbox 599 1872 3805 1975; baseline 0.011 -51"><span class='ocrx_word' id='word_1_261' title='bbox 599 1873 754 1927; x_wconf 86' lang='lat' dir='ltr'><strong>tem?</strong></span> <span class='ocrx_word' id='word_1_262' title='bbox 782 1872 895 1929; x_wconf 79' lang='lat' dir='ltr'><strong>Ilac</strong></span> <span class='ocrx_word' id='word_1_263' title='bbox 922 1878 1129 1933; x_wconf 65' lang='lat' dir='ltr'><strong>caelesti</strong></span> <span class='ocrx_word' id='word_1_264' title='bbox 1160 1880 1461 1948; x_wconf 81' lang='lat' dir='ltr'><strong>fragrantia</strong></span> <span class='ocrx_word' id='word_1_265' title='bbox 1480 1884 1789 1943; x_wconf 89' lang='lat' dir='ltr'><strong>oblectatus</strong></span> <span class='ocrx_word' id='word_1_266' title='bbox 1827 1888 2017 1959; x_wconf 81' lang='lat' dir='ltr'><strong>David,</strong></span> <span class='ocrx_word' id='word_1_267' title='bbox 2046 1893 2317 1948; x_wconf 78' lang='lat' dir='ltr'><strong>exclamat</strong></span> <span class='ocrx_word' id='word_1_268' title='bbox 2346 1913 2360 1951; x_wconf 89' lang='lat'><strong>:</strong></span> <span class='ocrx_word' id='word_1_269' title='bbox 2398 1916 2417 1948; x_wconf 73' lang='grc' dir='ltr'><strong>ε</strong></span> <span class='ocrx_word' id='word_1_270' title='bbox 2444 1872 2620 1964; x_wconf 61' lang='grc' dir='ltr'><strong>ῥυείη</strong></span> <span class='ocrx_word' id='word_1_271' title='bbox 2656 1900 2859 1955; x_wconf 89' lang='lat' dir='ltr'><strong>bonum</strong></span> <span class='ocrx_word' id='word_1_272' title='bbox 2889 1916 3168 1974; x_wconf 89' lang='lat' dir='ltr'><strong>quamque</strong></span> <span class='ocrx_word' id='word_1_273' title='bbox 3188 1872 3503 1975; x_wconf 57' lang='lat' dir='ltr'><strong>jucundum</strong></span> <span class='ocrx_word' id='word_1_274' title='bbox 3535 1916 3613 1960; x_wconf 90' lang='lat' dir='ltr'><strong>est</strong></span> <span class='ocrx_word' id='word_1_275' title='bbox 3657 1872 3805 1960; x_wconf 68' lang='lat' dir='ltr'><strong>fratres</strong></span> 
     </span>
    </p>
   </div>
   <div class='ocr_carea' id='block_1_19' title="bbox 597 1961 3799 2058">
    <p class='ocr_par' dir='ltr' id='par_1_19' title="bbox 597 1961 3799 2058">
     <span class='ocr_line' id='line_1_22' title="bbox 597 1961 3799 2058; baseline 0.01 -45"><span class='ocrx_word' id='word_1_276' title='bbox 597 1961 920 2021; x_wconf 85' lang='lat' dir='ltr'><strong>cohabitare</strong></span> <span class='ocrx_word' id='word_1_277' title='bbox 948 1968 1004 2023; x_wconf 93' lang='lat' dir='ltr'><strong>in</strong></span> <span class='ocrx_word' id='word_1_278' title='bbox 1032 1985 1227 2025; x_wconf 91' lang='lat' dir='ltr'><strong>unum.</strong></span> <span class='ocrx_word' id='word_1_279' title='bbox 1262 1970 1330 2026; x_wconf 89' lang='lat' dir='ltr'><strong>Ut</strong></span> <span class='ocrx_word' id='word_1_280' title='bbox 1361 1983 1703 2043; x_wconf 79' lang='lat' dir='ltr'><strong>unguentum</strong></span> <span class='ocrx_word' id='word_1_281' title='bbox 1740 1995 1907 2051; x_wconf 89' lang='lat' dir='ltr'><strong>supra</strong></span> <span class='ocrx_word' id='word_1_282' title='bbox 1939 1994 2105 2053; x_wconf 88' lang='lat' dir='ltr'><strong>caput</strong></span> <span class='ocrx_word' id='word_1_283' title='bbox 2135 1961 2487 2041; x_wconf 75' lang='lat' dir='ltr'><strong>descendens</strong></span> <span class='ocrx_word' id='word_1_284' title='bbox 2513 1988 2567 2042; x_wconf 93' lang='lat' dir='ltr'><strong>in</strong></span> <span class='ocrx_word' id='word_1_285' title='bbox 2604 1988 2856 2058; x_wconf 89' lang='lat' dir='ltr'><strong>barbam,</strong></span> <span class='ocrx_word' id='word_1_286' title='bbox 2888 1961 3107 2048; x_wconf 63' lang='lat' dir='ltr'><strong>scilicet</strong></span> <span class='ocrx_word' id='word_1_287' title='bbox 3132 1961 3454 2048; x_wconf 49' lang='lat' dir='ltr'><strong>in&#39;barbam</strong></span> <span class='ocrx_word' id='word_1_288' title='bbox 3479 1994 3695 2049; x_wconf 80' lang='lat' dir='ltr'><strong>Aaronis</strong></span> <span class='ocrx_word' id='word_1_289' title='bbox 3722 1994 3799 2047; x_wconf 74' lang='grc'><strong>⁸³.»</strong></span> 
     </span>
    </p>
   </div>
   <div class='ocr_carea' id='block_1_20' title="bbox 597 2049 3801 2142">
    <p class='ocr_par' dir='ltr' id='par_1_20' title="bbox 597 2049 3801 2142">
     <span class='ocr_line' id='line_1_23' title="bbox 597 2049 3801 2142; baseline 0.01 -39"><span class='ocrx_word' id='word_1_290' title='bbox 597 2049 801 2108; x_wconf 85' lang='lat' dir='ltr'><strong>Tactus</strong></span> <span class='ocrx_word' id='word_1_291' title='bbox 832 2052 922 2108; x_wconf 92' lang='lat' dir='ltr'><strong>ille</strong></span> <span class='ocrx_word' id='word_1_292' title='bbox 950 2065 1237 2126; x_wconf 89' lang='lat' dir='ltr'><strong>reputatur</strong></span> <span class='ocrx_word' id='word_1_293' title='bbox 1264 2063 1508 2118; x_wconf 79' lang='lat' dir='ltr'><strong>emlestis</strong></span> <span class='ocrx_word' id='word_1_294' title='bbox 1554 2073 1608 2119; x_wconf 92' lang='lat' dir='ltr'><strong>et</strong></span> <span class='ocrx_word' id='word_1_295' title='bbox 1651 2049 1983 2136; x_wconf 86' lang='lat' dir='ltr'><strong>spiritualis,</strong></span> <span class='ocrx_word' id='word_1_296' title='bbox 2010 2049 2099 2128; x_wconf 48' lang='lat' dir='ltr'><strong>-de</strong></span> <span class='ocrx_word' id='word_1_297' title='bbox 2145 2087 2256 2142; x_wconf 87' lang='lat' dir='ltr'><strong>quo</strong></span> <span class='ocrx_word' id='word_1_298' title='bbox 2287 2072 2530 2142; x_wconf 89' lang='lat' dir='ltr'><strong>loquitur</strong></span> <span class='ocrx_word' id='word_1_299' title='bbox 2568 2074 2810 2133; x_wconf 83' lang='lat' dir='ltr'><strong>Joannes</strong></span> <span class='ocrx_word' id='word_1_300' title='bbox 2842 2049 2863 2133; x_wconf 54' lang='grc' dir='ltr'>ἐ</span> <span class='ocrx_word' id='word_1_301' title='bbox 2908 2098 2927 2131; x_wconf 84' lang='grc'><em>‹</em></span> <span class='ocrx_word' id='word_1_302' title='bbox 2964 2077 3031 2133; x_wconf 84' lang='grc' dir='ltr'><strong>Ει</strong></span> <span class='ocrx_word' id='word_1_303' title='bbox 3056 2094 3256 2135; x_wconf 90' lang='lat' dir='ltr'><strong>manus</strong></span> <span class='ocrx_word' id='word_1_304' title='bbox 3303 2091 3514 2136; x_wconf 78' lang='lat' dir='ltr'><strong>nostra:</strong></span> <span class='ocrx_word' id='word_1_305' title='bbox 3551 2091 3801 2137; x_wconf 80' lang='lat' dir='ltr'><strong>contrecta-</strong></span> 
     </span>
    </p>
   </div>
   <div class='ocr_carea' id='block_1_21' title="bbox 597 2142 3800 2241">
    <p class='ocr_par' dir='ltr' id='par_1_21' title="bbox 597 2142 3800 2241">
     <span class='ocr_line' id='line_1_24' title="bbox 597 2142 3800 2241; baseline 0.009 -49"><span class='ocrx_word' id='word_1_306' title='bbox 597 2152 802 2198; x_wconf 84' lang='lat' dir='ltr'><strong>verunt</strong></span> <span class='ocrx_word' id='word_1_307' title='bbox 830 2142 900 2199; x_wconf 90' lang='lat' dir='ltr'><strong>de</strong></span> <span class='ocrx_word' id='word_1_308' title='bbox 930 2161 1188 2203; x_wconf 89' lang='lat' dir='ltr'><strong>sermone</strong></span> <span class='ocrx_word' id='word_1_309' title='bbox 1220 2149 1365 2204; x_wconf 85' lang='lat' dir='ltr'><strong>vitae.</strong></span> <span class='ocrx_word' id='word_1_310' title='bbox 1400 2151 1445 2184; x_wconf 74' lang='grc'><strong>¹⁸</strong></span> <span class='ocrx_word' id='word_1_311' title='bbox 1476 2171 1495 2204; x_wconf 74' lang='grc' dir='ltr'><strong>ο</strong></span> <span class='ocrx_word' id='word_1_312' title='bbox 1533 2151 1702 2211; x_wconf 82' lang='lat' dir='ltr'><strong>Visus</strong></span> <span class='ocrx_word' id='word_1_313' title='bbox 1732 2156 1825 2213; x_wconf 93' lang='lat' dir='ltr'><strong>ille</strong></span> <span class='ocrx_word' id='word_1_314' title='bbox 1852 2160 2175 2229; x_wconf 87' lang='lat' dir='ltr'><strong>perhibetur</strong></span> <span class='ocrx_word' id='word_1_315' title='bbox 2200 2163 2530 2233; x_wconf 88' lang='lat' dir='ltr'><strong>spiritualis.</strong></span> <span class='ocrx_word' id='word_1_316' title='bbox 2558 2166 2654 2236; x_wconf 92' lang='lat' dir='ltr'><strong>qui</strong></span> <span class='ocrx_word' id='word_1_317' title='bbox 2686 2168 3010 2224; x_wconf 88' lang='lat' dir='ltr'><strong>attribuitur</strong></span> <span class='ocrx_word' id='word_1_318' title='bbox 3036 2169 3144 2235; x_wconf 91' lang='lat' dir='ltr'><strong>bis,</strong></span> <span class='ocrx_word' id='word_1_319' title='bbox 3197 2172 3293 2241; x_wconf 93' lang='lat' dir='ltr'><strong>qui</strong></span> <span class='ocrx_word' id='word_1_320' title='bbox 3334 2172 3546 2225; x_wconf 88' lang='lat' dir='ltr'><strong>mundo</strong></span> <span class='ocrx_word' id='word_1_321' title='bbox 3576 2182 3688 2225; x_wconf 88' lang='lat' dir='ltr'><strong>sunt</strong></span> <span class='ocrx_word' id='word_1_322' title='bbox 3713 2187 3800 2224; x_wconf 83' lang='lat' dir='ltr'><strong>cor-</strong></span> 
     </span>
    </p>
   </div>
   <div class='ocr_carea' id='block_1_22' title="bbox 594 2228 3799 2329">
    <p class='ocr_par' dir='ltr' id='par_1_22' title="bbox 594 2228 3799 2329">
     <span class='ocr_line' id='line_1_25' title="bbox 594 2228 3799 2329; baseline 0.009 -46"><span class='ocrx_word' id='word_1_323' title='bbox 594 2228 684 2295; x_wconf 88' lang='lat' dir='ltr'><strong>de,</strong></span> <span class='ocrx_word' id='word_1_324' title='bbox 711 2239 765 2286; x_wconf 91' lang='lat' dir='ltr'><strong>et</strong></span> <span class='ocrx_word' id='word_1_325' title='bbox 786 2232 881 2302; x_wconf 92' lang='lat' dir='ltr'><strong>qui</strong></span> <span class='ocrx_word' id='word_1_326' title='bbox 904 2233 1070 2289; x_wconf 91' lang='lat' dir='ltr'><strong>Deum</strong></span> <span class='ocrx_word' id='word_1_327' title='bbox 1102 2246 1233 2292; x_wconf 90' lang='lat' dir='ltr'><strong>sunt</strong></span> <span class='ocrx_word' id='word_1_328' title='bbox 1262 2238 1455 2295; x_wconf 85' lang='lat' dir='ltr'><strong>visuri.</strong></span> <span class='ocrx_word' id='word_1_329' title='bbox 1484 2243 1674 2300; x_wconf 86' lang='lat' dir='ltr'><strong>Omnis</strong></span> <span class='ocrx_word' id='word_1_330' title='bbox 1699 2228 1904 2314; x_wconf 81' lang='lat' dir='ltr'><strong>autem,</strong></span> <span class='ocrx_word' id='word_1_331' title='bbox 1936 2250 2029 2318; x_wconf 92' lang='lat' dir='ltr'><strong>qui</strong></span> <span class='ocrx_word' id='word_1_332' title='bbox 2060 2228 2295 2319; x_wconf 79' lang='lat' dir='ltr'><strong>diligens</strong></span> <span class='ocrx_word' id='word_1_333' title='bbox 2326 2263 2380 2306; x_wconf 88' lang='lat' dir='ltr'><strong>et</strong></span> <span class='ocrx_word' id='word_1_334' title='bbox 2409 2228 2641 2309; x_wconf 75' lang='lat' dir='ltr'><strong>sedulus</strong></span> <span class='ocrx_word' id='word_1_335' title='bbox 2667 2266 2751 2310; x_wconf 91' lang='lat' dir='ltr'><strong>est</strong></span> <span class='ocrx_word' id='word_1_336' title='bbox 2784 2256 3131 2313; x_wconf 85' lang='lat' dir='ltr'><strong>auscultator</strong></span> <span class='ocrx_word' id='word_1_337' title='bbox 3151 2228 3512 2329; x_wconf 79' lang='lat' dir='ltr'><strong>eloquioruin</strong></span> <span class='ocrx_word' id='word_1_338' title='bbox 3538 2259 3642 2323; x_wconf 82' lang='lat' dir='ltr'><strong>Dei,</strong></span> <span class='ocrx_word' id='word_1_339' title='bbox 3664 2262 3799 2329; x_wconf 76' lang='lat' dir='ltr'><strong>potio-</strong></span> 
     </span>
    </p>
   </div>
   <div class='ocr_carea' id='block_1_23' title="bbox 529 2320 3799 2415">
    <p class='ocr_par' dir='ltr' id='par_1_23' title="bbox 529 2320 3799 2415">
     <span class='ocr_line' id='line_1_26' title="bbox 529 2320 3799 2415; baseline 0.009 -46"><span class='ocrx_word' id='word_1_340' title='bbox 529 2350 538 2359; x_wconf 70' lang='grc' dir='ltr'>ι</span> <span class='ocrx_word' id='word_1_341' title='bbox 596 2331 713 2373; x_wconf 77' lang='lat' dir='ltr'><strong>rem</strong></span> <span class='ocrx_word' id='word_1_342' title='bbox 750 2320 870 2375; x_wconf 88' lang='lat' dir='ltr'><strong>visu</strong></span> <span class='ocrx_word' id='word_1_343' title='bbox 897 2320 1052 2376; x_wconf 90' lang='lat' dir='ltr'><strong>ducit</strong></span> <span class='ocrx_word' id='word_1_344' title='bbox 1076 2324 1348 2380; x_wconf 89' lang='lat' dir='ltr'><strong>auditum.</strong></span> <span class='ocrx_word' id='word_1_345' title='bbox 1385 2326 1656 2395; x_wconf 71' lang='lat' dir='ltr'><strong>Victimze,</strong></span> <span class='ocrx_word' id='word_1_346' title='bbox 1690 2348 1813 2403; x_wconf 71' lang='lat' dir='ltr'><strong>qua:</strong></span> <span class='ocrx_word' id='word_1_347' title='bbox 1846 2345 2163 2393; x_wconf 87' lang='lat' dir='ltr'><strong>mactentur</strong></span> <span class='ocrx_word' id='word_1_348' title='bbox 2198 2337 2267 2394; x_wconf 89' lang='lat' dir='ltr'><strong>ad</strong></span> <span class='ocrx_word' id='word_1_349' title='bbox 2315 2355 2469 2395; x_wconf 90' lang='lat' dir='ltr'><strong>aram</strong></span> <span class='ocrx_word' id='word_1_350' title='bbox 2500 2341 2771 2405; x_wconf 84' lang='lat' dir='ltr'><strong>divinam,</strong></span> <span class='ocrx_word' id='word_1_351' title='bbox 2821 2344 2891 2399; x_wconf 88' lang='lat' dir='ltr'><strong>ab</strong></span> <span class='ocrx_word' id='word_1_352' title='bbox 2924 2344 3009 2399; x_wconf 92' lang='lat' dir='ltr'><strong>his</strong></span> <span class='ocrx_word' id='word_1_353' title='bbox 3039 2320 3437 2415; x_wconf 75' lang='lat' dir='ltr'><strong>spiritualibus</strong></span> <span class='ocrx_word' id='word_1_354' title='bbox 3463 2320 3695 2402; x_wconf 76' lang='lat' dir='ltr'><strong>sensibus</strong></span> <span class='ocrx_word' id='word_1_355' title='bbox 3733 2360 3799 2413; x_wconf 70' lang='lat' dir='ltr'><strong>pe-</strong></span> 
     </span>
    </p>
   </div>
   <div class='ocr_carea' id='block_1_24' title="bbox 595 2406 3799 2496">
    <p class='ocr_par' dir='ltr' id='par_1_24' title="bbox 595 2406 3799 2496">
     <span class='ocr_line' id='line_1_27' title="bbox 595 2406 3799 2496; baseline 0.008 -38"><span class='ocrx_word' id='word_1_356' title='bbox 595 2406 776 2462; x_wconf 68' lang='lat' dir='ltr'><strong>tendae</strong></span> <span class='ocrx_word' id='word_1_357' title='bbox 801 2416 931 2463; x_wconf 88' lang='lat' dir='ltr'><strong>sunt</strong></span> <span class='ocrx_word' id='word_1_358' title='bbox 960 2409 1018 2464; x_wconf 91' lang='lat' dir='ltr'><strong>in</strong></span> <span class='ocrx_word' id='word_1_359' title='bbox 1053 2414 1204 2466; x_wconf 91' lang='lat' dir='ltr'><strong>omni</strong></span> <span class='ocrx_word' id='word_1_360' title='bbox 1230 2415 1459 2471; x_wconf 86' lang='lat' dir='ltr'><strong>natione</strong></span> <span class='ocrx_word' id='word_1_361' title='bbox 1493 2427 1546 2471; x_wconf 90' lang='lat' dir='ltr'><strong>et</strong></span> <span class='ocrx_word' id='word_1_362' title='bbox 1575 2429 1759 2489; x_wconf 88' lang='lat' dir='ltr'><strong>gente,</strong></span> <span class='ocrx_word' id='word_1_363' title='bbox 1810 2432 1870 2477; x_wconf 92' lang='lat' dir='ltr'><strong>ut</strong></span> <span class='ocrx_word' id='word_1_364' title='bbox 1899 2438 2092 2480; x_wconf 89' lang='lat' dir='ltr'><strong>omnes</strong></span> <span class='ocrx_word' id='word_1_365' title='bbox 2125 2425 2325 2482; x_wconf 90' lang='lat' dir='ltr'><strong>decora</strong></span> <span class='ocrx_word' id='word_1_366' title='bbox 2358 2442 2571 2483; x_wconf 91' lang='lat' dir='ltr'><strong>morum</strong></span> <span class='ocrx_word' id='word_1_367' title='bbox 2607 2429 3046 2486; x_wconf 85' lang='lat' dir='ltr'><strong>coboaestentur</strong></span> <span class='ocrx_word' id='word_1_368' title='bbox 3094 2434 3371 2489; x_wconf 85' lang='lat' dir='ltr'><strong>varietate</strong></span> <span class='ocrx_word' id='word_1_369' title='bbox 3401 2474 3417 2496; x_wconf 91' lang='lat'><strong>.</strong></span> <span class='ocrx_word' id='word_1_370' title='bbox 3466 2434 3621 2489; x_wconf 89' lang='lat' dir='ltr'><strong>sicuti</strong></span> <span class='ocrx_word' id='word_1_371' title='bbox 3663 2446 3799 2486; x_wconf 77' lang='lat' dir='ltr'><strong>monet</strong></span> 
     </span>
    </p>
   </div>
   <div class='ocr_carea' id='block_1_25' title="bbox 594 2496 3799 2587">
    <p class='ocr_par' dir='ltr' id='par_1_25' title="bbox 594 2496 3799 2587">
     <span class='ocr_line' id='line_1_28' title="bbox 594 2496 3799 2587; baseline 0.009 -41"><span class='ocrx_word' id='word_1_372' title='bbox 594 2496 801 2561; x_wconf 77' lang='lat' dir='ltr'><strong>rratio,</strong></span> <span class='ocrx_word' id='word_1_373' title='bbox 835 2511 967 2568; x_wconf 76' lang='lat' dir='ltr'><strong>qua:</strong></span> <span class='ocrx_word' id='word_1_374' title='bbox 999 2499 1066 2554; x_wconf 93' lang='lat' dir='ltr'><strong>de</strong></span> <span class='ocrx_word' id='word_1_375' title='bbox 1097 2501 1435 2559; x_wconf 88' lang='lat' dir='ltr'><strong>animalibus</strong></span> <span class='ocrx_word' id='word_1_376' title='bbox 1465 2504 1555 2559; x_wconf 89' lang='lat' dir='ltr'><strong>hic</strong></span> <span class='ocrx_word' id='word_1_377' title='bbox 1586 2506 1839 2564; x_wconf 89' lang='lat' dir='ltr'><strong>habetur.</strong></span> <span class='ocrx_word' id='word_1_378' title='bbox 1878 2510 2250 2568; x_wconf 90' lang='lat' dir='ltr'><strong>llliuscemodi</strong></span> <span class='ocrx_word' id='word_1_379' title='bbox 2287 2516 2624 2570; x_wconf 88' lang='lat' dir='ltr'><strong>animalibus</strong></span> <span class='ocrx_word' id='word_1_380' title='bbox 2661 2517 2980 2573; x_wconf 87' lang='lat' dir='ltr'><strong>abundabat</strong></span> <span class='ocrx_word' id='word_1_381' title='bbox 3007 2528 3058 2573; x_wconf 90' lang='lat' dir='ltr'><strong>et</strong></span> <span class='ocrx_word' id='word_1_382' title='bbox 3096 2520 3253 2587; x_wconf 85' lang='lat' dir='ltr'><strong>quasi</strong></span> <span class='ocrx_word' id='word_1_383' title='bbox 3299 2522 3553 2576; x_wconf 86' lang='lat' dir='ltr'><strong>scatebat</strong></span> <span class='ocrx_word' id='word_1_384' title='bbox 3595 2535 3678 2573; x_wconf 85' lang='lat' dir='ltr'><strong>vas</strong></span> <span class='ocrx_word' id='word_1_385' title='bbox 3707 2520 3799 2572; x_wconf 77' lang='lat' dir='ltr'><strong>illud</strong></span> 
     </span>
    </p>
   </div>
   <div class='ocr_carea' id='block_1_26' title="bbox 593 2581 3795 2672">
    <p class='ocr_par' dir='ltr' id='par_1_26' title="bbox 593 2581 3795 2672">
     <span class='ocr_line' id='line_1_29' title="bbox 593 2581 3795 2672; baseline 0.007 -37"><span class='ocrx_word' id='word_1_386' title='bbox 593 2581 823 2638; x_wconf 80' lang='lat' dir='ltr'><strong>linteum</strong></span> <span class='ocrx_word' id='word_1_387' title='bbox 858 2600 888 2643; x_wconf 91' lang='lat' dir='ltr'><strong>e</strong></span> <span class='ocrx_word' id='word_1_388' title='bbox 914 2588 1054 2641; x_wconf 86' lang='lat' dir='ltr'><strong>coelo</strong></span> <span class='ocrx_word' id='word_1_389' title='bbox 1084 2587 1409 2658; x_wconf 90' lang='lat' dir='ltr'><strong>demissum,</strong></span> <span class='ocrx_word' id='word_1_390' title='bbox 1433 2593 1578 2662; x_wconf 91' lang='lat' dir='ltr'><strong>quod</strong></span> <span class='ocrx_word' id='word_1_391' title='bbox 1611 2596 1967 2666; x_wconf 86' lang='lat' dir='ltr'><strong>conspicatus</strong></span> <span class='ocrx_word' id='word_1_392' title='bbox 1994 2607 2079 2655; x_wconf 91' lang='lat' dir='ltr'><strong>est</strong></span> <span class='ocrx_word' id='word_1_393' title='bbox 2110 2599 2306 2657; x_wconf 84' lang='lat' dir='ltr'><strong>Petrus</strong></span> <span class='ocrx_word' id='word_1_394' title='bbox 2330 2601 2406 2668; x_wconf 82' lang='lat'><strong>“‘;</strong></span> <span class='ocrx_word' id='word_1_395' title='bbox 2436 2617 2548 2671; x_wconf 93' lang='lat' dir='ltr'><strong>quo</strong></span> <span class='ocrx_word' id='word_1_396' title='bbox 2575 2605 2925 2672; x_wconf 88' lang='lat' dir='ltr'><strong>mouebatur,</strong></span> <span class='ocrx_word' id='word_1_397' title='bbox 2959 2620 3067 2660; x_wconf 92' lang='lat' dir='ltr'><strong>non</strong></span> <span class='ocrx_word' id='word_1_398' title='bbox 3100 2607 3169 2662; x_wconf 89' lang='lat' dir='ltr'><strong>de</strong></span> <span class='ocrx_word' id='word_1_399' title='bbox 3206 2608 3351 2662; x_wconf 89' lang='lat' dir='ltr'><strong>solis</strong></span> <span class='ocrx_word' id='word_1_400' title='bbox 3382 2608 3695 2662; x_wconf 84' lang='lat' dir='ltr'><strong>animalibus</strong></span> <span class='ocrx_word' id='word_1_401' title='bbox 3720 2608 3795 2661; x_wconf 83' lang='lat' dir='ltr'><strong>illis</strong></span> 
     </span>
    </p>
   </div>
   <div class='ocr_carea' id='block_1_27' title="bbox 595 2670 3792 2757">
    <p class='ocr_par' dir='ltr' id='par_1_27' title="bbox 595 2670 3792 2757">
     <span class='ocr_line' id='line_1_30' title="bbox 595 2670 3792 2757; baseline 0.008 -34"><span class='ocrx_word' id='word_1_402' title='bbox 595 2670 802 2737; x_wconf 87' lang='lat' dir='ltr'><strong>brutis,</strong></span> <span class='ocrx_word' id='word_1_403' title='bbox 835 2688 960 2742; x_wconf 75' lang='lat' dir='ltr'><strong>qua:</strong></span> <span class='ocrx_word' id='word_1_404' title='bbox 1010 2675 1063 2728; x_wconf 88' lang='lat' dir='ltr'><strong>in</strong></span> <span class='ocrx_word' id='word_1_405' title='bbox 1103 2690 1237 2732; x_wconf 87' lang='lat' dir='ltr'><strong>vase</strong></span> <span class='ocrx_word' id='word_1_406' title='bbox 1288 2680 1740 2748; x_wconf 90' lang='lat' dir='ltr'><strong>continebantur,</strong></span> <span class='ocrx_word' id='word_1_407' title='bbox 1775 2684 1880 2739; x_wconf 90' lang='lat' dir='ltr'><strong>ista</strong></span> <span class='ocrx_word' id='word_1_408' title='bbox 1924 2687 2310 2757; x_wconf 84' lang='lat' dir='ltr'><strong>intelligenda;</strong></span> <span class='ocrx_word' id='word_1_409' title='bbox 2362 2670 2467 2745; x_wconf 82' lang='lat' dir='ltr'><strong>sed</strong></span> <span class='ocrx_word' id='word_1_410' title='bbox 2494 2706 2614 2745; x_wconf 88' lang='lat' dir='ltr'><strong>eam</strong></span> <span class='ocrx_word' id='word_1_411' title='bbox 2667 2692 2940 2747; x_wconf 83' lang='lat' dir='ltr'><strong>visionem</strong></span> <span class='ocrx_word' id='word_1_412' title='bbox 2971 2694 3429 2749; x_wconf 83' lang='lat' dir='ltr'><strong>transferendam</strong></span> <span class='ocrx_word' id='word_1_413' title='bbox 3472 2696 3539 2750; x_wconf 89' lang='lat' dir='ltr'><strong>ad</strong></span> <span class='ocrx_word' id='word_1_414' title='bbox 3579 2696 3792 2750; x_wconf 77' lang='lat' dir='ltr'><strong>homines.</strong></span> 
     </span>
    </p>
   </div>
   <div class='ocr_carea' id='block_1_28' title="bbox 594 2756 3791 2851">
    <p class='ocr_par' dir='ltr' id='par_1_28' title="bbox 594 2756 3791 2851">
     <span class='ocr_line' id='line_1_31' title="bbox 594 2756 3791 2851; baseline 0.008 -40"><span class='ocrx_word' id='word_1_415' title='bbox 594 2772 735 2827; x_wconf 86' lang='lat' dir='ltr'><strong>quos</strong></span> <span class='ocrx_word' id='word_1_416' title='bbox 764 2756 975 2815; x_wconf 86' lang='lat' dir='ltr'><strong>Numen</strong></span> <span class='ocrx_word' id='word_1_417' title='bbox 1002 2776 1099 2831; x_wconf 90' lang='lat' dir='ltr'><strong>per</strong></span> <span class='ocrx_word' id='word_1_418' title='bbox 1127 2763 1215 2817; x_wconf 90' lang='lat' dir='ltr'><strong>illa</strong></span> <span class='ocrx_word' id='word_1_419' title='bbox 1251 2767 1586 2823; x_wconf 84' lang='lat' dir='ltr'><strong>ostentabat.</strong></span> <span class='ocrx_word' id='word_1_420' title='bbox 1622 2770 1776 2836; x_wconf 87' lang='lat' dir='ltr'><strong>Quod</strong></span> <span class='ocrx_word' id='word_1_421' title='bbox 1804 2789 1934 2828; x_wconf 90' lang='lat' dir='ltr'><strong>vero</strong></span> <span class='ocrx_word' id='word_1_422' title='bbox 1965 2779 2261 2833; x_wconf 89' lang='lat' dir='ltr'><strong>moressub</strong></span> <span class='ocrx_word' id='word_1_423' title='bbox 2288 2756 2624 2834; x_wconf 86' lang='lat' dir='ltr'><strong>animalibus</strong></span> <span class='ocrx_word' id='word_1_424' title='bbox 2658 2780 2866 2835; x_wconf 87' lang='lat' dir='ltr'><strong>indicet</strong></span> <span class='ocrx_word' id='word_1_425' title='bbox 2906 2779 3199 2851; x_wconf 84' lang='lat' dir='ltr'><strong>Scriptura</strong></span> <span class='ocrx_word' id='word_1_426' title='bbox 3266 2800 3429 2839; x_wconf 86' lang='lat' dir='ltr'><strong>sacra</strong></span> <span class='ocrx_word' id='word_1_427' title='bbox 3484 2800 3559 2839; x_wconf 82' lang='lat' dir='ltr'><strong>vei</strong></span> <span class='ocrx_word' id='word_1_428' title='bbox 3608 2785 3712 2838; x_wconf 74' lang='lat' dir='ltr'><strong>hinc</strong></span> <span class='ocrx_word' id='word_1_429' title='bbox 3736 2786 3791 2835; x_wconf 76' lang='lat' dir='ltr'><strong>ri-</strong></span> 
     </span>
    </p>
   </div>
   <div class='ocr_carea' id='block_1_29' title="bbox 595 2844 3795 2930">
    <p class='ocr_par' dir='ltr' id='par_1_29' title="bbox 595 2844 3795 2930">
     <span class='ocr_line' id='line_1_32' title="bbox 595 2844 3795 2930; baseline 0.008 -33"><span class='ocrx_word' id='word_1_430' title='bbox 595 2844 724 2898; x_wconf 88' lang='lat' dir='ltr'><strong>derc</strong></span> <span class='ocrx_word' id='word_1_431' title='bbox 750 2854 852 2909; x_wconf 91' lang='lat' dir='ltr'><strong>est,</strong></span> <span class='ocrx_word' id='word_1_432' title='bbox 882 2848 1030 2914; x_wconf 92' lang='lat' dir='ltr'><strong>quod</strong></span> <span class='ocrx_word' id='word_1_433' title='bbox 1081 2849 1399 2919; x_wconf 85' lang='lat' dir='ltr'><strong>bypoeritas</strong></span> <span class='ocrx_word' id='word_1_434' title='bbox 1425 2863 1581 2909; x_wconf 88' lang='lat' dir='ltr'><strong>vocat</strong></span> <span class='ocrx_word' id='word_1_435' title='bbox 1617 2857 1779 2928; x_wconf 91' lang='lat' dir='ltr'><strong>lupos</strong></span> <span class='ocrx_word' id='word_1_436' title='bbox 1804 2873 2056 2930; x_wconf 88' lang='lat' dir='ltr'><strong>rapaces,</strong></span> <span class='ocrx_word' id='word_1_437' title='bbox 2108 2866 2534 2923; x_wconf 90' lang='lat' dir='ltr'><strong>obambulantes</strong></span> <span class='ocrx_word' id='word_1_438' title='bbox 2584 2869 2821 2924; x_wconf 89' lang='lat' dir='ltr'><strong>amictos</strong></span> <span class='ocrx_word' id='word_1_439' title='bbox 2865 2844 3164 2926; x_wconf 83' lang='lat' dir='ltr'><strong>velleribus</strong></span> <span class='ocrx_word' id='word_1_440' title='bbox 3215 2874 3427 2928; x_wconf 87' lang='lat' dir='ltr'><strong>ovillis.</strong></span> <span class='ocrx_word' id='word_1_441' title='bbox 3462 2873 3506 2903; x_wconf 84' lang='lat'>&quot;</span> <span class='ocrx_word' id='word_1_442' title='bbox 3553 2873 3724 2926; x_wconf 81' lang='lat' dir='ltr'><strong>Eadem</strong></span> <span class='ocrx_word' id='word_1_443' title='bbox 3757 2882 3795 2924; x_wconf 73' lang='lat' dir='ltr'><strong>et</strong></span> 
     </span>
    </p>
   </div>
   <div class='ocr_carea' id='block_1_30' title="bbox 594 2928 3789 3025">
    <p class='ocr_par' dir='ltr' id='par_1_30' title="bbox 594 2928 3789 3025">
     <span class='ocr_line' id='line_1_33' title="bbox 594 2928 3789 3025; baseline 0.012 -45"><span class='ocrx_word' id='word_1_444' title='bbox 594 2928 765 2987; x_wconf 79' lang='lat' dir='ltr'><strong>Isaias</strong></span> <span class='ocrx_word' id='word_1_445' title='bbox 794 2934 1083 3000; x_wconf 74' lang='lat' dir='ltr'><strong>praedixit,</strong></span> <span class='ocrx_word' id='word_1_446' title='bbox 1116 2936 1372 3008; x_wconf 86' lang='lat' dir='ltr'><strong>inquiens</strong></span> <span class='ocrx_word' id='word_1_447' title='bbox 1407 2957 1419 2994; x_wconf 90' lang='lat'>:</span> <span class='ocrx_word' id='word_1_448' title='bbox 1468 2959 1487 2993; x_wconf 81' lang='lat' dir='ltr'><strong>r</strong></span> <span class='ocrx_word' id='word_1_449' title='bbox 1526 2940 1663 3013; x_wconf 90' lang='lat' dir='ltr'><strong>Lupi</strong></span> <span class='ocrx_word' id='word_1_450' title='bbox 1694 2954 1749 3001; x_wconf 88' lang='lat' dir='ltr'><strong>et</strong></span> <span class='ocrx_word' id='word_1_451' title='bbox 1776 2928 1901 3017; x_wconf 81' lang='lat' dir='ltr'><strong>agni</strong></span> <span class='ocrx_word' id='word_1_452' title='bbox 1939 2966 2046 3005; x_wconf 92' lang='lat' dir='ltr'><strong>uua</strong></span> <span class='ocrx_word' id='word_1_453' title='bbox 2088 2962 2339 3021; x_wconf 89' lang='lat' dir='ltr'><strong>paseent,</strong></span> <span class='ocrx_word' id='word_1_454' title='bbox 2373 2957 2413 2986; x_wconf 72' lang='grc'><strong>³⁷</strong></span> <span class='ocrx_word' id='word_1_455' title='bbox 2448 2974 2465 3006; x_wconf 81' lang='lat' dir='ltr'><strong>i</strong></span> <span class='ocrx_word' id='word_1_456' title='bbox 2504 2964 2613 3010; x_wconf 88' lang='lat' dir='ltr'><strong>etc.</strong></span> <span class='ocrx_word' id='word_1_457' title='bbox 2648 2955 2769 3011; x_wconf 81' lang='lat' dir='ltr'><strong>Hoc</strong></span> <span class='ocrx_word' id='word_1_458' title='bbox 2801 2957 3027 3025; x_wconf 88' lang='lat' dir='ltr'><strong>quidem</strong></span> <span class='ocrx_word' id='word_1_459' title='bbox 3061 2960 3142 3014; x_wconf 91' lang='lat' dir='ltr'><strong>vel</strong></span> <span class='ocrx_word' id='word_1_460' title='bbox 3177 2976 3330 3015; x_wconf 90' lang='lat' dir='ltr'><strong>nunc</strong></span> <span class='ocrx_word' id='word_1_461' title='bbox 3365 2962 3484 3016; x_wconf 89' lang='lat' dir='ltr'><strong>sole</strong></span> <span class='ocrx_word' id='word_1_462' title='bbox 3514 2961 3695 3014; x_wconf 88' lang='lat' dir='ltr'><strong>clarius</strong></span> <span class='ocrx_word' id='word_1_463' title='bbox 3718 2970 3789 3017; x_wconf 77' lang='lat' dir='ltr'><strong>est.</strong></span> 
     </span>
    </p>
   </div>
   <div class='ocr_carea' id='block_1_31' title="bbox 595 3019 3789 3113">
    <p class='ocr_par' dir='ltr' id='par_1_31' title="bbox 595 3019 3789 3113">
     <span class='ocr_line' id='line_1_34' title="bbox 595 3019 3789 3113; baseline 0.008 -42"><span class='ocrx_word' id='word_1_464' title='bbox 595 3019 725 3073; x_wconf 91' lang='lat' dir='ltr'><strong>dum</strong></span> <span class='ocrx_word' id='word_1_465' title='bbox 762 3020 818 3075; x_wconf 91' lang='lat' dir='ltr'><strong>in</strong></span> <span class='ocrx_word' id='word_1_466' title='bbox 846 3021 1098 3078; x_wconf 84' lang='lat' dir='ltr'><strong>Ecclesia</strong></span> <span class='ocrx_word' id='word_1_467' title='bbox 1130 3025 1356 3082; x_wconf 89' lang='lat' dir='ltr'><strong>aluntur</strong></span> <span class='ocrx_word' id='word_1_468' title='bbox 1386 3039 1443 3085; x_wconf 89' lang='lat' dir='ltr'><strong>et</strong></span> <span class='ocrx_word' id='word_1_469' title='bbox 1476 3029 1736 3087; x_wconf 80' lang='lat' dir='ltr'><strong>foveatur</strong></span> <span class='ocrx_word' id='word_1_470' title='bbox 1765 3034 1966 3092; x_wconf 89' lang='lat' dir='ltr'><strong>divinis</strong></span> <span class='ocrx_word' id='word_1_471' title='bbox 1994 3019 2235 3098; x_wconf 76' lang='lat' dir='ltr'><strong>oraculis</strong></span> <span class='ocrx_word' id='word_1_472' title='bbox 2265 3044 2489 3113; x_wconf 88' lang='lat' dir='ltr'><strong>plurimi</strong></span> <span class='ocrx_word' id='word_1_473' title='bbox 2524 3054 2578 3099; x_wconf 91' lang='lat' dir='ltr'><strong>et</strong></span> <span class='ocrx_word' id='word_1_474' title='bbox 2610 3046 2859 3100; x_wconf 88' lang='lat' dir='ltr'><strong>moribus</strong></span> <span class='ocrx_word' id='word_1_475' title='bbox 2884 3045 3093 3103; x_wconf 88' lang='lat' dir='ltr'><strong>diversi</strong></span> <span class='ocrx_word' id='word_1_476' title='bbox 3121 3048 3269 3103; x_wconf 89' lang='lat' dir='ltr'><strong>inter</strong></span> <span class='ocrx_word' id='word_1_477' title='bbox 3300 3066 3362 3105; x_wconf 91' lang='lat' dir='ltr'><strong>se</strong></span> <span class='ocrx_word' id='word_1_478' title='bbox 3394 3050 3662 3105; x_wconf 74' lang='lat' dir='ltr'><strong>mortales.</strong></span> <span class='ocrx_word' id='word_1_479' title='bbox 3688 3050 3789 3101; x_wconf 81' lang='lat' dir='ltr'><strong>Idem</strong></span> 
     </span>
    </p>
   </div>
   <div class='ocr_carea' id='block_1_32' title="bbox 596 3108 3788 3202">
    <p class='ocr_par' dir='ltr' id='par_1_32' title="bbox 596 3108 3788 3202">
     <span class='ocr_line' id='line_1_35' title="bbox 596 3108 3788 3202; baseline 0.008 -43"><span class='ocrx_word' id='word_1_480' title='bbox 596 3108 775 3177; x_wconf 80' lang='lat' dir='ltr'><strong>magis</strong></span> <span class='ocrx_word' id='word_1_481' title='bbox 804 3110 1062 3176; x_wconf 89' lang='lat' dir='ltr'><strong>enitebit,</strong></span> <span class='ocrx_word' id='word_1_482' title='bbox 1095 3112 1187 3167; x_wconf 91' lang='lat' dir='ltr'><strong>ubi</strong></span> <span class='ocrx_word' id='word_1_483' title='bbox 1217 3116 1620 3186; x_wconf 88' lang='lat' dir='ltr'><strong>magniﬁcentia</strong></span> <span class='ocrx_word' id='word_1_484' title='bbox 1670 3121 1907 3193; x_wconf 89' lang='lat' dir='ltr'><strong>stipatus</strong></span> <span class='ocrx_word' id='word_1_485' title='bbox 1939 3127 2183 3183; x_wconf 88' lang='lat' dir='ltr'><strong>mirabili</strong></span> <span class='ocrx_word' id='word_1_486' title='bbox 2209 3108 2464 3187; x_wconf 79' lang='lat' dir='ltr'><strong>Christus</strong></span> <span class='ocrx_word' id='word_1_487' title='bbox 2494 3132 2778 3187; x_wconf 88' lang='lat' dir='ltr'><strong>advenerit</strong></span> <span class='ocrx_word' id='word_1_488' title='bbox 2802 3132 3111 3202; x_wconf 86' lang='lat' dir='ltr'><strong>judicatum</strong></span> <span class='ocrx_word' id='word_1_489' title='bbox 3143 3137 3304 3191; x_wconf 87' lang='lat' dir='ltr'><strong>vivos</strong></span> <span class='ocrx_word' id='word_1_490' title='bbox 3330 3148 3384 3191; x_wconf 90' lang='lat' dir='ltr'><strong>et</strong></span> <span class='ocrx_word' id='word_1_491' title='bbox 3411 3146 3659 3190; x_wconf 88' lang='lat' dir='ltr'><strong>mortuos.</strong></span> <span class='ocrx_word' id='word_1_492' title='bbox 3695 3133 3788 3186; x_wconf 82' lang='lat' dir='ltr'><strong>Nam</strong></span> 
     </span>
    </p>
   </div>
   <div class='ocr_carea' id='block_1_33' title="bbox 596 3198 3787 3290">
    <p class='ocr_par' dir='ltr' id='par_1_33' title="bbox 596 3198 3787 3290">
     <span class='ocr_line' id='line_1_36' title="bbox 596 3198 3787 3290; baseline 0.007 -41"><span class='ocrx_word' id='word_1_493' title='bbox 596 3198 709 3266; x_wconf 90' lang='lat' dir='ltr'><strong>lupi</strong></span> <span class='ocrx_word' id='word_1_494' title='bbox 751 3207 883 3253; x_wconf 88' lang='lat' dir='ltr'><strong>tunc</strong></span> <span class='ocrx_word' id='word_1_495' title='bbox 920 3202 1104 3270; x_wconf 91' lang='lat' dir='ltr'><strong>posita</strong></span> <span class='ocrx_word' id='word_1_496' title='bbox 1141 3202 1360 3259; x_wconf 81' lang='lat' dir='ltr'><strong>feritate</strong></span> <span class='ocrx_word' id='word_1_497' title='bbox 1398 3219 1808 3267; x_wconf 89' lang='lat' dir='ltr'><strong>mansuescent.</strong></span> <span class='ocrx_word' id='word_1_498' title='bbox 1847 3211 1991 3270; x_wconf 85' lang='lat' dir='ltr'><strong>Oves</strong></span> <span class='ocrx_word' id='word_1_499' title='bbox 2018 3218 2255 3275; x_wconf 87' lang='lat' dir='ltr'><strong>naturali</strong></span> <span class='ocrx_word' id='word_1_500' title='bbox 2284 3234 2387 3274; x_wconf 92' lang='lat' dir='ltr'><strong>suo</strong></span> <span class='ocrx_word' id='word_1_501' title='bbox 2428 3220 2625 3274; x_wconf 90' lang='lat' dir='ltr'><strong>timore</strong></span> <span class='ocrx_word' id='word_1_502' title='bbox 2663 3198 2893 3290; x_wconf 83' lang='lat' dir='ltr'><strong>exploso</strong></span> <span class='ocrx_word' id='word_1_503' title='bbox 2920 3223 3413 3279; x_wconf 87' lang='lat' dir='ltr'><strong>conﬁrmabuntur</strong></span> <span class='ocrx_word' id='word_1_504' title='bbox 3446 3234 3499 3279; x_wconf 91' lang='lat' dir='ltr'><strong>et</strong></span> <span class='ocrx_word' id='word_1_505' title='bbox 3526 3222 3787 3277; x_wconf 79' lang='lat' dir='ltr'><strong>animabitu-</strong></span> 
     </span>
    </p>
   </div>
   <div class='ocr_carea' id='block_1_34' title="bbox 595 3288 3789 3380">
    <p class='ocr_par' dir='ltr' id='par_1_34' title="bbox 595 3288 3789 3380">
     <span class='ocr_line' id='line_1_37' title="bbox 595 3288 3789 3380; baseline 0.007 -42"><span class='ocrx_word' id='word_1_506' title='bbox 595 3294 707 3347; x_wconf 93' lang='lat' dir='ltr'><strong>tur,</strong></span> <span class='ocrx_word' id='word_1_507' title='bbox 740 3297 799 3340; x_wconf 91' lang='lat' dir='ltr'><strong>ut</strong></span> <span class='ocrx_word' id='word_1_508' title='bbox 830 3288 1079 3357; x_wconf 90' lang='lat' dir='ltr'><strong>jucunde</strong></span> <span class='ocrx_word' id='word_1_509' title='bbox 1101 3304 1501 3350; x_wconf 88' lang='lat' dir='ltr'><strong>conversentur</strong></span> <span class='ocrx_word' id='word_1_510' title='bbox 1534 3312 1659 3352; x_wconf 91' lang='lat' dir='ltr'><strong>cum</strong></span> <span class='ocrx_word' id='word_1_511' title='bbox 1687 3300 1852 3370; x_wconf 90' lang='lat' dir='ltr'><strong>lupis.</strong></span> <span class='ocrx_word' id='word_1_512' title='bbox 1890 3300 2004 3358; x_wconf 91' lang='lat' dir='ltr'><strong>Sub</strong></span> <span class='ocrx_word' id='word_1_513' title='bbox 2038 3305 2181 3359; x_wconf 90' lang='lat' dir='ltr'><strong>idem</strong></span> <span class='ocrx_word' id='word_1_514' title='bbox 2204 3313 2421 3375; x_wconf 89' lang='lat' dir='ltr'><strong>tempus</strong></span> <span class='ocrx_word' id='word_1_515' title='bbox 2446 3307 2539 3376; x_wconf 88' lang='lat' dir='ltr'><strong>qui</strong></span> <span class='ocrx_word' id='word_1_516' title='bbox 2574 3288 2779 3361; x_wconf 82' lang='lat' dir='ltr'><strong>fuerint</strong></span> <span class='ocrx_word' id='word_1_517' title='bbox 2812 3308 3082 3362; x_wconf 88' lang='lat' dir='ltr'><strong>immundi</strong></span> <span class='ocrx_word' id='word_1_518' title='bbox 3117 3309 3306 3366; x_wconf 88' lang='lat' dir='ltr'><strong>illuvie</strong></span> <span class='ocrx_word' id='word_1_519' title='bbox 3323 3311 3557 3380; x_wconf 84' lang='lat' dir='ltr'><strong>peccati,</strong></span> <span class='ocrx_word' id='word_1_520' title='bbox 3586 3309 3789 3379; x_wconf 82' lang='lat' dir='ltr'><strong>purilira-</strong></span> 
     </span>
    </p>
   </div>
   <div class='ocr_carea' id='block_1_35' title="bbox 595 3376 3786 3465">
    <p class='ocr_par' dir='ltr' id='par_1_35' title="bbox 595 3376 3786 3465">
     <span class='ocr_line' id='line_1_38' title="bbox 595 3376 3786 3465; baseline 0.005 -38"><span class='ocrx_word' id='word_1_521' title='bbox 595 3376 801 3429; x_wconf 91' lang='lat' dir='ltr'><strong>buntur</strong></span> <span class='ocrx_word' id='word_1_522' title='bbox 827 3387 881 3431; x_wconf 91' lang='lat' dir='ltr'><strong>et</strong></span> <span class='ocrx_word' id='word_1_523' title='bbox 906 3380 1251 3448; x_wconf 88' lang='lat' dir='ltr'><strong>apparebunt</strong></span> <span class='ocrx_word' id='word_1_524' title='bbox 1283 3383 1473 3437; x_wconf 90' lang='lat' dir='ltr'><strong>mundi</strong></span> <span class='ocrx_word' id='word_1_525' title='bbox 1498 3385 1550 3439; x_wconf 90' lang='lat' dir='ltr'><strong>in</strong></span> <span class='ocrx_word' id='word_1_526' title='bbox 1584 3397 1882 3457; x_wconf 91' lang='lat' dir='ltr'><strong>conspectu</strong></span> <span class='ocrx_word' id='word_1_527' title='bbox 1921 3390 2137 3446; x_wconf 88' lang='lat' dir='ltr'><strong>Domini</strong></span> <span class='ocrx_word' id='word_1_528' title='bbox 2176 3393 2230 3447; x_wconf 94' lang='lat' dir='ltr'><strong>in</strong></span> <span class='ocrx_word' id='word_1_529' title='bbox 2257 3408 2398 3447; x_wconf 90' lang='lat' dir='ltr'><strong>nova</strong></span> <span class='ocrx_word' id='word_1_530' title='bbox 2422 3392 2752 3448; x_wconf 85' lang='lat' dir='ltr'><strong>Jerusalem.</strong></span> <span class='ocrx_word' id='word_1_531' title='bbox 2780 3393 2849 3447; x_wconf 92' lang='lat' dir='ltr'><strong>Et</strong></span> <span class='ocrx_word' id='word_1_532' title='bbox 2881 3396 2986 3450; x_wconf 92' lang='lat' dir='ltr'><strong>hoc</strong></span> <span class='ocrx_word' id='word_1_533' title='bbox 3020 3399 3213 3465; x_wconf 87' lang='lat' dir='ltr'><strong>procul</strong></span> <span class='ocrx_word' id='word_1_534' title='bbox 3244 3376 3421 3453; x_wconf 85' lang='lat' dir='ltr'><strong>dubio</strong></span> <span class='ocrx_word' id='word_1_535' title='bbox 3445 3376 3786 3452; x_wconf 79' lang='lat' dir='ltr'><strong>demonstratur</strong></span> 
     </span>
    </p>
   </div>
   <div class='ocr_carea' id='block_1_36' title="bbox 595 3467 3786 3551">
    <p class='ocr_par' dir='ltr' id='par_1_36' title="bbox 595 3467 3786 3551">
     <span class='ocr_line' id='line_1_39' title="bbox 595 3467 3786 3551; baseline 0.004 -32"><span class='ocrx_word' id='word_1_536' title='bbox 595 3481 692 3531; x_wconf 83' lang='lat' dir='ltr'><strong>per</strong></span> <span class='ocrx_word' id='word_1_537' title='bbox 716 3467 822 3522; x_wconf 89' lang='lat' dir='ltr'><strong>ista</strong></span> <span class='ocrx_word' id='word_1_538' title='bbox 851 3468 1037 3523; x_wconf 89' lang='lat' dir='ltr'><strong>verba.</strong></span> <span class='ocrx_word' id='word_1_539' title='bbox 1074 3489 1091 3521; x_wconf 76' lang='grc' dir='ltr'>σ</span> <span class='ocrx_word' id='word_1_540' title='bbox 1119 3470 1355 3526; x_wconf 82' lang='lat' dir='ltr'><strong>Benefac</strong></span> <span class='ocrx_word' id='word_1_541' title='bbox 1391 3472 1522 3527; x_wconf 92' lang='lat' dir='ltr'><strong>Sion</strong></span> <span class='ocrx_word' id='word_1_542' title='bbox 1560 3478 1867 3532; x_wconf 91' lang='lat' dir='ltr'><strong>secundum</strong></span> <span class='ocrx_word' id='word_1_543' title='bbox 1902 3479 2308 3551; x_wconf 87' lang='lat' dir='ltr'><strong>beneplacitum</strong></span> <span class='ocrx_word' id='word_1_544' title='bbox 2340 3489 2522 3545; x_wconf 92' lang='lat' dir='ltr'><strong>tuum,</strong></span> <span class='ocrx_word' id='word_1_545' title='bbox 2563 3489 2618 3536; x_wconf 90' lang='lat' dir='ltr'><strong>et</strong></span> <span class='ocrx_word' id='word_1_546' title='bbox 2640 3488 3001 3537; x_wconf 78' lang='lat' dir='ltr'><strong>exstruantur</strong></span> <span class='ocrx_word' id='word_1_547' title='bbox 3032 3485 3173 3538; x_wconf 91' lang='lat' dir='ltr'><strong>muri</strong></span> <span class='ocrx_word' id='word_1_548' title='bbox 3209 3483 3539 3542; x_wconf 82' lang='lat' dir='ltr'><strong>Jerusalem.</strong></span> <span class='ocrx_word' id='word_1_549' title='bbox 3569 3482 3699 3538; x_wconf 82' lang='lat' dir='ltr'><strong>Tunc</strong></span> <span class='ocrx_word' id='word_1_550' title='bbox 3718 3495 3786 3533; x_wconf 88' lang='lat' dir='ltr'><strong>ac-</strong></span> 
     </span>
    </p>
   </div>
   <div class='ocr_carea' id='block_1_37' title="bbox 595 3554 3783 3640">
    <p class='ocr_par' dir='ltr' id='par_1_37' title="bbox 595 3554 3783 3640">
     <span class='ocr_line' id='line_1_40' title="bbox 595 3554 3783 3640; baseline 0.004 -33"><span class='ocrx_word' id='word_1_551' title='bbox 595 3554 844 3627; x_wconf 72' lang='lat' dir='ltr'><strong>ceptabis</strong></span> <span class='ocrx_word' id='word_1_552' title='bbox 881 3556 1215 3613; x_wconf 89' lang='lat' dir='ltr'><strong>sacriﬁcium</strong></span> <span class='ocrx_word' id='word_1_553' title='bbox 1249 3560 1505 3630; x_wconf 71' lang='lat' dir='ltr'><strong>justitiae,</strong></span> <span class='ocrx_word' id='word_1_554' title='bbox 1542 3564 1585 3594; x_wconf 81' lang='lat'><strong>&quot;&#39;</strong></span> <span class='ocrx_word' id='word_1_555' title='bbox 1618 3581 1637 3614; x_wconf 73' lang='grc' dir='ltr'><strong><em>ι</em></strong></span> <span class='ocrx_word' id='word_1_556' title='bbox 1666 3571 1773 3621; x_wconf 87' lang='lat' dir='ltr'><strong>etc.</strong></span> <span class='ocrx_word' id='word_1_557' title='bbox 1806 3565 2003 3621; x_wconf 82' lang='lat' dir='ltr'><strong>Mirum</strong></span> <span class='ocrx_word' id='word_1_558' title='bbox 2021 3578 2108 3623; x_wconf 89' lang='lat' dir='ltr'><strong>est</strong></span> <span class='ocrx_word' id='word_1_559' title='bbox 2147 3568 2293 3638; x_wconf 93' lang='lat' dir='ltr'><strong>quod</strong></span> <span class='ocrx_word' id='word_1_560' title='bbox 2326 3567 2416 3623; x_wconf 90' lang='lat' dir='ltr'><strong>hic</strong></span> <span class='ocrx_word' id='word_1_561' title='bbox 2452 3569 2604 3624; x_wconf 90' lang='lat' dir='ltr'><strong>docet</strong></span> <span class='ocrx_word' id='word_1_562' title='bbox 2638 3570 2708 3625; x_wconf 91' lang='lat' dir='ltr'><strong>de</strong></span> <span class='ocrx_word' id='word_1_563' title='bbox 2737 3571 3029 3626; x_wconf 88' lang='lat' dir='ltr'><strong>sacriﬁciis</strong></span> <span class='ocrx_word' id='word_1_564' title='bbox 3053 3570 3379 3640; x_wconf 78' lang='lat' dir='ltr'><strong>olfereudis,</strong></span> <span class='ocrx_word' id='word_1_565' title='bbox 3410 3589 3531 3627; x_wconf 86' lang='lat' dir='ltr'><strong>cum</strong></span> <span class='ocrx_word' id='word_1_566' title='bbox 3550 3579 3701 3624; x_wconf 87' lang='lat' dir='ltr'><strong>tamen</strong></span> <span class='ocrx_word' id='word_1_567' title='bbox 3720 3582 3783 3621; x_wconf 80' lang='lat' dir='ltr'><strong>Sit-</strong></span> 
     </span>
    </p>
   </div>
   <div class='ocr_carea' id='block_1_38' title="bbox 597 3643 3782 3727">
    <p class='ocr_par' dir='ltr' id='par_1_38' title="bbox 597 3643 3782 3727">
     <span class='ocr_line' id='line_1_41' title="bbox 597 3643 3782 3727; baseline 0.003 -33"><span class='ocrx_word' id='word_1_568' title='bbox 597 3657 696 3711; x_wconf 85' lang='lat' dir='ltr'><strong>pra</strong></span> <span class='ocrx_word' id='word_1_569' title='bbox 731 3643 938 3698; x_wconf 80' lang='lat' dir='ltr'><strong>dixerit</strong></span> <span class='ocrx_word' id='word_1_570' title='bbox 977 3664 991 3699; x_wconf 88' lang='lat'><strong>:</strong></span> <span class='ocrx_word' id='word_1_571' title='bbox 1037 3664 1055 3697; x_wconf 74' lang='grc' dir='ltr'><strong><em>ι</em></strong></span> <span class='ocrx_word' id='word_1_572' title='bbox 1103 3647 1160 3701; x_wconf 87' lang='lat' dir='ltr'><strong>Si</strong></span> <span class='ocrx_word' id='word_1_573' title='bbox 1192 3649 1468 3704; x_wconf 90' lang='lat' dir='ltr'><strong>voluisses</strong></span> <span class='ocrx_word' id='word_1_574' title='bbox 1500 3649 1800 3719; x_wconf 87' lang='lat' dir='ltr'><strong>victimam,</strong></span> <span class='ocrx_word' id='word_1_575' title='bbox 1834 3656 2146 3712; x_wconf 84' lang='lat' dir='ltr'><strong>dedissem:</strong></span> <span class='ocrx_word' id='word_1_576' title='bbox 2184 3670 2284 3711; x_wconf 87' lang='lat' dir='ltr'><strong>nec</strong></span> <span class='ocrx_word' id='word_1_577' title='bbox 2317 3668 2471 3725; x_wconf 87' lang='lat' dir='ltr'><strong>grata</strong></span> <span class='ocrx_word' id='word_1_578' title='bbox 2507 3657 2605 3713; x_wconf 89' lang='lat' dir='ltr'><strong>tibi</strong></span> <span class='ocrx_word' id='word_1_579' title='bbox 2640 3657 2797 3712; x_wconf 87' lang='lat' dir='ltr'><strong>fuere</strong></span> <span class='ocrx_word' id='word_1_580' title='bbox 2848 3658 3196 3715; x_wconf 87' lang='lat' dir='ltr'><strong>holocausta.</strong></span> <span class='ocrx_word' id='word_1_581' title='bbox 3237 3662 3281 3693; x_wconf 80' lang='lat'>&quot;</span> <span class='ocrx_word' id='word_1_582' title='bbox 3319 3679 3338 3712; x_wconf 74' lang='grc' dir='ltr'><strong><em>ι</em></strong></span> <span class='ocrx_word' id='word_1_583' title='bbox 3374 3660 3492 3714; x_wconf 79' lang='lat' dir='ltr'><strong>Alia</strong></span> <span class='ocrx_word' id='word_1_584' title='bbox 3538 3658 3680 3727; x_wconf 87' lang='lat' dir='ltr'><strong>igitur</strong></span> <span class='ocrx_word' id='word_1_585' title='bbox 3709 3655 3782 3707; x_wconf 84' lang='lat' dir='ltr'><strong>hoc</strong></span> 
     </span>
    </p>
   </div>
   <div class='ocr_carea' id='block_1_39' title="bbox 598 3733 3779 3819">
    <p class='ocr_par' dir='ltr' id='par_1_39' title="bbox 598 3733 3779 3819">
     <span class='ocr_line' id='line_1_42' title="bbox 598 3733 3779 3819; baseline 0.004 -38"><span class='ocrx_word' id='word_1_586' title='bbox 598 3733 721 3784; x_wconf 89' lang='lat' dir='ltr'><strong>loco</strong></span> <span class='ocrx_word' id='word_1_587' title='bbox 751 3743 1159 3791; x_wconf 90' lang='lat' dir='ltr'><strong>commonstrat</strong></span> <span class='ocrx_word' id='word_1_588' title='bbox 1190 3737 1491 3804; x_wconf 87' lang='lat' dir='ltr'><strong>sacriﬁcia,</strong></span> <span class='ocrx_word' id='word_1_589' title='bbox 1537 3739 1754 3796; x_wconf 89' lang='lat' dir='ltr'><strong>scilicet</strong></span> <span class='ocrx_word' id='word_1_590' title='bbox 1783 3740 1946 3813; x_wconf 79' lang='lat'><strong>327</strong></span> <span class='ocrx_word' id='word_1_591' title='bbox 1976 3754 2229 3808; x_wconf 88' lang='lat' dir='ltr'><strong>mortem,</strong></span> <span class='ocrx_word' id='word_1_592' title='bbox 2262 3759 2384 3812; x_wconf 70' lang='lat' dir='ltr'><strong>qua:</strong></span> <span class='ocrx_word' id='word_1_593' title='bbox 2428 3743 2729 3815; x_wconf 86' lang='lat' dir='ltr'><strong>respondet</strong></span> <span class='ocrx_word' id='word_1_594' title='bbox 2770 3743 3103 3800; x_wconf 82' lang='lat' dir='ltr'><strong>beatissima:</strong></span> <span class='ocrx_word' id='word_1_595' title='bbox 3136 3747 3330 3813; x_wconf 88' lang='lat' dir='ltr'><strong>morti,</strong></span> <span class='ocrx_word' id='word_1_596' title='bbox 3364 3762 3486 3819; x_wconf 78' lang='lat' dir='ltr'><strong>qua:</strong></span> <span class='ocrx_word' id='word_1_597' title='bbox 3514 3758 3605 3815; x_wconf 85' lang='lat' dir='ltr'><strong>per</strong></span> <span class='ocrx_word' id='word_1_598' title='bbox 3627 3750 3779 3809; x_wconf 72' lang='lat' dir='ltr'><strong>marty-</strong></span> 
     </span>
    </p>
   </div>
   <div class='ocr_carea' id='block_1_40' title="bbox 595 3818 1015 3890">
    <p class='ocr_par' dir='ltr' id='par_1_40' title="bbox 595 3818 1015 3890">
     <span class='ocr_line' id='line_1_43' title="bbox 595 3818 1015 3890; baseline 0.01 -19"><span class='ocrx_word' id='word_1_599' title='bbox 595 3818 739 3874; x_wconf 89' lang='lat' dir='ltr'><strong>rium</strong></span> <span class='ocrx_word' id='word_1_600' title='bbox 760 3821 1015 3890; x_wconf 84' lang='lat' dir='ltr'><strong>obtingit.</strong></span> 
     </span>
    </p>
   </div>
   <div class='ocr_carea' id='block_1_41' title="bbox 668 3913 3773 3998">
    <p class='ocr_par' dir='ltr' id='par_1_41' title="bbox 668 3913 3773 3998">
     <span class='ocr_line' id='line_1_44' title="bbox 668 3913 3773 3998; baseline 0.004 -30"><span class='ocrx_word' id='word_1_601' title='bbox 668 3913 872 3970; x_wconf 80' lang='lat' dir='ltr'><strong>Verum</strong></span> <span class='ocrx_word' id='word_1_602' title='bbox 906 3919 1169 3973; x_wconf 88' lang='lat' dir='ltr'><strong>animalia</strong></span> <span class='ocrx_word' id='word_1_603' title='bbox 1206 3920 1524 3991; x_wconf 88' lang='lat' dir='ltr'><strong>signiﬁcant</strong></span> <span class='ocrx_word' id='word_1_604' title='bbox 1553 3932 1749 3994; x_wconf 87' lang='lat' dir='ltr'><strong>gentes</strong></span> <span class='ocrx_word' id='word_1_605' title='bbox 1774 3933 1831 3980; x_wconf 89' lang='lat' dir='ltr'><strong>et</strong></span> <span class='ocrx_word' id='word_1_606' title='bbox 1867 3926 2125 3997; x_wconf 89' lang='lat' dir='ltr'><strong>populos,</strong></span> <span class='ocrx_word' id='word_1_607' title='bbox 2150 3928 2622 3998; x_wconf 83' lang='lat' dir='ltr'><strong>quemadmodum</strong></span> <span class='ocrx_word' id='word_1_608' title='bbox 2659 3930 2817 3986; x_wconf 89' lang='lat' dir='ltr'><strong>canis</strong></span> <span class='ocrx_word' id='word_1_609' title='bbox 2850 3940 2978 3986; x_wconf 90' lang='lat' dir='ltr'><strong>nota</strong></span> <span class='ocrx_word' id='word_1_610' title='bbox 3014 3941 3134 3988; x_wconf 91' lang='lat' dir='ltr'><strong>erat</strong></span> <span class='ocrx_word' id='word_1_611' title='bbox 3153 3930 3469 3989; x_wconf 68' lang='lat' dir='ltr'><strong>Cbanauea:</strong></span> <span class='ocrx_word' id='word_1_612' title='bbox 3497 3926 3773 3985; x_wconf 80' lang='lat' dir='ltr'><strong>mulieris.ut</strong></span> 
     </span>
    </p>
   </div>
   <div class='ocr_carea' id='block_1_42' title="bbox 597 4006 3777 4091">
    <p class='ocr_par' dir='ltr' id='par_1_42' title="bbox 597 4006 3777 4091">
     <span class='ocr_line' id='line_1_45' title="bbox 597 4006 3777 4091; baseline 0.003 -30"><span class='ocrx_word' id='word_1_613' title='bbox 597 4006 852 4074; x_wconf 89' lang='lat' dir='ltr'><strong>perbibet</strong></span> <span class='ocrx_word' id='word_1_614' title='bbox 886 4009 1204 4078; x_wconf 86' lang='lat' dir='ltr'><strong>evangelica</strong></span> <span class='ocrx_word' id='word_1_615' title='bbox 1234 4011 1489 4067; x_wconf 85' lang='lat' dir='ltr'><strong>historia.</strong></span> <span class='ocrx_word' id='word_1_616' title='bbox 1524 4012 1803 4070; x_wconf 82' lang='lat' dir='ltr'><strong>Praeterea</strong></span> <span class='ocrx_word' id='word_1_617' title='bbox 1834 4016 2102 4086; x_wconf 89' lang='lat' dir='ltr'><strong>pardalis,</strong></span> <span class='ocrx_word' id='word_1_618' title='bbox 2133 4024 2274 4072; x_wconf 92' lang='lat' dir='ltr'><strong>teste</strong></span> <span class='ocrx_word' id='word_1_619' title='bbox 2308 4015 2535 4071; x_wconf 88' lang='lat' dir='ltr'><strong>Daniele</strong></span> <span class='ocrx_word' id='word_1_620' title='bbox 2562 4018 2631 4074; x_wconf 78' lang='grc' dir='ltr'><strong>ὀ.</strong></span> <span class='ocrx_word' id='word_1_621' title='bbox 2672 4019 3007 4075; x_wconf 86' lang='lat' dir='ltr'><strong>ostendebat</strong></span> <span class='ocrx_word' id='word_1_622' title='bbox 3047 4021 3341 4091; x_wconf 81' lang='lat' dir='ltr'><strong>Assyrios,</strong></span> <span class='ocrx_word' id='word_1_623' title='bbox 3392 4023 3477 4075; x_wconf 83' lang='lat' dir='ltr'><strong>leo</strong></span> <span class='ocrx_word' id='word_1_624' title='bbox 3520 4018 3705 4073; x_wconf 79' lang='lat' dir='ltr'><strong>Persas.</strong></span> <span class='ocrx_word' id='word_1_625' title='bbox 3729 4012 3777 4059; x_wconf 75' lang='grc' dir='ltr'>Αι</span> 
     </span>
    </p>
   </div>
   <div class='ocr_carea' id='block_1_43' title="bbox 601 4094 3775 4192">
    <p class='ocr_par' dir='ltr' id='par_1_43' title="bbox 601 4094 3775 4192">
     <span class='ocr_line' id='line_1_46' title="bbox 601 4094 3775 4192; baseline 0.002 -47"><span class='ocrx_word' id='word_1_626' title='bbox 601 4094 940 4164; x_wconf 84' lang='lat' dir='ltr'><strong>investigare</strong></span> <span class='ocrx_word' id='word_1_627' title='bbox 982 4111 1083 4151; x_wconf 89' lang='lat' dir='ltr'><strong>nos</strong></span> <span class='ocrx_word' id='word_1_628' title='bbox 1119 4107 1362 4167; x_wconf 86' lang='lat' dir='ltr'><strong>oportet,</strong></span> <span class='ocrx_word' id='word_1_629' title='bbox 1395 4115 1647 4170; x_wconf 81' lang='lat' dir='ltr'><strong>quamam</strong></span> <span class='ocrx_word' id='word_1_630' title='bbox 1681 4102 1946 4157; x_wconf 87' lang='lat' dir='ltr'><strong>animalia</strong></span> <span class='ocrx_word' id='word_1_631' title='bbox 1983 4103 2384 4158; x_wconf 85' lang='lat' dir='ltr'><strong>admoveantur</strong></span> <span class='ocrx_word' id='word_1_632' title='bbox 2424 4104 2560 4158; x_wconf 90' lang='lat' dir='ltr'><strong>aris.</strong></span> <span class='ocrx_word' id='word_1_633' title='bbox 2598 4103 2878 4163; x_wconf 87' lang='lat' dir='ltr'><strong>Fortassis</strong></span> <span class='ocrx_word' id='word_1_634' title='bbox 2912 4107 3007 4162; x_wconf 87' lang='lat' dir='ltr'><strong>illa</strong></span> <span class='ocrx_word' id='word_1_635' title='bbox 3060 4108 3350 4173; x_wconf 89' lang='lat' dir='ltr'><strong>animalia,</strong></span> <span class='ocrx_word' id='word_1_636' title='bbox 3388 4109 3579 4178; x_wconf 86' lang='lat' dir='ltr'><strong>quibus</strong></span> <span class='ocrx_word' id='word_1_637' title='bbox 3616 4103 3775 4192; x_wconf 78' lang='lat' dir='ltr'><strong>litatur.</strong></span> 
     </span>
    </p>
   </div>
   <div class='ocr_carea' id='block_1_44' title="bbox 599 4180 3775 4261">
    <p class='ocr_par' dir='ltr' id='par_1_44' title="bbox 599 4180 3775 4261">
     <span class='ocr_line' id='line_1_47' title="bbox 599 4180 3775 4261; baseline 0 -25"><span class='ocrx_word' id='word_1_638' title='bbox 599 4180 918 4250; x_wconf 88' lang='lat' dir='ltr'><strong>signiﬁcant</strong></span> <span class='ocrx_word' id='word_1_639' title='bbox 948 4183 1099 4249; x_wconf 89' lang='lat' dir='ltr'><strong>illos,</strong></span> <span class='ocrx_word' id='word_1_640' title='bbox 1135 4184 1204 4240; x_wconf 93' lang='lat' dir='ltr'><strong>de</strong></span> <span class='ocrx_word' id='word_1_641' title='bbox 1236 4186 1443 4256; x_wconf 91' lang='lat' dir='ltr'><strong>quibus</strong></span> <span class='ocrx_word' id='word_1_642' title='bbox 1471 4189 1666 4244; x_wconf 90' lang='lat' dir='ltr'><strong>scribit</strong></span> <span class='ocrx_word' id='word_1_643' title='bbox 1690 4188 1897 4245; x_wconf 84' lang='lat' dir='ltr'><strong>Paulus</strong></span> <span class='ocrx_word' id='word_1_644' title='bbox 1937 4208 1950 4245; x_wconf 90' lang='lat'><strong>:</strong></span> <span class='ocrx_word' id='word_1_645' title='bbox 1991 4211 2009 4242; x_wconf 85' lang='grc'><em>‹</em></span> <span class='ocrx_word' id='word_1_646' title='bbox 2052 4191 2231 4247; x_wconf 88' lang='lat' dir='ltr'><strong>Veluti</strong></span> <span class='ocrx_word' id='word_1_647' title='bbox 2273 4199 2630 4245; x_wconf 82' lang='lat' dir='ltr'><strong>excrementa</strong></span> <span class='ocrx_word' id='word_1_648' title='bbox 2672 4192 2863 4247; x_wconf 91' lang='lat' dir='ltr'><strong>mundi</strong></span> <span class='ocrx_word' id='word_1_649' title='bbox 2912 4192 3043 4248; x_wconf 87' lang='lat' dir='ltr'><strong>facti</strong></span> <span class='ocrx_word' id='word_1_650' title='bbox 3091 4209 3310 4261; x_wconf 87' lang='lat' dir='ltr'><strong>sumus,</strong></span> <span class='ocrx_word' id='word_1_651' title='bbox 3344 4206 3400 4252; x_wconf 89' lang='lat' dir='ltr'><strong>et</strong></span> <span class='ocrx_word' id='word_1_652' title='bbox 3433 4192 3650 4249; x_wconf 86' lang='lat' dir='ltr'><strong>omnium</strong></span> <span class='ocrx_word' id='word_1_653' title='bbox 3679 4183 3775 4250; x_wconf 65' lang='lat' dir='ltr'><strong>reje</strong></span> 
     </span>
    </p>
   </div>
   <div class='ocr_carea' id='block_1_45' title="bbox 595 4271 3774 4347">
    <p class='ocr_par' dir='ltr' id='par_1_45' title="bbox 595 4271 3774 4347">
     <span class='ocr_line' id='line_1_48' title="bbox 595 4271 3774 4347; baseline 0 -28"><span class='ocrx_word' id='word_1_654' title='bbox 595 4276 937 4324; x_wconf 85' lang='lat' dir='ltr'><strong>etamentum</strong></span> <span class='ocrx_word' id='word_1_655' title='bbox 970 4272 1035 4335; x_wconf 87' lang='grc'><strong>²¹,</strong></span> <span class='ocrx_word' id='word_1_656' title='bbox 1068 4289 1086 4323; x_wconf 78' lang='grc' dir='ltr'><strong><em>ι</em></strong></span> <span class='ocrx_word' id='word_1_657' title='bbox 1128 4271 1195 4325; x_wconf 88' lang='lat' dir='ltr'><strong>ad</strong></span> <span class='ocrx_word' id='word_1_658' title='bbox 1230 4276 1541 4344; x_wconf 81' lang='lat' dir='ltr'><strong>exemplum</strong></span> <span class='ocrx_word' id='word_1_659' title='bbox 1578 4276 1916 4342; x_wconf 88' lang='lat' dir='ltr'><strong>Servatoris,</strong></span> <span class='ocrx_word' id='word_1_660' title='bbox 1952 4278 2114 4347; x_wconf 90' lang='lat' dir='ltr'><strong>cujus</strong></span> <span class='ocrx_word' id='word_1_661' title='bbox 2161 4278 2341 4333; x_wconf 90' lang='lat' dir='ltr'><strong>vibice</strong></span> <span class='ocrx_word' id='word_1_662' title='bbox 2387 4279 2567 4333; x_wconf 89' lang='lat' dir='ltr'><strong>sanati</strong></span> <span class='ocrx_word' id='word_1_663' title='bbox 2614 4294 2830 4336; x_wconf 88' lang='lat' dir='ltr'><strong>sumus.</strong></span> <span class='ocrx_word' id='word_1_664' title='bbox 2866 4280 3137 4336; x_wconf 88' lang='lat' dir='ltr'><strong>Dominus</strong></span> <span class='ocrx_word' id='word_1_665' title='bbox 3186 4283 3337 4336; x_wconf 88' lang='lat' dir='ltr'><strong>enim</strong></span> <span class='ocrx_word' id='word_1_666' title='bbox 3384 4279 3595 4337; x_wconf 86' lang='lat' dir='ltr'><strong>tradidit</strong></span> <span class='ocrx_word' id='word_1_667' title='bbox 3622 4275 3774 4328; x_wconf 82' lang='lat' dir='ltr'><strong>semet-</strong></span> 
     </span>
    </p>
   </div>
   <div class='ocr_carea' id='block_1_46' title="bbox 596 4357 3771 4441">
    <p class='ocr_par' dir='ltr' id='par_1_46' title="bbox 596 4357 3771 4441">
     <span class='ocr_line' id='line_1_49' title="bbox 596 4357 3771 4441; baseline 0.005 -33"><span class='ocrx_word' id='word_1_668' title='bbox 596 4357 778 4426; x_wconf 89' lang='lat' dir='ltr'><strong>ipsum</strong></span> <span class='ocrx_word' id='word_1_669' title='bbox 814 4372 914 4426; x_wconf 90' lang='lat' dir='ltr'><strong>pro</strong></span> <span class='ocrx_word' id='word_1_670' title='bbox 951 4359 1201 4429; x_wconf 88' lang='lat' dir='ltr'><strong>peccatis</strong></span> <span class='ocrx_word' id='word_1_671' title='bbox 1244 4363 1477 4427; x_wconf 87' lang='lat' dir='ltr'><strong>nostris,</strong></span> <span class='ocrx_word' id='word_1_672' title='bbox 1513 4371 1569 4416; x_wconf 89' lang='lat' dir='ltr'><strong>et</strong></span> <span class='ocrx_word' id='word_1_673' title='bbox 1606 4364 1727 4433; x_wconf 90' lang='lat' dir='ltr'><strong>ipse</strong></span> <span class='ocrx_word' id='word_1_674' title='bbox 1758 4366 2110 4421; x_wconf 88' lang='lat' dir='ltr'><strong>inﬁrmitates</strong></span> <span class='ocrx_word' id='word_1_675' title='bbox 2134 4375 2359 4422; x_wconf 90' lang='lat' dir='ltr'><strong>nostras</strong></span> <span class='ocrx_word' id='word_1_676' title='bbox 2391 4368 2626 4437; x_wconf 89' lang='lat' dir='ltr'><strong>accepit,</strong></span> <span class='ocrx_word' id='word_1_677' title='bbox 2656 4379 2710 4423; x_wconf 91' lang='lat' dir='ltr'><strong>et</strong></span> <span class='ocrx_word' id='word_1_678' title='bbox 2752 4370 2976 4424; x_wconf 90' lang='lat' dir='ltr'><strong>morbos</strong></span> <span class='ocrx_word' id='word_1_679' title='bbox 3011 4378 3233 4426; x_wconf 91' lang='lat' dir='ltr'><strong>nostros</strong></span> <span class='ocrx_word' id='word_1_680' title='bbox 3254 4370 3510 4441; x_wconf 90' lang='lat' dir='ltr'><strong>portavit,</strong></span> <span class='ocrx_word' id='word_1_681' title='bbox 3533 4372 3580 4421; x_wconf 85' lang='lat' dir='ltr'><strong>et</strong></span> <span class='ocrx_word' id='word_1_682' title='bbox 3608 4367 3771 4434; x_wconf 69' lang='lat' dir='ltr'><strong>pTOPW</strong></span> 
     </span>
    </p>
   </div>
   <div class='ocr_carea' id='block_1_47' title="bbox 594 4444 3773 4523">
    <p class='ocr_par' dir='ltr' id='par_1_47' title="bbox 594 4444 3773 4523">
     <span class='ocr_line' id='line_1_50' title="bbox 594 4444 3773 4523; baseline 0.003 -27"><span class='ocrx_word' id='word_1_683' title='bbox 594 4459 699 4496; x_wconf 90' lang='lat' dir='ltr'><strong>nos</strong></span> <span class='ocrx_word' id='word_1_684' title='bbox 727 4444 1093 4513; x_wconf 89' lang='lat' dir='ltr'><strong>gravissimos</strong></span> <span class='ocrx_word' id='word_1_685' title='bbox 1120 4448 1343 4503; x_wconf 84' lang='lat' dir='ltr'><strong>dolores</strong></span> <span class='ocrx_word' id='word_1_686' title='bbox 1371 4450 1621 4518; x_wconf 82' lang='lat' dir='ltr'><strong>pertulit.</strong></span> <span class='ocrx_word' id='word_1_687' title='bbox 1658 4450 1799 4505; x_wconf 84' lang='lat' dir='ltr'><strong>lluic</strong></span> <span class='ocrx_word' id='word_1_688' title='bbox 1820 4453 2186 4509; x_wconf 88' lang='lat' dir='ltr'><strong>succedentes</strong></span> <span class='ocrx_word' id='word_1_689' title='bbox 2218 4455 2478 4523; x_wconf 86' lang='lat' dir='ltr'><strong>apostoli,</strong></span> <span class='ocrx_word' id='word_1_690' title='bbox 2500 4470 2623 4523; x_wconf 71' lang='lat' dir='ltr'><strong>qua:</strong></span> <span class='ocrx_word' id='word_1_691' title='bbox 2650 4455 2880 4511; x_wconf 88' lang='lat' dir='ltr'><strong>deerant</strong></span> <span class='ocrx_word' id='word_1_692' title='bbox 2903 4456 3304 4513; x_wconf 83' lang='lat' dir='ltr'><strong>afﬂictionibus</strong></span> <span class='ocrx_word' id='word_1_693' title='bbox 3336 4456 3538 4513; x_wconf 87' lang='lat' dir='ltr'><strong>Christi</strong></span> <span class='ocrx_word' id='word_1_694' title='bbox 3561 4448 3773 4514; x_wconf 74' lang='grc' dir='ltr'><strong>υοιιιρὶϐηι</strong></span> 
     </span>
    </p>
   </div>
   <div class='ocr_carea' id='block_1_48' title="bbox 597 4531 3767 4626">
    <p class='ocr_par' dir='ltr' id='par_1_48' title="bbox 597 4531 3767 4626">
     <span class='ocr_line' id='line_1_51' title="bbox 597 4531 3767 4626; baseline 0 -44"><span class='ocrx_word' id='word_1_695' title='bbox 597 4531 651 4582; x_wconf 91' lang='lat' dir='ltr'><strong>in</strong></span> <span class='ocrx_word' id='word_1_696' title='bbox 688 4531 808 4586; x_wconf 81' lang='lat' dir='ltr'><strong>suis</strong></span> <span class='ocrx_word' id='word_1_697' title='bbox 849 4533 1184 4604; x_wconf 87' lang='lat' dir='ltr'><strong>corporibus</strong></span> <span class='ocrx_word' id='word_1_698' title='bbox 1232 4551 1470 4605; x_wconf 90' lang='lat' dir='ltr'><strong>quorum</strong></span> <span class='ocrx_word' id='word_1_699' title='bbox 1504 4538 1630 4606; x_wconf 91' lang='lat' dir='ltr'><strong>quis</strong></span> <span class='ocrx_word' id='word_1_700' title='bbox 1660 4539 1781 4593; x_wconf 91' lang='lat' dir='ltr'><strong>ovis</strong></span> <span class='ocrx_word' id='word_1_701' title='bbox 1831 4549 1927 4592; x_wconf 91' lang='lat' dir='ltr'><strong>aut</strong></span> <span class='ocrx_word' id='word_1_702' title='bbox 1961 4541 2112 4594; x_wconf 88' lang='lat' dir='ltr'><strong>aliud</strong></span> <span class='ocrx_word' id='word_1_703' title='bbox 2158 4541 2513 4597; x_wconf 86' lang='lat' dir='ltr'><strong>existimetur</strong></span> <span class='ocrx_word' id='word_1_704' title='bbox 2551 4543 2780 4608; x_wconf 91' lang='lat' dir='ltr'><strong>animal,</strong></span> <span class='ocrx_word' id='word_1_705' title='bbox 2815 4543 2919 4598; x_wconf 90' lang='lat' dir='ltr'><strong>soli</strong></span> <span class='ocrx_word' id='word_1_706' title='bbox 2956 4545 3064 4599; x_wconf 87' lang='lat' dir='ltr'><strong>Deo</strong></span> <span class='ocrx_word' id='word_1_707' title='bbox 3094 4545 3385 4615; x_wconf 89' lang='lat' dir='ltr'><strong>cognitum</strong></span> <span class='ocrx_word' id='word_1_708' title='bbox 3421 4554 3472 4601; x_wconf 92' lang='lat' dir='ltr'><strong>et</strong></span> <span class='ocrx_word' id='word_1_709' title='bbox 3501 4542 3767 4626; x_wconf 74' lang='lat' dir='ltr'><strong>compertum</strong></span> 
     </span>
    </p>
   </div>
   <div class='ocr_carea' id='block_1_49' title="bbox 595 4618 3767 4714">
    <p class='ocr_par' dir='ltr' id='par_1_49' title="bbox 595 4618 3767 4714">
     <span class='ocr_line' id='line_1_52' title="bbox 595 4618 3767 4714; baseline 0.003 -43"><span class='ocrx_word' id='word_1_710' title='bbox 595 4626 701 4673; x_wconf 91' lang='lat' dir='ltr'><strong>est.</strong></span> <span class='ocrx_word' id='word_1_711' title='bbox 736 4618 793 4672; x_wconf 83' lang='lat' dir='ltr'><strong>Si</strong></span> <span class='ocrx_word' id='word_1_712' title='bbox 818 4628 1005 4675; x_wconf 88' lang='lat' dir='ltr'><strong>autem</strong></span> <span class='ocrx_word' id='word_1_713' title='bbox 1036 4622 1163 4691; x_wconf 90' lang='lat' dir='ltr'><strong>quis</strong></span> <span class='ocrx_word' id='word_1_714' title='bbox 1199 4623 1335 4678; x_wconf 89' lang='lat' dir='ltr'><strong>velit</strong></span> <span class='ocrx_word' id='word_1_715' title='bbox 1359 4624 1657 4694; x_wconf 80' lang='lat' dir='ltr'><strong>exquirere</strong></span> <span class='ocrx_word' id='word_1_716' title='bbox 1685 4624 1934 4679; x_wconf 86' lang='lat' dir='ltr'><strong>rationes</strong></span> <span class='ocrx_word' id='word_1_717' title='bbox 1970 4625 2192 4681; x_wconf 87' lang='lat' dir='ltr'><strong>illarum</strong></span> <span class='ocrx_word' id='word_1_718' title='bbox 2224 4628 2604 4696; x_wconf 89' lang='lat' dir='ltr'><strong>victimarum,</strong></span> <span class='ocrx_word' id='word_1_719' title='bbox 2641 4646 2763 4701; x_wconf 87' lang='lat' dir='ltr'><strong>quae</strong></span> <span class='ocrx_word' id='word_1_720' title='bbox 2794 4646 2905 4685; x_wconf 91' lang='lat' dir='ltr'><strong>non</strong></span> <span class='ocrx_word' id='word_1_721' title='bbox 2937 4638 3067 4686; x_wconf 65' lang='lat' dir='ltr'><strong>totae</strong></span> <span class='ocrx_word' id='word_1_722' title='bbox 3096 4641 3521 4688; x_wconf 89' lang='lat' dir='ltr'><strong>concremantur</strong></span> <span class='ocrx_word' id='word_1_723' title='bbox 3550 4628 3595 4681; x_wconf 92' lang='lat' dir='ltr'><strong>in</strong></span> <span class='ocrx_word' id='word_1_724' title='bbox 3618 4623 3767 4714; x_wconf 35' lang='lat' dir='ltr'><strong>altatis</strong></span> 
     </span>
    </p>
   </div>
   <div class='ocr_carea' id='block_1_50' title="bbox 594 4705 3764 4787">
    <p class='ocr_par' dir='ltr' id='par_1_50' title="bbox 594 4705 3764 4787">
     <span class='ocr_line' id='line_1_53' title="bbox 594 4705 3764 4787; baseline 0.001 -28"><span class='ocrx_word' id='word_1_725' title='bbox 594 4705 693 4760; x_wconf 90' lang='lat' dir='ltr'><strong>sed</strong></span> <span class='ocrx_word' id='word_1_726' title='bbox 727 4706 931 4763; x_wconf 88' lang='lat' dir='ltr'><strong>cedunt</strong></span> <span class='ocrx_word' id='word_1_727' title='bbox 964 4708 1021 4763; x_wconf 90' lang='lat' dir='ltr'><strong>in</strong></span> <span class='ocrx_word' id='word_1_728' title='bbox 1053 4710 1238 4765; x_wconf 88' lang='lat' dir='ltr'><strong>cibum</strong></span> <span class='ocrx_word' id='word_1_729' title='bbox 1262 4711 1647 4775; x_wconf 77' lang='lat' dir='ltr'><strong>offerentibus,</strong></span> <span class='ocrx_word' id='word_1_730' title='bbox 1670 4711 1860 4766; x_wconf 89' lang='lat' dir='ltr'><strong>audiat</strong></span> <span class='ocrx_word' id='word_1_731' title='bbox 1890 4713 2212 4783; x_wconf 90' lang='lat' dir='ltr'><strong>loquentent</strong></span> <span class='ocrx_word' id='word_1_732' title='bbox 2247 4715 2537 4771; x_wconf 89' lang='lat' dir='ltr'><strong>Christum</strong></span> <span class='ocrx_word' id='word_1_733' title='bbox 2575 4726 2632 4771; x_wconf 91' lang='lat' dir='ltr'><strong>et</strong></span> <span class='ocrx_word' id='word_1_734' title='bbox 2669 4733 2781 4773; x_wconf 90' lang='lat' dir='ltr'><strong>rem</strong></span> <span class='ocrx_word' id='word_1_735' title='bbox 2816 4718 3134 4787; x_wconf 81' lang='lat' dir='ltr'><strong>intelliget:</strong></span> <span class='ocrx_word' id='word_1_736' title='bbox 3170 4737 3190 4770; x_wconf 75' lang='grc' dir='ltr'>ι</span> <span class='ocrx_word' id='word_1_737' title='bbox 3225 4720 3339 4775; x_wconf 82' lang='lat' dir='ltr'><strong>Nisi</strong></span> <span class='ocrx_word' id='word_1_738' title='bbox 3380 4705 3764 4775; x_wconf 71' lang='lat' dir='ltr'><strong>inandueaverilis</strong></span> 
     </span>
    </p>
   </div>
   <div class='ocr_carea' id='block_1_51' title="bbox 593 4798 3763 4895">
    <p class='ocr_par' dir='ltr' id='par_1_51' title="bbox 593 4798 3763 4895">
     <span class='ocr_line' id='line_1_54' title="bbox 593 4798 3763 4895; baseline 0.003 -49"><span class='ocrx_word' id='word_1_739' title='bbox 593 4807 775 4848; x_wconf 81' lang='lat' dir='ltr'><strong>meam</strong></span> <span class='ocrx_word' id='word_1_740' title='bbox 803 4809 1057 4861; x_wconf 90' lang='lat' dir='ltr'><strong>carnem,</strong></span> <span class='ocrx_word' id='word_1_741' title='bbox 1089 4806 1144 4853; x_wconf 92' lang='lat' dir='ltr'><strong>et</strong></span> <span class='ocrx_word' id='word_1_742' title='bbox 1182 4799 1440 4854; x_wconf 90' lang='lat' dir='ltr'><strong>biberitis</strong></span> <span class='ocrx_word' id='word_1_743' title='bbox 1468 4814 1648 4854; x_wconf 90' lang='lat' dir='ltr'><strong>meum</strong></span> <span class='ocrx_word' id='word_1_744' title='bbox 1686 4800 2034 4869; x_wconf 83' lang='lat' dir='ltr'><strong>sanguinem,</strong></span> <span class='ocrx_word' id='word_1_745' title='bbox 2069 4816 2180 4855; x_wconf 91' lang='lat' dir='ltr'><strong>non</strong></span> <span class='ocrx_word' id='word_1_746' title='bbox 2211 4802 2425 4860; x_wconf 88' lang='lat' dir='ltr'><strong>habetis</strong></span> <span class='ocrx_word' id='word_1_747' title='bbox 2456 4806 2625 4858; x_wconf 88' lang='lat' dir='ltr'><strong>vitam</strong></span> <span class='ocrx_word' id='word_1_748' title='bbox 2654 4805 2707 4859; x_wconf 92' lang='lat' dir='ltr'><strong>in</strong></span> <span class='ocrx_word' id='word_1_749' title='bbox 2732 4806 3151 4876; x_wconf 90' lang='lat' dir='ltr'><strong>vobismetipsis</strong></span> <span class='ocrx_word' id='word_1_750' title='bbox 3182 4808 3251 4860; x_wconf 80' lang='lat'><strong>“.</strong></span> <span class='ocrx_word' id='word_1_751' title='bbox 3296 4826 3313 4859; x_wconf 75' lang='grc' dir='ltr'><strong>ι</strong></span> <span class='ocrx_word' id='word_1_752' title='bbox 3359 4807 3486 4860; x_wconf 77' lang='lat' dir='ltr'><strong>Nam</strong></span> <span class='ocrx_word' id='word_1_753' title='bbox 3517 4798 3763 4895; x_wconf 37' lang='lat' dir='ltr'><strong>cadentia:</strong></span> 
     </span>
    </p>
   </div>
   <div class='ocr_carea' id='block_1_52' title="bbox 592 4879 3758 4980">
    <p class='ocr_par' dir='ltr' id='par_1_52' title="bbox 592 4879 3758 4980">
     <span class='ocr_line' id='line_1_55' title="bbox 592 4879 3758 4980; baseline 0.009 -48"><span class='ocrx_word' id='word_1_754' title='bbox 592 4879 774 4944; x_wconf 88' lang='lat' dir='ltr'><strong>tione,</strong></span> <span class='ocrx_word' id='word_1_755' title='bbox 801 4897 912 4951; x_wconf 88' lang='lat' dir='ltr'><strong>qua</strong></span> <span class='ocrx_word' id='word_1_756' title='bbox 949 4886 1217 4942; x_wconf 88' lang='lat' dir='ltr'><strong>carnibus</strong></span> <span class='ocrx_word' id='word_1_757' title='bbox 1236 4887 1469 4953; x_wconf 87' lang='lat' dir='ltr'><strong>Christi,</strong></span> <span class='ocrx_word' id='word_1_758' title='bbox 1500 4887 1785 4943; x_wconf 90' lang='lat' dir='ltr'><strong>vescimur</strong></span> <span class='ocrx_word' id='word_1_759' title='bbox 1806 4888 1974 4943; x_wconf 85' lang='lat' dir='ltr'><strong>etiam</strong></span> <span class='ocrx_word' id='word_1_760' title='bbox 2014 4891 2220 4946; x_wconf 89' lang='lat' dir='ltr'><strong>nostris</strong></span> <span class='ocrx_word' id='word_1_761' title='bbox 2252 4892 2526 4949; x_wconf 86' lang='lat' dir='ltr'><strong>victimis.</strong></span> <span class='ocrx_word' id='word_1_762' title='bbox 2560 4892 2836 4949; x_wconf 64' lang='lat' dir='ltr'><strong>Caeterum</strong></span> <span class='ocrx_word' id='word_1_763' title='bbox 2868 4896 3175 4965; x_wconf 71' lang='lat' dir='ltr'><strong>quaestione</strong></span> <span class='ocrx_word' id='word_1_764' title='bbox 3213 4895 3441 4966; x_wconf 87' lang='lat' dir='ltr'><strong>dignum</strong></span> <span class='ocrx_word' id='word_1_765' title='bbox 3469 4898 3562 4954; x_wconf 84' lang='lat' dir='ltr'><strong>est.</strong></span> <span class='ocrx_word' id='word_1_766' title='bbox 3584 4881 3758 4980; x_wconf 40' lang='lat' dir='ltr'><strong>Q&#39;filﬁ’i’</strong></span> 
     </span>
    </p>
   </div>
   <div class='ocr_carea' id='block_1_53' title="bbox 594 4967 3760 5052">
    <p class='ocr_par' dir='ltr' id='par_1_53' title="bbox 594 4967 3760 5052">
     <span class='ocr_line' id='line_1_56' title="bbox 594 4967 3760 5052; baseline -0.001 -28"><span class='ocrx_word' id='word_1_767' title='bbox 594 4968 747 5039; x_wconf 88' lang='lat' dir='ltr'><strong>quod</strong></span> <span class='ocrx_word' id='word_1_768' title='bbox 779 4984 907 5027; x_wconf 89' lang='lat' dir='ltr'><strong>cum</strong></span> <span class='ocrx_word' id='word_1_769' title='bbox 943 4973 996 5027; x_wconf 91' lang='lat' dir='ltr'><strong>in</strong></span> <span class='ocrx_word' id='word_1_770' title='bbox 1026 4974 1147 5045; x_wconf 88' lang='lat' dir='ltr'><strong>lege</strong></span> <span class='ocrx_word' id='word_1_771' title='bbox 1177 4975 1545 5031; x_wconf 89' lang='lat' dir='ltr'><strong>interdicatur</strong></span> <span class='ocrx_word' id='word_1_772' title='bbox 1581 4977 1872 5048; x_wconf 81' lang='lat' dir='ltr'><strong>sanguinis</strong></span> <span class='ocrx_word' id='word_1_773' title='bbox 1911 4992 2068 5043; x_wconf 91' lang='lat' dir='ltr'><strong>esus,</strong></span> <span class='ocrx_word' id='word_1_774' title='bbox 2105 4991 2251 5031; x_wconf 89' lang='lat' dir='ltr'><strong>nunc</strong></span> <span class='ocrx_word' id='word_1_775' title='bbox 2287 4978 2546 5033; x_wconf 88' lang='lat' dir='ltr'><strong>Christus</strong></span> <span class='ocrx_word' id='word_1_776' title='bbox 2581 4980 2873 5051; x_wconf 69' lang='lat' dir='ltr'><strong>praecipiat</strong></span> <span class='ocrx_word' id='word_1_777' title='bbox 2928 4997 3093 5036; x_wconf 92' lang='lat' dir='ltr'><strong>suum</strong></span> <span class='ocrx_word' id='word_1_778' title='bbox 3128 4982 3453 5052; x_wconf 86' lang='lat' dir='ltr'><strong>sanguinein</strong></span> <span class='ocrx_word' id='word_1_779' title='bbox 3489 4989 3594 5034; x_wconf 83' lang='lat' dir='ltr'><strong>esse</strong></span> <span class='ocrx_word' id='word_1_780' title='bbox 3620 4967 3760 5052; x_wconf 65' lang='lat' dir='ltr'><strong>hibea-</strong></span> 
     </span>
    </p>
   </div>
   <div class='ocr_carea' id='block_1_54' title="bbox 593 5049 3758 5154">
    <p class='ocr_par' dir='ltr' id='par_1_54' title="bbox 593 5049 3758 5154">
     <span class='ocr_line' id='line_1_57' title="bbox 593 5049 3758 5154; baseline 0.004 -40"><span class='ocrx_word' id='word_1_781' title='bbox 593 5059 748 5115; x_wconf 90' lang='lat' dir='ltr'><strong>dum.</strong></span> <span class='ocrx_word' id='word_1_782' title='bbox 790 5058 861 5114; x_wconf 86' lang='lat' dir='ltr'><strong>At</strong></span> <span class='ocrx_word' id='word_1_783' title='bbox 910 5063 1232 5118; x_wconf 86' lang='lat' dir='ltr'><strong>meminisse</strong></span> <span class='ocrx_word' id='word_1_784' title='bbox 1282 5079 1386 5121; x_wconf 91' lang='lat' dir='ltr'><strong>nos</strong></span> <span class='ocrx_word' id='word_1_785' title='bbox 1421 5074 1642 5135; x_wconf 91' lang='lat' dir='ltr'><strong>oportet</strong></span> <span class='ocrx_word' id='word_1_786' title='bbox 1673 5080 1935 5120; x_wconf 88' lang='lat' dir='ltr'><strong>cruorem</strong></span> <span class='ocrx_word' id='word_1_787' title='bbox 1977 5066 2325 5121; x_wconf 87' lang='lat' dir='ltr'><strong>victimarum</strong></span> <span class='ocrx_word' id='word_1_788' title='bbox 2353 5066 2581 5133; x_wconf 80' lang='lat' dir='ltr'><strong>aﬁ‘undi,</strong></span> <span class='ocrx_word' id='word_1_789' title='bbox 2615 5075 2728 5122; x_wconf 88' lang='lat' dir='ltr'><strong>tam</strong></span> <span class='ocrx_word' id='word_1_790' title='bbox 2766 5082 2877 5122; x_wconf 64' lang='lat' dir='ltr'><strong>arat</strong></span> <span class='ocrx_word' id='word_1_791' title='bbox 2920 5068 3299 5135; x_wconf 89' lang='lat' dir='ltr'><strong>victimarum,</strong></span> <span class='ocrx_word' id='word_1_792' title='bbox 3332 5082 3490 5139; x_wconf 88' lang='lat' dir='ltr'><strong>quam</strong></span> <span class='ocrx_word' id='word_1_793' title='bbox 3529 5049 3758 5154; x_wconf 43' lang='lat' dir='ltr'><strong>at?</strong></span> 
     </span>
    </p>
   </div>
   <div class='ocr_carea' id='block_1_55' title="bbox 591 5139 2117 5234">
    <p class='ocr_par' dir='ltr' id='par_1_55' title="bbox 591 5149 2117 5223">
     <span class='ocr_line' id='line_1_58' title="bbox 591 5149 2117 5223; baseline 0.007 -21"><span class='ocrx_word' id='word_1_794' title='bbox 591 5158 933 5204; x_wconf 88' lang='lat' dir='ltr'><strong>mentorum.</strong></span> <span class='ocrx_word' id='word_1_795' title='bbox 967 5149 1073 5216; x_wconf 85' lang='lat' dir='ltr'><strong>Qui</strong></span> <span class='ocrx_word' id='word_1_796' title='bbox 1102 5166 1233 5207; x_wconf 84' lang='lat' dir='ltr'><strong>vero</strong></span> <span class='ocrx_word' id='word_1_797' title='bbox 1262 5161 1347 5207; x_wconf 90' lang='lat' dir='ltr'><strong>est</strong></span> <span class='ocrx_word' id='word_1_798' title='bbox 1378 5153 1519 5223; x_wconf 87' lang='lat' dir='ltr'><strong>lapis</strong></span> <span class='ocrx_word' id='word_1_799' title='bbox 1541 5154 1774 5209; x_wconf 90' lang='lat' dir='ltr'><strong>collatus</strong></span> <span class='ocrx_word' id='word_1_800' title='bbox 1804 5153 1857 5207; x_wconf 90' lang='lat' dir='ltr'><strong>in</strong></span> <span class='ocrx_word' id='word_1_801' title='bbox 1883 5154 2117 5212; x_wconf 71' lang='lat' dir='ltr'><strong>azdiﬁciu</strong></span> 
     </span>
    </p>
   </div>
   <div class='ocr_carea' id='block_1_56' title="bbox 2226 5139 3752 5234">
    <p class='ocr_par' dir='ltr' id='par_1_56' title="bbox 2226 5139 3752 5234">
     <span class='ocr_line' id='line_1_59' title="bbox 2226 5139 3752 5234; baseline -0.01 -28"><span class='ocrx_word' id='word_1_802' title='bbox 2226 5167 2340 5219; x_wconf 64' lang='lat' dir='ltr'><strong>irae,</strong></span> <span class='ocrx_word' id='word_1_803' title='bbox 2359 5161 2414 5208; x_wconf 90' lang='lat' dir='ltr'><strong>et</strong></span> <span class='ocrx_word' id='word_1_804' title='bbox 2449 5153 2587 5208; x_wconf 90' lang='lat' dir='ltr'><strong>illud</strong></span> <span class='ocrx_word' id='word_1_805' title='bbox 2612 5152 2903 5208; x_wconf 83' lang='lat' dir='ltr'><strong>aediﬁcium</strong></span> <span class='ocrx_word' id='word_1_806' title='bbox 2933 5156 3007 5210; x_wconf 91' lang='lat' dir='ltr'><strong>sit</strong></span> <span class='ocrx_word' id='word_1_807' title='bbox 3035 5163 3420 5211; x_wconf 88' lang='lat' dir='ltr'><strong>constructum</strong></span> <span class='ocrx_word' id='word_1_808' title='bbox 3457 5168 3515 5209; x_wconf 80' lang='lat' dir='ltr'><strong>ex</strong></span> <span class='ocrx_word' id='word_1_809' title='bbox 3548 5139 3752 5234; x_wconf 74' lang='lat' dir='ltr'><strong>lapidide</strong></span> 
     </span>
    </p>
   </div>
   <div class='ocr_carea' id='block_1_57' title="bbox 592 5233 3755 5315">
    <p class='ocr_par' dir='ltr' id='par_1_57' title="bbox 592 5233 3755 5315">
     <span class='ocr_line' id='line_1_60' title="bbox 592 5233 3755 5315; baseline -0.004 -24"><span class='ocrx_word' id='word_1_810' title='bbox 592 5235 761 5299; x_wconf 83' lang='lat' dir='ltr'><strong>vivis,</strong></span> <span class='ocrx_word' id='word_1_811' title='bbox 795 5238 1117 5295; x_wconf 88' lang='lat' dir='ltr'><strong>necessario</strong></span> <span class='ocrx_word' id='word_1_812' title='bbox 1146 5238 1193 5295; x_wconf 91' lang='lat' dir='ltr'><strong>si</strong></span> <span class='ocrx_word' id='word_1_813' title='bbox 1227 5238 1544 5294; x_wconf 84' lang='lat' dir='ltr'><strong>aﬁ‘undatur</strong></span> <span class='ocrx_word' id='word_1_814' title='bbox 1576 5243 1827 5312; x_wconf 86' lang='lat' dir='ltr'><strong>sanguis,</strong></span> <span class='ocrx_word' id='word_1_815' title='bbox 1862 5241 1983 5310; x_wconf 88' lang='lat' dir='ltr'><strong>ejus</strong></span> <span class='ocrx_word' id='word_1_816' title='bbox 2032 5255 2253 5311; x_wconf 87' lang='lat' dir='ltr'><strong>quoque</strong></span> <span class='ocrx_word' id='word_1_817' title='bbox 2287 5244 2561 5313; x_wconf 86' lang='lat' dir='ltr'><strong>particeps</strong></span> <span class='ocrx_word' id='word_1_818' title='bbox 2597 5243 2852 5299; x_wconf 75' lang='lat' dir='ltr'><strong>edicitur.</strong></span> <span class='ocrx_word' id='word_1_819' title='bbox 2886 5245 3182 5315; x_wconf 84' lang='lat' dir='ltr'><strong>Sanguinis</strong></span> <span class='ocrx_word' id='word_1_820' title='bbox 3223 5254 3280 5301; x_wconf 90' lang='lat' dir='ltr'><strong>et</strong></span> <span class='ocrx_word' id='word_1_821' title='bbox 3308 5245 3487 5301; x_wconf 89' lang='lat' dir='ltr'><strong>carnis</strong></span> <span class='ocrx_word' id='word_1_822' title='bbox 3519 5233 3755 5295; x_wconf 76' lang='lat' dir='ltr'><strong>differentia</strong></span> 
     </span>
    </p>
   </div>
   <div class='ocr_carea' id='block_1_58' title="bbox 590 5319 3750 5402">
    <p class='ocr_par' dir='ltr' id='par_1_58' title="bbox 590 5319 3750 5402">
     <span class='ocr_line' id='line_1_61' title="bbox 590 5319 3750 5402; baseline 0 -26"><span class='ocrx_word' id='word_1_823' title='bbox 590 5326 858 5394; x_wconf 84' lang='lat' dir='ltr'><strong>capienda</strong></span> <span class='ocrx_word' id='word_1_824' title='bbox 891 5335 976 5382; x_wconf 88' lang='lat' dir='ltr'><strong>est</strong></span> <span class='ocrx_word' id='word_1_825' title='bbox 1009 5342 1077 5383; x_wconf 83' lang='lat' dir='ltr'><strong>ex</strong></span> <span class='ocrx_word' id='word_1_826' title='bbox 1104 5336 1302 5383; x_wconf 88' lang='lat' dir='ltr'><strong>natura</strong></span> <span class='ocrx_word' id='word_1_827' title='bbox 1330 5329 1743 5384; x_wconf 84' lang='lat' dir='ltr'><strong>eseuleutorum</strong></span> <span class='ocrx_word' id='word_1_828' title='bbox 1767 5338 1824 5383; x_wconf 90' lang='lat' dir='ltr'><strong>et</strong></span> <span class='ocrx_word' id='word_1_829' title='bbox 1855 5330 2298 5399; x_wconf 89' lang='lat' dir='ltr'><strong>poculentorum,</strong></span> <span class='ocrx_word' id='word_1_830' title='bbox 2326 5346 2393 5385; x_wconf 77' lang='lat' dir='ltr'><strong>ex</strong></span> <span class='ocrx_word' id='word_1_831' title='bbox 2417 5331 2623 5401; x_wconf 89' lang='lat' dir='ltr'><strong>quibus</strong></span> <span class='ocrx_word' id='word_1_832' title='bbox 2648 5339 2885 5402; x_wconf 90' lang='lat' dir='ltr'><strong>utraque</strong></span> <span class='ocrx_word' id='word_1_833' title='bbox 2916 5330 3249 5387; x_wconf 85' lang='lat' dir='ltr'><strong>conflantur.</strong></span> <span class='ocrx_word' id='word_1_834' title='bbox 3268 5330 3525 5388; x_wconf 87' lang='lat' dir='ltr'><strong>Victimas</strong></span> <span class='ocrx_word' id='word_1_835' title='bbox 3550 5319 3750 5402; x_wconf 37' lang='lat' dir='ltr'><strong>adduc?re</strong></span> 
     </span>
    </p>
   </div>
   <div class='ocr_carea' id='block_1_59' title="bbox 586 5395 3747 5511">
    <p class='ocr_par' dir='ltr' id='par_1_59' title="bbox 586 5395 3747 5511">
     <span class='ocr_line' id='line_1_62' title="bbox 586 5395 3747 5511; baseline 0.004 -47"><span class='ocrx_word' id='word_1_836' title='bbox 586 5411 744 5479; x_wconf 87' lang='lat' dir='ltr'><strong>jubet</strong></span> <span class='ocrx_word' id='word_1_837' title='bbox 771 5428 893 5482; x_wconf 89' lang='lat' dir='ltr'><strong>eos,</strong></span> <span class='ocrx_word' id='word_1_838' title='bbox 925 5415 1020 5488; x_wconf 89' lang='lat' dir='ltr'><strong>qui</strong></span> <span class='ocrx_word' id='word_1_839' title='bbox 1071 5416 1139 5472; x_wconf 88' lang='lat' dir='ltr'><strong>ad</strong></span> <span class='ocrx_word' id='word_1_840' title='bbox 1182 5417 1236 5472; x_wconf 90' lang='lat' dir='ltr'><strong>id</strong></span> <span class='ocrx_word' id='word_1_841' title='bbox 1272 5415 1590 5474; x_wconf 89' lang='lat' dir='ltr'><strong>faciendum</strong></span> <span class='ocrx_word' id='word_1_842' title='bbox 1634 5395 1871 5487; x_wconf 42' lang='lat' dir='ltr'><strong>propria—</strong></span> <span class='ocrx_word' id='word_1_843' title='bbox 1892 5425 2171 5489; x_wconf 85' lang='lat' dir='ltr'><strong>coguntur</strong></span> <span class='ocrx_word' id='word_1_844' title='bbox 2205 5395 2512 5474; x_wconf 76' lang='lat' dir='ltr'><strong>voluntate.</strong></span> <span class='ocrx_word' id='word_1_845' title='bbox 2544 5416 2690 5474; x_wconf 84' lang='lat' dir='ltr'><strong>Nulli</strong></span> <span class='ocrx_word' id='word_1_846' title='bbox 2721 5395 2844 5511; x_wconf 71' lang='lat' dir='ltr'><strong>vim</strong></span> <span class='ocrx_word' id='word_1_847' title='bbox 2864 5416 3016 5475; x_wconf 88' lang='lat' dir='ltr'><strong>facit.</strong></span> <span class='ocrx_word' id='word_1_848' title='bbox 3050 5416 3378 5475; x_wconf 90' lang='lat' dir='ltr'><strong>Ultroneum</strong></span> <span class='ocrx_word' id='word_1_849' title='bbox 3408 5415 3641 5511; x_wconf 30' lang='lat' dir='ltr'><strong>exspecta.i</strong></span> 
     </span>
    </p>
   </div>
   <div class='ocr_carea' id='block_1_60' title="bbox 589 5487 3745 5576">
    <p class='ocr_par' dir='ltr' id='par_1_60' title="bbox 589 5487 3745 5576">
     <span class='ocr_line' id='line_1_63' title="bbox 589 5487 3745 5576; baseline 0.002 -24"><span class='ocrx_word' id='word_1_850' title='bbox 589 5508 789 5556; x_wconf 88' lang='lat' dir='ltr'><strong>torem.</strong></span> <span class='ocrx_word' id='word_1_851' title='bbox 822 5487 1071 5559; x_wconf 12' lang='lat' dir='ltr'><strong>Necinos</strong></span> <span class='ocrx_word' id='word_1_852' title='bbox 1103 5503 1155 5558; x_wconf 90' lang='lat' dir='ltr'><strong>vi</strong></span> <span class='ocrx_word' id='word_1_853' title='bbox 1185 5503 1424 5575; x_wconf 90' lang='lat' dir='ltr'><strong>impellit</strong></span> <span class='ocrx_word' id='word_1_854' title='bbox 1455 5503 1524 5559; x_wconf 88' lang='lat' dir='ltr'><strong>ad</strong></span> <span class='ocrx_word' id='word_1_855' title='bbox 1567 5487 2014 5559; x_wconf 83' lang='lat' dir='ltr'><strong>sacriﬁcandum.</strong></span> <span class='ocrx_word' id='word_1_856' title='bbox 2071 5503 2300 5560; x_wconf 85' lang='lat' dir='ltr'><strong>Interim</strong></span> <span class='ocrx_word' id='word_1_857' title='bbox 2340 5513 2519 5560; x_wconf 90' lang='lat' dir='ltr'><strong>tamen</strong></span> <span class='ocrx_word' id='word_1_858' title='bbox 2557 5506 2908 5561; x_wconf 87' lang='lat' dir='ltr'><strong>commendat</strong></span> <span class='ocrx_word' id='word_1_859' title='bbox 2932 5515 2986 5561; x_wconf 90' lang='lat' dir='ltr'><strong>et</strong></span> <span class='ocrx_word' id='word_1_860' title='bbox 3032 5512 3265 5562; x_wconf 86' lang='lat' dir='ltr'><strong>exornat</strong></span> <span class='ocrx_word' id='word_1_861' title='bbox 3307 5511 3557 5576; x_wconf 72' lang='lat' dir='ltr'><strong>praecepto</strong></span> <span class='ocrx_word' id='word_1_862' title='bbox 3587 5501 3629 5550; x_wconf 76' lang='grc' dir='ltr'><strong>ει</strong></span> <span class='ocrx_word' id='word_1_863' title='bbox 3666 5487 3745 5549; x_wconf 67' lang='grc' dir='ltr'><strong>ίεὲθ</strong></span> 
     </span>
    </p>
   </div>
   <div class='ocr_carea' id='block_1_61' title="bbox 662 5639 3737 5737">
    <p class='ocr_par' dir='ltr' id='par_1_61' title="bbox 662 5639 3737 5737">
     <span class='ocr_line' id='line_1_64' title="bbox 662 5639 3737 5737; baseline 0.006 -29"><span class='ocrx_word' id='word_1_864' title='bbox 662 5658 705 5689; x_wconf 86' lang='grc'><strong>¹⁰</strong></span> <span class='ocrx_word' id='word_1_865' title='bbox 739 5657 898 5714; x_wconf 88' lang='lat' dir='ltr'><strong>Prov.</strong></span> <span class='ocrx_word' id='word_1_866' title='bbox 950 5677 1027 5727; x_wconf 77' lang='lat' dir='ltr'><strong>ix,</strong></span> <span class='ocrx_word' id='word_1_867' title='bbox 1090 5663 1175 5715; x_wconf 80' lang='grc'><strong>17.</strong></span> <span class='ocrx_word' id='word_1_868' title='bbox 1281 5664 1321 5695; x_wconf 82' lang='grc'>¹¹</span> <span class='ocrx_word' id='word_1_869' title='bbox 1360 5663 1503 5719; x_wconf 89' lang='lat' dir='ltr'><strong>Psal.</strong></span> <span class='ocrx_word' id='word_1_870' title='bbox 1553 5680 1670 5727; x_wconf 86' lang='lat' dir='ltr'><strong>Clll,</strong></span> <span class='ocrx_word' id='word_1_871' title='bbox 1726 5663 1815 5728; x_wconf 69' lang='lat'><strong>15;</strong></span> <span class='ocrx_word' id='word_1_872' title='bbox 1844 5663 2040 5737; x_wconf 47' lang='lat' dir='ltr'><strong>diedi.</strong></span> <span class='ocrx_word' id='word_1_873' title='bbox 2085 5663 2316 5737; x_wconf 74' lang='lat' dir='ltr'><strong>itt..__20.</strong></span> <span class='ocrx_word' id='word_1_874' title='bbox 2354 5735 2389 5737; x_wconf 18' lang='grc' dir='ltr'>η</span> <span class='ocrx_word' id='word_1_875' title='bbox 2420 5665 2474 5737; x_wconf 28' lang='grc' dir='ltr'><strong>Α¹¹</strong></span> <span class='ocrx_word' id='word_1_876' title='bbox 2504 5664 2540 5716; x_wconf 96' lang='lat' dir='ltr'><strong>II</strong></span> <span class='ocrx_word' id='word_1_877' title='bbox 2572 5664 2698 5719; x_wconf 82' lang='lat' dir='ltr'><strong>Cor.</strong></span> <span class='ocrx_word' id='word_1_878' title='bbox 2730 5682 2802 5737; x_wconf 60' lang='lat' dir='ltr'><strong>ii.</strong></span> <span class='ocrx_word' id='word_1_879' title='bbox 2854 5664 3077 5737; x_wconf 20' lang='lat'><strong>“7165</strong></span> <span class='ocrx_word' id='word_1_880' title='bbox 3158 5664 3200 5694; x_wconf 80' lang='grc'><strong>’³</strong></span> <span class='ocrx_word' id='word_1_881' title='bbox 3232 5639 3737 5737; x_wconf 57' lang='lat' dir='ltr'><strong>_Psal._ctlj!{i,,&quot;,3’</strong></span> 
     </span>
    </p>
   </div>
   <div class='ocr_carea' id='block_1_62' title="bbox 594 5704 3734 5805">
    <p class='ocr_par' dir='ltr' id='par_1_62' title="bbox 594 5704 3734 5805">
     <span class='ocr_line' id='line_1_65' title="bbox 594 5704 3734 5805; baseline 0.003 -25"><span class='ocrx_word' id='word_1_882' title='bbox 594 5704 1055 5793; x_wconf 58' lang='grc' dir='ltr'><strong>ηυὸιὶῆῗιξἿ.</strong></span> <span class='ocrx_word' id='word_1_883' title='bbox 1093 5704 1175 5765; x_wconf 51' lang='grc' dir='ltr'><strong>τῖέ</strong></span> <span class='ocrx_word' id='word_1_884' title='bbox 1208 5704 1670 5795; x_wconf 58' lang='grc' dir='ltr'><strong>Αρι.ὶῖ“’ἱιῖἱὲἶ</strong></span> <span class='ocrx_word' id='word_1_885' title='bbox 1727 5704 2293 5805; x_wconf 57' lang='grc' dir='ltr'><strong>ἰῗ’ωῖρῖἷιί’.ἰιῖἱ”ιδ.ν</strong></span> <span class='ocrx_word' id='word_1_886' title='bbox 2352 5734 2523 5789; x_wconf 81' lang='lat' dir='ltr'><strong>&quot;lsa.</strong></span> <span class='ocrx_word' id='word_1_887' title='bbox 2560 5750 2684 5802; x_wconf 82' lang='lat' dir='ltr'><strong>va,</strong></span> <span class='ocrx_word' id='word_1_888' title='bbox 2723 5704 2813 5789; x_wconf 73' lang='lat'><strong>25&#39;.</strong></span> <span class='ocrx_word' id='word_1_889' title='bbox 2894 5733 3103 5790; x_wconf 78' lang='lat' dir='ltr'><strong>&quot;Psal.</strong></span> <span class='ocrx_word' id='word_1_890' title='bbox 3137 5750 3189 5800; x_wconf 76' lang='grc' dir='ltr'><strong>ι,</strong></span> <span class='ocrx_word' id='word_1_891' title='bbox 3222 5734 3311 5802; x_wconf 77' lang='lat' dir='ltr'><strong>se,</strong></span> <span class='ocrx_word' id='word_1_892' title='bbox 3351 5735 3453 5805; x_wconf 81' lang='lat' dir='ltr'><strong>si.</strong></span> <span class='ocrx_word' id='word_1_893' title='bbox 3506 5708 3734 5779; x_wconf 43' lang='lat' dir='ltr'><strong>“ibid.”</strong></span> 
     </span>
    </p>
   </div>
   <div class='ocr_carea' id='block_1_63' title="bbox 592 5793 2284 5873">
    <p class='ocr_par' dir='ltr' id='par_1_63' title="bbox 592 5793 2284 5873">
     <span class='ocr_line' id='line_1_66' title="bbox 592 5793 2284 5873; baseline 0.004 -22"><span class='ocrx_word' id='word_1_894' title='bbox 592 5793 636 5824; x_wconf 83' lang='lat'><strong>&quot;’</strong></span> <span class='ocrx_word' id='word_1_895' title='bbox 677 5798 809 5853; x_wconf 76' lang='lat' dir='ltr'><strong>Itan.</strong></span> <span class='ocrx_word' id='word_1_896' title='bbox 844 5816 938 5866; x_wconf 88' lang='lat' dir='ltr'><strong>vn,</strong></span> <span class='ocrx_word' id='word_1_897' title='bbox 975 5803 997 5854; x_wconf 77' lang='grc'><strong>1</strong></span> <span class='ocrx_word' id='word_1_898' title='bbox 1036 5817 1187 5873; x_wconf 90' lang='lat' dir='ltr'><strong>seqq.</strong></span> <span class='ocrx_word' id='word_1_899' title='bbox 1268 5805 1307 5833; x_wconf 85' lang='grc'><strong>²¹</strong></span> <span class='ocrx_word' id='word_1_900' title='bbox 1341 5793 1511 5857; x_wconf 87' lang='lat' dir='ltr'><strong>lCor.</strong></span> <span class='ocrx_word' id='word_1_901' title='bbox 1547 5819 1619 5867; x_wconf 86' lang='lat' dir='ltr'><strong>tv,</strong></span> <span class='ocrx_word' id='word_1_902' title='bbox 1658 5804 1742 5858; x_wconf 81' lang='grc'><strong>15.</strong></span> <span class='ocrx_word' id='word_1_903' title='bbox 1820 5804 1864 5836; x_wconf 81' lang='grc'><em>³³</em></span> <span class='ocrx_word' id='word_1_904' title='bbox 1892 5802 2049 5857; x_wconf 84' lang='lat' dir='ltr'><strong>Joau.</strong></span> <span class='ocrx_word' id='word_1_905' title='bbox 2091 5819 2163 5868; x_wconf 74' lang='grc' dir='ltr'><strong>γι,</strong></span> <span class='ocrx_word' id='word_1_906' title='bbox 2198 5804 2284 5857; x_wconf 70' lang='grc'><strong>54.</strong></span> 
     </span>
    </p>
   </div>
  </div>
