4038 6506
267 356 376 418 697
1376 362 1915 425 COMMENTARII
1949 366 2031 425 ΙΝ
2070 320 2508 434 LEVITICUM.
3432 375 3537 438 £98

263 466 618 556 sacriﬁcandi
643 468 837 523 ritum.
875 466 1009 525 Nam
1045 470 1414 537 daemonibus,
1451 490 1554 529 nec
1588 474 1720 539 Deo,
1747 477 2013 532 convenit
2042 480 2291 548 praebere
2323 483 2578 537 victimas
2610 483 2879 553 impuras,
2909 484 3113 553 quibus
3148 486 3528 556 placabantur.

262 552 470 609 Verum
519 556 663 612 Deus
694 558 896 614 animis
941 559 1227 614 hominum
1273 562 1509 616 inetillat
1560 565 2077 632 mansuetudinem,
2126 577 2181 621 et
2233 569 2512 638 duplicem
2543 571 2669 626 vita:
2694 552 2983 627 rationem
3029 552 3268 639 inducit,
3298 574 3530 629 alteram

256 641 506 704 civilem.
541 655 597 700 et
624 661 793 716 porro
817 648 1051 702 alteram
1085 650 1456 720 spiritualem,
1495 652 1659 721 cujus
1686 654 1767 708 rei
1803 653 2023 726 signum
2056 663 2152 709 est—
2175 654 2377 712 ﬁssura
2410 659 2772 730 ungularum.
2796 660 2991 716 Credes
3025 662 3376 727 animalium,
3409 676 3532 730 quae

257 731 324 784 ad
362 746 495 788 aras
528 736 902 801 trucidantur,
939 737 1153 793 indicat
1183 747 1239 792 et
1270 740 1431 810 quasi
1469 739 1649 809 digito
1692 753 1971 798 monstrat
1993 758 2097 799 nos
2127 759 2195 799 ex
2232 747 2334 799 hac
2366 747 2476 800 vita
2506 747 2750 817 migrare
2789 749 2846 802 in
2888 760 3093 803 aeterna
3145 752 3528 804 tabernacula.

255 823 326 873 At
354 820 412 874 in
439 819 560 877 haec
592 839 701 877 non
735 823 1191 882 transcendimus
1219 827 1540 883 interventu
1583 844 1731 884 verat
1764 831 1983 895 mortis,
2024 832 2121 888 sed
2161 833 2325 887 modo
2358 834 2600 902 quodam
2640 835 2905 902 mirabili,
2935 836 3031 906 qui
3071 825 3326 891 imitatur
3376 851 3530 890 mor-

256 917 390 971 tem,
432 910 492 964 in
525 911 756 967 caeleste
783 913 1200 970 transvolamus
1234 930 1486 987 regnum.
1516 915 1654 971 Nam
1680 917 1728 972 si
1764 932 1923 988 aequa
1947 927 2134 975 mente
2157 921 2482 977 consideres
2513 923 2599 977 vel
2639 924 2810 978 vitam
2839 923 2925 979 vel
2960 932 3194 980 mortem
3238 924 3527 979 hominum

256 996 309 1047 in
345 996 458 1051 hoc
499 999 728 1065 saeculo,
762 1002 1014 1069 reperies
1049 1010 1283 1058 mortem
1330 1005 1415 1059 vel
1446 1006 1617 1059 vitam
1647 1021 1751 1061 nec
1789 1006 1934 1062 inter
1963 1007 2105 1063 bona
2146 1010 2230 1064 vel
2272 1009 2414 1063 mala
2443 1010 2597 1079 poni,
2626 1010 2724 1065 sed
2761 1010 2997 1066 mediam
3051 1010 3210 1081 sequi
3245 1010 3527 1066 conditio-

254 1096 407 1136 nem.
441 1082 503 1138 Si
542 1084 686 1141 Deus
725 1086 1043 1157 imperavit,
1076 1097 1134 1143 ut
1167 1089 1276 1159 ipsi
1310 1091 1670 1148 immolarent
1708 1094 1986 1163 victimas,
2018 1113 2089 1151 ne
2132 1098 2215 1153 eis
2253 1098 2597 1155 bonorarent
2626 1100 2928 1165 daemones,
2958 1102 3051 1170 qui
3094 1101 3154 1154 lit
3188 1100 3337 1171 quod
3366 1100 3527 1155 victi-

256 1188 380 1228 mas
411 1184 733 1232 mactarunt
760 1185 889 1233 ante
914 1177 1100 1234 datam
1136 1180 1309 1252 legem
1337 1181 1645 1247 Abraham,
1676 1183 1937 1240 Noacbus
1965 1196 2020 1241 et
2051 1186 2226 1241 Abel?
2256 1186 2401 1245 Deus
2445 1189 2563 1245 haec
2601 1190 2788 1245 omnia
2818 1198 3188 1259 praenoverat.
3228 1190 3368 1257 Quia
3396 1205 3527 1245 vero

257 1279 433 1333 super
467 1266 679 1321 eisdem
712 1266 879 1322 rebus
920 1267 1095 1338 legem
1144 1271 1603 1341 promulgaturus
1631 1282 1804 1338 esset,
1857 1275 2063 1345 priscis
2115 1276 2366 1345 patribus
2411 1276 2662 1346 permisit
2694 1276 2838 1331 haud
2869 1278 3141 1347 gravatim
3172 1276 3525 1334 sacriﬁcandi

255 1353 453 1414 ritum.
492 1364 552 1409 ut
575 1356 793 1410 tandem
824 1354 1090 1413 Israelita:
1136 1359 1521 1416 existimarent
1555 1377 1615 1417 se
1646 1378 1675 1415 a
1704 1363 1956 1432 patribus
1980 1364 2269 1432 accepisse
2301 1367 2581 1430 emndem,
2615 1382 2716 1421 nec
2748 1382 2777 1420 a
2812 1366 2941 1423 Deo.
2975 1366 3135 1433 Quod
3166 1380 3296 1419 vero
3328 1380 3522 1436 parum

253 1441 541 1499 delectent
580 1442 750 1499 Deum
784 1446 1026 1500 victima:
1068 1446 1261 1502 multis
1302 1463 1367 1503 ex
1406 1448 1707 1520 Scriptura'.
1751 1452 1888 1505 locis
1923 1450 2108 1519 colligi
2146 1460 2347 1519 potest.
2382 1453 2556 1507 Etiam
2607 1454 2864 1508 Ezechiel
2906 1456 2982 1507 alt
3012 1473 3025 1508 :
3059 1473 3077 1505 ι
3112 1452 3235 1507 Vidi
3289 1462 3341 1507 te
3384 1467 3524 1505 cou-

250 1540 580 1599 spurcatam
612 1539 664 1587 et
692 1531 1035 1587 sordidatam
1074 1534 1128 1588 in
1177 1537 1450 1606 sanguine
1490 1546 1623 1600 tuo;
1661 1549 1715 1593 et
1755 1539 1867 1593 dixi
1902 1538 1966 1592 ad
2014 1548 2107 1592 te:
2156 1537 2290 1593 Vive
2342 1540 2397 1593 in
2433 1540 2803 1609 sanguinihus
2829 1541 3026 1595 tuis”.
3060 1559 3077 1592 ι
3128 1539 3339 1593 Doceat
3380 1540 3525 1592 inter

248 1627 458 1675 cetera
481 1619 714 1675 victimae
738 1621 913 1676 nostri
941 1637 1064 1677 esse
1088 1622 1279 1688 officii,
1310 1634 1370 1678 ut
1391 1627 1589 1696 singuli
1627 1641 1760 1681 suas
1788 1627 2002 1680 animas
2026 1625 2321 1681 iltt'elltlalll
2351 1636 2407 1681 et
2435 1628 2595 1697 quasi
2626 1644 2823 1683 munus
2856 1629 3092 1682 oﬂ'erant
3114 1636 3167 1682 et
3191 1636 3524 1682 consecrent

252 1706 369 1761 Deo
400 1725 416 1771 ;
445 1716 833 1764 verumtamen
864 1710 1171 1765 secundum
1201 1727 1539 1779 mensuram,
1577 1730 1699 1783 qua:
1731 1713 1959 1768 cuilibet
1982 1722 2066 1766 est
2094 1712 2246 1776 data,
2289 1724 2425 1767 etut
2462 1716 2701 1785 singulis
2733 1716 3003 1770 divinitus
3044 1724 3130 1769 est
3167 1716 3518 1769 attributum.

248 1792 351 1849 llic
389 1796 537 1850 enim
574 1796 677 1863 sic,
712 1798 856 1852 alius
889 1812 1056 1868 porro
1089 1798 1196 1863 sic,
1243 1805 1535 1870 proprium
1571 1817 1599 1854 a
1630 1800 1741 1855 Deo
1778 1801 1986 1856 habens
2014 1801 2241 1855 donum.
2264 1800 2580 1871 Magnitudo
2609 1803 2957 1868 animalium,
2987 1818 3108 1873 qua!
3141 1803 3520 1865 immutantur,

247 1898 587 1953 eorumque,
616 1885 804 1954 quoad
841 1884 1103 1950 formam,
1142 1889 1404 1953 varietas,
1438 1887 1682 1944 declarat
1704 1888 1941 1944 maxime
1968 1888 2238 1958 cujusque
2269 1889 2624 1944 oﬂ‘erentium
2655 1891 2899 1943 animum
2946 1900 3005 1943 ut
3040 1891 3113 1943 sit
3157 1904 3285 1958 erga
3324 1887 3517 1942 Deum.

248 1967 308 2024 Si
345 1971 485 2041 quis
519 1987 719 2041 magno
746 1972 933 2026 animo
968 1973 1134 2028 fuerit
1154 1985 1209 2029 et
1244 1974 1419 2043 fortis,
1445 1976 1763 2032 ostenditur
1795 1990 1890 2046 per
1918 1974 2191 2042 vitulum;
2220 1974 2265 2029 si
2289 1976 2414 2046 quis
2438 1975 2603 2030 fuerit
2630 1976 3001 2045 pusillanimis
3031 1986 3086 2031 et
3113 1975 3298 2029 minus
3323 1972 3523 2028 robore

245 2059 432 2123 valet,
460 2070 818 2130 comparatur
844 2061 955 2114 ovi.

328 2168 408 2222 Ἦ
438 2168 806 2231 ὁλοκαύτωσις
850 2168 964 2237 (99)
998 2168 1099 2239 τὴν
1136 2170 1436 2241 ὁλόκληρον
1464 2170 1723 2224 ἀνάθεσιν
1755 2172 1836 2236 εἰς
1865 2133 1913 2191 Α

1912 2184 1913 2189 ‘
2010 2175 2114 2241 Qui
2148 2176 2494 2232 holocaustis
2521 2176 2974 2238 honoratlieum.
2999 2175 3209 2230 indicat
3240 2189 3299 2230 se
3333 2182 3507 2227 totum

246 2262 393 2314 Θεὸν
418 2261 589 2333 δηλοῖ.
627 2261 719 2315 Διὸ
747 2261 816 2316 τὰ
845 2260 957 2314 τῶν
984 2261 1176 2332 ἱερέων
1206 2266 1272 2317 ὲκ
1305 2263 1650 2334 σεμιδάλεως
1678 2264 1831 2335 δῶρα

1940 2280 2065 2321 esse
2095 2266 2360 2321 devotum
2404 2274 2459 2321 et
2510 2274 2901 2321 consecratum
2942 2265 3198 2326 Domino,
3256 2277 3356 2316 nec
3414 2262 3516 2315 sibi

244 2354 549 2410 ὁλόκαυτα.

1940 2357 2244 2428 quidquam
2300 2358 2380 2413 rei
2423 2374 2548 2416 esse
2600 2375 2727 2413 cum
2791 2356 2981 2411 mundi
3040 2356 3321 2425 contagio.
3372 2354 3522 2418 Qua-

1941 2460 2171 2520 propter
2233 2450 2489 2506 videmus
2556 2451 2907 2506 sacerdotum
2969 2464 3199 2504 munera
3236 2491 3252 2514 ,
3319 2446 3521 2518 quibus

1940 2542 2163 2611 placant
2196 2541 2433 2608 Numen,
2469 2543 2813 2613 similaginea
2844 2541 3061 2597 incendi
3101 2549 3236 2595 tota.

322 2641 533 2697 Forma
566 2651 747 2698 autem
792 2659 889 2699 seu
938 2646 1141 2700 modus
1190 2646 1449 2702 sacriﬁcii
1483 2648 1611 2704 talis
1662 2651 1757 2707 sit.
1798 2673 1815 2705 ι
1846 2654 2129 2716 Masculus
2160 2670 2212 2715 et
2242 2661 2467 2731 quidem
2503 2662 2656 2715 omni
2699 2660 2837 2715 vitio
2878 2674 3076 2715 carens
3113 2664 3384 2712 mactetur
3416 2654 3523 2710 Do-

247 2731 437 2788 mino.
477 2752 497 2785 ι
528 2731 664 2785 Nam
694 2733 871 2789 sancti
905 2734 1317 2803 quodammodo
1351 2735 1670 2793 conformes
1698 2751 1831 2796 sunt
1860 2743 1993 2802 Deo.

327 2867 563 2939 Ἀρσεν,
592 2867 655 2920 τὸ
683 2868 905 2922 πάντων
946 2869 1207 2939 Ἠγεμόνι
1244 2870 1481 2937 πρέπον,
1513 2872 1597 2925 ὅτι
1629 2875 1839 2944 ἠγεμο-

2012 2886 2082 2940 At
2112 2887 2397 2941 masculus
2426 2886 2703 2955 imprimis
2735 2884 2996 2954 congruit
3026 2895 3289 2952 supremo
3313 2880 3524 2935 Guber-

247 2960 415 3013 νικδν
444 2961 504 3014 τὸ
531 2960 721 3033 ἄρσεν.
756 2961 1043 3033 ’Δμωμον,
1068 2964 1153 3017 ὅτι
1180 2963 1243 3017 τὸ
1271 2963 1458 3027 ἀσινὲς
1481 2965 1744 3036 ἁρμόττει
1770 2968 1836 3037 τῇ

1941 2981 2124 3037 natori
2149 2980 2421 3035 omnium.
2447 2979 2728 3036 Masculus
2749 2978 2895 3033 enim
2922 2984 3282 3047 repraesentat
3313 2975 3521 3044 regiam

245 3051 387 3127 θείᾳ
416 3052 600 3127 οὐσίᾳ.

1942 3075 2110 3145 328
2142 3080 2496 3145 potestatem,
2528 3087 2692 3144 quam
2726 3071 2872 3125 Deus
2904 3070 2959 3123 in
3008 3082 3223 3129 omnes,
3248 3075 3525 3135 quatenus

1944 3161 2131 3215 omnia
2192 3160 2545 3225 moderatur,
2592 3160 2778 3214 habet.
2831 3155 3347 3227 Irreprehemibilis,
3388 3166 3523 3217 etc.,

1942 3246 2075 3316 quia
2109 3246 2165 3300 ln
2202 3245 2373 3301 Deum
2407 3247 2557 3301 nulla
2587 3247 2741 3302 cadit
2773 3246 2959 3315 culpa.

324 3355 593 3412 Christus
631 3364 813 3412 autem
845 3365 929 3412 est
962 3357 1245 3412 masculus
1283 3358 1378 3413 ille
1407 3358 1557 3413 omni
1583 3374 1791 3414 vacans
1815 3355 1976 3426 culpa
2008 3365 2065 3410 et
2087 3357 2224 3411 vitio
2261 3372 2371 3410 non
2406 3358 2587 3412 solum
2620 3356 2822 3411 divinae
2858 3363 3072 3409 naturze
3117 3362 3394 3423 respectu,
3426 3352 3523 3407 sed

245 3447 429 3499 etiam
459 3443 713 3498 humana:
746 3452 961 3498 naturae
1000 3445 1229 3498 intuitu.
1270 3446 1364 3500 Sic
1411 3448 1781 3517 corporaliter
1803 3455 1855 3500 et
1880 3444 2241 3514 spiritualiter
2258 3444 2407 3497 omni
2441 3443 2575 3498 vitio
2607 3454 2659 3497 et
2693 3443 2855 3512 culpa
2886 3450 3058 3506 caret,
3118 3455 3438 3509 uterumque
3470 3440 3523 3491 in

250 3546 454 3586 ninnes
492 3531 655 3586 habet
682 3532 991 3601 imperium.
1021 3533 1103 3587 Ad
1141 3533 1287 3589 hunc
1321 3534 1542 3588 modum
1576 3535 1709 3589 nihil
1741 3534 1987 3588 enervati
2020 3544 2073 3587 et
2100 3532 2400 3587 eﬂ‘eminati
2430 3532 2483 3587 in
2513 3533 2597 3588 his
2620 3532 2957 3602 deprehendi
2998 3539 3237 3601 oportet,
3275 3518 3529 3600 qui'ejus

250 3621 521 3691 dogmata
554 3628 843 3676 sectantur
873 3628 929 3676 et
962 3632 1316 3676 venerantur.
1340 3620 1501 3676 Virili
1538 3623 1726 3675 animo
1759 3619 1972 3692 praediti
2007 3621 2119 3674 sint
2143 3628 2359 3690 oportet
2387 3637 2399 3671 :
2430 3634 2600 3689 seque
2630 3619 2943 3688 inculpatos
2965 3626 3224 3686 praestent
3255 3626 3529 3686 quatenus

252 3710 504 3763 humana
542 3707 810 3779 fragilitas
838 3708 1111 3763 concedit.
1133 3707 1483 3777 Quapropter
1506 3710 1654 3762 canit
1682 3709 1847 3763 David
1876 3726 1889 3763 :
1918 3728 1937 3761 ι
1958 3707 2157 3763 Judica
2186 3723 2293 3774 me,
2320 3707 2568 3774 Domine,
2600 3708 2901 3762 secundum
2936 3706 3210 3777 justitiam
3244 3720 3442 3767 meam,
3473 3712 3532 3757 et

255 3796 567 3852 secundum
612 3796 1011 3861 innocentiam,
1040 3811 1163 3865 qua:
1206 3795 1259 3849 in
1310 3812 1396 3851 me
1430 3805 1516 3850 est
1535 3795 1604 3849 “.
1641 3815 1658 3847 ι
1702 3797 1961 3851 Defertur
1989 3805 2173 3849 autem
2228 3794 2565 3849 sacrificium
2618 3794 2685 3847 ad
2722 3793 2926 3863 januas
2976 3792 3344 3847 tabernaculi.
3386 3789 3527 3843 Nam

264 3883 673 3955 perfectionem
709 3884 1110 3954 consequimur
1141 3885 1195 3938 in
1228 3884 1388 3938 unica
1413 3893 1468 3938 et
1500 3885 1617 3939 sola
1645 3883 1736 3939 Dei
1777 3883 2027 3938 Ecclesia
2056 3881 2282 3937 Christo
2312 3896 2443 3936 vero
2471 3880 2757 3936 sacerdote
2794 3897 2896 3936 nos
2927 3880 3195 3935 ollerente
3231 3879 3401 3941 Patri,
3432 3893 3527 3947 per

258 3988 433 4042 quem
469 3972 753 4027 Christum
787 3971 841 4025 in
889 3971 1034 4026 hanc
1065 3973 1296 4043 gratiam
1332 3971 1555 4027 adducti
1603 3989 1817 4028 sumus.
1861 3970 1993 4025 Nam
2040 3985 2165 4024 cum
2198 3970 2271 4025 sit
2304 3984 2637 4038 praecursor,
2686 3969 2899 4023 aditum
2932 3968 2997 4022 ad
3041 3967 3315 4021 interiora
3365 3966 3527 4021 nobis

262 4058 483 4129 paravit
515 4074 743 4112 novum.
782 4076 801 4109 ι
831 4058 895 4111 Et
927 4059 1173 4129 imponet
1203 4074 1446 4123 manum,
1472 4077 1492 4111 ι
1527 4062 1623 4126 ait,
1658 4061 1709 4115 id
1744 4070 1846 4127 est,
1874 4074 1973 4130 pro
2012 4073 2072 4113 se
2107 4057 2342 4127 adducet
2376 4071 2496 4111 eam
2537 4056 2801 4121 hostiam,
2838 4064 2900 4110 ut
2928 4058 3024 4127 qui
3073 4056 3272 4110 habeat
3314 4070 3376 4109 ca
3405 4070 3529 4124 qua:

263 4148 358 4203 hic
389 4160 751 4218 peraguntur,
779 4148 938 4217 quasi
970 4147 1253 4216 exemplar
1282 4146 1347 4199 ad
1382 4148 1528 4215 quod
1561 4148 1729 4201 vitam
1762 4162 1918 4204 suam
1973 4148 2253 4210 instituat,
2283 4155 2339 4201 et
2370 4147 2459 4216 pie
2489 4156 2792 4216 sancteque
2827 4146 2996 4199 vitam
3022 4146 3225 4215 exigat.
3264 4145 3523 4198 Ostendit

262 4236 415 4290 enim
452 4251 511 4290 se
557 4234 907 4288 renuntiasse
948 4235 1179 4298 mundo,
1210 4234 1565 4303 penitusque,
1591 4238 1772 4304 quoad
1824 4251 1992 4306 opera
2038 4236 2250 4299 mundi,
2282 4250 2443 4305 quem
2478 4235 2724 4304 exagitat
2757 4234 3041 4298 diabolus,
3071 4242 3375 4287 mortumn.
3416 4232 3527 4287 Nec

266 4342 328 4378 se
359 4338 484 4377 esse
518 4322 1062 4392 irreprehensibilem
1120 4322 1299 4376 instar
1332 4323 1577 4392 pecudis,
1611 4338 1734 4391 quae
1778 4325 2119 4391 immolatur,
2148 4334 2201 4381 et
2238 4325 2447 4396 peccati
2498 4340 2609 4379 non
2658 4324 2938 4394 particeps
2988 4331 3073 4380 est
3118 4324 3267 4394 quod
3314 4322 3527 4379 ratione

265 4418 459 4466 careat
491 4428 503 4463 :
539 4410 635 4464 sed
666 4416 902 4465 testatur
936 4424 995 4464 se
1024 4424 1150 4465 esse
1185 4424 1213 4462 a
1250 4418 1476 4478 peccato
1513 4410 1813 4467 immunem
1850 4415 2155 4470 secundum
2181 4414 2427 4469 divinam
2463 4414 2840 4467 sanctitatem.
2869 4413 2985 4466 lloc
3013 4413 3237 4482 quidem
3268 4412 3526 4481 gratissi-

267 4515 417 4553 mum
466 4498 845 4567 spectaculum
891 4505 977 4552 est
1004 4497 1132 4553 lleo.
1162 4497 1505 4569 Quapropter
1541 4499 1596 4553 in
1640 4507 1793 4556 textu
1826 4503 2057 4571 ponitur
2090 4521 2103 4557 :
2137 4521 2156 4554 ι
2187 4502 2392 4557 Coram
2434 4501 2691 4555 Domino.
2724 4521 2743 4552 ι
2799 4498 2857 4554 Si
2900 4499 3125 4568 quidem
3171 4501 3411 4568 pretiosa
3444 4506 3528 4552 est

269 4602 421 4643 mors
452 4596 772 4641 sanctorum
813 4585 935 4655 ejus
983 4585 1037 4639 in
1070 4596 1373 4656 conSpectu
1410 4586 1531 4656 ejus
1554 4588 1620 4642 ".
1663 4587 1740 4643 lta
1773 4589 1842 4644 de
1868 4589 2095 4648 Christo
2127 4591 2296 4645 verba
2328 4588 2543 4644 faciens
2589 4588 2821 4653 Paulus,
2857 4588 3075 4657 inquit:
3116 4604 3135 4636 ι
3171 4587 3272 4651 Qui
3306 4593 3529 4655 peccata

270 4684 469 4729 nostra
493 4674 695 4729 obtulit
722 4674 775 4727 in
806 4686 1044 4743 corpore
1075 4687 1177 4729 suo
1210 4687 1378 4744 super
1403 4674 1574 4743 ligno,
1605 4682 1666 4729 ut
1697 4676 1917 4733 liberati
1957 4679 2226 4748 peccatis,
2263 4676 2494 4745 iustitiae
2520 4690 2669 4730 nunc
2712 4676 2966 4729 vivamus
2986 4674 3053 4728 ³⁸.
3087 4692 3105 4725 ι
3131 4673 3287 4740 Quod
3338 4681 3528 4729 autem

266 4764 381 4815 vita
415 4767 779 4817 consecretur
822 4770 877 4814 et
928 4761 1268 4815 devoveatur
1321 4761 1467 4825 Deo,
1518 4764 1658 4819 satis
1690 4766 2002 4835 argumenti
2038 4774 2122 4821 est
2151 4765 2381 4835 sanguis
2439 4776 2704 4831 aspersus
2753 4775 2882 4814 arae.
2921 4778 2941 4810 α
2974 4758 3140 4815 Pellis
3184 4760 3467 4829 diripitur.
3504 4774 3521 4807 ι

266 4849 598 4906 Ostenditur
629 4849 776 4904 enim
815 4864 917 4904 nos
948 4864 1074 4905 esse
1106 4850 1306 4914 nudos,
1346 4858 1401 4906 et
1430 4851 1700 4922 quidquid
1755 4854 1810 4907 in
1849 4854 2012 4910 nobis
2047 4853 2213 4907 fuerit
2244 4853 2348 4907 sub
2388 4851 2579 4905 divum
2626 4848 3065 4920 protrahendum
3103 4859 3209 4905 est.
3256 4848 3527 4903 Praeterea

265 4940 492 4994 victima
521 4937 837 4992 conciditur
867 4937 921 4990 in
962 4938 1227 4992 membra.
1271 4936 1406 4992 Nam
1440 4940 1734 5010 diligenter
1757 4941 2057 5011 inspicitur
2098 4938 2539 5008 unumquodque
2580 4937 2893 4991 membrum
2928 4936 3073 5005 ejus,
3107 4935 3202 5006 qui
3240 4935 3531 4991 dedicatus

265 5036 350 5081 est
375 5026 509 5088 Deo,
549 5040 579 5078 a
614 5039 871 5080 sermone
894 5024 1011 5089 Dei,
1043 5026 1138 5094 qui
1165 5026 1427 5096 pertingit
1463 5042 1642 5096 usque
1678 5027 1747 5082 ad
1772 5027 2104 5084 divisionem
2141 5028 2340 5081 animae
2369 5033 2425 5081 et
2460 5026 2717 5096 spiritus,
2752 5026 3142 5095 compaginum
3174 5032 3228 5079 ct
3260 5022 3531 5078 medulla-

267 5130 418 5177 rum,
455 5113 547 5167 eui
578 5112 758 5167 omnia
787 5120 920 5167 sunt
966 5112 1111 5166 nuda
1138 5121 1193 5167 et
1218 5122 1407 5183 aperta
1432 5115 1499 5168 ".
1531 5113 1759 5170 Viscera
1784 5128 1838 5171 et
1864 5118 2033 5187 pedes
2077 5116 2382 5171 abluuntur
2416 5128 2598 5185 aqua;
2637 5115 2769 5184 quia
2802 5115 2922 5169 istae
2954 5102 3147 5169 sordes
3197 5112 3535 5165 naturaliter

269 5211 582 5269 sequuntur
609 5215 813 5270 corpus
867 5201 1197 5255 humanum.
1242 5200 1530 5272 Siquidem
1563 5213 1917 5259 excrementa
1958 5204 2199 5259 naturali
2238 5203 2457 5257 ratione
2486 5203 2833 5257 comitantur
2874 5202 3163 5256 alimenta.
3208 5200 3421 5253 Carnes
3457 5197 3529 5251 sio

271 5290 539 5360 gnilicant
594 5296 911 5343 sanctorum
950 5288 1141 5353 vitam,
1175 5304 1341 5359 quam
1373 5288 1429 5343 in
1472 5288 1578 5345 hoc
1630 5291 1837 5345 mundo
1871 5291 2102 5362 degunt,
2134 5292 2302 5362 paqu
2327 5282 2677 5362 pinguiorem
2732 5298 2925 5360 utpote
2979 5287 3312 5358 corporibus
3343 5284 3530 5339 velati.
3577 5342 3601 5363 λ,

271 5378 547 5432 Caeterum
577 5388 643 5431 ea
675 5374 788 5429 vita
817 5375 1046 5432 honesta
1096 5384 1151 5431 ct
1181 5384 1373 5431 sancta
1407 5390 1532 5432 esse
1572 5376 1904 5434 advertitur.
1936 5380 2116 5451 Caput
2140 5380 2363 5451 signum
2405 5387 2493 5436 est
2523 5378 2753 5443 mentis,
2784 5391 2947 5449 quam
2976 5374 3264 5432 evidenter
3296 5371 3532 5427 demon-

344 5548 392 5582 "
421 5546 621 5604 Ezech.
659 5564 766 5611 xvr,
809 5547 861 5603 6.
939 5548 985 5579 “
1016 5544 1161 5603 Psal.
1195 5565 1383 5615 xxxrv,
1414 5548 1505 5603 Si.
1584 5551 1629 5583 "
1672 5549 1811 5607 Psal.
1844 5567 1939 5609 cn

1800 5591 1811 5605 .
1844 5567 1975 5618 ειν,
2016 5555 2103 5611 15.
2183 5557 2226 5587 ’⁸
2256 5555 2392 5620 luto,
2426 5553 2621 5611 chtr.
2658 5570 2720 5620 ιι,
2747 5552 2838 5607 24.
2917 5551 2963 5583 ’⁷
2993 5549 3161 5605 llcbr.
3188 5565 3261 5609 tv,
3303 5549 3388 5601 η.

351 5733 462 5813 ς99)
508 5735 572 5813 Et
625 5734 1034 5813 6}ox_aproﬁtct,
1097 5736 1392 5807 ὁλόκληρον
1448 5735 1557 5808 ἔχει
1625 5737 1720 5807 τὴν
1786 5645 2107 5812 Ξὲἒρῗέιν,
2161 5743 2253 5796 καὶ
2307 5741 2380 5813 μὴ
2436 5738 2571 5813 πρὸς
2602 5739 2667 5792 τὰ
2720 5737 2777 5792 ὲν
2830 5734 3019 5805 κόσμῳ
3094 5718 3535 5803 ιμεμιερμηλιέντιν,

282 5804 395 5871 Διὸ,
427 5822 511 5858 κτ.
539 5806 567 5858 ὁ
608 5804 707 5875 τῆς
736 5805 875 5873 Αὺγ.
908 5804 1040 5862 κώδ.
