4038 6574
544 392 650 455 €39
1849 382 2207 445 PROCOPII
2246 379 2491 442 GAZ/EI
3708 370 3809 433 700

546 516 709 560 strat.
749 502 1128 573 Cogitationes
1156 506 1602 555 commonstrant
1633 498 1922 554 intestina.
1962 497 2138 552 Vitam
2184 498 2509 567 practicam,
2537 508 2647 563 qua
2689 492 2747 547 in
2782 490 2887 546 hoc
2936 487 3140 546 smeulo
3195 486 3474 551 ﬂoremus,
3507 484 3807 539 ostendunt

546 594 731 662 pedes.
763 590 986 644 Viscera
1019 598 1073 643 et
1106 588 1273 657 pedes
1331 587 1540 642 Christi
1596 588 1807 641 nullam
1840 586 2164 642 desiderant
2210 583 2675 656 puriﬁcationem.
2710 579 2885 634 Nobis
2933 593 3067 633 vero
3108 592 3336 633 necesse
3379 584 3483 640 est,
3514 582 3576 628 ut
3618 574 3709 627 illa
3755 574 3806 627 in

546 682 703 734 nobis
736 681 1017 732 cluantur.
1054 674 1634 746 Siquidem'Christus
1657 676 1790 731 lavit
1824 674 1993 745 pedes
2032 688 2266 730 suorum
2317 671 2744 742 discipulorum,
2783 674 2841 721 at
2868 667 2991 736 ipse
3018 679 3131 721 non
3156 680 3295 736 opus
3323 663 3593 727 habebat,
3632 668 3692 713 ut
3718 663 3807 730 qui

545 767 949 822 mundisdmus
977 773 1121 830 erat,
1165 764 1256 817 illa
1288 763 1582 818 munditie.

612 876 673 929 In
697 875 909 929 odorem
933 873 1080 929 bona!
1102 873 1419 944 fragrantia:
1437 872 1684 937 Domino,
1717 881 1822 927 etc.
1843 869 1908 943 [l,
1934 868 2047 942 19.]
2070 868 2129 925 Si
2158 856 2207 916 Α

2306 868 2550 928 Εὐωδίας
2570 867 2628 921 δὲ
2654 864 2825 937 ὀσμὴ,
2867 863 3024 934 φησὶ,
3047 862 3128 934 τῷ
3172 864 3386 936 Κυρίῳ,
3416 865 3572 919 κατὰ
3605 866 3706 934 τὴν
3729 864 3808 917 εὓ-

543 969 802 1036 pietatem
828 965 1117 1035 amplexus
1143 964 1343 1027 fueris,
1373 965 1494 1019 sine
1518 980 1625 1033 qua
1657 964 1883 1034 penitus
1907 964 2127 1031 ingrata

2234 960 2471 1015 σέϐειαν.
2506 959 2716 1021 Ἀλλως
2751 956 2864 1027 γὰρ
2901 953 3114 1026 δυσώδη
3144 956 3214 1009 τὰ
3246 957 3522 1025 καιόμενα
3566 957 3805 1024 σώματα.

540 1069 597 1112 et
654 1059 824 1113 fetida
859 1058 1161 1128 putidaque
1219 1066 1351 1112 sunt
1402 1058 1640 1111 Domino
1676 1056 1970 1120 cadavera,
2005 1069 2129 1124 qua:

2234 1057 2405 1111 Ὅθεν
2436 1055 2562 1110 ἀντὶ
2607 1053 2861 1117 εὐωδίας,
2893 1051 3147 1116 εὐδοκίας
3193 1051 3562 1123 ἡρμήνευσαν
3609 1050 3660 1103 οἱ
3706 1050 3809 1103 λοι-

543 1152 597 1203 iu
638 1165 732 1203 ara
793 1150 1105 1204 adolentur.
1159 1148 1300 1203 Hinc
1346 1148 1569 1218 quidam
1619 1162 1768 1218 pro:
1816 1146 1884 1200 In
1912 1146 2128 1201 adorent
2235 1149 2347 1204 ποί.

543 1242 691 1295 bonae
732 1242 1075 1310 fragrantiar,
1122 1250 1257 1305 etc.,
1292 1240 1637 1309 interpretati
1696 1248 1869 1295 sunt:
1920 1236 1987 1291 Ut
2019 1238 2128 1291 sint

541 1343 698 1403 grata
734 1343 1052 1403 acceptaque
1074 1334 1126 1386 in
1145 1342 1430 1400 conspectu
1456 1330 1575 1385 Dei.

618 1448 685 1503 Et
710 1450 1016 1503 mactabunt
1044 1451 1213 1518 ipsam
1245 1449 1298 1503 in
1325 1450 1490 1503 latere
1521 1448 1716 1502 altaris
1736 1464 1917 1502 versus
1951 1443 2366 1515 septentrionem
2390 1456 2574 1496 coram
2600 1439 2849 1503 Domino,
2885 1446 2997 1493 etc.
3032 1434 3175 1510 [ll.]
3224 1435 3445 1507 Saepius
3475 1434 3806 1489 mentionem

548 1539 679 1592 facit
714 1547 766 1592 et
795 1539 1090 1593 admodum
1141 1539 1488 1593 familiariter
1524 1538 1664 1594 Deus
1709 1538 1891 1600 bovis,
1921 1537 2085 1605 cujus
2117 1548 2253 1588 usus
2296 1532 2350 1587 in
2405 1528 2747 1600 agricultura
2795 1527 3069 1597 plurimus
3119 1525 3341 1580 visitur.
3378 1525 3524 1579 llinc
3569 1525 3808 1578 doctores

549 1626 723 1680 divini
753 1626 902 1681 verbi
934 1626 1243 1696 saepissime
1272 1626 1440 1681 boves
1473 1626 1737 1696 appellat,
1772 1639 1983 1695 eosque
2008 1624 2185 1679 bobus
2221 1618 2620 1677 triturantibns
2653 1616 2895 1681 confert,
2930 1623 3071 1669 teste
3102 1613 3298 1677 Paulo,
3333 1615 3427 1684 qui
3476 1613 3560 1665 ait
3591 1630 3603 1665 :
3645 1631 3663 1662 ι
3690 1611 3806 1667 Bovi

552 1714 833 1768 trituranti
873 1729 981 1767 non
1015 1714 1285 1783 obligabis
1310 1730 1375 1769 os
1403 1715 1472 1769 ’⁸.
1515 1733 1534 1765 ι
1591 1712 1810 1769 Vitulus
1846 1723 2112 1782 praeterea
2164 1710 2305 1765 bene
2343 1707 2627 1777 saginatus
2688 1712 2857 1775 typus
2905 1710 2991 1759 est
3026 1701 3238 1757 Christi
3296 1711 3530 1771 prepter
3573 1700 3807 1754 divinam

552 1802 672 1869 ejus
704 1802 757 1855 in
800 1802 1043 1856 humano
1073 1818 1308 1872 corpore
1340 1802 1756 1872 pinguedinem.
1786 1802 1916 1856 Ovis
1939 1814 2069 1855 vero
2103 1799 2158 1853 in
2198 1802 2556 1865 conspectum
2582 1792 2675 1847 dat
2704 1792 2910 1847 Christi
2956 1790 3476 1849 mansuetudinem,
3524 1798 3587 1842 ut
3621 1788 3675 1841 in
3708 1803 3807 1857 quo

552 1891 704 1943 nulla
752 1889 972 1942 licentia
1034 1888 1203 1943 fuerit
1253 1890 1369 1945 ine.
1409 1889 1651 1944 Proinde
1705 1889 1956 1943 dicitur:
1999 1908 2017 1939 ‹
2060 1887 2131 1943 Ut
2184 1885 2304 1942 ovis
2353 1883 2558 1937 ductus
2608 1887 2692 1935 est
2732 1878 2999 1934 Dominus
3054 1880 3121 1932 ad
3175 1877 3380 1932 caedem
3410 1877 3480 1930 ".
3534 1894 3555 1927 ι
3594 1877 3807 1944 Insuper

548 1964 843 2041 Jeremias;
882 1985 944 2031 ut
981 1977 1303 2033 ostenderet
1354 1992 1416 2033 se
1459 1992 1585 2033 esse
1623 1985 1811 2049 typum
1852 1975 2082 2042 Christi,
2126 1974 2260 2029 dicit
2292 1985 2352 2027 se
2398 1983 2520 2025 esse
2580 1982 2785 2037 agnum
2830 1964 3111 2036 placidum
3139 1964 3211 2019 ³ο.
3268 1963 3426 2029 Quod
3487 1970 3677 2017 autem
3730 1961 3805 2017 di-

547 2065 693 2119 citur

616 2172 782 2229 Ovem
804 2176 1151 2229 mactandam
1172 2190 1298 2231 esse
1310 2190 1507 2232 versus
1524 2176 1980 2245 septentrionem,
1997 2182 2130 2242 etc.,
2162 2153 2208 2213 Β

2207 2168 2208 2199 λ
2304 2168 2381 2223 Τὸ
2420 2166 2557 2239 πρὸς
2617 2163 2820 2237 βορῥᾶν
2857 2161 3001 2234 ὁρῶν
3046 2162 3107 2215 τὸ
3152 2161 3427 2232 πρόδατον
3469 2159 3802 2230 θύεσθαιῌ),

547 2265 811 2321 nimirum
852 2266 1014 2320 docet
1057 2266 1340 2323 Christum
1394 2283 1755 2338 egressurum
1804 2282 1872 2323 ex
1929 2266 2134 2338 Oppido

2233 2259 2460 2315 δύναται
2517 2256 2808 2328 σημαίνειν
2852 2254 2945 2308 τὸν
2985 2254 3043 2306 ἐν
3076 2251 3439 2324 Ἰερουσαλὴμ
3478 2251 3560 2321 (2)
3610 2266 3804 2317 σφαγτρο

545 2352 849 2410 Jerusalem
885 2363 940 2411 et
965 2365 1121 2410 extra
1153 2372 1275 2411 eam
1312 2358 1503 2412 urbem
1550 2359 1917 2428 pascendum,
1949 2359 2132 2412 donec

2234 2350 2462 2418 σύμενον
2495 2345 2764 2417 Χριστὸν”
2797 2344 2881 2396 ὅτι
2930 2341 3237 2396 ἀντίκειται
3282 2344 3350 2412 τῇ
3393 2339 3749 2411 Ἰερουσαλὴμ
3779 2340 3802 2393 6

549 2449 857 2517 saginetnr,
886 2458 940 2502 et
984 2448 1187 2503 deinde
1224 2458 1497 2503 mactetur
1529 2465 1627 2503 ceu
1668 2450 1891 2520 pinguis
1920 2450 2040 2505 ovis
2076 2451 2130 2503 in

2234 2442 2436 2514 βορῤᾶς
2457 2479 2472 2503 ,
2504 2456 2593 2492 νοτ
2606 2437 2807 2507 ιωτέρᾳ
2829 2434 2967 2508 οὔσῃ
2988 2474 3003 2499 ,
3040 2436 3185 2488 κατὰ
3210 2434 3271 2488 τὸ
3290 2474 3305 2498 ,
3345 2452 3363 2485 ‹
3399 2435 3545 2502 Ὀρη
3590 2431 3722 2484 Σιὼν
3747 2431 3800 2483 τὰ

547 2536 752 2606 oppido
789 2535 1118 2593 Jerusalem.
1163 2538 1298 2592 Nam
1347 2538 1653 2595 Jerusalem
1705 2542 1965 2611 oppidum
2002 2557 2124 2594 cum

2234 2533 2448 2605 πλευρὰ
2489 2531 2582 2585 τοῦ
2632 2529 2806 2600 βορῤἄ
2837 2528 2938 2595 (5).
2981 2546 2999 2579 ι
3032 2527 3090 2579 '0
3133 2526 3179 2580 δ’
3229 2527 3392 2590 αὐτὸς
3440 2526 3548 2595 τῆς
3588 2524 3800 2593 Θεωρίας

548 2626 721 2697 magis
757 2643 1088 2685 conversum
1123 2630 1193 2683 sit
1228 2630 1284 2684 in
1331 2630 1617 2685 meridiem
1652 2647 1715 2684 ex
1758 2631 1992 2683 adverso
2029 2632 2127 2683 ha-

2235 2630 2395 2696 λόγος
2420 2627 2511 2679 ἐπὶ
2542 2622 2635 2676 τοῦ
2663 2618 2931 2692 μελισμοῦ
2968 2619 3065 2672 τοῦ
3100 2620 3304 2690 μόσχου
3345 2619 3433 2691 εἴη
3470 2619 3541 2673 ἂν
3585 2617 3678 2671 καὶ
3720 2615 3799 2669 ἐπὶ

548 2716 638 2769 bet
668 2719 1157 2785 septentrionalem
1194 2719 1426 2789 plagam.
1465 2721 1937 2789 quemadmodum
1982 2722 2127 2774 scri-

1057 2720 1157 2772 lem
1194 2719 1426 2789 plagam.
1465 2721 1937 2789 quemadmodum
1982 2722 2127 2774 scri-
2235 2721 2330 2773 τοῦ
2359 2718 2652 2789 προϐάτου.

548 2818 700 2878 ptum
729 2818 815 2862 est
848 2826 861 2861 :
909 2828 927 2861 t
961 2808 1172 2866 Montes
1204 2811 1337 2867 Sion
1364 2852 1378 2876 ,
1422 2814 1596 2868 latera
1634 2812 1841 2868 Boreae.
1873 2833 1892 2866 ι
1940 2812 2144 2868 Eadem
2186 2814 2255 2869 de
2290 2814 2662 2867 membrorum
2700 2811 2975 2867 divisione
3017 2808 3171 2863 vitali
3213 2822 3277 2861 ac
3317 2806 3387 2861 de
3462 2804 3587 2859 ovis
3642 2800 3797 2858 sacri-

546 2901 673 2955 ticio
703 2901 813 2954 dici
845 2910 1102 2970 possunt.

619 3016 699 3069 Ad
731 3031 855 3071 eum
885 3017 1108 3071 modum
1156 2990 1355 3073 mensa
1382 3020 1803 3089 propositionis,
1839 3020 2005 3091 329
2047 3019 2135 3075 cui
2182 3015 2581 3073 incumbebant
2630 3029 2823 3083 panes.
2866 3014 2961 3079 qui
3002 3020 3167 3083 typus
3202 3017 3361 3065 erant
3416 3007 3579 3078 panis
3614 3021 3643 3062 e
3670 3005 3795 3060 ccelo

543 3103 962 3166 descendentis,
1009 3105 1283 3160 collocata
1325 3116 1434 3169 est,
1466 3116 1524 3161 ut
1556 3116 1747 3175 vergat
1798 3108 1851 3162 in
1899 3106 2393 3177 septentrionalem
2436 3103 2721 3173 regionem
2760 3119 2773 3155 :
2815 3101 2909 3171 qui
2942 3116 3078 3156 sane
3114 3110 3278 3171 typus
3319 3097 3636 3152 luculenter
3679 3095 3793 3151 edo-

542 3193 659 3247 cuit
680 3192 848 3248 Deum
881 3196 949 3247 ab
980 3193 1140 3247 initio
1169 3196 1495 3263 praedixisse
1529 3199 1777 3266 gentium
1814 3198 2177 3251 vocationem.
2208 3193 2325 3248 lluc
2369 3192 2567 3245 mentis
2601 3192 2775 3246 aciem
2832 3190 3127 3244 intendens
3168 3187 3306 3240 dixit
3329 3185 3467 3241 Mosi
3500 3205 3512 3240 :
3547 3203 3565 3236 ι
3596 3183 3792 3239 Faciam

542 3289 597 3336 te
622 3290 675 3335 et
700 3279 926 3334 domum
958 3281 1135 3350 patris
1168 3282 1246 3336 tui
1282 3284 1335 3337 in
1363 3296 1579 3355 gentem
1607 3300 1861 3356 magnam
1883 3286 1986 3337 ³⁸.»
2011 3284 2279 3339 Caeterum
2308 3282 2487 3351 reipsa
2513 3282 2670 3350 plura
2695 3280 2957 3350 praestitit
2987 3292 3154 3348 quam
3185 3273 3620 3346 promisit.Nam
3649 3274 3793 3325 innu-

542 3384 708 3425 ιιιιιοαδ
748 3377 943 3439 gentes
989 3369 1110 3424 sita?
1158 3370 1406 3436 fuerunt,
1442 3382 1691 3442 respectu
1743 3374 1930 3427 habito
1962 3371 2269 3427 Jerusalem
2306 3368 2516 3438 oppidi,
2573 3369 2627 3421 in
2666 3366 3090 3437 septentrionali
3137 3372 3345 3430 tractu,
3384 3363 3454 3417 de
3496 3362 3696 3432 quibus
3725 3360 3792 3413 lo-

542 3457 729 3526 quitur
756 3456 1051 3510 Christus:
1104 3476 1123 3508 ι
1157 3457 1223 3513 Et
1268 3461 1411 3514 alias
1459 3477 1593 3515 oves
1639 3462 1837 3525 habeo,
1889 3476 2011 3530 qua:
2050 3475 2159 3515 non
2206 3466 2338 3514 sunt
2387 3457 2455 3513 de
2502 3457 2633 3512 ovili
2689 3458 2797 3512 isto
2833 3457 2899 3511 ³³.
2941 3475 2958 3507 ι
2998 3455 3271 3510 Praeterea
3319 3453 3615 3508 orientalis
3653 3450 3789 3520 plaga

542 3546 794 3612 opposita
834 3555 919 3600 est
937 3544 1248 3600 Jerusalem
1269 3548 1494 3617 oppido.
1526 3548 1631 3603 Sed
1659 3563 1765 3603 non
1802 3551 2005 3604 licebat
2037 3549 2348 3605 sacriﬁcare
2374 3561 2539 3602 verso
2572 3545 2727 3600 vultu
2758 3546 2813 3598 in
2845 3544 3145 3599 orientem.
3178 3542 3314 3596 Nam
3348 3541 3560 3596 Sancta
3594 3548 3789 3593 sancto-

544 3646 667 3684 rnm
703 3632 808 3685 sita
852 3640 1013 3686 erant
1054 3649 1249 3689 versus
1283 3650 1568 3690 occasum.
1602 3638 1705 3701 Qui
1742 3637 1907 3707 igitur
1943 3652 2003 3692 se
2032 3639 2199 3692 vertit
2239 3638 2292 3690 in
2332 3637 2609 3691 orientem
2657 3634 2881 3691 Sanctis
2931 3642 3258 3688 sanctorum
3296 3643 3514 3702 tergum
3552 3628 3787 3685 obvertit.

542 3717 687 3787 quod
717 3719 941 3789 quidem
997 3735 1190 3790 parum
1224 3721 1487 3776 decorum
1534 3731 1589 3776 et
1622 3723 1915 3779 honestum
1956 3734 2097 3778 erat.
2136 3724 2416 3780 Fortassis
2464 3724 2766 3791 allegorice
2796 3722 2887 3777 hic
2922 3722 3079 3777 locus
3109 3719 3417 3791 capiendus
3464 3727 3575 3781 est,
3631 3728 3685 3772 ut
3725 3718 3785 3772 sit

543 3821 761 3871 sensus,
810 3806 1075 3877 Oppidum
1122 3806 1433 3865 Jerusalem
1477 3812 1797 3880 oppositum
1852 3826 1979 3868 esse
2012 3812 2400 3883 septentrioni,
2430 3827 2497 3867 ex
2528 3825 2642 3881 quo
2678 3810 2868 3866 omnia
2914 3810 2969 3865 in
3009 3810 3157 3865 hunc
3204 3808 3476 3863 mundum
3504 3806 3787 3876 deﬂagrant

544 3897 708 3949 mala.

615 3985 676 4041 Si
709 3995 887 4041 autem
921 4005 954 4042 a
987 3989 1326 4053 volatilibus,
1361 4000 1470 4045 etc.
1508 4006 1688 4060 usque
1720 3992 1787 4047 ad
1828 3993 1976 4047 hunc
2012 3992 2195 4046 locum
2235 4009 2251 4047 :
2289 3990 2439 4047 Odor
2473 3991 2623 4046 bona:
2655 3988 2974 4068 fragrantia:
3014 3986 3279 4053 Domino,
3312 3993 3421 4040 etc.
3461 3982 3694 4057 [ιι-ιη
3725 3980 3782 4036 Ut

541 4072 1170 4145 Judaaos-promptiores
1217 4076 1413 4131 reddat
1456 4078 1531 4133 ad,
1572 4080 1795 4146 pietatis
1839 4078 2021 4134 studia
2066 4079 2375 4135 minoribus
2422 4079 2623 4134 hostiis
2668 4077 2937 4131 litandum
2984 4074 3256 4144 praecipit.
3294 4073 3471 4145 Elegit
3516 4084 3688 4127 autem
3723 4087 3777 4126 ex

543 4162 727 4216 avium
764 4177 963 4230 genere
999 4164 1367 4219 modestiores
1403 4175 1456 4218 et
1494 4166 1952 4234 temperantiores
1987 4182 2138 4232 aves,
2172 4168 2386 4222 scilicet
2423 4176 2695 4221 turturem
2732 4173 2785 4220 et
2824 4163 3005 4234 pullos
3039 4161 3391 4217 columbinos
3426 4170 3645 4233 prepter
3674 4160 3778 4214 vitae

543 4249 940 4304 innocentiam.
975 4251 1113 4316 Quia
1150 4260 1377 4321 prepter
1408 4253 1740 4307 teneriorem
1776 4255 2055 4307 aetatulam
2092 4254 2365 4312 inhabiles
2396 4266 2521 4311 sunt
2556 4255 2625 4309 ad
2655 4269 2953 4319 venerem,
2986 4251 3131 4321 quod
3166 4251 3391 4320 quidem
3424 4253 3587 4306 etiam
3620 4248 3773 4303 conti-

548 4339 751 4393 nentiae
782 4350 1165 4408 argumentum
1198 4350 1304 4396 est.
1335 4340 1461 4396 lltec
1492 4357 1621 4397 vero
1647 4341 1892 4397 volatilia
1925 4343 2088 4399 nobis
2120 4344 2176 4397 in
2208 4344 2530 4399 memoriam
2568 4342 2824 4413 redigunt
2856 4340 3163 4396 Christum.
3198 4340 3360 4409 Ipsus
3391 4340 3542 4393 enim
3570 4347 3648 4393 est
3675 4346 3771 4390 tur-

548 4435 654 4488 tur,
692 4441 812 4495 qua:
851 4428 1173 4482 universum
1210 4430 1403 4484 orbem
1441 4445 1541 4485 sua
1576 4444 1708 4484 voce
1748 4431 2068 4501 complevit,
2105 4430 2270 4487 sicuti
2310 4430 2511 4502 legitur
2545 4431 2599 4484 in
2635 4428 2883 4484 Canticis
2919 4429 3269 4482 canticorum
3308 4445 3322 4480 :
3359 4445 3378 4478 ι
3411 4425 3530 4481 Vox
3568 4425 3773 4480 turturis

546 4514 733 4568 audita
762 4524 846 4569 est
874 4514 927 4567 in
956 4523 1100 4569 terra
1132 4525 1325 4571 nostra
1346 4518 1411 4571 “.
1449 4535 1468 4568 ι
1499 4515 1656 4585 Ipsus
1686 4532 1910 4587 quoque
1939 4526 2024 4573 est
2055 4518 2281 4573 innoxia
2311 4528 2363 4573 et
2395 4519 2844 4575 mansuetissima
2874 4516 3134 4571 columba
3166 4517 3475 4571 secundum
3513 4515 3636 4571 illud
3663 4530 3767 4585 pro-

548 4603 794 4672 loquium
829 4621 842 4656 :
884 4621 901 4654 ι
944 4602 1148 4659 Discite
1177 4619 1207 4658 a
1242 4620 1359 4669 me,
1392 4605 1522 4674 quia
1559 4604 1812 4675 placidus
1844 4604 2000 4674 (sive
2029 4606 2176 4662 mitis
2208 4608 2400 4676 sum),
2433 4616 2488 4663 ct
2526 4606 2757 4662 humilis
2791 4606 2957 4662 corde
2983 4605 3051 4659 ³⁸.
3092 4625 3109 4656 ι
3145 4603 3307 4661 Tales
3338 4615 3471 4660 sunt
3500 4613 3551 4660 et
3579 4603 3767 4663 sancti.

544 4691 792 4745 dicentes
825 4708 838 4744 :
879 4711 897 4742 ι
940 4692 1151 4762 Lingua
1183 4707 1303 4748 mea
1336 4693 1694 4748 meditabitur
1718 4693 2019 4763 justitiam,
2053 4701 2107 4748 et
2137 4703 2249 4750 toto
2278 4695 2368 4751 die
2396 4694 2619 4750 laudem
2656 4705 2808 4749 tuam
2832 4694 2911 4760 ἐς
2950 4713 2968 4746 ι
3006 4703 3061 4748 et
3085 4694 3395 4750 volentibus
3428 4694 3631 4749 caedere
3658 4692 3765 4746 dex-

550 4788 688 4833 tram
723 4780 969 4849 praebent
999 4781 1281 4836 sinistram
1316 4796 1574 4852 quoque;
1608 4782 1653 4836 si
1684 4780 1811 4851 quis
1841 4781 1993 4851 ipsos
2024 4781 2271 4853 adegerit
2302 4783 2371 4838 ad
2404 4784 2643 4839 milliare
2675 4778 2872 4845 unum,
2900 4782 3106 4837 abeunt
3136 4797 3261 4837 cum
3295 4783 3391 4837 illo
3421 4782 3549 4837 duo.
3576 4780 3649 4836 Ad
3676 4781 3767 4832 haec

556 4876 769 4935 ponunt
800 4876 968 4935 caput
999 4877 1290 4923 contusum
1324 4869 1383 4923 in
1415 4884 1566 4923 aram
1599 4868 1842 4923 Domini.
1878 4868 2162 4939 Siquidem
2197 4872 2356 4927 bovis
2388 4881 2442 4928 et
2476 4873 2596 4927 ovis
2632 4880 2801 4942 caput
2830 4878 2883 4925 et
2918 4871 3191 4941 pinguedo
3223 4872 3587 4926 committitur
3612 4867 3761 4923 altari.

549 4952 822 5008 Caeterum
856 4969 1200 5024 quaecunque
1229 4959 1284 5010 in
1313 4957 1474 5011 nobis
1502 4972 1630 5026 pars
1660 4957 2131 5027 principalissima
2163 4967 2249 5015 est
2277 4968 2331 5013 et
2365 4961 2593 5029 reliquis
2629 4959 2947 5029 imperitat,
2979 4974 3042 5012 ea
3073 4959 3155 5012 vel
3193 4959 3471 5028 imprimis
3504 4956 3764 5014 dedicanda

548 5051 635 5095 est
671 5042 805 5095 Deo.
842 5040 976 5096 Nam
1017 5045 1385 5113 cogitationes
1416 5047 1693 5115 justorum
1731 5054 1860 5102 sunt
1890 5045 2100 5115 judicia
2125 5046 2167 5077 ³⁷
2205 5064 2219 5100 :
2255 5055 2310 5102 et
2354 5046 2654 5117 pinguedo,
2689 5061 2812 5115 qua:
2849 5046 3078 5100 virtutis
3114 5055 3277 5116 typus
3311 5057 3419 5112 est,
3461 5047 3686 5101 nascitur
3710 5058 3761 5097 ex

547 5129 780 5197 Optimo,
805 5143 917 5199 quo
945 5132 1245 5200 pascimur,
1275 5133 1561 5187 alimento.
1591 5132 1873 5202 Pinguedo
1899 5133 2171 5203 siquidem
2197 5133 2425 5189 elIectus
2447 5142 2533 5188 est
2553 5134 2748 5205 Optimi
2776 5134 3047 5186 alimenti.
3077 5130 3282 5187 llorum
3313 5133 3483 5204 igitur
3506 5135 3605 5188 vita
3628 5131 3760 5188 etiam

545 5227 739 5273 sancta
770 5218 1115 5289 perhibetur,
1146 5228 1203 5275 ut
1235 5221 1491 5291 perhibet
1521 5221 1751 5292 sanguis
1785 5224 1949 5277 altari
1984 5221 2217 5278 aﬂusus.

617 5394 661 5423 "'
694 5393 708 5446 l
739 5394 866 5448 Cor.
896 5411 969 5453 ix.
990 5394 1046 5450 9.
1103 5397 1147 5428 ’9
1179 5394 1283 5451 lsa.
1317 5410 1435 5460 LIII,
1460 5395 1511 5450 7.
1567 5396 1613 5428 ³⁰
1644 5394 1847 5452 Jerem.
1876 5411 1953 5459 χι,
1992 5395 2075 5451 l9.
2142 5395 2186 5426 ⁸¹
2212 5393 2360 5449 Psal.
2394 5409 2584 5457 uxrv,
2610 5394 2665 5448 2.
2724 5394 2769 5427 "
2803 5392 2977 5450 Exod.
3002 5409 3173 5458 xxxii,
3202 5393 3290 5449 10.
3347 5395 3394 5428 ³³
3428 5393 3583 5451 Joan.
3610 5407 3656 5453 ι,
3686 5386 3755 5442 l6.

548 5463 596 5496 "
631 5463 791 5520 Cant.
822 5481 881 5529 ιι,
917 5466 1007 5523 12.
1082 5467 1127 5498 ³⁸
1168 5465 1360 5521 Matth.
1391 5482 1469 5533 ιι,
1503 5466 1595 5521 29.
1671 5466 1716 5498 “
1757 5466 1905 5523 Psal.
1938 5481 2065 5532 txx,
2093 5463 2143 5517 2:

1168 5465 1360 5521 Matth.
1391 5482 1469 5533 ιι,
1503 5466 1595 5521 29.
1671 5466 1716 5498 “
1757 5466 1905 5523 Psal.
1938 5481 2065 5532 txx,
2093 5463 2187 5518 24.
2263 5465 2308 5497 ⁸⁷
2350 5465 2515 5520 Prov.
2546 5481 2643 5534 xu,
2676 5465 2730 5520 5.

2064 5576 2298 5634 ΝΟΤᾹΞ.

619 5672 695 5746 (1)
736 5673 1167 5746 Σφάξεσθαιοίό
1186 5674 1287 5743 τῆς
1314 5674 1451 5746 Aﬁr.
1481 5672 1614 5746 mbo.
1803 5743 1811 5746 Α
1880 5741 1905 5746 _
2266 5673 2483 5746 ,(5lil‘é
2519 5673 2745 5746 ὲπᾷμεγε
2779 5673 2839 5746 ὲκ
2877 5673 2964 5746 τῷ
3004 5672 3105 5741 τῆς
3138 5672 3277 5746 Aﬁr-
3334 5669 3557 5746 κεῢδ-ειέ
3592 5666 3744 5746 κεῖτὲι·

621 5739 706 5815 (2)
724 5739 827 5815 T§v
848 5746 912 5796 ὲκ
938 5745 1037 5815 τῆς
1078 5739 1435 5815 ἰξρουσαλὴμ
1461 5744 1684 5809 ὲξιέναι,
1730 5743 1826 5796 καὶ
1851 5741 1965 5799 οἷον
2015 5744 2120 5811 ἔξω
2232 5739 2330 5815 ξεν
2358 5739 2549 5815 τῷτῷ
2567 5739 2770 5815 Κύρίὸ.
2794 5742 2850 5796 δὲ
2873 5739 3310 5810 ὲοίκασίῃῶνὲν
3334 5740 3412 5813 τῷ
3433 5758 3473 5798 t.
3492 5739 3611 5810 Τόμ.
3649 5739 3746 5807 μέρο

549 5812 874 5885 τετράφθαι,
901 5814 993 5866 τὸν
1015 5815 1075 5868 ὲν
1122 5812 1504 5885 Ἰερουσαλὴμ,
1538 5831 1625 5868 κτ.
1656 5815 1685 5868 ὁ
1715 5814 1835 5868 αὐτ.
2227 5813 2263 5866 2
2300 5812 2416 5868 σελ.
2443 5813 2568 5868 562.
