4038 6508
219 358 336 424 701

1356 360 1891 427 COMMENTARII
1931 364 2015 427 IN
2052 365 2496 426 LEVITICUM.

3388 360 3495 426 ’702

304 474 421 529 Καὶ
445 474 689 545 ἀφαιρεῖ
720 473 831 531 τὸν
872 477 1178 544 πρόϐολον
1203 476 1280 549 (4)
1328 478 1454 534 σὺν
1497 480 1626 547 τοῖς
1680 494 1820 535 πτε-

1990 478 2064 533 Ει
2107 480 2333 560 _auferet
2380 480 2668 535 vesiculam
2715 479 2952 551 gutturis
3007 493 3128 533 eum
3183 476 3405 545 plumis,
3441 485 3490 530 et

215 566 385 636 ροῒς,
430 567 532 621 καὶ
587 567 836 622 ἐκϐαλεῖ
869 569 1024 623 αὐτὰ
1061 568 1222 637 παρὰ
1270 569 1338 623 τὸ
1384 569 1819 639 θυσιαστήριον

224 658 393 711 κατὰ
419 658 726 725 ἀνατολὰς
766 660 857 725 εἰς
882 658 992 713 τὸν
1015 660 1206 713 τόπον
1236 659 1347 728 τῆς
1372 660 1630 718 σποδοῦ.
1680 662 1817 715 Οὐδὲ

222 750 299 802 τὰ
333 750 682 821 ῥιπτούμενα
718 750 905 815 ἁπλῶς
939 753 1004 823 ἐᾷ
1034 751 1347 821 ῥίπτεσθαι,
1391 752 1505 807 ἀλλ’
1531 754 1612 816 εἰς
1651 753 1818 807 τόπον

226 840 460 909 ἔνδηλον
492 842 593 895 καὶ
615 842 1017 913 ἀφωρισμένον.
1051 842 1305 914 Σύμὸολα
1332 844 1388 897 δὲ
1411 843 1586 898 ταῦτα
1616 845 1727 899 τῶν
1755 846 1815 899 ού

219 931 297 983 δι’
329 932 526 995 ἑαυτὰ,
554 933 692 988 ἀλλά
711 934 779 986 δι’
804 934 970 1005 ἕτερα
1001 935 1327 1003 γεγονότων.
1350 935 1425 987 Ἤ
1446 952 1506 988 τε
1534 935 1645 1005 γὰρ
1670 937 1817 1006 φύσα

223 1018 371 1087 1:9”;
404 1018 502 1089 τὴν
528 1020 620 1073 τοῦ
646 1020 834 1074 λοιποῦ
863 1021 1115 1093 σώματος
1141 1025 1377 1095 τροφήνο
1405 1025 1472 1096 ἢν
1493 1025 1815 1089 σιτίζουσαν

240 1109 485 1174 Ἀκύλας
509 1112 921 1180 ἡρμήνευσεν,
941 1115 1036 1168 καὶ
1065 1117 1114 1168 οἱ
1145 1115 1554 1186 Ἐϐδομήκοντα
1586 1118 1818 1186 Πρόλο-

228 1200 368 1263 6ον,
400 1201 467 1253 τὸ
496 1204 929 1273 προλαμϐάνω-
958 1206 1073 1274 thr
1111 1207 1351 1276 τροφήν
1371 1225 1385 1240 ·
1423 1210 1518 1263 καὶ
1548 1210 1617 1264 τὰ
1654 1210 1819 1266 πτίλα

228 1292 379 1359 πρὸς
396 1293 493 1363 τὴν
510 1294 608 1348 τοῦ
634 1295 886 1366 σώματος
909 1298 1263 1368 ὲπικάλυψιν.
1289 1302 1529 1355 Τοιαῦτα
1550 1303 1618 1357 τά
1639 1303 1813 1372 ἄλογα

228 1380 378 1445 ζῶα,
406 1385 465 1437 ού
500 1386 567 1439 δι’
604 1387 772 1441 ἑαυτά
802 1389 1086 1457 γεγονότα,
1124 1391 1262 1446 ἀλλὰ
1289 1393 1357 1446 δι’
1411 1394 1720 1465 ἄνθρωπον.
1750 1397 1817 1449 Ἀ

236 1473 383 1543 μηδὲ
408 1478 717 1547 παραμένει
748 1480 888 1549 μετὰ
916 1480 1229 1552 ἀνθρώπων
1257 1484 1664 1555 ἀνατιθεμένων
1698 1486 1817 1555 Θεῷ

234 1565 298 1616 ἐν
324 1568 395 1635 τῇ
442 1568 711 1640 μελλούσῃ
746 1568 881 1642 ζωῇ.
932 1573 1092 1645 Δηλοῐ
1129 1574 1184 1627 δὲ
1216 1577 1310 1629 κα)⁸
1354 1577 1454 1647 τὴν
1515 1577 1625 1630 τῶν
1675 1577 1818 1631 κατά

232 1655 375 1709 Θεὸν
405 1659 758 1729 ἀσκουμένων
788 1662 1139 1735 ἐγκράτειαν,
1166 1668 1261 1720 καὶ
1284 1667 1391 1722 τῶν
1416 1668 1687 1738 περιττῶν
1715 1669 1817 1737 τὴν

232 1746 540 1800 ἀπόθεσιν⁹
591 1750 913 1824 ἀπαλλαγὴν
966 1754 1023 1808 δὲ
1052 1756 1266 1810 τελείαν
1311 1760 1369 1811 ἐν
1422 1761 1489 1829 τῇ
1547 1758 1818 1834 μελλούσῃ

1919 573 2165 644 projiciet
2186 588 2346 641 prope
2374 572 2548 626 altare
2583 570 2653 625 ad
2681 572 3000 625 orientalem
3039 568 3255 639 plagam
3281 568 3492 631 inloco,

1919 665 1971 718 io
1992 681 2096 735 quo
2121 666 2319 719 cineres
2348 663 2551 733 effundi
2575 663 2768 728 solent,
2803 670 2912 717 etc.
2973 658 3115 733 [16.]
3174 661 3307 726 Quae
3364 659 3497 728 reji-

1918 756 2114 811 eienda
2146 766 2305 813 erant
2340 772 2450 812 non
2505 763 2713 811 temere
2755 755 2873 809 vult
2898 753 3087 824 abjici,
3126 750 3219 808 sed
3249 752 3497 820 praecipit

1916 862 1981 903 ea
2015 848 2365 918 porricienda
2428 849 2484 902 in
2553 848 2738 902 locum
2800 845 3095 916 quemdam
3157 844 3495 913 peculiarem

1917 948 2085 1012 atque
2120 941 2251 996 huic
2282 942 2362 996 rei
2408 941 2768 996 destinatum.
2798 939 2896 992 Illa
2934 947 3116 992 autem
3164 942 3296 991 sunt
3348 944 3499 989 certa

1916 1032 2166 1102 qmedam
2238 1033 2417 1103 signa,
2476 1034 2579 1087 ista
2619 1031 2885 1085 animalia
2956 1044 3069 1083 non
3138 1027 3499 1097 peculiariter

1917 1137 2140 1194 propter
2167 1138 2248 1186 se,
2280 1124 2373 1179 sed
2408 1131 2633 1194 prepter
2658 1123 2765 1176 alia
2797 1136 2923 1177 esse
2953 1117 3313 1175 ereata.Nam
3349 1125 3500 1172 stru-

1917 1229 2005 1268 ma
2042 1215 2224 1269 avium
2286 1225 2610 1286 comparata
2666 1223 2751 1270 est
2807 1214 2873 1267 ad
2926 1213 3001 1278 id,
3066 1220 3123 1265 ut
3177 1211 3498 1264 alimentum

1918 1307 2221 1377 praeripiat.
2279 1307 2433 1364 llane
2469 1308 2527 1362 in
2560 1323 2659 1362 sua
2713 1306 2972 1361 versione
3019 1302 3259 1373 appellat
3304 1300 3499 1369 Aquila

1917 1400 2197 1463 edentem;
2233 1399 2591 1471 Septuaginta
2621 1398 2965 1469 interpretati
3000 1404 3153 1460 sunt,
3208 1391 3501 1447 vesiculam

1918 1489 1973 1543 in
2004 1499 2227 1560 gutture
2259 1491 2591 1555 eminentem,
2627 1505 2745 1560 qua:
2778 1488 2918 1556 capit
2940 1503 3110 1541 escas.
3154 1484 3361 1538 Plumae
3405 1482 3502 1535 ad-

1918 1582 2048 1637 ditae
2072 1591 2201 1639 sunt
2230 1584 2411 1636 avium
2437 1582 2789 1651 corpusculis
2808 1583 2929 1636 loco
2958 1577 3276 1635 velamenti.
3308 1573 3367 1628 lu
3394 1574 3500 1627 hac

1919 1674 2230 1729 conditione
2254 1683 2386 1729 sunt
2410 1674 2569 1729 bruta
2606 1673 2888 1738 animalia,
2922 1686 3044 1741 quze
3070 1684 3177 1723 non
3216 1664 3501 1738 principa-

1919 1765 2046 1820 liter
2076 1776 2298 1837 propter
2366 1781 2447 1832 se,
2502 1766 2597 1821 sed
2644 1774 2871 1835 propter
2938 1762 3217 1817 hominem
3274 1755 3500 1811 condita

233 1837 380 1908 ζωῇ.
409 1839 522 1893 Νῦν
550 1842 661 1913 γὰρ
696 1844 844 1898 δοκεῖ
873 1864 989 1909 πως
1017 1845 1155 1902 εἶναι
1185 1848 1445 1919 χρειώδη,
1581 1851 1676 1905 καὶ
1701 1826 1818 1919 “tot;

1922 1826 2223 1913 Stmt..H33'c
2260 1858 2488 1927 penitus
2525 1826 2915 1920 abolebantur,
2951 1853 3176 1924 quando
3216 1851 3381 1904 homo
3412 1857 3501 1902 to-

232 1928 449 1999 ὀρνέοις
477 1933 639 1987 πτίλα
669 1934 761 1988 καὶ
796 1936 1084 2007 πρόλοϐος.

1922 1954 2008 2002 tus
2037 1948 2325 2003 addicetur
2387 1948 2638 2009 Domino,
2664 1955 2719 2001 et
2761 1946 3149 2018 proficiscetur
3196 1942 3251 1997 in
3292 1949 3502 1997 aeterna

235 2021 623 2077 lahernaculn.
659 2022 807 2079 ldem
856 2026 1209 2084 sacriﬁcandi
1245 2029 1385 2086 ritus
1410 2030 1619 2088 indicat
1657 2033 1804 2101 illos,
1856 2038 1950 2108 qui
1981 2039 2220 2093 divinam
2262 2041 2597 2095 meditemur
2621 2038 3045 2101 continentiam,
3106 2048 3336 2106 prorsus
3404 2031 3503 2085 ab-

237 2126 419 2193 i'cere
451 2115 750 2184 snperllua,
791 2134 913 2189 qua:
946 2123 1241 2194 voluptatis
1312 2134 1442 2181 sunt
1515 2128 1883 2188 irritamenta.
1925 2132 2229 2205 Superlluis
2293 2142 2479 2188 autem
2532 2134 2640 2190 illis
2674 2135 2729 2188 in
2776 2133 2963 2189 futuro
3020 2130 3231 2187 saeculo
3282 2127 3503 2198 penitus

236 2206 692 2296 exonerabiinur.
727 2209 885 2267 Nunc
924 2214 1077 2296 enim
1138 2215 1300 2272 nobis
1348 2217 1608 2274 videntur
1667 2225 2008 2290 necessaria,
2093 2225 2561 2296 quemadmodum
2622 2224 2818 2280 avibus
2870 2224 3073 2295 pluma:
3118 2229 3175 2277 et
3255 2218 3499 2291 gutturis

238 2294 489 2349 vesicula
533 2304 846 2357 necessaria
868 2292 975 2362 est.

313 2406 430 2460 Kal
468 2410 757 2469 ἐκκλάσει
797 2416 945 2471 αὐτὸ
973 2418 1041 2474 ἐκ
1093 2420 1214 2475 τῶν
1240 2423 1569 2493 πτερύγων,
1616 2423 1712 2478 καὶ
1745 2425 1820 2480 οὐ

242 2495 452 2555 διελεῖ,
492 2500 569 2555 Οὐ
617 2504 910 2576 διαιρεῖται
962 2511 1033 2565 τὰ
1065 2514 1288 2567 πετεινὰ
1329 2517 1395 2586 τῇ
1447 2516 1557 2569 τῶν
1616 2516 1823 2570 πτίλων

243 2588 515 2679 ἀξοὸολῇ,
549 2599 773 2664 σημεῖον
806 2599 936 2653 ὄντα
982 2602 1091 2654 τῶν
1129 2606 1208 2667 εἰς
1239 2605 1370 2659 Θεὸν
1410 2607 1820 2679 ἀνιπταμένων.

247 2677 413 2733 Οὕτω
438 2681 532 2733 καὶ
556 2683 807 2757 Ἀϐραὰμ
834 2690 902 2742 τὰ
928 2688 1093 2758 ὄρνεα
1116 2693 1176 2746 οὐ
1206 2694 1391 2750 διεῖλε.

1997 2419 2404 2491 Confringetque
2436 2419 2667 2475 asceltas
2688 2420 2827 2490 ejus,
2857 2427 2905 2473 et
2943 2433 3049 2472 non
3101 2415 3319 2479 secabit,
3373 2424 3495 2471 etc.

1932 2512 1999 2585 [1.
2042 2512 2155 2586 17.)
2185 2511 2302 2566 Non
2336 2520 2591 2568 secantur
2633 2520 2685 2567 et
2720 2510 3040 2566 dividuntur
3065 2509 3332 2564 volatilia.
3363 2508 3505 2563 Sunt

1929 2607 2076 2661 enim
2106 2614 2269 2677 typus
2296 2608 2545 2671 illorum,
2574 2605 2668 2674 qui
2698 2606 2764 2658 ad
2795 2605 2974 2674 ipsum
3000 2600 3502 2658 evolaruntDeum.

1935 2698 2029 2753 Sic
2065 2714 2166 2754 nec
2192 2698 2470 2753 Abraham
2509 2693 3077 2753 dissecuitaviculas.

322 2798 480 2864 Quod
509 2818 640 2856 vero
670 2804 1075 2875 infringuutur,
1107 2819 1270 2879 typus
1297 2821 1381 2865 est
1410 2829 1476 2867 ne
1500 2814 1670 2867 altum
1702 2813 2006 2883 sapiamus,
2029 2830 2219 2868 verum
2249 2812 2477 2867 humilia
2506 2821 2786 2868 sectemur
2808 2811 3062 2880 deposito
3093 2808 3239 2864 fastu
3270 2815 3322 2863 et
3353 2806 3504 2862 inani

247 2891 592 2956 arrogantia.
620 2891 769 2947 Talis
801 2896 1005 2950 nullam
1036 2899 1230 2966 recipit
1258 2901 1608 2965 divisionem,
1640 2912 1696 2956 ut
1727 2905 1819 2970 qui
1849 2917 1959 2956 non
1990 2901 2272 2955 dividatur
2296 2916 2422 2954 cum
2454 2898 2644 2953 mundi
2676 2898 2829 2975 curis
2856 2906 2910 2952 et
2938 2898 3199 2967 negotiis.
3225 2895 3327 2961 Qui
3358 2895 3505 2949 enim

248 2975 597 3030 matrimonii
630 2981 828 3049 copula
858 2989 1101 3048 tenetur,
1132 2986 1205 3049 is,
1244 2996 1304 3041 ut
1333 2988 1496 3044 docet
1527 2988 1732 3045 Paulus
1758 2990 1826 3056 ³⁸,
1854 2990 2071 3045 divisus
2098 2996 2205 3043 est.
2235 2987 2335 3054 Qui
2371 2985 2582 3057 praediti
2616 2984 2823 3039 fuerint
2852 2986 2976 3040 istis
3004 2984 3334 3049 virtutibus,
3364 2997 3507 3053 quas

247 3060 423 3132 330
450 3065 725 3133 dedimus,
752 3069 1033 3135 omnibus,
1064 3087 1249 3127 revera
1282 3077 1597 3131 consecrati
1630 3086 1759 3132 sunt
1792 3079 1898 3133 Deo
1930 3086 1983 3131 et
2014 3076 2159 3130 Patri
2193 3076 2246 3129 in
2281 3074 2506 3130 odorem
2542 3074 2699 3128 home
2732 3072 3067 3143 fragrantia.

329 3148 396 3203 Si
432 3162 607 3206 autent
644 3155 821 3209 anima
860 3157 1113 3213 obtulerit
1150 3177 1341 3215 manus
1378 3164 1741 3230 sacri/icium,
1776 3172 1886 3219 etc.
1928 3164 2026 3237 [ll,
2065 3164 2141 3236 1.]
2174 3164 2310 3218 Vera
2348 3163 2523 3233 pietas
2564 3177 2675 3215 non
2716 3160 2994 3214 indicatur
3023 3175 3089 3214 ex
3126 3157 3509 3228 magnitudine

252 3254 572 3295 munerum.
601 3240 872 3300 Omnibus
902 3257 1049 3315 patet
1074 3258 1127 3301 et
1155 3247 1329 3303 facilis
1358 3250 1579 3318 pietatis
1602 3252 1709 3307 via.
1737 3252 1873 3307 Nam
1901 3271 1914 3307 :
1947 3273 1965 3304 ι
1998 3253 2333 3321 Praeceptum
2363 3260 2515 3305 tuum
2545 3251 2714 3305 latum
2744 3255 2832 3303 est
2860 3246 3023 3302 nimis
3043 3246 3110 3298 ’9.
3145 3264 3165 3298 ι
3193 3244 3295 3311 Qui
3324 3244 3511 3313 parvis

254 3326 481 3381 indiciis
519 3329 979 3396 significationem
1021 3348 1160 3389 vera:
1198 3337 1423 3404 pietatis
1463 3340 1615 3404 facit,
1652 3340 1788 3393 nihil
1827 3341 2007 3394 dichrt
2052 3344 2117 3393 ab
2155 3357 2241 3404 eo,
2279 3340 2368 3409 qui
2407 3339 2663 3393 maximis
2700 3336 3022 3391 muneribus
3061 3350 3216 3387 suam
3256 3333 3510 3402 pietatem

251 3424 682 3471 commonstrat.
708 3418 959 3472 Animam
993 3422 1138 3474 enim
1171 3425 1375 3493 expetit
1408 3412 1571 3488 Deus,
1603 3427 1728 3481 licet
1759 3429 1830 3482 sit
1860 3432 2094 3484 obscura
2124 3436 2179 3481 et
2213 3443 2440 3497 prorsus
2473 3426 2748 3497 ignobilis.
2779 3422 2913 3478 Nam
2947 3422 3093 3477 haud
3126 3430 3210 3476 est
3243 3435 3507 3489 persona-

256 3520 382 3556 τυῐη
422 3514 702 3576 acceptor,
731 3508 825 3578 qui
860 3509 998 3563 dicit
1028 3526 1041 3563 :
1074 3528 1095 3562 ι
1132 3511 1337 3568 Omnes
1370 3515 1569 3568 animae
1603 3530 1733 3570 mea:
1763 3524 1894 3570 sunt
1917 3515 1982 3567 ⁸ο.
2025 3535 2041 3566 ι
2075 3513 2342 3569 Caeterum
2377 3513 2480 3568 sub
2512 3513 2698 3569 simila
2731 3510 3029 3572 ostentavit
3060 3509 3246 3564 varios
3283 3507 3512 3572 modos,

252 3593 463 3661 quibus
490 3595 615 3661 quis
646 3598 817 3665 possit
842 3612 901 3651 se
927 3612 1257 3654 consecrare
1285 3600 1420 3657 Deo.
1449 3602 1679 3666 Simila,
1708 3613 2001 3672 antequam
2033 3601 2388 3665 incendatur,
2417 3600 2629 3655 infundi
2658 3599 2837 3653 oleum
2863 3596 3041 3667 jubet,
3071 3594 3320 3649 eamdem
3353 3593 3516 3646 tltnre

253 3684 550 3752 ιὀηερενεί
588 3686 855 3755 praecipit.
878 3686 1057 3742 Vitam
1094 3698 1451 3759 repraesentat
1483 3691 1687 3745 simila.
1720 3691 1911 3746 Oleum
1951 3700 2113 3760 typus
2149 3698 2234 3745 est
2273 3688 2493 3751 lmtitiaa,
2527 3702 2694 3757 quam
2731 3701 2795 3741 ex
2836 3684 3023 3739 divina
3062 3683 3356 3737 haurimus
3393 3696 3510 3749 Spe.

254 3766 416 3822 Thus
444 3769 662 3840 signum
692 3782 777 3827 est
806 3775 961 3829 bona:
992 3775 1334 3844 fragrantize,
1364 3792 1528 3846 quam
1559 3777 1794 3833 fundunt
1822 3778 1963 3831 bona
1991 3791 2175 3847 opera.
2205 3775 2532 3847 Quicunque
2560 3774 2726 3827 vitam
2763 3786 2917 3826 suam
2947 3770 3224 3825 dedicavit
3248 3767 3508 3830 Christo,

257 3856 306 3909 is
338 3859 715 3929 maximopere
744 3862 1007 3927 enitatur,
1037 3882 1105 3919 ne
1136 3864 1477 3936 infringatur
1502 3866 1807 3928 laboribus,
1864 3864 1957 3934 qui
1991 3874 2214 3934 propter
2238 3846 2499 3917 virtutem
2532 3868 2663 3915 sunt
2688 3859 3040 3928 capessendi.
3066 3856 3276 3911 Paulus
3308 3856 3514 3909 etenim

256 3960 364 3999 nos
399 3947 745 4013 cohortatur,
774 3950 968 4008 dicens
1004 3972 1022 4004 ι
1064 3970 1077 4006 :
1108 3953 1187 4008 Ne
1218 3953 1696 4009 murmuraveritis
1716 3953 1781 4006 Η.
1812 3970 1830 4003 ι
1864 3951 2165 4016 Oblationi,
2194 3966 2313 4020 qua:
2343 3950 2505 4004 thure
2535 3947 2913 4003 consternitur
2940 3964 2955 4001 :
2987 3954 3041 3999 et
3070 3944 3362 4007 oblationi,
3393 3957 3516 4012 quae

254 4048 327 4086 ex
363 4036 650 4104 sartagine
685 4047 739 4090 et
776 4038 843 4092 de
884 4040 1155 4095 craticula
1198 4042 1404 4111 petitur
1436 4042 1637 4112 adjecit
1672 4041 1890 4107 oleum,
1926 4056 2049 4110 quae
2086 4055 2172 4095 res
2204 4040 2423 4109 signum
2465 4045 2550 4092 est
2585 4037 2682 4091 citi
2723 4044 2777 4091 et
2813 4032 3055 4105 expediti
3100 4034 3413 4101 alacrisque
3448 4032 3514 4085 ad

256 4119 432 4175 Deum
473 4137 757 4180 accessus.
794 4125 932 4181 Nam
978 4129 1148 4184 facies
1189 4130 1530 4185 exhilaretur
1561 4130 1702 4185 oleo.
1738 4127 2030 4184 Fermento
2062 4135 2256 4182 carent
2288 4136 2342 4182 et
2375 4132 2801 4195 concoquuntur
2832 4131 2886 4178 et
2924 4122 3205 4192 friguntur
3240 4120 3296 4173 in
3335 4126 3516 4173 sarta-

256 4207 409 4275 gine,
446 4218 507 4261 nt
544 4211 655 4264 sint
692 4213 996 4282 symbolum
1032 4217 1205 4270 animi
1240 4218 1439 4273 sinceri
1479 4216 1797 4287 fraudisque
1832 4216 2029 4271 nescii.
2060 4215 2347 4269 Adeuntes
2383 4220 2563 4268 autem
2604 4211 2672 4266 ad
2712 4210 2929 4265 Patrem
2964 4223 3133 4280 opera
3167 4206 3369 4262 Christi
3406 4206 3516 4259 veri

256 4295 571 4351 sacerdotis
613 4299 970 4368 impetramus
1007 4311 1067 4355 ut
1100 4318 1199 4357 sua
1240 4304 1502 4358 memoria
1535 4319 1637 4359 nos
1667 4304 1862 4374 dignos
1894 4313 2138 4359 censeat.
2174 4302 2428 4365 Fornax,
2466 4301 2640 4372 ignis,
2675 4298 2943 4354 craticula
2969 4337 2983 4362 ,
3015 4304 3069 4352 et
3103 4306 3163 4350 ut
3201 4296 3291 4349 illa
3326 4305 3517 4349 conte-

259 4391 460 4463 rantur
487 4385 826 4453 molendino,
848 4399 956 4444 etc.
984 4390 1132 4446 Satis
1162 4392 1450 4448 manifesta
1476 4393 1630 4463 signa
1655 4400 1784 4447 sunt
1804 4392 2159 4447 contritionis
2183 4398 2238 4443 et
2264 4389 2491 4453 laboris,
2517 4387 2647 4442 dum
2677 4386 2978 4456 probamur
3005 4383 3162 4454 quasi
3193 4398 3289 4451 per
3310 4380 3510 4450 ignem.

258 4460 447 4541 inquit
484 4475 631 4527 enim
672 4476 962 4546 Scriptura
999 4496 1012 4532 :
1056 4497 1075 4530 ι
1112 4479 1483 4534 lncenderunt
1507 4460 1620 4536 'nos
1657 4487 1715 4534 ut
1752 4479 2081 4535 conflatores
2116 4487 2400 4547 argentum
2421 4475 2487 4530 δ’.
2527 4494 2544 4527 ι
2582 4472 2853 4529 Praeterea
2894 4472 3096 4542 legitur
3129 4471 3184 4524 in
3226 4468 3517 4537 Scriptura

256 4576 421 4615 Sacra
459 4581 473 4617 :
522 4582 539 4614 ι
582 4564 688 4620 Cor
719 4570 1017 4623 emitritum
1055 4577 1107 4624 et
1146 4570 1491 4624 humiliatum
1528 4569 1671 4627 Deus
1706 4586 1816 4626 non
1849 4566 2256 4626 contemues‘“
2302 4584 2321 4617 ι
2362 4562 2467 4629 Qui
2500 4562 2555 4616 in
2594 4563 2740 4617 hunc
2778 4562 2998 4615 modum
3035 4558 3322 4612 decertant
3356 4569 3517 4623 spar-

255 4659 418 4715 gunt,
447 4651 609 4719 quasi
642 4652 695 4706 in
731 4651 1012 4710 fornacem
1041 4655 1300 4725 conjecti,
1326 4657 1394 4711 de
1423 4672 1482 4712 se
1511 4657 1690 4713 bonos
1719 4657 1919 4712 odores
1950 4674 1966 4712 :
1997 4666 2050 4710 et
2078 4654 2239 4724 quasi
2270 4652 2391 4707 oleo
2419 4649 2589 4704 divini
2620 4648 2863 4717 Spiritus
2891 4645 3069 4715 gratia
3098 4643 3517 4712 conspiciuntur

256 4735 519 4791 delibuti.
557 4738 789 4806 Quidam
830 4743 1026 4798 dicunt
1064 4744 1271 4803 Deum.
1308 4753 1368 4800 ut
1410 4760 1519 4800 non
1560 4747 1696 4801 nihil
1737 4746 1965 4801 deliniat
2007 4756 2313 4814 pauperes,
2348 4739 2511 4794 exilia
2551 4739 2659 4791 ista
2702 4734 3107 4793 sacrificiorum
3145 4729 3516 4800 appellatione

254 4824 508 4894 dignari.
540 4828 837 4901 Χειδράδες
879 4841 1065 4887 autem
1105 4841 1236 4887 sunt
1272 4833 1471 4903 Spicte,
1508 4850 1630 4905 quie
1664 4833 1923 4889 manibus
1956 4832 2323 4899 decerpuntur
2355 4826 2424 4881 de
2457 4821 2969 4879 maturescentibus
3003 4818 3229 4883 aristis,
3266 4824 3319 4873 et
3360 4832 3517 4872 com-

254 4913 573 4968 moluntur.

329 5022 557 5078 Πᾶσαν
582 5025 689 5093 γὰρ
715 5026 903 5097 ζύμην
933 5030 1034 5084 καὶ
1067 5030 1193 5086 πᾶν
1209 5032 1347 5099 μέλι
1381 5030 1455 5085 οὺ
1483 5032 1820 5100 προσοίσετ.

2020 5024 2144 5079 Non
2173 5023 2404 5094 o/feretis
2433 5023 2831 5092 fenuentatum.
2864 5016 3087 5071 Nullum
3112 5017 3252 5070 enim
3288 5015 3363 5070 vel
3401 5015 3517 5083 [ινιτ

255 5118 363 5172 ἀπ’
414 5116 626 5170 αὐτοῦ.
676 5118 787 5190 Τὴν
838 5121 1179 5190 παλαιότητα
1225 5123 1325 5191 τῆς
1376 5122 1601 5186 κακίας,
1633 5122 1820 5193 καίτὴτ

1949 5128 2183 5172 mentum
2219 5117 2296 5172 vel
2328 5115 2429 5171 mel
2457 5114 2708 5185 o/feretis,
2741 5124 2851 5167 etc.
2925 5108 3067 5183 [1L]
3113 5108 3279 5164 Hisce
3334 5108 3521 5160 verbis

258 5211 459 5284 ἡδονὴν
507 5212 864 5283 ἀπαγορεύει.
903 5215 1107 5282 Ἤγουν
1148 5214 1329 5285 ζύμην
1389 5214 1543 5268 καλεί
1599 5215 1694 5284 τὴν
1747 5216 1842 5269 ἐπὶ

261 5303 428 5374 κακῷ
452 5305 814 5375 πανουργίαν.
850 5307 1006 5361 Ἔστι
1037 5308 1145 5379 γὰρ
1164 5308 1259 5361 καὶ
1285 5305 1485 5377 ἀγαθὴ,
1510 5307 1577 5377 ἢν
1610 5308 1711 5378 τῆς
1757 5326 1843 5362 σο-

1951 5212 2206 5282 probibet
2260 5211 2549 5279 antiquam
2607 5207 2872 5262 malitiam
2903 5212 2958 5260 et
3007 5205 3369 5273 voluptatem.
3425 5199 3517 5253 Vel

1949 5304 2195 5360 nominat
2220 5302 2558 5360 fermentum
2586 5300 2957 5357 inveteratum
2985 5296 3242 5351 vitiorum
3269 5309 3366 5349 seu
3393 5292 3518 5346 mali

2414 5477 2457 5510 “
2500 5476 2520 5532 l
2557 5475 2686 5533 Cor.
2716 5489 2772 5541 ι,
2807 5471 2894 5528 10.
3005 5470 3051 5503 ⁸³
3088 5468 3236 5527 Psal.
3268 5483 3396 5535 uv,
3430 5465 3519 5523 10.

1702 5481 1747 5513 ⁸ο
1788 5479 1986 5537 Ezech.
2038 5496 2194 5543 xvnt,
2243 5480 2298 5535 4.

336 5477 383 5509 ⁸³
422 5477 441 5530 1
476 5476 605 5532 Cor.
652 5495 761 5547 vn,
793 5480 882 5536 55.
994 5480 1038 5513 ⁸⁸
1077 5478 1223 5536 Psal.
1263 5452 1455 5547 cxvm,
1500 5480 1589 5537 96.

267 5546 318 5583 ⁸³
331 5548 483 5605 Psal.
513 5566 565 5616 ι,
598 5549 688 5605 19.

1800 5665 2030 5723 NOTAE.

346 5758 423 5827 (4)
472 5757 767 5829 Πρόλοσον.
838 5756 903 5812 Ἦ
958 5759 1017 5813 ὲν
1066 5759 1300 5831 Φρανεκ.
1352 5760 1445 5814 καὶ
1489 5759 1615 5833 ήὲν
1643 5760 1944 5832 Κανταριγ.
1982 5760 2161 5817 ἕκδοτ.
