4038 6548
554 356 662 417 703

1882 360 2236 422 PROCOPII
2276 360 2521 421 GAZIEI

3712 361 3819 423 701

555 468 822 523 studium.
849 467 982 521 Nam
1010 469 1321 540 reperimus
1345 472 1511 526 etiam
1540 473 1745 528 bonum
1778 474 2131 536 fermentum,

2245 474 2371 542 φίας
2417 477 2448 529 ὸ
2497 475 2655 543 λόγος
2718 474 2922 530 διδόναι
2967 477 3079 539 τοῖς
3115 474 3345 536 ἀκάκοις
3394 474 3815 541 ἐπαγγέλλεται.

554 558 703 625 quod
752 574 813 613 se
863 558 1119 612 daturam
1174 560 1440 630 pollicent
1490 562 1834 633 simplicibus
1873 573 1928 619 et
1970 565 2131 619 bonis

555 649 842 717 sapientiae
888 653 1092 703 oratio.
1138 650 1350 721 Duplex
1391 668 1613 723 quoque
1675 655 1955 710 invenitur
2000 656 2128 711 mel.

557 736 739 792 Unum
797 740 1097 809 reprohum
1155 742 1273 797 sive
1318 745 1524 798 malum
1576 746 1920 815 agnoscitur,
1968 747 2135 815 quale

557 830 689 884 illud
725 840 814 887 est
848 848 863 885 :
905 851 923 883 ι
962 832 1040 889 Ne
1070 836 1358 890 auscultes
1415 836 1635 891 mulieri
1697 838 1875 893 malae.
1910 835 2013 891 Mel
2052 838 2133 893 si-

554 924 777 989 quidem
830 925 1005 981 stillat
1040 925 1107 982 de
1153 926 1319 982 labiis
1377 929 1631 984 mulieris
1685 927 2126 991 meretricis“.i

556 1016 765 1069 Bonum
838 1026 927 1072 est
972 1017 1228 1082 alterum,
1256 1019 1404 1089 quod
1454 1019 1800 1075 dulcedinem
1846 1028 2129 1091 apportet,

556 1110 719 1163 sicuti
758 1109 961 1165 dicitur
990 1129 1003 1165 :
1037 1109 1197 1178 cEde
1246 1112 1373 1177 mel,
1411 1111 1508 1166 fili.
1538 1112 1725 1168 Bonus
1746 1113 1892 1168 enim
1930 1123 2015 1168 est
2046 1112 2131 1166 fa-

559 1216 679 1261 vus,
721 1209 779 1254 nt
826 1201 1175 1257 dulcedinem
1226 1204 1410 1258 trahat
1469 1212 1660 1275 guttur
1705 1205 1951 1259 tuum“.
1978 1223 1998 1256 ι
2028 1203 2136 1258 Ve-

2237 567 2426 620 Διττὺν
2477 567 2533 620 δὲ
2576 568 2671 621 καὶ
2712 567 2773 620 τὸ
2810 567 2955 637 μέλι,
2999 566 3240 637 πονηρὸν
3293 566 3415 636 μὲν,
3458 565 3531 627 ὡς
3568 565 3623 618 ἐν
3646 582 3715 633 γε
3737 567 3818 635 τῷ

2239 658 2429 726 φάναι,
2468 675 2488 709 ι
2521 658 2614 730 Μὴ
2639 654 2877 730 πρόσεχε
2908 658 3091 730 φαύλῃ
3120 658 3342 726 γυναικί
3375 672 3390 689 ο
3416 658 3536 728 μέλι
3554 656 3658 727 γὰρ
3681 659 3816 710 ἀπο-

2239 750 2426 813 στάζει
2446 748 2556 803 ἀπδ
2585 750 2815 819 χειλέων
2848 750 3108 819 γυναικὸς
3152 751 3378 821 πόρνης.
3413 768 3432 799 ι
3504 748 3730 815 Ἀγαθὸν
3756 751 3813 802 δὲ

2239 838 2497 908 σημαίνει
2524 839 2842 910 γλύκασμα,
2864 839 2942 903 ὡς
2970 838 3029 893 ὲν
3042 839 3171 910 τῷ,‹
3199 842 3345 907 Φάγε
3382 838 3527 909 μέλι,
3549 839 3650 902 υἱὲ,
3677 840 3791 905 ἀγα

2240 929 2333 982 θὸν
2374 928 2485 1001 γάρ
2530 926 2744 1001 κηρίον,
2795 930 2882 982 ἵνα
2927 930 3204 1001 γλυκανθῇ
3244 931 3273 982 ὁ
3304 928 3543 1000 φάρυγξ.
3590 946 3609 978 ι
3671 928 3795 980 Ἀλλ
3840 922 3843 941 ¹

2237 1021 2390 1091 ὅμως
2412 1019 2666 1093 ἀπαρχὴν
2698 1020 2798 1091 μὲν
2833 1021 3049 1092 δέχεται
3086 1021 3258 1075 ταῦτα
3304 1022 3335 1074 ὁ
3366 1022 3555 1091 νόμος,
3605 1018 3677 1081 ὼς
3736 1022 3790 1070 σῖ

2240 1129 2334 1166 τον
2359 1114 2454 1166 καὶ
2480 1112 2682 1179 ἔλαιον,
2708 1113 2769 1166 οὐ
2792 1112 2899 1185 μὴν
2921 1115 2999 1175 είς
3016 1114 3196 1185 ὀσμὴν
3224 1112 3455 1175 εὐωδίας
3478 1111 3802 1182 προσεφέρε-

2240 1222 2304 1258 το
2327 1204 2405 1275 τῷ
2436 1205 2580 1276 θεῷ.

558 1309 865 1351 rnmtamen
912 1298 1032 1353 haec
1091 1299 1177 1353 lex
1209 1299 1475 1367 admittit,
1530 1311 1589 1355 ut
1616 1302 1916 1371 primitias,
1992 1300 2158 1359 sicuti
2233 1302 2569 1357 frumentum
2622 1310 2677 1357 et
2717 1302 2924 1359 oleum.
2972 1298 3095 1355 Non
3153 1306 3337 1355 tamen
3393 1296 3698 1354 oderuntur
3756 1298 3809 1350 in

453 1424 465 1443 κ
557 1386 786 1441 odorem
813 1388 971 1443 bona:
1000 1389 1320 1461 fragrantiae
1350 1391 1478 1447 Deo.

629 1499 763 1554 Nam
800 1505 1062 1559 versutia:
1105 1522 1386 1577 nunquam
1434 1509 1582 1564 inter
1615 1511 1757 1566 bona
1801 1521 2328 1567 commemorantur.
2358 1508 2546 1563 Virtus
2578 1520 2711 1560 vero
2758 1505 2811 1558 in
2859 1502 3222 1575 simplicitate
3268 1498 3545 1595 consistit.
3580 1496 3806 1595 Proinde

556 1588 931 1646 admiratione
971 1593 1174 1663 dignus
1217 1604 1335 1649 erat
1374 1595 1640 1665 Jacobus,
1680 1599 1774 1670 qui
1821 1598 2199 1669 simplicitatis
2239 1607 2295 1652 et
2338 1593 2680 1653 sinceritatis
2728 1591 2948 1646 laudem
2993 1592 3281 1644 invenerat
3323 1585 3476 1640 domi
3526 1583 3800 1638 morando.

563 1676 740 1731 Etiam
775 1678 839 1733 ad
876 1682 1158 1749 apostolos
1195 1682 1405 1738 dicitur
1439 1702 1453 1740 :
1494 1704 1513 1736 ι
1554 1684 1743 1741 Estote
1776 1686 2080 1756 prudentes
2115 1700 2140 1739 υ

2245 1692 2522 1754 erpentes,
2556 1688 2611 1735 et
2645 1679 2928 1748 simplices
2961 1684 3022 1731 ut
3055 1676 3349 1731 columba.
3375 1674 3442 1727 ".
3488 1690 3503 1721 ι
3542 1671 3801 1770 Caeterum

560 1763 892 1833 simplicitas
920 1773 976 1822 et
1001 1766 1300 1825 sinceritas
1330 1770 1504 1836 pluris
1532 1788 1693 1839 quam
1728 1774 2015 1841 prudentia
2050 1775 2108 1825 lit
2136 1772 2282 1843 apud
2317 1772 2509 1826 Deum.
2534 1768 2603 1823 At
2629 1769 2888 1822 versutia:
2916 1765 3195 1859 interdum
3225 1761 3531 1859 expediunt
3562 1760 3691 1824 illis,
3715 1761 3801 1858 qui

564 1855 871 1925 apostolico
900 1870 1130 1914 munere
1157 1858 1483 1930 funguntur.
1510 1860 1644 1915 Nam
1678 1863 1763 1916 his
1792 1864 2070 1917 interdum
2092 1878 2224 1917 usus
2239 1869 2324 1917 est
2355 1873 2590 1929 magnus
2620 1856 2849 1919 Paulus.
2882 1854 3156 1925 Ρθτῐουιθν
3183 1867 3307 1922 quae
3338 1847 3699 1905 ίιιδίδίδίοτθε
3728 1848 3802 1899 ί¹¹’

566 1944 888 2011 tentabant,
920 1944 1123 2001 callide
1158 1945 1588 2018 subterfugiens.
1621 1949 1719 2002 llla
1764 1951 1971 2004 astutia
2012 1947 2457 2013 commendatur,
2494 1961 2602 2000 non
2643 1954 2827 1998 tamen
2870 1942 3111 2013 pertinet
3141 1940 3210 1995 ad
3242 1939 3472 1995 odorem
3507 1936 3661 1991 bona:
3698 1933 3801 1988 [η-

562 2029 815 2097 grantiae.

636 2158 740 2216 Mel
766 2162 1039 2233 signiticet
1065 2167 1345 2223 carnalem
1381 2169 1740 2241 voluptatem,
1764 2187 1886 2242 quae
1912 2172 2134 2244 quidem

2311 2171 2386 2226 Τὸ
2428 2170 2553 2243 μέλι
2603 2172 2869 2241 σημαῖνον
2911 2170 3012 2240 τὴν
3064 2140 3337 2239 σαρκικὴν
3393 2162 3608 2235 ἡδονὴν,
3639 2163 3688 2215 εἰ
3714 2160 3803 2232 μὲν

562 2252 610 2304 si
635 2265 741 2306 non
764 2252 1027 2311 subditur
1074 2256 1208 2327 legi,
1260 2273 1487 2329 prorsus
1536 2261 1847 2332 abiicienda
1878 2270 1964 2318 est
1999 2282 2011 2317 :
2047 2265 2134 2319 sin

565 2359 695 2398 vero
722 2345 866 2400 inter
890 2347 1073 2420 legum
1106 2350 1331 2417 limites,
1369 2353 1532 2407 sicuti
1557 2354 1805 2423 poswlat
1829 2354 2135 2426 legitimum

567 2439 1001 2509 matrimonium,
1059 2444 1247 2497 carnis
1281 2444 1578 2501 delectatio
1599 2462 1659 2503 se
1690 2448 1994 2514 contineat,
2024 2463 2134 2502 non

566 2528 928 2596 reprobatur:
967 2543 1077 2586 non
1101 2540 1284 2589 tamen
1322 2534 1453 2590 facit
1489 2536 1555 2592 ad
1588 2536 1814 2593 odorem
1844 2538 2002 2595 bona:
2032 2539 2139 2594 fra-

565 2617 813 2685 grantia,
882 2620 1158 2687 Domino,
1208 2628 1669 2696 quemadmodum
1729 2630 2023 2701 virginitas
2084 2638 2138 2687 et

565 2709 923 2765 continentia.
980 2711 1184 2769 Paulus
1228 2717 1375 2770 enim
1416 2718 1645 2788 inquit:
1687 2718 1801 2775 «Ne
1836 2719 2135 2775 defrauda~

566 2801 758 2856 veritis
818 2818 915 2857 vos
956 2804 1273 2871 invicem".
1304 2828 1322 2859 ι
1359 2807 1563 2864 Deinde
1596 2809 1752 2865 illico
1788 2810 2080 2881 subjungit
2117 2826 2133 2864 :

573 2908 589 2939 ι
619 2889 746 2946 llaec
799 2894 926 2948 dico
955 2905 1180 2966 propter
1227 2898 1710 2969 intemperantiam
1740 2909 1978 2955 vestram
2008 2941 2025 2964 ,
2083 2910 2139 2955 et

2240 2264 2341 2336 τὴν
2395 2262 2737 2333 παράνομον,
2780 2260 3058 2323 παντελῶς
3104 2257 3418 2328 ἀπόϐλητον
3445 2272 3462 2286 ⁸
3522 2257 3573 2308 εί
3618 2254 3675 2308 δὲ
3716 2253 3804 2323 τὴν

2244 2359 2387 2414 κατά
2403 2359 2636 2429 νόμιμον
2656 2356 2854 2425 γάμον,
2888 2352 3081 2407 δεκτδν
3103 2350 3223 2421 μὲν,
3253 2349 3369 2403 ἀλλ’
3406 2348 3508 2402 οὐκ
3534 2347 3615 2409 είς
3641 2346 3801 2416 ὀσμὴν

2244 2448 2492 2512 εὐωδίας,
2532 2446 2608 2509 ὡς
2640 2443 2909 2515 παρθενία
2940 2460 2999 2495 τε
3034 2442 3128 2495 καὶ
3155 2439 3478 2511 ἐγκράτεια.
3526 2457 3545 2489 ι
3568 2435 3658 2506 Μὴ
3683 2436 3803 2488 ἀπο·

2247 2538 2487 2608 περείτε
2530 2536 2640 2604 γάρ
2710 2532 2992 2603 ἀλλήλους,
3044 2548 3065 2583 ι
3128 2528 3297 2582 εἰπὼν
3358 2530 3387 2582 ὀ
3450 2526 3680 2589 Παῦλος,
3714 2525 3801 2575 ἐπ-

2244 2629 2466 2699 ήνεγκε,
2509 2646 2529 2681 ‹
2561 2625 2748 2680 Ταῦτα
2780 2624 2835 2678 δὲ
2887 2624 3052 2692 λέγω,
3092 2623 3183 2675 διὰ
3212 2621 3312 2693 τὴν
3340 2618 3614 2690 ἀκρασίαν
3640 2615 3799 2685 ὑμῶν,

2243 2722 2337 2775 καὶ
2390 2719 2533 2774 κατά
2581 2718 2934 2788 συγγνώμην,
2983 2716 3045 2769 οὐ
3097 2713 3222 2768 κατ’
3276 2711 3563 2781 ἐπιταγήν.
3608 2728 3625 2760 ι
3678 2707 3800 2775 Περὶ

2241 2811 2298 2865 δὲ
2333 2812 2433 2881 τῆς
2472 2810 2785 2881 παρθένου,
2834 2825 2853 2859 ι
2888 2805 3302 2877 Μακαριωτέρα
3357 2803 3507 2856 ἐστὶν
3550 2802 3643 2855 ὲάν
3672 2798 3798 2852 οὕτω

2248 2906 2425 2976 μείνῃ.
2465 2924 2484 2955 ι

568 2996 804 3049 parcens
840 2986 1019 3051 vobis,
1048 3004 1160 3043 non
1200 2991 1509 3047 secundum
1556 3003 1886 3063 praeceptum
1904 2991 1970 3046 ³⁸.
2005 3010 2025 3044 ι
2062 2994 2138 3048 De
2176 2995 2388 3067 virgine
2418 2998 2548 3052 talia
2587 2995 2753 3051 verba
2773 2990 2948 3048 facit:
2991 3008 3011 3041 ι
3039 2988 3260 3045 Beatior
3284 2993 3394 3053 est,
3469 2983 3517 3040 si
3554 2983 3633 3039 sic
3698 2994 3799 3035 ma-

568 3083 695 3126 neat
717 3074 784 3128 “.
814 3094 834 3127 ι

640 3183 709 3237 At
750 3185 831 3239 sal
866 3188 959 3257 qui
994 3191 1287 3261 Stypticam
1318 3195 1578 3251 virtutem
1611 3197 1809 3264 habet,
1844 3205 1899 3253 et
1930 3196 2246 3252 contrarius
2282 3201 2365 3247 est
2400 3189 2581 3251 melli,
2610 3188 2838 3258 jubetur
2867 3184 2994 3240 addi
3029 3181 3345 3239 sacrificiis.
3380 3178 3475 3235 Sal
3509 3180 3793 3250 symbolum

564 3281 651 3325 εει
683 3274 1015 3341 prudentie,
1049 3295 1171 3349 qua:
1206 3283 1491 3351 restringit
1527 3292 1581 3338 et
1616 3287 1862 3340 exsiccat
1891 3286 2232 3353 voluptatem
2265 3281 2484 3333 fluxam.
2521 3278 2872 3346 Quapmpter
2903 3273 3109 3327 Paulus
3171 3270 3290 3325 vult
3323 3277 3385 3324 ut
3418 3283 3604 3324 sermo
3636 3277 3797 3321 noster

566 3359 639 3412 sit
673 3364 929 3420 conditus
960 3366 1095 3421 sale.
1128 3366 1218 3422 Sic
1249 3372 1519 3438 aposmlis
1548 3373 1730 3441 inquit
1763 3373 2025 3427 Servatur
2060 3390 2073 3425 :
2110 3390 2128 3422 ι
2165 3368 2273 3425 Vos
2300 3368 2437 3421 estis
2470 3368 2553 3420 sal
2583 3378 2745 3418 terra:
2768 3362 2837 3415 ⁵⁰.
2880 3380 2897 3410 ι

637 3472 881 3527 Primum
914 3476 1029 3545 ipsa
1061 3478 1230 3532 verba
1278 3490 1408 3533 sunt
1464 3480 1859 3547 examinanda,
1910 3498 2033 3550 quae
2080 3483 2138 3536 in

568 3568 716 3617 hunc
744 3564 968 3620 modum
999 3566 1239 3623 habent:
1277 3589 1296 3622 ι
1336 3570 1401 3625 Et
1442 3571 1676 3628 fecerint
1722 3589 1895 3629 unum
1936 3574 2003 3630 de
2025 3589 2142 3629 om-

572 3654 735 3708 nibus
761 3658 1052 3726 praeceptis
1074 3657 1313 3725 Domini,
1347 3662 1495 3731 quod
1526 3677 1635 3717 non
1669 3664 1788 3719 fieri
1812 3664 1997 3720 debet.
2034 3685 2050 3714 ι
2081 3664 2139 3719 Si

570 3745 739 3813 igitur
792 3750 1082 3816 pec-cavit,
1130 3750 1223 3807 hic
1271 3760 1360 3806 est
1431 3761 1597 3807 tenor
1645 3757 1985 3822 verborum,
2040 3754 2139 3810 sed

572 3836 704 3889 mihi
738 3837 990 3893 videntur
1023 3841 1077 3895 in
1102 3842 1248 3898 hunc
1277 3845 1501 3900 modum
1524 3835 1984 3918 distinguenda’et
2012 3861 2143 3917 pro-

573 3928 914 3986 nuntianda:
954 3951 973 3983 ι
1007 3935 1200 3990 Anima
1232 3936 1277 3992 si
1302 3938 1616 4006 peccaverit
1662 3939 1997 4004 inconsulto,
2040 3953 2145 3994 nec

576 4022 708 4091 legis
744 4022 938 4078 fecerit
969 4024 1037 4079 de
1071 4027 1331 4083 omnibus
1374 4031 1667 4099 praeceptis
1708 4031 1952 4098 Domini,
2000 4029 2146 4102 quod

576 4112 884 4167 faciendum
916 4125 1025 4170 est.
1055 4134 1075 4169 ι
1109 4116 1205 4172 Sin
1240 4130 1422 4173 autem
1444 4120 1686 4177 volueris
1724 4130 1975 4176 naturam
2009 4124 2146 4194 legis

574 4204 890 4274 speculari,
954 4206 1210 4264 fortassis
1250 4210 1435 4279 aliqua
1481 4220 1751 4281 praecepta
1790 4226 2144 4283 occurrent,

576 4309 699 4363 quae
730 4309 837 4348 non
887 4298 1232 4354 exsecutioni
1265 4301 1576 4357 mandanda
1620 4314 1771 4359 sunt.
1801 4305 2149 4376 Quapropter

577 4386 756 4456 inquit
778 4385 1035 4444 Ezechiel
1059 4408 1074 4444 :
1107 4390 1269 4446 «Dedi
1296 4394 1453 4450 vobis
1476 4406 1745 4466 prmeepta
1770 4413 1878 4453 non
1906 4400 2071 4465 bona,
2095 4408 2148 4455 ct

577 4482 832 4536 mandata
869 4483 923 4536 in
952 4485 1155 4554 quibus
1187 4501 1296 4541 non
1332 4488 1515 4543 vivent
1553 4491 1633 4543 ⁵⁸.
1672 4510 1692 4543 ι
1733 4492 1839 4547 Sed
1864 4510 1987 4563 qua!
2016 4504 2149 4549 sunt

579 4574 710 4629 illa?
750 4574 979 4643 Littera,
1019 4593 1141 4647 qua:
1165 4580 1394 4643 occidit,
1422 4591 1814 4637 testamentum
1847 4587 2046 4641 mortis
2092 4588 2147 4641 in

578 4668 804 4732 litteris,
831 4680 883 4724 et
915 4671 1288 4727 ministerium
1327 4674 1544 4729 mortis.
1585 4672 1828 4745 Utraque
1856 4692 1991 4734 vero
2039 4686 2148 4731 tam

578 4760 760 4815 littera
789 4776 953 4832 quam
985 4764 1224 4834 spiritus
1254 4766 1357 4820 sub
1378 4764 1568 4821 eadem
1600 4766 1963 4836 proferuntur
1993 4783 2146 4823 voce.

580 4854 826 4907 Alterum
874 4855 1061 4925 itaque
1094 4855 1438 4928 fugiendum,
1478 4868 1529 4912 et
1571 4860 1805 4913 alterum
1839 4858 2149 4915 faciendum

581 4943 768 4999 fuerit.
836 4942 952 4999 Hoc
1016 4947 1102 5001 vel
1145 4963 1211 5001 ex
1250 4950 1422 5004 veteri
1478 4958 1627 5020 patet
1676 4959 2025 5015 testamento,
2060 4954 2152 5009 ubi

580 5034 895 5091 sacerdotes
923 5036 1225 5091 Sabbatum
1258 5040 1550 5108 profanant
1572 5041 1701 5096 dum
1730 5042 1788 5096 in
1821 5058 1890 5098 eo
1921 5044 2155 5099 circum-

2322 3476 2594 3547 Ζτιτητέον
2622 3474 2750 3545 περὶ
2788 3472 2885 3541 τῆς
2916 3473 3171 3541 φράσεως
3199 3468 3253 3521 τί
3292 3469 3432 3531 ἐστι,
3463 3486 3480 3519 ι
3521 3467 3629 3520 Καὶ
3660 3467 3794 3534 ποιή-

2249 3587 2401 3626 σουσι
2434 3569 2561 3640 μίαν
2596 3565 2705 3619 ἀπὸ
2764 3563 2951 3617 πασῶν
2991 3561 3099 3614 τῶν
3150 3559 3378 3613 ἐντολῶν
3434 3559 3657 3630 Κυρίου,
3697 3559 3797 3627 ητις

2245 3664 2306 3716 οὐ
2331 3659 2716 3731 ποιηθήσεται.
2759 3675 2777 3709 ι
2814 3653 2877 3708 Εἰ
2908 3653 3008 3725 μὲν
3047 3648 3140 3706 οὖν
3176 3651 3512 3722 ἡμάρτηται,
3550 3664 3795 3703 καταστα-

2244 3753 2366 3807 τέον
2395 3750 2537 3806 οὕτω
2573 3764 2587 3777 ⁸
2615 3767 2634 3800 ι
2666 3747 2829 3817 Ψυχὴ
2884 3746 2976 3799 ὲάν
3027 3744 3251 3816 ἁμάρτῃ
3306 3740 3580 3805 ἀκουσίως
3608 3740 3697 3794 καὶ
3740 3742 3798 3808 μὴ

2246 3846 2449 3916 ποιήσῃ
2463 3841 2572 3897 ἀπὸ
2590 3839 2781 3895 πασῶν
2795 3838 2903 3892 τῶν
2925 3837 3155 3890 ἐντολῶν
3176 3834 3385 3906 Κυρίου
3406 3835 3473 3904 ἣν
3493 3833 3576 3885 δεῖ
3596 3835 3795 3885 ποιεῖν.»

2245 3936 2312 3992 Εἰ
2328 3935 2390 3995 δὲ
2422 3934 2565 3988 κατά
2596 3932 2758 4002 φύσιν
2775 3929 2911 3999 ἔχει,
2936 3928 3051 3983 ἐστι
3082 3926 3224 3998 τάχα
3254 3926 3378 3980 τινὰ
3425 3924 3803 3995 προστάγματι

2246 4028 2456 4100 Κυρίου
2506 4025 2544 4080 ἃ.
2588 4025 2648 4078 οὐ
2704 4024 2786 4078 δεῖ
2824 4025 3019 4076 ποιεῖν.
3049 4021 3141 4074 Διὸ
3165 4020 3258 4073 καὶ
3311 4016 3581 4089 Ἰεζεκιήλ
3637 4028 3799 4083 φησιν,

2252 4141 2272 4174 ι
2314 4120 2533 4174 Ἕδωκα
2562 4118 2747 4181 αὐτοῖς
2767 4114 3113 4184 δικαιώματα
3135 4113 3196 4166 οὐ
3227 4111 3390 4175 καλὰ,
3436 4111 3531 4163 καὶ
3593 4106 3803 4178 προστά-

2246 4230 2435 4285 γματα
2468 4215 2527 4265 ὲν
2553 4208 2635 4273 οἷς
2661 4210 2723 4264 οὐ
2746 4210 2999 4281 ζήσονται
3053 4209 3113 4261 ὲν
3164 4207 3370 4268 αὐτοῖς.
3406 4223 3423 4255 ι
3480 4204 3577 4273 Em
3602 4203 3645 4255 δ’
3673 4202 3731 4254 ἂν
3752 4200 3800 4251 τὸ

2248 4304 2549 4359 ἀποκτὲνον
2587 4303 2847 4375 γράμμα,
2876 4300 2973 4354 καὶ
3000 4302 3033 4369 ἡ
3066 4298 3302 4368 διαθήκη
3348 4294 3447 4348 τοῦ
3495 4295 3714 4349 Θανάτου
3754 4293 3798 4341 ἐν

2249 4400 2562 4468 γράμματι,
2595 4398 2689 4449 καὶ
2712 4397 2746 4465 ἡ
2776 4392 3021 4447 διακονία
3046 4391 3148 4458 τῆς
3178 4388 3586 4458 κατακρίσεως.
3627 4386 3799 4452 Ἀμφω

2248 4490 2305 4542 δὲ
2325 4488 2413 4541 διὰ
2439 4488 2539 4556 τῆς
2565 4486 2735 4555 αὐτῆς
2762 4482 3161 4553 προστάττεται
3194 4482 3378 4550 φωνῆς
3410 4478 3473 4532 τό
3504 4495 3564 4531 τε
3593 4477 3797 4547 γράμμα

2247 4582 2344 4635 καὶ
2394 4579 2456 4632 τὸ
2497 4578 2735 4647 πνεῦμα.
2778 4570 2880 4629 ’Ὧν
2935 4576 2998 4628 τδ
3039 4574 3159 4646 μὲν,
3200 4572 3490 4643 ποιητέον·
3542 4571 3603 4623 τὸ
3627 4570 3699 4633 δὲ,
3730 4566 3795 4621 οὖ.

2250 4672 2423 4727 Τοῦτο
2456 4672 2551 4724 καὶ
2588 4671 2697 4724 ἀπὸ
2725 4668 2824 4739 τῆς
2845 4668 3092 4729 Παλαιᾶς
3113 4664 3294 4736 δῆλον,
3326 4662 3694 4734 βεϐηλούντων
3742 4660 3800 4711 is-

2256 4764 2392 4833 ρέων
2433 4762 2493 4815 τὸ
2540 4759 2838 4825 Σιάὖσατον,
2880 4759 2974 4812 καὶ
3031 4755 3518 4827 περιτεμνομένων
3570 4753 3721 4821 τυχὸν
3754 4748 3798 4799 ἐν

2253 4853 2403 4925 αὐτῷ
2431 4872 2444 4885 ·
2472 4853 2566 4907 τοῦ
2593 4854 2692 4924 μὲν
2717 4851 2981 4922 λυομένου
3013 4850 3206 4920 νόμου,
3235 4848 3328 4901 τοῦ
3371 4848 3430 4901 δὲ
3456 4844 3795 4918 τηρουμένου·

2254 4951 2349 5003 καὶ
2398 4947 2563 5001 Δα6“ιδ
2622 4947 2889 5016 φαγόντος
2943 4945 3070 5008 τοὺς
3095 4944 3291 5014 ἄρτους
3335 4942 3437 5011 τῆς
3474 4938 3795 5011 προθέσεως·

2255 5043 2352 5097 καὶ
2383 5043 2449 5096 ὲκ
2472 5040 2567 5096 τοῦ
2608 5039 2933 5111 ὁμοιώματα
2972 5037 3261 5106 γεγονέναι
3286 5037 3343 5088 ὲν
3386 5037 3452 5105 τῇ
3507 5034 3672 5102 σκηνῇ
3724 5024 3797 5080 τοῦ

580 5123 777 5178 cidunt
795 5122 1038 5181 infantes
1054 5124 1216 5181 forte.
1239 5126 1446 5184 Partim
1464 5129 1636 5201 igitur
1648 5140 1927 5201 servatur,
1953 5135 2140 5205 partim

2263 5134 2585 5206 μαρτυρίου,
2617 5134 2713 5186 καὶ⁵
2734 5133 2792 5183 ὲν
2818 5130 2895 5201 τῷ
2944 5129 3058 5200 ναῷ
3104 5129 3213 5182 τῶν
3261 5127 3561 5197 Χερουϐὶμ,
3608 5122 3694 5178 καὶ
3727 5120 3795 5172 τὶν

582 5217 878 5289 negligitur
927 5218 1035 5284 lex,
1061 5218 1195 5274 dum
1245 5221 1563 5278 sacerdotes
1596 5235 1907 5293 operantur
1928 5228 2154 5298 vulgus-

2261 5225 2499 5296 χαλκοῦν
2526 5225 2650 5295 ὅφιν
2686 5223 2792 5276 ὑπὸ
2813 5221 3118 5285 Μωΰσέως.

582 5327 690 5380 que
730 5309 979 5366 feriatur.
1007 5310 1273 5367 Similiter
1301 5312 1471 5368 David
1496 5320 1739 5373 vescitur
1764 5320 2000 5389 panibus
2049 5320 2463 5391 propositionis.
2514 5316 2783 5373 Praeterea
2822 5314 3117 5370 simulacra
3186 5310 3436 5382 quadam
3490 5309 3568 5365 vel
3625 5304 3790 5374 efﬁgies

588 5406 740 5463 fuere
769 5406 825 5462 in
852 5408 1211 5465 tabernaculo
1260 5410 1584 5478 testimonii,
1625 5421 1678 5468 et
1708 5415 1764 5469 in
1811 5416 2014 5487 templo
2076 5419 2205 5472 visa:
2234 5425 2366 5475 sunt
2421 5416 2692 5485 imagines
2761 5409 3070 5467 Cherubin.
3124 5407 3209 5462 Ab
3265 5405 3419 5462 Mose
3460 5404 3707 5460 formalIIS
3752 5406 3792 5450 ει

584 5497 803 5558 effictus
841 5512 926 5560 est
940 5518 1400 5587 mneusscrpens.

664 5704 713 5736 “
752 5703 913 5757 Prov.
944 5720 998 5766 v,
1028 5703 1156 5766 2,3.

1257 5704 1301 5738 ⁵⁵
1342 5703 1502 5761 Prov.
1535 5721 1684 5770 XXIV,
1718 5705 1804 5762 l5.

598 5774 645 5807 ’θ
684 5770 875 5828 Matth.
906 5790 959 5841 ν,
991 5773 1075 5829 15.

1912 5704 1955 5737 ιο
1995 5703 2186 5760 Matth.
2220 5726 2274 5775 ι,
2316 5709 2395 5762 ιθ.

2505 5707 2548 5741 ⁵⁷
2590 5704 2760 5761 ICOr.
2808 5723 2901 5771 vn,
2930 5708 2980 5769 5.
3086 5705 3129 5737 δ’
3175 5704 3306 5758 ibid.
3342 5702 3393 5755 ti.
3498 5700 3539 5734 δ’
3584 5688 3791 5753 ibid.”-
