4038 6506
183 345 290 410 705
1257 336 1799 400 COMMENTARII
1835 335 1917 396 IN
1954 337 2397 399 LEVITICUM.
3355 349 3458 409 706

247 454 414 526 331
450 451 511 507 Si
558 457 734 504 autem
764 448 925 518 fuerit
952 448 1283 517 sacri/icium
1314 449 1506 500 salutis
1541 460 1734 499 munus
1761 444 1897 513 ejus,
1928 456 2038 500 etc.
2100 445 2299 500 Anima
2334 446 2505 517 igitur
2552 446 2642 502 illa
2704 447 2912 505 dicitur
2970 449 3312 520 inconsulto,
3354 463 3440 512 vel

180 552 396 601 praeter
432 541 775 594 voluntatem
803 538 1154 606 delinquere,
1205 551 1329 589 cum
1368 534 1475 588 sub
1506 542 1772 602 praetextu
1820 534 2108 605 religionis
2141 535 2192 589 id
2232 534 2516 600 observat,
2549 536 2834 605 quodnon
2882 539 3295 599 observandum
3334 558 3443 601 est.

178 632 340 699 Opus
378 627 738 699 igiturhabet
770 624 983 688 hostia,
1020 622 1181 693 cujus
1206 624 1519 677 interventu
1555 620 1769 690 peccati
1810 623 2027 676 veniam
2054 623 2329 692 impetret.
2383 622 2466 677 llli
2498 639 2630 677 vero
2661 642 2771 680 non
2799 642 2941 698 opus
2980 640 3066 686 est
3105 631 3307 696 hostia,
3352 638 3452 703 qni

176 719 448 773 consulto
466 715 599 785 quid
621 713 776 777 facit,
800 711 969 767 sicuti
994 711 1223 775 Paulus,
1257 710 1350 780 qui
1384 708 1564 765 factus
1577 707 1895 764 estJudzeus
1919 707 2211 763 utiludaeos
2234 708 2602 776 lucrifaceret,
2622 720 2677 767 et
2699 714 3051 772 circumcidit
3076 715 3457 776 Timotheum.

244 829 317 881 Al.
368 828 429 880 δὲ
485 824 580 879 τοῦ
616 822 889 893 σωτηρίου
938 820 1148 887 θυσίαι,
1178 819 1243 883 ἃς
1267 811 1447 889 ἓτεροῖ
1470 818 1767 890 εἰρηνικῶν

1944 817 2147 874 Verum
2199 821 2476 876 salutares
2528 821 2760 889 hostiae,
2825 840 2964 894 quas
2993 828 3215 895 quidam
3270 832 3463 888 dixere

179 918 582 991 ἑρμηνεύουσι,
610 914 786 969 διτταί
814 930 960 975 τινες
981 907 1144 982 ἦσαν,
1175 913 1448 984 σωτηρίου
1488 912 1773 974 αἰνέσεως,

1887 912 2158 980 pacificos,
2180 915 2427 969 bifariam
2453 916 2807 975 dividuntur:
2829 923 3074 991 quaedam
3091 926 3374 984 immolant
3391 932 3459 985 ad

179 1014 274 1064 καὶ
306 1010 586 1080 σωτηρίου
618 1004 1013 1075 ὲκουσιασμοῦ,
1066 1004 1143 1067 ὡς
1177 1005 1295 1075 ἐρεῖ
1322 1003 1548 1076 προϊών.
1603 999 1778 1057 Οῦσαι

1887 1002 2216 1059 laudandum
2244 1007 2437 1073 Deum,
2464 1012 2611 1080 quod
2638 1014 2867 1069 salutem
2893 1019 3184 1085 praestitit:
3209 1025 3457 1091 quaedam

178 1105 237 1158 δὲ
264 1104 621 1173 χαριστήριοι
650 1099 743 1152 ἐπὶ
781 1100 894 1162 τοῖς
920 1096 1146 1168 ἀγαθοῖς
1209 1099 1305 1151 καὶ
1355 1098 1422 1166 τῇ
1468 1096 1659 1166 εἰρήνῃ
1708 1096 1774 1166 τῇ

182 1194 340 1266 παρὰ
388 1192 551 1256 Θεοῦ,
606 1191 814 1245 ἐλάττω
886 1189 993 1243 τῶν
1046 1187 1519 1257 ὁλοκαυτωμάτων
1562 1186 1777 1257 ἔχουσιν

182 1292 371 1357 ἀξίαν.
404 1288 656 1359 Μερικὴν
678 1284 942 1356 γὰρ,ἀλλ’
975 1286 1077 1356 οὐχ
1117 1284 1239 1338 ὅλου
1285 1282 1539 1354 δηλοῦσιν
1586 1283 1783 1336 ἀνάθε-

184 1401 292 1436 σιν.
339 1382 525 1443 ὈΘεν,
564 1380 664 1432 οὐκ
708 1378 956 1449 ἀρρένων
989 1377 1327 1447 μόνονείσὶν,
1374 1374 1488 1429 ἀλλ’
1538 1375 1641 1445 ἥδη
1684 1374 1779 1427 καὶ⁵

184 1477 420 1547 θηλέων.
458 1472 567 1528 Καὶ
590 1472 774 1525 ἐπάνω
792 1471 899 1523 τῶν
928 1468 1397 1539 ὁλοκαυτωμάτων
1418 1468 1475 1520 αἱ
1510 1466 1568 1533 ἐξ
1598 1464 1778 1519 αὐτῶν

183 1564 443 1635 ἀτταρχώ⁵
477 1561 743 1615 καίονται.
778 1558 967 1621 Οὕτως
1021 1559 1068 1611 οἱ
1118 1560 1183 1611 ὲκ
1230 1557 1433 1629 μέρους
1487 1555 1781 1623 ἀνακείμε-

186 1673 270 1709 νοι
304 1655 387 1726 τῷ
411 1652 532 1723 Θεῷ
560 1652 649 1705 διὰ
686 1650 798 1704 τῶν
850 1648 1132 1713 παντελῶς
1187 1647 1569 1719 ἀνακειμένων
1607 1660 1781 1715 προσ-

187 1748 443 1815 άγονται,
475 1743 573 1797 καὶ
600 1740 897 1813 ἐξαιρέτως
932 1740 992 1794 ὲν
1022 1742 1087 1811 τῇ
1132 1739 1370 1810 Χριστοῦ
1416 1738 1775 1810 προσαγωγῇ.

1883 1108 1949 1148 eo
1981 1096 2217 1151 tendunt
2246 1108 2304 1152 ut
2334 1101 2730 1170 gratitudinem
2788 1104 3069 1162 declarent
3130 1110 3360 1168 Domino
3390 1119 3459 1168 oh

1881 1187 2108 1243 salutem
2134 1206 2297 1260 quam
2329 1193 2482 1247 nobis
2508 1194 2698 1249 volens
2730 1197 3042 1266 impertitus
3069 1210 3173 1265 εει,
3198 1208 3462 1272 quemad-

1883 1279 2174 1334 modumin
2189 1284 2549 1351 sequentibus
2564 1283 2742 1340 fusius
2761 1286 2863 1342 ista
2876 1288 3459 1356 explicabuntur.Cum

1884 1384 2016 1426 vero
2037 1372 2144 1427 illae
2185 1373 2377 1430 hostia:
2392 1376 2794 1432 admoveantur
2824 1380 2938 1435 aris
2972 1390 3198 1451 propter
3225 1386 3460 1440 salutem

1884 1473 1939 1518 et
1969 1464 2112 1518 bona
2146 1481 2468 1537 pacemque,
2503 1484 2626 1539 qua:
2657 1471 2817 1525 nobis
2841 1472 3073 1541 largitur
3097 1473 3463 1540 Deus,memi-

1883 1555 2132 1611 nerimus
2176 1557 2473 1615 deterioris
2514 1576 2578 1615 ea
2605 1564 2945 1620 conditionis
2980 1579 3308 1636 esse,quam
3350 1571 3467 1625 sint

1890 1644 2242 1704 holocausta.
2280 1648 2546 1706 Namilla:
2594 1654 2986 1723 particularem
3048 1658 3340 1727 quamdam
3363 1676 3465 1717 nec

1890 1737 2253 1796 universalem
2271 1742 2509 1799 hominis
2525 1748 3001 1803 consecrationem
3015 1748 3300 1807 denotant.
3327 1752 3468 1819 Qua-

188 1847 424 1918 propter
481 1838 647 1892 etiam
719 1834 973 1900 femellas,
1005 1848 1129 1907 quae
1159 1833 1216 1887 in
1236 1832 1455 1887 caeteris
1491 1829 1955 1900 rejiciuntur,hoc
1990 1831 2111 1887 loco
2165 1845 2479 1892 meetantur
2530 1856 2543 1890 :
2589 1848 2851 1907 prmterea
2913 1855 3076 1911 supra
3125 1842 3469 1904 holocaustis

188 1936 624 1988 concremantur
672 1927 929 1999 primitiae
986 1928 1205 1982 illarum
1244 1926 1573 1981 hostiarum.
1607 1924 1700 1978 Sic
1737 1930 1881 1992 patet
1911 1939 1975 1978 ex
2000 1925 2105 1981 hoc
2135 1934 2286 1999 typo,
2316 1929 2462 1995 illos,
2495 1931 2587 2000 qui
2621 1947 2727 1986 nou
2777 1933 2876 1987 toti
2908 1934 3289 1991 suntdedicati
3332 1938 3461 2000 Deo,

190 2022 381 2080 offerri
399 2033 453 2077 et
485 2019 800 2077 consecrari
841 2017 952 2075 Deo
979 2035 1077 2089 per
1108 2018 1269 2081 istos,
1296 2017 1390 2088 qui
1431 2017 1554 2081 toti,
1581 2016 1771 2085 quanti
1793 2016 1984 2084 quanti
2015 2026 2164 2085 sunt,
2190 2020 2372 2077 devoti
2396 2030 2450 2077 et
2483 2023 2652 2079 dediti
2675 2034 2806 2081 sunt
2828 2024 2935 2081 Deo
2962 2044 2976 2081 :
3008 2027 3338 2084 excellenter
3365 2045 3467 2085 an-

190 2129 305 2173 tem
357 2127 455 2187 per
473 2113 677 2169 Christi
704 2112 1035 2168 oblationem
1069 2125 1301 2182 prorsus
1330 2108 1617 2165 offerimur
1650 2108 1782 2163 Deo.

266 2223 589 2278 Addebatur
607 2218 883 2277 sacriﬁcio
905 2233 1094 2274 sevum
1116 2232 1214 2289 per
1236 2225 1489 2272 ventrem
1513 2216 1851 2286 dispersum,
1879 2218 2021 2285 quod
2050 2218 2271 2287 quidem
2295 2221 2665 2276 valetudinem
2689 2233 2742 2277 et
2764 2224 2935 2278 robur
2964 2226 3166 2279 mentis
3187 2227 3470 2298 signiﬁca-

208 2314 327 2367 bat.
363 2310 480 2365 lluc
502 2308 804 2365 accedebat
830 2306 1106 2367 viscerum
1131 2305 1435 2377 pinguedo,
1468 2319 1576 2374 qua
1598 2305 1861 2359 docemur
1884 2317 2121 2361 mentem
2159 2308 2332 2376 ipsam
2375 2309 2612 2378 spiritus
2634 2311 2973 2380 pinguedine
2999 2312 3258 2368 decenter
3294 2334 3470 2371 "me-

205 2401 349 2455 rari.
406 2397 751 2467 Quapropter
799 2410 861 2450 ea
904 2410 993 2449 res
1029 2392 1331 2467 porrigitur
1369 2393 1438 2446 ad
1482 2391 1705 2446 odorem
1740 2392 1896 2447 bonae
1927 2393 2261 2465 fragrantize.
2293 2396 2555 2450 Aul‘ertur
2577 2412 2798 2467 quoque
2824 2400 3122 2469 pinguedo,
3162 2420 3284 2472 quae
3316 2406 3366 2459 in
3397 2406 3469 2461 fc-

194 2488 450 2541 moribus
484 2484 682 2539 residet
703 2496 811 2553 qua
838 2496 898 2537 re
922 2480 1307 2549 complectitur
1327 2494 1545 2534 omnem
1572 2479 1850 2548 virtutem,
1875 2498 1993 2552 qmc
2008 2485 2230 2554 adjuvat
2262 2486 2504 2542 hominis
2532 2488 2837 2544 creatione.
2860 2491 3195 2548 Adimuutur
3212 2504 3265 2551 et
3286 2514 3444 2554 renes

194 2574 583 2645 signiﬁcantes
621 2570 816 2625 mentis
838 2568 946 2622 vim
981 2582 1089 2638 qua
1126 2567 1395 2654 discernit
1427 2567 1630 2654 bonum
1662 2582 1691 2620 a
1728 2570 1893 2624 malo.
1932 2570 2095 2629 Tales
2127 2574 2275 2630 enim
2305 2584 2434 2629 sunt
2466 2584 2519 2628 et
2576 2592 2757 2642 renes,
2795 2578 2889 2648 qui
2932 2543 3240 2638 secernunt

195 2666 343 2717 lluus
376 2663 633 2716 humores
658 2672 687 2711 a
719 2664 1018 2727 spermate,
1043 2652 1190 2724 quod
1215 2653 1345 2707 utile
1365 2652 1527 2706 estad
1563 2656 1960 2722 procreandum
1982 2661 2281 2716 hominem.
2314 2660 2428 2717 lluc
2451 2662 2615 2732 dirigi
2646 2674 2826 2735 potest
2852 2669 3236 2725 testimonium
3310 2652 3466 2730 Pauli

195 2750 499 2804 dicentis:
541 2765 559 2797 ι
609 2745 809 2800 Omnia
849 2743 1101 2813 probate,
1177 2740 1326 2809 quod
1361 2739 1567 2793 bonum
1599 2748 1684 2794 est
1726 2750 1905 2801 tenete
1931 2749 1997 2800 δ’.
2037 2768 2056 2801 ι
2097 2748 2284 2803 Sancti
2333 2752 2536 2805 etenim
2572 2762 2698 2805 sunt
2734 2754 2953 2823 probati
2996 2760 3468 2827 trapezitae.lllud

212 2842 406 2908 ipsum
429 2835 682 2890 indicans
709 2831 902 2897 David,
936 2831 1058 2885 ait:
1108 2848 1126 2880 ι
1174 2827 1256 2882 Tu
1300 2827 1597 2898 possedisti
1673 2844 1834 2890 renes
1892 2852 2069 2903 meos,
2104 2836 2332 2893 Domine
2363 2839 2432 2890 ⁵³.
2500 2858 2519 2891 ι
2559 2838 2788 2909 llepatis
2842 2842 3090 2897 vesicula
3144 2848 3469 2916 Ctlpidilatis

196 2926 607 2989 summitatem,
658 2923 742 2978 vel
780 2920 965 2992 potius
1008 2928 1177 2973 tOtam
1219 2916 1492 2989 signiﬁcat
1541 2917 1850 2976 secundum
1880 2923 2057 2990 illiilli,
2107 2926 2202 2996 qui
2227 2926 2281 2980 in
2319 2926 2557 2982 Psalmis
2591 2928 2734 2982 dixit
2764 2950 2775 2983 :
2807 2947 2826 2979 ι
2858 2928 3059 2984 Coram
3087 2938 3141 2986 te
3171 2944 3257 2988 est
3286 2940 3470 2992 omnis

195 3015 487 3086 cupiditas
516 3028 635 3067 mea
663 3011 731 3066 “.
773 3029 791 3062 ι
828 3008 1165 3063 Auimalium
1196 3016 1320 3061 tres
1362 3005 1597 3075 species,
1623 3022 1744 3075 quae
1775 3008 2127 3066 immolantur
2159 3013 2292 3078 Deo,
2314 3014 2605 3084 designant
2628 3029 2844 3080 eorum,
2868 3016 2963 3085 qui
2993 3032 3109 3071 rem
3142 3034 3354 3075 sacram
3384 3024 3468 3075 fa—

212 3113 403 3165 εὶιιηιι
431 3102 773 3157 illcrcmenla
810 3096 1009 3168 Prima.
1042 3092 1223 3148 "mdia
1243 3103 1298 3147 cl
1322 3092 1541 3155 Ultima,
1574 3093 1876 3151 secundum
1900 3096 2166 3151 rationem
2189 3105 2508 3168 terraeque:
2529 3112 2677 3153 nunc
2695 3099 3038 3169 centuplum,
3065 3117 3214 3156 nunc
3238 3118 3470 3175 sexage-

196 3191 460 3262 wplum,
485 3203 628 3242 nunc
652 3182 1013 3257 trigeeuplum
1036 3182 1274 3236 fructum
1307 3180 1538 3249 profert.
1991 3190 2011 3207 ·

276 3279 475 3332 Anima
493 3278 538 3330 si
558 3274 849 3346 peccaverit
875 3288 1055 3325 coram
1075 3269 1297 3323 Domino
1314 3268 1637 3333 inconsulto,
1657 3275 1763 3321 etc.
1781 3266 2088 3324 Notandum
2111 3268 2388 3334 existimo,
2412 3268 2559 3340 quod
2578 3267 2861 3340 Scriptura
2878 3280 3038 3328 vocat
3061 3286 3284 3346 peccata
3306 3278 3470 3333 etiam

200 3368 322 3432 illa,
356 3382 481 3436 qua:
505 3362 826 3418 inconsulto
847 3371 902 3414 et
921 3360 1245 3431 ignoranter
1262 3356 1658 3425 delinquimus.
1687 3353 1976 3437 Peccatum
2000 3356 2314 3414 inconsulto
2342 3358 2697 3413 commissura
2726 3368 2836 3422 est,
2859 3363 3006 3430 quod
3029 3364 3154 3433 quis
3185 3376 3469 3435 pulatnon

200 3458 312 3513 tale
334 3470 484 3512 esse.
503 3453 634 3508 Tale
652 3460 771 3506 erat
790 3449 944 3504 Sauli
966 3447 1254 3508 delictum,
1276 3462 1404 3501 cum
1430 3445 1702 3516 jejunium
1735 3444 2085 3515 imperasset.
2108 3440 2316 3496 Christi
2336 3450 2515 3495 autem
2539 3452 2699 3512 typus
2723 3452 2809 3499 est
2828 3444 3034 3500 vitulus
3064 3447 3469 3517 irreprehensio

200 3548 360 3602 bilis.
384 3540 668 3613 Siquidem
692 3538 952 3594 Christus
969 3536 1130 3604 culpa
1150 3546 1459 3590 estvacnus
1488 3530 1729 3587 omni.ln
1751 3543 1860 3601 quo
1888 3527 2144 3598 princeps
2160 3524 2325 3592 hujus
2350 3524 2540 3579 mundi
2591 3526 2729 3580 nihil
2763 3526 2992 3583 invenit.
3031 3527 3130 3584 Hic
3154 3531 3473 3587 immolatus

198 3645 311 3695 est,
342 3639 405 3686 ut
438 3629 689 3700 expiaret
718 3624 1026 3682 sacerdotis
1048 3635 1103 3679 et
1124 3621 1313 3693 populi
1344 3622 1548 3677 delicta
1579 3638 1592 3674 :
1627 3631 1681 3675 et
1706 3627 1764 3674 ut
1786 3617 2108 3700 exsolveret
2126 3628 2287 3684 parva
2306 3620 2360 3666 et
2388 3627 2588 3700 magna
2622 3622 2869 3700 peccata,
2889 3622 2945 3671 et
2979 3624 3039 3671 ut
3075 3617 3343 3674 Ecclesiae
3367 3621 3467 3674 de-

201 3724 337 3776 licta
364 3696 602 3774 tolleret.
635 3715 979 3784 Quapropter
1012 3710 1313 3766 adducitur
1342 3707 1411 3763 ad
1444 3708 1648 3763 ostium
1686 3700 2055 3762 tabernaculi.
2080 3696 2349 3784 Praeterea
2378 3696 2635 3752 Christus
2656 3696 2944 3766 ingressus
2991 3699 3153 3770 332
3181 3702 3237 3756 in
3265 3702 3471 3758 Sancta

200 3817 527 3864 sanctorum
543 3819 640 3875 per
671 3782 830 3857 suum
849 3782 1195 3870 sanguinem,
1216 3793 1474 3868 patefacit
1513 3794 1793 3857 omnibus,
1816 3790 1913 3863 qui
1942 3790 1997 3843 in
2036 3786 2139 3840 hoc
2159 3782 2589 3838 mundoaetatem
2624 3783 2864 3855 agimus,
2892 3786 2986 3855 jan
3004 3803 3148 3855 nam,
3181 3804 3275 3857 per
3303 3806 3471 3861 quam

198 3870 559 3954 introeamus
584 3894 639 3945 in
677 3889 1013 3960 sempiterna
1037 3886 1259 3958 gaudia.
1281 3883 1496 3953 Septies
1518 3882 1786 3952 aspergitu

1887 3874 2222 3946 anguis,qutu
2244 3885 2301 3924 re
2318 3870 2661 3940 signiﬁcatur
2681 3871 2903 3941 penitus
2920 3887 2951 3926 a
2969 3886 3317 3943 peccatorum
3349 3877 3472 3933 labe

198 4000 329 4039 esse
363 3988 689 4052 repurgatos
720 3957 847 4033 vere
876 3976 1016 4045 pios,
1037 3957 1092 4029 et
1120 3973 1243 4029 sisti
1270 3986 1299 4026 a
1317 3971 1539 4027 Christo
1565 3970 1620 4024 in
1647 3974 2001 4037 conspectum
2019 3961 2138 4017 Dei.
2162 3958 2315 4013 Haud
2347 3957 2840 4052 dissimi'liratﬁione
2858 3959 2951 4014 illo
2973 3975 3175 4016 cruore
3200 3976 3475 4034 conspero

198 4043 654 4143 guntur-cor'uua
684 4043 889 4119 altaris
908 4078 974 4119 ex
996 4058 1231 4117 adverso
1252 4072 1415 4123 arcae,
1449 4056 1594 4112 unde
1615 4071 1676 4111 se
1702 4054 1997 4111 videndum
2027 4046 2326 4143 exhibebat
2348 4045 2511 4100 Deus.
2533 4044 2671 4143 Nam
2691 4043 2853 4143 Pater
2876 4057 3102 4115 pacatus
3123 4063 3219 4118 per
3236 4058 3473 4104 mortem

201 4132 354 4223 Filii,
387 4171 512 4211 eum
546 4170 645 4209 ceu
676 4151 1052 4225 gratissimum
1075 4146 1383 4218 excipiebat
1410 4145 1655 4200 odorem.
1683 4142 1963 4213 Siquidem
1982 4137 2219 4206 benigno
2244 4135 2418 4197 νυιιυ,
2437 4132 2902 4205 quemadmodum
2925 4134 3267 4190 sacriﬁCium
3288 4136 3473 4199 Abeli.

200 4220 429 4316 aspexit
453 4220 794 4299 sacriﬁcium
820 4236 963 4292 Filii.
994 4237 1103 4289 Ara
1130 4249 1263 4289 vero
1292 4235 1440 4288 inter
1469 4241 1667 4287 caetera
1697 4230 1862 4286 etiam
1889 4228 2047 4283 bona:
2093 4222 2428 4316 flagrantiae
2463 4220 2738 4316 indicium
2764 4230 2872 4278 est.
2905 4221 3175 4280 Praeterea
3207 4239 3474 4295 egressus

202 4307 370 4405 porta
418 4347 521 4402 pro
568 4328 729 4384 nobis
778 4326 1033 4381 ultimmn
1080 4321 1349 4376 sustinuit
1405 4319 1760 4390 supplicium,
1809 4313 1974 4371 sicuti
2017 4318 2259 4405 testatur
2294 4307 2499 4405 Paulus
2524 4346 2560 4405 ,.
2602 4307 2842 4364 dicens:
2911 4327 2928 4359 ‹
2972 4307 3338 4365 Sanctiﬁcatus
3383 4327 3470 4367 se-

198 4395 537 4490 metipsum,
576 4434 596 4468 ι
625 4414 741 4470 sive
770 4408 1196 4467 consecratis".
1223 4405 1403 4473 Hujus
1447 4406 1704 4460 vocabuli
1762 4401 2092 4473 signiﬁcatio
2118 4397 2296 4467 magis
2322 4396 2591 4450 elucescit
2615 4411 2683 4451 ex
2714 4396 2809 4450 illo
2845 4395 3152 4465 Scriptura:
3202 4398 3467 4468 eloquio:

206 4527 229 4559 ι
264 4482 539 4576 Laqueus
570 4510 658 4557 est
702 4499 847 4563 viro,
877 4500 921 4552 si
952 4495 1366 4566 pracipitanter
1409 4493 1540 4563 quid
1567 4493 1635 4548 de
1668 4507 1769 4547 suo

1887 4485 2247 4542 letiﬁcaverit.
2290 4503 2308 4536 ι
2347 4482 2503 4539 Unus
2572 4484 2788 4539 scilicet
2829 4483 3089 4540 Christus
3144 4499 3245 4553 pro
3304 4486 3469 4546 nobis

198 4570 471 4650 omnibus
510 4596 741 4643 mortem
765 4594 1065 4655 perpessus
1094 4586 1202 4645 est,
1238 4578 1703 4648 quemadmodum
1750 4575 2033 4632 evidenter
2064 4573 2229 4629 docet
2260 4572 2577 4642 Scriptura,
2619 4579 2679 4625 ut
2711 4587 2834 4635 nos,
2868 4570 2964 4640 qui
2993 4587 3140 4625 nunc
3183 4571 3292 4628 vita
3327 4572 3468 4627 frui-

200 4699 356 4745 mur,
394 4694 506 4734 non
539 4675 720 4735 nobis,
750 4674 846 4727 sed
879 4662 1123 4733 Christo,
1163 4666 1259 4737 qui
1299 4678 1401 4735 pro
1443 4665 1606 4720 nobis
1642 4664 1838 4720 ntortis
1870 4662 2173 4719 discrimen
2200 4660 2338 4715 adiit
2362 4667 2418 4714 et
2446 4660 2783 4724 resurrexit,
2813 4662 3062 4716 vivamus
3089 4660 3159 4713 ⁸³.
3213 4657 3461 4715 Virtutes

198 4784 333 4842 quae
373 4769 430 4822 in
460 4764 684 4819 Christo
716 4765 868 4824 sunt,
902 4754 1138 4811 fundunt
1165 4752 1559 4810 suavissimum
1599 4751 1850 4818 odorem,
1882 4757 1941 4806 ut
1972 4748 2274 4806 admonent
2300 4747 2588 4812 intestina,
2617 4761 2743 4818 qua:
2768 4747 2827 4805 in
2855 4754 3046 4802 ventre
3080 4746 3460 4814 occultantur,

200 4857 379 4915 sicuti
410 4854 590 4907 virtus
613 4850 670 4904 in
703 4853 910 4902 mente.

290 4980 600 5052 Ἐπισκέψῃ
625 4976 707 5043 δὶ,
744 4978 796 5030 εἰ
822 4973 1067 5038 δυνατὸν,
1125 4969 1392 5035 ἑκουσίως
1452 4970 1786 5025 ἀναλαϐόντα

1960 4970 2190 5027 interim
2219 4966 2516 5039 diligenter
2546 4966 2792 5034 attende,
2842 4981 2910 5023 an
2953 4965 3256 5038 Scriptura:
3293 4981 3467 5024 sacra:

196 5081 311 5150 τὴν
330 5076 426 5131 τοῦ
456 5072 588 5129 λαοῦ
625 5068 902 5141 ἁμαρτίαν
930 5066 1020 5120 τὸν
1036 5064 1299 5136 ἀρχιερέα
1320 5062 1576 5132 λέγεσθαι
1614 5065 1789 5135 ἁμαρ·

199 5171 413 5224 τὰνειν.
444 5162 602 5218 Ἐπεὶ
624 5162 716 5214 τὸν
743 5159 820 5231 μὴ
868 5156 1065 5226 γνόντα
1097 5154 1395 5227 ἁμαρτίαν,
1452 5153 1594 5225 ὑπὲρ
1628 5154 1787 5227 ἡμῶν

202 5260 493 5333 ἁμαρτίαν
527 5255 806 5325 ἐποίησεν,
828 5252 951 5305 ἀντὶ
970 5248 1340 5320 πληρώματος
1395 5248 1590 5303 ἑαυτὸν
1617 5248 1785 5303 κενώ-

205 5368 407 5415 σαντα,
437 5351 527 5402 ἵνα
547 5348 645 5408 τὰς
667 5342 942 5415 ἁμαρτίας
971 5340 1131 5411 ἡμῶν
1161 5340 1301 5410 ἄρῃ.
1327 5340 1423 5393 καὶ
1463 5341 1564 5402 τὰς
1597 5339 1786 5403 νόσους

204 5445 464 5517 βαστὰσῃ
491 5457 507 5472 ο
534 5441 610 5503 ὡς
638 5434 1020 5506 ὑποληφθῆναι
1044 5432 1175 5502 παρ’
1205 5433 1238 5501 η
1248 5430 1363 5500 μῶν
1389 5426 1533 5485 εἶναι
1565 5432 1623 5483 ὲν
1643 5432 1783 5501 πλη-

205 5538 279 5605 γῇ
308 5533 409 5587 καὶ
447 5534 506 5584 έν
531 5527 793 5585 κακώσει.
826 5522 1101 5594 Προσάγει
1142 5520 1199 5573 δὲ
1250 5519 1476 5590 μόσχον,
1497 5520 1558 5572 τὸ
1596 5522 1783 5591 γήϊνον

276 5711 319 5742 ⁸⁸
359 5704 559 5761 Ezech.
615 5718 708 5765 xx,
762 5699 854 5754 25.
924 5695 1244 5765 ,⁸³1Τὺεεε.
1274 5710 1326 5759 v,
1355 5694 1446 5751 2|.

1525 5696 1569 5727 ⁸³
1602 5694 1745 5749 Ρειιι.
1771 5711 2037 5761 cxxxvm,
2070 5696 2159 5751 15.

205 5783 251 5851 ξι
284 5778 522 5833 lThess.
563 5789 614 5840 ν,
648 5773 733 5827 10.
810 5770 855 5800 ⁸⁸
890 5764 933 5820 11
955 5766 1083 5821 Cor.
1124 5784 1176 5831 v,
1209 5766 1301 5821 21.
1379 5766 1422 5797 ⁸⁷
1450 5765 1683 5836 Philipp.
1722 5783 1778 5831 lt,
1815 5768 1868 5819 7.

1892 5062 2204 5137 proprietas
2222 5062 2366 5115 ferre
2388 5060 2584 5131 possit,
2609 5068 2670 5114 ut
2692 5059 2936 5128 pontifex
2953 5059 3174 5115 dicatur
3211 5075 3462 5131 peccare,

1890 5156 1985 5224 qui
2017 5155 2076 5209 in
2098 5151 2456 5221 semetipsum
2494 5150 2830 5205 transmovit
2866 5160 3092 5221 peccata
3119 5152 3333 5221 populi,
3386 5152 3466 5205 si-

1890 5246 2113 5319 quidem
2174 5245 2307 5306 ille,
2366 5243 2459 5313 qui
2521 5250 2808 5312 peccatum
2864 5258 2975 5297 non
3042 5250 3308 5301 noverat,
3361 5256 3463 5310 prn

1890 5339 2047 5395 vobis
2094 5343 2379 5407 peccatum
2422 5333 2553 5389 fecit
2592 5334 2658 5389 “.
2703 5334 2805 5401 Qui
2834 5334 2983 5389 omni
3018 5334 3224 5388 virtute
3248 5373 3263 5397 ,
3303 5334 3462 5401 quasi

1891 5429 2165 5498 quoddam
2189 5427 2365 5497 copia:
2383 5441 2553 5481 cornu
2574 5425 2854 5491 afﬁuebat,
2883 5424 3238 5494 semetipsum
3274 5427 3466 5478 exina-

1894 5522 2030 5574 nivit
2053 5520 2121 5585 ",
2154 5527 2213 5574 ut
2234 5525 2461 5589 peccata
2496 5524 2689 5571 nostra
2737 5517 2975 5582 tolleret,
3006 5524 3063 5572 et
3114 5515 3465 5573 inﬁrmitates

2257 5694 2303 5727 "
2331 5694 2475 5751 Psal.
2514 5709 2719 5758 rxxvu,
2747 5688 2831 5748 ιο.
2935 5694 2980 5725 ⁸⁸
3018 5692 3183 5748 llehr.
3217 5689 3333 5757 xlii,
3368 5690 3455 5746 l2.
