3864 6548
548 400 649 462 707
1866 378 2219 467 PROCOPII
2250 407 2493 469 GAzar
3680 424 3763 489 ποθ

552 517 772 565 nostras
802 513 1066 580 portaret.
1102 504 1338 561 Proinde
1359 505 1389 562 ὸ
1424 506 1584 563 nobis
1614 516 1793 579 potest
1825 513 2021 583 accipi,
2061 531 2078 568 ι

2237 516 2391 570 κὺτοῦ
2424 519 2582 589 σῶμα
2622 522 2682 574 τὸ
2706 522 2994 590 ἀμίαντον·
3029 525 3095 579 ὲκ
3131 524 3460 595 Πνεύματος
3491 529 3592 600 γὰρ
3614 532 3763 599 ἁγίου*

554 604 678 657 fons
724 603 1035 663 abrrndans,
1070 608 1124 655 et
1164 600 1361 654 iterum
1392 603 1550 671 quasi
1581 604 1907 660 exinanitus
1939 618 1992 661 et
2027 622 2080 661 va

2240 604 2357 659 Βδιὰ
2383 608 2475 659 τοῦ
2498 608 2731 679 ἀμώμου
2755 612 3027 681 δηλοῦται.
3062 607 3138 667 Ob
3161 618 3234 685 τῇ
3267 616 3485 686 κεφαλῇ
3522 619 3613 688 τὴν
3644 625 3766 693 χεῖρα

551 694 862 749 cucfactus.
901 690 1145 746 Vitulum
1194 691 1519 757 immolavit,
1561 706 1688 746 cum
1728 708 1933 764 corpus
1958 711 2077 751 suur

2240 696 2519 769 ἐπέθηκεν,
2549 701 2636 754 ἵνα
2667 704 3016 775 περικαθάρῃ
3053 707 3153 777 τὴν
3175 707 3331 778 ὑπὲρ
3366 708 3464 761 τοῦ
3505 709 3622 764 λαοῦ
3661 690 3766 781 φθᾶ-

554 793 853 849 terrenum,
892 784 963 838 ab
985 783 1133 837 omni
1162 781 1373 851 peccati
1428 783 1641 837 macula
1667 799 1864 853 purum
1894 782 2080 853 (coner

1495 783 1641 837 acula
1667 799 1864 853 purum
1894 782 2122 853 (eoucc-
2230 804 2404 841 σασαν
2428 793 2507 853 εἰς
2542 793 2705 847 αὐτὸν
2722 796 3021 866 ἁμαρτίαν.

552 886 682 948 ptus
716 892 961 947 namque
1000 874 1106 930 fuit
1158 874 1226 928 de
1251 874 1463 943 Spiritu
1502 883 1719 940 sancto,
1754 885 1815 929 ut
1857 874 2172 928 declaratur
2210 892 2308 946 per
2341 880 2662 948 dictionem,
2703 887 3223 960 irreprehensibr'lr’s),
3259 891 3320 945 in
3371 892 3553 948 crucis
3588 908 3671 948 ara
3702 896 3774 951 ob.

556 969 701 1023 tulit.
748 968 928 1039 Capiti
980 968 1241 1037 imposuit
1285 983 1529 1031 manum,
1566 973 1625 1021 ut
1669 967 1883 1022 tolleret
1932 966 2117 1037 papuli
2158 980 2464 1038 peccaturo,
2501 977 2650 1046 quod
2684 978 2740 1032 in
2776 980 2954 1049 ipsum
2989 993 3110 1037 erat
3135 984 3486 1039 derivatum.

625 1083 703 1172 Si;
737 1092 915 1135 autem
944 1083 1232 1172 universus,
1254 1091 1415 1135 cretus
1457 1082 1699 1172 ﬁliorum
1731 1081 1925 1172 Israel,
1968 1090 2079 1139 etc.
2112 1084 2431 1153 Ignorantia
2469 1092 2800 1162 intelligitur
2843 1095 3003 1167 legis.
3040 1097 3151 1151 Aut
3185 1100 3235 1154 si
3279 1100 3433 1155 forte
3458 1102 3581 1170 quis
3602 1104 3775 1172 majore

553 1172 606 1225 vi
642 1170 874 1223 adactus
943 1169 1192 1223 fueritin
1226 1171 1397 1239 legero
1434 1170 1808 1224 committere.
1858 1169 2203 1241 Quapropter
2250 1176 2591 1234 vociferatur
2642 1180 2853 1245 David:
2889 1204 2908 1235 ‹
2946 1184 3025 1240 Ne
3074 1188 3420 1242 memineris
3465 1169 3776 1256 peccatorum

549 1257 871 1344 juventutis
895 1271 1063 1344 meas,
1082 1268 1134 1309 et
1157 1256 1227 1309 ab
1255 1257 1561 1344 ignorantia
1589 1272 1708 1310 mea
1734 1258 1962 1312 absolve
1978 1275 2063 1313 me
2086 1260 2469 1319 “aSirniliter
2490 1265 2664 1322 etJoh
2691 1270 2912 1326 incusat
2932 1274 3234 1344 benignunr
3267 1273 3474 1337 Deum,
3496 1274 3775 1335 inferendo:

560 1362 579 1396 ι
618 1343 800 1410 Quare
828 1359 934 1396 non
975 1343 1248 1397 induxisti
1314 1343 1646 1398 oblivionem
1681 1346 1994 1414 iniquitatis
2030 1350 2283 1407 rneae?et
2312 1355 2545 1411 attulisti
2584 1358 3020 1427 purificationem
3051 1343 3271 1431 peccati
3304 1364 3416 1416 mei
3443 1363 3515 1415 "1’
3553 1383 3570 1413 ι
3624 1363 3779 1423 Omnis

556 1448 832 1506 synagoga
869 1433 1182 1488 Judaeorum
1221 1434 1543 1504 ignoranter
1573 1435 1828 1505 deliquit,
1862 1437 2110 1493 clamans
2143 1456 2158 1493 :
2190 1439 2521 1514 «Crucitige,
2555 1447 2816 1518 crueitige
2845 1464 3024 1505 eumn
3059 1449 3247 1504 Latuit
3286 1451 3438 1505 hanc
3478 1448 3777 1522 Synagogarn

558 1542 744 1582 sermo
777 1525 871 1580 Dei
897 1541 1026 1581 caro
1062 1524 1261 1580 factus.
1292 1524 1565 1580 Fecerunt
1597 1527 1785 1597 igitur,
1815 1531 1960 1597 quod
1985 1529 2128 1583 haud
2160 1528 2469 1584 faciendum
2519 1541 2657 1597 erat,
2685 1534 2897 1590 scilicet
2939 1536 3301 1592 immolantes
3335 1541 3393 1591 in
3426 1538 3643 1593 Pascha:
3668 1542 3779 1595 festo

557 1631 742 1671 veram
770 1630 949 1670 ovem.
978 1613 1249 1702 Praeterea
1284 1615 1371 1669 lex
1403 1624 1792 1702 praemonstrat
1826 1616 1930 1671 sub
1964 1616 2066 1671 hoc
2090 1627 2239 1688 typo,
2278 1638 2379 1679 nos
2405 1623 2457 1677 in
2490 1626 2608 1681 solo
2636 1626 2858 1684 Christo
2884 1644 2982 1700 per
3011 1629 3172 1685 fidem
3199 1633 3439 1701 assequi
3471 1645 3775 1702 peccatorum

558 1704 937 1758 abolitionem.
974 1701 1290 1757 lliceteuim
1321 1702 1499 1756 instar
1537 1701 1715 1768 vituli,
1748 1710 1806 1755 ut
1839 1703 2043 1757 habent

2244 1724 2365 1770 retae
2393 1718 2581 1786 verba,
2610 1730 2837 1788 peccata
2886 1729 3077 1776 nostra
3111 1721 3166 1776 in
3195 1738 3260 1778 se
3291 1701 3605 1778 transtulit.
3632 1727 3684 1778 id
3713 1729 3770 1779 si-

560 1794 777 1863 quidem
808 1791 1128 1856 edoeernur,
1154 1792 1284 1846 dum
1333 1792 1585 1847 videmus
1620 1800 1861 1846 mactato
1889 1793 2058 1848 vitulo
2092 1793 2297 1869 imponi
2354 1820 2550 1860 manus
2576 1806 2643 1861 ad
2672 1807 3109 1873 tabernaculum,
3153 1819 3213 1863 υι
3258 1812 3485 1865 scilicet
3511 1813 3657 1866 nobis
3683 1815 3773 1865 καί.

559 1896 674 1939 ιιιιιι
704 1900 800 1954 per
832 1900 992 1939 suum
1024 1884 1348 1952 sanguinem
1375 1892 1667 1954 praestruat
1706 1885 1771 1938 ad
1811 1883 2048 1950 Patrem,
2103 1886 2232 1942 dum
2290 1892 2543 1948 videlicet
2577 1894 2822 1949 introivit
2854 1896 2909 1949 in
2951 1895 3151 1950 Sancta
3186 1908 3543 1962 sanctorum,
3573 1908 3624 1953 et
3651 1901 3776 1953 unica

560 1978 845 2032 oblatione
874 1975 1151 2046 perfectos
1185 1974 1422 2029 reddidit
1452 1974 1506 2027 in
1543 1985 1870 2045 perpetuum
1904 1976 2300 2037 sanetit‘rcatos.
2334 1981 2468 2037 Nam
2507 1985 2829 2056 aspersione
2866 1986 2951 2041 sui
2998 1988 3200 2042 sacrati
3250 1989 3487 2043 cruoris
3519 1988 3773 2043 Eeclesiam

560 2069 906 2123 abundanter
940 2067 1330 2123 sanetitieavit.
1363 2064 1603 2121 Proinde
1634 2068 1956 2138 praecipitur
1984 2086 1997 2122 :
2040 2087 2060 2120 ί
2101 2070 2314 2141 Septies
2336 2087 2583 2142 asperge.
2617 2092 2635 2125 ι
2672 2070 2809 2127 Nam
2839 2073 3020 2144 inquit
3050 2092 3066 2130 :
3098 2094 3115 2126 r
3159 2076 3531 2132 Accessirnus
3564 2078 3626 2130 ad
3651 2076 3776 2131 Jeru-

558 2161 729 2217 salem
769 2162 1078 2219 crelestem.
1124 2168 1177 2213 et
1209 2158 1275 2212 ad
1311 2159 1607 2215 ecclesiam
1644 2161 2161 2231 primogenitorurn,
2207 2161 2301 2231 qui
2332 2161 2630 2232 conscripti
2667 2170 2795 2216 sunt
2819 2163 2872 2216 in
2900 2163 3060 2218 cmlis
3090 2182 3102 2217 :
3140 2173 3195 2218 et
3232 2165 3306 2218 ad
3350 2167 3669 2235 sanguinem
3709 2182 3775 2219 as-

558 2253 834 2322 persionis
883 2253 1111 2306 meliora
1157 2251 1495 2321 loquentem,
1541 2267 1705 2320 quam
1734 2252 2063 2321 loquebatur
2087 2248 2312 2319 sanguis
2348 2249 2482 2305 Abel
2516 2249 2581 2303 θ’).
2618 2247 2856 2319 Sanguis
2891 2250 3037 2305 enim
3070 2250 3223 2305 Abeli
3269 2251 3704 2306 debaccltahutur
3734 2252 3771 2304 in

560 2340 917 2395 bomicidarn.
945 2339 1015 2392 At
1032 2338 1261 2408 sanguis
1304 2338 1511 2392 Christi
1551 2354 1649 2408 pro
1686 2341 1846 2399 nobis
1875 2341 2017 2395 dixit
2056 2340 2201 2410 apud
2230 2338 2423 2394 Deum.
2481 2336 2721 2408 Sanguis
2757 2353 2891 2392 vero
2920 2338 3319 2394 atl‘undcbatur
3354 2340 3479 2394 basi
3520 2355 3641 2399 arae,
3675 2343 3773 2409 quia

562 2440 791 2489 sanctus
822 2431 1201 2500 reputabatur.
1256 2428 1512 2484 Christus
1548 2438 1695 2484 totus
1725 2430 1868 2484 intra
1904 2443 1959 2484 et
1990 2439 2137 2488 totus
2173 2436 2326 2485 extra
2350 2438 2572 2481 sanctus
2592 2433 2697 2481 est.
2728 2423 2963 2480 Proinde
2981 2433 3129 2480 totus
3158 2437 3205 2480 et
3242 2428 3484 2495 integer,
3518 2443 3609 2482 ceu
3634 2429 3771 2481 hostia

563 2519 927 2573 rrraetabatur.
961 2515 1257 2580 Caeterum,
1286 2524 1343 2569 ut
1371 2516 1532 2570 docet
1562 2516 1871 2586 Apostolus
1894 2557 1909 2582 ,
1936 2527 2093 2572 cntra
2112 2527 2327 2587 portam
2359 2531 2554 2588 passus
2576 2523 2661 2572 est
2686 2515 2726 2547 "
2755 2533 2770 2571 :
2804 2515 3152 2587 irnperatqne
3182 2524 3242 2570 ut
3276 2518 3349 2570 ad
3388 2518 3533 2569 hunc
3560 2531 3773 2570 exeamus

560 2617 848 2680 portantes
891 2609 1013 2674 ejus
1072 2608 1455 2677 opprobrium.
1516 2607 1569 2661 id
1609 2617 1693 2662 est
1730 2623 1979 2675 crucem,
2021 2623 2182 2678 quam
2229 2622 2334 2677 pro
2370 2607 2530 2661 nobis
2570 2613 2624 2660 et
2668 2615 2891 2675 propter
2930 2619 3031 2658 nos
3079 2620 3331 2658 amaram
3371 2607 3650 2661 susriauit.
3696 2603 3766 2657 Sic

560 2701 816 2757 Christus
838 2715 1061 2770 quoque
1083 2699 1263 2770 jubet,
1287 2700 1415 2753 dum
1438 2700 1638 2769 inquit,
1667 2708 1726 2753 ut
1751 2702 2008 2755 tollamus
2041 2712 2265 2755 crucem
2300 2704 2571 2756 nostram,
2597 2705 2649 2746 et
2673 2694 2852 2763 ipsum
2889 2708 3306 2764 consequamur
3334 2696 3404 2747 θ’,
3430 2693 3581 2760 Quod
3605 2692 3769 2749 Pauius

561 2788 639 2841 ait
671 2806 685 2843 :
757 2806 775 2838 r
810 2787 979 2840 Extra
1027 2795 1263 2856 portam,
1305 2805 1324 2839 ι
1361 2787 1672 2857 ωρυῑροιιει
1718 2787 1886 2841 huic:
1920 2783 2378 2842 cxtrarnundum.
2416 2780 2553 2835 Nam
2604 2781 2649 2835 si
2683 2782 2934 2835 volumus
3018 2781 3174 2850 sequi
3205 2781 3443 2848 {ducem
3512 2781 3767 2843 Christum,

561 2874 850 2945 repudium
882 2872 1207 2928 mittendum
1241 2874 1347 2928 crit
1398 2878 1542 2939 vitae,
1619 2889 1782 2942 quam
1844 2876 2060 2943 agimus
2115 2872 2356 2944 peccatis
2434 2879 2856 2939 conspurcatam
2928 2869 2980 2921 in
3037 2869 3139 2923 hoc
3199 2871 3438 2924 mundo.
3498 2868 3770 2939 Nam333

563 2963 707 3015 haud
773 2963 841 3016 ab
892 2977 951 3016 re
1004 2961 1149 3017 idem
1213 2960 1515 3031 Apostolus
1567 2962 1738 3016 dicit:
1807 2979 1826 3012 ι
1870 2960 2104 3015 Mundus
2156 2961 2289 3015 mihi
2341 2958 2638 3012 crucifixus
2701 2967 2804 3021 est,
2835 2965 2889 3010 et
2947 2970 3049 3025 ego
3091 2956 3299 3011 mundo
3326 2957 3398 3011 “.
3442 2976 3462 3009 ι
3522 2954 3766 3011 Nantltt‘et

564 3049 620 3104 in
656 3059 801 3102 terra
836 3048 1012 3103 simus
1036 3040 1289 3120 corpore,
1334 3057 1515 3103 tarrrerr
1543 3051 1895 3103 conversatio
1930 3059 2115 3103 nostra
2151 3049 2203 3102 in
2236 3046 2393 3101 caelis
2426 3045 2592 3099 est“.
2624 3043 2798 3097 Divini
2825 3042 2971 3113 ignis
2999 3043 3313 3098 substantia
3349 3053 3527 3098 mutat
3554 3055 3603 3098 et
3629 3053 3767 3096 trans~

564 3135 768 3190 format
807 3151 907 3190 sua
936 3135 1134 3189 virtute
1163 3150 1249 3200 ea,
1280 3150 1404 3204 qua:
1433 3136 1813 3191 conservanda
1857 3146 2015 3190 erant
2058 3136 2126 3190 de
2157 3136 2325 3190 vitulo
2364 3133 2659 3203 allegorice
2689 3150 2702 3187 :
2736 3132 2952 3185 interim
2994 3140 3173 3185 tamen
3212 3140 3514 3186 conservat
3558 3130 3628 3195 id,
3656 3130 3765 3198 quod

562 3222 850 3281 residuum
884 3232 1007 3277 erat
1048 3237 1113 3277 ex
1161 3227 1485 3280 mutatione.
1536 3224 1638 3290 Qui
1690 3224 1961 3294 lnquinati
2002 3231 2160 3277 erant
2214 3220 2692 3290 consequebantur
2720 3218 3010 3289 puritatem
3052 3219 3382 3287 aspersione
3424 3234 3576 3289 aqua:
3619 3219 3764 3272 cinere

558 3312 812 3384 juveneae
848 3320 1188 3382 temperatae.
1223 3314 1294 3364 At
1330 3327 1435 3368 nos
1468 3320 1692 3368 sanctos
1733 3319 1956 3382 praestat
1992 3311 2175 3382 passio
2208 3308 2410 3364 Christi
2460 3309 2774 3360 interventu
2808 3320 2965 3375 aquae
2999 3306 3410 3360 conscientiam
3445 3314 3671 3361 nostram
3696 3319 3762 3357 re-

563 3414 831 3471 purgans,
859 3398 1320 3468 quemadmodum
1354 3398 1640 3468 Scriptura
1671 3407 1856 3452 rnonet
1885 3416 1898 3451 ε
1951 3416 1969 3449 r
2016 3396 2089 3452 La

2231 3398 2320 3462 ιιι,
2358 3398 2480 3466 puri
2512 3404 2687 3450 estote
2721 3395 2787 3449 °°.
2832 3414 2850 3445 ι
2886 3424 2954 3433 -
2985 3413 3002 3445 r
3049 3393 3105 3448 Si
3148 3404 3341 3451 autem
3386 3398 3633 3466 princeps
3657 3408 3757 3464 pec-

563 3487 795 3550 caverit,
831 3505 849 3537 ι
886 3496 995 3540 etc.
1028 3483 1085 3539 Si
1134 3488 1389 3556 princeps
1435 3494 1491 3539 et
1544 3487 1776 3555 populus
1822 3486 2028 3556 pariter
2057 3486 2219 3556 culpa
2259 3484 2463 3538 fuerint
2504 3484 2714 3548 infecti,
2771 3491 2865 3537 aut
2892 3486 3148 3553 populus,
3183 3486 3278 3555 qui
3318 3486 3549 3556 imperio
3579 3484 3758 3552 regitur,

564 3576 755 3631 solus:
788 3576 950 3642 culpa
981 3574 1232 3629 aboletur
1258 3582 1497 3628 mactato
1521 3574 1712 3628 vitulo.
1745 3573 1841 3629 Sin
1876 3590 2008 3627 vero
2043 3576 2300 3645 princeps
2333 3574 2483 3627 solus
2516 3573 2619 3627 sibi
2657 3572 2875 3642 culpam
2917 3572 3195 3633 asciverit.
3238 3589 3387 3628 caeso
3405 3574 3596 3643 juvene
3619 3572 3755 3631 hirco.

564 3677 676 3718 non
701 3663 868 3717 haedo
908 3672 1001 3714 aut
1026 3676 1216 3731 capro,
1251 3672 1533 3731 peccaturo
1565 3662 1723 3715 eluit.
1768 3660 1967 3716 Hircus
1996 3662 2087 3715 ille
2118 3660 2336 3730 juvenis
2372 3661 2647 3715 adultiore
2676 3662 2742 3714 sit
2773 3670 2929 3715 aetate
2971 3676 3137 3730 quam
3168 3662 3393 3727 hmdus,
3426 3672 3478 3717 et
3512 3662 3760 3713 intirrniore

563 3765 729 3822 quam
757 3764 921 3819 caper
951 3750 1194 3805 adultus.
1230 3748 1430 3803 Hircus
1464 3749 1556 3818 qui
1586 3747 1657 3803 ob
1698 3748 1958 3804 delictum
1997 3749 2262 3819 principis
2298 3750 2631 3813 immolatur,
2672 3749 2945 3820 significat
2971 3766 3269 3820 corporeos
3306 3752 3433 3821 ejus
3463 3748 3662 3804 allectus
3684 3762 3753 3816 pe-

562 3838 717 3893 nitus
745 3852 872 3894 esse
901 3839 1260 3908 cxstirpatos.
1311 3836 1544 3902 Carnes,
1576 3851 1699 3906 qum
1728 3837 2146 3890 committentur
2199 3836 2335 3908 igni,
2388 3837 2596 3905 peccati
2661 3837 3044 3891 remissionem
3096 3850 3403 3908 operantur
3434 3857 3448 3894 :
3491 3854 3583 3891 nec
3614 3846 3754 3889 tamen

564 3926 719 3995 prius
752 3926 807 3979 id
836 3926 1055 3989 accidit,
1095 3941 1259 3995 quam
1291 3925 1429 3978 hirci
1460 3934 1593 3988 vita,
1628 3939 1748 3993 quae
1780 3939 1877 3993 per
1904 3924 2223 3993 sanguinem
2264 3925 2596 3989 insinuatur,
2622 3924 2803 3977 oblata
2839 3923 3004 3977 fuerit
3037 3922 3169 3979 Deo.
3195 3925 3301 3991 Qui
3336 3927 3406 3982 de
3440 3925 3624 3997 pepulo
3647 3936 3751 3977 unus

564 4012 752 4076 fuerit,
779 4023 833 4068 et
868 4022 1152 4083 peceatum
1187 4014 1292 4069 sibi
1324 4013 1686 4076 contraxerit,
1720 4028 1826 4067 non
1862 4014 2113 4067 masculo
2157 4012 2451 4074 sacrificio,
2483 4010 2578 4067 scd
2607 4011 2841 4065 femineo
2872 4010 3085 4066 Numen
3124 4013 3325 4081 placat.
3362 4013 3493 4068 Nam
3522 4027 3606 4082 pro
3632 4008 3752 4062 modo

563 4113 619 4158 et
646 4102 911 4172 qualitate
940 4102 1268 4155 delictorum
1305 4101 1499 4155 hostia:
1530 4100 1662 4156 credi
1701 4101 1898 4156 solent.
1934 4098 2027 4155 Sic
2056 4100 2411 4168 semetipsum
2438 4100 2739 4152 immolavit
2762 4098 3018 4155 Christus
3046 4115 3145 4170 pro
3179 4104 3425 4171 peccatis
3455 4093 3753 4156 nostrisirri-

565 4188 750 4244 tandis
776 4204 872 4243 ceu
908 4189 1136 4251 vitulus.
1157 4188 1251 4257 qui
1289 4188 1435 4241 inter
1464 4203 1661 4258 graves
1698 4197 1751 4243 et
1778 4203 2005 4259 magnas
2035 4194 2360 4242 numeratur
2385 4186 2663 4241 victimas.
2696 4184 2977 4255 Siquidem
3018 4189 3105 4242 ubi
3139 4190 3463 4244 exuberavit
3493 4193 3745 4258 peccatum.

566 4277 641 4332 ibi
675 4275 847 4344 magis
887 4276 1207 4329 exuberavit
1235 4276 1431 4345 gratia.
1464 4274 1571 4329 Pro
1603 4275 1836 4345 singulis
1867 4286 2050 4328 autem
2083 4274 2341 4327 occubuit
2370 4275 2543 4344 magis
2570 4283 2628 4326 ut
2658 4273 2855 4329 haedus
2885 4289 3047 4344 quam
3072 4277 3214 4338 ovis,
3241 4277 3390 4347 quod
3424 4272 3748 4347 peccatoribus

563 4374 620 4420 et
651 4363 858 4432 iniquis
892 4370 1117 4431 propter
1144 4377 1248 4416 nos
1280 4362 1705 4417 assirnilaretur.
1737 4362 1917 4432 iniqui
1955 4362 2156 4416 etenim
2196 4372 2353 4432 typus
2385 4369 2471 4416 est
2520 4361 2738 4423 hmdus.
2774 4364 2937 4418 sicuti
2999 4365 3206 4419 sterilis
3237 4377 3289 4420 et
3320 4367 3559 4436 prolifico
3585 4360 3745 4416 semine

565 4464 798 4523 vacuus.
839 4448 1183 4519 Quapropter
1229 4448 1491 4503 Christus
1527 4451 1748 4519 iniquos
1783 4464 1813 4503 a
1852 4449 2094 4504 sinistris
2133 4464 2232 4503 ccu
2272 4449 2462 4503 Irredos
2514 4449 2828 4503 collocabit.
2874 4448 3123 4506 Chrisms
3161 4468 3262 4521 pro
3298 4455 3457 4509 nobis
3487 4454 3639 4506 instar
3658 4445 3745 4499 ovis

565 4538 786 4595 occisus
812 4545 898 4591 est
938 4546 1163 4606 propter
1188 4549 1344 4589 suam
1379 4536 1701 4605 patientiam
1733 4544 1783 4591 et
1819 4537 2319 4591 mansuetudinem.
2353 4535 2489 4590 Nam
2524 4545 2582 4589 ut
2610 4552 2727 4592 ovrs
2760 4538 2824 4591 ad
2858 4537 3058 4593 caedem
3085 4539 3288 4595 ductos
3328 4553 3412 4597 est
3438 4543 3497 4593 ⁵⁷.
3527 4537 3618 4591 Pro
3638 4532 3740 4588 deli-

566 4641 655 4683 cto
682 4625 949 4698 principis
982 4625 1228 4678 mascula
1257 4625 1461 4688 hostia,
1494 4633 1548 4677 at
1585 4639 1683 4694 pro
1714 4624 1913 4678 delicto
1947 4624 2087 4693 ejus,
2123 4626 2216 4694 qui
2250 4627 2479 4697 imperio
2505 4629 2867 4696 gubernatur,
2906 4627 3121 4684 femella
3158 4633 3483 4687 trucidatur.
3515 4625 3739 4697 Siquidem

565 4731 685 4771 nias
715 4714 1148 4768 dominationem
1191 4720 1244 4767 et
1278 4710 1493 4767 femella
1535 4713 1956 4780 subjectionem,
1998 4711 2306 4783 designant.
2348 4713 2473 4769 Pari
2508 4716 2719 4769 ratione
2750 4722 3045 4785 respondet
3096 4716 3537 4790 delinquentibus
3575 4708 3734 4769 Christi

564 4804 763 4875 gratia.
798 4802 1014 4856 Alicubi
1054 4802 1198 4856 enim
1241 4801 1376 4855 nihil
1406 4800 1665 4855 differunt
1703 4801 1967 4870 principis
2016 4810 2069 4853 et
2100 4801 2303 4855 subditi
2356 4812 2599 4871 peccata.
2628 4803 2995 4870 Quamobrem
3038 4806 3253 4874 majore
3287 4810 3645 4880 pr0pulsautur
3668 4802 3737 4852 bu-

566 4891 696 4946 stia.
736 4888 1006 4944 Cancrum
1046 4889 1101 4943 in
1130 4888 1351 4944 Christo
1385 4897 1617 4959 utraque
1657 4887 2090 4956 perspiciuntur.
2137 4886 2273 4942 Nam
2314 4890 2570 4960 princeps
2600 4901 2809 4955 censet,
2854 4899 3131 4960 quatenus
3162 4905 3246 4948 est
3286 4894 3466 4951 Deus:
3492 4902 3540 4948 et
3571 4891 3615 4944 in
3640 4886 3735 4941 sub-

565 4977 806 5033 ditorum
839 4990 1070 5030 numero
1102 4976 1348 5045 ponitur,
1380 4987 1661 5047 quatenus
1685 4982 1974 5046 reputatur
2005 4974 2190 5030 horno.
2219 4974 2405 5045 Itaque
2427 4987 2482 5032 et
2509 4994 2655 5033 nunc
2680 4979 2862 5034 minor
2900 4980 3075 5034 hostia
3099 4995 3199 5050 pro
3235 4982 3481 5054 principe
3505 4986 3730 5035 mactatur.

564 5063 848 5135 Siquidem
881 5077 1045 5132 caper
1073 5077 1174 5118 nec
1214 5072 1411 5118 taurus
1453 5079 1563 5118 arae
1596 5064 1940 5119 admovetur.
1973 5060 2127 5118 Haud
2155 5063 2409 5117 dissimili
2442 5066 2659 5119 ratione
2695 5080 2796 5120 nec
2846 5068 3072 5137 sanguis
3105 5069 3335 5125 illinitur
3366 5067 3593 5127 interiori
3636 5074 3727 5115 πίε·

562 5152 698 5209 Nam
733 5168 832 5223 pro
862 5153 1133 5223 cujusque
1161 5153 1428 5223 dignitate
1456 5152 1711 5209 Christus
1745 5152 1973 5208 offertur
2003 5168 2019 5207 :
2058 5162 2113 5207 et
2144 5154 2529 5221 unusquisque
2574 5168 2673 5223 pro
2705 5156 3028 5225 semetipso.

632 5238 901 5293 Partiaria
952 5239 1223 5294 sacriﬁcia
1280 5239 1437 5294 nobis
1471 5240 1803 5295 subveniunt
1846 5255 1943 5309 per
1974 5239 2131 5294 holo-

2200 5273 2203 5311 ι
2302 5238 2590 5310 Βοηοεῖται
2638 5241 2798 5297 πάλιν
2829 5243 2900 5296 τὰ
2962 5261 3167 5315 μερικα
3204 5247 3294 5302 διὰ
3336 5249 3445 5303 τῶν
3473 5234 3726 5301 αὐτοτελῶν.

560 5337 754 5385 causta
785 5348 799 5384 :
834 5328 1075 5386 Necnon
1100 5331 1387 5386 caeduntur
1414 5330 1646 5385 victimae
1676 5331 1883 5399 peccati
1914 5330 2006 5385 ubi
2042 5333 2086 5385 ot

2236 5333 2347 5386 Kal.
2389 5331 2653 5401 σφάζεται
2683 5335 2782 5404 μὲν
2823 5336 2894 5390 τὰ
2927 5340 3055 5407 περὶ
3099 5340 3375 5411 ἁμαρτίας
3418 5343 3533 5395 ὅπου
3569 5333 3621 5385 τὰ
3639 5327 3724 5379 ὁλο-

560 5420 815 5495 feruntur
841 5430 896 5477 et
923 5422 1266 5477 holocausta.
1293 5420 1511 5475 Illorum
1555 5421 1808 5490 primitiae
1838 5422 2086 5492 imponur

2236 5424 2571 5494 καυτώματα
2595 5442 2609 5457 '
2648 5427 2856 5481 τίθεται
2886 5429 2943 5483 δὲ
2971 5432 3003 5500 ἡ
3042 5432 3137 5486 ἀπ’
3170 5433 3350 5486 αὐτῶν
3375 5431 3568 5503 ἀπαρχὴ
3591 5422 3724 5477 ἐπάνω

559 5518 651 5566 tur
683 5512 1045 5568 holocaustis.
1090 5512 1224 5567 Nam
1268 5514 1359 5583 qui
1395 5514 1802 5584 particulariter
1854 5516 2085 5585 partieej

2235 5516 2345 5568 τῶν
2366 5517 2848 5588 ὁλοκαυτωμάτων.
2901 5522 2957 5575 Ὀ
2982 5523 3087 5594 γὰρ
3111 5525 3346 5596 Χριστοῦ
3383 5526 3590 5597 μετέχων
3610 5527 3718 5584 μεριι

558 5610 644 5658 est
668 5601 901 5669 Christi,
934 5603 1111 5674 ipsum
1152 5613 1301 5659 tenet
1333 5613 1504 5658 totum
1535 5606 1999 5676 quemadmodum
2030 5622 2084 5675 pr

2237 5608 2369 5673 κῶς,
2403 5609 2491 5662 διὰ
2519 5611 2579 5663 τὸ
2616 5612 2836 5676 τελείως
2869 5615 3008 5686 ὑπὲρ
3035 5617 3157 5670 ὅλου
3191 5617 3287 5672 τοῦ
3329 5620 3516 5691 κόσμου
3540 5601 3718 5665 δεδόσθαι

628 5737 675 5817 ff
705 5735 851 5817 Psal.
892 5755 1042 5817 xxr_v_,
1084 5742 1184 5817 7.”
1224 5740 1425 5817 ἐξίοι)
1459 5756 1513 5801 x.
1573 5742 1697 5817 Η,Δ
1784 5742 1844 5817 ⁸1
1870 5740 2036 5817 Hebr.
2090 5759 2154 5817 an

2183 5788 2185 5801 .
2251 5742 2341 5817 ‘22,
2388 5745 2480 5817 24.
2590 5746 2632 5779 "
2672 5746 2838 5806 Hebr.
2871 5767 2988 5817 xm,
3033 5752 3117 5808 i2.
3228 5755 3272 5788 “
3315 5754 3493 5810 Matth.
3538 5734 3709 5808 “1.3"

558 5806 606 5839 “
630 5806 811 5864 Galat.
844 5826 927 5877 vr,
979 5812 1063 5866 14.
1140 5813 1185 5845 ⁸⁸
1222 5811 1457 5883 Philipp.
1504 5826 1602 5877 ιιι,
1634 5812 1725 5869 16.
1799 5812 1845 5843 ⁸⁸
1872 5814 1977 5867 lsa.
2009 5818 2057 5882 ιζ.

1225 5811 1457 5883 Philipp.
1504 5826 1602 5877 ιιι,
1634 5812 1725 5869 16.
1799 5812 1845 5843 ⁸⁸
1872 5814 1977 5867 lsa.
2009 5818 2057 5882 ις.
2090 5815 2181 5869 ‘20.
2297 5815 2341 5847 ⁸⁷
2384 5814 2486 5870 lsa.
2522 5832 2648 5882 Litt,
2702 5819 2751 5872 7.
