4038 6500
162 328 255 392 709

1193 326 1732 388 COMMENTARII
1767 326 1852 387 IN
1891 324 2333 389 LEVITICUM.

3304 323 3409 387 710

160 441 310 496 αὑτὸν
364 440 578 512 μετέχει
620 441 716 494 καὶ
769 438 956 504 αὐτός.
1008 438 1268 510 Ἀμεινον
1314 439 1372 493 δὲ
1417 440 1620 508 λέγειν,
1656 437 1732 501 ὡς

1853 438 2080 505 Jeccatis
2112 438 2281 492 totius
2330 434 2520 490 mundi
2565 442 2797 491 mortem
2835 434 3089 505 oppetiit.
3139 433 3413 490 Caeterum

161 537 265 587 ἂνω
299 533 397 605 μὲν
432 533 564 605 περὶ
612 531 802 605 ἱερέως
835 532 874 599 ,ὁ
926 531 1151 604 μόσχος,
1204 526 1305 587 ὦδε
1364 531 1549 603 μέντοι
1600 531 1730 603 περὶ

159 628 430 698 ἄρχοντος.

228 801 588 871 Σημειωτὲον,
642 801 725 854 ὅτι
764 800 854 855 οἵα
900 799 1062 854 θυσία
1104 799 1313 868 γίνεται
1362 798 1502 869 ὑπὲρ
1543 798 1731 870 ἱερέως

156 892 510 963 ἁμαρτόντος,
537 892 761 962 τοιαύτη
805 893 900 946 καὶ
939 892 1079 961 ὑπὲρ
1105 892 1442 961 ἁμαρτόντος
1479 891 1630 957 λαοῦ,
1667 890 1729 944 οὐ

158 985 267 1054 μὴν
297 982 352 1035 δὲ
388 986 485 1035 καὶ
510 982 607 1036 τοῦ
636 983 896 1053 ἄρχοντος
916 999 930 1013 ο
974 983 1049 1048 ὡς
1092 978 1231 1037 εἶναι
1260 983 1437 1053 δῆλον,
1484 984 1567 1036 ὅτι
1608 982 1732 1053 μεί-

158 1077 265 1140 ζων
312 1078 340 1129 ὁ
396 1077 579 1147 ἱερεὺς
627 1075 722 1129 τοῦ
777 1076 1081 1147 ἄρχοντος,
1129 1076 1224 1129 καὶ
1282 1078 1311 1129 ὁ
1347 1075 1475 1137 λαὸς
1509 1075 1731 1143 ὁμοίως.

158 1168 319 1221 Ὅθεν
364 1166 518 1238 παρὰ
565 1169 680 1229 τοῖς
726 1166 975 1238 ἀρχαίοις
1016 1166 1148 1220 ἔνιοι
1176 1166 1286 1219 τῶν
1334 1165 1596 1236 βασιλέων
1640 1164 1736 1218 καὶ

161 1258 349 1328 ίερέων
398 1256 687 1328 ἀξιώματα
735 1257 1117 1327 περιετίθεσαν
1168 1259 1419 1321 ἑαυτοῖς·
1477 1256 1551 1328 (5)
1584 1256 1645 1309 τὸ
1680 1256 1738 1310 δὲ

158 1350 286 1419 περὶ
320 1350 553 1403 ἑκάστου
586 1350 694 1402 τῶν
735 1350 799 1402 ὲκ
848 1347 942 1402 τοῦ
976 1348 1132 1413 λαοῦ,
1173 1348 1330 1418 θῆλυ.
1374 1349 1530 1401 Ἐστι
1557 1347 1687 1417 γοῦν
1714 1349 1743 1401 ὁ

160 1439 282 1503 λαὸς
326 1442 384 1492 ὲν
434 1440 675 1511 σχήματι
726 1439 947 1508 θηλείας
996 1440 1133 1511 πρὸς
1159 1440 1286 1503 τοῦς
1326 1440 1630 1509 ἄρχοντας’
1660 1440 1744 1493 ὅτι

159 1532 214 1584 τὸ
261 1534 434 1603 ἄρσεν
487 1532 852 1602 ἡγεμονικὸν,
902 1532 965 1585 τὸ
1014 1532 1073 1585 δὲ
1128 1530 1259 1603 θῆλυ
1301 1532 1562 1602 ὑπήκοον.
1600 1532 1745 1600 Πλὴν

159 1624 293 1695 ὁμοῦ
324 1642 389 1693 γε
419 1626 640 1696 σύμπας
673 1626 700 1677 ὁ
734 1622 861 1686 λαὸς
890 1622 968 1693 τῷ
999 1623 1247 1692 ἀρχιερεῖ
1274 1620 1637 1692 ἐξομοιοῦται.

1838 529 1971 583 mihi
2014 529 2236 585 videtur
2264 529 2366 583 hoc
2398 529 2520 582 loco
2549 528 2739 583 eadem
2780 528 2924 582 ratio
2956 543 3081 583 esse
3129 529 3417 590 sacriﬁcii,

1837 634 1979 689 quos
2027 619 2191 674 oﬁ‘ert
2225 619 2505 687 princeps,
2548 632 2672 686 quae
2726 633 2895 687 supra
2947 617 3052 672 fuit
3098 616 3171 672 de
3218 619 3414 684 vitulo,

1853 710 1947 779 qui
1985 710 2291 764 necabatur
2318 723 2417 778 pro
2446 708 2760 763 sacerdote.

1913 800 2227 856 Notandum
2275 811 2461 857 tamen
2498 817 2725 864 censeo,
2775 800 2921 871 quod
2968 800 3180 856 eisdem
3221 801 3419 854 hostiis

1839 894 2003 948 litant
2036 893 2299 949 sacerdos
2333 902 2386 948 et
2424 894 2660 963 populus
2686 892 2731 947 si
2765 894 2926 962 culpa
2962 907 3019 946 se
3042 893 3417 955 oneraverint,

1840 995 1898 1040 at
1932 986 2165 1041 diversis
2201 1001 2365 1040 suum
2418 994 2702 1056 peccatum
2743 983 2909 1037 diluit
2964 990 3240 1055 princeps.
3280 984 3421 1050 Quia

1840 1078 2123 1149 princeps,
2152 1094 2317 1149 quam
2363 1078 2597 1149 primum
2640 1087 2865 1148 peccato
2900 1093 2959 1132 se
2999 1079 3420 1130 contaminave-

1841 1170 1915 1225 rit
1946 1170 2112 1225 desiit
2139 1184 2264 1225 esse
2298 1170 2557 1241 princeps
2607 1178 2663 1223 et
2720 1183 2821 1223 sua
2876 1169 3147 1238 dignitate
3196 1169 3420 1222 excidit.

1840 1261 2035 1332 Itaque
2070 1262 2200 1317 hinc
2246 1264 2506 1334 colligere
2538 1263 2688 1328 licet,
2728 1262 3073 1318 sacerdotem
3104 1276 3227 1315 esse
3252 1261 3426 1313 hono-

1842 1354 2105 1409 ratiorem
2154 1355 2401 1424 principe
2435 1371 2449 1409 :
2487 1356 2651 1409 etiam
2703 1355 2962 1424 populum
3001 1352 3213 1421 majore
3242 1352 3427 1420 digni-

1843 1453 1979 1510 tate,
2041 1462 2204 1516 quam
2271 1446 2599 1517 principem,
2657 1448 2971 1517 splendere.
3028 1445 3138 1498 Pro
3201 1451 3429 1514 peccato

1850 1533 2299 1606 uniuscujusque
2366 1552 2432 1591 ex
2484 1536 2725 1606 populo,
2777 1535 2993 1591 femella
3068 1533 3427 1597 trucidatur;

1851 1627 1980 1695 quia
2014 1629 2254 1698 populus
2286 1630 2433 1683 velut
2468 1629 2683 1684 femella
2719 1644 2778 1683 se
2801 1628 2966 1683 habet
2997 1634 3249 1697 respectu
3283 1626 3434 1695 prin-

164 1722 371 1788 cipum.
411 1715 699 1787 Siquidem
737 1730 857 1770 mas
889 1714 1300 1769 damnationem
1336 1723 1392 1770 et
1421 1713 1641 1770 femella
1704 1715 2104 1787 subjectionem
2146 1721 2462 1793 designant.
2502 1724 2733 1794 insuper
2764 1723 2918 1793 plebs
2950 1723 3135 1777 omnis
3182 1720 3428 1792 pontiﬁci

166 1811 538 1866 assimilatur.

235 1901 598 1971 Quapropter
623 1902 827 1969 priscis
852 1897 1217 1968 temporibus,
1261 1897 1483 1969 quidam
1512 1912 1674 1968 reges
1704 1894 2037 1953 sacerdotali
2062 1894 2331 1965 dignitate
2366 1897 2696 1967 semetipsos
2721 1910 3077 1952 ornaverunt.

232 2036 252 2069 ι
293 2017 395 2071 Ἐκ
424 2014 516 2069 τοῦ
542 2013 672 2067 λαοῦ
702 2014 759 2067 δὲ
790 2014 889 2083 τῆς
918 2011 1045 2082 γῆς,
1077 2031 1096 2064 ι
1136 2014 1323 2085 φησιν,
1365 2013 1440 2077 ὡς
1466 2012 1620 2075 ὄντος
1648 2012 1741 2065 καὶ

1919 2010 2149 2080 lnquit:
2187 2028 2205 2061 (
2254 2009 2331 2063 Ex
2366 2011 2569 2081 popqu
2619 2019 2805 2075 terrae,
2846 2030 2865 2062 ι
2906 2021 3039 2074 etc.,
3084 2011 3240 2082 quasi
3295 2011 3435 2064 alins

158 2110 290 2165 λαοῦ
320 2107 575 2180 οὐρανοῦ,
608 2105 775 2160 αὐτοῦ
806 2104 899 2159 τοῦ
927 2105 1062 2161 λαοῦ
1087 2106 1187 2175 τῆς
1210 2105 1316 2175 γῆς
1344 2121 1358 2135 '
1388 2106 1447 2159 ὲν
1479 2105 1748 2175 ἐλαχίστῳ

160 2202 459 2273 γενομένου
490 2198 683 2254 πιστοῦ
724 2202 791 2271 τῇ
836 2200 931 2270 γῇ,
976 2197 1493 2269 ἀναλαμὸανομένου
1532 2198 1614 2260 εἰς
1656 2198 1752 2249 οὺ-

166 2295 357 2368 ρανδν,
392 2294 481 2346 ⁵ἱνα
528 2294 757 2363 γένηται
803 2290 933 2355 λαὸς
974 2289 1228 2375 οὐρανοῦ.
1262 2290 1462 2361 Ἦ.μία
1509 2290 1566 2344 δὲ
1602 2288 1752 2362 ψυχὴ

166 2387 310 2458 μετὰ
356 2386 458 2456 τὴν
500 2383 883 2455 πλημμέλειαν
902 2381 1106 2453 γνοῦσα
1138 2382 1239 2453 τὴν
1268 2382 1545 2453 ἁμαρτίαν
1579 2399 1753 2453 προσ-

166 2482 329 2553 φέρει
377 2480 477 2549 τὴν
529 2477 740 2541 θυσίαν,
800 2476 895 2531 καὶ
950 2476 1012 2530 οὐ
1059 2476 1322 2547 πρότερον
1361 2478 1461 2547 τῆς
1498 2474 1755 2543 γνώσεως

163 2572 384 2640 γίνεται
420 2572 449 2623 ὁ
490 2569 717 2640 ἱλασμὸς
760 2568 855 2623 καὶ
900 2569 934 2639 ἡ
974 2568 1189 2637 ἄφεσις.
1238 2568 1416 2638 Ὅπερ
1447 2568 1538 2620 ἐπὶ
1589 2567 1753 2637 μόνου

162 2666 262 2720 τοῦ
302 2664 607 2735 ἀρχιερέως
636 2662 737 2716 οὐκ
770 2660 1009 2733 εἴρηται.
1046 2661 1121 2713 Οὐ
1158 2660 1267 2731 γὰρ
1296 2659 1506 2729 ἀγνοῶν
1534 2660 1752 2731 ἔρχεται

162 2758 249 2819 είς
270 2756 594 2823 ἐπίγνωσιν.

238 2846 338 2910 Τὸ,
379 2866 395 2896 ι
422 2846 516 2908 Εἰς
543 2842 718 2915 ὀσμὴν
749 2842 1001 2910 εὐωδίας,
1036 2861 1054 2895 ι
1112 2842 1206 2896 ἐπὶ
1238 2842 1401 2911 μόνου
1442 2840 1535 2895 τοῦ
1577 2843 1761 2912 ἡμαρ-

162 2939 407 3010 τηκὸτος
458 2938 674 3006 λέγεται
713 2935 927 3001 λαῖκοῦ,
962 2935 1117 3007 παρὰ
1144 2934 1237 2989 τὸν
1296 2934 1467 3005 ἱερέα,
1520 2936 1613 2987 καὶ
1660 2934 1759 3004 τὴν

1852 2104 1925 2159 sit
1969 2103 2229 2173 populus,
2284 2119 2481 2173 nempe
2513 2106 2781 2160 caelestis.
2842 2105 3129 2176 Siquidem
3194 2108 3437 2176 populus

1853 2195 1947 2265 qui
1997 2196 2051 2249 in
2085 2210 2279 2264 parvo,
2323 2198 2536 2251 scilicet
2591 2197 2648 2250 in
2702 2206 2852 2253 terra
2902 2198 3294 2268 promissionis
3335 2198 3438 2250 fuit

1858 2288 2035 2344 ﬁdelis
2075 2288 2127 2341 in
2156 2288 2357 2342 coelum
2398 2290 2704 2345 translatus
2744 2297 2829 2345 est
2855 2300 2910 2346 et
2943 2290 3186 2346 donatus
3216 2290 3440 2344 civitate

1857 2380 2093 2435 caelesti.
2141 2378 2318 2435 Homo
2352 2392 2537 2436 autem
2584 2396 2731 2437 unus
2784 2382 2900 2438 sive
2950 2382 3133 2437 anima
3180 2398 3309 2450 una,
3348 2381 3440 2436 ubi

1863 2473 2123 2541 cognorit
2159 2488 2323 2526 suum
2381 2481 2696 2544 peccatum,
2733 2474 2958 2529 adducit
3006 2475 3288 2541 hostiam;
3342 2488 3443 2528 nec

1864 2562 1970 2615 nisi
2002 2562 2186 2616 oblata
2230 2562 2461 2617 victima
2502 2563 2715 2634 peccati
2753 2564 3013 2620 remissio
3044 2565 3303 2636 obtingit.
3333 2563 3443 2619 Ve-

1862 2668 1984 2707 rum
2018 2654 2123 2707 hoc
2157 2654 2297 2709 fallit
2337 2656 2395 2709 in
2433 2656 2554 2710 solo
2580 2655 2897 2712 sacerdote.
2940 2655 3061 2713 Non
3093 2657 3241 2712 enim
3286 2658 3443 2729 igno-

1863 2757 2053 2799 ranter
2087 2746 2239 2800 venit
2271 2747 2325 2800 in
2370 2747 2583 2817 peccati
2616 2746 2892 2802 notitiam.

1932 2834 2089 2901 Quod
2143 2836 2407 2891 scribitur
2452 2853 2467 2890 :
2508 2856 2526 2888 ι
2571 2836 2631 2890 1η
2697 2836 2922 2892 odorem
2982 2839 3142 2892 bona:
3194 2836 3449 2908 fragran-

1863 2926 1974 2990 tize.
2018 2946 2036 2980 ι
2072 2936 2206 2994 etc.,
2240 2928 2515 2998 adjectum
2561 2938 2645 2985 est
2680 2937 2908 3000 pr0pter
2941 2930 3121 2986 solum
3167 2931 3443 3002 privatum

166 3032 527 3102 συναγωγὴν,
565 3030 780 3084 καὶτὸν
818 3028 1075 3100 ἄρχοντα.
1406 3042 1419 3049 “

1865 3020 2139 3074 hominem
2200 3032 2553 3091 peccantem;
2619 3038 2723 3078 nec
2776 3022 2998 3077 additur
3060 3024 3114 3077 in
3177 3025 3447 3078 relatione

1861 3111 2195 3174 sacerdotis,
2236 3127 2529 3181 synagogm
2574 3114 2658 3166 vel
2715 3112 2989 3183 principis
3043 3114 3442 3184 delinquentis.

246 3205 314 3260 Si
366 3206 547 3258 anima
587 3204 898 3275 peccaverit,
932 3212 978 3255 et
1021 3199 1280 3254 audiverit
1324 3215 1498 3251 vocum
1550 3198 1870 3269 juramenti,
1905 3213 2010 3255 etc.
2050 3200 2140 3273 ιν,
2174 3202 2251 3273 5.]
2283 3201 2467 3257 Primo
2498 3205 2620 3260 loco
2645 3206 2801 3274 ponit
2832 3207 3178 3275 negationem
3212 3208 3445 3277 peceati,

166 3294 345 3367 33a
378 3293 576 3349 deinde
609 3292 801 3349 subdit
835 3292 1013 3363 ipsum
1047 3298 1354 3359 peccatum.
1394 3285 1655 3341 Bifariam
1692 3298 1870 3341 autem
1901 3288 1989 3344 hic
2022 3291 2175 3345 locus
2206 3292 2571 3363 intelligitur:
2599 3303 2696 3348 aut
2734 3295 2778 3349 si
2811 3296 2939 3364 quis
2968 3296 3207 3364 aliquem
3236 3310 3448 3365 cogno-

168 3385 320 3438 verit
355 3383 638 3453 pejerasse
672 3390 725 3436 el
754 3380 1060 3450 productus
1093 3377 1277 3439 testis,
1322 3384 1381 3429 ut
1410 3375 1461 3429 id
1499 3386 1781 3445 peccatum
1822 3376 2046 3443 indicet,
2073 3386 2127 3431 et
2149 3380 2199 3433 id
2234 3380 2416 3435 celare
2460 3382 2515 3436 in
2558 3383 2805 3437 animum
2858 3383 3159 3437 induxerit.
3196 3382 3309 3437 llnc
3347 3395 3450 3437 ter.

171 3471 557 3545 giversatione
592 3477 880 3539 peccatum
942 3466 1044 3521 sibi
1085 3480 1194 3518 non
1246 3479 1474 3534 parvum
1511 3461 1735 3516 conﬁat.
1772 3465 1880 3517 Aut
1914 3466 1959 3519 si
1988 3466 2117 3535 quis
2148 3468 2511 3536 jurejurando
2550 3470 2804 3534 adactus,
2850 3480 2909 3525 nt
2962 3472 3170 3540 aliqua,
3200 3487 3325 3538 qua:
3354 3489 3449 3526 oc-

172 3560 329 3616 culta
366 3566 517 3621 sunt,
550 3556 814 3627 proferat,
862 3562 1157 3609 cunctatur
1189 3568 1273 3616 ea,
1311 3552 1436 3605 licet
1464 3550 1602 3605 sciat
1652 3551 1827 3620 palam
1858 3552 2061 3620 facere,
2088 3569 2116 3607 a
2153 3563 2380 3624 peccato
2422 3558 2568 3611 haud
2615 3559 2881 3612 immunis
2916 3567 3025 3613 est.
3058 3558 3193 3612 Nam
3243 3562 3291 3613 si
3328 3562 3453 3629 quis

174 3665 293 3702 non
333 3646 543 3700 indicet
576 3643 1016 3714 delinquentem,
1064 3656 1165 3696 nec
1198 3640 1452 3695 observet
1479 3640 1715 3692 delatum
1756 3640 2087 3696 auctoritate
2142 3642 2762 3713 jndicisjusjurandum
2821 3647 3131 3714 peccatoris
3160 3656 3449 3715 peccatum

176 3736 230 3790 in
275 3749 337 3789 se
366 3732 656 3787 transfert.
688 3729 843 3784 Haud
886 3730 1034 3784 enim
1087 3728 1266 3783 solum
1310 3742 1409 3781 nos
1438 3741 1466 3779 a
1499 3728 1742 3796 peccatis
1771 3727 2051 3782 abstinere
2077 3739 2316 3799 Oportet,
2355 3731 2449 3785 sed
2482 3731 2867 3803 redarguendo
2900 3743 2954 3786 et
2985 3732 3285 3787 indicando
3321 3751 3451 3805 pec-

178 3822 297 3876 cati
338 3818 495 3873 radix
533 3819 825 3873 incidenda
863 3826 967 3871 est.
1001 3814 1291 3883 Scriptura
1323 3827 1561 3882 namque
1599 3814 1681 3866 sic
1715 3828 1815 3867 nos
1844 3816 2171 3870 cohortatur
2202 3836 2216 3871 :
2268 3837 2287 3869 ‹
2336 3817 2517 3873 Nolite
2550 3820 2969 3874 communicare
3012 3822 3272 3890 operibus
3304 3831 3454 3875 tene-

178 3910 415 3964 brarum
466 3904 843 3975 infrugiferis;
874 3905 983 3957 imo
1020 3902 1163 3972 quod
1204 3900 1455 3971 poteritis
1482 3901 1572 3952 illa
1605 3916 1770 3969 opera
1806 3902 2188 3970 reprehendite
2221 3912 2272 3957 et
2310 3904 2568 3960 refellite.
2605 3924 2624 3955 ι
2662 3905 2808 3961 Alibi
2834 3908 3020 3960 eadem
3058 3907 3342 3976 Scriptura
3369 3908 3456 3962 in-

181 4001 347 4070 quit:
392 4016 410 4047 (
459 3994 631 4049 Plane
662 3994 853 4049 occide
885 4000 1205 4062 peccatores
1242 3999 1427 4052 terra},
1474 3998 1532 4041 ut
1573 3989 1846 4057 exstirpes
1909 4005 1976 4042 ex
2032 3990 2254 4045 civitate
2324 3992 2542 4047 Domini
2587 4009 2779 4050 omnes
2835 4004 3118 4065 patrantes
3179 3996 3461 4065 injustitia:

182 4103 361 4158 opera
392 4086 459 4140 ⁸⁸.
506 4104 524 4136 ι
568 4083 836 4138 Praeterea
888 4081 1085 4149 legitur
1118 4098 1131 4133 :
1177 4098 1196 4131 ι
1237 4078 1456 4134 Judicio
1489 4078 1639 4147 justo
1667 4078 1913 4147 judicate
1941 4087 1993 4131 et
2031 4082 2261 4134 asserite
2292 4082 2493 4149 injuria
2526 4084 2962 4139 circumventum
3004 4086 3069 4138 ⁶⁰.
3114 4104 3131 4137 ι
3164 4084 3323 4153 llinc,
3364 4087 3459 4158 qui

180 4176 390 4229 reticet
443 4179 729 4240 peccatum
790 4169 1023 4223 alterius
1061 4176 1377 4235 contempta
1429 4166 1689 4235 religione
1718 4164 2111 4234 jurisjurandi,
2152 4169 2645 4237 conjnnxitillum,
2693 4173 2786 4241 qui
2832 4173 3154 4241 inquinatur
3202 4186 3460 4231 contactu

184 4260 470 4317 immundi
515 4266 569 4313 et
608 4256 806 4325 impuri
846 4256 1101 4310 hominis.
1141 4254 1608 4320 Quemadmodum
1658 4268 1767 4307 non
1818 4265 2012 4322 suopte
2042 4254 2260 4324 ingenio
2302 4258 2392 4311 ille
2429 4270 2853 4329 conspurcatur,
2887 4265 2979 4316 sed
3014 4263 3246 4317 alterius
3282 4275 3465 4318 conta-

181 4352 298 4420 gio,
357 4347 443 4403 sic
474 4349 568 4416 qui
606 4345 814 4399 obticet
846 4352 1132 4413 peccatum
1176 4342 1426 4404 alterius,
1476 4341 1621 4409 quod
1667 4342 2018 4411 relegendqu
2053 4351 2190 4406 erat,
2228 4347 2640 4400 contaminatur
2668 4348 2887 4414 illicito,
2923 4366 3019 4402 t'eu
3052 4367 3107 4402 re
3151 4351 3335 4421 aliqua
3366 4351 3464 4403 im-

181 4438 431 4500 tnunda.
466 4435 716 4493 silentio.
744 4433 865 4489 Una
895 4432 1067 4502 igitur
1097 4446 1263 4500 opera
1294 4431 1452 4485 nobis
1484 4429 1570 4483 hic
1609 4437 2002 4483 connnemorat
2042 4436 2096 4483 et
2132 4438 2322 4499 typum
2356 4442 2410 4486 et
2439 4434 2724 4489 veritatem
2764 4436 2867 4490 hoc
2895 4446 3022 4507 typo
3049 4439 3307 4492 velatam.
3346 4439 3465 4494 Cae-

184 4536 373 4581 terum
417 4533 702 4596 peccatum
736 4522 870 4576 illud
899 4519 1206 4582 evanescit,
1246 4518 1290 4573 si
1328 4517 1749 4573 intercesserint
1798 4516 2103 4569 enuntiatio
2137 4526 2192 4571 et
2224 4519 2468 4574 victima.
2530 4520 2710 4577 Mouet
2751 4523 3025 4593 siquidem
3069 4525 3352 4594 Scriptura
3410 4526 3465 4579 in

182 4616 341 4670 ltum:
369 4612 601 4667 modum
641 4629 655 4665 :
702 4628 720 4661 ι
754 4608 853 4661 Dic
885 4616 940 4661 tu
993 4607 1232 4675 primmn
1276 4604 1598 4674 iniquitates
1653 4616 1798 4665 tuas,
1837 4603 2223 4673 utjnstiﬁcere
2269 4609 2337 4661 “.
2387 4627 2406 4659 ι
2441 4609 2497 4662 ln
2531 4611 2761 4678 psalmis
2784 4614 3050 4680 scriptum
3077 4621 3161 4667 est
3200 4631 3213 4665 :
3245 4630 3267 4665 ι
3303 4611 3465 4669 Dixi:

184 4700 517 4755 Enuntiabo
539 4706 729 4752 contra
764 4710 850 4750 me
879 4699 1107 4765 peccata
1142 4705 1259 4745 mea
1290 4689 1547 4745 Domino.
1571 4688 1637 4742 Et
1665 4699 1723 4743 tu
1754 4690 1983 4759 gratiam
2007 4691 2189 4747 fecisti
2222 4694 2484 4763 impietati
2510 4695 2694 4750 cordis
2717 4698 2962 4751 llleln'.)
2996 4696 3192 4752 Verum
3223 4698 3328 4754 hoc
3358 4715 3468 4754 non

186 4790 330 4844 satis
359 4788 563 4841 fuisset
594 4784 660 4837 ad
687 4782 1021 4836 oblationem
1052 4777 1291 4850 peccati,
1319 4777 1366 4831 si
1399 4792 1508 4831 non
1544 4790 1642 4845 pro
1671 4777 1831 4831 nobis
1862 4781 2058 4836 mortis
2089 4782 2392 4851 periculum
2418 4782 2645 4839 adiisset
2675 4784 2955 4840 Christus.
2989 4785 3207 4854 Septies
3244 4788 3472 4856 sangui-

188 4892 321 4931 nem
357 4888 657 4942 aSpergere
684 4870 931 4940 praecipit
965 4868 1144 4923 Moses
1180 4883 1193 4919 :
1217 4867 1345 4934 quia
1372 4880 1437 4919 ex
1466 4875 1674 4933 septem
1701 4865 1935 4934 guttulis
1964 4867 2169 4923 virtute
2197 4877 2253 4923 et
2274 4870 2518 4924 eﬁlcacia
2547 4871 2834 4941 sanguinis
2860 4888 2925 4927 ex
2967 4873 3228 4929 universo
3261 4876 3469 4929 saeculo

190 4965 301 5016 hoc
331 4975 561 5014 sursqu
599 4958 723 5027 rapi
754 4956 1057 5011 hominem.
1090 4951 1362 5006 lmmolati
1404 4953 1645 5021 passeris
1678 4960 1846 5021 caput
1873 4967 1982 5007 non
2011 4956 2228 5023 penitus
2268 4966 2502 5011 resecat.
2531 4955 2668 5011 Nam
2694 4974 2843 5013 mors
2865 4959 3068 5014 Christi
3099 4975 3210 5016 ηοιι
3242 4962 3474 5017 divisio-

192 5064 325 5102 nem
349 5045 598 5116 perﬁcit,
634 5045 731 5099 sed
760 5046 1019 5098 unionem
1060 5040 1350 5095 charitatis
1380 5039 1608 5093 inducit.
1642 5038 1985 5109 Quapropter
2014 5057 2115 5096 nec
2136 5044 2259 5113 agni
2282 5044 2558 5114 paschalis
2595 5060 2795 5100 carnes
2829 5045 2978 5103 foras
3010 5047 3381 5102 efferebantur
3406 5064 3475 5105 ex

189 5150 258 5189 ea
280 5134 479 5198 domo,
515 5133 569 5185 in
612 5147 719 5202 qua
754 5130 1079 5185 edebantur.
1115 5124 1375 5181 Christus
1424 5139 1529 5180 non
1559 5123 1772 5179 divisus
1804 5134 1913 5191 est,
1946 5130 2041 5183 sed
2065 5144 2209 5186 unus
2237 5140 2291 5185 et
2315 5141 2466 5187 totus
2494 5134 2727 5203 singulis
2770 5142 2825 5188 et
2856 5135 3113 5189 omnibus
3158 5134 3323 5189 inest.
3356 5135 3475 5204 Ipse

193 5222 483 5291 siquidem
518 5227 605 5274 est
646 5234 750 5289 pax
802 5224 993 5272 nostra
1038 5212 1386 5283 c0njungens
1430 5227 1532 5266 nos
1585 5212 1842 5276 invicem,
1881 5220 1936 5266 et
1988 5208 2100 5267 Deo
2138 5216 2427 5283 copulatis.
2462 5214 2899 5271 Tabernaculum
2948 5233 3167 5286 quoque
3202 5218 3478 5271 irroratnr

196 5309 503 5378 sanguine,
535 5306 632 5376 qui
668 5314 828 5376 typus
862 5302 1138 5373 signiﬁcat
1177 5300 1500 5354 Ecclesiam.
1532 5296 1742 5353 Turtur
1778 5316 1920 5356 unus
1951 5315 2053 5372 pro
2094 5312 2320 5371 peccato
2346 5304 2620 5358 occiditur
2649 5322 2662 5359 :
2698 5307 2837 5360 alter
2876 5307 2929 5359 in
2960 5304 3346 5358 holocaustum
3383 5321 3474 5358 ce-

197 5397 309 5451 dit.
342 5395 525 5450 Ambo
556 5394 875 5465 signiﬁcant
901 5390 1206 5453 Christum,
1234 5390 1330 5459 qui
1358 5402 1459 5458 pro
1489 5386 1650 5443 nobis
1687 5394 1773 5442 est
1810 5398 2146 5460 peremptus,
2184 5396 2239 5445 et
2266 5390 2319 5444 in
2376 5391 2605 5447 odorem
2645 5393 2800 5447 home
2828 5392 3143 5464 fragrantia:
3181 5406 3281 5445 ceu
3324 5392 3476 5447 holo-

293 5528 343 5561 “
377 5525 585 5599 Ephes.
618 5540 673 5591 v,
716 5524 805 5578 11.
898 5523 943 5555 ⁶⁹
980 5519 1127 5578 Psal.
1166 5532 1219 5585 c,
1247 5518 1301 5584 8,
1341 5518 1395 5574 9.
1494 5518 1542 5549 '°
1577 5516 1737 5574 Deut.

1864 5522 1960 5589 16;
2004 5537 2126 5579 cxvt
2151 5562 2167 5589 ,
2202 5521 2289 5578 l9.

1722 5633 1961 5694 NOTE.

277 5740 367 5813 (5)
397 5737 481 5794 Τὰ
508 5736 749 5808 ἑπόμενα
795 5733 960 5806 ἐν’τῷ
984 5732 1085 5806 τῆς
1109 5733 1246 5802 Αὐγ.
1270 5729 1401 5787 κὼδ.
1435 5730 1495 5784 οὐ
1523 5730 1722 5784 κεῖται.

2380 5524 2423 5557 τί
2461 5523 2565 5579 lsa.
2613 5538 2777 5589 xtui,
2824 5521 2914 5579 26.
2990 5518 3475 5586 “’Psal.xxxr,5.
