3864 6496
592 340 690 408 7:1
1890 328 2249 392 PROCOPII
2290 328 2537 389 GAZ/El
3702 334 3779 397 πη

594 464 847 508 caustnm
874 446 1022 505 Patri
1057 453 1143 502 est
1175 444 1414 512 oblatus.
1468 440 1739 498 Praeterea
1777 450 1837 498 ut
1874 441 2129 511 pretium,
2163 451 2272 507 quo
2304 436 2551 490 omnium
2588 435 2696 490 vita
2728 434 3118 502 redimeretur,
3160 435 3401 505 seipsum
3434 435 3609 493 obtulit
3636 441 3780 496 admo-

597 550 688 595 tus
709 554 815 592 arae
850 545 910 589 ut
940 533 1253 590 certissima
1278 531 1596 602 propitiatio
1615 540 1668 585 et
1694 530 1937 600 expiatio
1953 536 2302 598 peccatorum
2342 532 2677 580 nostrorum.
2708 520 2918 579 Simila:
2936 540 3045 579 non
3070 524 3293 579 additur
3313 526 3395 579 vel
3417 525 3579 579 oleum
3591 527 3782 583 reltlius.

596 626 738 694 Quia
773 639 870 693 pro
893 628 1122 692 peccato
1158 619 1411 674 olTertur.
1447 617 1741 673 Peccatum
1763 626 1945 672 autem
1979 631 2155 684 neque
2185 612 2429 667 laetitiam
2454 626 2636 681 neque
2666 612 2867 666 bonam
2900 611 3259 683 fragrantiam
3296 628 3406 683 pra:
3429 628 3485 668 se
3510 614 3615 669 fert.
3644 615 3783 671 Simila

593 724 682 770 est
716 712 963 773 materia,
994 726 1059 763 ex
1092 725 1196 778 qua
1228 707 1385 778 panis
1416 718 1663 776 paratur.
1700 704 1839 760 Vita:
1867 720 1996 758 vero
2033 714 2197 772 typus
2219 708 2305 755 est
2336 702 2512 769 panis.
2553 700 2819 755 Creterum
2855 716 2952 770 per
2976 701 3255 757 Christum
3292 704 3456 755 etiam
3484 711 3723 770 peccatum
3746 706 3785 759 in

599 803 841 857 laetitiam
874 799 1127 862 vertitur,
1155 797 1245 850 ubi
1280 796 1374 849 illo
1393 794 1597 850 fuerint
1625 794 1797 850 nostri
1834 792 2002 847 animi
2037 790 2273 846 liberati.
2303 789 2438 843 Nam
2471 791 2732 845 sacerdos
2754 791 2930 844 volam
2953 792 3187 860 implens
3215 790 3425 856 simila,
3452 806 3562 844 eam
3587 790 3787 863 inspergil

596 886 957 947 holocaustis,
983 885 1178 939 iterum
1210 890 1416 951 partem
1435 896 1530 951 per
1554 889 1731 933 totum
1751 878 2143 934 corroborans.
2168 876 2467 933 Residuum
2490 877 2759 933 sacerdoti
2785 878 3039 942 traditur,
3064 885 3123 932 ut
3146 877 3271 933 inde
3289 877 3485 941 alatur,
3505 878 3648 933 sicuti
3665 881 3785 933 etiam

595 975 801 1043 expetit
836 987 1037 1026 munus
1069 971 1285 1025 similae.
1342 968 1461 1022 lllic
1497 967 1843 1022 sacerdotem
1890 966 2215 1036 participem
2245 980 2355 1020 arae
2380 964 2596 1032 reddit;
2631 966 2720 1021 hic
2758 966 2925 1021 eﬂicit
2950 977 3012 1021 ut
3042 968 3301 1023 sacerdos
3334 968 3567 1037 peccauti
3591 968 3789 1021 auxilium

599 1059 758 1124 lerat,
790 1076 856 1114 ne
890 1058 1100 1130 peccati
1129 1066 1387 1111 contactu
1422 1055 1641 1124 penitus
1676 1061 1883 1125 pereat.
1906 1053 2019 1109 Hoc
2049 1064 2232 1110 autem
2266 1054 2399 1109 illud
2422 1062 2529 1122 est,
2555 1054 2699 1125 quod
2733 1054 2941 1111 Paulus
2976 1056 3020 1087 ⁷¹
3054 1065 3214 1111 vocat
3245 1057 3440 1111 datum
3473 1065 3523 1110 et
3551 1065 3788 1125 acceptum.

665 1185 785 1248 Qua
848 1181 1061 1237 ratione
1091 1180 1267 1235 affinis
1308 1187 1394 1235 est
1448 1193 1644 1250 preme,
1696 1178 1791 1250 qui
1852 1177 2063 1248 juravit
2115 1194 2174 1233 se

2346 1181 2470 1245 Πῶς
2499 1182 2557 1236 δὲ
2589 1182 2895 1248 ὑπεύθυνος
2946 1187 3045 1239 καὶ
3089 1185 3117 1238 ὁ
3159 1184 3484 1238 κακοποιεῖν
3518 1182 3709 1253 ὀμόσας,
3727 1189 3793 1240 καὶ

596 1275 1045 1337 maleiacturnm,
1100 1284 1152 1327 et
1206 1273 1410 1327 oblivio
1468 1273 1741 1343 ohrepens
1786 1272 1855 1325 ab
1901 1271 2175 1325 maleﬁcio

597 1383 721 1422 eum
763 1365 1081 1420 submovit?
1132 1362 1250 1418 Non
1309 1364 1397 1418 bic
1448 1365 1729 1433 plectitur,
1778 1363 1921 1432 quod
1964 1364 2173 1417 nullum

599 1457 785 1510 scelus
822 1454 1125 1526 patraverit
1163 1472 1175 1507 :
1222 1452 1317 1508 sed
1348 1453 1583 1507 crimine
1624 1462 1863 1514 tenetur,
1896 1452 2039 1521 quod
2096 1459 2176 1506 te—

599 1563 747 1602 mere
774 1547 1061 1616 juraverit.
1092 1545 1225 1598 Cum
1259 1555 1442 1597 autem
1494 1544 1658 1596 homo
1711 1544 2053 1613 compositus
2105 1542 2177 1597 sit

598 1657 666 1695 ex
697 1656 863 1695 carne
890 1648 946 1693 et
989 1639 1209 1709 spiritu,
1248 1647 1500 1691 neutrum
1548 1636 1838 1690 nominare
1888 1636 2173 1691 sustinuit.

600 1733 868 1789 Neutrum
911 1732 1182 1801 siquidem
1236 1745 1463 1800 peccare
1494 1730 1655 1784 solet.
1691 1747 1708 1779 ι
1761 1729 1895 1782 Nam
1941 1729 2176 1798 spiritus

600 1826 970 1895 concupiscit,
1003 1840 1125 1893 qua:
1177 1832 1307 1878 sunt
1349 1822 1627 1875 contraria
1678 1821 1856 1885 carni,
1908 1821 2177 1888 habetque

600 1918 702 1972 hos
734 1916 970 1980 fructus,
1011 1915 1295 1986 gaudium,
1334 1914 1682 1978 charitatetn,
1710 1926 1893 1978 pacem
1924 1911 1993 1975 ⁷³,
2018 1929 2035 1961 ι
2064 1919 2172 1965 etc.

603 2008 807 2076 Suapte
839 2013 1035 2059 natura
1095 2005 1326 2073 spiritus
1356 2002 1497 2057 bona
1547 2010 1812 2055 censetur
1857 2001 2045 2055 arbor.
2108 2003 2177 2054 At

600 2117 749 2166 caro,
781 2115 900 2170 qua:
930 2098 1277 2169 concupiscit
1315 2096 1580 2151 adversus
1629 2095 1907 2164 Spiritum,
1944 2094 2047 2164 legi
2085 2094 2176 2149 Dei

603 2207 708 2245 non
742 2190 1060 2258 subjicitur,
1098 2202 1273 2257 neque
1303 2187 1450 2241 enim
1480 2193 1682 2253 potest.
1711 2187 1844 2237 tium
1884 2184 2053 2255 igitur
2086 2200 2178 2239 ca-

602 2298 665 2338 ro
699 2283 910 2337 nesciat
946 2295 1125 2349 neque
1156 2278 1333 2348 possit
1371 2276 1533 2332 subdi
1560 2275 1689 2342 Deo,
1721 2291 1844 2345 quae
1874 2277 2014 2330 ratio
2047 2292 2177 2331 con-

600 2375 749 2431 credit
777 2376 947 2441 ipsam
995 2369 1263 2439 peccare?
1308 2366 1545 2422 Proinde
1596 2369 1815 2437 proprie
1844 2368 2177 2436 praedicatur

600 2465 669 2520 de
708 2465 932 2518 anima:
968 2481 985 2513 ι
1018 2464 1216 2516 Anima
1247 2475 1371 2530 quae
1423 2458 1752 2530 peccaverit,
1807 2458 1925 2527 ipsa
1970 2462 2175 2515 morie-

2278 1272 2451 1343 λήθην
2502 1272 2716 1338 λα6ὡν;
2752 1274 2863 1344 Οὐχ
2909 1274 2992 1328 ὅτι
3047 1275 3122 1345 μὴ
3170 1274 3585 1344 ὲκακοποίησεν,
3612 1275 3705 1327 ἀλλ’
3736 1278 3793 1328 ὅτι

2279 1363 2485 1434 ὤμοσε.
2519 1362 2626 1416 Τοῦ
2655 1364 2712 1418 δὲ
2746 1364 3005 1419 συνθέτου
3037 1364 3360 1436 ἀνθρώπου,
3405 1365 3525 1418 οὔτε
3548 1364 3605 1417 τὺ
3633 1365 3793 1435 πνεῦμα

2279 1452 2452 1523 εἶπεν,
2518 1458 2641 1510 οὔτε
2693 1460 2792 1530 τὴν
2858 1460 3061 1530 σάρκα.
3112 1459 3414 1529 Οὐδέτερον
3468 1459 3570 1528 γὰρ
3612 1460 3795 1525 πέφυκεν

2280 1550 2633 1621 ἁμαρτάνειν.
2680 1570 2697 1602 ι
2727 1552 2799 1604 Τὸ
2844 1552 2942 1622 μὲν
2970 1553 3099 1623 γὰρ,
3136 1551 3403 1621 ἐπιθυμεῖ
3441 1550 3576 1604 κατὰ
3594 1550 3681 1620 τῆς
3704 1568 3795 1620 σιρ-

2279 1639 2393 1703 κὸς,
2433 1641 2676 1710 καρποὺς
2720 1640 2845 1711 ἕχον
2890 1643 3137 1711 ἀγάπην,
3174 1642 3377 1713 χαρὰν,
3426 1642 3647 1712 εἰρήνην,
3681 1660 3697 1692 ι
3730 1646 3795 1695 ut

2278 1730 2347 1784 τὰ
2400 1731 2546 1802 ἑξῆς.
2610 1733 2777 1786 Φύσει
2815 1733 3035 1804 δένδρον
3087 1735 3295 1802 ἀγαθὸν
3344 1734 3636 1802 τυγχάνον·
3670 1733 3793 1803 ὴτδὲ,

2278 1824 2623 1894 ἐπιθυμοῦσα
2662 1826 2805 1879 κατὰ
2828 1826 3289 1897 τοῦίΠνεύματος,
3320 1825 3403 1897 τῷ
3430 1826 3572 1896 νόμῳ
3600 1825 3677 1878 τοῦ
3698 1825 3793 1877 Θεοῦ

2279 1918 2375 1987 οὐχ
2415 1918 2805 1974 ὑποτάσσεται.
2847 1919 2983 1972 Οὐδὲ
3026 1920 3135 1990 γάρ
3182 1919 3433 1983 δύναται,
3496 1919 3698 1988 δύναμιν
3734 1915 3795 1971 eis

2278 2010 2379 2060 οὐκ
2408 2008 2607 2079 ἔχουσα
2640 2011 2923 2081 ὑποταγῆς
2954 2011 3091 2083 πρὸς
3114 2011 3209 2064 τὸν
3240 2012 3401 2078 Θεὸν,
3436 2012 3549 2074 πῶς
3576 2011 3632 2064 ἂν
3666 2011 3793 2080 ἀμάρ-

2277 2115 2392 2163 τοι;
2440 2100 2544 2171 ἰδίᾳ
2568 2100 2623 2151 δὲ
2656 2101 2787 2170 περὶ
2812 2100 2996 2172 ψυχῆς
3023 2100 3261 2172 εἴρηται,
3301 2119 3322 2152 ε
3350 2102 3512 2172 Ψυχὴ
3546 2104 3575 2172 ἡ
3606 2102 3794 2170 ἁμαρ-ά-

2279 2207 2465 2253 νουσα,
2514 2191 2655 2261 αὐτὴ
2698 2191 3078 2257 ἀποθανεῖται,
3114 2211 3132 2245 ι
3185 2194 3248 2245 οὐ
3302 2193 3366 2247 τὸ
3419 2193 3640 2263 πνεῦμα.
3684 2194 3729 2245 El
3756 2194 3791 2245 δὲ

2284 2299 2303 2333 ι
2341 2282 2565 2337 δύναται
2600 2283 2697 2337 καὶ
2730 2284 2912 2355 ψυχὴν
2946 2286 3044 2347 καὶ
3097 2287 3259 2359 σῶμα
3316 2287 3450 2351 Θεὸς
3494 2288 3722 2341 ἀπολέσαι
3758 2288 3795 2336 ἐν

2278 2375 2491 2446 γεέννῃ,
2527 2393 2546 2427 ι
2595 2375 2694 2446 οὐχ
2732 2376 2810 2438 ὼς
2840 2378 3087 2446 πεφυκὸς
3121 2378 3447 2450 κατορθοῦν,
3488 2378 3597 2432 ἀλλ’
3622 2377 3794 2439 ίσωςὼς

2278 2467 2450 2519 αἴτιον
2499 2469 2565 2536 τῇ
2595 2466 2739 2538 ψυχῇ
2787 2469 3086 2540 ἁμαρτίας.
3124 2471 3329 2524 Σκόπει
3368 2470 3438 2539 ,δὲ
3468 2472 3557 2524 καὶ
3585 2471 3662 2523 τὸν
3689 2470 3794 2519 σπεί-

602 2567 693 2611 tnr
722 2558 789 2609 ".
831 2577 847 2607 ι
882 2554 997 2609 Non
1042 2555 1182 2608 idem
1218 2553 1286 2607 de
1322 2553 1517 2621 Spiritu
1571 2552 1984 2621 pronuntiatur.
2017 2553 2173 2618 Quod

2283 2575 2443 2629 ροντα
2469 2560 2549 2622 εἴς
2581 2576 2641 2611 τε
2669 2537 2736 2612 τὺγ
2767 2537 2986 2631 πνεῦμα
3015 2562 3111 2615 καὶ
3163 2564 3264 2633 τὴν
3309 2537 3522 2635 σᾶιριιςι⁸
3560 2562 3627 2624 ὡς
3652 2561 3675 2613 ὁ
3710 2558 3789 2629 μὲν.

603 2662 730 2702 vero
764 2649 903 2700 Deus
942 2653 1120 2714 potest
1152 2648 1384 2697 animum
1410 2650 1465 2697 et
1502 2658 1705 2711 corpus
1734 2642 1964 2711 perdere
1998 2643 2051 2696 in
2086 2660 2177 2713 ge-

2283 2650 2427 2721 ζωὴν
2470 2655 2632 2721 μόνον
2671 2652 2885 2707 αἰώνιον
2912 2671 2925 2682 ·
2985 2656 3013 2708 ὁ
3059 2655 3135 2721 δὲ,
3172 2655 3385 2726 θερίζει
3420 2656 3631 2726 φθοράν.
3674 2655 3721 2705 Εἰ
3756 2653 3793 2703 ίὲ

606 2743 785 2795 benna
815 2742 891 2806 ",
934 2758 952 2790 ι
1013 2754 1119 2794 non
1168 2736 1619 2807 intelligendum,
1667 2736 1823 2804 quasi
1859 2750 2065 2805 corpus
2099 2739 2173 2790 sit

2283 2742 2467 2812 ἕτερον
2504 2743 2566 2796 τὸ
2595 2746 2836 2815 σπεῖρον,
2866 2747 2961 2799 καὶ
2998 2748 3058 2799 τὸ
3087 2748 3322 2818 σπαρὲν,
3347 2748 3441 2802 καὶ
3474 2748 3534 2801 τὸ
3556 2739 3660 2814 ἑνῷ
3688 2745 3792 2797 ansi-

602 2842 792 2887 uatum
852 2841 1041 2901 suapte
1113 2840 1308 2885 natura
1382 2829 1451 2883 ad
1515 2830 1736 2883 virtutis
1793 2842 1957 2898 opera
2016 2828 2177 2899 335

2289 2848 2445 2901 ρεται
2473 2871 2488 2895 ν
2521 2834 2737 2903 ἀνάγκη
2770 2834 2947 2906 ψυχὴν
2976 2832 3117 2890 εἶναι
3166 2839 3268 2908 τὴν
3304 2842 3366 2893 ἐν
3422 2840 3648 2907 ἑκατέρῳ
3685 2838 3793 2887 sael-

601 2925 854 2979 edenda:
893 2923 988 2977 sed
1028 2921 1178 2991 quod
1226 2920 1299 2978 sit
1353 2935 1519 2975 causit
1574 2922 1793 2981 auiuue,
1837 2928 1896 2973 ut
1948 2929 2182 2987 peccato

2288 2940 2511 2991 ροῦσαν,
2536 2927 2668 2996 περὶ
2704 2921 2773 2998 ἦς
2805 2929 2833 2980 ὁ
2859 2930 2966 2991 πᾶς
3000 2928 3171 2997 ἁγὼν,
3208 2930 3296 2983 ἵνα
3320 2932 3490 3002 σωθῇ.
3530 2930 3672 2983 Ὅθεν
3700 2944 3793 2980 παν-

602 3016 1055 3072 connnaculetur.
1075 3014 1345 3067 Caeterum
1367 3011 1489 3064 volo
1518 3019 1569 3065 te
1595 3009 1949 3064 considerare
1976 3021 2182 3064 utrum-

2285 3015 2477 3084 ταχοῦ,
2506 3015 2655 3087 ψυχὴ
2689 3018 2784 3073 ἐὰν
2812 3019 3059 3094 ἁμάρτῃ,
3094 3020 3341 3090 λέγεται.

602 3121 709 3179 que
761 3116 870 3161 tam
906 3104 1274 3161 seminantem
1334 3104 1389 3157 in
1430 3104 1710 3171 Spiritum,
1760 3116 1923 3171 quam
1974 3109 2247 3157 serentem
2277 3105 2330 3159 iu
2364 3122 2628 3178 carnem;
2664 3127 2790 3167 nam
2830 3113 2920 3166 ille
2983 3114 3155 3168 vitam
3203 3124 3493 3174 aeternam,
3555 3112 3635 3166 hic
3681 3118 3792 3164 aeter-

606 3215 734 3255 nnm
766 3199 918 3253 metit
949 3198 1256 3252 interitum.
1291 3196 1349 3250 Si
1378 3205 1560 3250 autem
1602 3195 1863 3251 diﬂ‘erunt
1892 3194 2176 3251 seminans
2213 3207 2266 3251 et
2301 3214 2512 3268 semen,
2556 3210 2610 3257 et
2650 3204 2703 3259 id
2748 3205 2804 3261 in
2844 3221 2955 3276 quo
2986 3208 3208 3272 seritur,
3268 3205 3582 3262 necessario
3637 3204 3791 3257 videtur

604 3293 757 3363 sequi
794 3291 1031 3346 animam
1071 3304 1216 3356 esse,
1243 3304 1353 3359 qua
1393 3289 1449 3344 in
1478 3296 1776 3357 utrumque
1843 3302 2031 3343 semen
2102 3301 2346 3360 δραι-εει.
2416 3292 2701 3364 Siquidem
2779 3312 2943 3354 omne
2993 3309 3269 3354 certamen
3338 3299 3505 3353 initur
3542 3297 3590 3351 in
3628 3296 3723 3359 bor,
3754 3300 3791 3343 ut

614 3386 800 3441 anima
835 3384 1188 3438 nanciscatur
1211 3382 1466 3437 salutem.
1490 3379 1835 3451 Quapropter
1872 3380 2119 3452 undique
2160 3391 2218 3438 et
2269 3384 2471 3456 ubique
2516 3388 2626 3445 dici
2706 3390 2957 3447 videmus
3026 3392 3079 3447 in
3133 3390 3425 3463 Scriptura
3460 3408 3473 3444 :
3520 3406 3538 3440 ι
3576 3387 3730 3442 Anima
3758 3384 3788 3436 si

609 3478 941 3551 peccaverit.
975 3497 993 3529 ι

674 3620 733 3673 ln
771 3618 1043 3674 rationem
1070 3626 1253 3672 autem
1283 3615 1636 3686 delinquunt,
1664 3615 1775 3671 imo
1810 3615 2053 3670 maximo
2086 3625 2315 3686 peccato
2345 3631 2406 3673 se
2434 3617 2813 3691 obstringunt,
2849 3629 3126 3690 quotquot
3149 3618 3508 3676 manifestam
3538 3613 3789 3671 inﬁcianlur

608 3708 918 3772 veritatem,
940 3706 1478 3775 Christumqueaton
1508 3704 1842 3758 conlitentur
1866 3718 2054 3758 coram
2094 3706 2509 3775 magistratibus
2536 3717 2590 3762 et
2613 3708 2951 3764 Caesaribus.
2982 3710 3254 3765 Caeterum
3303 3706 3615 3780 singulatim
3657 3697 3783 3767 expli-

607 3811 796 3850 cemus
836 3802 1303 3848 commemoratas
1336 3791 1739 3847 immundities.
1776 3789 2181 3846 Universaliter
2218 3793 2400 3863 primo
2435 3796 2639 3849 dicitur
2663 3812 2683 3850 :
2722 3816 2740 3848 ι
2785 3797 3119 3867 Quicunque
3162 3793 3587 3852 contrectaverit
3623 3800 3785 3843 omnem

606 3899 723 3935 rem
760 3882 1053 3952 impuram,
1096 3900 1114 3933 ι
1158 3892 1213 3936 et
1263 3880 1582 3950 quicunque,
1616 3886 1677 3932 ut
1723 3877 1888 3933 habet
1924 3877 2102 3932 vet-sio
2142 3877 2559 3948 Tlteodotionis,
2584 3884 2939 3954 inquinaverit
2970 3901 3025 3939 se
3064 3884 3215 3939 verba
3238 3884 3471 3954 impuro,
3503 3889 3607 3944 aut,
3632 3884 3680 3930 ut
3704 3887 3785 3925 ver-

607 3973 674 4025 tit
704 3972 922 4039 Aquila,
956 3970 1045 4039 qui
1068 3971 1491 4045 conspurcaverit
1537 3983 1595 4021 se
1620 3967 1772 4021 verba
1803 3966 1983 4036 aliqua
2028 3966 2327 4034 inquinata,
2362 3980 2471 4026 etc.
2500 3971 2749 4027 Violatur
2790 3983 3047 4028 contactu
3083 3975 3353 4029 immundi
3406 3972 3550 4028 verbi
3586 3968 3656 4023 vel
3696 3960 3784 4016 lacti

604 4059 698 4128 qui
733 4059 900 4112 alium
930 4070 1095 4125 quam
1128 4054 1220 4109 Dei
1258 4063 1505 4110 sectatur
1537 4067 1884 4109 sermonem.
1949 4070 1968 4103 ι
2004 4051 2236 4121 Eloquia
2271 4059 2419 4114 enim
2465 4062 2683 4116 Domini
2708 4064 2927 4133 eloquia
2968 4069 3099 4118 sunt
3127 4078 3285 4133 pura,
3307 4064 3357 4096 ⁷⁸
3391 4081 3409 4115 ι
3449 4071 3549 4116 etc.
3606 4056 3664 4109 At
3705 4052 3785 4104 elo-

605 4147 756 4217 quia,
797 4160 919 4216 quae
948 4158 1060 4198 non
1090 4150 1423 4212 promanant
1443 4157 1509 4196 ex
1548 4142 1696 4196 l‘onte
1729 4140 1956 4196 Christo
1992 4147 2122 4195 sunt
2163 4141 2397 4214 impura.
2432 4148 2681 4204 Cadaver
2722 4151 2827 4205 hoc
2853 4152 2974 4205 loco
2997 4152 3205 4204 vocitat
3236 4151 3532 4213 hominem,
3564 4144 3642 4215 qui
3669 4139 3784 4211 plane

606 4246 861 4292 mortuus
893 4243 976 4289 est
1014 4234 1059 4291 si
1088 4233 1297 4304 cogites
1323 4232 1567 4287 divinam
1592 4232 1865 4301 politiam.
1900 4230 2037 4285 Cum
2077 4231 2171 4283 tali
2197 4232 2362 4287 etiam
2390 4236 2573 4291 cibmu
2614 4252 2816 4307 capere
2851 4239 3229 4308 prohibemur.
3255 4240 3301 4291 Δ
3334 4236 3519 4293 bestiis
3554 4234 3783 4286 laceratum

607 4327 879 4397 intellige,
912 4323 1180 4395 quidquid
1218 4322 1572 4378 adversarius
1601 4328 1792 4376 noster
1820 4319 2100 4382 diabolus,
2125 4321 2217 4389 qui
2246 4320 2599 4376 existimatur
2650 4306 2810 4376 I'Ortis
2841 4306 3090 4388 venator,
3125 4320 3400 4377 violenter
3420 4315 3623 4390 ceperit.
3646 4330 3662 4361 ι
3686 4306 3779 4361 Nam

606 4416 921 4472 obambulat
952 4416 1130 4471 instar
1157 4414 1335 4471 leonis
1369 4411 1662 4484 rugientis,
1689 4419 1744 4467 et
1770 4411 2070 4481 quaerentis
2097 4424 2199 4466 nos
2237 4409 2509 4479 deglutire
2536 4409 2604 4462 ⁷⁷.

679 4575 785 4632 Sed
825 4575 952 4647 quia
991 4570 1267 4629 interdum
1310 4569 1533 4638 accidit,
1566 4576 1628 4624 ut
1674 4567 1742 4623 ab
1771 4567 1918 4622 bono
1957 4575 2178 4636 pastore
2207 4573 2252 4632 α

608 4674 718 4729 duo
753 4686 917 4725 crura
950 4669 1031 4723 vel
1065 4667 1313 4723 auricula
1352 4667 1539 4737 aliqua
1569 4663 1901 4728 vindicetur,
1926 4677 2035 4715 non
2086 4660 2185 4715 abs

610 4781 671 4819 rc
714 4764 922 4818 dicitur
971 4779 986 4816 :
1035 4779 1055 4813 ι
1101 4761 1445 4815 lmmundum
1482 4773 1513 4813 ιι
1554 4757 1732 4813 bestia
1782 4755 2111 4810 laceratum.
2163 4772 2181 4804 ι

613 4856 746 4910 Nam
788 4869 896 4908 non
930 4851 1299 4921 repntandum
1343 4859 1430 4906 est
1468 4864 1498 4904 a
1526 4848 1702 4905 bestia
1742 4856 1990 4917 captum,
2041 4845 2188 4916 quod

616 4945 781 5002 fuerit
809 4945 1154 5001 subtractum
1192 4952 1247 4998 et
1276 4950 1524 5013 ereptum
1551 4955 1649 4996 ore
1684 4938 1882 4995 leonis.

689 5145 964 5200 Hortunm
997 5156 1127 5198 vero
1156 5141 1348 5212 reptile
1370 5140 1513 5195 haud
1542 5137 1781 5195 absurde
1806 5136 2016 5193 dixeris
2047 5135 2191 5205 aspi-

617 5239 738 5292 dem
755 5237 984 5307 ejusque
1002 5234 1232 5304 prolem.
1248 5232 1409 5303 Aspis
1437 5230 1735 5286 adventura
1754 5228 1962 5284 Christi
2004 5227 2183 5297 (juxta

619 5331 898 5400 prophetae
942 5326 1289 5398 vaticinium)
1338 5328 1411 5381 ita
1462 5332 1838 5387 mansnescet,
1901 5329 1963 5375 ut
2011 5319 2191 5374 iulans

620 5421 741 5474 sine
772 5417 1024 5488 periculo
1055 5430 1389 5472 accessurus
1420 5414 1495 5469 sit
1535 5413 1601 5467 ad
1634 5411 1753 5481 ejus
1782 5422 2103 5470 cavernam,
2130 5416 2185 5461 et

621 5514 739 5566 sine
763 5512 1346 5580 damnoporrccturus
1378 5519 1596 5560 manum
1622 5502 1688 5557 ad
1715 5501 1904 5556 nidum
1934 5507 2188 5553 natorum

693 5708 738 5738 ⁷⁸
779 5708 796 5761 1
838 5710 964 5762 Cor.
1024 5727 1051 5761 χ
1078 5747 1092 5770 ,
1153 5707 1238 5760 18.
1341 5703 1386 5733 ⁷³
1414 5700 1589 5756 Galat.
1634 5717 1685 5763 ν,
1744 5702 1825 5767 l7,
1866 5698 1957 5754 '22.

624 5777 663 5809 ⁷⁷
692 5777 711 5831 l
741 5774 882 5833 Petr.
916 5796 965 5842 v,
993 5779 1044 5834 8.
1119 5778 1163 5809 ⁷⁸
1198 5775 1337 5830 Psal.
1374 5788 1535 5834 xxxv,
1575 5775 1624 5826 7.

2070 5696 2113 5729 7"
2162 5694 2358 5751 Ezeclt.
2402 5710 2589 5763 svnt,
2648 5695 2699 5747 4.

2368 4569 2495 4622 Ἐπὶ
2532 4568 2642 4622 τῶν
2682 4565 3039 4639 θηριαλὼτων
3083 4565 3203 4620 ἐστὶ
3246 4582 3385 4619 ποτε
3423 4559 3614 4632 16,!qu
3638 4551 3779 4608 ἁλόντι

2286 4659 2398 4713 δύω
2430 4658 2658 4721 σκελῶν,
2692 4657 2724 4727 ἢ
2749 4655 2910 4711 λοϐοῦ
2930 4654 3117 4719 ὠτίου,
3145 4674 3165 4705 ι
3202 4654 3342 4707 ’Υπδ
3364 4652 3458 4708 τοῦ
3480 4646 3623 4704 καλοῦ
3647 4638 3781 4706 ποιμὲ-

2288 4769 2380 4815 νος
2429 4749 2787 4821 ἀνιμηθῆναι.
2830 4767 2847 4799 ι
2902 4746 3004 4799 Διὰ
3044 4744 3202 4798 τοῦτο
3244 4744 3377 4809 ἴσως
3426 4745 3613 4814 εἴρηται
3658 4734 3718 4794 τὸ.
3753 4728 3775 4791 ἦ

2289 4839 2626 4911 θηριαλώτου
2673 4838 3009 4908 ἀκαθάρτου.
3056 4834 3171 4889 Οὐκ
3218 4833 3300 4889 ἔτι
3361 4835 3470 4904 γὰρ
3521 4824 3778 4899 θηριάλωτον

2289 4932 2353 4987 τὸ
2382 4932 2487 4985 ὑπὸ
2529 4930 2626 4983 τοῦ
2665 4930 2921 4998 ποιμένος
2970 4925 3283 4982 ὲκσπασθὲν
3322 4927 3389 4981 ὲκ
3422 4925 3651 4994 στόματος
3678 4913 3775 4965 λέον

2290 5040 2402 5086 τος.

2365 5109 2697 5199 Θνήσιμαῖον
2722 5128 2779 5181 δὲ
2800 5127 3030 5199 ἑρπετὸν
3057 5127 3272 5194 λέγοιτο
3294 5125 3360 5180 ἂν
3381 5122 3647 5189 ἀκάθαρτον
3668 5109 3770 5199 πᾶσι

2295 5198 2483 5284 ἀσπὶς,
2599 5219 2798 5287 ἔκγονα
2838 5198 3070 5281 ἀσπίδος
3118 5217 3257 5287 μετὰ
3293 5217 3356 5269 τὸ
3405 5198 3772 5290 ἡμεριοθῆναιγτῇ

2295 5309 2568 5381 παρουσίᾳ
2599 5308 2833 5379 Χριστοῦ
2874 5306 3069 5373 οὕτως,
3122 5305 3262 5360 ὥστε
3306 5304 3505 5358 παιδίον
3536 5298 3687 5366 νήπιον
3706 5283 3769 5381 ἐπὶ

2292 5376 2553 5472 τρῶγλην-
2577 5376 2782 5464 αὐτῶν,
2829 5399 2862 5470 ἢ
2895 5400 2987 5452 ἐπὶ
3041 5398 3227 5469 κοίτην
3273 5398 3503 5466 ἐκγόνων
3531 5383 3674 5445 αὐτῶν
3703 5376 3770 5443 τὴν

2295 5471 2453 5564 χεῖρα
2495 5491 2795 5555 ἐπιϐαλεῖν,
2845 5492 3073 5545 κάκεῖνα
3098 5489 3451 5559 ἡμερωοέντα
3485 5484 3548 5556 μὴ
3579 5471 3764 5545 λυμαίνε.

2814 5692 2860 5724 τι
2897 5690 3089 5744 Matth.
3127 5703 3182 5755 ι,
3211 5689 3305 5745 ss.
3407 5685 3449 5721 τ·
3482 5676 3599 5737 Psal.
3638 5685 3693 5732 ιι.
3728 5661 3758 5714 7-
