4038 6536
207 393 305 461 ’713
1259 383 1791 451 COMMENTARII

1846 382 1903 444 IN
1942 380 2380 444 LEVITICUM.
3336 374 3441 441 ’114

209 506 328 559 σθαι
362 501 423 557 τὸ
472 499 705 567 παιδίον,
747 496 1260 570 παλινδρομήσαντα
1303 496 1395 548 ἐπὶ
1420 494 1521 565 τὴν
1550 492 1771 555 κακίαν,
1802 542 1804 549 .

1877 488 2016 558 ejus.
2059 486 2354 555 Serpentes
2384 483 2460 539 illi
2493 480 2741 550 cicurati,
2776 495 2884 539 non
2919 480 3179 538 damnum
3217 482 3444 555 aliquod

206 599 292 651 καὶ
319 594 656 650 ἀποθανόντα
686 595 752 664 τῇ
781 593 1102 663 ἡμερότητι.

1874 579 2253 650 importabuut
2282 596 2297 630 :
2323 590 2422 629 nec
2439 576 2504 630 ad
2533 574 2825 646 pristinam
2842 584 3127 629 recurrent
3146 572 3440 636 feritatem,

1875 677 1969 731 sed
1995 673 2086 746 qui
2107 675 2231 728 vitae
2266 671 2393 727 ﬁnis
2424 670 2566 727 idem
2591 678 2645 726 et
2678 668 3083 726 mansuetudini
3116 668 3335 725 illorum
3373 674 3446 724 sit

1878 767 2117 823 futurus.

282 875 364 937 Ὠς
390 873 537 926 ἔστιν
575 871 816 942 ἅψασθαι
857 869 1075 939 κτηνῶν
1118 870 1211 923 καὶ
1244 867 1490 940 ἑρπετῶν
1522 864 1770 936 ἀκαθάρ-

1946 878 2330 951 Itaquelicebit
2346 864 2634 947 aliquando
2657 881 2998 929 contrectare
3011 872 3217 942 reptilia
3238 872 3449 942 impura

202 984 307 1019 των
336 961 693 1032 Θνησιμαίων,
729 959 901 1024 οὕτως
925 960 1070 1013 ἐστιν
1093 958 1335 1029 ἅψασθαί
1365 975 1495 1010 ποτε
1518 957 1612 1011 καὶ
1634 957 1771 1009 ἀκα-

1882 978 1936 1025 et
1968 980 2203 1026 mortua.
2225 970 2317 1025 Sic
2337 965 2635 1037 aliquando
2651 965 2886 1029 eveniet,
2911 972 2966 1018 ut
2999 965 3125 1034 quis
3150 973 3453 1019 contrectet

203 1052 428 1121 Θαρσίας
460 1049 774 1123 ἀνθρώπου,
796 1051 926 1106 ὅταν
950 1048 1091 1122 λάϐῃ
1123 1066 1208 1114 τις
1240 1048 1349 1105 ἀπὸ
1383 1047 1480 1102 τοῦ
1513 1048 1571 1101 ὲν
1600 1044 1770 1115 ἑτέρῳ

1883 1059 2281 1115 immunditiem
2314 1057 2575 1118 hominis,
2600 1055 2815 1111 scilicet
2845 1054 2891 1110 si
2924 1056 3050 1125 quis
3084 1054 3394 1110 incestetur
3419 1071 3446 1107 τι

207 1141 504 1214 μολυσμοδο
1872 1151 2195 1222 pollutione.
2231 1163 2352 1220 quae
2386 1147 2478 1201 alii
2514 1147 2675 1201 inest.
2704 1144 2901 1200 Verum
2944 1145 3033 1200 ubi
3068 1146 3294 1198 maculae
3347 1146 3453 1198 im-

1873 1240 2165 1312 puritatem
2183 1237 2517 1310 cognoverit,
2535 1235 2718 1290 oblato
2734 1233 3147 1289 sacriﬁcioeam
3167 1231 3450 1288 dissolvet.

279 1395 343 1450 Et
374 1396 664 1462 peccauerit
694 1394 1053 1463 imprudenter
1086 1395 1359 1449 insanctis
1388 1394 1621 1463 Domini,
1654 1406 1760 1455 etc.
1790 1399 1882 1473 [V,
1906 1400 2017 1474 17.]
2064 1400 2289 1456 Scilicet
2320 1401 2367 1456 si
2398 1399 2529 1470 quid
2549 1413 2615 1453 ex
2648 1398 2865 1453 illorum
2887 1411 3139 1462 numero,
3166 1411 3290 1466 quae
3318 1410 3456 1451 con-

208 1496 420 1540 secrata
464 1482 669 1537 fuerint
698 1481 929 1536 Domino
976 1481 1295 1549 eXpilaverit
1324 1483 1607 1553 sacrilege,
1634 1494 1729 1540 aut
1756 1498 1876 1543 vota
1910 1504 2016 1543 non
2055 1489 2300 1544 solverit.
2335 1487 2518 1558 luquit
2546 1486 2749 1541 etenim
2782 1502 2796 1538 :
2829 1502 2849 1536 ι
2887 1483 3010 1548 Fili,
3039 1484 3085 1537 si
3117 1483 3331 1538 voveris
3363 1498 3459 1536 vo-

209 1584 319 1625 tum
365 1569 621 1635 Domino,
659 1584 726 1623 ne
759 1569 1039 1624 cuncteris
1067 1566 1121 1622 id
1157 1568 1495 1637 persolvere.
1526 1569 1724 1627 Melius
1748 1584 1967 1630 estnon
2002 1590 2227 1637 vovere,
2260 1588 2425 1644 quam
2485 1573 2725 1636 vovisse,
2777 1580 2832 1627 et
2886 1577 3010 1625 vota
3070 1585 3181 1625 non
3246 1570 3459 1640 persol-

205 1657 431 1711 visse".
469 1673 487 1707 ι
514 1653 692 1708 Etiam
721 1653 887 1707 David
913 1652 1376 1719 canitchovete,
1414 1663 1469 1709 et
1504 1656 1717 1714 reddite
1746 1669 1869 1716 vota
1904 1661 2134 1715 Domino
2171 1661 2283 1716 Deo
2307 1670 2488 1717 vestro
2509 1660 2578 1714 ⁸ο.
2605 1678 2623 1711 ι
2658 1659 2727 1712 At
2759 1658 2927 1720 aries,
2956 1657 3047 1726 qui
3079 1657 3370 1713 emebatur
3392 1657 3461 1711 ad

206 1742 563 1805 sacriﬁcium,
590 1749 752 1812 typus
774 1751 858 1795 est
882 1741 1111 1797 Christi.
1144 1740 1300 1796 Hunc
1331 1740 1649 1798 Iudaeorum
1710 1748 1987 1818 principes
2027 1747 2306 1818 proditum
2345 1753 2600 1803 emerunt
2633 1745 2859 1816 triginta
2894 1744 3191 1815 argenteis.
3222 1742 3325 1799 Hic
3358 1758 3459 1798 nos

206 1830 445 1887 absolvit
474 1845 505 1883 a
541 1828 807 1900 peccatis,
848 1844 969 1899 qua:
998 1829 1164 1884 etiam
1199 1830 1253 1882 in
1283 1829 1452 1885 Deum
1490 1834 1894 1890 commisimus.

278 1957 350 2014 Et
381 1956 633 2029 fefellerit
662 1955 959 2024 depositum
987 1956 1215 2024 proximi
1254 1956 1360 2021 sui,
1395 1966 1506 2014 etc.
1547 1957 1657 2031 [VL
1691 1960 1773 2034 2.]
1798 1961 1901 2018 Per
1932 1959 2212 2016 Christum
2252 1959 2519 2015 tolluntur
2552 1957 2774 2022 delicta,
2812 1960 3016 2033 quibus
3050 1958 3238 2029 injurii
3258 1958 3462 2017 fuimus

207 2048 478 2102 fratribus
516 2046 745 2099 nostris.
782 2043 882 2098 Hic
913 2044 1057 2098 enim
1102 2043 1342 2112 perfecte
1375 2053 1430 2099 et
1470 2046 1726 2104 absolute
1768 2064 1869 2104 nos
1900 2046 2249 2109 emundavit,
2276 2047 2582 2101 secundum
2612 2055 2862 2101 tenorem
2905 2046 3189 2115 sequentis
3222 2046 3460 2117 eloquii,

207 2135 374 2202 cujus
401 2132 667 2187 Christus
697 2131 818 2201 ipse
853 2141 1044 2186 auctor
1072 2139 1198 2185 est:
1237 2149 1256 2183 ι
1292 2130 1399 2197 Qui
1440 2134 1621 2189 credit
1652 2136 1708 2190 in
1734 2152 1843 2201 me,
1880 2134 2044 2190 habet
2085 2134 2251 2187 vitam
2295 2143 2577 2198 aeternam,
2608 2141 2663 2187 et
2701 2133 2755 2186 in
2792 2133 3308 2188 condemnationem
3354 2149 3465 2188 non

208 2222 383 2285 venit,
418 2220 513 2276 sed
550 2220 807 2275 transivit
846 2235 914 2273 ex
950 2230 1124 2275 morte
1156 2220 1210 2274 in
1246 2221 1415 2275 vitam
1445 2223 1515 2278 δι.
1553 2242 1572 2276 ι
1601 2222 1804 2281 Fidelis
1837 2224 2006 2295 igitur
2035 2223 2240 2277 virtute
2272 2223 2394 2276 ﬁdei
2422 2222 2598 2276 evasit
2633 2236 2732 2276 sua
2764 2222 3015 2276 crimina.
3057 2239 3076 2272 ι
3108 2220 3256 2278 Deus
3292 2221 3467 2290 siqui—

210 2310 335 2364 dem
369 2317 474 2374 est,
499 2308 592 2379 qui
647 2307 917 2377 jusﬁﬁcat
947 2324 960 2361 :
993 2308 1116 2375 quis
1160 2308 1354 2377 igitur,
1390 2311 1481 2380 qui
1523 2314 1849 2367 condemnat
1884 2312 1930 2346 ⁸·
1961 2313 1985 2366 ‘l
2015 2329 2035 2364 ι
2068 2310 2455 2367 Verumtamen
2526 2310 2977 2366 satisfaciendum
3028 2310 3211 2377 reipsa
3262 2308 3464 2379 injuria

214 2395 427 2452 aﬂ‘eetis
461 2394 751 2454 fratribus.
805 2402 866 2447 ut
902 2393 1181 2463 possimus
1208 2395 1431 2465 assequi
1461 2396 1938 2465 justillcationem,
1974 2414 2093 2469 quae
2128 2415 2224 2469 per
2249 2396 2533 2454 Christum
2561 2397 2718 2452 nobis
2757 2397 3017 2467 obtingit.
3049 2397 3130 2451 Ad
3179 2412 3304 2452 eum
3350 2410 3468 2450 mo-

211 2485 344 2537 dum
377 2481 725 2546 Zachteus”,
750 2496 875 2536 cum
916 2495 975 2534 se
1001 2480 1171 2549 recipi
1206 2482 1371 2535 vellet
1407 2483 1461 2536 in
1493 2499 1714 2554 gregem
1744 2487 2141 2557 discipulorum
2172 2485 2405 2549 Christi,
2444 2483 2797 2554 promittebat
2826 2498 2885 2537 se
2917 2482 3284 2553 quadruplum
3332 2495 3469 2537 suo-

214 2587 339 2625 rum
390 2571 681 2633 bonorum,
708 2569 753 2623 si
804 2582 968 2636 quem
1013 2567 1416 2633 defraudasset,
1475 2574 1879 2628 restituturum.
1924 2574 2016 2628 Sic
2050 2572 2172 2642 quis
2208 2572 2519 2627 exclamare
2565 2570 2685 2639 quit
2718 2586 2733 2623 :
2763 2588 2780 2620 ‹
2820 2567 3078 2623 Paratum
3123 2583 3218 2624 cor
3262 2583 3465 2636 meum,

221 2659 487 2715 lleus'm
522 2657 633 2712 Hoc
663 2668 746 2712 est
780 2658 1343 2727 holocaustum,qnod
1382 2659 1432 2712 iu
1470 2659 1636 2713 corde
1659 2660 1874 2717 incendi
1897 2669 1951 2716 et
1982 2659 2178 2716 ardere
2208 2660 2346 2713 vult.
2382 2657 2717 2726 Perpetuum
2763 2655 2968 2725 ignem.
2996 2654 3086 2724 qui
3124 2670 3231 2710 non
3251 2655 3467 2711 exstin-

220 2754 449 2816 guatur,
476 2744 530 2799 in
561 2758 653 2799 ara
693 2742 925 2811 ﬂagrare
958 2742 1256 2797 desiderat.
1290 2741 1408 2798 Non
1434 2752 1618 2799 autem
1662 2746 1918 2816 intelligit
1946 2747 2245 2816 quemlibet
2271 2746 2477 2817 ignem,
2511 2744 2605 2799 sed
2642 2758 2828 2807 suum,
2850 2744 2942 2813 qui
2969 2742 3190 2798 coalitus
3216 2742 3467 2798 aﬂ'ertur.

213 2833 357 2889 Nam
385 2831 571 2887 divina
610 2839 805 2885 natura
832 2830 935 2885 sub
963 2830 1203 2900 imagine
1232 2830 1373 2900 ignis
1394 2832 1559 2904 336
1590 2834 1747 2888 nobis
1769 2836 2112 2905 proponitur.
2140 2833 2248 2886 Ara
2274 2841 2358 2887 est
2392 2832 2645 2886 Christus
2671 2830 2832 2900 cujus
2862 2845 3029 2900 opera
3066 2829 3379 2885 accedimus
3401 2830 3468 2884 ad

215 2922 395 2975 Deum
420 2918 660 2973 Patrem.
691 2919 1052 2988 Conspicatus
1088 2925 1173 2973 est
1212 2934 1431 2989 quoque
1453 2920 1691 2976 Joannes
1717 2921 1979 2992 Spiritum
2006 2920 2100 2977 Dei
2133 2919 2561 2975 descendentem
2603 2933 2633 2973 e
2665 2918 2808 2973 ccelo
2837 2918 2942 2971 sub
2972 2916 3154 2988 specie
3183 2916 3472 2979 columbae,

213 3016 275 3062 et
302 3015 612 3062 manentem
656 3022 820 3076 super
852 3007 969 3074 ipso
993 3006 1059 3060 ⁸⁸.
1097 3004 1368 3061 Caeterum
1399 3023 1494 3076 per
1527 3010 1704 3076 ignem
1748 3009 1906 3064 nobis
1945 3007 2364 3062 demonstratur
2405 3004 2736 3075 Spiritus,ut
2780 3003 2925 3058 idem
2973 3002 3213 3058 Joannes
3258 3002 3466 3059 iterum

218 3102 463 3148 testatur
495 3109 509 3146 :
551 3109 569 3143 ι
608 3091 728 3162 Ipse
759 3108 855 3146 vos
887 3092 1185 3162 baptizabit
1243 3092 1296 3146 in
1339 3092 1548 3162 Spiritu
1579 3104 1774 3150 sancto
1812 3103 1866 3150 et
1896 3094 2022 3165 igne
2042 3094 2128 3160 3°;
2163 3112 2181 3145 ι
2213 3094 2357 3163 igne,
2399 3092 2647 3161 inquam,
2673 3089 2766 3161 qui
2802 3104 3019 3144 omnem
3053 3101 3246 3143 vestrae
3279 3089 3475 3143 animae

219 3181 499 3236 maculam
525 3180 798 3235 absumet.
832 3179 965 3233 Nam
990 3179 1055 3234 de
1076 3178 1295 3235 Christo
1330 3182 1596 3251 scriptum
1629 3191 1713 3237 est
1740 3200 1753 3236 :
1786 3201 1804 3233 ‹
1843 3183 1984 3235 Ecce
2030 3181 2149 3250 ipse
2182 3180 2284 3234 ibit
2330 3188 2390 3234 ut
2417 3179 2560 3249 ignis
2625 3176 2970 3241 conﬁatoris,
2999 3183 3053 3232 ct
3078 3185 3136 3231 ut
3160 3176 3329 3235 herba
3364 3175 3476 3230 ful-

223 3272 415 3324 lonum
447 3270 495 3301 ⁸⁷
530 3286 545 3334 ;
586 3288 603 3321 ι
632 3269 832 3335 veniet,
854 3268 1373 3338 inquam,conﬁans
1418 3279 1472 3324 et
1498 3285 1824 3340 repurgans,
1868 3268 2334 3338 quemadmodum
2368 3274 2657 3335 argentum
2677 3274 2731 3322 et
2752 3267 3215 3337 quemadmodum
3256 3278 3476 3341 aurum.

225 3357 473 3427 Spiritus
508 3364 689 3411 autem
715 3357 858 3426 ejus,
888 3364 1161 3426 quatenus
1192 3354 1336 3412 Deus
1360 3365 1464 3423 est,
1502 3357 1800 3427 peculiaris
1821 3354 2193 3415 existimatur.
2226 3351 2693 3423 quemadmodum
2721 3361 2775 3408 et
2797 3353 2945 3424 ignis
2974 3366 3081 3407 ara:
3123 3350 3477 3420 adjudicatur

226 3446 450 3498 ratione
484 3443 639 3514 legis.
673 3442 873 3498 Verum
912 3443 1191 3513 particeps
1224 3442 1465 3514 Spiritus
1489 3444 1663 3498 sancti
1697 3452 1984 3514 reputatur
2012 3443 2177 3499 sicuti
2213 3444 2401 3500 homo.
2428 3442 2658 3498 Poteris
2681 3443 2986 3510 intelligere
3009 3457 3157 3495 aram
3182 3441 3278 3495 Dei
3308 3442 3474 3496 etiam

229 3532 381 3592 illos,
414 3531 507 3600 qui
541 3529 780 3585 dedicati
809 3536 935 3583 sunt
967 3530 1100 3593 Deo,
1126 3545 1358 3599 quorum
1391 3531 1570 3601 ignem
1608 3547 1715 3585 non
1743 3532 1859 3586 vult
1886 3531 2163 3598 exstingui
2190 3550 2204 3586 :
2234 3531 2347 3584 imo
2389 3538 2609 3600 exoptat
2646 3545 2745 3585 eos
2780 3544 2996 3598 semper
3039 3528 3227 3586 videre
3276 3528 3475 3597 spiritu

229 3617 530 3677 ferventes.
560 3632 657 3671 nec
684 3632 923 3685 unquam
966 3618 1230 3672 astrictos
1263 3616 1466 3687 frigore
1493 3617 1858 3687 voluptatum.
1893 3617 2019 3675 Haec
2053 3617 2382 3670 eniut’certa
2415 3615 2591 3669 forma
2622 3626 2708 3671 est
2754 3614 3046 3668 rationalis
3073 3614 3277 3679 cultus,
3300 3630 3466 3682 quem

230 3704 385 3758 Deus
417 3704 519 3758 sibi
552 3703 797 3757 exhiberi
835 3703 1005 3772 cupit.
1033 3702 1286 3757 Cinerem
1323 3720 1433 3759 non
1466 3705 1580 3758 vult
1609 3704 1807 3774 projici
1832 3719 1862 3758 a
1896 3705 2243 3774 quibuslibet
2275 3705 2397 3759 sine
2419 3705 2633 3759 delectu
2672 3721 2685 3758 :
2722 3703 2851 3758 huic
2889 3704 3100 3760 muneri
3140 3702 3476 3772 deputantur

230 3792 419 3847 sacris
451 3789 672 3844 initiati.
701 3788 836 3843 Nam
865 3791 1029 3844 etiam
1060 3791 1191 3846 vilia
1213 3798 1267 3846 et
1289 3799 1606 3860 contempta
1630 3790 1804 3847 oﬂicia
1830 3790 2103 3862 praestare
2131 3790 2241 3846 Deo
2272 3805 2430 3846 nemo
2460 3791 2810 3862 dedignetur.
2841 3791 2911 3843 At
2950 3803 3100 3842 aram
3125 3799 3477 3847 contrectare

232 3878 451 3949 profani
482 3893 591 3932 non
632 3877 855 3931 audent.
892 3876 1005 3932 Nec
1028 3868 1217 3932 tamen
1251 3878 1610 3949 permittitur,
1637 3889 1695 3932 ut
1739 3894 1897 3934 sacra
1936 3879 2085 3949 palla
2124 3878 2307 3933 vestiti
2338 3879 2580 3933 cinerem
2625 3886 2939 3948 exportent.
2979 3876 3293 3932 Periculum
3325 3877 3473 3932 enim

232 3966 397 4024 foret,
424 3980 488 4019 ne
521 3963 1044 4032 Imciuquiuaretur
1067 3971 1330 4018 contactu
1358 3965 1658 4019 immundo.
1683 3964 1920 4021 Proinde
1946 3966 2123 4035 inquit
2152 3964 2402 4019 Ezechiel
2427 3984 2440 4019 :
2468 3983 2485 4017 ι
2514 3966 2759 4020 Camerte
2791 3965 3140 4034 aquilonares
3162 3972 3214 4019 et
3243 3978 3478 4019 camerae

230 4052 531 4116 australes,
564 4066 684 4120 quae
717 4060 850 4105 sunt
888 4051 940 4104 in
972 4052 1200 4120 planitie
1227 4051 1626 4117 iutercisiouis,
1652 4062 1778 4107 sunt
1819 4067 2051 4107 camera:
2108 4060 2333 4116 sanctae,
2358 4051 2451 4105 ubi
2503 4049 2794 4106 comedent
2822 4049 3164 4110 sacerdotes.
3189 4050 3283 4121 qui
3317 4064 3477 4104 acce-

231 4139 375 4191 dunt
409 4138 478 4191 ad
514 4136 830 4203 Dominum,
874 4136 1078 4192 Sancta
1115 4145 1437 4192 sanctorum
1486 4154 1501 4192 :
1540 4138 1615 4192 ibi
1644 4140 1956 4209 relinquent
1996 4138 2199 4193 Sancta
2244 4147 2588 4201 sanctorum,
2618 4146 2673 4192 et
2713 4138 3047 4192 oblationem
3076 4136 3285 4197 Minba.
3312 4145 3479 4207 atque

234 4226 473 4280 hostiam
493 4239 593 4294 pro
610 4233 837 4294 peccato
853 4234 906 4279 et
919 4238 1018 4293 pro
1036 4222 1264 4277 delicto:
1287 4225 1413 4293 quia
1432 4224 1587 4278 locus
1618 4232 1842 4280 sanctus
1866 4235 1967 4280 est.
1992 4225 2292 4296 thuando
2314 4224 2630 4280 sacerdotes
2649 4225 2754 4294 ipsi
2781 4225 3184 4296 ingrediuntur,
3200 4239 3308 4281 non
3327 4240 3480 4295 egre-

232 4313 459 4366 dieutur
472 4310 537 4365 de
556 4309 760 4365 Sancto
777 4310 841 4364 ad
857 4310 1058 4365 atrium
1077 4309 1337 4373 exterius,
1354 4308 1445 4364 sed
1473 4310 1543 4364 ibi
1565 4320 1830 4380 reponant
1848 4326 2026 4369 vestes
2044 4329 2193 4378 suas,
2218 4314 2270 4372 in
2292 4312 2496 4385 quibus
2515 4312 2988 4372 ministraverunt,
3004 4312 3147 4368 Sunt
3166 4312 3312 4371 enim
3352 4328 3481 4368 sau~

234 4420 249 4451 I
270 4409 369 4454 tae:
392 4408 555 4471 atque
571 4400 694 4453 aliis
720 4400 965 4453 vestibus
998 4413 1120 4453 sese
1154 4397 1405 4458 induant,
1432 4407 1485 4453 et
1513 4400 1775 4452 accedant
1802 4400 2053 4454 inlocum
2077 4401 2164 4454 ubi
2192 4411 2277 4455 est
2301 4400 2534 4469 populus
2556 4398 2624 4452 ⁸⁸.
2650 4397 2786 4452 Nam
2813 4399 2896 4454 lex
2925 4406 3049 4450 avet
3074 4398 3129 4453 in
3157 4396 3335 4451 locum
3369 4398 3475 4453 ali-

238 4504 410 4557 quem
467 4494 810 4558 segregatum
841 4485 1142 4539 recondere
1164 4484 1240 4548 id,
1274 4486 1418 4554 quod
1457 4484 1747 4555 insigniter
1772 4484 1935 4540 fuerit
1968 4494 2244 4541 sanctum.
2288 4486 2626 4557 Quapropter
2667 4485 2836 4540 edicit
2864 4501 2877 4537 :
2906 4502 2925 4535 ‹
2960 4485 3019 4536 In
3051 4484 3172 4537 loco
3201 4492 3394 4538 sancto
3424 4484 3479 4539 in

234 4578 384 4631 atrio
408 4574 746 4631 tabernaculi
780 4574 1086 4629 testimonii
1130 4573 1293 4627 edent
1342 4573 1663 4628 sacerdotes
1707 4573 1971 4642 reliquias
2005 4572 2276 4628 simileid
2319 4588 2469 4627 aram
2520 4572 2767 4642 positae.)
2798 4570 2911 4624 Hoc
2964 4579 3126 4638 pacto
3161 4570 3404 4624 ostendit
3421 4585 3483 4625 se

232 4679 431 4719 verum
466 4664 697 4729 cultum,
733 4678 842 4731 quo
869 4661 1007 4716 Deus
1024 4662 1128 4715 coli
1160 4660 1463 4725 desiderat,
1496 4660 1745 4729 mysticis
1770 4662 1950 4717 velare
1980 4663 2182 4720 verbis.
2210 4660 2380 4719 Nobis
2412 4671 2597 4719 autem
2630 4661 2804 4730 major
2847 4660 3045 4730 obtigit
3085 4658 3478 4725 sanctiﬁcatio,

234 4764 300 4811 ut
334 4752 432 4824 qui
463 4753 705 4807 arctiore
729 4761 784 4807 et
815 4750 1072 4821 propiore
1097 4749 1316 4805 vinculo
1347 4748 1589 4804 devincti
1622 4750 1799 4804 simus
1830 4748 1968 4803 Deo.

316 4883 796 4951 Quemadmodum
829 4883 1056 4939 adeunti
1084 4883 1140 4937 in
1173 4882 1350 4938 locum
1392 4896 1611 4937 sacrum
1672 4881 1851 4951 major
1874 4881 2101 4937 obvenit
2136 4878 2525 4945 sanctimonia,
2561 4893 2727 4950 quam
2760 4877 2869 4942 illi,
2896 4877 2988 4948 qui
3020 4878 3211 4950 procul
3260 4879 3329 4934 ab
3364 4880 3487 4938 loco

234 4982 443 5032 sancto
473 4973 636 5027 abest
670 4992 684 5028 :
718 4973 800 5028 sic
828 4986 929 5027 nos
979 4971 1190 5041 majore
1212 4971 1554 5027 abundamus
1596 4972 1913 5027 sanctitate.
1950 4971 2220 5027 Czeterum
2245 4979 2440 5024 natura
2469 4984 2768 5040 corporum
2805 4969 2922 5024 sive
2946 4982 3312 5039 personarum
3344 4984 3485 5039 quo-

235 5079 347 5132 que
373 5058 745 5116 diﬂ'erentiam
784 5057 1123 5115 habet.Nam
1146 5058 1262 5114 ait:
1290 5076 1308 5111 ι
1340 5058 1545 5114 Omnes
1584 5072 1791 5122 mares,
1824 5058 1919 5128 qui
1963 5058 2175 5124 fuerint
2203 5057 2314 5111 nati
2355 5072 2557 5128 genere
2595 5056 2955 5122 sacerdotali,
2982 5066 3285 5112 vescentur
3313 5060 3490 5116 sacri-

237 5152 367 5205 ﬁcio
384 5148 614 5203 similae.
651 5166 669 5199 ι
708 5147 779 5201 At
801 5149 963 5202 nobis
992 5162 1103 5203 non
1136 5151 1223 5201 est
1254 5146 1339 5200 vel
1374 5146 1658 5201 masculus
1685 5146 1775 5200 vel
1802 5144 2024 5202 femella
2076 5145 2130 5200 in
2161 5144 2388 5201 Christo
2414 5143 2546 5201 Jesu
2587 5164 2602 5204 :
2638 5159 2830 5202 verum
2864 5142 3188 5213 iudicamur
3222 5153 3482 5217 respectu

236 5237 432 5293 habito
451 5224 1011 5299 virtutis,secundum
1029 5249 1194 5305 quam
1217 5235 1300 5286 vel
1332 5233 1468 5288 ﬁrmi
1487 5233 1567 5287 vel
1596 5232 1798 5286 inﬁrmi
1827 5247 2174 5303 apparemus.
2208 5230 2400 5289 Omnis
2431 5234 2524 5304 qui
2547 5233 2847 5304 attingebat
2870 5246 2957 5287 res
2978 5230 3087 5286 Deo
3102 5240 3481 5298 consecratas,

234 5324 703 5380 sanctiﬁcabatur
724 5331 779 5376 et
811 5325 949 5393 ipse.
994 5320 1162 5376 Nobis
1199 5335 1329 5375 vero
1362 5321 1665 5389 porrigitur
1705 5320 2097 5384 sanctimonia,
2127 5323 2171 5375 si
2214 5320 2501 5375 Christum
2545 5318 3090 5375 contreetaverimus
3134 5332 3266 5373 vero
3314 5320 3487 5375 animi

238 5412 561 5483 proposito.
588 5410 669 5464 Ad
702 5426 826 5465 eum
858 5410 1081 5465 modum
1124 5409 1495 5477 mulier,qu:e
1535 5407 1904 5462 infestabatur
1938 5408 2222 5479 sanguinis
2266 5407 2556 5476 proﬂuvio,
2591 5408 2774 5475 tetigit
2812 5404 3123 5469 Christum.
3145 5411 3203 5460 et
3250 5406 3485 5463 salutent

234 5510 322 5555 est
345 5506 679 5554 consecuta.
714 5498 1110 5553 Holocaustum
1132 5495 1405 5567 signiﬁcat
1439 5510 1588 5559 eum,
1609 5494 1703 5563 qui
1737 5508 1795 5548 se
1818 5502 1990 5549 totum
2020 5502 2309 5549 consecrat
2340 5505 2393 5549 et
2421 5494 2629 5549 addicit
2670 5492 2841 5549 cultui
2881 5490 3099 5547 divino.
3132 5489 3245 5549 Nec
3300 5500 3487 5549 tamen

315 5696 364 5729 τ’
394 5694 585 5751 Eccle.
611 5711 662 5757 v,
703 5709 785 5760 ιιι,
815 5696 867 5749 ιι.
944 5692 990 5724 ⁸ο
1012 5691 1433 5754 Psal.xux,It.
1509 5689 1549 5723 "
1578 5688 1735 5746 Joan.
1763 5707 1819 5759 v,
1888 5688 1981 5751 24,
2059 5689 2105 5726 "
2139 5687 2294 5747 llom.
2329 5705 2461 5760 ιιιιιὲ
2480 5690 2569 5744 54.
2681 5690 2728 5723 ⁸³
2764 5688 2900 5747 Luc.
2943 5705 3058 5754 xix,
3086 5688 3141 5746 8.
3250 5689 3298 5724 “
3344 5690 3489 5754 Psal.

276 5780 414 5833 cvtt,
470 5766 528 5818 2.
602 5758 833 5820 "Junii.
870 5782 911 5827 ι,
962 5766 1050 5817 52.
1094 5765 1170 5794 ’⁸⁸
1229 5762 1417 5815 Matth.
1481 5778 1561 5825 ιιι,
1605 5763 1688 5820 II.
1764 5758 1871 5815 "lt

1481 5778 1561 5825 ιιι,
1605 5763 1688 5820 Ii.
1764 5758 1811 5793 "7
1845 5760 2074 5819 Malaclt.
2107 5776 2186 5824 ιιι.
2214 5762 2268 5820 2.
2345 5761 2389 5793 ⁸⁸
2424 5758 2622 5819 Ezech.
2659 5774 2791 5828 ιιιι,
2825 5760 2911 5828 15,
2964 5760 3048 5819 14.

550 5858 816 5923 Parem.
865 5857 980 5919 Gtt.
1022 5856 1386 5922 LXXXVII.
3181 5856 3260 5922 93
