4038 6508
628 334 740 400 'ns
1605 361 1611 367 -
1922 320 2223 380 PROCOP‘

2271 372 2274 376 ,
2311 317 2554 376 ϐΑΖΕι
3767 320 3866 388 7m

629 434 968 506 rejlelendus
1001 438 1054 487 et
1077 425 1516 486 contemnendus
1549 422 1723 489 estis,
1756 421 1851 494 qui
1885 422 1972 476 vel
1999 436 2065 477 ex
2096 427 2275 492 parte,
2311 428 2365 472 ut
2391 415 2644 506 ostendit
2675 415 2995 506 manipulus
3022 414 3349 480 sacerdotis,
3381 413 3614 506 devotus
3647 425 3729 470 est
3760 416 3861 506 Do-

631 504 806 582 mino.
840 519 954 574 Hoc
998 515 1334 574 sacriﬁcium
1374 528 1501 569 esse
1531 520 1754 582 oportet
1788 509 2099 573 odoratum,
2133 518 2192 562 ut
2227 507 2316 562 cui
2346 505 2641 575 adjiciatur
2673 507 2801 560 thus
2841 511 2894 559 et
2934 504 3117 559 oleum
3156 523 3169 558 :
3210 519 3448 574 quorum
3491 504 3722 557 alterum
3767 504 3861 556 bo-

633 627 759 666 nam
802 607 1005 663 iudicat
1037 618 1213 675 spem,
1248 603 1480 657 alterum
1517 599 1686 653 vitam
1720 612 1936 651 morum
1979 597 2246 667 gravitate
2289 594 2671 664 conspicuam,
2705 608 2827 662 quae
2864 607 3146 662 nunquam
3191 593 3546 647 obliviscitur
3594 591 3708 647 Dei.
3744 591 3863 648 Ηςιδο

631 699 744 752 vita
783 704 869 750 est
892 691 1097 748 munda
1127 691 1394 760 omnique
1427 686 1655 742 malitia:
1683 694 1836 739 caret
1869 683 2161 739 fermento.
2187 684 2375 756 Neque
2409 685 2555 739 enim
2585 683 2840 738 Salvator
2886 685 3081 753 probat
3111 690 3166 737 et
3194 683 3456 736 mundam
3487 680 3703 751 judicat
3737 696 3861 734 ora-

630 788 868 848 tionem,
908 797 1030 851 qua:
1061 781 1114 835 in
1146 778 1266 834 foro
1292 775 1607 832 ostentandi
1645 774 1821 848 gratia
1860 771 2127 828 funditur.
2156 772 2270 827 Nec
2298 773 2496 843 recipit
2523 771 2796 842 jejunium
2825 772 3250 841 hypocriticum,
3315 784 3415 824 nec
3452 768 3736 822 collaudat
3771 770 3864 822 mi.

633 870 955 927 sericordias
986 882 1174 939 opera,
1211 865 1415 936 quibus
1437 863 1703 934 quaaritur
1733 870 1961 916 externa
1983 865 2126 916 laus.
2155 859 2449 916 Peccatum
2482 860 2586 915 hoc
2615 860 2738 914 loco
2773 860 3027 914 nominat
3080 859 3126 914 si
3163 858 3407 914 scienter
3433 855 3821 925 delinquamus
3852 874 3865 920 ;

631 960 896 1013 delictum
923 965 1104 1017 vocat,
1134 954 1180 1008 si
1212 954 1534 1023 ignoranter
1564 963 1877 1020 peccemus.

699 1050 812 1101 Hoc
841 1045 909 1099 sit
927 1044 1124 1096 donum
1147 1042 1328 1094 Aaron
1345 1049 1393 1093 et
1426 1039 1665 1108 ﬁliorum
1700 1036 1838 1105 ejus,
1872 1042 1984 1090 etc.
2010 1031 2263 1105 [V|,20.]
2281 1031 2628 1088 Sacriﬁcium
2655 1029 2961 1086 sacerdotis
2996 1029 3272 1100 integrum
3307 1029 3381 1084 sit
3411 1031 3748 1097 requiritur,
3775 1043 3866 1082 nec

628 1149 696 1187 ex
723 1140 876 1204 parte
904 1129 1132 1184 offertur
1165 1143 1179 1181 :
1213 1135 1438 1196 totoque
1467 1125 1556 1180 die
1585 1125 1769 1179 durat.
1792 1121 1928 1176 Nam
1959 1121 2278 1177 sacerdotes
2313 1136 2418 1174 non
2455 1119 2566 1175 Deo
2601 1121 2938 1188 mundoque,
2973 1126 3032 1171 ut
3071 1118 3297 1188 reliqui,
3331 1119 3624 1180 serviunt;
3662 1118 3753 1172 sed
3776 1119 3865 1171 toti

627 1232 755 1274 sunt
777 1217 1071 1286 mancipati
1103 1215 1352 1270 Domino.
1382 1211 1524 1268 Huic
1550 1227 1778 1282 prorsus
1803 1209 1964 1280 337
1983 1219 2109 1264 sunt
2131 1209 2286 1278 quasi
2310 1208 2554 1277 impacti,
2579 1206 2649 1261 ab
2675 1207 2905 1275 ejusque
2929 1219 3117 1258 amore
3143 1221 3419 1274 nunquam
3453 1207 3615 1259 avelli
3645 1216 3865 1274 queunt.

629 1307 706 1362 lta
724 1321 782 1362 se
799 1321 914 1362 rem
941 1305 1143 1358 habere
1177 1309 1502 1372 argumento
1530 1308 1612 1354 est
1635 1299 1950 1368 Apostolus,
1981 1296 2172 1350 dicens
2208 1312 2222 1348 :
2251 1312 2270 1346 ‹
2301 1295 2420 1350 Una
2455 1310 2580 1349 cum
2611 1293 2841 1349 Christo
2872 1291 3174 1348 cruciﬁxus
3204 1307 3350 1346 sum.
3382 1292 3522 1347 Vivo
3551 1303 3737 1347 autem
3766 1307 3866 1346 non

635 1393 878 1463 amplius
907 1406 1030 1460 ego.
1060 1389 1154 1445 sed
1189 1390 1242 1443 in
1273 1403 1359 1443 me
1387 1387 1520 1442 vivit
1546 1386 1803 1441 Christus
1819 1385 1889 1438 ⁸⁸.
1935 1402 1955 1437 ι
2001 1381 2234 1452 Sartago
2256 1381 2523 1436 indicium
2549 1387 2604 1435 et
2644 1387 2774 1434 nota
2800 1388 2885 1434 est
2915 1377 3310 1444 doloris.Quod
3342 1379 3582 1449 frigetur
3615 1388 3670 1434 et
3697 1394 3868 1434 mace-

631 1489 789 1535 ratur
823 1479 966 1540 oleo,
1007 1477 1224 1546 signum
1250 1480 1335 1529 est
1367 1473 1652 1528 immensa:
1683 1470 1913 1534 laetitiae,
1938 1484 2100 1538 quam
2135 1469 2295 1524 nobis
2323 1469 2588 1538 elargitur
2621 1476 2776 1522 certa
2802 1481 2928 1536 spes
2961 1468 3016 1520 in
3051 1466 3243 1520 Deum.
3279 1465 3434 1532 Quod
3487 1483 3555 1520 ex
3594 1465 3862 1533 fragmen-

637 1565 712 1621 tis
743 1565 1037 1628 conflatur,
1076 1568 1465 1632 argumentum
1513 1567 1597 1614 est
1632 1561 1768 1614 satis
1808 1571 2093 1625 magnum,
2127 1570 2222 1610 cor
2252 1555 2473 1625 quidem
2525 1563 2848 1610 sanctorum
2888 1553 3053 1608 facile
3092 1553 3306 1622 prolabi
3340 1554 3394 1608 in
3430 1554 3773 1623 voluptates.
3818 1566 3867 1606 et

628 1653 896 1708 facillime
929 1652 1056 1707 inde
1093 1648 1300 1706 retrahi
1331 1655 1388 1702 et
1418 1646 1698 1701 humiliari
1727 1662 1743 1700 :
1781 1660 1881 1699 nec
1904 1659 2028 1702 esse
2050 1650 2347 1698 contumax
2379 1651 2432 1697 et
2463 1641 2835 1696 intractabile.
2869 1639 3004 1695 Nam
3031 1639 3201 1695 David
3226 1641 3339 1695 ait:
3369 1659 3387 1692 ι
3424 1641 3534 1696 Cor
3573 1642 3866 1694 contritum

627 1749 684 1795 et
721 1740 1068 1795 humiliatum
1103 1735 1250 1791 Deus
1280 1749 1388 1790 non
1422 1734 1693 1804 despiciet
1733 1734 1802 1788 '°.
1838 1752 1856 1785 ι
1894 1734 1963 1786 At
1988 1731 2191 1786 diaboli
2225 1745 2320 1786 cor
2345 1732 2694 1804 congelatum
2727 1731 2867 1798 riget
2892 1731 3072 1786 instar
3106 1731 3330 1801 lapidis,
3359 1738 3416 1786 et
3440 1739 3501 1784 ut
3533 1732 3726 1791 incus,
3761 1745 3868 1798 quae

629 1830 801 1884 nullis
835 1828 1157 1883 malleorum
1191 1823 1515 1880 verberibus
1543 1831 1597 1877 et
1620 1823 1820 1878 ictibus
1853 1822 2146 1876 mollescit.
2175 1818 2447 1875 Praeterea
2483 1820 2749 1875 docemur
2779 1819 2924 1875 ﬁlios
2954 1817 3174 1884 decere,
3204 1827 3261 1873 ut
3289 1819 3405 1876 sint
3427 1819 3752 1874 imitatores
3785 1832 3868 1887 ps-

627 1931 847 1974 rentum
885 1923 1233 1980 sanctorum,
1274 1912 1556 1978 similiter,
1594 1920 1653 1964 ut
1691 1919 1972 1981 parentes,
2001 1910 2331 1966 holocausto
2371 1923 2485 1965 rem
2523 1923 2740 1963 sacram
2771 1907 3070 1964 facientes.

701 2029 838 2099 Ephi
861 2036 914 2084 et
936 2026 1154 2084 chmnix
1186 2035 1316 2082 sunt
1340 2039 1646 2097 synonyma
1678 2034 1732 2080 et
1763 2025 2014 2080 eamdem
2041 2039 2196 2079 men-
2223 2036 2267 2093 Α

2369 2019 2496 2094 Οἷφι
2534 2024 2591 2078 δὲ
2629 2024 2722 2077 καὶ
2749 2023 2920 2094 χοῖνιξ
2942 2024 3001 2078 ἓν
3035 2024 3153 2077 ἐστι
3189 2023 3407 2095 μέτρον,
3449 2020 3613 2092 διττῷ
3650 2021 3865 2093 ὀνόματι

628 2137 814 2178 suram
867 2118 1198 2192 signiﬁcant.
1249 2117 1348 2172 Est
1399 2125 1584 2171 autem
1656 2115 1877 2170 climnix
1935 2129 2194 2172 mensura

2303 2115 2865 2188 προσαγορευόμενον.
2897 2116 3053 2170 Ἐστι
3085 2116 3140 2170 δὲ
3177 2115 3288 2169 δύω
3319 2115 3521 2182 ξεστῶν
3545 2115 3639 2170 καὶ
3671 2131 3862 2182 matr;-

627 2212 921 2266 continens
945 2224 1170 2264 urceum
1201 2216 1255 2263 et
1285 2216 1496 2280 partem
1533 2209 1682 2263 urcei
1708 2207 2014 2262 minimam.
2304 2208 2520 2280 μορίου.

701 2322 769 2377 In
802 2325 916 2378 loco
938 2323 1028 2377 ubi
1052 2333 1285 2378 mactant
1317 2322 1649 2384 holocausta,
1705 2331 1933 2376 mactent
1967 2321 2294 2390 sacri/icium
2326 2338 2422 2392 pro
2459 2330 2694 2390 peccato,
2725 2329 2833 2378 etc.
2870 2319 3014 2393 [25.]
3051 2320 3308 2385 Victima,
3349 2336 3472 2391 quae
3508 2334 3608 2391 pro
3647 2328 3866 2390 peccato

629 2414 928 2478 occiditur,
968 2413 1126 2467 solus
1155 2419 1239 2467 est
1267 2411 1544 2475 Christus,
1580 2411 1670 2480 qui
1705 2427 1801 2480 per
1856 2410 2041 2464 omnia
2080 2418 2304 2464 sanctus
2347 2409 2603 2464 habetur.
2632 2407 2850 2463 Idcirco
2881 2408 3112 2464 caeditur
3140 2410 3194 2462 in
3228 2409 3368 2474 loco,
3403 2424 3567 2478 quem
3597 2417 3865 2477 occupant

629 2500 974 2555 holocausta.
1018 2497 1155 2553 Nam
1192 2517 1210 2549 ι
1249 2513 1373 2553 eum
1406 2498 1610 2568 iniquis
1673 2507 1963 2568 reputatus
1993 2507 2077 2552 est
2114 2498 2189 2562 9';
2231 2515 2248 2548 ι
2285 2504 2544 2550 caeterum
2582 2509 2731 2548 mors
2763 2494 2884 2564 ejus
2917 2504 3109 2552 sancta
3135 2495 3481 2551 celebratur:
3511 2505 3564 2550 et
3601 2496 3864 2564 quemad-

630 2587 850 2642 modum
885 2585 1028 2641 Deus
1050 2587 1279 2641 deorum
1318 2593 1402 2640 est
1433 2585 1578 2640 ﬁlius
1615 2602 1628 2640 :
1661 2584 1737 2640 ita
1763 2592 1817 2639 et
1849 2584 2087 2639 Sanctus
2119 2593 2436 2638 sanctorum
2470 2581 2790 2637 adorandus
2819 2592 2923 2637 est.
2961 2582 3249 2653 Siquidem
3284 2592 3560 2653 quatenus
3589 2582 3735 2637 Deus
3763 2596 3862 2642 est,

631 2675 946 2729 universam
980 2683 1290 2728 creaturam
1326 2681 1520 2727 sancto
1544 2671 1751 2743 Spiritu
1782 2680 2008 2726 renovat
2043 2681 2097 2726 et
2126 2669 2459 2726 sanctiﬁcat.
2488 2668 2748 2724 Vescitur
2777 2680 2962 2725 autem
2998 2671 3276 2725 sacriﬁcio
3310 2671 3585 2741 pontifex,
3612 2672 3708 2740 qui
3758 2686 3862 2724 rem

632 2762 876 2816 divinam
907 2760 1057 2814 facit.
1097 2757 1488 2828 Unusquisque
1520 2760 1725 2814 etenim
1760 2759 2021 2815 sacerdos
2049 2758 2406 2814 vindemiabit
2436 2765 2490 2813 et
2526 2759 2748 2831 colliget
2775 2759 2990 2815 fructus
3018 2775 3247 2816 suorum
3281 2761 3570 2816 laborum:
3599 2772 3653 2814 et
3688 2775 3862 2815 remu—

633 2850 972 2903 iterationem
1008 2847 1091 2902 sui
1127 2847 1418 2901 ministerii
1451 2848 1705 2917 accipiet.

708 2935 773 2990 In
802 2937 1004 2990 sanctis
1046 2935 1177 2989 locis
1207 2937 1458 2999 eduntur,
1489 2944 1595 2990 etc.
1641 2933 1778 3007 [26.]
1821 2934 1953 2989 Nam
1985 2934 2040 2989 in
2076 2933 2341 2990 Eeclesiis
2381 2935 2691 2990 offeruntur
2730 2935 2989 3007 mystica.
3043 2934 3307 2990 Sanctum
3338 2944 3564 3007 praestat
3599 2951 3722 2990 eum
3762 2937 3862 2990 tals

633 3024 992 3089 sacriﬁcium,
1017 3023 1110 3092 qui
1143 3023 1411 3092 contingit
1446 3022 1626 3092 ipsmn
1651 3041 1665 3077 :
1694 3038 1792 3078 nec
1824 3039 1931 3078 non
1967 3024 2313 3078 sanctitatem
2341 3023 2511 3076 trahit
2549 3040 2613 3078 ex
2643 3024 2932 3094 sanguinis
2960 3025 3304 3094 aspersione.
3328 3025 3398 3079 At
3420 3038 3550 3079 vasa
3580 3032 3634 3078 et
3664 3024 3861 3078 instru-

633 3119 816 3166 menta
845 3126 967 3181 quae
991 3109 1120 3165 huic
1153 3110 1373 3179 negotio
1411 3109 1748 3176 deserviunt,
1779 3125 1887 3164 non
1924 3111 1990 3164 ad
2019 3111 2286 3164 humanos
2317 3110 2671 3178 proferuntur
2705 3127 2863 3166 usus.

705 3197 775 3253 Et
798 3199 977 3252 omnia
1005 3212 1122 3268 qua:
1153 3198 1414 3266 pertinent
1445 3195 1514 3250 ad
1539 3197 1864 3266 sacriﬁcium
1913 3213 2009 3266 pro
2043 3207 2275 3266 peccato,
2328 3208 2384 3249 ut
2422 3199 2483 3251 de
2538 3200 2797 3269 sanguine
2859 3199 3150 3268 inferatur,
3184 3207 3291 3254 etc.
3327 3196 3468 3272 [50.]
3514 3197 3770 3252 Prohibet
3803 3215 3862 3252 ne

633 3285 951 3343 sacerdotes
988 3284 1155 3340 edant
1194 3284 1410 3338 viscera
1435 3292 1488 3339 et
1512 3284 1774 3338 intestina
1807 3283 2178 3338 victimarum.
2231 3283 2510 3339 Laudatur
2553 3295 2733 3340 autem
2766 3301 2795 3339 a
2837 3286 3025 3342 divina
3053 3294 3109 3342 et
3151 3300 3409 3356 suprema
3457 3294 3676 3352 natura,
3714 3286 3860 3354 cujus

634 3385 800 3446 typus
834 3381 918 3428 est
951 3373 1118 3443 ignis.
1155 3371 1371 3437 Quanta
1405 3372 1696 3425 sanctitate
1725 3369 1939 3426 fulserit
1988 3386 2136 3426 mors
2163 3370 2390 3438 Christi,
2424 3373 2560 3427 satis
2608 3373 2897 3427 evidenter
2946 3381 3323 3428 commonstra
3352 3387 3520 3428 cruor
3549 3374 3642 3443 qui
3685 3388 3860 3444 asper-

634 3464 784 3532 gitur
846 3459 966 3515 basi
1020 3473 1150 3514 araz.
1194 3457 1466 3514 Caeterum
1526 3457 1790 3513 intestina
1841 3457 2007 3513 tacite
2055 3467 2450 3528 repraesentant
2511 3461 2830 3516 varietatem
2902 3463 3166 3516 virtutum
3240 3461 3444 3531 quibus
3506 3471 3736 3515 ornatus
3784 3470 3858 3516 est

635 3549 918 3605 Christus.

705 3637 1018 3706 Quicunque
1069 3637 1223 3704 offert
1269 3637 1640 3691 holocaustum
1671 3637 1921 3699 hominis,
1950 3642 2058 3689 etc.
2094 3633 2212 3689 Non
2241 3633 2387 3688 enim
2433 3635 2605 3704 gratis
2645 3635 2915 3692 servimus
2948 3635 3080 3690 Deo.
3111 3635 3237 3691 Haec
3266 3644 3354 3691 est
3379 3635 3463 3691 lex
3495 3634 3672 3698 Pauli,
3704 3651 3853 3704 quasi

635 3726 898 3780 omnibus
928 3725 1053 3779 tulit
1083 3723 1364 3792 Eeclesiis,
1399 3725 1589 3779 dicens
1621 3737 1635 3777 :
1689 3742 1707 3775 ς
1765 3723 1856 3777 Sic
1895 3731 1949 3777 et
1985 3722 2248 3776 Dominus
2279 3721 2598 3786 ordinavit,
2643 3731 2703 3776 ut
2754 3723 2809 3776 hi
2835 3764 2850 3788 ,
2907 3723 3000 3790 qui
3038 3723 3521 3791 altari_assideant
3549 3763 3564 3785 ,
3611 3739 3677 3776 ex
3714 3726 3852 3775 altari

633 3813 824 3868 vivant
852 3813 919 3867 θ’.
963 3829 981 3862 ι
1033 3808 1095 3863 Ει
1140 3811 1386 3866 iterum:
1428 3828 1446 3863 ‹
1481 3809 1586 3876 Qui
1620 3808 1854 3865 offerunt
1908 3808 2162 3862 victimas
2192 3809 2382 3865 altaris
2419 3817 2547 3863 sunt
2583 3811 2883 3880 participes
2917 3809 2986 3863 ".
3032 3829 3052 3863 s
3095 3809 3294 3866 Verum
3349 3811 3441 3865 illa
3485 3811 3685 3865 tradita
3744 3821 3853 3864 sunt

633 3900 1035 3968 sacerdotibus,
1057 3907 1116 3954 ut
1147 3901 1398 3970 adjutent
1427 3901 1690 3972 populum
1719 3909 1940 3970 portare
1961 3898 2185 3964 delicta,
2205 3906 2258 3955 et
2283 3912 2380 3969 per
2405 3897 2506 3952 hos
2538 3899 2729 3968 gratia:
2756 3906 2996 3969 agantur
3023 3899 3152 3955 Deo.
3175 3899 3313 3966 Quia
3341 3900 3410 3954 ab
3437 3899 3547 3955 illis
3568 3901 3848 3970 gratiarum

632 3987 779 4042 actio
816 3986 895 4041 ﬁt.

704 4071 880 4125 Panes
912 4087 978 4125 ea:
1006 4073 1189 4126 simila
1217 4083 1433 4140 paratos
1467 4074 1518 4126 in
1570 4072 1705 4135 oleo,
1756 4081 1804 4124 et
1847 4072 2121 4138 placentas
2162 4088 2263 4126 non
2304 4072 2649 4140 fermentatus
2677 4083 2961 4142 perunctus
3001 4075 3114 4128 oleo
3139 4091 3296 4143 super
3324 4076 3551 4140 panibus
3577 4075 3848 4144 fermenta-

633 4159 724 4222 tis,
749 4168 855 4213 etc.
879 4158 1020 4229 [Vll,
1045 4159 1158 4230 12.]
1182 4161 1306 4214 Haec
1328 4176 1474 4214 nunc
1502 4161 1766 4229 loquitur,
1799 4162 2050 4228 quamvis
2082 4175 2243 4229 supra
2271 4161 2524 4229 rcjecerit
2549 4170 2601 4215 et
2642 4162 3012 4231 rcpudiaverit
3039 4163 3145 4215 mel
3182 4171 3236 4216 et
3263 4161 3592 4216 fermentum
3621 4166 3674 4216 in
3697 4165 3850 4218 sacri-

633 4246 794 4302 ﬁciis.
829 4247 1030 4300 Vcrum
1083 4248 1369 4302 sciendum
1409 4256 1511 4312 est,
1555 4248 1702 4317 quod
1740 4263 1886 4301 nunc
1927 4249 2090 4302 verba
2136 4247 2317 4302 fundit
2344 4250 2410 4303 dc
2443 4247 2606 4302 laude
2637 4263 2745 4316 qua
2792 4247 3024 4303 afficitur
3065 4249 3232 4304 Deus.
3267 4247 3407 4302 Nam
3445 4250 3705 4305 laudibus
3737 4267 3851 4305 Con-

630 4335 958 4391 decoramus
993 4333 1160 4388 Deum
1185 4335 1522 4404 pepulariter
1546 4334 1938 4390 convenientes
1976 4335 2028 4388 in
2060 4336 2301 4405 templis,
2334 4350 2364 4388 a
2403 4350 2512 4404 quo
2534 4343 2807 4388 conventu
2849 4350 2950 4389 nec
2988 4337 3373 4391 catechumeni
3409 4347 3691 4392 arcentur.
3725 4338 3847 4390 Idem

626 4424 794 4478 etiam
825 4423 1083 4476 laudibus
1125 4424 1463 4492 privatorum
1494 4423 1801 4488 extollitur,
1831 4423 1959 4476 dum
1990 4424 2136 4477 intra
2161 4424 2357 4477 mdium
2394 4422 2728 4491 privatarum
2761 4423 2999 4491 parietes
3033 4421 3204 4477 Deum
3260 4424 3490 4478 laudant
3539 4424 3727 4480 ﬁdeles
3769 4425 3850 4478 ho-

629 4511 828 4566 mines.
868 4510 1053 4563 Cocta:
1097 4524 1297 4565 carnes
1336 4509 1636 4564 ostendunt
1661 4510 1763 4564 sub
1796 4510 2029 4579 quodam
2063 4526 2160 4564 ceu
2192 4520 2317 4581 typo
2344 4509 2532 4579 p0puli
2570 4518 2901 4563 conventum
2928 4520 2982 4564 et
3008 4511 3386 4565 concordiam.
3421 4509 3612 4575 Panis,
3639 4514 3726 4567 cui
3755 4525 3846 4566 non

630 4593 858 4648 additur
907 4595 1264 4660 fermentum,
1302 4595 1489 4650 ﬁdeles
1520 4605 1575 4650 et
1624 4596 1743 4666 pios
1778 4595 2062 4665 designat:
2117 4597 2580 4666 quemadmodum
2623 4598 3013 4652 catechumeni
3045 4598 3428 4667 intelliguntur
3467 4599 3572 4654 sub
3611 4600 3842 4669 panibus.

629 4684 725 4756 qui
757 4697 1030 4740 acuerunt
1059 4685 1352 4741 fermento.
1392 4685 1526 4740 Nam
1566 4687 1949 4741 catechumeni
1981 4686 2225 4740 nondum
2257 4694 2541 4740 sectantur
2567 4700 2763 4754 purum
2795 4694 2847 4740 et
2871 4678 3194 4741 delzecatum
3227 4689 3352 4741 vita:
3381 4703 3580 4758 genus,
3604 4686 3843 4757 quemad-

629 4772 854 4826 modum
884 4789 1012 4827 vere
1057 4773 1383 4830 Christiani.
1433 4772 1629 4828 Simila
1665 4782 1845 4827 autem
1895 4773 2099 4826 illibata
2136 4788 2235 4826 nec
2293 4772 2474 4826 adhuc
2508 4787 2834 4840 conspersa,
2873 4782 2931 4826 ut
2965 4774 3048 4827 vel
3087 4775 3242 4844 panis
3286 4775 3371 4829 vel
3423 4776 3685 4844 placentte
3737 4772 3837 4827 inde

629 4859 784 4922 flant,
819 4859 1047 4916 denotat
1099 4863 1313 4918 laudem
1362 4877 1528 4933 quam
1560 4863 1762 4933 singuli
1793 4861 2100 4916 Christiani
2136 4875 2233 4930 per
2268 4876 2327 4914 se
2370 4859 2608 4912 offerunt
2642 4858 2751 4914 Deo
2783 4862 2934 4914 omni
2983 4861 3251 4915 fermento
3280 4877 3508 4916 vacuam
3564 4861 3831 4917 secundum

627 4943 803 4998 divini
832 4945 986 5000 Pauli
1011 4963 1198 5002 vocem
1224 4966 1238 5002 :
1261 4967 1280 4999 ι
1322 4948 1510 5020 Itaque
1537 4949 1734 5005 festum
1755 4948 2120 5013 celebremus,
2143 4964 2250 5002 non
2283 4947 2336 5001 iu
2365 4947 2634 5001 fermento
2674 4947 2845 5000 veteri
2874 4962 3053 5017 neque
3083 4948 3139 5001 in
3165 4947 3331 5019 338
3354 4947 3624 5004 fermento
3648 4947 3830 5001 malitiae

625 5045 681 5091 et
710 5040 999 5092 versutia:
1038 5039 1133 5093 sed
1169 5041 1221 5093 in
1253 5042 1489 5110 panibus
1521 5042 1792 5096 fermento
1831 5043 2172 5104 carentibus,
2204 5039 2310 5094 hoc
2335 5049 2441 5103 est,
2475 5040 2528 5092 in
2558 5040 2877 5093 sinceritate
2906 5047 2962 5094 et
2990 5041 3221 5095 veritate
3247 5042 3345 5095 “.s
3369 5039 3436 5095 Et
3467 5042 3711 5096 iterumu
3739 5037 3824 5092 Ero

626 5137 857 5198 purgate
891 5137 1051 5182 vetus
1084 5128 1432 5198 fermentum,
1472 5143 1531 5190 ut
1558 5134 1682 5190 sitis
1730 5149 1874 5188 nova
1902 5137 2246 5205 conspersio,
2269 5135 2429 5189 sicuti
2459 5135 2595 5187 estis
2627 5149 2735 5186 non
2767 5133 3080 5188 fermentati
3110 5134 3175 5186 ’³.
3214 5151 3232 5185 ι
3273 5131 3464 5199 Oleum
3496 5135 3685 5188 laetitiae
3708 5147 3821 5200 sym.

626 5220 814 5275 bolum
847 5229 952 5274 est.
986 5218 1119 5272 Nam
1153 5222 1615 5288 misericordiam,
1637 5239 1801 5292 quam
1832 5223 2026 5278 tribuit
2062 5223 2225 5286 Deus,
2258 5236 2359 5276 nos
2389 5223 2658 5291 consequi
2713 5230 2948 5290 oportet.
2983 5221 3169 5290 lnquit
3207 5224 3352 5277 enim
3392 5240 3404 5276 :
3446 5242 3465 5274 ι
3525 5222 3686 5276 Macta
3737 5220 3819 5272 Deo

627 5306 959 5361 sacriﬁcium
987 5306 1188 5370 laudis.
1223 5315 1278 5362 et
1323 5309 1490 5362 redde
1527 5309 1758 5364 Domino
1787 5320 1913 5363 vota
1945 5321 2060 5374 tua,
2097 5320 2149 5364 et
2182 5311 2374 5365 invoca
2401 5327 2483 5364 me
2517 5313 2570 5364 in
2607 5312 2695 5364 die
2721 5311 3097 5365 tribulationis
3133 5321 3261 5376 tuae,
3295 5321 3349 5366 et
3381 5313 3663 5366 vindicabo
3692 5318 3750 5372 te,
3776 5316 3816 5358 et

625 5394 972 5449 collaudabis
1014 5410 1099 5450 tne
1121 5396 1409 5466 magniﬁce
1441 5396 1541 5450 ⁸⁸.»
1567 5395 1704 5451 Huic
1737 5399 1996 5452 convenit
2027 5407 2078 5452 et
2109 5399 2275 5453 illud:
2309 5417 2325 5450 ι
2371 5397 2566 5452 Mmsto
2600 5399 2726 5466 quis
2763 5397 2906 5451 inter
2936 5413 3035 5452 vos
3062 5399 3250 5452 animo
3279 5409 3385 5463 est,
3417 5399 3642 5453 orationi
3673 5398 3812 5447 inlen-

629 5491 718 5536 tns
757 5481 830 5538 sit
856 5504 872 5537 ε
897 5480 1045 5537 Lato
1071 5483 1197 5553 quis
1229 5482 1415 5537 animo
1444 5491 1549 5549 est,
1579 5484 1828 5539 cantillet
1859 5484 1926 5538 ".
1969 5502 1988 5536 ι
2023 5514 2092 5523 -
2129 5503 2144 5535 ι
2189 5483 2305 5541 Non
2356 5486 2694 5554 relinquent,
2725 5486 2821 5547 ait,
2857 5485 2924 5540 de
2951 5500 3019 5540 eo
3049 5487 3103 5540 iu
3140 5487 3468 5552 crastinum,
3509 5503 3524 5535 ι
3563 5494 3659 5540 etc.
3690 5481 3808 5535 Alius

697 5637 741 5667 ⁸³
785 5634 966 5689 Galat.
1010 5652 1067 5696 ιι,
1105 5635 1192 5698 19,
1235 5636 1325 5691 90.
1403 5639 1450 5670 "
1473 5637 1616 5690 Psal.
1649 5639 1874 5698 1.,19."
1905 5635 2010 5691 Isa.
2042 5654 2154 5698 Lm,
2199 5639 2278 5693 12.

2202 5639 2278 5693 l2.
2359 5642 2400 5669 "
2440 5638 2613 5691 lCur.
2665 5654 2736 5700 ιι,
2774 5640 2856 5693 l3.
2909 5639 3010 5693 "l
3053 5639 3176 5692 Cor.
3214 5655 3264 5703 ι,
3299 5640 3376 5694 l8.
3457 5641 3499 5670 “
3535 5631 3797 5695 1(ἶυι’.τ,8.

630 5705 679 5740 "
709 5704 840 5764 ibid.
876 5705 924 5760 7.
1002 5707 1046 5738 ³⁸
1078 5705 1224 5760 Psal.
1251 5723 1399 5772 ms,
1441 5711 1523 5774 Η,
1563 5709 1647 5761 15.
1722 5710 1762 5739 ’τ
1790 5707 1905 5762 Jac.
1947 5723 1998 5769 v,
2031 5710 2111 5762 15.
