4038 6504
236 374 352 443 m
1270 375 1809 441 COMMENTARII
1853 378 1935 439 IN
1975 378 2416 463 stmcuu.
3388 352 3499 459 τις

231 493 394 548 enim
425 488 626 547 modus
646 496 731 547 est
762 486 1031 545 laudandi
1060 486 1354 543 Dominum
1380 491 1433 544 in
1459 489 1649 547 futuro
1685 491 1913 555 saeculo,
1935 490 2407 562 quemadmodum
2429 490 2546 563 jam
2578 466 2947 553 olimdictum
2970 506 3055 556 est
3090 516 3103 555 :
3142 518 3162 556 ι
3198 502 3502 565 Cantemus

231 579 499 635 Domino.
544 576 831 651 Magniﬁce
875 576 1079 633 etenim
1124 574 1468 643 gloriﬁcatus
1519 580 1692 636 est“.
1734 598 1751 632 ι
1785 579 2023 636 Carmen
2076 588 2283 646 autem,
2330 578 2481 651 quod
2511 587 2784 654 tempore,
2816 601 2934 658 quo
2984 588 3377 650 manifestalus
3415 606 3504 650 est

224 662 517 727 Christus,
550 671 671 716 erat
706 661 1038 728 canendum,
1064 667 1232 719 etiam
1263 664 1693 734 praenuntiatum
1728 672 1851 720 est:
1884 681 1904 717 ι
1936 664 2177 720 Carmen
2201 680 2470 724 canamus
2500 665 2735 727 Domino
2761 687 2990 730 carmen
3015 692 3220 734 novum
3247 680 3314 735 ”.
3342 700 3361 733 ι
3388 680 3504 740 Hoc

222 751 501 803 nimirum
538 750 673 804 illud
704 762 809 814 εει,
838 752 989 818 quod
1029 750 1332 806 scribitur:
1371 770 1390 803 ι
1427 751 1692 807 Ascendit
1752 754 1897 811 Deus
1931 770 2059 811 cum
2098 754 2501 813 vociferatione
2537 757 2631 814 ubi
2666 759 2902 832 diripuit
2934 763 3237 833 infernum,
3266 777 3322 824 et
3366 771 3505 826 dixit

223 836 342 901 his,
366 838 459 907 qui
485 845 647 891 erant
669 837 722 890 in
752 837 1028 892 vinculis:
1070 838 1264 893 Exite:
1299 848 1355 893 et
1375 838 1483 903 his,
1507 840 1603 909 qui
1634 841 1687 895 in
1716 843 1967 900 tenebris
2007 845 2392 911 morabantur,
2416 844 2476 902 in
2508 846 2687 904 lucem
2711 852 2998 920 procedits
3025 855 3098 908 ‘.i
3127 856 3343 923 Quibus
3379 876 3503 915 vcr-

220 924 315 978 bis
339 924 641 979 edocemur
664 935 895 978 mortem
916 939 1039 979 esse
1067 924 1428 991 debellatalu,
1460 934 1517 981 et
1547 941 1832 998 peccatum
1875 934 2097 1003 penitus
2132 935 2502 990 destructum.
2532 934 2775 993 Proinde
2801 938 2933 996 huic
2964 944 3199 1013 tempori
3226 957 3504 1018 congruot

222 1012 325 1066 illa
359 1015 480 1068 laus
512 1013 629 1068 sive
665 1013 757 1068 ille
791 1011 1054 1067 laudandi
1096 1012 1266 1068 Deum
1302 1014 1466 1069 ritus.
1498 1014 1639 1099 Nam
1664 1016 1992 1075 adveniente
2030 1035 2118 1085 eo,
2151 1021 2299 1092 quod
2336 1023 2640 1094 perfectum
2677 1037 2734 1082 et
2766 1030 3010 1100 undique
3041 1011 3367 1090 absolutum
3390 1048 3498 1103 est,

223 1105 381 1173 quod
413 1104 747 1175 particulare
777 1103 941 1158 luerit
968 1103 1309 1159 dissolvetur
1334 1113 1389 1158 et
1414 1094 1631 1161 irritum
1680 1108 1789 1163 erit
1818 1109 1863 1162 ’.
1904 1108 1999 1163 Sic
2026 1117 2082 1165 et
2115 1109 2370 1166 Christus
2406 1111 2620 1182 inquit:
2658 1132 2679 1165 ι
2711 1113 2870 1170 Nunc
2898 1094 2993 1189 per
3018 1121 3312 1190 parabolas
3344 1094 3501 1181 locu;

226 1196 324 1244 tus
349 1204 475 1245 sum
505 1188 686 1245 vobis.
720 1186 881 1243 Venit
913 1188 1073 1252 hora,
1098 1189 1320 1260 quando
1354 1202 1464 1243 non
1490 1190 1727 1261 amplius
1754 1206 1852 1263 per
1880 1194 2175 1264 parabolas
2202 1197 2400 1268 loquar
2428 1200 2593 1256 vobis
2619 1201 2661 1255 ³.
2691 1219 2709 1253 ι

298 1304 410 1360 Καὶ
448 1304 516 1358 τὸ
549 1305 948 1376 καταλειφθὲν
977 1306 1097 1362 ἀπὸ
1142 1306 1255 1377 τῆς
1286 1310 1506 1374 θυσίας
1528 1307 1639 1375 ἓως
1666 1306 1802 1379 rips-

1993 1309 2148 1376 Quod
2181 1311 2455 1369 residuum
2483 1314 2648 1384 fuerit
2676 1315 2739 1372 de
2774 1320 3024 1376 carnibus
3051 1325 3312 1394 sacrificii
3335 1343 3501 1398 usque

224 1414 336 1465 ρας
368 1400 590 1467 τρίτης,
618 1399 689 1454 ἐν
727 1400 871 1468 πυρί
919 1400 1463 1470 κατακαυθήσεται.
1516 1402 1655 1455 Ἀπὸ
1700 1401 1814 1455 τῶν

224 1489 499 1542 ἑκουσίων
527 1489 625 1543 καὶ
652 1489 762 1543 τῶν
796 1492 917 1544 κατ’
944 1490 1108 1563 εὐχὴν
1141 1492 1212 1546 τὰ
1252 1493 1504 1565 λείψανα,
1535 1495 1633 1547 καὶ
1658 1496 1718 1548 ὲν
1743 1497 1809 1566 τῇ

223 1580 461 1651 ἔπιούσῃ
495 1579 763 1651 βρώματα
790 1580 869 1653 (6)
895 1598 909 1613 ο
943 1584 999 1636 ὲν
1029 1586 1095 1655 τῇ
1137 1583 1299 1659 τρίτῃ
1331 1585 1411 1650 δὲ,
1442 1584 1528 1639 οῦ.
1570 1584 1677 1638 Τοῦ
1712 1585 1812 1656 μὲν

217 1672 544 1743 αὐθημερὸν
573 1672 859 1742 δηλοῦντος
888 1672 970 1739 τὸ,
1008 1692 1027 1727 ι
1062 1675 1153 1728 Ἑν
1180 1677 1247 1748 τῇ
1280 1678 1522 1747 κοσμικῇ
1546 1676 1755 1748 ἡμέρᾳ,
1787 1693 1807 1729 ι

221 1764 351 1829 μεθ’
391 1767 458 1834 ἦν
489 1765 591 1819 οὒκ
640 1766 759 1819 ἔστι
799 1765 891 1820 διὰ
928 1765 1161 1821 Θανάτου
1202 1769 1450 1841 σωτηρία
1474 1786 1489 1801 ο
1520 1768 1616 1821 τοῦ
1656 1768 1714 1822 δὲ
1747 1770 1808 1823 ὲν

213 1856 337 1910 δύω
368 1858 556 1927 μόναις
583 1859 841 1933 ἡμέραις,
890 1859 992 1934 τὴν
1018 1860 1109 1916 διὰ
1139 1860 1332 1933 τρίτης
1359 1860 1670 1934 δηλοῦντος,
1701 1863 1803 1934 τὴν

210 1950 523 2004 ἀνάστασιν
538 1953 633 2005 τοῦ
660 1953 879 2017 ἑκόντος
900 1952 1194 2019 παθόντος.

1915 1404 1969 1457 in
1989 1404 2127 1457 diem
2148 1405 2387 1469 tertium,
2403 1406 2521 1477 igne
2537 1410 2984 1479 concremabirnr,
3000 1423 3106 1470 etc.
3119 1414 3381 1491 [Vll,i7.]
3402 1417 3502 1475 Re-

1915 1494 2104 1565 liquiae
2120 1494 2519 1551 sacriﬁciorum
2544 1498 3009 1568 voluntariorum,
3023 1512 3078 1560 et
3096 1508 3499 1563 sacriﬁciorum

1913 1585 1983 1641 ad
2015 1602 2139 1657 quae
2167 1588 2295 1657 quis
2327 1590 2542 1645 ratione
2562 1592 2680 1646 voti
2715 1596 3081 1663 persolvenda
3138 1600 3368 1657 adactus
3388 1610 3495 1663 est.

1914 1678 1969 1734 in
2007 1680 2255 1736 secundo
2288 1681 2370 1736 vel
2406 1682 2583 1738 altero
2604 1684 2694 1740 die
2722 1701 2831 1761 non
2865 1688 3274 1748 damnanturin
3311 1694 3450 1749 cibis
3480 1708 3495 1745 :

1915 1780 1973 1826 at
2003 1772 2056 1826 in
2083 1773 2248 1829 tertio
2279 1771 2370 1831 die
2412 1790 2646 1846 prorsus
2681 1778 2768 1834 bis
2809 1780 3200 1839 abstinendum
3232 1801 3357 1841 esse
3383 1788 3499 1841 edi-

1912 1865 2081 1919 citur.
2116 1864 2275 1931 Quod
2295 1867 2421 1921 aitu
2454 1866 2509 1921 In
2539 1868 2663 1939 ipso
2699 1870 2809 1938 die,
2842 1891 2860 1924 ι
2887 1882 3023 1939 etc.,
3056 1878 3219 1934 nobis
3255 1879 3325 1933 ob
3360 1894 3494 1934 ocu-

1914 1956 1997 2010 los
2027 1957 2183 2027 ponit
2206 1967 2445 2027 tempus,
2475 1958 2626 2029 quod
2653 1959 2709 2015 in
2745 1961 2850 2017 hoc
2887 1967 3094 2021 sacculo
3134 1968 3260 2024 vitae
3287 1980 3499 2031 nostra

215 2046 523 2103 tribuitur:
559 2063 669 2117 quo
693 2056 937 2117 peracto,
973 2049 1233 2107 videlicet
1253 2051 1475 2122 quando
1500 2051 1791 2116 morimur,
1835 2050 1983 2106 nulla
2014 2052 2254 2122 amplius
2279 2054 2555 2123 speranda
2583 2062 2671 2113 est
2706 2057 2859 2113 salus
2889 2074 2988 2129 per
3040 2060 3276 2120 alterius
3345 2081 3496 2123 mor-

214 2150 357 2205 tem,
387 2156 510 2195 cum
544 2139 747 2197 Christi
775 2141 1089 2211 passionem
1113 2150 1167 2198 et
1196 2153 1427 2200 mortem
1463 2144 1521 2199 in
1551 2143 1655 2198 hoc
1688 2141 1896 2199 saacnlo
1924 2140 2233 2213 despicatui
2260 2142 2641 2202 habuerimus.
2695 2145 2855 2213 Quod
2913 2150 3091 2221 inquit
3134 2170 3150 2206 :
3201 2174 3219 2207 ι
3261 2154 3319 2212 lu
3353 2158 3495 2213 duo-

213 2227 326 2284 Lus
358 2229 557 2284 diebus
584 2230 739 2295 solis,
774 2249 793 2284 ι
824 2241 962 2296 elc.,
994 2232 1154 2288 nobis
1180 2231 1235 2288 ill
1266 2240 1507 2291 mentem
1535 2243 1831 2289 revocatur
1864 2231 1985 2289 dies
2013 2232 2233 2299 tertius,
2264 2249 2378 2305 quo
2409 2235 2698 2309 magniﬁce
2735 2240 3043 2298 resurrexit
3104 2244 3360 2307 Salvator
3398 2265 3496 2309 no-

212 2328 361 2387 ster,
385 2323 481 2392 qui
514 2337 611 2392 pro
643 2322 799 2379 nobis
833 2324 1085 2380 ultimum
1118 2327 1388 2383 sustinuit
1417 2326 1774 2398 supplicium.

288 2437 402 2490 Kal
425 2436 463 2503 ἡ
491 2437 829 2506 ἀκαθαρσία
861 2439 1050 2496 αὑτοῦ
1078 2440 1173 2495 ἐπ’
1201 2441 1382 2509 αὐτῷ.
1412 2441 1669 2515 ΙἈϐρωτα
1687 2444 1802 2505 τοῖς

213 2529 555 2601 ἀκαθάρτοις
586 2529 654 2584 τὰ
693 2531 829 2602 χρέα
871 2531 967 2586 τού
1009 2533 1305 2606 σωτηρίου.
1340 2535 1592 2608 Καθαροὶ
1617 2535 1726 2608 γὰρ
1748 2536 1800 2589 οι

216 2621 465 2693 Χριστοῦ
497 2623 817 2693 μετέχοντες
1472 2638 1517 2707 9;

293 2885 429 2941 Πᾶν
472 2887 657 2957 στέαρ
682 2885 873 2953 βοῶν,
918 2890 1018 2945 καί
1061 2891 1393 2961 προϐάτων,
1442 2895 1541 2950 καί
1596 2897 1802 2966 αἰγῶν.

1981 2433 2048 2489 Et
2082 2435 2428 2492 immunditia
2457 2438 2573 2507 ejus
2604 2453 2762 2509 super
2809 2441 2984 2511 ipsum
3007 2484 3023 2510 ,
3068 2454 3182 2504 etc.
3214 2447 3355 2524 [10.]
3388 2452 3495 2507 lin-

1909 2528 2031 2601 puri
2078 2536 2134 2583 et
2173 2528 2390 2600 profani
2448 2529 2702 2590 homines
2732 2549 2841 2589 non
2872 2535 3205 2596 admittendi
3240 2554 3373 2598 sunt
3422 2546 3491 2600 ad

1908 2633 2108 2675 carnes
2147 2619 2523 2685 victimarum,
2551 2636 2675 2691 quae
2702 2639 2804 2695 pro
2836 2625 3015 2697 salute
3043 2627 3253 2687 fuerint
3292 2634 3493 2689 immo-

1908 2709 2052 2764 latae.
2104 2709 2240 2764 Nam
2278 2712 2597 2782 quicunque
2657 2730 2781 2771 vere
2829 2725 3122 2775 sectantur
3171 2724 3488 2799 religionem

1834 2774 1880 2835 Β
1906 2800 2138 2866 Christi,
2170 2801 2240 2855 ab
2265 2774 2411 2856 omni
2448 2774 2569 2859 labe
2595 2813 2649 2859 et
2674 2808 2893 2861 macula
2928 2812 3051 2879 puri
3079 2823 3229 2870 sunt.

1979 2892 2169 2949 Omnis
2235 2893 2500 2963 pinguedo
2547 2895 2704 2950 boum
2735 2907 2787 2952 et
2831 2900 3032 2967 ovium,
3056 2914 3163 2961 etc.
3188 2907 3331 2982 [l5.]
3360 2909 3489 2966 Pin-

210 2978 460 3041 Σιέατος
496 2979 591 3031 καὶ
628 2979 861 3051 αἵματος
907 2982 1313 3051 ἀπαγορεύεται
1367 2983 1593 3057 βρῶσις.
1645 2986 1802 3041 Ἐστι

1909 2983 2162 3054 guedinis
2204 2986 2323 3039 sive
2366 2986 2480 3041 sevi
2522 2998 2579 3043 et
2618 2990 2907 3062 sanguinis
2943 2978 3288 3057 interdicitur
3314 2978 3483 3061 vesus.

214 3070 367 3124 δὲτὸ
406 3070 527 3140 μὲν,
572 3071 718 3142 ζωῆς
764 3072 1070 3141 σύμϐολον·
1120 3075 1183 3127 τὸ
1223 3075 1302 3141 δὲ,
1363 3077 1588 3148 ἀρετῆς.
1623 3078 1804 3152 ’Δπερ

211 3160 463 3233 ῑκάτερα
496 3161 651 3232 τίμια
688 3162 828 3234 Θεῷ,
880 3164 975 3219 καὶ
1015 3163 1163 3236 αὐτῷ
1191 3166 1525 3225 ἀνατίθεται.
1577 3169 1805 3241 Ἀπείρ-

212 3268 311 3322 γει
338 3252 399 3307 δὲ
424 3254 518 3308 καὶ
540 3254 753 3326 τρυφῆς
785 3255 880 3312 καὶ
904 3255 1132 3327 φονικῆς
1166 3258 1560 3328 προαιρέσεως.

1910 3073 2153 3144 Sanguis
2177 3074 2322 3129 enim
2352 3075 2495 3142 vitae,
2524 3085 2580 3131 at
2604 3079 2881 3151 pinguedo
2915 3086 3140 3146 virtutis
3178 3094 3487 3163 symbolum

1906 3175 2013 3222 est.
2045 3164 2287 3236 Utraque
2311 3170 2491 3240 magni
2518 3171 2659 3226 ﬁunt
2692 3174 2837 3244 apud
2872 3177 3069 3248 Deum,
3099 3184 3259 3255 eique
3290 3202 3489 3245 conse-

1910 3254 2157 3312 crantur.
2191 3258 2462 3315 Caeterum
2495 3262 2609 3318 llaec
2640 3267 2825 3322 omnia
2847 3285 2914 3325 eo
2941 3254 3197 3344 tendunt,
3221 3287 3281 3332 ut
3308 3280 3362 3335 in
3390 3297 3489 3337 no.

1909 3350 1995 3405 bis
2020 3350 2275 3422 voluptas
2304 3362 2358 3406 et
2382 3353 2635 3413 humanae
2659 3351 2893 3419 rationis
2924 3363 3172 3434 instituta
3203 3380 3258 3427 et
3284 3371 3487 3429 delira-

1910 3452 2094 3496 menta
2116 3442 2491 3501 eradicentur.

294 3533 370 3589 Et
408 3535 671 3606 pinguedo
695 3536 1011 3591 animalium
1044 3555 1144 3594 sua
1178 3549 1365 3609 sponte
1398 3552 1754 3610 mortuorum,
1781 3559 1835 3603 et
1867 3568 1899 3606 a
1930 3553 2103 3609 bestia
2151 3553 2534 3625 laceratur-um,
2562 3569 2673 3617 etc.
2704 3561 2843 3639 [ιι]
2876 3567 3052 3623 Etiam
3085 3572 3363 3645 pinguedo
3389 3577 3488 3635 llo-

216 3642 348 3684 rum
383 3627 698 3682 animalium
723 3629 979 3698 rejicitur
1007 3638 1060 3685 et
1090 3631 1406 3687 damnatur.
1437 3633 1556 3691 Non
1590 3639 1705 3693 vult
1732 3637 1875 3699 Deus
1905 3646 2008 3701 hac
2034 3647 2268 3716 placari.

294 3738 581 3811 ’Δϐρωτον
604 3737 763 3791 τοῦτό
790 3755 977 3810 φησιν,
1001 3743 1079 3805 εἰς
1101 3741 1157 3796 δὲ
1180 3742 1317 3814 ἔργα
1341 3744 1567 3816 ληπτόν.
1597 3748 1804 3820 Σημαι.

215 3848 372 3887 νοιτο
399 3830 442 3884 δ’
481 3831 547 3885 ἂν
578 3833 607 3884 ὁ
628 3831 920 3902 ἀνθρώπου
957 3831 1188 3897 θάνατος
1225 3837 1289 3888 ὲκ
1323 3835 1424 3905 τῆς
1450 3837 1544 3890 τοῦ
1568 3840 1803 3911 ἀοράτου

218 3922 417 3993 Θηρίου
464 3922 691 3993 πικρίας
744 3923 1060 3994 εἰσαχθείς·
1108 3926 1233 3979 καθ’
1285 3927 1479 3982 ἑαυτὸν
1526 3929 1649 4000 μὲν,
1702 3933 1804 3987 οὐκ

214 4012 530 4084 ὠφέλιμοςο
568 4014 703 4077 «Τίς
726 4016 835 4085 γὰρ
855 4015 1094 4084 ὠφέλεια
1122 4019 1181 4071 ὲν
1226 4016 1305 4089 τῷ
1354 4020 1551 4089 αἵματί
1600 4039 1704 4093 μου
1745 4025 1803 4077 ἐν

214 4102 298 4173 τῷ
328 4103 637 4175 καταϐῆναι
668 4121 735 4173 με
782 4107 863 4169 εἱς
905 4106 1240 4179 διαφθοράν;
1282 4126 1302 4161 ι
1350 4110 1473 4165 ὅθεν
1517 4112 1802 4186 ἄϐρωτον

214 4195 365 4265 ἔχων
391 4194 447 4248 δὲ
475 4196 574 4267 τὴν
602 4195 669 4249 δι’
708 4196 886 4267 ἔργων
921 4196 1210 4267 ὠφέλειαν,
1244 4200 1300 4254 εί
1324 4219 1410 4266 τις
1438 4204 1507 4258 τὰ
1535 4207 1617 4271 είς
1653 4207 1801 4283 ζωὴν

212 4287 569 4359 ἀναφέροντα
600 4288 908 4359 ἐργάζοιτο,
950 4287 1027 4361 τῷ
1072 4289 1224 4361 φόϐῳ
1269 4291 1365 4346 τοῦ
1397 4292 1631 4351 θανάτου
1664 4299 1802 4371 πρὸς

212 4378 383 4433 τοῦτο
409 4378 731 4449 ὡφεληθείς.

1979 3756 2096 3854 Non
2127 3768 2311 3817 tamen
2349 3779 2469 3819 eam
2504 3767 2759 3837 prohibet
2790 3772 3039 3831 adhiberi
3074 3780 3267 3837 usibus
3301 3785 3488 3854 profa-

1908 3849 2018 3905 nis.
2049 3849 2407 3923 Signillcatur
2433 3867 2614 3915 autem
2655 3861 2759 3917 hoc
2791 3864 2912 3922 loco
2938 3884 3104 3937 mors,
3129 3890 3250 3943 quae
3278 3849 3487 3935 homini

1907 3940 2055 3996 illata
2083 3952 2166 3998 est
2197 3959 2226 3999 a
2259 3946 2479 4003 diabolo
2517 3950 2782 4010 invisibili
2815 3956 2905 4012 illa
2937 3940 3159 4018 bellua;
3183 3965 3356 4024 nomo
3388 3970 3489 4041 lgi-

1905 4038 1999 4086 tur
2018 4048 2115 4102 per
2136 4049 2197 4091 se
2228 4037 2283 4091 in
2310 4038 2458 4095 hunc
2481 4042 2703 4099 modum
2737 4047 2975 4108 violatus
3002 4053 3259 4111 dentibus
3281 4037 3489 4117 diaboli

1908 4124 2203 4194 lethiferis,
2236 4132 2444 4186 nullam
2484 4134 2541 4189 in
2570 4151 2632 4192 se
2667 4138 2831 4195 habet
2865 4144 3183 4215 utilitatem,
3224 4166 3347 4223 quin
3374 4154 3491 4223 pla-

1907 4224 2029 4271 ceat
2060 4216 2189 4274 Deo.
2230 4239 2248 4273 ι
2285 4220 2418 4289 Quae
2450 4227 2596 4282 enim
2634 4230 2846 4287 utilitas
2875 4234 2932 4288 in
2965 4216 3409 4309 sanguine-meo,
3441 4247 3489 4299 si

1907 4305 2239 4364 descendam
2294 4314 2348 4368 in
2382 4315 2613 4372 exitium
2660 4326 2710 4373 et
2763 4305 3174 4395 corruptionem
3205 4328 3254 4385 η
3286 4350 3305 4382 ι
3340 4305 3490 4399 Qua-

1911 4411 2133 4470 propter
2160 4418 2266 4458 non
2301 4406 2506 4471 editur,
2550 4414 3021 4482 quemadmodum
3072 4420 3350 4491 pinguedo
3397 4426 3489 4480 illa
3562 4446 3577 4457 κ

215 4474 479 4543 reproba.
517 4470 785 4528 Caeterum
823 4472 1114 4530 utilitatem
1142 4472 1380 4547 aliquam
1406 4476 1569 4534 habet
1593 4482 1637 4537 si
1666 4482 1979 4553 proferatur
2004 4493 2057 4547 in
2086 4509 2221 4551 usus
2254 4498 2543 4568 profanos.
2570 4470 2585 4482 .
2616 4506 2687 4559 At
2745 4521 2858 4577 quo
2896 4470 3391 4582 ipactdiwgci'li—c'et

212 4563 348 4633 quis
382 4562 599 4620 virtutis
634 4572 971 4635 exsequatur
1040 4578 1237 4635 opera,
1281 4581 1404 4637 quae
1458 4568 1625 4625 vitam
1681 4574 1841 4631 nobis
1918 4562 2267 4653 procurant;—
2325 4602 2659 4661 exsequatur
2713 4562 2895 4653 autem
2928 4562 3053 4655 fil-lia.
3107 4616 3270 4673 opera
3340 4615 3487 4660 metu

212 4658 443 4715 mortis.

210 4898 288 4953 tis
324 4900 581 4955 unxissct
633 4898 781 4965 illos,
824 4900 918 4970 qui
954 4902 1129 4955 sacris
1163 4901 1531 4959 initiabuntur
1557 4919 1616 4960 ut
1644 4908 1968 4968 sacerdotio
2012 4915 2416 4993 fungerentur;
2452 4940 2603 4982 nunc
2634 4914 2931 4987 oﬂ‘erentes
2970 4933 3242 4990 sacriﬁcia
3278 4937 3486 5009 majore

211 4986 558 5009 _-_.f_---£..-_-
628 4987 838 5009 -_---I-...
883 4986 1186 5009 ---μ-ΑΔΕ.-.
1226 4989 1312 5009 1-..
1374 4992 1484 5009 __-.9
1572 5001 1586 5009 .
1718 4995 1756 5009 αι
1914 5000 1926 5009 .
2035 5005 2045 5009 -

211 4986 581 5057 perfectione,
625 4987 840 5056 qualem
879 4986 1191 5058 suppeditat
1226 4989 1336 5054 lex,
1374 4992 1682 5061 potiuntur.
1715 4995 1835 5053 Non
1879 4986 2138 5077 simplexv
2165 5009 2348 5067 oleum
2394 4986 2739 5074 admiscetur
2772 4986 3485 5097 sanguini'simpwlivcwirsed

280 5101 491 5171 Αἴματι
540 5102 635 5156 καὶ
693 5101 858 5174 ἐλαίῳ
917 5103 1241 5175 ὲρρὰντισεν
1293 5105 1511 5171 αὐτούς.
1559 5108 1633 5163 Τὸ
1694 5111 1795 5181 μὲν

1901 5118 2086 5176 oleum
2147 5126 2429 5186 unctionis
2475 5138 2531 5187 et
2581 5147 2751 5189 cruor
2798 5134 2994 5194 altaris
3042 5139 3481 5213 confunduntur.

205 5194 416 5257 ἔλαιον,
449 5193 560 5248 ἀπὸ
577 5193 674 5248 τοῦ
699 5193 879 5247 ἐλαίου
898 5194 999 5264 τῆς
1026 5194 1264 5265 κρίσεως
1287 5211 1300 5226 '
1325 5198 1386 5250 τὸ
1417 5198 1473 5251 δὲ
1500 5195 1660 5271 αἷμα,
1684 5203 1793 5256 ἀπὸ

1909 5208 2012 5266 Nec
2070 5213 2176 5284 ipsi
2225 5219 2353 5287 soli,
2379 5221 2474 5279 sed
2505 5232 2558 5279 et
2585 5228 2914 5284 vestimenta
2956 5206 3202 5300 ipsorum
3235 5232 3483 5286 sentiunt

202 5284 302 5339 τοῦ
341 5283 754 5358 θυσιαστηρίου.
785 5286 898 5339 Καὶ
943 5283 1114 5340 ταῦτα
1138 5284 1309 5350 τύπος
1337 5287 1404 5342 ἂν
1449 5290 1556 5361 εἴη,
1582 5291 1643 5344 τὸ
1694 5293 1795 5364 μὲν

1909 5316 2023 5357 anc
2039 5283 2378 5366 unctionem.
2406 5312 2607 5370 Verum
2637 5317 2750 5374 haec
2776 5283 3038 5374 omniain
3064 5327 3198 5392 typo
3232 5321 3476 5393 quodam

282 5490 331 5561 ξ·
363 5487 504 5543 Psal.
528 5504 646 5556 cur,
676 5488 727 5561 l.
788 5490 834 5522 "
860 5490 1006 5545 Psal.
1042 5506 1162 5561 xcv,
1189 5492 1239 5547 i.

202 5560 226 5589 ⁸
263 5556 413 5614 Paul.
446 5575 601 5624 χιιι,
635 5560 724 5614 10.

1345 5493 1358 5522 ¹
1393 5491 1499 5548 lsa.
1526 5508 1674 5562 uls,
1712 5496 1783 5566 9;
1817 5498 1859 5553 ll
1886 5500 2013 5559 Cor.
2056 5523 2130 5575 vl,
2162 5509 2249 5566 17.

2367 5514 2387 5543 '
2420 5513 2591 5572 ICor.
2628 5532 2749 5585 xlll,
2782 5519 2869 5573 10.
2986 5521 3006 5551 ⁸
3047 5518 3205 5578 .lmn.
3233 5537 3347 5590 ut.
3379 5524 3471 5582 25.

1718 5701 1950 5765 ΝΟΤΞ.

279 5814 359 5883 (ο)
392 5814 602 5884 spisse.
646 5815 704 5870 'o
734 5818 830 5883 in;
858 5819 992 5884 Aiy.
1017 5817 1145 5875 xeo.
