3864 6496
587 325 695 393 7L9
1684 368 1692 375 -
1892 327 2250 390 PROCOPII
2298 327 2542 389 GAZA‘ZI
3703 332 3788 394 τῇ)

590 445 888 515 contigere.
909 444 1084 499 Cruor
1110 441 1562 515 passionis339
1577 440 1896 509 Dominicaa,
1915 450 1975 497 ut
1990 443 2169 497 oleum

2274 437 2436 513 αἷμα,
2483 442 2578 495 τοῦ
2612 440 2883 514 σωτηρίου
2923 442 3163 507 πάθους*
3199 442 3263 498 τὸ
3306 444 3365 497 δὲ
3396 444 3586 509 ἔλαιον,
3610 446 3695 517 τῆς
3718 452 3790 503 ἐπὶ

590 535 893 599 unctionis,
915 550 1039 603 qua:
1068 532 1124 588 in
1148 534 1427 605 baptismo
1455 534 1533 599 ﬁt,
1567 532 1875 604 symbolum
1913 532 2167 586 habetur.

2272 533 2362 586 τοῦ
2416 532 2643 604 λουτροῦ
2688 534 2943 604 κρίσεως.
2993 534 3133 587 Ἀλλ’
3181 535 3240 587 ὲν
3288 534 3370 605 τῷ
3415 536 3561 605 νόμῳ
3586 538 3629 588 οἱ
3661 540 3791 605 ἱερεῖς

590 624 814 680 Notabis
845 636 1050 691 autem,
1084 626 1139 682 iu
1175 626 1293 697 lege
1329 626 1481 682 solos
1507 625 1827 681 sacerdotes
1862 624 2085 680 lustrari
2113 632 2168 680 et

2272 626 2421 696 μόνοι
2451 627 2547 697 (7),
2588 627 2645 679 ὲν
2676 628 2732 681 δὲ
2773 629 2840 697 τῇ
2868 627 3053 698 χάριτι
3095 628 3157 681 τὸ
3190 628 3406 697 πλῆθος
3435 629 3568 682 ὅλον.
3598 629 3793 699 01,343:-

589 717 778 786 perﬁci
826 718 1097 789 sanguine
1125 727 1177 773 et
1204 718 1330 773 oleo
1356 733 1370 770 :
1399 726 1454 771 at
1482 726 1731 789 tempore
1767 716 1957 786 gratiae
1997 717 2167 786 parti-

2272 716 2375 779 λεῖς
2413 718 2471 771 δὲ
2522 718 2685 787 ὲλαίῳ
2722 719 2891 790 μόνῳ.
2938 720 3053 773 Ubi:
3077 721 3203 790 ἐξῆν
3251 721 3313 774 δὲ
3358 721 3483 774 οὔτε
3511 721 3691 788 ἱερεῦσι
3722 724 3796 789 τῆς

591 810 746 879 eipes
783 809 919 863 ﬁunt
946 809 1323 881 perfectionis,
1355 811 1611 865 universa
1636 810 1951 875 multitudo,
1978 824 2165 864 sacer-

2272 810 2557 881 Λευῖτικῆς
2579 812 2753 881 φυλῆς
2779 807 2921 877 οὖσι,
2950 811 3260 882 βασιλεύειν
3282 831 3297 843 ⁸
3332 813 3459 866 οὔτε
3489 816 3593 877 τοῖς
3619 814 3669 879 ἐξ
3699 814 3798 867 Ἰού-

591 900 802 957 dolium
852 904 1082 973 regium,
1112 918 1246 973 gens
1277 913 1490 958 sancta.
1546 900 1817 956 Praeterea
1851 914 2029 971 reges,
2064 898 2162 971 qui

2272 903 2329 955 Βα
2385 904 2804 973 καταγομένοις,
2860 904 3178 973 ἱερατεύειν.
3228 906 3416 968 Μόνος
3467 904 3523 959 δὲ
3564 907 3590 957 6
3638 906 3799 973 Κύριος

591 994 799 1063 regiam
859 994 1175 1064 dignitatem
1226 994 1644 1064 suscipiebant,
1677 993 1734 1048 in
1760 990 1945 1048 Veteri
1968 992 2165 1048 Testa-

2272 993 2429 1064 ἡμῶν
2456 993 2597 1065 ὑπὲρ
2625 993 2811 1064 νόμον,
2848 994 2943 1047 καὶ
2972 993 3224 1065 βασιλεὺς
3266 995 3374 1049 καὶ
3417 996 3590 1066 ἱερεὺς
3630 993 3798 1063 γέγονε,

593 1096 780 1141 mento
810 1087 928 1142 solo
960 1087 1365 1159 inungebantur
1398 1088 1557 1142 aleo:
1588 1094 1643 1141 at
1681 1086 2001 1141 sacerdotes
2032 1099 2167 1141 eon-

2272 1085 2418 1139 κατὰ
2446 1080 2547 1157 τὴν
2579 1085 2736 1150 τάξιν
2763 1086 3120 1155 Μελχισεδέκ.

594 1175 958 1230 secrabantur
983 1176 1246 1230 adhibitis
1276 1176 1398 1230 oleo
1420 1184 1475 1229 et
1504 1175 1791 1245 sanguine.
1812 1172 1930 1229 Non
1962 1174 2163 1229 licebat
2200 1176 2424 1245 regibus
2458 1174 2810 1231 sacerdotum
2852 1176 3039 1230 munia
3068 1176 3266 1241 obire;
3318 1176 3569 1232 vicissim
3622 1190 3707 1229 nec
3756 1176 3803 1225 li-

595 1265 767 1320 citum
805 1266 1345 1331 eratsacerdotibus,
1390 1275 1449 1320 ut
1474 1264 1628 1336 regio
1658 1266 2025 1334 fungerentur
2045 1264 2252 1320 ofﬁcio.
2292 1263 2457 1319 Solus
2516 1274 2698 1321 autem
2763 1264 3040 1333 Christus,
3111 1267 3207 1335 qui
3292 1266 3522 1320 excellit
3565 1266 3731 1334 legem,
3766 1275 3804 1319 ιι

594 1369 691 1409 rex
724 1362 779 1410 et
813 1354 1075 1411 sacerdos
1118 1356 1514 1425 pronuntiatur
1551 1355 1854 1411 secundum
1901 1354 2164 1417 ordinem
2207 1353 2631 1411 Melchisedech.

666 1531 769 1586 Hie
807 1529 954 1585 enim
988 1538 1221 1601 utraque
1246 1530 1512 1602 dignitate
1540 1530 1879 1600 conspicuus
1931 1528 2058 1583 fuit.
2103 1527 2528 1583 Administravit
2576 1528 2982 1593 sacerdotium,
3029 1537 3084 1584 et
3137 1529 3294 1599 regni
3325 1529 3693 1601 gubernacula
3722 1548 3807 1583 mo-

594 1621 823 1677 deratus
857 1632 964 1676 est.
999 1623 1351 1692 Quapropter
1380 1630 1615 1690 utraque
1646 1626 2053 1675 concurrerunt
2088 1616 2312 1688 corpori
2366 1615 2577 1671 Christi
2630 1618 2685 1671 in
2726 1617 3000 1683 Ecclesia,
3044 1619 3267 1674 scilicet
3307 1619 3543 1689 sanguis
3575 1622 3800 1688 pretiosus

595 1718 648 1762 ct
680 1709 863 1764 oleum
892 1717 1176 1764 sanctum.
1208 1707 1367 1773 Quod
1407 1708 1614 1776 septies
1645 1706 1702 1760 id
1736 1706 1857 1762 ﬁeri
1892 1707 2222 1777 requiritur,
2267 1705 2402 1761 satis
2433 1703 2781 1760 demonstrat
2824 1706 3198 1762 abundantem
3228 1705 3489 1777 Spiritus
3529 1708 3688 1761 sancti
3722 1710 3802 1759 lar-

594 1795 883 1865 gitionem,
912 1812 1019 1864 qua
1054 1797 1407 1850 refocillatur
1448 1792 1725 1848 Ecclesia.

672 1880 741 1935 Et
772 1898 835 1935 ea:
858 1883 998 1937 ostio
1029 1880 1365 1936 tabernaculi
1402 1880 1696 1934 testimonii
1729 1896 1831 1933 non
1862 1876 2209 1948 egrediemini
2247 1884 2444 1945 septem
2474 1876 2680 1931 dierum
2714 1879 2913 1948 spatio,
2942 1889 3049 1935 etc.
3094 1877 3257 1952 [VII],
3298 1878 3424 1952 55.]
3454 1877 3581 1934 Vult
3607 1891 3659 1934 ut
3688 1896 3804 1949 pror-

596 1986 694 2026 sus
732 1970 1079 2025 assideamus
1142 1969 1275 2036 Deo,
1308 1977 1362 2025 et
1401 1976 1514 2023 tota
1565 1968 1774 2022 virtute
1824 1967 1947 2038 ipso
2006 1967 2254 2020 nitamur
2298 1965 2422 2019 toti.
2496 1962 2721 2034 Septem
2774 1969 2921 2021 enim
2968 1967 3087 2024 dies
3138 1970 3281 2024 satis
3328 1970 3593 2035 edocent,
3646 1979 3803 2039 quanta

595 2058 854 2113 firmitate
918 2064 974 2111 et
1007 2056 1287 2112 soliditate
1337 2071 1443 2111 nos
1490 2054 1681 2110 aﬁixos
1716 2054 1828 2109 Deo
1875 2068 2000 2109 esse
2046 2062 2326 2123 oporteat.
2372 2052 2591 2108 scilicet
2629 2070 2695 2110 ne
2724 2070 2971 2125 unquam
3012 2057 3193 2126 ipsum
3237 2067 3459 2113 temere
3488 2057 3801 2111 oﬁ‘endsmus.

596 2145 712 2201 lluc
750 2144 892 2200 facit
928 2147 1217 2216 prOphetze
1247 2144 1537 2199 oraculum
1577 2160 1591 2198 :
1630 2162 1648 2194 ‹
1684 2136 1999 2209 Quaérendo
2032 2156 2169 2211 quan

2272 2148 2313 2195 at
2357 2139 2503 2210 apud
2534 2155 2620 2195 me
2649 2151 2868 2196 maneto
2893 2144 3004 2213 (vel
3044 2144 3350 2213 babitato).
3392 2163 3413 2196 ι

669 2231 738 2287 Et
766 2232 969 2302 factum
999 2242 1077 2287 est
1110 2232 1196 2286 die
1236 2240 1445 2297 octavo,
1482 2238 1590 2285 etc.
1629 2229 1749 2303 [lX,
1784 2229 1862 2301 1.]
1896 2228 2107 2284 Octavo
2138 2228 2229 2283 die
2268 2236 2459 2283 cessat
2504 2228 2685 2286 Moses
2717 2231 3041 2286 sacerdotio
3077 2231 3234 2302 fungi
3266 2251 3281 2287 :
3317 2233 3676 2300 eamdemque
3705 2246 3800 2301 pro-

594 2321 838 2374 vinciam
871 2320 1075 2375 exinde
1123 2318 1291 2373 tradit
1334 2318 1563 2371 Aaroni.
1593 2316 1659 2370 Et
1701 2332 1770 2371 ne
1809 2331 1956 2370 nunc
1985 2315 2204 2385 quidem
2241 2322 2388 2371 tacet
2428 2314 2633 2372 Moses.
2666 2317 2802 2371 Nam
2838 2333 3045 2373 novum
3080 2321 3469 2375 sacerdotium
3502 2320 3697 2374 Christi
3724 2335 3801 2373 ςωο

594 2408 675 2476 pit
705 2405 794 2460 die
825 2414 1046 2469 octavo,
1095 2420 1208 2475 quo
1259 2404 1569 2459 resurrexit
1613 2403 1926 2459 Christus:
1969 2402 2212 2472 hincque
2265 2404 2427 2473 quasi
2459 2404 2589 2460 novi
2639 2406 2828 2460 saeculi
2865 2408 3099 2477 petitum
3154 2418 3240 2464 est
3289 2410 3649 2479 principium.
3686 2406 3795 2460 Non

598 2493 877 2563 siquidem
910 2501 1191 2557 creatura,
1230 2493 1315 2547 vel
1348 2492 1564 2547 creatio
1601 2490 1655 2545 in
1689 2490 1940 2556 Christo,
1984 2498 2245 2546 cessante
2280 2490 2421 2560 legis
2460 2491 2766 2545 secundum
2802 2492 3043 2548 litteram
3082 2494 3414 2550 intellectu:
3449 2495 3557 2549 imo
3594 2496 3668 2546 lex
3691 2508 3798 2547 nunc

595 2579 972 2649 spiritualiter
1017 2586 1178 2635 sonat
1226 2593 1443 2649 nosque
1499 2578 1871 2647 spiritualiter
1902 2578 2112 2641 erudit,
2144 2578 2278 2633 dum
2326 2577 2537 2634 diserte
2583 2579 2847 2635 edisserit
2894 2579 3103 2637 Christi
3161 2584 3458 2653 mysteria.
3514 2580 3658 2648 Quod
3702 2596 3796 2633 vero

597 2666 892 2738 pontifices
922 2668 1102 2738 primo
1132 2682 1233 2737 pro
1261 2683 1343 2731 se,
1378 2666 1579 2722 deinde
1636 2681 1738 2736 pro
1782 2666 1989 2736 populo
2042 2665 2297 2722 victimas
2330 2666 2569 2732 caedant,
2599 2668 2763 2721 etiam
2798 2667 3005 2724 Paulus
3052 2671 3385 2739 pronuntiat
3417 2672 3472 2724 in
3517 2668 3730 2739 Epistula
3751 2669 3796 2719 ad

596 2754 902 2810 Hebraeos:
942 2773 961 2807 ‹
1015 2753 1211 2811 Omnis
1255 2755 1401 2810 enim
1440 2754 1686 2825 pontifex
1721 2753 1789 2807 ad
1821 2752 2167 2808 offerendum
2208 2752 2351 2807 dona
2403 2763 2460 2809 et
2492 2754 2749 2810 victimas
2786 2759 3175 2813 constituitur.
3212 2760 3541 2813 Assnmitur
3573 2765 3792 2809 autemet

595 2843 952 2909 hominibus,
986 2850 1049 2897 ut
1082 2843 1178 2914 qui
1227 2843 1409 2913 possit
1456 2841 1841 2899 commiserari
1896 2841 2217 2913 ignoranter
2275 2842 2689 2913 delinquentes,
2744 2852 2801 2898 et
2834 2847 3047 2899 veniam
3086 2850 3219 2902 dare
3250 2862 3452 2902 errore
3485 2847 3671 2900 ductis.
3697 2842 3795 2896 Nam

597 2940 653 2983 et
694 2930 812 3000 ipse
843 2931 1028 2985 induit
1060 2930 1465 2985 inﬁrmitatem.
1518 2928 1584 2981 Et
1646 2938 1870 2999 propter
1914 2929 2059 2984 hanc
2100 2929 2484 2987 inﬁrmitatem
2517 2931 2812 2999 oportebat
2854 2948 3001 3000 eum,
3043 2935 3209 2990 sicuti
3245 2952 3348 3005 pro
3384 2935 3605 3006 pOpulo,
3638 2934 3699 2986 ita
3724 2945 3796 2999 pro

596 3018 902 3087 semetipso
936 3034 1051 3073 rem
1087 3033 1303 3074 sacram
1336 3018 1521 3077 facere
1573 3017 1614 3085 ⁵.
1657 3034 1675 3069 ι
1716 3015 1891 3070 Paulo
1920 3024 2049 3086 post
2092 3017 2233 3071 idem
2268 3016 2451 3088 inquit
2501 3018 2570 3073 de
2619 3016 2842 3075 Christo
2876 3037 2889 3073 :
2924 3038 2943 3073 ι
2979 3020 3077 3076 Cui
3114 3039 3221 3077 non
3253 3039 3493 3077 necesse
3519 3028 3627 3076 erat
3655 3018 3795 3087 quoﬁ-

595 3106 705 3171 die,
748 3107 1213 3178 quemadmodum
1254 3105 1492 3176 reliquis
1528 3104 1913 3176 pontiﬁcibus,
1946 3105 2125 3174 primo
2156 3120 2257 3175 pro
2286 3108 2400 3160 suis
2427 3107 2673 3177 peccatis
2706 3107 2987 3165 sacriﬁcia
3014 3108 3240 3177 oﬁ‘erre,
3268 3110 3475 3167 deinde
3509 3123 3603 3179 pro
3627 3104 3796 3161 delictis

595 3195 807 3266 populi.
850 3194 969 3251 Hoc
996 3196 1148 3252 enim
1174 3194 1330 3261 fecit,
1365 3210 1492 3251 cum
1530 3193 1698 3249 semel
1736 3194 2096 3265 semetipsum
2122 3193 2323 3249 obtulit
2350 3195 2391 3251 °.
2430 3212 2449 3246 ι

672 3370 737 3425 Et
784 3370 1071 3425 extendens
1124 3371 1309 3425 Aaron
1348 3385 1538 3424 manus
1584 3368 1655 3422 ad
1685 3367 1958 3437 populum,
2008 3368 2161 3423 bene-

2334 3369 2441 3423 Καὶ
2476 3368 2699 3436 ἐξάρας
2736 3368 2967 3438 Ἀαρὼν
3014 3373 3119 3436 τὰς
3145 3370 3353 3440 χεῖρας
3397 3370 3494 3425 ἐπὶ
3518 3370 3616 3423 τὸν
3656 3366 3787 3428 λαὸν,

596 3463 732 3515 dixit
759 3463 827 3516 ei.
853 3460 994 3533 [22.]
1028 3459 1155 3515 llaec
1178 3460 1344 3515 verba
1375 3459 1710 3515 subiunuere
1731 3456 2006 3520 videntur,
2039 3474 2164 3512 eum

2272 3462 2619 3529 ηὑλόγησεν
2663 3464 2909 3529 αὐτούς.
2954 3463 3360 3535 Ὑπολαμϐάνω
3395 3466 3577 3520 ἐνθάδε
3604 3462 3788 3515 αἰνίσσε-

596 3553 691 3622 qui
732 3551 863 3606 aliis
912 3550 1217 3615 benedicit,
1264 3550 1487 3605 eximiis
1521 3558 1576 3604 et
1645 3564 1815 3619 super
1854 3550 1993 3604 alios
2025 3548 2166 3603 emi-

2272 3552 2394 3605 σθαι
2420 3554 2512 3605 τὸν
2549 3552 2730 3621 λόγον,
2779 3555 2860 3606 ὅτι
2903 3554 2983 3607 δεῖ
3010 3555 3102 3608 τὸν
3148 3556 3480 3625 εὐλογοῦντά
3507 3570 3645 3616 τινας
3672 3566 3787 3603 κεκο-

594 3644 861 3700 nentibus
910 3643 1171 3713 operibus
1214 3650 1546 3698 exornatum
1602 3656 1724 3697 esse
1782 3640 2007 3696 debere.
2062 3640 2166 3696 Ubi

2272 3641 2515 3712 σμῆσθαι
2547 3642 2731 3714 ἔργοις
2760 3644 3042 3714 διαφανέσι
3063 3647 3160 3699 καὶ
3186 3648 3525 3719 ἐπηρμένοις
3548 3644 3681 3714 παρὰ
3698 3642 3787 3699 τοὺς

584 3735 739 3809 enim
773 3734 975 3805 populo
1026 3733 1354 3788 benedicere
1406 3732 1525 3786 vult
1556 3731 1766 3795 Aaron,
1817 3746 2017 3785 manus
2047 3732 2169 3800 ejus

595 3828 651 3881 in
684 3827 920 3882 sublime
964 3827 1274 3881 elevantur.
1331 3823 1503 3893 Cujus
1533 3823 1680 3878 enim
1726 3837 1925 3877 manus
1956 3820 2024 3876 ad
2058 3830 2169 3876 tero

594 3933 729 3974 rena
779 3928 1045 3988 vergunt,
1098 3918 1169 3983 is,
1215 3915 1471 3987 quamvis
1524 3914 1783 3980 voluerit,
1840 3913 2169 3969 benedicere

597 4012 885 4065 aliis'non
932 4010 1157 4081 peterit.
1193 4008 1383 4079 Neque
1428 4007 1636 4079 Moysis
1676 4021 1899 4072 manus,
1944 4007 2169 4076 quando

596 4103 859 4156 deorsum
933 4102 1316 4167 vertebantur,
1387 4100 1590 4170 populo
1661 4097 2013 4167 profuerunt,
2070 4096 2167 4153 sed

597 4192 820 4264 quando
862 4194 1283 4249 attollebantur.
1335 4190 1514 4261 Hujus
1549 4191 1627 4245 rei
1670 4191 1982 4262 symbolum
2028 4191 2172 4260 pari-

597 4296 681 4338 ter
706 4284 943 4339 elevatio
975 4299 1238 4338 manuum
1281 4282 1588 4338 Salvatoris
1623 4281 1744 4337 fuit.
1777 4282 1883 4338 Per
1920 4297 1984 4337 ea
2018 4284 2167 4337 enim

597 4392 719 4445 quae
762 4390 862 4445 pro
906 4374 1230 4429 horninibus
1260 4374 1415 4439 fecit,
1452 4388 1646 4429 eorum
1688 4389 1886 4429 manus
1932 4373 2170 4429 elevavit

599 4467 871 4535 ﬁdemque
913 4466 1182 4520 habentes
1230 4464 1483 4519 salvavit.
1542 4464 1807 4519 Fortasse
1838 4462 2009 4534 igitur
2042 4464 2169 4534 qui-

597 4573 817 4627 cunque
856 4557 1122 4625 cperibus
1179 4557 1235 4611 in
1288 4555 1526 4610 sublime
1576 4554 1829 4610 evehitur
1875 4554 2031 4609 cruci
2085 4553 2170 4608 af-

598 4652 742 4705 ﬁxus
792 4650 1063 4706 dicendus
1110 4649 1236 4704 erit.
1290 4647 1408 4715 Hoc
1456 4663 1623 4703 sensu
1669 4647 1877 4702 Paulus
1926 4661 2167 4716 quoque,

2269 3734 2518 3797 πολλούς.
2552 3736 2620 3788 Al
2678 3735 2787 3811 γὰρ
2837 3740 3020 3808 χεῖρες
3080 3739 3292 3809 Ἀαρὼν
3346 3742 3461 3795 ἄνω
3520 3738 3782 3807 ἑξαὶρονται.

2266 3826 2358 3880 ὅτι
2401 3826 2586 3897 μέλλει
2628 3828 2871 3897 εὐλογεῖν
2916 3829 3009 3883 τὸν
3058 3830 3208 3885 λαόν.
3255 3832 3371 3886 Καὶ
3406 3832 3559 3900 εῐπερ
3584 3846 3653 3891 τις
3678 3828 3785 3879 κάτω

2268 3918 2383 3988 ἔχοι
2405 3918 2503 3983 τὰς
2531 3920 2720 3991 χεῖρας
2747 3922 2827 3984 εἰς
2858 3921 2928 3975 τὰ
2965 3924 3149 3992 γήϊνα,
3182 3924 3281 3977 οὐκ
3319 3926 3391 3978 ἂν
3440 3922 3613 3977 ἀνύσοι
3643 3916 3783 3988 βουλό-

2273 4027 2433 4079 μενος
2459 4011 2703 4081 εὐλογεῖν
2742 4030 2887 4067 τινα.
2916 4015 3135 4087 Καίπερ
3167 4016 3288 4069 οὐδὲ
3318 4017 3473 4070 κάτω
3514 4014 3723 4081 κείμεναι
3745 4008 3782 4057 αἱ

2268 4101 2510 4166 Μωσέως
2540 4105 2721 4174 χεῖρες
2771 4103 3012 4172 ὠφέλουν
3057 4105 3149 4158 τὸν
3179 4105 3329 4171 λαὸν,
3359 4106 3474 4161 ἀλλ’
3512 4106 3683 4172 ὅτεπερ
3715 4101 3783 4149 ἐπ·

2268 4189 2485 4262 ᾔροντο.
2511 4193 2714 4248 Τούτου
2748 4195 3017 4266 σύμϐολον
3053 4191 3123 4267 ἦν
3152 4197 3247 4250 καὶ
3273 4199 3305 4267 ἡ
3337 4198 3562 4269 ἔπαρσις
3586 4192 3676 4245 τῶν
3700 4205 3780 4259 κει·

2271 4283 2382 4353 ρῶν
2428 4284 2524 4339 τοῦ
2561 4285 2838 4357 Σωτῆρος.
2888 4287 3022 4351 Ταῖς
3051 4287 3163 4358 γὰρ
3189 4288 3331 4359 ὑπὲρ
3364 4287 3646 4359 ἀνθρώπων
3681 4279 3782 4349 πρᾶ-

2272 4372 2420 4438 ξεσιν
2468 4374 2685 4445 ὕψωσεν
2737 4377 2919 4432 αὐτῶν
2967 4378 3068 4443 τὰς
3124 4382 3339 4451 χεῖρας,
3392 4381 3484 4434 καὶ
3517 4378 3665 4430 ἔσωσε
3688 4370 3777 4429 τοὺς

2271 4466 2650 4532 πιστεύοντας.
2716 4469 2871 4540 Τάχα
2926 4470 3111 4524 τοίνυν
3179 4472 3288 4534 πᾶς
3340 4473 3373 4526 ὁ
3417 4472 3532 4533 ταῖς
3580 4463 3780 4538 πράξεσιν

2272 4556 2608 4628 ἐπηρμένος,
2641 4557 2985 4631 ἐσταυρώθη.
3021 4558 3133 4613 Καὶ
3162 4560 3305 4615 κατὰ
3342 4560 3500 4615 τοῦτο
3526 4556 3655 4623 ἔλεγε
3674 4546 3777 4604 Παῦε

2272 4646 2384 4713 λος,
2424 4668 2442 4701 ι
2479 4648 2620 4718 Ἐγὼ
2649 4650 2845 4722 κόσμῳ
2874 4650 3250 4722 ὲσταύρωμαι,
3295 4654 3467 4724 κάμοὶ
3493 4652 3519 4704 ὁ
3546 4650 3735 4714 κόσμος·
3761 4654 3773 4686 ’

603 4763 622 4795 ι
672 4744 805 4812 Ego,
832 4743 1034 4813 inquit,
1074 4740 1278 4795 mundo
1318 4742 1623 4794 cruciﬁms
1654 4754 1798 4803 sum,
1838 4748 1894 4792 et
1930 4738 2169 4793 mundus

2274 4742 2542 4808 τουτέστι,
2575 4741 2843 4811 Νενόηταί
2886 4760 2976 4812 μοι
3012 4742 3041 4794 ὁ
3065 4742 3221 4811 λόγος
3266 4745 3295 4797 ὁ
3328 4722 3457 4816 πὲρι
3500 4727 3772 4808 territam“!

597 4834 733 4885 mihi
762 4834 805 4897 ⁷,
846 4850 865 4884 ι
902 4835 1006 4887 hoc
1037 4840 1145 4896 est,
1182 4848 1292 4886 non
1323 4830 1561 4901 amplius
1592 4838 1816 4884 terreno
1853 4844 1915 4882 ac
1953 4829 2168 4893 humili,

599 4923 697 4977 sed
727 4922 1002 4991 spirituali
1046 4930 1100 4977 et
1133 4923 1317 4976 altiori
1353 4937 1519 4977 sensu
1557 4936 1712 4974 mens
1748 4934 1867 4973 mea
1900 4919 2167 4972 mundum

598 5016 1032 5083 contemplatur.
1064 5014 1396 5084 Quicunque
1419 5016 1564 5069 enim
1599 5012 1901 5067 creationis
1939 5028 2164 5067 sensum

588 5106 748 5173 haud
804 5106 1076 5177 percepit,
1142 5106 1193 5161 ei
1244 5104 1485 5163 mundus
1546 5120 1658 5159 non
1710 5103 2015 5158 cruciﬁxus
2065 5114 2171 5159 est.

669 5241 692 5273 ⁸
722 5239 888 5299 Hebr.
916 5256 972 5308 ν,
1007 5240 1121 5296 1-5.
1195 5241 1216 5272 ⁸
1248 5239 1417 5295 Hebr.
1446 5253 1549 5304 VII,
1574 5240 1667 5293 27.

2277 4831 2515 4901 ἐπῆρται
2541 4831 2619 4894 δὲ,
2648 4831 2746 4885 οὐκ
2770 4832 2852 4884 ἔτι
2878 4835 3055 4887 κεῖται
3086 4833 3257 4886 κάτω.
3287 4833 3381 4903 Τῷ
3410 4833 3511 4903 γὰρ
3533 4828 3597 4900 μὴ
3623 4820 3775 4877 συνιὲν·

2275 4938 2328 4974 τι
2356 4922 2447 4975 τὸν
2476 4922 2633 4991 λόγον
2655 4926 2755 4994 τῆς
2784 4924 3165 4995 κοσμοποιίας,
3190 4927 3218 4978 ὁ
3241 4924 3402 4993 λόγος
3433 4928 3503 4993 (8)
3530 4921 3613 4973 οὐκ
3633 4907 3770 4967 ἑστιῦ-

2282 5032 2471 5084 ρωται.
2504 5016 2685 5069 Καλὸν
2728 5016 2838 5088 γὰρ
2885 5016 3125 5087 ἡγοῦμαι
3174 5018 3235 5071 τὸ
3275 5015 3544 5088 μυστικῶς
3569 4996 3770 5071 occupa}

2284 5108 2432 5175 σθαι,
2464 5108 2494 5161 ὃ
2532 5111 2628 5162 καὶ
2661 5109 2873 5173 Παῦλος
2904 5108 3145 5165 πέπονθε
3170 5124 3184 5138 ·
3224 5109 3449 5181 Χριστῷ
3475 5093 3765 5161 συνεσταύραν

1801 5239 1821 5271 ⁷
1864 5237 2045 5294 Galat.
2074 5255 2152 5303 vr,
2192 5241 2281 5299 14.

2096 5328 2305 5387 NOTAE
2318 5370 2335 5387 .

672 5441 746 5513 (7)
779 5442 843 5494 Οἱ
873 5443 1039 5511 ἱερεῖς
1068 5440 1217 5511 μόνοι
1243 5441 1470 5513 ,αἵματιΔ
1490 5440 1585 5493 καὶ
1614 5439 1779 5513 ὲλαιῳ
1812 5438 2166 5513 ξτελειούντο.

597 5510 690 5567 Ἐν
728 5513 783 5563 δὲ
808 5515 875 5580 τῇ
898 5510 1081 5581 χάριτι
1102 5512 1162 5564 τὸ
1199 5512 1400 5581 πλῆθος
1431 5510 1571 5577 ὅλον,
1622 5511 1681 5563 τὸ
1716 5510 1985 5579 βασίλειον
2019 5511 2171 5581 ἱερά-

597 5598 796 5651 τευμα,
826 5580 1066 5644 τοέθνος
1100 5583 1157 5634 τὸ
1212 5582 1386 5649 ἆγιον.
1424 5582 1541 5632 Ἔτι
1582 5581 1630 5651 οἱ
1664 5582 1763 5650 μὲν
1785 5583 1864 5651 εἰς
1892 5580 2170 5648 βασιλείαν

599 5649 891 5722 παριόντες
920 5654 977 5705 ὲν
1006 5656 1070 5722 τῇ
1100 5652 1331 5721 Ιιαλαιᾷ,
1356 5652 1519 5722 ὲλαιῳ
1547 5649 1704 5722 μόνον
1736 5649 1980 5722 ξχρζοντο
1999 5664 2012 5677 ’
2045 5651 2093 5702 οἰ
2113 5651 2169 5703 δὲ

602 5718 1018 5792 εξςὶερωσύνην,
1040 5718 1133 5775 Stal
1165 5718 1358 5791 αἵματι
1383 5718 1690 5791 καιὲλαίῳ.
1749 5718 1860 5773 καὶ
1896 5718 2020 5772 οὕτε
2064 5723 2177 5783 τοῖς

2270 5443 2587 5525 βασιλεῦ-σιν
2620 5442 2923 5525 ἱερατεύειν
2955 5442 3271 5525 ὲξῆνεήοὖτε
3298 5446 3411 5525 τοῖς
3444 5435 3616 5525 leas?“
3650 5427 3762 5497 βίω·

2272 5507 2681 5588 λεύξιντ-Μόνοξ
2699 5513 2775 5575 δὲ,
2793 5530 2869 5588 Δκ.
2898 5529 2953 5565 τ.
2988 5507 3063 5588 λέ
3085 5513 3142 5566 Ὀ
3159 5514 3435 5588 ζιῖῆς,Αέ)Υτ
3470 5507 3581 5588 ’ίώδῖ

2344 5583 2421 5653 (8)
2458 5585 2515 5635 Ὀ
2547 5574 2940 5653 κόσμοςναναγ.
2972 5581 3135 5653 τούτο
3153 5574 3301 5635 δὲ”τὸ
3335 5574 3520 5645 diem.
3559 5574 3619 5634 ὡς
3650 5574 3759 5630 39°"

2276 5650 2420 5725 erm
2450 5670 2533 5718 τις
2566 5656 2624 5705 ὲν
2651 5650 2727 5724 τῷ
2746 5652 2843 5722 τῆς
2874 5652 3015 5720 Αύγ.
3036 5650 3165 5705 κὼδ.
3201 5654 3395 5709 κεῖται.
