4038 6498
196 379 283 447 721
1210 387 1751 450 COMMENTARII
1784 388 1791 447 I

1849 388 1867 448 ί
1909 388 2353 451 LEVITICUM.
3338 388 3444 451 722

193 515 296 561 ται,
324 498 419 550 καὶ
446 498 475 550 ὁ
505 498 706 569 κόσμος
746 498 905 571 ἔσχεν
947 502 1024 566 ὡς
1064 503 1203 573 πρὸς
1240 504 1330 558 τὸν
1360 504 1574 559 Παύλου
1611 504 1758 570 νοῦν,

1867 502 2070 558 Bonam
2104 520 2221 560 rem
2260 507 2526 561 nimirum
2560 520 2764 562 censeo
2798 514 2856 560 ut
2878 505 3020 577 quis
3052 506 3286 577 mystice
3310 506 3442 560 cru-

194 590 496 661 ἐπηρμένον
520 592 613 645 καὶ
634 594 957 665 νενοημένον
985 593 1155 667 αύτῷ.

1868 596 2141 664 ciﬁgatur,
2182 599 2327 668 quod
2360 608 2415 653 et
2442 597 2618 653 Paulo
2653 597 2876 654 accidit.
2911 596 3016 663 Qui
3050 612 3174 650 cum
3211 597 3437 652 Christo

1866 686 2239 755 cruciﬁgitur,
2274 688 2323 739 ei
2363 686 2602 741 mundus
2628 696 2874 757 apparet,
2920 686 2996 741 uti
3030 685 3220 753 Paulo,
3254 687 3437 742 altiori

1867 789 1933 829 ac
1965 776 2241 845 spirituali
2274 794 2447 833 sensu
2489 785 2810 848 conceptus.

260 881 325 937 Et
344 887 456 939 visa
483 896 563 940 est
587 887 764 957 gloria
794 886 1013 943 Domini
1038 888 1282 944 universo
1311 888 1522 958 populo,
1554 894 1662 943 etc.
1697 886 1815 960 [lX,
1836 887 1956 960 ελ]
1989 889 2131 944 Nam
2163 899 2361 945 octavo
2387 891 2477 947 die
2508 891 2762 961 apparuit
2793 889 2993 957 Filius,
3024 890 3118 961 qui
3144 898 3230 947 est
3262 890 3435 961 gloria

190 971 366 1028 Patris
407 984 461 1028 et
492 973 612 1029 Dei.
657 974 732 1031 De
758 976 862 1030 hac
888 977 1063 1046 gloria
1094 979 1173 1031 sic
1204 978 1446 1047 appellat
1488 974 1675 1031 Mosen
1705 991 1721 1030 :
1759 994 1777 1028 ι
1824 974 1961 1031 Vivo
1996 991 2121 1048 ego,
2161 978 2296 1033 dicit
2329 978 2616 1041 Dominus,
2651 979 2696 1033 si
2735 993 2844 1033 non
2876 978 3051 1049 gloria
3082 978 3295 1034 Domini
3328 979 3435 1032 im-

192 1060 386 1130 plenda
416 1061 491 1117 sit
522 1062 785 1118 universa
824 1070 973 1118 terra
1011 1065 1055 1121 ³.
1093 1084 1112 1117 ›
1150 1064 1465 1118 lmmolavit
1495 1072 1681 1118 autem
1729 1064 2090 1135 semetipsum
2140 1081 2241 1137 pro
2282 1067 2443 1121 nobis
2476 1067 2638 1135 quasi
2669 1067 2725 1121 in
2751 1066 2930 1121 vitulo
2963 1074 3023 1121 et
3059 1066 3255 1122 ariete.
3303 1065 3432 1120 Vir-

190 1158 356 1203 tutem
408 1150 577 1214 aries,
629 1151 1115 1207 mansuetudinem
1150 1152 1435 1207 indicabat
1480 1151 1711 1208 vitulus.
1743 1151 1848 1207 Per
1890 1151 2040 1207 hunc
2076 1168 2273 1223 nempe
2323 1153 2605 1208 Christum
2639 1152 2864 1208 adducti
2894 1168 3088 1209 sumus
3117 1154 3170 1207 in
3206 1153 3431 1207 odorem

188 1238 343 1291 bona}
397 1236 742 1308 iragrantiae.
800 1240 961 1295 Aries
1022 1247 1171 1294 totus
1216 1251 1271 1294 et
1299 1239 1649 1294 membratim
1693 1238 1855 1310 quasi
1886 1255 1988 1309 pro
2039 1241 2281 1311 singulis
2332 1240 2784 1295 comburebatur.
2828 1238 2962 1293 Nam
2993 1241 3123 1295 dum
3160 1255 3267 1295 una
3299 1255 3427 1295 cum

191 1326 303 1393 ipso
336 1326 748 1396 cruciﬁgimur,
791 1328 1063 1382 morimur
1115 1326 1322 1383 mundo
1393 1336 1449 1383 et
1484 1342 1816 1398 superamus
1871 1326 2106 1383 affectus
2147 1328 2361 1383 carnis.
2392 1326 2725 1397 Egredimur
2755 1326 2823 1380 ad
2855 1327 3058 1397 ipsum,
3099 1328 3192 1397 qui
3230 1343 3432 1398 passus

187 1421 272 1467 est
301 1421 464 1467 extra
504 1414 721 1480 urbem,
754 1414 935 1470 instar
963 1415 1110 1469 tauri
1143 1426 1201 1471 et
1233 1414 1393 1471 vituli
1423 1415 1671 1470 mactati.
1716 1413 1927 1471 Hostiis
1970 1414 2278 1486 majoribus
2310 1415 2502 1469 litatur
2544 1424 2653 1468 tam
2688 1429 2788 1485 pro
2819 1414 3231 1479 sacerdotibus,
3262 1431 3428 1485 quam

190 1516 283 1569 pro
311 1502 540 1571 populo.
570 1499 707 1555 Nam
742 1502 935 1557 haedus
973 1503 1161 1558 minor
1206 1512 1295 1559 est
1330 1503 1614 1573 praedictis
1655 1502 2013 1565 animalibus,
2067 1512 2328 1574 respectu
2360 1502 2689 1557 dilferentia:
2716 1503 2845 1557 vita:
2869 1511 2923 1558 et
2961 1503 3329 1566 conditionis,
3371 1504 3429 1558 in

186 1604 288 1656 qua
354 1598 490 1643 sunt
524 1588 841 1645 sacerdotes
889 1591 1263 1662 populusque.
1311 1591 1439 1661 Spei
1501 1590 1843 1646 hilaritatem
1891 1591 2244 1662 splendidam
2305 1592 2587 1662 significat
2614 1592 2799 1647 simila
2830 1592 2953 1646 oleo
2982 1592 3259 1649 delibuta.
3294 1591 3431 1646 Nam

184 1674 579 1730 exsultandum
632 1686 719 1731 est
771 1677 841 1730 ob
882 1676 1130 1739 labores,
1168 1678 1263 1747 qui
1294 1677 1641 1744 sentiuntur,
1697 1676 1828 1731 dum
1875 1678 2003 1748 quis
2035 1679 2264 1734 virtutis
2324 1679 2522 1734 callem
2573 1678 2909 1749 ingreditur,
2966 1680 3428 1749 quemadmodum

185 1764 455 1832 scriptum
487 1771 609 1817 est:
654 1781 672 1815 ι
710 1761 1032 1827 Veniamus,
1089 1764 1433 1820 exsultemus
1484 1762 1802 1819 Domino“.
1840 1782 1859 1811 ι
1916 1763 1988 1820 Ut
2020 1766 2166 1821 enim
2204 1765 2377 1837 gloria
2407 1764 2615 1821 Christi
2642 1765 2773 1820 olim
2826 1766 3054 1821 emicuit
3086 1765 3140 1820 in
3171 1767 3317 1837 igne,
3349 1767 3433 1822 sic

187 1866 332 1905 nunc
369 1850 425 1903 in
459 1850 656 1920 spiritu
692 1850 975 1922 etfulgebit
1002 1852 1133 1907 dum
1164 1852 1515 1923 spiritualem
1549 1852 1783 1907 hostiam
1838 1852 2202 1922 spiritualiter
2232 1852 2723 1924 apprehendimus.
2758 1852 2944 1908 Primo
2996 1860 3178 1908 autem
3235 1870 3433 1908 manus

186 1938 552 2007 imponuntur
608 1940 849 2008 populis.
898 1939 1188 2009 Siquidem
1221 1938 1533 2009 spiritualis
1569 1938 1759 1993 Aaron
1804 1955 1902 2010 per
1932 1942 2081 1997 hunc
2115 1943 2479 1997 adumbratus
2531 1942 2915 1996 benedictione
2967 1950 3182 1997 recreat
3227 1957 3432 2011 parvos

184 2042 306 2080 cum
340 2027 581 2098 magnis,
630 2027 800 2081 sicuti
830 2027 1094 2082 traditum
1123 2034 1228 2082 est.
1264 2028 1333 2079 At
1364 2041 1625 2080 manuum
1664 2027 1944 2097 impositio
1969 2029 2245 2098 significat
2282 2030 2526 2099 Spiritus
2559 2030 2739 2084 sancti
2791 2030 2845 2083 in
2879 2028 3044 2099 3&0
3073 2044 3173 2084 nos
3224 2029 3432 2099 largam

187 2114 593 2181 profusionem.
644 2114 807 2170 Nulla
861 2123 983 2169 erat
1013 2129 1279 2169 manuum
1310 2113 1743 2182 impositio,imo
1791 2114 2152 2183 ignorabatur
2184 2126 2313 2173 ante
2348 2117 2609 2171 Aaronici
2648 2116 2947 2171 sacerdotii
2989 2116 3423 2171 institutionem.

185 2202 439 2256 Nondum
488 2204 635 2257 enim
684 2210 804 2258 erat
833 2201 1075 2274 Spiritus
1125 2201 1434 2258 secundum
1465 2200 1600 2255 illud
1644 2198 1876 2257 Joannis
1908 2205 2287 2260 testimonium
2319 2221 2333 2259 :
2373 2222 2393 2257 ι
2440 2204 2581 2271 Quia
2623 2202 2786 2260 Jesus
2818 2204 3060 2258 nondum
3094 2210 3214 2259 erat
3252 2188 3438 2275 glori.

187 2291 382 2345 ticatus
408 2291 479 2343 ‘°.
510 2308 530 2341 ι
908 2294 911 2297 ’

255 2377 326 2430 Et
360 2378 675 2446 accipientes
700 2377 807 2431 duo
839 2375 943 2443 ﬁlii
989 2375 1177 2430 Aaron
1232 2374 1429 2430 Nadab
1463 2383 1513 2431 et
1546 2375 1744 2443 Abiud,
1778 2383 1887 2433 ctc.
1922 2376 2017 2451 [X,
2069 2377 2148 2453 1.]
2203 2378 2528 2449 Exemplum
2563 2379 2656 2432 hic
2709 2376 2980 2432 habemus
3032 2375 3434 2439 clarissimum,

184 2464 432 2520 humana
467 2479 579 2519 non
612 2463 975 2518 admiscenda
1005 2462 1236 2518 divinis.
1265 2461 1332 2515 Et
1365 2463 1470 2519 hoc
1521 2463 1743 2533 quidem
1790 2479 1987 2537 parum
2028 2468 2325 2523 observant
2356 2466 2624 2521 haeretici.
2662 2465 2805 2521 Deus
2840 2465 3159 2536 imperavit,
3198 2473 3258 2518 ut
3287 2463 3433 2517 dun-

184 2563 336 2609 taxat
380 2555 435 2608 in
466 2568 564 2608 ara
598 2553 975 2625 thymiamatis
1023 2554 1231 2609 odores
1290 2552 1617 2609 incenderet
1666 2556 1855 2609 Aaron
1904 2568 2067 2608 mane
2115 2567 2243 2608 cum
2298 2561 2455 2623 parat
2497 2553 2779 2615 lucernas,
2815 2560 2869 2606 et
2904 2551 3148 2621 vesperi,
3178 2565 3302 2605 cum
3331 2565 3427 2605 cas

184 2642 494 2697 accendit:
535 2656 637 2697 nec
666 2642 777 2696 alio
832 2649 1082 2710 tempore
1113 2639 1356 2695 suﬂitu’m
1405 2640 1696 2696 odoratum
1756 2642 1943 2698 facere
1992 2656 2116 2697 eum
2166 2641 2360 2710 jussit.
2408 2640 2520 2695 Nec
2568 2640 2742 2693 voluit
2768 2654 3008 2709 quoque,
3052 2648 3109 2693 ut
3136 2647 3427 2693 externum

184 2730 512 2785 admoveret
537 2731 747 2800 ignem,
782 2743 910 2783 cum
942 2728 1171 2783 divinus
1210 2729 1356 2800 ignis
1402 2730 1824 2800 conspiceretur
1863 2744 2039 2798 usque
2096 2739 2301 2799 praesto
2328 2741 2474 2783 esse.
2511 2727 2604 2780 Sic
2631 2727 2815 2781 littera
2848 2726 2985 2797 legis
3041 2726 3255 2781 inutilis
3292 2740 3429 2779 cen-

182 2830 348 2873 setur
405 2824 707 2888 apparente
762 2815 965 2886 gratia.
1026 2815 1174 2885 Ignis
1223 2830 1356 2896 vero
1402 2816 1629 2871 divinus
1684 2814 1835 2871 vires
1887 2830 2019 2872 suas
2061 2813 2333 2874 ostendit,
2388 2827 2456 2867 ne
2510 2812 2635 2881 quis
2674 2812 3066 2883 imaginarium
3097 2811 3428 2881 imaginetur

180 2922 311 2962 esse
346 2906 595 2961 divinum
653 2904 832 2975 ignem
869 2946 883 2959 .
922 2903 1269 2974 Quapropter
1311 2903 1459 2959 haud
1496 2903 1773 2959 immerito
1823 2902 2029 2957 Paulus
2065 2901 2120 2956 in
2157 2898 2404 2971 Epistola
2444 2898 2510 2953 ad
2541 2897 2823 2963 Hebraeos,
2853 2899 3073 2969 inquit:
3109 2917 3127 2949 ι
3164 2897 3306 2954 Deus
3332 2904 3420 2952 est

181 2994 333 3063 ignis
366 3008 701 3049 consumens
739 2992 803 3044 “.
839 3009 857 3042 ι

248 3080 324 3134 In
362 3083 465 3144 his,
498 3082 587 3151 qui
622 3082 749 3134 mihi
784 3081 1229 3150 appropinquant,
1280 3081 1678 3151 sanctiﬁcabor,
1705 3086 1818 3135 etc.
1850 3072 1953 3149 [3.]
1989 3071 2140 3129 idem
2193 3070 2517 3142 praedictum
2554 3079 2640 3126 est
2676 3072 2732 3124 in
2770 3070 2982 3125 Exodo.
3016 3071 3085 3123 At
3112 3070 3217 3125 hoc
3252 3069 3435 3140 ipsum

179 3170 474 3237 paululum
510 3149 754 3225 diversis
789 3178 844 3223 et
876 3149 1104 3224 mutatis
1152 3169 1338 3227 verbis
1384 3149 1617 3242 pretulit
1649 3168 1867 3233 Petrus,
1924 3163 2159 3219 dicens:
2196 3177 2216 3213 ι
2251 3159 2498 3230 Tempus
2550 3166 2636 3214 est
2677 3166 2735 3213 ut
2771 3156 3043 3228 judicium
3082 3157 3264 3227 primo
3295 3156 3438 3211 inci-

180 3259 295 3327 piat
327 3272 362 3311 a
394 3255 559 3312 domo
587 3256 679 3313 Dei
714 3258 776 3312 ".
820 3275 841 3310 ι

250 3368 383 3435 Τὴν
418 3366 694 3437 κεφαλὴν
746 3368 915 3438 ὑμῶν
958 3371 1069 3424 οὐκ
1101 3365 1606 3435 ἀποκιδαρώσετε.
1646 3366 1759 3437 Τὴν
1792 3350 1835 3406 Β

1933 3358 2105 3428 Caput
2132 3365 2359 3412 vestrum
2400 3374 2503 3412 non
2532 3356 2834 3421 nudabitis,
2863 3364 2973 3411 etc.
3007 3351 3111 3426 [6.]
3151 3350 3271 3408 Non
3316 3367 3440 3423 per-

179 3459 272 3512 ὲπὶ
309 3460 425 3521 τοῖς
451 3458 729 3527 φιλτάτοις
751 3458 927 3527 λύπην
955 3459 1055 3513 ούκ
1096 3459 1161 3530 ἐᾷ
1201 3457 1474 3528 πρόφασιν
1509 3457 1761 3525 γενέσθαι

1865 3453 2053 3519 mittit,
2095 3462 2156 3507 ut
2204 3450 2432 3507 habitus
2492 3448 2810 3519 pontiﬂcius
2857 3455 3103 3502 mutetur
3156 3446 3213 3501 in
3262 3446 3442 3508 luctu,

181 3550 278 3619 τῆς
298 3547 398 3602 τοῦ
432 3549 580 3620 ἱεροῦ
615 3551 892 3622 σχήματος
928 3550 1227 3622 μεταϐολῆς
1244 3566 1258 3581 ο
1278 3547 1546 3603 διδάσκων
1570 3548 1639 3604 τὰ
1664 3547 1761 3603 τοῦ

1866 3545 2085 3603 etiamsi
2136 3543 2343 3599 mortui
2398 3542 2605 3597 fuerint
2653 3540 2910 3596 homines
2958 3540 3057 3595 tibi
3098 3536 3441 3609 conjunctis-

182 3641 323 3694 Θεοῦ
364 3642 441 3713 (9)
478 3641 590 3696 τῶν
628 3642 873 3711 φυσικῶν
935 3642 1259 3714 ἰσχυρότερα
1319 3645 1433 3714 (10)
1493 3641 1763 3697 τίθεσθαι.

1870 3637 2018 3695 simi.
2052 3636 2188 3692 Nam
2243 3650 2401 3691 amor
2454 3634 2550 3690 Dei
2586 3633 2799 3688 tlrmius
2853 3648 2952 3689 nos
2998 3631 3210 3701 obligat
3261 3636 3316 3685 et
3354 3644 3443 3683 ar-

184 3734 397 3803 Πληροῖ
444 3736 559 3799 τοῖς
587 3733 918 3789 ἀποθανοῦσι
948 3734 1048 3805 τὴν
1074 3732 1239 3804 τιμὴν
1270 3734 1340 3788 δι’
1370 3735 1594 3805 ἑτέρων.
1620 3731 1765 3788 Καθ-

1869 3730 2011 3783 ctius
2055 3734 2233 3793 tenet,
2288 3740 2453 3796 quam
2504 3739 2679 3790 amor,
2712 3724 2806 3794 qui
2858 3721 3135 3793 personis,
3178 3720 3272 3790 qui
3307 3734 3441 3774 con-

182 3826 323 3896 ἧκον
354 3826 463 3897 γὰρ
487 3825 706 3880 ἔλαττον
732 3825 911 3879 τοῦτο.
940 3826 1015 3879 Ob
1056 3825 1137 3878 δεῖ
1173 3824 1282 3898 ἄρα
1315 3825 1533 3879 πενθεῖν
1559 3822 1759 3895 ἱερέας,

1863 3821 2073 3892 junctis
2122 3819 2373 3889 personis
2430 3825 2516 3873 est
2570 3815 2997 3886 impartiendus.
3043 3812 3136 3869 Sic
3188 3812 3445 3867 Salvator

184 3914 275 3967 καὶ
316 3914 556 3984 μάλιστα
585 3915 711 3978 τοὺς
736 3915 860 3986 ἄρτι
894 3912 1239 3983 χρισθέντας.

1868 3911 2205 3981 discipulum
2267 3926 2299 3966 a
2348 3909 2512 3963 Patre
2566 3908 2865 3971 abstrahit,
2917 3912 2977 3960 ut
3027 3905 3201 3961 libere
3261 3904 3444 3958 Evan-

186 4006 394 4074 gelium
454 4008 765 4064 annuntiet.
816 4008 1123 4078 Exsequias
1171 4017 1377 4073 autem,
1438 4024 1562 4080 qua:
1618 4004 1887 4062 ducendae
1961 4014 2112 4068 sunt,
2143 4019 2241 4074 per
2280 4002 2420 4058 alios
2464 4000 2581 4056 fieri
2637 4000 2802 4055 volet.
2852 3995 2985 4053 Nam
3030 3997 3134 4052 hoc
3208 3995 3446 4051 cilicium

186 4118 388 4169 parum
447 4105 705 4175 congruit
753 4104 1047 4160 sacerdoti.
1081 4103 1203 4160 Non
1251 4105 1421 4176 igitur
1489 4113 1709 4176 Oportet
1773 4100 1945 4158 luctui
1989 4100 2238 4155 deditum
2270 4113 2396 4155 esse
2445 4096 2812 4161 sacerdotem,
2862 4100 2917 4147 et
2946 4089 3220 4162 imprimis
3257 4090 3381 4145 illos
3416 4104 3448 4144 ιι

187 4197 347 4248 luctu
378 4194 589 4250 alienos
619 4211 740 4251 esse
769 4196 1047 4262 convenit,
1076 4198 1172 4265 qui
1214 4197 1377 4252 modo
1412 4197 1662 4253 unctioni
1698 4196 1903 4251 fuerint
1931 4194 2165 4249 admoti.

256 4281 449 4339 Οἶνον
473 4284 572 4338 καί
602 4285 815 4354 σίκερα
840 4289 913 4341 οὺ
969 4288 1202 4342 πίεσθε.
1261 4290 1336 4342 Οὐ
1394 4289 1553 4361 μόνον
1609 4289 1772 4352 εὐθὺς

1900 4303 1907 4311 ⁸
1952 4286 2145 4341 Vinum
2169 4294 2219 4339 et
2247 4284 2477 4339 siceram
2502 4299 2606 4337 non
2643 4279 2853 4343 bibatis,
2894 4286 3004 4333 etc.
3042 4273 3146 4348 [8.]
3182 4272 3300 4329 Non
3333 4271 3451 4328 obi-

186 4378 353 4432 τοῦτο
372 4377 628 4448 ληπτέον,
645 4378 782 4433 ἀλλὰ
804 4380 938 4451 μηδὲ
958 4381 1272 4453 κραιπαλᾷν
1294 4382 1402 4435 ἀπὸ
1423 4381 1591 4455 μέθης
1607 4383 1771 4436 ἐσπε-

1871 4385 1958 4432 ter
2002 4376 2092 4431 hic
2139 4375 2296 4430 locus
2346 4370 2705 4443 accipiendus
2756 4379 2878 4425 est:
2926 4367 3039 4421 imo
3094 4364 3304 4431 aliquid
3338 4378 3451 4416 am-

188 4472 351 4541 ρινῆς
383 4469 555 4523 ἕωθεν
583 4468 1023 4543 λειτουργοῦντα.
1057 4473 1182 4536 Πῶς
1223 4474 1334 4543 γὰρ
1369 4473 1519 4537 ἄξιον
1549 4453 1770 4528 -ὲπιθυ-

1872 4467 2041 4537 plius,
2081 4480 2249 4535 quam
2303 4464 2483 4534 primo
2523 4468 2752 4531 aspectu
2782 4472 2894 4528 prae
2941 4470 3002 4511 se
3046 4453 3210 4517 ferat,
3258 4462 3450 4505 nostro

190 4562 322 4630 μίας
347 4560 615 4632 ἡττᾶσθαι
663 4562 757 4616 τὸν
809 4563 948 4633 ὑπὲρ
980 4562 1087 4617 τῶν
1132 4563 1454 4634 ἡττημένων
1482 4564 1769 4634 δεόμενον;

1873 4556 2181 4614 intellectui
2232 4556 2456 4626 ingerit,
2515 4567 2711 4623 nempe
2761 4558 2821 4604 ut
2856 4547 3120 4605 sacerdos
3168 4559 3278 4599 non
3318 4558 3448 4595 nau-

187 4653 275 4706 διὰ
318 4652 608 4722 συμῆόλων
642 4653 750 4724 γὰρ
778 4655 960 4707 πᾶσαν
990 4654 1265 4724 πρόφασιν
1301 4655 1638 4725 ἀπαγορεύει
1673 4656 1774 4724 τὴν

1873 4656 2014 4713 seet,
2070 4661 2335 4703 nauseam
2384 4652 2640 4699 movente
2687 4640 3024 4712 vespertina,
3058 4649 3184 4706 quae
3212 4647 3446 4702 praeces-

187 4744 493 4809 ὲξιστᾶσαν
548 4742 641 4796 τὸν
689 4743 970 4814 λογισμὸν,
1026 4745 1121 4797 καὶ
1145 4746 1353 4817 γηῖνοις
1397 4744 1777 4815 μεθύσκουσαν

1875 4743 1970 4807 sit,
2006 4741 2275 4798 ebrietate
2306 4757 2320 4794 :
2355 4747 2410 4795 et
2455 4738 2536 4793 sic
2563 4735 2632 4791 ad
2670 4749 2827 4791 sacra
2859 4729 3087 4786 accedat
3121 4726 3447 4782 ministeria.

190 4837 509 4907 πράγμασι.
528 4836 619 4889 Διδ
640 4837 776 4890 καὶὸ
799 4836 987 4908 Σωτὴρ
1010 4835 1115 4908 ἔφη
1136 4852 1151 4868 ⁸
1191 4855 1210 4890 ι
1233 4836 1533 4909 Προσέχετε
1566 4839 1776 4909 μήποτε

1877 4834 2009 4901 Quae
2032 4832 2178 4888 enim
2208 4830 2353 4885 ratio
2378 4826 2637 4884 concedit
2662 4830 2725 4881 u‘t
2765 4826 2839 4887 is,
2872 4823 2967 4895 qui
3004 4836 3103 4893 pro
3134 4819 3269 4886 illis,
3311 4830 3454 4888 quos

193 4926 548 4998 βαρυνθῶσιν
583 4926 739 4997 ὑμῶν
764 4928 820 4980 αι
845 4926 1068 4997 καρδίαι
1097 4927 1338 4999 φροντίδι
1359 4928 1455 4980 καὶ
1478 4928 1775 4999 μερίμναις

1878 4925 2021 4981 mala
2057 4922 2335 4994 cupiditas
2379 4920 2575 4987 vincit,
2606 4918 2856 4989 supplice
2897 4932 3029 4972 voce
3063 4920 3219 4985 rcgat
3251 4911 3448 4971 Deum,

194 5020 489 5088 βιωτικαῖς
510 5035 523 5049 ·
552 5038 571 5072 ι
600 5020 723 5073 ἐπεὶ
752 5020 849 5074 καὶ
891 5020 1084 5091 σίκερα
1130 5020 1239 5073 πᾶν
1278 5018 1643 5092 ἑρμηνεύεται
1676 5017 1775 5089 μέ-

1885 5025 1943 5072 ut
2014 5016 2084 5079 is,
2137 5015 2386 5084 inquam,
2445 5010 2736 5082 cupiditati
2819 5024 3046 5080 quoque
3101 5022 3163 5063 se
3217 5003 3454 5073 turpiter

192 5113 404 5178 θυσμα,
446 5112 551 5165 κᾶν
581 5111 641 5177 ἐξ
666 5111 912 5182 ἀμπέλου
941 5110 1016 5182 μὴ

1888 5106 2223 5163 submittat?
2280 5104 2382 5160 Per
2414 5104 2531 5159 haec
2582 5101 2831 5174 symbola
2906 5098 3159 5169 prohibet
3206 5106 3262 5151 et
3301 5100 3454 5147 arcet

192 5222 418 5271 onlnem
482 5205 852 5269 occasionem,
890 5219 1011 5273 qua:
1070 5218 1253 5259 veram
1311 5204 1577 5260 rationem
1619 5218 1725 5259 suo
1764 5202 1936 5273 gradu
1971 5200 2210 5271 dejicere
2249 5208 2303 5254 et
2328 5198 2624 5253 deturbare
2667 5202 2856 5267 queat,
2911 5200 2966 5249 et
3009 5206 3114 5247 nos
3183 5187 3459 5244 inebriare

195 5307 553 5353 tcirenarum
610 5312 795 5353 rerum
844 5297 1156 5355 dulcedine.
1215 5298 1563 5370 Quapropter
1590 5296 1869 5391 ‘Salvator
1940 5296 2056 5350 haec
2109 5295 2277 5351 verba
2326 5294 2644 5365 expromit:
2706 5309 2724 5344 ι
2774 5288 3079 5354 Attendite,
3149 5298 3217 5339 ne
3282 5280 3448 5337 corda

270 5452 487 5509 'Num.
523 5470 638 5519 xlv,
671 5453 763 5509 2|.
836 5455 858 5487 ⁹
890 5452 1035 5508 Psal.
1087 5467 1231 5517 χειν,
1274 5454 1328 5508 1.
1407 5453 1450 5485 ¹⁶
1480 5451 1640 5509 Ioan.
1678 5467 1776 5519 vn,
1807 5450 1900 5505 59.
1983 5450 2021 5481 “
2066 5448 2232 5504 llebr.
2273 5464 2371 5515 xu,
2410 5446 2504 5504 29.
2611 5448 2654 5479 η
2696 5444 2891 5500 lPetr.
2936 5457 3010 5507 tv,
3049 5438 3145 5495 17.

1720 5610 1954 5667 NOTAE.

279 5728 356 5797 (9)
385 5727 469 5781 Τὰ
495 5728 603 5795 γὰρ
625 5730 718 5779 τοῦ
738 5726 895 5780 Θεοῦ.
943 5726 1000 5779 Ὁ
1035 5727 1130 5796 τῆς
1154 5729 1287 5795 Αύγ.
1328 5726 1457 5781 κὼδ.

285 5789 401 5870 (10)
444 5789 530 5862 Ὠς
550 5789 585 5850 δ’
607 5799 797 5870 Σωτὴρ
818 5798 1050 5867 ἀφιστὰς
1086 5789 1319 5869 Πατρδς,
1340 5797 1425 5850 ἵνα
1451 5795 1512 5850 τὸ
1540 5794 1875 5867 Εὑαγγέλιον
1902 5792 2153 5864 κηρύσσῃ
2175 5794 2201 5845 ὁ
2226 5790 2490 5862 μαθητής.
2511 5789 2639 5842 Abt.
