3864 6500
583 369 688 434 723
1536 426 1539 429 η
1889 373 2245 439 ΡΒΟΩΟΡῚΙ
2282 377 2527 439 (ΞΑΖᾸΞΙ
3700 370 3784 434 Ἱξί

585 472 783 541 vestra
835 498 973 542 cura
1041 493 1097 542 et
1142 482 1620 547 sollicitudinibus
1667 490 1855 548 seculi
1915 506 2293 563 aggraventur
2342 495 2411 551 ι’.
2456 514 2475 549 ι
2532 493 2728 551 Sicera
2776 506 3041 566 namque,
3092 492 3140 549 sl
3189 504 3399 550 nomen
3477 489 3781 561 lnterpntari

584 577 741 644 velis,
797 577 1078 650 significat
1130 593 1353 635 omnem
1398 581 1722 639 ebrietatem
1774 586 1994 642 etiamsi
2040 602 2151 642 non
2191 595 2528 659 procuretur
2553 602 2619 642 ex
2645 587 2831 644 fructu
2865 587 3170 643 vinearum.

653 712 902 771 Nazaraei
939 715 1293 775 abstinebant
1326 719 1394 776 ab
1438 720 1592 776 omni
1642 736 1730 785 eo,
1767 722 1918 792 quod
1945 723 2274 782 ebrietatem
2306 723 2459 780 ciere
2507 733 2715 796 posset.
2749 722 2990 779 Proinde
3036 720 3175 777 nihil
3205 717 3544 776 differebant
3572 733 3601 773 ι
3638 735 3791 775 sacer.

583 803 808 858 dotibus
867 819 1028 859 sacra
1075 820 1306 863 munera
1359 809 1823 879 exsequentibus.
1860 808 2177 881 Optandum
2211 820 2315 879 est,
2361 821 2420 866 ut
2451 812 2777 868 sacerdotes
2806 827 2903 882 per
2936 818 3115 865 totum
3165 823 3282 865 sua:
3314 807 3448 861 vita:
3498 808 3786 865 curriculum

582 893 697 949 sint
746 893 949 960 sobrii,
989 903 1046 950 et
1094 904 1246 951 recte
1293 906 1553 967 spargant
1593 910 1972 956 sacrosanctae
2012 901 2278 956 doctrinae
2324 900 2561 957 semina.
2615 899 2723 956 Sed
2755 900 2884 970 quia
2914 899 2967 954 id
2999 896 3297 953 diﬂiculter
3322 894 3567 951 obtineri
3593 898 3789 965 optando

582 988 788 1049 potest,
822 982 1015 1038 saltem
1054 983 1378 1040 sobrietatis
1408 985 1522 1040 sint
1545 1002 1849 1054 memores,
1880 996 1940 1042 ut
1972 988 2262 1044 lamentari
2311 989 2529 1060 possint
2563 989 2729 1043 vitam
2775 996 3157 1059 peccatorum,
3190 1000 3256 1042 eo
3285 992 3560 1054 tempore,
3592 998 3691 1053 quo
3718 1000 3788 1038 sa-

581 1070 695 1124 cris
748 1085 809 1125 se
867 1071 1183 1128 immiscent
1223 1074 1664 1143 operationibus.
1720 1074 1885 1132 Certe
1917 1077 2003 1132 vel
2040 1077 2311 1147 imprimis
2358 1076 2682 1146 requiritur,
2737 1084 2796 1130 ut
2827 1090 2894 1131 eo
2926 1084 3176 1144 tempore
3203 1080 3447 1127 utantur
3482 1070 3575 1124 vili
3620 1080 3667 1126 et
3710 1075 3790 1125 tri-

582 1157 754 1213 stiore
787 1158 967 1226 dizeta,
1008 1160 1172 1215 sicuti
1202 1176 1450 1231 praesens
1508 1163 1819 1233 symbolum
1872 1164 2095 1235 egregie
2141 1164 2339 1219 docere
2378 1164 2620 1219 videtur.
2656 1163 2897 1218 [labetur
2927 1162 2981 1217 in
3022 1162 3318 1230 Scriptura
3360 1165 3418 1214 et
3476 1158 3619 1211 aliud
3655 1174 3791 1226 pecu.

581 1244 719 1307 lum,
749 1246 895 1315 quod
932 1246 1170 1302 inebriat
1214 1256 1268 1303 et
1312 1248 1539 1304 interim
1573 1249 1831 1305 laudibus
1865 1251 2204 1307 celebratur.
2259 1252 2393 1306 Nam
2425 1252 2479 1307 in
2517 1251 2754 1308 Ieremia
2788 1251 2995 1321 legitur
3027 1266 3041 1303 :
3082 1267 3100 1301 ι
3142 1247 3427 1303 lnebriavi
3453 1261 3657 1301 onmem
3685 1250 3781 1300 ani-

578 1347 724 1386 mam
760 1334 1068 1396 sitientem.
1108 1344 1161 1390 et
1216 1351 1439 1391 omnem
1482 1338 1725 1393 animam
1812 1339 2156 1394 esurientem
2224 1340 2466 1395 saturavi
2511 1341 2575 1395 ⁸⁸.
2613 1358 2631 1390 ι
2670 1339 2735 1392 Et
2772 1339 3008 1393 iterum:
3067 1354 3087 1388 ι
3124 1335 3423 1390 lnebriabo
3475 1333 3691 1386 animam
3725 1349 3791 1387 sa-

579 1420 863 1474 cerdotum
894 1421 958 1476 l'.
1001 1439 1020 1473 ι
1055 1420 1449 1478 Exhilarantur
1485 1425 1631 1479 enim
1675 1424 1939 1479 laudabili
1971 1424 2128 1496 341
2159 1425 2250 1481 illa
2287 1428 2553 1483 ebrietate
2600 1426 2940 1491 sacerdotes,
2978 1422 3201 1494 quando
3234 1418 3584 1491 expiaverint
3609 1429 3786 1488 peccata

578 1507 895 1564 mortalium
958 1524 1133 1579 eaque
1190 1524 1421 1580 prorsus
1479 1510 1805 1567 deleverint.
1858 1512 1998 1566 Huic
2056 1512 2200 1567 haud
2245 1514 2511 1571 dissimile
2561 1522 2668 1580 est,
2732 1514 2963 1584 quodin
3022 1511 3323 1581 Evangelia
3373 1515 3690 1562 memoratur
3734 1509 3783 1565 ’⁸.

577 1594 646 1650 de
674 1595 803 1652 ﬁliis
846 1598 1035 1667 sponsi
1076 1597 1460 1668 jejunantibus
1504 1598 1726 1669 quando
1760 1614 2000 1669 sponsus
2030 1599 2247 1654 ablatus
2306 1599 2490 1656 fuerit.
2530 1601 2800 1656 Caeterum
2862 1615 2987 1654 cum
3056 1613 3219 1653 nemo
3280 1594 3597 1650 mortalium
3649 1593 3710 1648 sit
3736 1594 3787 1645 ab

578 1684 724 1738 omni
757 1693 914 1752 parte
961 1701 1155 1756 purus,
1190 1694 1486 1757 careatque
1521 1687 1780 1743 sordibus
1813 1697 1868 1742 et
1899 1688 2163 1741 ebrietate
2194 1688 2415 1751 mentis,
2458 1696 2515 1742 ut
2548 1688 2655 1742 rite
2697 1702 2857 1742 orare
2891 1686 3069 1756 possit
3110 1685 3279 1739 Deum
3310 1696 3413 1751 pro
3443 1681 3683 1750 impuris,
3708 1695 3787 1733 non

577 1769 647 1825 ab
681 1786 739 1827 re
759 1787 899 1843 opus
931 1772 1032 1827 fuit
1058 1772 1189 1830 Jesu
1217 1783 1422 1830 aeterno
1457 1774 1715 1845 pontifice
1748 1774 2051 1830 secundum
2092 1774 2343 1829 ordinem
2375 1774 2772 1833 Melchisedech
2801 1792 2815 1829 :
2850 1784 2905 1830 et
2935 1786 3066 1829 vero
3098 1770 3193 1827 illo
3220 1784 3394 1842 agno,
3426 1769 3521 1839 qui
3546 1767 3787 1837 tellitpec-

575 1866 762 1915 catum
805 1859 996 1917 mundi
1029 1861 1095 1917 ".

645 1992 899 2051 Obelisco
923 1996 1134 2068 signata
1160 1999 1425 2056 sunthaec
1455 1999 1617 2056 verba
1650 2018 1662 2053 ε
1699 2016 1717 2050 ι
1753 1999 1856 2055 Aut
1886 1998 2152 2055 aceeden-
2185 2002 2227 2057 A

576 2084 724 2139 tibus
750 2085 817 2140 ad
848 2087 1043 2151 altare,
1070 2108 1091 2140 ι
1115 2098 1246 2155 etc.,
1274 2091 1433 2161 quasi
1468 2090 1756 2147 referenda
1783 2093 1896 2147 sint
1916 2091 1980 2146 ad
2006 2106 2153 2156 eum,

575 2177 675 2249 qui
705 2176 875 2232 ﬂectit
910 2180 1133 2251 vestigia
1168 2181 1232 2236 ad
1260 2182 1679 2237 tabernaculum
1706 2180 2038 2249 testimonii;
2068 2180 2153 2236 vel

575 2268 723 2337 quod
753 2269 1007 2326 fortassis
1035 2270 1102 2324 ad
1135 2271 1307 2327 altare
1328 2272 1480 2327 adire
1500 2273 1663 2327 liceat
1684 2283 1737 2329 et
1767 2273 1876 2329 illis
1898 2274 1991 2344 qui
2044 2290 2153 2331 non

578 2357 780 2414 fuerint
832 2359 1172 2417 sacerdotes.
1234 2360 1330 2417 His
1366 2361 1604 2418 conferri
1636 2375 1872 2434 possunt
1929 2364 2030 2427 illi.
2082 2365 2153 2421 de

574 2446 778 2516 quibus
812 2447 867 2503 in
895 2447 1415 2520 Evangeliodicitur
1436 2452 1504 2519 ³⁸,
1528 2460 1589 2506 ιιι
1616 2452 1939 2524 relinquant
1964 2469 2150 2511 coram

576 2538 738 2595 altari
771 2554 976 2596 munus
1003 2541 1181 2596 donec
1214 2541 1444 2597 redeant
1485 2543 1541 2598 in
1585 2545 1819 2615 gratiam
1862 2560 1988 2601 cum
2040 2545 2155 2601 fra-

576 2630 778 2696 tribus,
813 2639 869 2686 et
897 2641 1029 2687 tunc
1076 2631 1295 2687 demum
1328 2632 1466 2703 pede
1505 2633 1687 2691 fausto
1714 2644 1844 2691 eant
1874 2636 1942 2691 ad
1976 2651 2149 2692 aram.

578 2720 676 2778 Vel
701 2722 1040 2788 sacerdotes,
1065 2740 1208 2794 quos
1247 2725 1385 2780 ordo
1413 2741 1522 2782 non
1556 2736 1718 2783 vocat
1748 2736 1808 2783 ut
1838 2728 2151 2785 ministrent

579 2812 704 2868 aliis
731 2812 946 2870 scilicet
969 2817 1420 2885 succedentibus,
1441 2817 1712 2874 accedunt
1733 2820 1800 2875 ad
1824 2820 1999 2876 altare
2025 2820 2152 2875 licet

578 2921 691 2961 non
734 2907 1118 2978 ingrediantur
1159 2908 1216 2964 in
1263 2911 1678 2967 tabernaculum
1713 2913 2028 2979 testimonii
2084 2930 2151 2969 eo

575 3003 847 3068 tempore,
870 3013 981 3069 quo
1020 2999 1293 3057 immunes
1327 3010 1455 3059 sunt
1485 3019 1515 3057 a
1551 3003 1885 3059 ministerio.

656 3108 726 3164 Ut
747 3109 1081 3182 distinguant
1106 3111 1244 3167 inter
1257 3122 1441 3168 sancta
1461 3121 1511 3168 et
1527 3113 1779 3184 profana,
1795 3120 1904 3168 etc.
1919 3109 2013 3185 [X,
2035 3104 2149 3185 10.]

578 3202 766 3259 Solius
806 3202 1015 3260 Christi
1054 3212 1139 3260 est
1178 3212 1234 3260 et
1266 3204 1485 3261 illorum
1507 3245 1522 3271 ,
1553 3220 1696 3277 quos
1734 3203 1935 3259 ﬁliolos
1970 3214 2148 3270 vocat,

575 3309 868 3366 segregare
898 3303 1090 3351 sancta
1116 3308 1145 3349 a
1169 3295 1442 3367 profanis.
1464 3295 1566 3351 Hic
1591 3310 1814 3367 quoque
1836 3294 1892 3349 in
1911 3300 2149 3350 mentem

2338 1999 2638 2055 Ὠϐἐλισται
2687 1998 2742 2053 δὲ
2783 1996 2863 2061 τδ,
2917 2016 2935 2051 ι
2978 1996 3049 2051 Ἣ
3095 1989 3628 2066 προσπορενομένων
3670 1987 3788 2057 ὑμῶν

2261 2091 2397 2161 πρὸς
2423 2091 2484 2144 τὸ
2514 2092 2923 2161 θυσιαστήριον,
2966 2106 2984 2141 ι
3023 2088 3100 2151 ὡς
3130 2084 3530 2155 συννοούμενον
3556 2079 3628 2151 τῷ
3657 2095 3788 2149 προσ.

2255 2184 2614 2254 πορευομένῳ
2634 2182 2769 2254 πρὸς
2797 2182 2895 2253 τὴν
2924 2180 3129 2250 σκηνὴν
3155 2177 3250 2232 τοῦ
3289 2173 3597 2247 μαρτυρίου
3616 2186 3629 2200 ’
3656 2171 3785 2241 ἦγουν

2253 2271 2329 2336 ὡς
2383 2271 2479 2325 τοῦ
2537 2270 2924 2343 θυσιαστηρίου
2961 2267 3126 2340 βοιτοῦ
3154 2266 3310 2329 ὄντος
3359 2265 3460 2319 καὶ
3490 2262 3563 2332 μὴ
3603 2258 3783 2332 ἱερεῦσι.

2254 2364 2501 2419 Τοιοῦτοι
2578 2365 2688 2436 γὰρ
2735 2363 2829 2418 καὶ
2892 2362 2943 2416 οί
3016 2361 3274 2431 ἀφιέντες
3357 2352 3658 2426 ἔμπροσθεν
3714 2348 3783 2402 τοῦ

2254 2455 2645 2527 θυσιαστηρίου
2673 2454 2735 2508 τὸ
2759 2454 2934 2525 δῶρον
2967 2452 3130 2523 μέχρι
3172 2446 3509 2516 διαλλαγιῖηι
3537 2446 3638 2506 τοῖς
3668 2439 3784 2495 aut.

2252 2551 2392 2619 φοῖς,
2429 2548 2518 2601 ἴνα
2542 2548 2666 2601 τότε
2688 2545 3028 2618 προσέλθωσι
3063 2542 3142 2613 τῷ
3183 2536 3583 2609 θυσιαστηρίῳ.
3603 2532 3783 2604 Μήποτε

2249 2642 2308 2696 δὲ
2335 2641 2430 2695 καὶ
2456 2641 2507 2694 οἱ
2535 2640 2696 2701 ἐκτὸς
2717 2638 2817 2710 τῆς
2848 2635 3157 2709 ἐφημερίας
3178 2634 3351 2706 ἱερεῖς
3367 2624 3782 2703 προσπορεύονται

2249 2733 2330 2804 τῷ
2390 2732 2790 2804 θυσιαστηρίῳ,
2848 2727 2945 2785 καὶ
2981 2732 3030 2783 εί
3065 2727 3142 2800 μὴ
3165 2728 3238 2799 τῇ
3268 2724 3456 2797 σκηνῇ
3493 2719 3585 2774 τοῦ
3622 2730 3783 2790 pastu-

2254 2827 2372 2899 ρίου
2398 2842 2414 2890 ;

2324 3114 2502 3170 Μόνον
2519 3111 2677 3167 τοῦτο
2705 3109 2943 3182 Χριστοῦ
2972 3107 3265 3172 κάκείνων,
3314 3102 3414 3167 οὓς
3439 3099 3619 3155 τεκνία
3644 3092 3777 3149 ult?

2250 3205 2309 3271 ὃς
2348 3205 2442 3259 καὶ
2468 3202 2798 3275 συμδιὸάζει
2822 3201 2913 3254 τὸν
2965 3199 3107 3254 κατὰ
3140 3196 3325 3267 σάρκα
3357 3190 3569 3265 Ἰσραὴλ
3592 3188 3623 3243 ἃ
3654 3184 3778 3289 λελά-

2251 3296 2382 3366 ληκε
2413 3294 2617 3365 Κύριος
2638 3291 2725 3346 διὰ
2746 3290 2845 3362 τῆς
2874 3288 3153 3351 Μωῦσέως
3176 3287 3367 3359 χειρὸς
3404 3285 3505 3353 τῆς
3544 3285 3783 3350 χωρούσης

574 3397 737 3443 vocat
756 3387 1062 3444 secundum
1089 3366 1311 3444 carnem
1349 3387 1557 3444 Judaeis
1593 3366 1685 3443 illa
1707 3427 1723 3453 ,
1758 3402 1881 3458 qua:
1909 3402 2007 3457 per
2034 3385 2151 3441 Μο-

2261 3387 2411 3455 λόγον
2468 3383 2629 3438 Θεοῦ.
2673 3382 2765 3435 Διὸ
2822 3381 2918 3434 καὶ
2966 3379 3159 3442 πιστὸς
3211 3373 3280 3449 ἦν
3335 3379 3395 3430 ὲν
3427 3375 3531 3443 ὅλῳ
3563 3369 3634 3440 τῷ
3655 3366 3772 3433 οῐκφι

576 3490 700 3539 seu,
729 3476 824 3546 qui
860 3475 1116 3546 capiebat
1137 3491 1446 3531 sermonem
1480 3477 1601 3542 Dei,
1644 3485 1902 3548 potenter
1930 3477 2154 3533 locutus

576 3575 682 3623 est.
715 3566 1065 3639 Quapropter
1095 3562 1307 3624 dicitur
1328 3567 1469 3625 ﬁdus
1501 3570 1694 3625 intota
1725 3570 1889 3626 domo
1916 3584 2018 3626 ceu
2049 3569 2153 3624 mi-

578 3661 751 3715 nister
790 3660 844 3715 in
873 3660 1251 3716 testimonium
1281 3675 1495 3727 eorum,
1524 3676 1646 3732 quas
1669 3659 1900 3717 dicenda
1931 3668 2113 3715 erant.

645 3773 917 3831 Praeterea
942 3790 1173 3833 necesse
1192 3782 1298 3843 est,
1329 3785 1392 3832 ut
1421 3775 1759 3842 sacerdotes,
1788 3774 2005 3831 etiamsi
2026 3789 2153 3844 pro-

576 3866 689 3921 fani
725 3866 953 3931 fuerint,
984 3867 1160 3925 vitent
1189 3869 1533 3925 consortium
1572 3867 1930 3939 profanorum
1962 3874 2018 3922 et
2046 3865 2145 3921 im-

576 3972 843 4028 purorum
872 3957 1183 4015 hominum.
1217 3957 1353 4014 Nam
1397 3978 1416 4013 ι
1461 3960 1637 4015 Omne
1676 3955 1913 4023 animal,
1947 3956 2149 4026 inquit,

576 4058 725 4104 amat
775 4049 861 4107 sui
908 4050 1092 4106 simile
1122 4052 1212 4105 ηε
1256 4069 1280 4103 ι
1320 4059 1377 4108 et
1428 4052 1515 4109 vir
1560 4050 1862 4106 adherebit
1892 4048 1965 4113 ei,
1990 4047 2152 4120 cujus

576 4157 700 4199 mos
728 4141 967 4198 maxime
992 4142 1299 4199 consimilis
1326 4143 1492 4200 fuerit
1526 4144 1705 4215 ipsius
1733 4142 1898 4199 mori.

647 4257 719 4313 At
751 4255 884 4328 quid
905 4256 1211 4312 monebunt
1228 4256 1251 4311 Ἰ
1266 4257 1397 4327 quid
1419 4266 1715 4330 suggerent
1735 4258 1759 4313 ἲ
1779 4256 1976 4330 Legem
2003 4273 2151 4313 nem-

577 4367 647 4423 pe
671 4365 796 4408 esse
826 4349 1191 4418 splritualem,
1229 4359 1285 4406 et
1312 4364 1435 4407 esse
1463 4348 1849 4421 paedagogum,
1904 4349 1999 4420 qui
2047 4364 2151 4406 nos

571 4441 759 4513 jungit
789 4439 1014 4497 Christo
1045 4457 1059 4493 :
1097 4439 1296 4497 litterae
1323 4457 1434 4497 non
1469 4456 1590 4496 esse
1622 4441 2009 4511 superstitiose
2061 4440 2149 4495 in-

574 4529 949 4585 cumbendum
977 4545 995 4583 :
1028 4527 1342 4585 uberrimus
1379 4528 1610 4601 spiritus
1638 4530 1852 4585 fructus
1882 4528 2008 4584 inde
2032 4529 2148 4584 col-

576 4620 845 4694 ligendos.

647 4712 719 4771 Et
752 4728 975 4783 caprum
994 4729 1092 4785 pro
1116 4722 1331 4785 peccato
1354 4712 1637 4784 quaerendo
1670 4712 1911 4801 quasiuit
1932 4710 2149 4769 Moses:
2177 4739 2221 4801 ο

578 4814 634 4860 at
660 4804 776 4875 igne
801 4814 1075 4874 correptus
1111 4805 1471 4876 ﬂagraverat.
1508 4814 1617 4860 etc.
1648 4801 1791 4876 [16.]
1840 4800 1959 4857 Non
2001 4802 2150 4858 enim

577 4897 811 4952 decebat
862 4906 922 4951 ut
949 4897 1092 4968 patri
1149 4905 1205 4953 et
1256 4897 1521 4953 fratribus
1549 4896 1801 4960 illorum,
1830 4908 1973 4966 quos
2011 4892 2154 4966 ignis

579 4997 913 5059 peremerat,
940 4987 1256 5044 traderetur
1284 5002 1450 5059 caper
1477 5006 1490 5043 :
1527 5003 1707 5059 neque
1735 4987 1900 5042 etiam
1929 4985 2015 5041 fas
2032 4992 2155 5042 erat

512 5094 523 5145 ς
576 5090 638 5135 ut
666 5080 783 5145 alii,
814 5094 978 5151 quam
999 5079 1134 5151 igni,
1155 5082 1250 5150 qui
1276 5081 1639 5136 devoraverat
1664 5078 1855 5133 Nadab
1874 5088 1928 5133 et
1948 5077 2149 5142 Abiud,

577 5172 900 5228 donaretur.
956 5169 1122 5227 Prius
1171 5187 1340 5237 vero,
1369 5188 1533 5244 quam
1572 5172 1898 5228 rescisceret
1946 5172 2051 5226 hoc
2082 5186 2150 5226 ex

579 5262 850 5318 relatione
880 5263 1136 5327 Aaronis,
1171 5262 1354 5319 Moses
1384 5272 1576 5323 monet
1609 5261 1837 5317 fratrem
1868 5272 1923 5317 et
1957 5275 2152 5331 super-

581 5355 739 5409 stites
769 5354 930 5421 lilios,
963 5364 1024 5411 ut
1052 5354 1279 5411 ederent
1305 5355 1681 5425 pectusculum
1711 5354 2080 5426 separationis
2099 5362 2154 5409 et

584 5460 796 5502 armum
826 5447 1150 5506 elevationis
1176 5448 1233 5504 in
1263 5447 1384 5505 loco
1414 5456 1616 5504 sancto
1641 5465 1654 5499 :

2254 3479 2330 3544 ὡς
2349 3476 2627 3550 θεράπων,
2654 3476 2734 3538 είς
2766 3472 3067 3546 μαρτύριον
3097 3470 3204 3525 τῶν
3230 3462 3681 3542 λαληθησομένων.

2322 3781 2414 3837 Δεῖ
2437 3778 2563 3843 τοὺς
2590 3776 2771 3849 ἱερέας
2798 3774 3096 3845 ἀσεδήλους
3141 3772 3301 3836 ὄντας
3335 3767 3537 3840 ἀνδρῶν
3578 3758 3767 3849 βεϐήλων

2251 3870 2579 3939 ἀποφοιτᾷν.
2643 3846 2662 3918 ὲ
2724 3866 2841 3920 Ιιᾶν
2886 3864 2995 3935 γὰρ
3047 3862 3221 3928 ζῶον,
3274 3861 3480 3931 φησὶν,
3530 3851 3691 3922 ἀγαπᾷ
3723 3846 3766 3897 τδ

2252 3962 2441 4033 ὅμοιον
2489 3959 2674 4033 αὐτῷ’
2710 3979 2729 4013 ι
2758 3961 2854 4014 καὶ
2884 3957 2963 4031 τῷ
2990 3956 3164 4030 ὁμοίῳ
3201 3955 3375 4010 αὑτοῦ
3423 3940 3763 4025 προσκολληθήσ

2255 4071 2405 4108 σεται
2435 4053 2597 4124 ἀνήρ.

2322 4257 2389 4311 Τί
2420 4256 2477 4310 δὲ
2506 4254 2961 4326 συμὸιὸἀσουσιν,
2991 4252 3025 4324 ἢ
3056 4251 3131 4315 ὡς
3165 4246 3531 4320 πνευματικὸς
3562 4241 3587 4295 ὁ
3620 4234 3759 4326 vdit-t4.

2252 4350 2347 4405 καὶ
2392 4323 2741 4418 παιὸανωγὸς
2801 4347 2883 4410 είς
2910 4323 3186 4418 Χριστόνς
3212 4343 3289 4407 ὡς
3322 4344 3387 4396 τό
3407 4357 3467 4411 γε
3486 4334 3685 4408 γράμμα
3700 4323 3757 4376 δι·

2254 4440 2554 4506 δασκαλίας
2585 4441 2647 4495 οὒ
2668 4440 2867 4496 δέεται.

2332 4715 2428 4775 ις’.
2451 4706 2560 4763 Kal
2583 4707 2689 4761 τὸν
2708 4706 2962 4776 χίμαρον
2988 4703 3098 4756 τόν
3120 4699 3253 4769 περὶ
3283 4697 3398 4767 τῆς
3422 4674 3751 4786 ἀμαρτίίξς,τῒ

2254 4765 2381 4857 τῶνῖ
2392 4765 2993 4868 ἐξεζήτησέίάωῦσῆς
3012 4810 3028 4826 ·
3048 4797 3080 4849 ὁ
3096 4792 3164 4847 δὲ
3182 4765 3614 4857 ἐνεπεπύριστο.
3637 4765 3750 4868 Ἐπξὶ

2255 4895 2356 4949 οὐκ
2373 4858 2652 4965 ὲχρῆῖτδν
2671 4890 2886 4962 πατέρα
2899 4858 3007 4942 τέῖὶν
3023 4884 3405 4942 ἀποθανόντων
3420 4878 3514 4934 ὑπὸ
3532 4868 3611 4965 τον
3626 4858 3753 4965 πρὸξ

2255 4946 2989 5054 ’καταχαρίσασθαι
3043 4977 3135 5031 τὸν
3191 4968 3502 5047 χίμαρον,ἢ
3537 4946 3750 5054 ait“?

2256 5079 2418 5135 αὑτὸν
2451 5045 2815 5149 ἓπαραδόόνξιι,
2840 5070 3015 5142 ἀλλ’ἢ
3062 5067 3140 5139 τῷ
3176 5045 3327 5137 ἰιαρὰ
3354 5059 3546 5133 Κυρίου
3571 5045 3751 5155 ξυρεῖν

2257 5148 2634 5242 καταφαγόντι
2667 5165 2856 5224 Nausea
2878 5166 2973 5220 καὶ
3016 5160 3249 5217 Ἀϐιούδ.
3286 5159 3423 5230 ιιριν
3451 5148 3747 5242 arcessor:

2259 5220 2481 5327 sese}?
2792 5255 3031 5325 Μωῦσῆς
3059 5220 3464 5321 ὑπομιμνήσκει
3483 5240 3559 5295 τὸν
3581 5220 3747 5331 ἀξελῗξν

2262 5356 2356 5410 καὶ
2378 5323 2506 5415 sub;
2530 5323 2995 5417 κασαλειφθένταςγ
3014 5346 3163 5407 υίοὺς
3180 5338 3345 5395 αὑτοῦ
3384 5334 3561 5391 ἐσθίειν

2263 5444 2442 5498 Θύνιον
2469 5414 2566 5496 σοῦ
2600 5414 2998 5512 ἀφαιρεματος,
3024 5438 3121 5491 καὶ
3140 5434 3232 5490 τὸν
3272 5431 3519 5504 βραχίονα
3535 5415 3612 5475 τοῦ
3628 5414 3741 5479 ﬁ?"

2275 5536 2514 5605 ρήματος
2537 5535 2595 5587 ὲν
2625 5532 2777 5602 τόπῳ
2806 5529 2962 5601 ἁγίῳ.

657 5710 1020 5786 "plicari,
1055 5715 1146 5770 31.
1228 5716 1270 5747 “
1304 5712 1505 5786 Jerem,
1570 5733 1721 5786 xxxi,
1777 5716 1869 5772 25.
1948 5717 1989 5749 "
2022 5714 2154 5771 ibid.

2261 5750 2281 5770 η.
2366 5717 2405 5746 ¹⁶
2436 5714 2625 5770 Matth.
2663 5729 2739 5782 ts,
2774 5713 2863 5769 15.
2943 5713 2983 5745 "
3017 5711 3177 5767 Joan.
3220 5728 3258 5776 t,
3289 5710 3378 5767 29.
3458 5710 3493 5742 ’⁸
3522 5692 3665 5757 Matth.
3692 5698 3726 5737 νο

585 5780 677 5837 23.
710 5782 799 5836 Ἡ.
880 5784 923 5814 ¹⁹
968 5784 1137 5840 ιευειι.
1173 5800 1294 5845 χιιι.
1340 5784 1433 5840 l9.
