4038 6504
191 358 299 425 725

1204 369 1739 434 COMMENTARII
1783 373 1866 436 IN
1900 372 2343 441 LEVITICUM.

3324 381 3431 445 725

187 488 241 530 et
274 474 694 533 lndeydiseerent
734 482 1162 550 speculationem
1193 495 1247 539 et
1274 487 1560 541 scientiam
1612 502 1796 542 rerum
1829 489 2167 559 divinarum,
2193 508 2315 563 quae
2362 492 2616 561 seiuncta
2646 503 2699 550 et
2738 507 2942 549 remota
2976 503 3061 549 est
3095 496 3168 551 ab
3204 498 3432 551 scientia

186 580 369 619 rerum
395 566 822 626 mundanarum.
855 571 934 626 Ad
971 572 1118 627 hunc
1166 574 1440 644 siquidem
1482 575 1707 630 modum
1751 592 1853 648 ego
1899 577 2146 649 intelligo
2200 582 2582 649 pectusculum
2629 582 2970 637 elevationis.
3016 580 3081 637 ili
3117 584 3437 651 pectusculo

185 651 281 705 illo
314 661 634 720 vescuntur,
664 655 759 725 qui
809 655 998 713 dicere
1035 658 1400 714 decreverunt
1454 661 1914 730 compositionem
1976 665 2187 728 mundi,
2224 675 2280 722 et
2315 670 2692 738 operationem
2744 670 3163 735 elementorum,
3220 686 3433 725 necnon

187 739 543 811 principium,
574 742 841 808 medium,
864 744 1139 817 ﬁnemque
1167 755 1505 815 temporum.
1541 748 1612 802 At
1637 749 1741 803 hoc
1774 768 1881 805 non
1910 763 1995 807 est
2026 755 2410 824 pectusculum
2445 756 2799 813 elevatiouis.

266 850 331 902 ’0
362 851 583 922 θεωρῶν
636 854 737 925 τὴν
785 854 1125 927 τερπνότητα
1181 857 1410 927 Κυρίου,
1461 858 1556 912 καὶ
1583 857 1673 912 διὰ
1705 858 1767 910 τὸ

1938 860 2327 916 Pectusculum
2369 862 2765 935 segregatiouis
2807 864 2942 928 edit,
2981 863 3075 934 qui
3122 864 3439 919 considerat

187 944 431 1014 καθαρὸν
455 947 555 1016 τῆς
585 949 810 1021 καρδίας
866 949 1001 1004 Θεὸν
1036 950 1206 1022 ὀρῶν,
1251 949 1423 1003 εσθίει
1457 949 1519 1004 τὸ
1563 947 1762 1018 στηθύ-

187 1051 302 1086 νιον
350 1035 459 1105 (ll)
484 1051 498 1064 ο
552 1037 643 1091 τὸν
697 1038 755 1092 δὲ
794 1037 1057 1111 βραχίονα
1096 1040 1233 1112 (i2),
1268 1042 1297 1094 ὀ
1342 1038 1598 1110 ἐξαίρετα
1626 1037 1763 1110 ἔργα

188 1125 552 1194 ἐπιτηδεύων.

273 1340 498 1412 Ἐπειδὴ
521 1342 579 1395 ὲν
605 1345 673 1415 τῇ
717 1343 912 1414 Ἐξόδῳ
937 1346 1083 1400 κατὰ
1117 1347 1229 1403 τῶν
1252 1348 1766 1421 μοσχοποιησᾶντων

190 1432 512 1501 ἀπεφήνατο
547 1435 628 1488 ὅτι
662 1453 681 1487 ι
728 1435 1029 1508 Ἐξαλεὲψω
1082 1441 1309 1504 αὐτούς·
1336 1460 1354 1494 ι
1404 1443 1770 1512 οἰκονομεῖται

188 1522 305 1589 νῦν,
365 1523 507 1579 ὥστε
552 1530 653 1598 τὴν
699 1529 759 1581 ἐν
815 1528 1052 1599 πρώτοις
1113 1533 1535 1604 προσαγομένην
1573 1532 1769 1587 θυσίαν

194 1614 342 1686 ὑπὲρ
373 1616 651 1689 ἁμαρτίας
690 1619 784 1673 τοῦ
828 1620 983 1687 λαοῦ,
1029 1622 1103 1694 μὴ
1141 1623 1521 1696 τελειωθῆναι,
1556 1623 1673 1697 [διὰ
1709 1623 1783 1707 τὸ⁸

200 1707 345 1776 μήτε
378 1708 488 1761 ἀπὸ
514 1709 609 1763 τοῦ
626 1710 854 1781 αἵματος
877 1713 1048 1783 αὐτῆς
1080 1715 1401 1786 εἰσαχθῆναι
1422 1716 1503 1779 εἰς
1518 1715 1591 1770 τὰ
1615 1715 1768 1784 ἅγια,

198 1798 343 1867 μήτε
374 1800 503 1864 τοὺς
542 1802 706 1873 ἱερεῖς
727 1807 921 1872 φαγεῖν
968 1804 1027 1870 ἐξ
1065 1807 1253 1877 αὐτῆς.
1289 1808 1400 1861 Καὶ
1431 1806 1492 1860 τὸ
1525 1805 1758 1880 italiam]

189 1888 387 1959 ὅτιπερ
414 1891 527 1946 ἄνω
556 1896 863 1964 προστάξας
888 1899 917 1950 ὁ
960 1897 1090 1962 Θεὸς
1148 1901 1384 1970 μόσχους
1421 1899 1561 1971 ὑπὲρ
1584 1900 1771 1971 ἀμαρ-

190 1980 313 2044 sla;
354 1983 454 2036 τοῦ
502 1984 633 2039 λαοῦ
687 1989 1115 2060 προσφέρεσθαι,
1162 1990 1257 2044 νῦν
1311 1989 1550 2063 τράγον,
1611 1991 1772 2046 ἄλλον

188 2070 308 2122 ἀντ’
344 2072 532 2140 ἄλλον,
564 2076 785 2150 ἐποίησε
819 2080 1218 2151 προσαχθῆναι,
1246 2081 1334 2135 ἵνα
1366 2081 1528 2152 μόνον
1556 2081 1771 2147 ὁτύπος

194 2162 301 2234 πλη
314 2166 492 2236 ρο.»θῇ

1868 950 2193 1005 suavitatem
2216 960 2269 1005 ct
2293 952 2636 1007 dulcedinem
2664 952 2878 1007 Domini
2919 972 2931 1008 :
2962 962 3018 1008 et
3044 955 3248 1007 mundo
3270 950 3439 1008 cordo

1872 1038 2039 1094 Deum
2060 1040 2192 1094 edit.
2215 1039 2503 1096 Bracbiutn
2534 1041 2863 1097 elevatiouis
2882 1042 3017 1108 edit,
3040 1042 3135 1111 qui
3164 1041 3436 1097 bonorum

1870 1146 2098 1203 operum
2121 1132 2405 1190 studiosus
2424 1144 2528 1189 est.
2553 1132 2715 1189 Plura
2740 1133 2971 1190 dicenda
3006 1141 3217 1189 restant
3244 1132 3312 1189 de
3344 1147 3437 1188 ca-

1873 1258 1975 1314 pro
2007 1245 2321 1300 combusto.

1940 1352 2085 1409 Deus
2137 1354 2192 1409 in
2248 1353 2437 1411 Exodo
2465 1357 2842 1427 pronuntiavit
2882 1356 3059 1411 diram
3106 1353 3437 1410 sententiam

1869 1443 2156 1515 proferens
2188 1445 2457 1503 adversus
2478 1463 2596 1512 eos,
2619 1449 2713 1518 qui
2742 1448 3154 1503 adornaverant
3196 1457 3249 1501 et
3284 1460 3447 1515 para-

1870 1542 2063 1590 verant
2088 1537 2320 1591 vitulutn
2343 1556 2354 1593 :
2378 1556 2396 1589 ι
2431 1540 2488 1593 Si
2506 1540 2630 1607 quis
2659 1539 2966 1609 peccaverit
2994 1552 3181 1592 coram
3206 1551 3313 1597 me.
3348 1536 3447 1588 tle-

1870 1624 1993 1680 lebo
2027 1640 2151 1680 eum
2191 1641 2259 1682 ex
2290 1627 2433 1683 libro
2458 1629 2758 1684 viventium
2790 1630 2858 1683 ⁸ο.
2900 1648 2918 1681 ι
2950 1629 3078 1683 Eam
3112 1627 3441 1683 sententiam

1872 1725 1929 1773 et
1962 1732 2110 1774 nunc
2153 1718 2209 1773 in
2259 1718 2511 1775 eli‘ectutn
2568 1720 2845 1791 producit,
2875 1722 3003 1776 dum
3051 1719 3194 1775 haud
3234 1718 3445 1789 patitur

1875 1810 2108 1880 primam
2152 1810 2455 1881 victimam,
2502 1830 2625 1885 quae
2671 1830 2767 1884 pro
2810 1814 3050 1884 peccatis
3103 1812 3443 1872 immolatur.

1874 1901 1980 1955 rite
2005 1901 2232 1971 perlici;
2267 1904 2395 1973 quia
2441 1904 2580 1959 nihil
2617 1904 2687 1961 de
2726 1905 2901 1976 ipsius
2928 1905 3196 1974 sanguine
3230 1902 3445 1957 illatum

1874 2000 1959 2047 est
1995 1993 2049 2047 in
2086 2004 2299 2061 sancta,
2352 2012 2451 2052 nec
2494 1997 2657 2051 etiam
2701 1998 3009 2053 sacerdotes
3041 1995 3342 2066 quidquam
3376 1993 3447 2048 de

1872 2083 1967 2138 illa
1996 2085 2219 2141 victima
2267 2087 2644 2144 comederunt.
2679 2088 2746 2143 Et
2795 2088 2941 2160 quod
2974 2087 3153 2159 majus
3186 2095 3290 2152 est,
3318 2099 3445 2140 cum

1853 2190 2043 2249 'supra
2091 2180 2442 2250 praecepisset
2481 2181 2646 2245 Deus,
2705 2190 2768 2237 ut
2808 2180 3016 2237 vitulus
3074 2194 3172 2250 pro
3207 2177 3448 2249 peccatis

192 2257 386 2323 populi
428 2259 748 2327 cmderelur,
780 2279 930 2320 nunc
965 2279 1193 2336 caprum
1224 2268 1505 2340 exposcit,
1533 2269 1750 2326 scilicet
1787 2266 1937 2325 aliud
1966 2286 2063 2342 pro
2093 2273 2204 2331 alio
2229 2274 2504 2332 immolari
2533 2276 2838 2341 sustinens,
2870 2284 2929 2330 ut
2985 2282 3148 2347 typus
3181 2272 3449 2327 duntaxat

190 2348 537 2417 expleretur.

264 2459 339 2516 Et
380 2462 593 2519 locutus
618 2476 694 2521 est
723 2466 984 2525 Dominus
1016 2468 1074 2525 Μ
1080 2470 1160 2525 osi
1188 2478 1238 2525 et
1269 2471 1475 2525 Aaroni
1500 2470 1723 2527 dicens:
1756 2470 1929 2526 Dicite
1969 2470 2103 2541 ﬁliis
2134 2470 2313 2528 Israel
2340 2491 2359 2529 :
2386 2472 2517 2529 Herc
2547 2484 2670 2530 sunt
2700 2474 2959 2529 animalia
2983 2489 3099 2543 qua:
3133 2470 3446 2537 comedetis,

192 2558 302 2605 etc.
343 2547 465 2621 [ιιι.
500 2551 578 2624 2.]
612 2552 680 2608 Ut
715 2556 771 2612 in
818 2557 1138 2613 universum
1177 2572 1419 2627 prmsens
1448 2564 1743 2613 euarretur
1776 2566 1957 2628 typus,
1993 2561 2139 2617 scias
2170 2561 2329 2626 nihil,
2372 2562 2518 2633 quod
2564 2563 2873 2634 ingreditur
2905 2562 2960 2617 in
2996 2576 3222 2631 corpus,
3257 2558 3449 2628 inqui-

194 2651 340 2691 nare
367 2638 672 2710 hominem,
704 2644 873 2699 sicuti
912 2644 1104 2701 docuit
1137 2645 1393 2701 Christus
1429 2644 1685 2700 Salvator
1721 2654 1908 2701 noster
1946 2646 2015 2703 ".
2071 2648 2342 2705 Praeterea
2386 2650 2772 2719 hujuscemodi
2806 2666 2910 2706 vox
2943 2650 3120 2705 delata
3144 2660 3227 2704 est
3256 2649 3320 2702 ad
3350 2647 3449 2701 Ρο-

192 2731 347 2778 trum
374 2763 391 2787 ,
424 2727 518 2796 qui
549 2728 764 2784 viderat
796 2747 894 2787 vas
934 2733 1188 2796 linteum,
1225 2744 1280 2788 et
1333 2732 1514 2786 adhuc
1558 2730 1880 2786 adhaerebat
1929 2737 2393 2803 superstitiosiori
2446 2740 2580 2809 legis
2621 2737 3041 2794 observationi:
3080 2755 3099 2789 ι
3141 2736 3271 2802 Quae
3304 2734 3449 2790 Deus

192 2812 547 2877 puriﬁcavit,
579 2826 637 2870 tu
673 2833 743 2873 ue
770 2820 1085 2874 communia
1120 2819 1326 2875 dixeris
1357 2820 1426 2873 ²¹.
1470 2837 1489 2871 ι
1522 2818 1791 2874 Caeterum
1828 2818 1882 2872 in
1907 2834 1973 2872 eo
2004 2821 2125 2875 loco
2154 2822 2553 2878 demonstravit
2588 2825 2751 2889 Deus,
2778 2840 2839 2880 se
2868 2824 3144 2879 disserere
3173 2822 3240 2877 de
3270 2821 3450 2875 homi-

192 2899 368 2954 nibus
406 2908 505 2955 :at
531 2901 735 2960 Paulus
765 2905 832 2961 de
855 2907 981 2962 cibo
1010 2906 1174 2963 verba
1207 2907 1440 2973 iaciens,
1497 2909 1611 2963 ait:
1649 2925 1667 2960 ‹
1714 2908 1880 2975 Atqui
1913 2908 2071 2963 cibus
2115 2923 2212 2964 vos
2265 2924 2372 2964 non
2405 2912 2811 2967 commendabit
2856 2910 3089 2965 Domino
3144 2909 3210 2965 “.
3252 2927 3271 2961 ι
3308 2907 3450 2963 llinc

192 2989 376 3059 liquet
411 3011 426 3045 :
463 3011 481 3044 ι
521 2996 677 3063 puris
713 2998 900 3052 omnia
931 3013 1056 3055 esse
1085 3014 1225 3071 pura
1263 2998 1331 3054 “.
1380 3017 1399 3050 ι
1435 2998 1631 3054 Sermo
1660 3012 1791 3053 vero
1843 3010 1990 3052 nunc
2043 2996 2298 3057 habetur,
2349 3006 2409 3051 ut
2461 3006 2703 3062 constat,
2758 2997 2826 3053 de
2860 2997 3107 3052 tuoribus
3138 2996 3445 3050 hominum.

190 3076 473 3134 Caeterum
505 3081 673 3152 leges,
732 3099 853 3153 quae
888 3100 1072 3142 mores
1128 3085 1416 3141 hominum
1452 3092 1820 3149 conceruunt,
1874 3099 1985 3137 non
2040 3083 2217 3138 solum
2254 3083 2389 3139 Mosi
2441 3085 2536 3140 sed
2563 3093 2617 3140 et
2648 3084 2854 3139 Aaroni
2898 3092 3212 3153 ponuntur,
3248 3081 3303 3137 id
3337 3090 3447 3142 est,

190 3161 352 3234 leges
384 3167 493 3221 illae
534 3170 837 3239 respiciunt
870 3178 987 3227 tum
1014 3173 1187 3245 legem
1225 3188 1354 3228 cum
1387 3173 1646 3244 gratiam,
1676 3172 1891 3227 scilicet
1917 3168 2221 3225 Christum.
2277 3169 2389 3225 Lex
2426 3171 2716 3226 litteraletu
2769 3171 2929 3226 nobis
2971 3169 3041 3224 ob
3072 3168 3266 3225 oculos
3301 3168 3452 3238 ponit

192 3267 425 3308 sensum
446 3271 461 3320 ;
483 3264 539 3309 at
560 3257 819 3316 Christus
850 3260 1216 3330 spiritualiter
1250 3261 1412 3317 nobis
1432 3276 1551 3316 eam
1579 3260 1996 3330 interpretatur.
2025 3255 2227 3312 Verum
2263 3256 2552 3328 Scriptura
2576 3273 2734 3314 sacra
2762 3257 2923 3329 342
2959 3258 3107 3312 mille
3131 3256 3453 3311 occasiones

196 3342 394 3407 tradit,
430 3343 636 3412 quibus
664 3346 911 3402 ostendit
943 3363 1123 3404 mores
1151 3356 1397 3412 nostros,
1426 3347 1616 3418 petitis
1645 3346 2106 3402 similitudinibus
2140 3346 2212 3400 ab
2262 3346 2617 3403 animalibus.
2673 3346 2766 3402 Sic
2817 3347 3018 3414 legitur
3049 3363 3063 3400 :
3102 3362 3121 3396 ι
3164 3343 3324 3414 Equi,
3357 3342 3453 3413 qui

196 3428 396 3484 l‘urore
424 3433 663 3500 quodam
705 3435 998 3504 rapiuntur
1037 3435 1091 3490 in
1123 3450 1318 3506 equas,
1359 3444 1511 3493 sunt.
1549 3434 1938 3504 Unusquisque
1968 3431 2036 3488 ad
2068 3448 2294 3489 uxorem
2328 3435 2559 3502 proximi
2589 3434 2677 3490 sui
2707 3434 2887 3489 hiuuit
2920 3435 2986 3489 ³⁸.
3028 3452 3046 3487 ι
3080 3433 3172 3488 Sic
3205 3432 3404 3502 legitur
3434 3446 3448 3482 :

200 3533 220 3565 ι
261 3514 450 3571 Dicite
482 3518 787 3588 vulpeculae
822 3522 910 3576 isti
942 3523 1043 3576 ³⁸.»
1079 3522 1170 3577 Sic
1204 3524 1404 3594 legitur
1434 3539 1448 3575 :
1486 3541 1505 3576 ι
1537 3520 1937 3578 Generationes
1962 3523 2273 3591 viperarum
2300 3524 2400 3577 ".s
2430 3522 2547 3578 lluc
2571 3522 2783 3578 accedit
2804 3521 2948 3593 quod
2984 3520 3235 3576 Salvator
3263 3531 3453 3573 canent

198 3604 454 3674 appellat
481 3606 528 3639 ³⁸
560 3608 871 3675 mulierem,
905 3626 1027 3681 quae
1062 3626 1173 3666 non
1199 3619 1319 3666 erat
1346 3608 1603 3674 Iudaica,
1630 3618 1856 3679 propter
1876 3610 2161 3679 petitionis
2196 3609 2623 3682 impudentiam.
2646 3608 2707 3665 lu
2729 3608 2965 3665 Ieremia
2989 3609 3194 3664 dicitur
3218 3626 3231 3662 :
3270 3625 3289 3659 ι
3317 3605 3456 3660 Leo-

200 3706 307 3747 nes
332 3693 671 3763 expulerunt
700 3695 957 3752 lsraelem
997 3699 1067 3752 ”.
1099 3718 1116 3750 ι
1150 3699 1261 3754 Hos
1291 3699 1501 3759 leones,
1537 3696 1631 3767 qui
1667 3684 1891 3763 l'u'erint,
1941 3712 2221 3767 exponens
2259 3699 2398 3768 ipse,
2432 3698 2613 3767 inquit
2642 3715 2655 3751 :
2701 3717 2721 3751 ι
2759 3697 2979 3753 Primus
3006 3696 3243 3752 comedit
3278 3695 3456 3763 ipsum

202 3795 305 3835 rex
340 3782 538 3837 Assur.
571 3783 639 3837 Et
677 3794 956 3854 postremo
1007 3803 1105 3842 rex
1152 3786 1452 3859 Babylonis
1497 3798 1626 3841 ossa
1686 3783 1809 3853 ejus
1842 3783 1910 3836 ³ο.
1948 3802 1966 3835 ι
2030 3785 2146 3841 lluc
2199 3786 2397 3841 referri
2451 3794 2634 3856 potest
2664 3803 2680 3839 :
2710 3803 2729 3837 ι
2763 3785 2960 3855 Aquila
2990 3797 3215 3853 magnas
3248 3782 3459 3836 habens

204 3868 331 3923 alas
372 3870 441 3925 ³⁸.
482 3889 500 3914 ι
538 3870 863 3941 Applicetur
893 3873 1001 3929 huc
1032 3882 1087 3929 et
1126 3875 1260 3930 illud
1298 3891 1311 3928 :
1349 3894 1368 3927 ι
1410 3872 1553 3928 Oves
1592 3886 1727 3926 mete
1755 3885 1945 3927 vocem
1976 3888 2155 3928 meam
2193 3874 2426 3929 audiunt
2466 3874 2535 3928 “.
2574 3892 2594 3926 ι
2630 3873 2819 3943 Aptari
2878 3872 2985 3926 huc
3037 3870 3156 3941 quit
3201 3878 3258 3925 et
3286 3869 3456 3923 illud:

210 3974 231 4009 ι
265 3955 409 4027 Lupi
450 3973 700 4030 rapaces,
722 3961 819 4032 qui
849 3962 1207 4018 obambulant
1240 3962 1296 4018 in
1328 3962 1533 4018 vestitu
1572 3959 1754 4014 ovium
1777 3958 1844 4013 ⁸³.
1898 3977 1917 4010 ι
1956 3957 2150 4016 Omnis
2184 3960 2371 4031 itaque
2417 3960 2581 4016 homo
2628 3960 2870 4032 prudens
2899 3966 2984 4014 cst
3034 3967 3089 4011 et
3136 3964 3359 4027 paratus
3392 3954 3459 4007 atl

202 4043 489 4099 edendum
519 4060 585 4102 ea
641 4062 764 4118 qua:
792 4050 1159 4106 occurrerint.
1188 4049 1324 4105 Nam
1365 4049 1572 4120 sacpius
1597 4061 1786 4105 secum
1818 4044 2008 4101 animo
2038 4046 2249 4101 volutat
2279 4062 2343 4102 ea
2372 4061 2497 4118 quae
2544 4048 2602 4102 in
2656 4047 2907 4101 notitiam
2963 4044 3151 4099 venire
3204 4049 3461 4113 possunt,

204 4150 415 4207 eaque,
442 4137 603 4207 quasi
631 4138 909 4206 dentibus,
934 4141 1269 4211 cogitatione
1299 4140 1593 4209 dispescit,
1625 4151 1748 4208 qua:
1781 4135 2108 4201 cognoverit
2135 4134 2414 4189 memoriae
2436 4134 2771 4189 asservanda
2800 4131 3119 4195 committit,
3155 4136 3215 4183 ut
3245 4129 3463 4182 illorum

207 4224 419 4296 possit,
463 4226 510 4280 si
548 4229 850 4284 necessitas
879 4229 1146 4298 exegerit,
1180 4228 1484 4283 recordari.
1532 4224 1743 4281 Deinde
1783 4221 1989 4278 fruitur
2022 4220 2358 4290 cognitionis
2410 4222 2673 4278 alimento
2724 4221 3090 4278 saluberrimo
3119 4225 3174 4272 et
3208 4214 3460 4272 salutari.

208 4313 296 4368 Ad
323 4314 472 4368 hunc
501 4316 719 4369 modum
747 4316 863 4369 vult
910 4315 1164 4371 Salvator
1195 4330 1225 4369 a
1254 4316 1413 4371 nobis
1444 4314 1557 4381 edi,
1608 4309 1756 4383 quod
1778 4308 1997 4380 quidem
2029 4309 2191 4365 docet
2223 4322 2321 4378 per
2353 4309 2471 4365 haec
2505 4310 2673 4365 verba
2707 4326 2722 4363 :
2779 4326 2798 4360 ι
2845 4305 2965 4362 Nisi
3011 4303 3238 4361 oderitis
3283 4317 3462 4356 meatu

208 4416 471 4466 carnem,
502 4412 559 4457 et
594 4403 845 4459 hiberitis
877 4420 1058 4460 meum
1094 4407 1437 4477 sanguinem,
1465 4419 1575 4459 non
1604 4399 1820 4456 habetis
1845 4399 2015 4453 vitam
2048 4397 2102 4452 in
2138 4396 2550 4466 vobismetipsis
2581 4396 2649 4453 ⁸⁸.
2694 4415 2715 4448 ι
2743 4394 2810 4449 Ει
2842 4396 3038 4449 iterum
3067 4405 3083 4445 :
3120 4408 3139 4443 ι
3171 4389 3314 4477 Caro
3346 4403 3467 4443 mea

210 4504 351 4544 vere
380 4499 469 4545 est
506 4491 690 4555 cibus,
727 4500 781 4545 et
811 4492 1038 4564 sanguis
1062 4474 1219 4549 meus
1256 4508 1382 4548 vere
1405 4500 1491 4548 est
1524 4499 1690 4562 potus
1720 4486 1789 4542 ³⁸.
1828 4504 1849 4539 ι
1882 4482 2001 4541 Nisi
2049 4485 2174 4541 talis
2205 4492 2389 4553 esset,
2444 4485 2587 4541 foret
2642 4482 2889 4556 proiecto
2941 4481 3215 4551 impurus.
3259 4474 3467 4531 Verum

214 4577 376 4631 nulla
414 4578 617 4641 bellua,
649 4588 709 4632 ut
741 4590 923 4635 monet
944 4583 1052 4644 lex,
1085 4595 1222 4651 pura
1253 4579 1596 4650 agnoscitur.

294 4662 497 4720 Omnia
526 4681 647 4735 quae
685 4680 843 4735 super
865 4645 1110 4721 manibu;
1135 4668 1248 4723 suis
1292 4645 1616 4738 gradiuntur
1638 4664 1778 4719 inter
1800 4674 1978 4717 omnes
2013 4659 2218 4715 belluas
2258 4657 2648 4731 quadrupedes,
2679 4654 2954 4711 immunda
2977 4659 3155 4716 erunt,
3175 4656 3285 4738 etc.
3322 4645 3468 4738 [27.]

214 4757 345 4812 Hoc
381 4758 505 4812 loco
532 4757 777 4829 intellige
810 4760 1066 4815 crudeles
1098 4770 1153 4815 et
1180 4736 1395 4815 leroces
1425 4758 1703 4824 homines,
1730 4757 1800 4811 de
1828 4751 2033 4822 quibus
2068 4750 2314 4820 loquitur
2350 4747 2523 4802 David
2571 4747 2762 4800 dicens
2802 4758 2817 4796 ε
2864 4759 2883 4794 ι
2922 4740 3058 4795 Dum
3102 4737 3376 4794 θεεθάωιι
3403 4736 3473 4790 ³(ί

219 4859 313 4899 me
351 4843 603 4900 homines
637 4845 917 4911 crudeles,
954 4846 1047 4917 qui
1086 4855 1355 4917 appetunt
1382 4861 1531 4901 meas
1560 4845 1725 4901 edere
1749 4857 1947 4899 carnes
1977 4841 2045 4894 ".
2086 4859 2106 4893 ι
2145 4839 2213 4893 Ει
2245 4840 2440 4894 iterum
2475 4854 2488 4891 :
2519 4855 2537 4888 ι
2573 4831 2987 4928 Dum-homines
3104 4842 3209 4884 nos
3238 4839 3476 4924 consur-

217 4943 442 5007 gerent,
469 4950 602 4991 sane
630 4937 786 4993 vivos
814 4953 918 4993 nos
947 4916 1314 5010 deglutissent
1340 4939 1438 4992 ³⁷.»
1470 4937 1746 4992 Animalia
1777 4931 2085 4995 terrestria,
2117 4942 2240 4999 qua:
2269 4924 2565 4981 laudantur
2586 4921 2831 5017 i‘ncibiS.
2857 4927 2986 4974 sum
3018 4916 3137 5017 mag
3304 4916 3477 5015 “fmi‘

218 5006 364 5080 nant
394 5026 743 5096 ungulasque
777 5006 1148 5082 sulcantjllic
1177 5042 1309 5083 vero
1335 5036 1497 5099 typus
1523 5026 1795 5098 signiﬁcat
1827 5040 1925 5081 eos
1955 5023 2051 5092 qui
2103 5030 2217 5075 tum
2277 5017 2383 5073 sibi
2416 5023 2531 5070 tum
2566 5014 2708 5079 aliis,
2738 5020 2927 5106 prout“
2952 5015 3140 5106 monet
3164 5006 3480 5106 Christiana

222 5112 447 5183 religio,
472 5095 849 5180 benefaciunt,
879 5115 1009 5169 dum
1036 5095 1373 5186 semetipsos
1395 5095 1466 5171 ab
1493 5095 1727 5170 internis
1748 5113 2005 5168 vitiorum
2034 5108 2338 5196 ali'ectibus
2358 5112 2679 5196 repurgant,
2701 5099 2931 5196 etolllcii
2958 5097 3046 5155 sui
3077 5095 3481 5196 erga.reliqu0s

223 5208 359 5257 sunt
388 5214 686 5257 memores.
722 5200 869 5257 Nihil
900 5202 1085 5259 obstat
1108 5204 1240 5273 quin
1272 5204 1377 5258 sub
1409 5203 1517 5259 isto
1554 5212 1679 5275 typo
1710 5200 1991 5271 intelligas
2033 5213 2130 5254 eos
2195 5195 2292 5269 qui
2329 5195 2384 5249 in
2418 5193 2522 5249 hoc
2553 5192 2752 5248 saeculo
2786 5190 2875 5261 pie
2898 5189 3156 5261 justeque
3180 5189 3397 5247 νὶνυιιῑο
3423 5190 3479 5236 ει

300 5362 347 5393 ⁸⁸
372 5358 547 5415 Exod.
579 5360 863 5425 xxxtt,35.
941 5360 984 5392 ³⁸
1019 5358 1208 5415 Matth.
1243 5375 1334 5421 xv,
1364 5357 1452 5413 ll.
1527 5357 1572 5391 "
1599 5356 1719 5411 Act.
1752 5374 1810 5419 x,
1844 5356 1933 5413 15.
2007 5352 2118 5425 “ll
2145 5353 2418 5425 Cnr_.vttt,
2454 5353 2507 5407 8.
2584 5354 2631 5425 εξ
2652 5348 2961 5425 Τίιελιελιῆ.
3034 5348 3081 5425 ξξ
3109 5343 3313 5425 {grem-
3344 5358 3401 5406 ν.

226 5433 274 5462 ’⁸
318 5432 457 5485 Luc.
494 5445 604 5493 xvi,
634 5422 748 5484 δι’
800 5431 842 5463 ³⁷
876 5428 1067 5484 Matth.
1094 5446 1175 5493 ut,
1210 5430 1240 5483 7
1273 5437 1328 5484 et
1362 5428 1518 5482 alibi.
1596 5427 1641 5459 "
1670 5426 1866 5482 Matth.
1909 5441 2004 5490 vn,
2034 5424 2089 5479 6.
2166 5426 2211 5458 ²⁹
2238 5422 2443 5493 Jerent.
2480 5437 2534 5489 1.,
2566 5423 2651 5478 l7.

227 5503 273 5533 ³¹
309 5500 474 5557 Joan.
503 5516 559 5564 ι,
592 5502 647 5555 5.
724 5501 768 5533 ³³
793 5501 991 5555 Matth.
1025 5499 1237 5565 vtt,15.
1312 5499 1356 5531 ³⁸
1389 5496 1549 5553 Joan.
1582 5511 1659 5561 vt,
1688 5496 1779 5553 54.

1869 5497 1900 5527 ⁸⁸
1933 5495 2069 5552 ibid.
2097 5494 2189 5550 56.

2751 5421 2795 5452 so
2826 5409 2965 5474 ibid,
3042 5417 3083 5447 ιι
3130 5414 3268 5467 Dan.
3298 5425 3393 5473 vtt,
3427 5409 3484 5464 4.

2299 5493 2343 5525 ³⁸
2385 5481 2532 5549 Ρειιιξ
2570 5508 2660 5557 xv,
2693 5490 2752 5546 9.
2863 5488 2907 5519 ³⁷
2938 5484 3082 5542 Psal.
3128 5495 3322 5547 cum,
3353 5481 3410 5535 3.

1764 5604 1997 5661 NOTAE.

306 5703 421 5782 (il)
452 5706 526 5782 Ῑδ
552 5708 837 5782 στηθιινῑον
860 5710 954 5765 τοῦ
993 5711 1388 5782 ἁφορῐσμαεος.
1442 5709 1503 5761 '0
1526 5708 1622 5782 τῆς
1660 5707 1795 5782 Aiax.
1842 5704 1977 5757 κώδ.

307 5779 422 5847 (12)
457 5777 561 5833 Τὸν
584 5777 650 5834 δὲ’
684 5780 943 5854 βραχίονα
978 5777 1070 5836 τοῦ
1107 5777 1508 5853 ’ἀφαιρέματος.
1556 5779 1614 5833 ’0
1643 5780 1762 5832 αὐτ.
