3864 6556
516 336 620 406 τΞἻ
1846 344 2038 408 PROC

2240 345 2468 408 eam
3673 335 3766 399 ’Μ

518 456 758 512 futuram
784 454 1175 514 beatitudinem
1206 460 1506 531 exquirunt
1530 460 1785 517 sollicite.
1815 460 1880 515 ili
1914 477 2135 532 quoque
2172 477 2280 515 non
2306 462 2483 516 solum
2521 460 2733 517 findunt
2758 457 3045 531 ungulam,
3067 454 3163 511 sed
3206 450 3391 505 etiam
3417 463 3629 521 ungues
3646 467 3765 520 pra-

515 562 730 619 secant,
769 553 822 607 id
855 561 960 617 est,
994 555 1253 610 auferunt
1285 556 1353 610 ab
1380 558 1643 627 operibus
1671 559 1789 614 suis
1823 557 2092 628 quidquid
2118 557 2281 613 fuerit
2312 557 2648 627 superfluum
2680 568 2736 613 et
2759 568 3062 611 mortuum.
3098 551 3293 607 Etiam
3335 563 3367 601 a
3402 547 3630 616 pedibus
3656 550 3769 600 sub-

517 646 760 707 movent,
796 641 1061 711 quidquid
1094 645 1493 714 impedimento
1542 644 1733 711 fuerit,
1767 646 2086 716 quominus,
2126 650 2184 699 ut
2231 654 2468 713 oportet,
2498 647 2551 700 in
2590 648 2813 701 virtutis
2864 645 3003 699 calle
3056 637 3540 712 progredianim-
3594 634 3769 693 θεηοε

517 728 657 782 calle
682 729 759 782 ait
789 728 957 784 David
998 745 1011 782 :
1058 750 1076 783 ι
1103 730 1208 787 Pes
1242 748 1395 789 meus
1432 744 1516 789 est
1561 736 1618 789 in
1653 736 1983 789 rectitudine
2025 733 2090 787 ³⁸.
2135 750 2153 783 ›
2182 732 2252 785 At
2299 732 2368 786 de
2394 735 2674 788 contrario
2727 733 2891 787 modo
2926 730 3139 786 affectis
3189 724 3467 795 Ρΐοῖίιιυτ
3496 723 3636 776 idem
3667 740 3771 789 PN"

518 813 680 881 pheta
715 832 730 869 :
777 835 795 868 ι
829 814 1060 874 Veloces
1094 819 1257 889 pedes
1286 821 1505 875 illorum
1548 823 1613 877 ad
1649 821 1990 877 fundendum
2044 819 2407 890 sanguinem,
2445 820 2706 873 contritio
2757 828 2812 873 et
2860 816 3152 872 calamitas
3200 814 3265 866 in
3300 810 3418 865 viis
3450 824 3639 863 eorum
3664 810 3720 866 ³⁹.
3751 830 3767 862 ι

518 896 672 956 Totis
708 902 893 973 itaque
914 906 1127 963 viribus
1150 906 1433 977 fugiamus
1458 909 1601 972 illos,
1626 909 1719 979 qui
1753 924 1855 963 nec
1884 923 2014 963 vera
2047 907 2334 979 religione,
2358 922 2456 962 nec
2476 906 2789 963 Christiana
2810 907 3100 971 charitate,
3123 910 3224 957 aut
3259 903 3555 956 alterutra
3604 900 3773 953 barum

518 990 867 1062 praefulgent.
905 991 1113 1049 Horum
1148 993 1415 1051 cadavera
1445 1011 1687 1066 quoque,
1722 996 1938 1051 scilicet
1976 996 2205 1066 scripta,
2236 1010 2359 1064 quas
2395 996 2635 1064 posteris
2667 994 2987 1063 relinquunt
3025 1005 3081 1048 et
3110 990 3635 1048 circumferuntur,
3662 988 3775 1040 abo-

519 1076 813 1133 minentur.
835 1072 942 1134 Per
974 1081 1327 1135 camelumet
1359 1082 1628 1152 leporem,
1655 1097 1779 1152 quae
1813 1082 2074 1136 animalia
2096 1082 2409 1152 quantitate
2440 1084 2585 1137 inter
2619 1098 2679 1139 se
2712 1082 2994 1146 differunt,
3026 1076 3523 1134 commnnstravit
3558 1076 3774 1128 celebres

516 1173 571 1215 et
599 1163 870 1220 obscuros
894 1168 1198 1237 mediaeque
1232 1176 1374 1223 notae
1403 1168 1674 1231 homines,
1697 1168 1901 1238 quibus
1927 1168 2253 1239 plerumque
2283 1170 2414 1226 fides
2438 1179 2491 1225 et
2516 1184 2680 1240 Opera
2699 1178 2921 1223 mortua
2950 1169 3156 1231 insunt,
3180 1174 3295 1219 aut
3320 1164 3570 1217 alterum
3601 1163 3775 1223 solum,

517 1257 573 1303 ct
600 1249 681 1305 sic
708 1259 985 1308 neutrum.
1014 1250 1148 1308 Nam
1191 1253 1326 1310 fides
1360 1256 1569 1323 absque
1617 1255 1881 1321 oneribus
1905 1264 1989 1309 est
2025 1265 2240 1311 mortua
2264 1254 2311 1290 ⁵ο
2348 1271 2363 1312 :
2391 1273 2494 1314 nec
2523 1269 2632 1314 non
2660 1272 2827 1327 opera
2865 1256 2988 1311 sine
3015 1254 3122 1309 fide
3160 1268 3413 1324 quoque
3454 1260 3666 1305 mortua
3692 1251 3775 1303 du-

519 1343 740 1389 cuntur.
775 1336 978 1392 Verum
1012 1340 1294 1395 sciendum
1324 1350 1429 1406 est,
1459 1342 1606 1411 quod
1637 1342 1743 1396 alia
1770 1342 1985 1396 ratione
2014 1343 2285 1412 impulsus
2311 1346 2587 1402 concessit
2642 1344 2885 1401 Hebrmis
2940 1345 2995 1398 in
3037 1342 3294 1413 Egypto
3330 1339 3495 1395 vesci
3546 1339 3712 1393 bobus
3732 1349 3775 1392 νι

520 1422 737 1488 ovibus,
769 1438 893 1494 qua:
921 1426 1180 1481 animalia
1211 1428 1516 1483 adorabant
1538 1428 1800 1500 Egyptii.
1842 1426 2017 1484 Judaei
2050 1443 2232 1487 autem
2259 1434 2350 1488 illa
2377 1433 2635 1497 edebant,
2671 1442 2733 1487 ut
2762 1432 3043 1487 discerent
3081 1445 3144 1486 ea
3202 1436 3595 1484 contemnere
3623 1435 3672 1481 et
3695 1428 3771 1482 de~

523 1512 762 1579 spicere,
795 1521 854 1566 ut
879 1513 933 1567 in
969 1515 1172 1584 quibus
1204 1517 1340 1571 nihil
1372 1516 1683 1574 divinitatis
1718 1518 1944 1573 inesset.
1978 1516 2268 1575 Prohibuit
2301 1536 2520 1591 quoque
2552 1521 2799 1577 Hebrmis
2830 1519 2883 1573 in
2913 1517 3172 1589 Egypto,
3192 1533 3271 1571 ne
3305 1515 3679 1569 admoverent
3707 1517 3773 1567 ori

521 1596 701 1664 cibos,
739 1602 940 1671 quibus
991 1605 1121 1675 gula
1174 1605 1335 1676 quasi
1376 1607 1653 1663 illecebris
1696 1607 2031 1677 quibusdam
2071 1607 2282 1663 fovetur
2327 1616 2382 1663 et
2447 1609 2721 1664 irritatur.
2761 1607 2965 1663 Horum
3013 1606 3081 1660 de
3132 1618 3394 1660 numero
3438 1609 3574 1658 sunt
3601 1616 3771 1656 carni:

521 1687 719 1751 suilla),
753 1705 894 1760 quas
921 1694 1234 1761 petiverunt
1263 1696 1483 1751 tandem
1521 1696 1574 1750 in
1605 1703 1760 1751 vasta
1792 1696 2089 1751 solitudine
2113 1692 2436 1766 [Egyptiaea
2474 1695 2687 1751 liberati
2737 1695 3026 1750 servitute.
3060 1689 3275 1746 Verum
3316 1689 3483 1744 haud
3516 1689 3773 1757 imperavit

521 1769 785 1841 ilebrzcis,
814 1788 874 1832 ut
899 1777 1255 1850 degustarent
1279 1782 1371 1836 illa
1403 1782 1686 1846 animalia,
1716 1797 1744 1835 a
1774 1783 1975 1851 quibus
2006 1783 2266 1838 abhorret
2292 1784 2593 1838 humanum
2627 1784 2930 1848 ingenium,
2956 1795 3189 1851 quaeque
3217 1778 3627 1833 abominatur.
3655 1776 3770 1831 Aliis

521 1862 708 1918 causis
732 1863 936 1921 ductus
964 1878 1091 1924 ante
1120 1869 1303 1924 datam
1342 1870 1514 1940 legem
1550 1870 1717 1938 jussit
1751 1869 2009 1926 llebrzeos
2039 1871 2316 1927 abstinere
2371 1886 2402 1925 a
2439 1870 2801 1925 cadaveribus
2851 1867 3087 1923 mortuis
3117 1866 3287 1937 quasi
3346 1862 3767 1919 intolerabiliora

523 1948 723 2003 faciant
756 1959 812 2006 et
836 1954 995 2007 morti
1030 1964 1159 2009 sunt
1182 1956 1504 2021 vieiniores,
1529 1954 1689 2029 3&3
1714 1958 1806 2026 qui
1844 1958 1983 2014 tales
2012 1973 2122 2013 non
2157 1954 2485 2013 aversantur
2519 1958 2700 2014 cibos.

593 2029 679 2092 Ne
711 2040 1037 2110 contigeritis
1066 2043 1348 2108 cadavera,
1380 2054 1487 2101 etc.
1521 2041 1633 2116 [XL
1659 2044 1739 2116 8.]
1767 2044 1891 2100 Haec
1918 2060 2028 2101 non
2064 2047 2245 2117 inepte
2269 2046 2577 2115 praescribit
2610 2043 2835 2116 populo,
2864 2042 2959 2115 qui
2987 2056 3085 2114 per
3110 2039 3373 2097 carnalia
3410 2036 3765 2097 erudiebatur,

523 2130 582 2178 ttt
615 2132 670 2179 et
707 2127 758 2180 in
790 2127 878 2182 his
908 2140 1191 2186 servarent
1221 2133 1538 2202 puritatem,
1560 2148 1666 2202 qua
1695 2148 1724 2186 a
1756 2132 1981 2201 reliquis
2004 2141 2423 2188 secernerentur
2452 2132 2730 2202 gentibus.
2769 2129 2829 2185 Si
2853 2138 3034 2185 autem
3060 2129 3188 2198 quis
3215 2128 3407 2190 dicat,
3436 2125 3547 2179 hac
3584 2125 3769 2177 ratione

522 2213 667 2280 fieri,
709 2222 768 2268 ut
803 2216 1068 2286 plurima,
1106 2234 1231 2289 quae
1265 2220 1435 2275 habet
1458 2229 1683 2283 natura,
1711 2234 1819 2273 non
1846 2228 2073 2275 careant
2103 2219 2552 2290 reprehensione,
2583 2218 2744 2289 quasi
2772 2218 2880 2273 sint
2915 2217 3133 2287 impura
3163 2234 3176 2270 :
3226 2215 3331 2269 ille
3362 2212 3511 2267 sciat
3547 2211 3715 2265 omnia
3739 2228 3762 2263 ει

519 2298 782 2356 Creatore
808 2317 930 2358 esse
957 2314 1141 2359 creata
1179 2306 1235 2359 in
1269 2307 1605 2377 peculiarem
1647 2304 1939 2375 quemdam
1969 2305 2172 2361 finem:
2216 2315 2272 2363 et
2304 2296 2556 2378 respectu
2605 2306 2728 2378 ejus
2760 2305 2889 2361 finis
2926 2303 3141 2376 singula
3188 2301 3505 2358 continere
3548 2299 3763 2367 aliquant

523 2386 821 2442 utilitatem
856 2400 911 2443 et
942 2391 1269 2461 puritatem.

598 2469 725 2525 Hac
758 2473 924 2529 edetis
954 2474 1019 2529 de
1054 2478 1451 2547 omnibus,qua:
1472 2488 1634 2549 agunt
1668 2482 1723 2535 in
1758 2482 1912 2550 aquis
1934 2497 1953 2536 :
1979 2495 2298 2552 quascunque
2327 2481 2517 2550 pinnas
2542 2479 2734 2535 habent
2763 2490 2813 2535 et
2844 2495 3098 2550 squamas
3132 2488 3243 2532 tam
3273 2477 3338 2530 in
3387 2474 3533 2528 mari
3555 2469 3760 2541 quentia

524 2554 857 2625 ﬂuminibus,
892 2578 955 2615 ea
986 2563 1292 2629 comedetis,
1322 2574 1431 2620 etc.
1466 2564 1571 2637 [9.]
1603 2568 1778 2622 Etiam
1813 2567 2073 2637 aquatilia
2101 2568 2352 2625 diversos
2383 2584 2567 2625 mores
2593 2576 2649 2623 et
2684 2569 2836 2623 varia
2862 2568 3178 2622 mortalium
3212 2562 3453 2635 ingenia
3491 2558 3756 2614 ostendunt

527 2646 696 2699 sicuti
727 2657 915 2702 monet
949 2651 1308 2717 verriculum,
1332 2651 1402 2707 de
1437 2668 1546 2723 quo
1605 2654 1660 2708 in
1701 2654 2023 2724 Evangelica
2059 2654 2309 2720 historia,
2340 2657 2488 2727 quod
2514 2656 2726 2726 jactum
2758 2656 2814 2709 in
2864 2669 3017 2710 mare
3048 2655 3237 2725 pisces
3282 2653 3357 2706 de
3394 2648 3547 2703 omni
3589 2660 3756 2715 genere

528 2732 680 2798 capit
709 2750 722 2787 :
759 2750 823 2788 ex
855 2751 966 2805 quo
1000 2737 1175 2793 honos
1203 2738 1385 2808 pisces
1423 2742 1696 2813 colligunt
1730 2753 1785 2797 et
1824 2751 2176 2809 conservant,
2223 2744 2492 2814 reprobus
2527 2743 2820 2813 abjieiunt.
2867 2741 3082 2797 Psaltes
3124 2754 3358 2809 quoque
3393 2735 3585 2804 regius
3614 2734 3752 2781 vitam

526 2829 776 2876 nostram
820 2833 1105 2895 comparat
1162 2828 1338 2894 mari,
1409 2829 1639 2886 dicens:
1683 2830 1852 2887 «11οο
1894 2833 2073 2901 ipsum
2129 2846 2281 2887 mare
2339 2847 2597 2902 magnum
2653 2840 2708 2885 et
2753 2830 3082 2899 spatiosum,
3126 2828 3200 2882 ibi
3260 2824 3495 2895 reptilia
3550 2834 3749 2890 quorum

526 2924 634 2962 non
686 2918 773 2965 est
830 2927 1132 2980 numerus,
1193 2915 1452 2971 animalia
1498 2933 1663 2988 parva
1702 2928 1758 2974 et
1801 2934 1997 2989 magna
2040 2920 2109 2975 δι.
2156 2937 2176 2972 ι
2229 2918 2501 2973 Similiter
2558 2917 2836 2988 significat
2894 2931 3047 2971 mare
3088 2916 3215 2971 vita:
3274 2919 3494 2967 nostrae
3541 2917 3751 2959 amaram

527 2994 862 3067 salsuginem
924 2999 1043 3055 sive
1095 3002 1512 3058 amarulentiam
1568 3013 1625 3058 et
1667 2988 2108 3070 instabilitatem,
2161 3006 2528 3075 omniumque
2577 3021 2761 3059 rerum
2815 3004 2872 3059 in
2924 3003 3031 3058 hoc
3079 3001 3289 3057 mundo
3332 2996 3498 3068 quasi
3540 2994 3593 3048 in
3637 2988 3747 3045 mari

526 3091 937 3152 reStagnantem
1000 3085 1421 3144 inundationem
1486 3090 1786 3160 omniaque
1840 3091 2266 3148 confundentem
2315 3111 2328 3148 :
2393 3103 2656 3164 praeterea
2707 3092 2961 3147 homines
3016 3091 3192 3145 instar
3253 3087 3504 3159 piscium
3561 3082 3611 3133 in
3665 3078 3749 3130 hoc

527 3170 735 3225 mundo
784 3173 951 3227 vitam
1002 3188 1164 3246 agere
1222 3188 1535 3246 quaerentes
1585 3179 1910 3248 semetipsos
1965 3180 2196 3235 invicem
2223 3197 2437 3237 vorare.
2495 3181 2719 3244 Pisces,
2787 3180 2883 3251 qui
2944 3180 3260 3234 vestiuntur
3325 3172 3575 3242 διιυτιιυίε
3633 3167 3744 3220 ⁶⁰¹ί⁵

526 3255 715 3312 calore
767 3258 932 3313 exciti
998 3260 1054 3315 in
1115 3277 1391 3318 summum
1463 3274 1691 3319 enatant
1755 3281 1944 3330 mare,
2005 3277 2061 3321 et
2123 3269 2443 3339 plerumque
2499 3268 2839 3339 piscatorum
2909 3267 3047 3321 retia
3109 3264 3410 3333 effugiunt.
3468 3257 3535 3310 At
3596 3253 3745 3323 pisces

528 3344 776 3415 squamis
812 3358 1069 3405 carentes
1095 3351 1305 3420 quique
1344 3352 1517 3408 nullis
1548 3355 1897 3410 sustinentur
1928 3355 2114 3426 pinnis
2145 3355 2201 3409 in
2230 3355 2429 3411 limoso
2459 3354 2737 3426 profundo
2780 3355 2971 3416 latent,
3023 3352 3415 3418 inhaerentque
3463 3346 3596 3413 alga:
3642 3352 3743 3426 rma-

527 3433 684 3499 rinae,
724 3449 847 3502 qua:
881 3434 937 3488 in
983 3436 1094 3490 imo
1143 3438 1420 3507 profundo
1472 3439 1671 3496 fertilis
1709 3425 2012 3497 enascitur.
2044 3442 2110 3496 Hi
2160 3443 2345 3513 pisces
2398 3457 2625 3513 prorsus
2684 3448 2815 3496 sunt
2860 3439 3063 3493 infirmi
3109 3437 3496 3503 facillitneque
3542 3425 3741 3494 οθρὶιιη·

527 3525 638 3571 tur.
681 3518 852 3588 igitur
900 3522 1217 3575 mortalium
1270 3524 1475 3593 aliqui,
1534 3526 1627 3580 ubi
1679 3527 2059 3584 aberraverint
2106 3543 2136 3583 a
2189 3529 2393 3585 divinis
2444 3529 2756 3600 praeceptis,
2806 3528 2957 3582 illico
3020 3540 3180 3581 suum
3229 3536 3484 3578 erroretu
3527 3513 3739 3602 sentiunt

528 3612 585 3658 et
621 3613 954 3675 agnoscunt.
1005 3607 1164 3671 Nam,
1201 3619 1259 3665 ut
1292 3620 1479 3666 monet
1519 3611 1806 3684 Scriptura
1843 3632 1856 3669 :
1898 3634 1917 3667 ι
1944 3615 2249 3671 Plurimum
2300 3631 2553 3671 erramus
2583 3630 2778 3670 omnes
2821 3615 2875 3668 in
2919 3613 3105 3666 multis
3128 3609 3192 3664 θ’.
3231 3628 3249 3661 ι
3301 3612 3373 3661 At
3420 3619 3528 3658 non
3574 3614 3600 3651 a
3645 3609 3736 3684 suis

528 3692 813 3749 erroribus
842 3695 1056 3751 resilire
1090 3707 1145 3752 et
1186 3698 1445 3755 recedere
1480 3701 1535 3754 in
1573 3682 1815 3757 animum
1850 3702 2140 3768 inducunt,
2173 3718 2274 3759 nec
2307 3705 2486 3773 palam
2534 3712 2717 3758 tamen
2769 3700 3007 3771 turpiter
3035 3712 3200 3769 agerc
3230 3697 3465 3751 volunt:
3499 3682 3735 3773 siquidem

529 3782 829 3851 prudentes
864 3793 919 3841 et
971 3786 1249 3856 sapientes
1306 3789 1409 3843 viri
1459 3790 1643 3846 celant
1677 3806 1779 3846 sua
1821 3790 2116 3848 dedecora.
2158 3772 2442 3848 Fortassis
2472 3790 2577 3845 hoc
2633 3788 2768 3844 illud
2816 3794 2926 3853 est,
2969 3784 3117 3856 quod
3165 3784 3327 3847 dicit,
3377 3790 3625 3850 squamas
3653 3772 3729 3823 ba-

530 3867 681 3938 bere,
712 3869 842 3926 dum
888 3887 991 3928 sua
1032 3874 1245 3929 scelera
1299 3876 1634 3946 quibusdam
1679 3892 1782 3934 ceu
1829 3879 2159 3936 velamentis
2198 3878 2515 3933 cunvelant.
2571 3876 2786 3946 Smpius
2817 3888 3039 3944 quoque
3072 3873 3127 3926 in
3159 3883 3447 3926 sumntum
3484 3863 3733 3951 emergit!“

531 3972 681 4012 mare
718 3967 776 4013 ut
807 3959 1096 4015 foveantur
1135 3962 1310 4019 radiis
1344 3963 1642 4029 solaribus,
1681 3976 1736 4021 et
1771 3967 2104 4035 piscatorum
2130 3965 2418 4034 .eiiugiunt
2446 3978 2646 4018 manus
2683 3961 2805 4016 freti
2843 3960 3051 4031 pinnis.
3085 3958 3337 4011 Aliorum
3372 3963 3548 4007 autem
3588 3948 3725 4038 gloria

530 4046 587 4097 in
627 4044 928 4109 ignominia
952 4048 1222 4118 ipsorum,
1249 4051 1380 4106 dum
1415 4053 1701 4121 propalam
1738 4054 2093 4124 delinquunt,
2135 4065 2350 4120 suaque
2389 4051 2599 4105 scelera
2630 4048 2957 4118 neutiquam
2984 4045 3288 4100 occultant.
3330 4041 3587 4097 anutant
3612 4048 3661 4124 se
3685 4044 3725 4124 Nl

532 4131 811 4196 profundo
833 4116 1013 4200 coeno,
1047 4136 1248 4191 infirmi
1276 4116 1713 4209 sunt-facileque
1746 4116 2045 4209 capiuntur
2073 4116 2104 4193 a
2137 4116 2537 4209 piscatoribus,
2565 4116 2885 4205 frigoraque
2924 4132 3085 4203 quasi
3129 4132 3442 4200 obtorpent.
3488 4124 3575 4178 His
3606 4116 3722 4173 haud

532 4217 827 4276 dissimilis
865 4230 952 4275 est
983 4222 1118 4286 vita,
1153 4224 1245 4292 qui
1292 4234 1516 4295 propter
1560 4233 1901 4281 contractam
1938 4226 2316 4297 impuritatem
2351 4231 2627 4294 coguntur
2656 4224 2922 4279 excedere
2973 4222 3197 4287 castris,
3235 4231 3486 4289 quosque
3520 4214 3593 4297 le}
3623 4221 3723 4275 [πθ-

534 4306 757 4361 nuntiat
792 4306 1062 4377 impuros.
1111 4310 1326 4380 Reliqui
1380 4327 1512 4366 vero
1547 4313 1602 4367 in
1639 4315 1846 4370 castris
1877 4295 2065 4384 utpote
2100 4315 2157 4370 in
2200 4315 2324 4369 loco
2358 4326 2496 4381 puro
2542 4321 2596 4366 et
2625 4312 2831 4365 mundo
2863 4313 3153 4363 versantur
3198 4307 3534 4359 adhaerentes
3566 4295 3657 4384 fico
3681 4297 3720 4381 ξι

528 4394 680 4461 juste
711 4394 1063 4451 ambulantes
1101 4397 1154 4450 in
1205 4398 1311 4453 hoe
1366 4398 1596 4455 mundo.
1633 4398 1838 4455 Horum
1884 4380 2231 4457 consortium
2257 4412 2325 4452 ne
2348 4380 2475 4467 quis
2506 4395 2659 4461 vitet,
2694 4404 2749 4448 at
2798 4394 3142 4463 impurorum
3175 4391 3493 4445 societatem
3543 4380 3717 4471 abottltr

535 4488 738 4535 nentur
766 4495 982 4537 omnes.
1022 4480 1299 4554 Scriptura
1331 4500 1568 4556 namque
1597 4496 1720 4542 est:
1758 4503 1776 4538 ‹
1809 4484 1914 4553 Qui
1945 4484 2406 4541 consuetudinem
2439 4483 2564 4538 vita:
2602 4480 2717 4551 agit
2744 4494 2869 4534 cum
2898 4477 3241 4549 sapientibus
3280 4485 3337 4530 et
3397 4476 3506 4543 ipse
3536 4470 3719 4556 ξειιησξηε

532 4568 641 4621 erit
680 4586 693 4623 :
725 4575 781 4623 at
814 4568 907 4639 qui
949 4579 1316 4625 conversatur
1343 4555 1679 4627 eutnstulto
1707 4583 1761 4627 et
1798 4574 2099 4644 insipiente
2133 4579 2508 4643 cognoscetur
2530 4568 2600 4622 ”.
2637 4586 2655 4620 ι
2696 4567 2811 4622 1ιιιο
2842 4564 3050 4620 Paulus
3092 4563 3210 4633 ipse
3250 4562 3449 4618 scribit
3480 4577 3492 4613 :
3522 4555 3571 4609 Si
3595 4560 3711 4644 quis:

535 4670 661 4708 cum
701 4655 1020 4711 nominetur
1050 4655 1244 4721 frater,
1272 4656 1441 4714 fuerit
1464 4659 1806 4725 vinolentus,
1851 4629 1948 4714 aut
1980 4629 2339 4726 avarusfaut
2370 4656 2684 4721 idololatra,
2727 4662 2825 4709 aut
2851 4651 3136 4708 ebrietatis
3159 4648 3475 4708 studiosus,
3504 4653 3611 4696 cum
3641 4629 3712 4684 ι³¹¹

536 4756 606 4796 ne
634 4742 819 4797 cibum
846 4757 970 4799 esse
996 4743 1329 4813 capiendum
1350 4744 1415 4800 ⁸³.
3598 4810 3608 4820 .

610 4827 738 4881 Ιιωε
766 4838 919 4882 erunt
949 4830 1097 4884 vobis
1135 4831 1524 4886 abominationi
1556 4833 1694 4886 inter
1724 4832 1971 4887 volatilia
2000 4844 2018 4885 :
2052 4831 2270 4903 Aquila,
2304 4833 2578 4902 accipiter,
2617 4829 2800 4899 aquila
2827 4828 3060 4891 marina,
3096 4825 3275 4879 vultur
3313 4832 3365 4876 et
3398 4813 3710 4903 titilvusjuif“

538 4915 761 4982 speciem
796 4931 973 4970 suam.
1021 4915 1207 4972 Omnis
1247 4935 1435 4975 corvus
1462 4920 1625 4989 juxta
1652 4922 1875 4991 speciem
1926 4902 2247 4991 suam.r[i5,
2280 4919 2393 4992 14.]
2450 4919 2615 4974 Esum
2658 4916 2877 4986 aquilae,
2930 4914 3148 4985 gryphi,
3188 4912 3415 4975 haliteti,
3447 4917 3493 4961 ct
3523 4902 3704 4994 vulturi?

536 4999 885 5055 demonstrat
915 5016 1040 5057 esse
1072 5004 1352 5061 illicitum.
1412 5008 1479 5062 At
1504 5009 1585 5063 hae
1609 5024 1742 5063 aves
1776 5008 2095 5075 signiﬁcant
2129 4990 2234 5061 sub
2268 4990 2395 5077 typo
2439 5003 2680 5075 quodam
2713 5001 2975 5072 superbia
3009 5001 3245 5055 inﬂatos.
3292 4998 3430 5053 Nam
3475 5005 3585 5047 aves
3619 4990 3705 5036 isla3

540 5086 595 5139 in
634 5086 870 5142 sublime
893 5088 1137 5153 evolant,
1168 5092 1401 5146 humilia
1426 5102 1484 5148 et
1506 5093 1615 5148 ima
1646 5094 1903 5150 oderunt.
1938 5114 1956 5146 ι
1987 5093 2128 5148 Pulli
2158 5095 2329 5158 enim,
2360 5093 2540 5162 inquit
2576 5091 2889 5160 Scriptura,
2928 5088 3161 5142 vulturis
3197 5087 3461 5141 sublimes
3492 5077 3697 5165 volant...)

540 5173 636 5244 Sic
667 5173 833 5228 etiam
869 5188 1034 5229 nemo
1064 5180 1338 5246 superbus
1369 5180 1675 5238 humilibus
1700 5196 1759 5237 se
1784 5183 1981 5238 sociat.
2014 5180 2405 5249 chrobantur
2440 5158 2553 5234 hoc
2582 5158 2785 5233 locoiet
2820 5176 2970 5231 fures
3023 5185 3409 5245 raptoresque,
3442 5182 3560 5239 quos
3581 5158 3699 5215 nobis

539 5261 740 5317 milvus
771 5262 1001 5333 aliaeque
1031 5270 1260 5332 rapaces
1292 5282 1419 5323 aves
1455 5269 1810 5325 adumbrant.
1845 5270 2177 5340 Versipelles
2210 5278 2264 5323 et
2310 5267 2569 5324 ecetecati
2605 5272 2789 5320 mente
2835 5264 3151 5317 iudicantur
3184 5277 3282 5332 per
3314 5271 3547 5315 corvum.
3575 5249 3698 5340 ξιτψ

539 5346 761 5405 thiones
813 5358 868 5407 et
921 5352 1023 5408 lari
1065 5354 1351 5411 declarant
1398 5356 1651 5413 homines
1682 5335 2124 5430 helluonesiqui
2158 5356 2321 5428 3M
2370 5352 2646 5426 quidquid
2692 5351 2911 5406 obviam
2946 5358 3032 5406 est
3086 5349 3356 5418 colligunt
3406 5354 3457 5402 et
3501 5335 3690 5430 rapiunt,

540 5436 825 5506 avidaeque
857 5439 1123 5511 ingluviei
1154 5442 1384 5498 donant.
1436 5442 1546 5499 Nec
1579 5460 1690 5499 non
1728 5427 2181 5501 demonstrantur
2216 5427 2377 5501 nobis
2413 5446 2518 5501 sub
2571 5443 2657 5498 his
2706 5441 2900 5495 avibus
2955 5440 3211 5494 homines
3262 5427 3592 5491 fraudulenti,
3623 5430 3693 5511 ιιυὲ

538 5525 798 5583 omnibus
830 5509 1189 5600 insidiantur,
1221 5547 1435 5603 suaque
1464 5532 1745 5589 incondita
1780 5548 1911 5588 voce
1947 5544 2001 5589 et
2040 5536 2446 5590 obtrectatione
2483 5532 2682 5589 vicinis
2712 5538 2843 5587 sunt
2881 5528 3125 5583 molesti.
3160 5526 3251 5581 Sic
3290 5523 3531 5594 accipiter
3552 5509 3689 5578 εαριιιί

613 5657 655 5689 ³⁸
687 5655 828 5711 Psal.
868 5675 994 5723 xxv.
1024 5659 1105 5716 12.
1184 5662 1227 5695 ³⁸
1259 5661 1402 5718 Psal.
1432 5679 1551 5729 χιιι,
1577 5664 1631 5718 3.
1708 5663 1753 5694 ⁸⁰
1784 5660 1899 5716 Jac.
1932 5678 1990 5727 ll.
2021 5663 2071 5717 2(

545 5720 591 5756 ⁸⁸
620 5728 634 5780 Ι
660 5728 788 5780 Cor.
824 5745 877 5795 v,
909 5730 992 5786 Η.

2190 5664 2227 5696 ³⁸
2258 5662 2403 5718 Psal.
2429 5676 2549 5729 cm,
2575 5659 2666 5715 25.
2752 5658 2796 5689 “
2827 5654 2943 5711 Jac.
2976 5668 3059 5724 ut,
3094 5651 3151 5710 2.
3266 5616 3310 5684 1³
3333 5649 3625 5705 Promisti,
3648 5629 3682 5684 9-
