4038 6500
214 353 318 420 729
1177 358 1711 421 COMMENTARII
1746 361 1827 421 IN
1859 362 2299 428 LEVITICUM;
3346 370 3451 432 730

218 473 540 529 infirmiores
574 472 849 541 aviculas,
889 474 1082 545 eisque
1138 493 1236 531 sua
1267 477 1479 547 jejunia
1519 479 1718 549 pascit.
1768 478 2067 548 Mergulus,
2102 483 2227 543 ibis,
2275 480 2436 536 ardea
2484 489 2541 535 et
2584 481 2882 552 peleeanns
2939 479 3232 533 imminent
3280 486 3452 536 exitio

218 565 468 631 pisrium.
507 567 573 618 At
606 564 771 621 nobis
802 565 1090 621 delineant
1116 567 1244 622 illos
1278 568 1550 635 homines,
1585 571 1638 624 in
1682 586 1824 640 quos
1852 569 1978 622 illud
2011 568 2314 637 Scriptura:
2337 568 2613 638 quadrat:
2653 587 2671 618 ι
2703 566 2822 621 Νοιι
2853 582 2952 622 sua
2984 576 3314 636 quan-entes,
3356 570 3453 623 sed

216 652 385 720 lttagis
414 667 534 721 quae
575 663 704 707 sunt
738 654 976 709 aliorum
1003 673 1019 719 ;
1049 670 1174 711 nam
1217 655 1466 712 charitas
1524 659 1776 727 proximo
1809 657 2018 711 malum
2069 671 2182 709 non
2230 666 2490 725 operatur
2515 654 2584 710 ”.
2619 674 2637 708 ι
2674 654 2911 709 Damnat
2939 670 3163 724 quoque
3208 656 3261 709 i-n
3299 657 3453 714 cibis

214 740 482 803 volucres,
516 755 639 807 qua:
683 750 875 813 amant
922 750 1145 797 noctem
1177 750 1234 798 et
1266 746 1546 798 tenebras.
1602 746 1672 799 At
1711 745 1905 799 harum
1944 744 1997 797 in
2056 743 2309 813 catalogo
2345 750 2724 797 memorantur
2760 741 3012 805 erodius,
3050 742 3224 809 ulula,
3257 743 3455 797 chara-

212 825 394 889 drion,
432 841 613 895 upupa
646 837 701 881 et
728 837 956 883 noctua.
989 828 1163 884 Nobis
1200 846 1328 884 vero
1360 832 1464 886 sub
1493 832 1685 886 harum
1718 834 1900 886 avium
1935 841 2060 904 typo
2088 838 2600 885 commonstrantur
2624 830 2896 894 homines,
2934 830 3027 901 qui
3058 830 3199 883 tuala
3232 839 3454 899 patrant

214 912 475 969 facinora.
513 914 695 985 lnquit
729 917 1005 986 siquidem
1043 916 1300 974 Christus
1336 933 1350 972 :
1393 937 1410 970 ι
1443 919 1638 975 Omnis
1689 920 1786 991 qui
1816 920 1965 975 mala
2024 918 2163 973 facit
2209 917 2327 972 odit
2377 919 2580 983 lucem,
2613 926 2669 972 et
2693 931 2802 971 non
2835 918 2983 972 venit
3030 917 3095 971 ad
3146 918 3346 980 lucem,
3382 933 3455 973 ne

213 1016 376 1069 opera
399 1002 519 1069 ejus
550 1004 983 1074 redarguantur.
1020 1005 1125 1070 Qui
1158 1020 1290 1059 vero
1321 1008 1614 1063 veritatem
1650 1007 1801 1073 facit,
1832 1008 1881 1063 is
1911 1008 2095 1077 prodit
2127 1007 2182 1061 in
2214 1006 2390 1062 lucem
2425 1014 2484 1061 ut
2514 1020 2682 1077 opera
2715 1020 2817 1061 sua
2843 1004 3291 1068 manifestentur,
3323 1006 3452 1073 quia

214 1089 266 1142 in
324 1089 430 1143 Deo
468 1089 621 1144 facta
670 1100 801 1146 sunt
846 1092 913 1148 “.
965 1110 983 1145 ι
1041 1093 1187 1147 Inter
1215 1095 1462 1150 volatilia
1497 1096 1709 1166 impura
1739 1102 2038 1151 censentur
2061 1110 2407 1165 quaecunque
2461 1094 2669 1149 fuerint
2719 1092 3122 1163 quadrupedia.
3182 1092 3453 1147 Praeterea

215 1192 413 1231 musca:
441 1192 656 1243 omnes,
690 1189 744 1234 et
779 1195 1127 1251 quaecunque
1151 1181 1321 1250 huius
1350 1184 1571 1253 generis
1603 1182 1813 1239 fuerint
1850 1183 2087 1247 insecta,
2120 1183 2268 1236 inter
2304 1180 2590 1237 immunda
2619 1187 3114 1236 connumerantur.
3143 1178 3199 1233 In
3238 1182 3453 1248 magnis

213 1272 266 1318 et
299 1264 485 1334 parvis
512 1267 915 1335 animantibus,
949 1284 1299 1339 quaecunque
1321 1271 1558 1325 malefici
1595 1271 1804 1326 fuerint
1837 1270 2082 1337 generis,
2112 1284 2173 1325 ea
2205 1268 2498 1339 Scriptura
2526 1283 2681 1323 sacra
2714 1266 3035 1337 pronuntiat
3067 1266 3305 1333 impura.
3330 1265 3453 1321 Non

212 1352 357 1405 enim
389 1360 473 1407 est
508 1369 873 1422 personarum
924 1367 1215 1425 respectus
1246 1360 1387 1427 apud
1433 1358 1626 1415 Deum.
1676 1359 2048 1430 Excipiuntur
2096 1368 2279 1412 autem
2316 1357 2531 1411 locusta
2581 1365 2637 1408 et
2692 1355 2941 1410 bruchus
2979 1363 3032 1409 et
3076 1354 3301 1420 similis,
3330 1371 3454 1424 qua:

213 1437 516 1492 animantia
562 1441 817 1509 quamvis
869 1444 1150 1499 exsultare
1201 1452 1425 1509 norunt,
1467 1455 1648 1500 tamen
1700 1446 1975 1501 interdum
2030 1447 2490 1516 volantquoque,
2551 1460 2654 1500 nec
2702 1459 2923 1514 semper
2970 1443 3175 1513 degunt
3205 1442 3456 1498 demersa

214 1525 407 1580 humo.
434 1524 586 1580 Talis
624 1538 729 1590 est,
768 1529 862 1599 qui
897 1537 1144 1585 sectatur
1184 1531 1351 1585 vitam
1396 1533 1563 1601 hujus
1606 1534 1812 1596 saeculi,
1855 1550 1957 1588 nec
2010 1544 2193 1590 tamen
2229 1536 2453 1606 penitus
2479 1544 2632 1589 caret
2667 1547 2859 1587 amore
2905 1524 2996 1586 Dei
3032 1549 3045 1586 :
3097 1545 3201 1585 nec
3231 1530 3455 1584 interim

215 1630 455 1687 prorsus
491 1618 715 1673 deditus
736 1628 791 1673 et
819 1621 1080 1674 astrictus
1108 1630 1191 1675 est
1216 1622 1444 1676 terrenis
1469 1630 1521 1676 et
1554 1623 1779 1677 caducis
1813 1625 2000 1677 rebus.

281 1701 463 1773 Inquit
496 1720 615 1757 eum
675 1706 767 1773 qui
801 1709 1206 1761 contrectaverit
1263 1710 1507 1772 cadaver,
1561 1720 1799 1779 oportere
1846 1712 2025 1765 lavare
2075 1710 2409 1776 vestimenta,
2452 1718 2502 1763 et
2549 1706 2616 1761 ad
2649 1723 2920 1776 vesperam
2950 1722 3061 1760 esse
3100 1721 3312 1774 purum,
3346 1714 3455 1758 etc.

216 1788 468 1863 [Xl,25.]
504 1790 638 1845 Nam
670 1794 987 1850 novissimis
1010 1795 1346 1865 temporibus
1373 1797 1425 1851 in
1452 1796 1672 1852 Christo
1704 1799 1979 1869 repurgati
2016 1813 2209 1852 sumus
2244 1797 2313 1850 ab
2339 1797 2597 1851 omnibus
2631 1796 2873 1865 peccatis
2920 1795 3173 1849 eluentes
3204 1792 3459 1861 inquina-

216 1887 399 1933 menta
430 1880 581 1935 sacri
615 1880 874 1951 baptismi
908 1882 1143 1952 liquore.
1183 1903 1200 1935 ι
1232 1883 1295 1938 Ει
1331 1901 1493 1940 omne
1525 1888 1667 1955 quod
1693 1903 1859 1958 super
1888 1902 2083 1941 manus
2113 1885 2381 1955 graditur,
2420 1885 2565 1938 inter
2594 1899 2787 1937 omnes
2821 1882 3046 1946 bestias,
3079 1901 3097 1934 ι
3128 1891 3233 1936 etc.
3264 1879 3461 1933 Bestia:

216 1966 295 2021 hae
331 1965 579 2021 indicant
611 1968 761 2023 viros
812 1970 1066 2026 crudeles
1127 1979 1182 2024 et
1210 1971 1376 2027 caedis
1412 1971 1625 2038 avidos,
1670 1974 2132 2044 quemadmodum
2178 1989 2342 2043 supra
2380 1973 2655 2028 dedimus.
2690 1971 2940 2033 Mustela,
2983 1986 3127 2033 mus,
3176 1977 3229 2023 et
3281 1969 3462 2023 stellio

216 2062 267 2109 et
322 2054 532 2110 similia
580 2056 881 2111 animantia
919 2061 1499 2127 repraesentantviros
1545 2063 1787 2125 dolosos,
1840 2063 1932 2132 qui
1987 2063 2125 2116 clam
2184 2061 2414 2116 insidias
2451 2060 2760 2113 moliuntur
2801 2068 2857 2111 et
2904 2058 3101 2110 damna
3135 2058 3459 2125 important.

217 2142 504 2212 Siquidem
540 2144 659 2199 istae
695 2144 943 2199 bestiolm
968 2146 1197 2215 inepin
1233 2163 1334 2203 suo
1366 2149 1603 2202 adventu
1643 2157 1852 2203 terrent
1883 2150 2155 2203 humanas
2195 2158 2429 2203 mentes.
2466 2146 2613 2201 Vasa
2644 2153 2851 2207 autem,
2884 2160 3006 2214 quae
3040 2145 3332 2197 morticina
3365 2158 3462 2196 seu

216 2231 485 2285 cadavera
523 2230 832 2299 attigerint,
873 2232 1122 2303 intellige
1146 2233 1424 2299 homines,
1462 2235 1665 2304 quibus
1701 2236 2052 2290 familiaritas
2084 2237 2375 2290 intercedit
2399 2251 2523 2289 etnn
2550 2235 2787 2304 impuris
2814 2232 3161 2295 hominibus,
3200 2232 3327 2285 licet
3359 2230 3462 2296 ipsi

218 2333 314 2387 per
345 2333 410 2373 se
467 2333 577 2379 non
617 2318 824 2374 fuerint
874 2320 1176 2390 impuritati
1222 2322 1471 2386 obnoxii,
1512 2331 1569 2375 at
1606 2325 1745 2378 male
1778 2326 1976 2395 agendi
2032 2325 2373 2394 propositum
2403 2323 2634 2392 jamjam
2690 2321 2961 2393 ceperint.
2998 2320 3266 2375 Cteterum
3299 2320 3468 2373 edicit

220 2408 420 2468 fontes,
454 2408 733 2462 cisternas
765 2416 819 2462 et
856 2409 961 2463 alia
1002 2424 1271 2479 aquarum
1321 2413 1692 2481 receptacula,
1730 2427 1834 2467 nec
1892 2427 1999 2466 non
2051 2420 2268 2483 segetes
2316 2426 2439 2467 esse
2495 2411 2771 2465 immunes
2826 2410 2894 2464 ab
2932 2408 3318 2479 inquinatione
3352 2407 3464 2464 illa.

223 2494 426 2550 Verum
464 2511 533 2552 ne
588 2497 806 2551 interim
851 2499 1017 2552 lateat
1063 2498 1317 2553 homines
1347 2514 1489 2569 saepe
1546 2502 1662 2554 suis
1703 2501 1931 2556 sedibus
1978 2502 2329 2571 pulsoscum
2368 2500 2544 2571 pressi
2599 2500 2736 2570 legis
2768 2515 2938 2555 onere
2988 2514 3109 2553 eam
3159 2514 3267 2551 non
3309 2512 3467 2552 exse-

218 2592 550 2655 querentur.
590 2584 646 2640 Si
679 2586 804 2656 quis
836 2588 1082 2641 anitnnm
1129 2586 1380 2658 adjiciat,
1417 2588 1685 2659 intelliget
1710 2590 1895 2644 omnia
1923 2590 2039 2653 illa,
2082 2605 2203 2659 qua:
2241 2590 2496 2643 homines
2538 2588 2963 2651 adinvenerunt,
3018 2600 3390 2654 conspurcare
3416 2592 3471 2639 et

219 2675 609 2729 contaminare
655 2674 957 2728 humanum
1012 2676 1318 2744 ingenium.
1379 2676 1746 2748 Excipiuntur
1806 2690 1986 2734 autem
2020 2682 2197 2732 κοιναὶ
2243 2680 2462 2745 ἔννοιαι,
2515 2678 2568 2733 id
2600 2687 2706 2742 cst,
2762 2676 3105 2731 universales
3163 2682 3469 2743 conceptus

220 2760 421 2823 animi,
465 2761 559 2831 qui
595 2768 723 2814 sunt
754 2761 922 2816 veluti
960 2761 1144 2817 fontes
1174 2769 1229 2815 et
1250 2763 1463 2817 semina
1498 2764 1717 2818 virtutis
1739 2771 1793 2818 et
1823 2765 1935 2830 lux,
1962 2767 2267 2821 secundum
2296 2764 2561 2821 Joannem
2589 2764 2657 2829 ⁸⁷,
2694 2779 2816 2834 qum
2838 2779 2868 2816 ιι
2900 2763 3145 2816 tenebris
3180 2776 3283 2813 non
3316 2776 3471 2814 com-

219 2848 608 2918 prehenditur.
634 2847 697 2902 lli
724 2850 896 2903 animi
922 2860 1226 2921 conceptus
1250 2850 1513 2905 hauriunt
1543 2867 1740 2921 aquam
1766 2853 1970 2907 vivant.
2004 2852 2059 2905 Si
2096 2868 2224 2905 vero
2256 2861 2707 2922 conspurccntur
2739 2858 2862 2921 post
2893 2850 3131 2919 agnitum
3158 2848 3469 2912 veritatem,

218 2936 369 2990 nulla
405 2936 521 2991 illis
558 2951 657 3005 pro
687 2935 893 2991 delicto
924 2937 1136 3006 reliqua
1165 2949 1247 2992 est
1280 2938 1484 2993 hostia.
1521 2936 1630 2993 Sed
1668 2939 1960 2994 recedente
1987 2939 2184 3009 spiritu
2219 2941 2272 2993 in
2314 2939 2454 2995 duas
2484 2946 2745 2995 secantur
2782 2946 2988 3008 partes,
3013 2944 3065 2989 et
3095 2949 3221 3003 pars
3249 2934 3470 2988 illorum

217 3036 347 3077 cunt
380 3022 685 3079 incredulis
714 3031 768 3077 et
790 3024 977 3093 impiis
1008 3025 1401 3079 collocabitur.

292 3110 359 3166 Si
416 3120 596 3165 autem
634 3113 899 3166 moriatur
937 3113 1266 3179 jumenlum,
1302 3122 1415 3167 etc.
1454 3110 1595 3183 [59.]
1644 3112 1917 3167 Docemttr
1954 3113 2061 3168 sub
2113 3113 2217 3168 hoc
2263 3112 2554 3166 involucro
2594 3111 2726 3165 illud
2780 3109 2972 3165 Pauli:
3018 3128 3036 3161 ι
3069 3108 3124 3164 Si
3166 3110 3310 3180 quis,
3348 3123 3472 3161 cum

222 3199 551 3255 nominetur
582 3199 776 3265 frater,
829 3199 1000 3256 fuerit
1043 3210 1135 3256 aut
1181 3209 1479 3267 scortator,
1516 3208 1611 3255 aut
1660 3217 1886 3263 avarus,
1927 3210 2022 3256 aut
2074 3203 2393 3267 idololatra,
2445 3211 2541 3255 aut
2591 3201 2952 3263 convivator,
2995 3206 3091 3252 aut
3133 3201 3340 3262 ebrius,
3383 3204 3476 3249 aut

224 3300 442 3358 raptor,
472 3302 597 3343 cum
632 3290 729 3344 tali
757 3304 825 3344 ne
855 3289 1039 3343 cibum
1070 3290 1334 3359 ceperitis
1358 3290 1422 3344 ⁸⁸³.
1453 3310 1471 3341 ι
1511 3289 1615 3355 Qui
1643 3289 1787 3345 enim
1823 3290 2130 3344 arbitratur
2171 3290 2245 3343 ob
2281 3288 2464 3350 fidem,
2495 3303 2661 3358 quam
2712 3288 2895 3350 habet,
2935 3302 2994 3342 se
3026 3302 3223 3356 purum
3251 3300 3395 3348 esse,
3428 3284 3477 3339 si

225 3375 565 3442 subjiciatur
587 3376 767 3441 morti,
794 3392 958 3447 quam
996 3376 1212 3431 inducit
1251 3387 1561 3447 peccatum,
1595 3379 1846 3447 impurus
1875 3386 1980 3440 est,
2011 3395 2191 3448 neque
2221 3379 2433 3446 piortun
2470 3378 2754 3432 consortio
2781 3377 3002 3444 dignus.
3039 3374 3171 3427 Nam
3214 3374 3475 3442 st-riptum

221 3472 307 3518 est
341 3481 354 3516 :
389 3481 407 3513 ι
437 3461 544 3528 Qui
598 3464 773 3534 tangit
826 3465 1023 3532 picem,
1059 3464 1439 3533 inquinabitur
1478 3465 1544 3518 δ’.
1582 3483 1599 3516 ι
1636 3466 1907 3521 Caeterum
1942 3466 2089 3520 illius
2125 3467 2328 3537 iutpuri
2361 3482 2451 3520 res
2511 3480 2571 3520 se
2628 3464 2763 3519 bene
2816 3462 3121 3527 habebunt,
3153 3462 3201 3517 si
3235 3461 3479 3531 profusis

224 3550 493 3620 lacryntis
527 3550 867 3616 pmnitentite
893 3550 1195 3605 remedium
1228 3552 1519 3620 repererit.

299 3634 415 3689 Nec
437 3635 687 3705 pollttetis
715 3637 921 3690 animas
958 3647 1157 3690 vestras
1192 3638 1245 3690 in
1274 3638 1518 3690 omnibus
1551 3637 1849 3704 reptilibus,
1885 3648 1991 3694 etc.
2028 3639 2166 3713 [45]
2211 3638 2369 3695 Nunc
2416 3640 2645 3696 disertis
2702 3640 2886 3695 verbis
2936 3638 3189 3695 ostendit
3234 3653 3335 3709 per
3365 3637 3484 3689 ani«

227 3724 503 3777 uiantium
554 3722 946 3793 praedictorum
990 3724 1206 3793 species
1259 3726 1492 3794 proponi
1542 3726 1836 3793 qualitates
1885 3742 2122 3780 morum.
2157 3724 2302 3790 Quid
2339 3727 2485 3779 enim
2533 3725 2695 3797 345
2750 3736 3017 3780 externus
3062 3733 3245 3779 tactus
3292 3722 3482 3776 damni

226 3812 396 3865 infert
430 3809 669 3864 animas?
704 3809 975 3865 Praeterea
1003 3811 1136 3880 quid
1170 3811 1492 3865 detrimenti
1547 3813 1771 3866 timetur
1808 3810 1877 3864 ab
1905 3824 1994 3873 eo,
2031 3808 2174 3877 quod
2213 3808 2525 3877 ingreditur
2572 3810 2627 3862 in
2673 3817 2919 3862 ventrem
2960 3815 3014 3861 et
3059 3822 3157 3876 per
3201 3820 3483 3861 secessum

227 3898 479 3968 cjicitur,
506 3898 809 3954 secundum
844 3898 1153 3954 Salvatoris
1184 3915 1372 3954 vocem
1401 3899 1493 3950 l‘°?
1525 3899 1629 3957 Per
1665 3898 1886 3969 reptilia
1914 3899 2200 3960 docemur,
2221 3915 2289 3952 ne
2322 3913 2550 3967 prorsus
2578 3897 2783 3952 addicti
2816 3898 2989 3951 simus
3024 3896 3191 3951 rebus
3225 3894 3484 3957 terrenis,

230 3984 450 4055 alioqui
484 3986 702 4038 macula
746 3999 853 4039 non
896 3985 1248 4040 vacabimus.
1286 3986 1450 4039 Forte
1482 3987 1608 4055 quis
1642 3986 1790 4040 dicat
1831 3985 2196 4055 pollutionem
2232 3994 2285 4038 et
2320 3986 2659 4056 contagium,
2697 4002 2819 4055 qua:
2853 4001 3017 4056 opera
3056 3985 3198 4038 mala
3230 3982 3485 4037 comitari

231 4072 440 4135 solent,
468 4086 719 4141 prmsens
748 4072 1028 4142 respicere
1072 4073 1361 4128 sweulnm.
1401 4072 1539 4126 Nam
1579 4072 1830 4127 futurum
1876 4073 2134 4127 saeculum
2167 4073 2314 4128 omni
2345 4073 2466 4127 labe
2504 4082 2655 4128 caret
2706 4072 2776 4126 ah
2820 4074 2969 4126 omni
3003 4082 3174 4142 parte.
3209 4068 3304 4123 Vel
3337 4068 3486 4137 quod

234 4163 343 4217 ista
378 4161 618 4231 pollutio
652 4160 719 4216 ad
750 4161 918 4217 breve
951 4170 1166 4234 tempus
1205 4162 1385 4229 duret,
1414 4163 1521 4217 nisi
1553 4163 1768 4219 radices
1799 4161 1972 4233 egerit
2007 4162 2059 4216 in
2090 4164 2274 4218 animo
2298 4175 2351 4218 et
2381 4163 2541 4235 quasi
2569 4162 2624 4216 in
2664 4170 2919 4217 naturam
2952 4178 3105 4219 versa
3136 4161 3326 4229 fuerit,
3354 4168 3487 4214 tunc

231 4246 534 4305 difﬁculter
567 4248 909 4304 eradicatur.

306 4336 511 4391 Mulier
533 4351 650 4404 quae
678 4348 924 4407 concepto
957 4339 1155 4393 semine
1180 4338 1375 4409 peperit
1400 4354 1625 4405 marem,
1678 4346 1788 4395 etc.
1821 4336 1965 4410 [X|l,
1993 4338 2083 4411 2.]
2121 4337 2428 4394 Suffecerat
2456 4338 2669 4395 dixisse
2696 4356 2710 4393 :
2746 4336 2939 4392 Mulier
2965 4336 3009 4391 si
3045 4335 3257 4406 peperit
3288 4333 3485 4392 filium.

236 4426 350 4481 Sed
386 4425 597 4495 excipit
627 4433 877 4480 sanctam
904 4425 1208 4496 Virginem,
1241 4441 1362 4495 qua:
1404 4427 1617 4480 nullius
1659 4427 1890 4482 seminis
1926 4427 2245 4481 interventu
2282 4427 2455 4481 lilium
2489 4427 2651 4481 enixa
2684 4434 2794 4482 est.
2844 4424 2982 4479 Nam
3030 4438 3154 4477 cum
3185 4430 3491 4491 conceptus

232 4526 390 4571 esset
413 4515 484 4571 de
508 4513 721 4585 Spiritu
756 4525 980 4579 sancto,
1012 4531 1123 4569 non
1160 4515 1552 4585 requirebatur
1574 4514 1642 4568 ad
1676 4525 2002 4570 sanctorum
2037 4515 2473 4584 primogenitum
2504 4512 2843 4583 gignendum
2882 4509 3112 4563 seminis
3140 4508 3305 4563 fusio.
3330 4511 3491 4562 Hunc

233 4608 671 4677 primogenitum
702 4617 1029 4662 sanctorum
1062 4607 1276 4661 credito
1309 4622 1434 4663 esse
1473 4608 1752 4677 primitias
1789 4605 2018 4660 illorum
2060 4602 2155 4672 qui
2221 4608 2617 4670 regenerantur
2647 4614 2743 4668 per
2781 4596 3058 4666 Spiritum
3099 4605 3378 4655 sanctum,
3429 4596 3497 4647 de

233 4697 445 4765 quibus
468 4696 545 4749 ita
578 4694 883 4765 profatur:
925 4714 942 4746 ι
981 4694 1083 4762 Qui
1124 4709 1231 4749 non
1278 4710 1343 4750 ex
1406 4695 1782 4765 sanguinibus
1826 4708 1929 4748 nec
1968 4705 2032 4744 ex
2078 4690 2364 4743 voluntate
2407 4686 2614 4750 carnis,
2662 4684 2759 4739 sed
2790 4699 2856 4737 ex
2891 4681 3003 4736 Deo
3039 4682 3151 4734 nati
3199 4691 3329 4736 sunt
3366 4681 3430 4733 δ’.
3471 4700 3488 4731 ι

235 4782 439 4836 Mulier
462 4782 669 4836 dicitur
694 4782 862 4837 etiam
896 4783 1070 4851 virgo.
1103 4779 1237 4835 Nam
1284 4782 1401 4835 haec
1438 4768 1740 4851 appellatio
1771 4787 1866 4836 est
1898 4777 2085 4833 :etatis
2115 4775 2445 4836 adultioris,
2483 4770 2953 4841 quemadmodum
2990 4768 3154 4822 etiam
3191 4768 3497 4836 appellatio

236 4872 345 4923 viri
384 4871 563 4923 virum
608 4867 906 4939 significat,
944 4870 1046 4923 etsi
1098 4884 1384 4937 nunquam
1425 4884 1553 4923 cum
1615 4869 1847 4922 muliere
1881 4864 2261 4922 concubuerit.
2313 4861 2589 4928 Quocirca
2641 4860 2846 4911 Paulus
2878 4857 2932 4910 in
2968 4856 3086 4910 lucc
3138 4856 3303 4909 verba
3342 4871 3499 4910 suam

238 4954 492 5029 linguam
524 4957 690 5013 solvit
726 4973 739 5011 :
787 4975 805 5007 ι
850 4955 1053 5011 Emisit
1103 4956 1247 5011 Deus
1280 4955 1483 5010 Filitnu
1511 4971 1669 5011 suum
1695 4964 1885 5009 natum
1924 4969 1992 5008 ex
2021 4951 2251 5005 muliere
2288 4950 2355 5000 ".
2397 4966 2415 4999 ι
2452 4946 2723 5002 Sitniliter
2764 4953 2819 5001 et
2856 4945 3203 5000 Abrahamus
3238 4944 3496 5013 imperat,

239 5062 343 5103 suo
368 5046 649 5111 ministro,
688 5059 853 5116 quem
892 5046 1205 5101 miseratad
1241 5045 1586 5109 Bethuelem,
1625 5053 1684 5097 ut
1718 5044 2001 5111 acciperet
2026 5038 2153 5092 inde
2192 5036 2304 5091 filio
2330 5050 2432 5091 suo
2474 5034 2787 5099 mulierem,
2834 5048 2938 5089 nec
2989 5032 3173 5088 dixit:
3207 5034 3503 5115 virginem.

316 5182 444 5243 Πῶς
472 5180 531 5233 δὲ
551 5179 860 5249 ἀκάθαρτος
896 5179 929 5248 ἡ
975 5176 1212 5231 τεκοῦσα
1254 5177 1390 5248 γυνή
1423 5193 1437 5242 ;
1466 5178 1529 5230 Ol
1560 5175 1658 5246 μέν
1690 5191 1824 5243 φασι
1856 5189 1902 5245 Α

1999 5175 2181 5241 Quare
2220 5180 2401 5226 autem
2435 5169 2718 5226 immunda
2762 5177 2870 5246 est,
2907 5185 3031 5240 quae
3068 5169 3320 5239 peperit?
3374 5166 3507 5232 Qui-

230 5264 329 5327 eta
368 5272 470 5343 τὴν
501 5272 583 5335 εἰς
612 5270 825 5339 γένεσιν
861 5270 1161 5340 ἐρχομένην
1190 5269 1387 5339 ψυχὴν,
1418 5269 1543 5339 ἥτις
1592 5267 1823 5337 μολύνε-

1932 5268 2056 5322 dam
2087 5267 2239 5321 aiunt
2266 5265 2336 5319 ob
2357 5264 2624 5329 animam,
2651 5279 2777 5333 quae
2814 5264 2866 5317 in
2900 5264 3312 5333 generationem
3338 5262 3504 5322 vertit,

244 5382 333 5417 ται
354 5378 366 5390 ·
406 5361 503 5415 καὶ
537 5362 588 5415 oi
613 5360 792 5433 ταύτῃ
828 5362 965 5431 πρὸς
994 5360 1207 5427 γένεσιν
1240 5359 1711 5429 ὑπουργήσαντες,
1748 5356 1824 5419 ὡς

1933 5368 1986 5413 rt
2021 5359 2135 5413 lucc
2179 5365 2611 5427 eonspurcatur,
2645 5370 2747 5409 nec
2781 5369 2891 5409 non
2924 5362 2978 5408 et
3010 5353 3090 5417 hi,
3132 5352 3225 5421 qui
3259 5351 3381 5419 ejus
3410 5368 3505 5420 ge-

241 5454 457 5508 δεῑσοαι
509 5454 605 5507 καὶ
646 5452 741 5507 τοῦ
787 5452 875 5506 διὰ
926 5451 1128 5506 Θυσιῶν
1161 5450 1421 5520 ἱλασμοῦ’
1453 5454 1597 5514 τινὲς
1632 5451 1709 5517 δὲ,
1737 5451 1822 5503 ὅτι

1936 5450 2207 5507 nerationi
2244 5449 2578 5505 inserviunt.
2608 5447 2799 5517 Itaque
2841 5446 3163 5515 requiritur,
3194 5452 3252 5497 ιιι
3307 5445 3511 5499 δοιοιίιιε-

248 5546 695 5615 γίνεταιγένεσις
719 5543 1003 5615 προίόντος
1031 5542 1122 5594 τοῦ
1141 5542 1439 5610 γεννῶντος
1478 5543 1541 5594 ὲκ
1568 5542 1664 5612 τῆς
1695 5542 1821 5594 ἑαυ-

1932 5548 2023 5594 tur
2074 5538 2399 5609 purgamina
2450 5539 2712 5593 mactatis
2754 5537 3013 5592 victimis.
3070 5537 3301 5603 Quidam
3338 5537 3501 5590 aliam

3539 5318 3568 5346 l.

320 5702 366 5735 “
398 5702 417 5752 l
447 5700 575 5755 Cor.
607 5716 727 5760 xm,
751 5699 804 5754 5.
882 5696 925 5730 ³⁸
959 5695 1117 5750 Juau.
1155 5712 1236 5755 ιιι.
1275 5695 1366 5756 :20,
1397 5695 1486 5746 ‘ll.
1564 5696 1605 5725 "7
1644 5692 1799 5747 Joan.
1843 5709 1879 5757 1,
1910 5694 1915 5721 ¹

1910 5694 1957 5747 5'.
2038 5695 2082 5724 δ’*
2119 5692 2285 5747 lCur.
2324 5708 2390 5757 Υ,
2430 5692 2513 5747 ll.
2598 5691 2639 5723 ⁵³
2679 5690 2843 5746 Eccli.
2871 5692 3134 5759 xun,.‘i7.
3213 5690 3256 5721 ⁸⁸
3290 5690 3483 5745 Matth.

254 5788 343 5837 xv,
383 5772 467 5825 Π.
543 5772 586 5802 ⁸¹
628 5770 786 5824 Jualt.
824 5784 861 5831 l,
914 5768 995 5821 I5.
1074 5768 1126 5798 ’“
1163 5767 1341 5819 Ualat.
1387 5781 1455 5823 tv.
1500 5766 1550 5819 4'.
