4038 6550
506 372 609 439 731
1799 372 2154 434 PROCOPII
2193 372 2438 434 GAZ/EI
3660 372 3752 436 732

503 484 839 549 cxpromunt
881 491 1130 541 causam,
1167 476 1430 533 vldelicet
1474 475 1619 546 quod
1660 482 1947 547 generatio
1993 477 2086 531 flat

2151 515 2162 540 ,
2188 477 2282 532 τοῦ
2311 477 2646 550 τελειότητος
2669 477 2748 542 εις
2776 478 2838 532 τὸ
2876 477 3067 542 ἀτελὲς
3091 477 3186 532 τοῦ
3214 493 3579 549 γενθωμενσυ.
3612 480 3746 553 Αὕτη

499 569 839 640 procedente
868 568 921 621 vi
951 567 1295 639 generativa,
1324 580 1446 636 qua:
1466 566 1712 637 perfecta
1742 576 1846 629 est,
1878 565 1947 619 ad
1982 566 2087 620 im-

2193 568 2303 639 γὰρ
2332 570 2366 639 ὴ
2388 602 2396 613 ι
2420 567 2583 637 φύσις
2627 568 2834 640 ἑστὶνή
2872 569 3349 639 καταϐιὸαζομένη
3392 570 3543 641 παρὰ
3580 572 3672 642 τὴν
3697 575 3748 641 ιξ

503 660 930 731 perfectionem,
979 658 1111 713 dum
1162 656 1240 724 id,
1281 658 1433 728 quod
1472 657 1654 712 adhuc
1695 658 2085 726 imperfectum

2193 659 2371 729 ἀρχῆς
2422 660 2480 714 ὲν
2529 658 2828 730 τελειότητι
2858 661 3096 731 ποίησιν.
3148 661 3240 713 Διὸ
3292 661 3391 715 καὶ
3453 662 3639 731 μέχρις
3691 666 3749 717 ἂν

502 760 627 817 est,
685 760 930 806 creatur.
990 748 1128 804 Nam
1178 750 1300 819 ipsa
1359 757 1563 804 natura
1626 749 1769 805 solet
1823 749 2087 817 paulatim

2195 751 2274 813 εἰς
2312 749 2598 820 μόρφωσιν
2637 750 2769 821 ἔλθῃ
2827 752 2898 805 τὰ
2951 752 3215 823 κυόμενα,
3274 752 3583 822 ἀκάθαρτος
3613 756 3748 823 ἠτε-

512 844 769 898 amittere
808 857 966 898 suam
996 841 1288 912 pristinam
1337 841 1760 913 perfectionem,
1788 840 1923 896 dum
1956 839 2088 896 sub-

2196 840 2388 906 κοῦσα,
2418 841 2698 896 τουτέστιν
2723 843 2829 905 ἓως
2857 843 3093 897 τοσῶνδε
3148 843 3407 914 ἡμερῶν,
3436 844 3555 913 μεθ’
3579 844 3638 908 ἃς
3666 848 3752 899 οὐκ

504 932 634 988 inde
702 933 1034 989 distrahitur
1098 933 1334 989 infinitis
1392 931 1887 1003 generationibus,
1946 944 2089 1000 quas

2193 932 2382 996 ἀτελές
2411 933 2527 986 ἐστι
2558 933 2621 986 τὸ
2660 934 3096 1005 συνειλημμένον
3151 936 3231 997 εἰς
3279 933 3529 1005 ψύχωσίν
3574 952 3629 987 τε
3670 939 3755 989 καὶ

507 1026 744 1096 perlicit.
771 1026 1120 1097 Quapmpter
1151 1028 1330 1083 donec
1368 1025 1516 1083 fetus
1546 1028 1812 1081 formetur
1845 1026 1902 1079 in
1930 1029 2089 1079 utero

2200 1027 2504 1098 μόρφωσιν.
2568 1026 2681 1080 Καὶ
2733 1026 2955 1097 θύματα
3002 1026 3079 1091 ὡς
3120 1028 3260 1099 ὑπὲρ
3286 1028 3571 1098 ἁμαρτίας
3600 1045 3754 1094 προσ-

507 1127 787 1184 materno,
829 1120 1047 1190 impura
1083 1127 1169 1175 est
1213 1135 1506 1190 puerpera,
1546 1118 1601 1174 id
1634 1127 1738 1180 est,
1773 1126 1927 1174 tanto
1952 1126 2091 1174 tem-

2195 1121 2387 1189 ἄγεται
2412 1122 2540 1193 περὶ
2566 1121 2736 1192 αὐτῆς
2766 1122 2861 1175 καὶ
2888 1121 3335 1193 ὁλοκαυτώματα,
3362 1120 3509 1192 ἅπερ
3535 1123 3674 1173 ἐστὶν
3688 1123 3758 1183 εις

507 1211 661 1279 poris
702 1212 886 1281 spatio
933 1211 1151 1282 impura
1207 1218 1468 1267 censetur
1511 1226 1780 1281 puerpera
1810 1249 1825 1272 ,
1879 1220 2090 1281 quanto

2195 1212 2331 1266 Θεὸν
2352 1214 2700 1268 ἐπανακτικὰ
2735 1212 2845 1267 ἀπὸ
2880 1213 2978 1283 τῆς
3016 1213 3242 1278 ἀτελοῦς
3270 1214 3415 1285 ζωῆς
3450 1216 3533 1277 εἰς
3566 1212 3659 1285 τὴν
3682 1230 3757 1267 τε·

508 1303 738 1374 embryo
782 1304 837 1358 in
889 1304 1013 1359 alvo
1048 1310 1303 1358 materno
1358 1304 1640 1357 animatur
1686 1309 1743 1357 et
1788 1299 2085 1357 formatur.
2194 1303 2364 1358 λείαν.

512 1389 623 1446 Pro
663 1394 766 1449 hac
800 1394 1163 1450 immolantur
1192 1396 1392 1452 hostia:
1417 1410 1515 1465 pro
1543 1394 1769 1458 delicto,
1802 1392 1966 1447 etiam
1995 1394 2318 1450 holocausta
2347 1395 2666 1461 adolentur,
2732 1398 2939 1470 quibus
3000 1399 3113 1456 Deo
3184 1396 3379 1471 gratiae
3444 1408 3675 1465 aguntur
3709 1407 3758 1453 et

516 1484 811 1550 habentur,
842 1486 988 1555 quod
1019 1485 1087 1539 ab
1110 1484 1430 1556 imperfecta
1470 1485 1579 1540 vita
1620 1484 1688 1539 ad
1715 1485 2020 1555 perfectam
2062 1484 2322 1554 produxit
2347 1499 2670 1559 conceptum
2699 1488 2896 1545 letum.

584 1598 697 1654 Nec
725 1597 932 1653 desunt
966 1600 1061 1668 qui
1094 1598 1249 1653 aiunt
1310 1598 1596 1655 mulierem
1629 1616 1739 1655 non
1778 1608 2091 1656 contentam
2132 1616 2232 1658 sua
2261 1602 2523 1661 felicitate
2577 1606 2636 1663 in
2691 1615 2918 1678 peccata
2951 1608 3268 1679 prolapsam
3302 1607 3550 1678 graviter
3593 1610 3762 1665 sordi-

518 1691 706 1745 datam
728 1695 784 1745 et.
807 1688 1088 1744 sordidam
1109 1703 1254 1750 esse,
1288 1688 1456 1757 inque
1478 1689 1865 1760 gravissimum
1910 1699 1965 1745 et
1996 1690 2524 1760 periculosissimum
2566 1694 2829 1751 incidisse
2871 1696 3125 1751 exitium.
3180 1714 3200 1747 ι
3242 1694 3378 1749 Nam
3442 1697 3585 1751 Deus
3628 1712 3767 1753 mor-

520 1786 629 1833 tem
668 1792 777 1831 non
798 1775 1034 1839 creavit,
1064 1790 1166 1831 nec
1190 1775 1506 1831 oblectatur
1528 1778 1754 1831 interitu
1776 1777 2083 1832 viventium
2107 1779 2210 1842 ⁸³.»
2235 1788 2345 1836 etc.
2375 1780 2653 1840 Mulierem
2686 1785 2851 1840 etiam
2875 1786 3217 1841 contaminat
3239 1793 3566 1854 conceptus,
3619 1802 3770 1854 quem

520 1865 710 1921 carnis
746 1871 1011 1935 procurat
1041 1864 1319 1934 voluptas,
1358 1872 1417 1917 ut
1449 1872 1596 1934 patet
1628 1879 1696 1918 ex
1728 1864 1951 1921 Davidis
1985 1867 2213 1921 oraculo
2246 1885 2261 1922 :
2302 1888 2321 1922 ι
2359 1870 2500 1928 Ecce
2526 1873 2672 1928 enim
2711 1873 2766 1928 in
2830 1874 3213 1944 iniquitatibus
3272 1884 3578 1944 conceptus
3624 1890 3759 1937 sum.

522 1966 574 2009 et
606 1954 658 2008 in
691 1954 934 2023 peccatis
968 1952 1105 2008 fovit
1139 1967 1227 2007 me
1266 1959 1442 2007 mater
1476 1968 1594 2007 mea
1624 1953 1695 2006 ".
1734 1971 1753 2004 ι
1783 1951 1985 2008 Verum
2044 1954 2130 2009 lex
2181 1957 2469 2025 quemdam
2522 1948 2743 2016 modum
2808 1961 3022 2016 induxit
3064 1960 3425 2033 propulsandi
3467 1961 3774 2018 istiusmodi

540 2039 964 2094 immunditiem.
1031 2038 1277 2111 Physici,
1334 2038 1430 2110 qui
1468 2038 1663 2094 harum
1694 2054 1878 2095 rerum
1910 2040 2141 2095 scientia
2172 2051 2301 2095 sunt
2322 2043 2553 2113 praediti,
2591 2045 2792 2100 docent
2820 2044 3012 2111 fetum,
3048 2046 3093 2101 si
3128 2044 3292 2101 fuerit
3323 2045 3629 2107 masculus,
3689 2046 3771 2100 vix

526 2128 671 2181 intra
713 2127 1202 2198 quadragesimum
1241 2127 1385 2181 diem
1443 2126 1667 2182 formari
1715 2138 1872 2183 utero
1916 2137 2200 2189 materno;
2251 2126 2466 2184 femella
2523 2146 2655 2186 vero
2696 2134 2941 2202 requirat
2987 2132 3154 2203 duplo
3209 2132 3474 2203 prolixius
3556 2140 3771 2203 tempus

532 2224 758 2285 propter
778 2230 934 2271 suam
970 2215 1421 2271 imbecillitatem.
1454 2213 1580 2270 Haec
1606 2223 1790 2270 autem
1835 2216 2018 2271 omnia
2057 2215 2304 2274 indicant
2332 2218 2625 2275 humanam
2666 2233 2914 2277 naturam
2979 2239 3008 2277 a
3054 2221 3167 2277 Deo
3220 2221 3530 2292 seiunctam
3574 2231 3633 2277 et
3698 2237 3779 2277 se-

532 2311 808 2374 gregatam
838 2304 1004 2375 longo
1035 2313 1277 2375 tempore
1308 2303 1362 2358 in
1392 2304 1647 2360 sordibus
1672 2304 1977 2362 btesitasse.
2010 2303 2145 2361 Nam
2176 2322 2325 2364 mors
2373 2312 2619 2379 regnavit
2666 2310 2735 2364 ab
2792 2309 2965 2365 Adam
3004 2325 3182 2381 usque
3235 2310 3305 2365 ad
3342 2308 3548 2365 Mosen.
3584 2307 3784 2364 Octavo

526 2390 637 2457 die,
668 2390 761 2460 qui
788 2391 1059 2447 successit
1091 2392 1197 2464 legi
1230 2400 1279 2448 et
1317 2392 1498 2461 prisco
1530 2392 1889 2457 sabbatismo,
1949 2392 2260 2450 circumcisi
2318 2409 2509 2450 smnus
2548 2396 2992 2462 circumcisione,
3029 2412 3150 2466 qua:
3183 2411 3293 2451 non
3316 2410 3578 2450 manuum
3631 2395 3785 2450 mini-

531 2478 703 2534 sterio
733 2480 1036 2550 peragitur,
1063 2480 1157 2536 sed
1200 2479 1479 2551 perficitur
1513 2495 1678 2551 opera
1711 2480 1949 2551 Spiritus
1979 2482 2155 2537 sancti
2184 2499 2199 2535 :
2238 2479 2518 2535 reformati
2548 2497 2767 2553 quoque
2792 2498 2984 2539 sumus
3021 2492 3077 2539 et
3138 2483 3440 2551 regenerati
3492 2498 3591 2552 per
3630 2482 3786 2537 Chri-

531 2575 678 2621 stum
733 2566 861 2621 dum
917 2567 1065 2624 illius
1106 2568 1305 2622 divina:
1347 2576 1558 2622 naturae
1594 2567 1872 2622 reddimur
1915 2568 2228 2640 participes.
2270 2569 2607 2624 Generamur
2641 2572 2787 2625 enim
2830 2586 2940 2625 non
2982 2572 3037 2626 in
3098 2572 3505 2643 corruptionem
3571 2584 3787 2641 propter

532 2653 729 2710 Adami
770 2654 1040 2724 impuram
1087 2656 1300 2726 peccati
1333 2656 1603 2709 maculam
1641 2672 1655 2709 :
1685 2655 1782 2710 sed
1813 2656 2090 2727 gignimur
2121 2656 2186 2711 ad
2218 2655 2384 2708 vitam
2419 2663 2473 2710 et
2498 2656 2960 2713 immortalitatem
2992 2667 3213 2729 propter
3268 2659 3589 2729 puritatem,
3663 2674 3783 2727 qua

534 2742 696 2797 nobis
730 2743 784 2797 in
815 2743 1047 2799 Christo
1072 2744 1290 2814 obtigit,
1326 2744 1456 2797 dum
1490 2758 1590 2812 pro
1623 2743 1783 2799 nobis
1823 2743 2155 2798 horrendum
2181 2758 2475 2813 perpessus
2504 2753 2589 2800 est
2619 2746 2976 2815 supplicium.
3007 2744 3142 2800 llinc
3168 2762 3388 2817 quoque
3420 2746 3559 2801 iilud
3615 2746 3786 2818 356

535 2830 1008 2900 intelliges,quod
1043 2832 1310 2901 scriptu-ni
1349 2841 1434 2886 est
1470 2849 1483 2885 :
1528 2849 1547 2883 ι
1592 2830 1836 2885 Alienati
1880 2841 2009 2886 sunt
2039 2840 2357 2900 peccatores
2380 2830 2491 2899 iam
2540 2832 2669 2888 inde
2708 2836 2776 2887 ab
2808 2841 2968 2888 utero
2992 2834 3061 2888 ".
3094 2852 3112 2885 ι
3146 2835 3217 2888 At
3241 2835 3367 2903 quis
3393 2842 3448 2888 et
3478 2834 3668 2904 qualis
3710 2843 3792 2889 est

537 2916 632 2972 ille
668 2920 900 2973 uterus?
930 2919 1208 2983 videlicet,
1242 2920 1389 2988 quod
1426 2934 1534 2973 non
1576 2918 1890 2973 circumcisi
1926 2926 2056 2973 sunt
2092 2917 2185 2971 illa
2227 2918 2663 2976 circumcisione
2732 2921 2800 2976 de
2842 2936 2950 2992 qua
2977 2919 3181 2977 Paulus
3245 2921 3515 2992 disputat,
3562 2921 3788 2978 dicens:

540 3020 564 3056 ι
596 3004 706 3061 Nos
740 3021 931 3063 sumus
960 3007 1342 3072 circumcisio,
1369 3005 1463 3077 qui
1488 3006 1688 3077 Spiritu
1726 3004 1896 3061 Deum
1930 3005 2172 3061 colimus
2200 3006 2267 3060 ³⁸.

611 3123 843 3191 Quidam
872 3124 1103 3183 tradunt
1135 3125 1229 3180 illa
1280 3126 1465 3180 omnia
1513 3123 1656 3187 fieri,
1708 3132 1767 3179 ut
1816 3139 2111 3195 puerpera,
2150 3122 2192 3179 Β

2290 3124 2445 3190 Τινὲς
2466 3124 2523 3180 δέ
2552 3142 2738 3196 φασιν,
2771 3124 2847 3189 ὡς
2874 3127 2902 3179 ό
2932 3124 3096 3195 νόμος
3127 3124 3378 3195 βούλεται
3402 3125 3503 3197 τὴν
3528 3125 3795 3179 τεκοῦσαν

540 3232 666 3287 quae
704 3216 945 3273 maxime
980 3227 1177 3273 vexata
1213 3226 1269 3273 et
1308 3218 1514 3273 lassata
1556 3225 1643 3273 est
1684 3227 1877 3287 partus
1909 3216 2115 3271 dolori-

2224 3218 2372 3288 ἔχειν
2398 3218 2726 3283 ἀνάπαυσιν,
2759 3217 2836 3282 ὡς
2875 3217 3080 3288 σφόδρα
3140 3220 3519 3287 πεπονηκυῖαν
3576 3219 3638 3270 ἐν
3680 3221 3797 3281 ταῖς

542 3309 671 3373 bus,
717 3309 1005 3380 paululum
1038 3310 1376 3382 requiescat,
1410 3318 1467 3365 et
1492 3310 1678 3383 quiete
1711 3309 1949 3364 fruatur.
1980 3308 2120 3363 For-

2224 3308 2400 3362 ὠὸἷσι.
2435 3308 2581 3380 Πρὸς
2602 3308 2664 3361 τδ
2684 3304 2778 3361 οῦν
2817 3307 3113 3379 σϐεσθῆναι
3156 3307 3258 3379 τὴν
3306 3307 3628 3379 ἐπιθυμίαν,
3664 3308 3797 3361 ἀκά-

542 3400 714 3456 tassis
757 3402 1042 3456 mulierem
1084 3402 1426 3457 immundam
1477 3400 1824 3472 pronuntiat,
1868 3398 2015 3469 quod
2054 3412 2122 3453 eo

2225 3400 2424 3472 θαρτον
2451 3400 2598 3467 ἔδοξε
2624 3401 2722 3473 τὴν
2753 3404 2990 3470 γυναῖκα
3012 3403 3218 3457 καλεῖν.
3259 3401 3481 3456 Ἐπεὶεῖ
3506 3403 3541 3473 ἡ
3567 3401 3798 3457 τεκοῦσα

548 3502 794 3561 tempore
833 3492 1109 3561 cupiditas
1150 3507 1385 3548 venerea
1430 3507 1662 3563 prorsus
1691 3491 1745 3545 in
1778 3490 1897 3560 ipsa
1925 3490 1999 3545 sit
2025 3504 2122 3544 ex-

1459 3507 1662 3547 .rorsus
1691 3491 1745 3545 in
1778 3490 1897 3560 ipsa
1925 3490 1999 3545 sit
2025 3504 2122 3544 ex-
2225 3491 2554 3565 ἀκόιθαρτος,
2581 3495 2677 3548 κα)⁵
2704 3494 2737 3565 ἡ
2774 3492 3054 3563 ἐγκύμων.

548 3580 772 3635 stincta.
809 3580 945 3635 Nam
975 3582 1024 3638 si
1057 3581 1171 3637 feta
1217 3582 1456 3639 habetur
1495 3583 1735 3652 impura,
1787 3581 1953 3637 etiam
2000 3594 2127 3651 gra-

549 3670 676 3726 vida
709 3673 1049 3742 impuritatis
1087 3673 1325 3728 crimine
1354 3673 1497 3728 haud
1534 3673 1774 3729 vacabit.

623 3758 683 3814 Si
714 3769 888 3814 autem
916 3777 1020 3815 non
1047 3761 1303 3816 invenerit
1336 3779 1529 3818 melius
1560 3762 1703 3832 ejus,
1734 3769 1843 3816 etc.
1875 3757 2019 3833 [ΧΠ.
2047 3758 2126 3833 8.]

2315 3743 2450 3799 Ἐὰν
2468 3744 2537 3799 δὲ
2557 3745 2643 3816 μὴ
2664 3747 2916 3815 εὑρίσκῃ
2947 3747 2986 3816 ἡ
3026 3745 3156 3816 χεὶρ
3181 3744 3392 3814 αὐτῆς.
3420 3745 3595 3800 τοῦτο
3619 3745 3798 3816 Eneti;-

552 3851 668 3909 Hoc
706 3854 904 3911 fecisse
952 3863 1173 3912 constat
1214 3864 1474 3927 parentes
1508 3855 1753 3919 Domini,
1805 3869 1932 3910 cum
1983 3854 2129 3908 haud

2236 3854 2336 3891 σαν
2363 3839 2411 3892 oi
2436 3842 2613 3907 γονεῖς
2639 3839 2732 3893 τοῦ
2768 3838 3001 3910 Κυρίου,
3033 3838 3109 3902 ὡς
3138 3840 3363 3909 πτωχοὶ,
3387 3838 3484 3892 καὶ
3520 3838 3595 3909 μὴ
3647 3838 3800 3892 simo-

555 3946 912 4003 abundarent
945 3948 1155 4007 divitiis
1187 3958 1250 4005 ut
1287 3965 1486 4022 agnum
1527 3956 1756 4019 possent
1793 3946 2012 4003 oﬂ'erre.
2033 3946 2134 4002 Vel

2239 3929 2461 4003 ροῦντες
2488 3930 2662 4002 ἀμνοῦ
2687 3931 2765 3994 εις
2791 3929 3156 4001 ὁλοκαύτωμα
3177 3945 3190 3959 °
3215 3930 3248 4001 ἢ
3277 3930 3358 3984 ὅτι
3383 3929 3548 3992 αὐτὸς
3577 3929 3799 4001 ἧμελλεν

557 4035 814 4094 fortassis
847 4039 898 4093 id
931 4040 1155 4108 accidit,
1191 4018 1347 4113 quod
1373 4018 1656 4107 Christus,
1690 4041 1785 4111 qui
1814 4045 1933 4093 erat
1956 4052 2132 4109 agnus

2237 4020 2497 4092 ότεχθεὶς
2541 4020 2710 4091 ἀμνὸς
2737 4020 2831 4073 τοῦ
2878 4019 3011 4074 Θεοῦ
3068 4019 3430 4091 όλοκαύτωμα
3479 4018 3800 4092 προσφέρειν

559 4126 658 4184 Dei
706 4131 761 4184 in
798 4132 1066 4188 mundum
1113 4109 1301 4198 natus,
1344 4109 1717 4203 semetipsum
1757 4138 1820 4186 ut
1863 4129 2135 4186 holocau-

1667 4109 1717 4187 n‘
1757 4138 1820 4186 ιιι
1863 4129 2135 4186 δοιοεευ-
2240 4110 2434 4166 ἑαυτὸν
2458 4111 2598 4182 ὑπὲρ
2618 4110 2720 4183 τῆς
2736 4110 2830 4165 τοῦ
2862 4110 3068 4184 κόσμου
3094 4109 3262 4182 ζωῆς.

561 4227 717 4276 stum
743 4221 1033 4278 oblaturus
1054 4230 1174 4279 erat
1201 4238 1302 4295 pro
1328 4223 1519 4279 mundi
1547 4223 1681 4277 vita.

633 4334 855 4392 Homini
881 4334 1047 4388 alicui
1077 4335 1126 4388 si
1148 4332 1361 4387 accidat
1392 4341 1450 4387 ut
1478 4333 1535 4387 in
1559 4332 1800 4402 corporis
1826 4340 1968 4395 cule,
2001 4336 2112 4386 etc.
2152 4326 2316 4401 [XII],
2348 4327 2430 4400 2.]
2461 4327 2625 4384 Prius
2652 4342 2819 4398 quam
2848 4326 3140 4397 speciatim
3168 4326 3262 4382 illa
3296 4341 3653 4393 enarremus,
3682 4341 3801 4383 con-

564 4423 903 4494 templemur
933 4420 1281 4478 affectiones.
1312 4421 1415 4477 Est
1446 4422 1620 4492 igitur
1666 4422 1823 4491 lepra
1863 4419 2069 4473 malum
2118 4416 2399 4488 quoddam
2439 4432 2609 4471 vorax
2643 4422 2700 4470 et
2731 4415 3065 4470 incurahile.
3100 4413 3235 4469 Nam
3262 4430 3398 4469 caro
3427 4424 3731 4471 excavatur
3755 4424 3801 4469 et

562 4511 911 4575 corraditur;
940 4511 1175 4565 moritur
1206 4524 1427 4580 quoque
1455 4508 1696 4565 subinde
1724 4507 1792 4562 ad
1828 4505 2091 4563 inferiora
2120 4505 2266 4560 malo
2297 4504 2401 4558 hoc
2430 4511 2709 4573 serpente.
2744 4500 2864 4570 Quo
2894 4503 3044 4558 circa
3071 4502 3237 4556 etiam
3286 4502 3434 4572 pilus
3458 4502 3664 4557 florens
3693 4516 3802 4572 per-

564 4597 610 4652 it
648 4613 759 4654 non
815 4612 979 4653 secus
1026 4612 1092 4652 ac
1138 4598 1349 4669 planta,
1386 4613 1511 4667 qua:
1548 4596 1822 4654 emoritur
1851 4610 1961 4650 una
1993 4609 2118 4649 cum
2145 4603 2311 4648 terra.
2345 4589 2582 4656 Albedo,
2617 4590 2686 4645 de
2712 4604 2819 4660 qua
2857 4589 2949 4645 hic
2978 4590 3184 4660 agitur,
3214 4596 3299 4644 est
3341 4589 3536 4644 carnis
3566 4590 3800 4659 quaedam

569 4685 871 4741 infirmitas
904 4684 1049 4739 haud
1083 4684 1380 4742 dissimilis
1410 4686 1581 4754 leprze
1616 4702 1630 4740 :
1661 4699 1772 4739 non
1811 4689 1996 4737 tamen
2021 4682 2132 4736 alte
2158 4681 2215 4736 in
2255 4694 2460 4750 corpus
2493 4678 2809 4741 descendit,
2839 4676 2937 4733 sed
2970 4677 3023 4731 in
3058 4676 3348 4747 superficie
3376 4678 3634 4747 corporis
3656 4691 3801 4746 spar-

568 4773 719 4844 gitur
740 4782 795 4829 et
826 4773 1176 4829 diffunditur.
1223 4772 1351 4828 Haec
1380 4773 1552 4843 igitur
1576 4770 1760 4841 [facile
1786 4776 2040 4825 curatur.
2066 4769 2314 4840 Apparet
2354 4783 2419 4822 ex
2446 4764 2614 4821 modo
2645 4765 3094 4821 commemoratis
3119 4765 3327 4835 lepram
3363 4779 3489 4819 esse
3520 4763 3798 4833 quamdam

569 4872 810 4933 pestem,
846 4877 969 4932 qua:
1004 4863 1258 4918 corrodit
1287 4860 1862 4932 corpus'humanum,
1893 4858 2059 4928 idque
2089 4856 2364 4913 Iethaliter
2400 4854 2610 4925 amigit.
2646 4853 2854 4908 Albedo
2888 4862 3070 4907 autem
3105 4852 3349 4922 speciem
3380 4852 3677 4923 quamdam
3721 4852 3802 4904 hac

571 4950 667 5007 bet
696 4951 879 5021 lepraz.
913 4949 1244 5020 Ubicunque
1271 4950 1421 5005 enim
1469 4950 1565 5004 illa
1603 4946 1921 5011 emicuerit,
1956 4945 2226 5001 continuo
2266 4945 2624 5017 suspicamur
2675 4958 2801 4998 esse
2847 4941 3079 5014 lepram.
3118 4941 3319 4996 Verum
3370 4941 3459 4997 lex
3513 4940 3797 4996 albedinem

571 5054 683 5095 non
722 5038 1046 5107 pronuntiat
1073 5037 1369 5106 impuram,
1404 5045 1463 5090 ut
1505 5037 1741 5106 lepram.

647 5124 756 5180 Sex
789 5135 974 5180 autem
998 5123 1217 5193 species
1236 5132 1635 5178 enumerantur
1657 5123 1822 5193 lepra:
1862 5138 1876 5176 :
1901 5137 2009 5177 una
2041 5129 2152 5187 est,
2181 5126 2227 5191 (ξ

2203 5126 2227 5191 ζ
2332 5119 2431 5184 Ἓξ
2488 5119 2605 5189 εῐδη
2667 5117 2925 5188 λεπρῶν·
2967 5118 3001 5189 ἡ
3058 5116 3179 5187 μὲν.
3225 5114 3285 5182 ἐξ
3336 5115 3502 5185 οὐλῆς
3551 5113 3798 5186 σημασίας

575 5234 698 5291 quae
729 5226 957 5289 apparet
987 5232 1051 5272 ex
1087 5216 1345 5271 evidente
1375 5215 1661 5270 cicatricis
1706 5215 1936 5270 indicio.
1964 5214 2152 5268 Altera

2253 5211 2591 5284 τηλαυγοῦςο
2626 5213 2661 5283 η
2687 5211 2767 5275 δὲ,
2797 5210 2906 5264 πᾶν
2924 5209 2985 5262 τὸ
3017 5208 3179 5280 σῶμα
3202 5207 3556 5261 καλύπτουσα
3579 5220 3594 5236 ·
3634 5207 3667 5276 ἡ
3691 5205 3737 5257 δὲ
3752 5201 3798 5267 ἐξ

577 5322 752 5368 tomm
782 5311 993 5383 obtegit
1028 5324 1253 5380 corpus.
1283 5306 1472 5363 Tertia
1522 5306 1832 5377 prorumpit
1857 5322 1925 5362 ex
1971 5305 2156 5361 ulcere

2261 5306 2456 5369 ἕλκους
2488 5303 2838 5374 ὑγιασθέντος
2863 5317 2880 5333 ⁸
2912 5302 2945 5372 ὴ
2973 5300 3051 5368 δὲ,
3083 5301 3191 5354 ἀπὸ
3213 5297 3633 5369 κατακαύματος
3652 5312 3665 5325 ·
3684 5299 3713 5367 ὴ
3734 5294 3795 5357 δὲ.

580 5414 795 5461 sanato.
857 5405 1064 5471 Quarta
1123 5403 1382 5475 provenit
1436 5418 1502 5458 ex
1570 5403 1883 5459 adustionc.
1948 5402 2155 5470 Quinta

2256 5397 2449 5470 ἀνδρὸς
2472 5397 2507 5469 ἢ
2529 5395 2790 5466 γυναικὸς
2824 5396 2882 5448 ὲν
2930 5392 3139 5464 κεφαλῇ
3163 5390 3196 5463 ἢ
3220 5392 3279 5445 ὲν
3312 5390 3568 5460 πώγωνιο
3590 5390 3625 5461 ἡ
3653 5387 3723 5455 δὲ,
3753 5386 3799 5439 tv

581 5498 809 5553 oberrat
856 5498 912 5552 in
945 5496 1127 5568 capite
1160 5494 1243 5551 vel
1280 5494 1493 5562 barba;
1532 5494 1870 5566 iuiestatque
1913 5504 2026 5549 tam
2072 5496 2157 5550 vi-

1913 5504 2026 5549 tam
2072 5496 2157 5550 vi-
2257 5491 2336 5562 τῷ
2373 5489 2773 5563 φαλακρώματι
2799 5489 2834 5561 ἦ
2864 5488 2940 5561 τῷ
2971 5484 3493 5557 ἁναφαλαντώματι.

582 5603 707 5644 rum
741 5602 905 5658 quam
946 5588 1224 5644 feminam.
1257 5587 1422 5644 Sexta
1443 5586 1657 5642 invadit
1681 5587 1959 5643 calvitiem
2001 5586 2157 5658 capi-

585 5678 681 5738 tis,
707 5686 802 5731 aut
832 5685 1066 5749 occupat
1091 5677 1370 5733 calvitiem
1393 5674 1845 5746 superciliorum.

658 5799 706 5834 "
734 5794 857 5864 Sap.
894 5817 931 5863 ι,
966 5796 1052 5852 l3.
1129 5795 1175 5828 "
1210 5793 1352 5851 Psal.
1404 5810 1456 5856 L,
1497 5791 1549 5846 6.
1628 5790 1672 5823 ”
1708 5788 1853 5847 Psal.
1881 5804 2015 5847 ινιι.
2050 5787 2103 5844 ι.
2181 5785 2253 5840 ὀἶ

1129 5795 1175 5828 ³⁸
1210 5793 1352 5851 Psal.
1404 5810 1456 5856 L,
1497 5791 1549 5846 6.
1628 5790 1672 5823 ”
1708 5788 1853 5847 Psal.
1881 5804 2015 5847 ινιι.
2050 5787 2103 5844 ι.
2181 5787 2227 5819 ⁸⁸
2251 5783 2486 5852 Philipp.
2532 5798 2615 5845 ut.
2653 5781 2698 5838 ὅ.
