4038 6502
202 374 309 441 733
1218 373 1759 436 COMMENTARII
1804 376 1884 435 IN
1930 374 2342 435 LEVITICUM
2353 422 2365 435 .
3362 362 3467 427 734

276 493 344 546 At
375 489 531 562 lepra
576 488 853 563 signiﬁcat
893 488 1146 545 maculas
1182 488 1433 554 illorum,
1486 487 1583 558 qui
1626 487 1881 544 mundati
1927 498 2059 542 sunt
2091 488 2173 542 vel
2223 488 2276 541 in
2311 488 2417 542 hoc
2448 485 2531 541 vel
2565 486 2621 541 in
2656 483 2847 539 futuro
2884 479 3115 547 saeculo,
3156 485 3214 532 ut
3241 475 3464 546 quidam

204 578 510 651 perhibent.
538 578 614 635 Ut
654 578 807 633 enim
839 577 1073 633 cicatrix
1120 577 1413 645 vestigium
1442 587 1527 633 est
1567 576 1822 631 vulneris
1857 574 1911 629 in
1940 590 2176 645 corpore
2201 576 2381 629 curati
2418 592 2430 629 :
2465 575 2547 630 sic
2589 574 2643 629 in
2676 572 2863 628 anima
2896 570 3257 638 delinquente
3280 604 3295 629 ,
3358 563 3464 617 etsi

209 676 461 733 sanetur,
488 666 826 737 relinquitur
853 665 1106 737 quaedam
1139 664 1304 735 quasi
1344 663 1603 730 cicatrix,
1634 677 1801 735 quam
1841 663 1996 720 solus
2029 664 2211 719 cernit
2247 663 2415 728 Deus,
2452 672 2546 720 aut
2579 663 2783 734 quibus
2814 676 2844 715 a
2876 658 2987 714 Deo
3012 657 3202 713 datum
3251 660 3361 716 est,
3406 660 3467 706 ut

206 772 327 811 eam
359 755 681 826 perspicere
720 760 951 823 queant.
997 749 1214 807 Idcirco
1265 750 1449 807 danda
1487 758 1576 807 est
1608 765 1798 821 opera,
1830 758 1894 805 ut
1924 766 2088 808 omne
2124 751 2375 807 vulneris
2416 750 2709 821 vestigium
2755 748 3006 804 tollatur.
3056 742 3215 810 Quod
3252 743 3365 804 liet,
3401 738 3453 795 si

208 842 507 913 perfectam
556 842 906 896 curationem
950 840 1172 897 vulneri
1217 838 1653 895 admoverimus.
1698 837 1777 893 De
1831 839 2152 895 istiusmodi
2205 837 2537 893 vulneribus
2580 837 2656 892 ita
2706 836 3042 890 vaticinatur
3078 831 3303 888 Isaias:
3343 845 3364 881 ι
3421 827 3467 882 Δ

210 931 395 1001 planta
444 929 604 1000 pedis
639 944 817 998 usque
865 926 936 983 ad
986 929 1254 983 verticem
1296 941 1407 981 non
1447 932 1534 981 est
1573 925 1629 981 in
1675 940 1742 982 eo
1777 927 1990 983 sanitas
2018 929 2086 982 ⁸⁷.
2131 945 2151 980 ι
2182 956 2253 971 -
2282 944 2301 979 ι
2335 924 2554 983 Vulnus
2585 932 2642 981 et
2685 924 2830 979 livor
2875 931 2930 978 et
2956 922 3115 993 plaga
3162 929 3405 974 tumens.
3447 932 3466 969 ι

209 1020 369 1087 Quod
407 1035 538 1074 vero
561 1018 931 1089 quorumdam
967 1016 1302 1071 vulneribus
1330 1016 1699 1087 imponuntur
1727 1015 2079 1086 malagmata,
2114 1015 2340 1070 illorum
2375 1015 2602 1085 inquam
2628 1026 2867 1085 quorum
2902 1010 3058 1066 salus
3084 1005 3332 1063 nondum
3366 1020 3465 1076 pe-
3496 1050 3505 1079 ε

210 1108 364 1163 nitus
393 1117 478 1161 est
507 1106 799 1176 deplorata
837 1114 893 1159 et
925 1104 1243 1175 desperata,
1276 1103 1525 1160 declarat
1549 1104 1691 1160 idem
1717 1104 1981 1174 propheta
2015 1105 2373 1174 sequentibus
2402 1102 2591 1159 verbis
2622 1119 2635 1157 :
2670 1120 2688 1154 ι
2716 1099 2842 1155 Νοη
2870 1099 3003 1155 licet
3052 1097 3330 1167 malagma
3372 1091 3475 1147 ad-

212 1196 347 1252 dere
374 1195 621 1260 vulneri,
660 1208 770 1248 non
803 1192 986 1248 oleum
1024 1191 1336 1247 infundere
1360 1192 1429 1258 ⁸⁸,
1463 1209 1482 1243 ι
1512 1191 1726 1261 respuit
1759 1207 1982 1262 quoque
2012 1192 2213 1246 vulnus
2248 1190 2353 1245 hoc
2385 1189 2629 1245 vincula.
2663 1187 2732 1241 At
2771 1186 2840 1242 de
2876 1184 3212 1239 contritione
3243 1191 3298 1237 et
3329 1192 3477 1235 saeva

214 1285 414 1339 animae
443 1284 601 1352 plaga
626 1324 641 1348 ,
669 1296 796 1353 quae
827 1295 938 1336 non
984 1280 1093 1335 nisi
1121 1295 1321 1351 magno
1346 1288 1579 1334 curatur
1611 1279 1821 1347 labore,
1855 1279 2031 1335 donec
2056 1278 2278 1348 penitus
2316 1277 2611 1348 pristinam
2642 1272 2877 1343 recipiat
2908 1273 3205 1326 sanitatem
3238 1274 3294 1323 et
3324 1267 3476 1322 cica-

216 1373 366 1428 trice
398 1352 723 1441 obtegatur,
760 1369 840 1425 sic
868 1370 1037 1424 verba
1084 1367 1216 1424 facit
1238 1365 1555 1424 Jeremias:
1594 1366 1719 1422 Haec
1755 1366 1890 1421 dicit
1926 1366 2193 1421 Dominus
2225 1384 2240 1421 :
2271 1362 2603 1421 Restauravi
2647 1361 3046 1417 contritionem
3076 1366 3267 1412 tuam:
3294 1352 3478 1426 pessi-

217 1476 305 1515 ma
334 1468 419 1515 est
462 1438 621 1530 plaga
654 1468 771 1514 tua.
805 1455 923 1511 Non
965 1465 1050 1513 est
1073 1457 1166 1527 qui
1195 1455 1414 1526 judicet
1443 1454 1717 1526 judicium
1755 1463 1909 1510 tuum
1957 1456 2024 1510 ad
2060 1454 2393 1525 alligandam
2428 1452 2774 1508 curationem
2808 1458 2981 1511 tuam,
3008 1455 3142 1509 etc.,
3178 1457 3355 1514 usque
3407 1438 3478 1496 ad

222 1548 341 1602 haec
372 1547 536 1602 verba
568 1565 581 1601 :
613 1564 631 1599 ι
669 1546 712 1599 Δ
742 1546 924 1616 plaga,
956 1526 1467 1616 quaergravissimis
1500 1542 1786 1598 doloribus
1832 1550 1885 1597 te
1911 1543 2213 1604 excruciat,
2257 1541 2499 1596 liberabo
2551 1548 2603 1595 te
2632 1540 2698 1593 “.
2741 1557 2759 1589 ι
2795 1537 2920 1591 Ilaec
2972 1533 3275 1590 novissima
3313 1526 3481 1583 verba

221 1638 305 1692 sic
352 1614 761 1706 interpretatus
805 1614 895 1689 εει
954 1614 1150 1704 Α(ιυίιᾶ
1178 1642 1232 1688 et
1273 1633 1639 1706 Symmachus
1677 1651 1691 1687 :
1725 1633 1865 1701 Quia
1890 1632 2148 1687 abducam
2185 1628 2369 1684 vulnus
2403 1637 2550 1681 tuum
2589 1625 2859 1680 cicatrice.
2914 1622 3115 1676 Iterum
3151 1619 3292 1673 idem
3326 1614 3481 1672 Iere-

222 1724 366 1777 mias
424 1721 674 1792 loquitur
718 1720 1027 1776 secundum
1062 1722 1372 1776 versionem
1415 1721 1770 1792 Septuaginta
1814 1724 2176 1790 interpretum
2213 1736 2226 1771 :
2268 1736 2288 1768 r
2322 1716 2462 1771 Ecce
2499 1715 2883 1786 egoinducam
2916 1710 2994 1765 illi
3047 1708 3391 1768 cicatricem,
3429 1712 3485 1758 et

222 1811 518 1864 sanitatem
559 1808 845 1863 restituam
880 1807 985 1871 eis,
1009 1817 1064 1863 et
1093 1807 1458 1864 manifestabo
1520 1811 1600 1864 eis
1633 1808 1789 1864 [idem
1829 1818 1884 1865 et
1912 1822 2098 1879 pacem
2136 1824 2151 1868 ;
2185 1815 2239 1859 et
2269 1804 2529 1860 reducam
2587 1800 2967 1868 migrationem
2998 1794 3139 1850 Juda
3210 1806 3263 1849 et
3300 1802 3482 1847 trans-

223 1899 616 1969 migrationem
644 1896 953 1952 Jerusalem
989 1897 1059 1950 ⁸ο,
1097 1915 1116 1948 ι
1156 1895 1468 1953 Innascitur
1498 1898 1771 1952 interdum
1836 1896 2106 1959 cicatrici,
2160 1909 2287 1965 quae
2331 1892 2552 1963 quidem
2590 1891 2679 1945 vix
2720 1889 2869 1945 cerni
2902 1893 3128 1956 propter
3181 1880 3487 1937 curationis

221 1968 628 2058 perfectionem
689 1984 833 2055 quit,
865 1983 961 2039 sed
995 1984 1188 2039 saltem
1224 1986 1386 2055 lepra:
1409 1992 1596 2039 notam
1618 1993 1672 2039 et
1701 1985 2157 2055 signiﬁcationem
2190 1983 2480 2053 quamdam
2502 1995 2601 2035 nec
2628 1994 2747 2034 eam
2780 1977 3091 2032 evidentem
3154 1969 3248 2028 scd
3283 1968 3489 2024 subob-

222 2088 453 2130 scuram
483 2072 712 2128 exhibet
752 2072 809 2127 in
856 2079 983 2127 cute
1012 2071 1266 2142 corporis
1294 2090 1307 2126 :
1334 2071 1496 2143 347
1527 2081 1579 2127 et
1625 2080 1845 2143 propter
1885 2073 2026 2127 hanc
2058 2072 2349 2141 sequentia
2384 2070 2501 2140 lege
2543 2067 3007 2122 determinantur.
3069 2058 3306 2115 Necesse
3336 2056 3484 2110 enim

222 2170 335 2223 est,
371 2170 433 2216 ut
476 2161 533 2216 hi
584 2161 678 2231 qui
712 2159 782 2216 ab
806 2175 940 2216 orco
973 2161 1133 2230 quasi
1166 2161 1369 2215 mortui
1410 2176 1507 2230 per
1527 2159 1807 2214 Christum
1844 2158 1911 2214 ad
1936 2161 2101 2214 vitam
2147 2167 2278 2214 sunt
2308 2156 2574 2219 revocati,
2608 2169 2770 2222 quam
2804 2149 3124 2221 longissime
3167 2146 3425 2201 recedant
3452 2158 3483 2196 a

223 2249 400 2317 vitiis,
437 2247 838 2319 repudiumque
864 2249 1087 2302 mittant
1115 2248 1302 2302 carnis
1324 2253 1379 2302 et
1397 2247 1586 2302 mundi
1643 2246 1940 2303 illecebris.
1974 2247 2078 2314 Qui
2113 2262 2352 2317 namque
2374 2245 2429 2299 in
2455 2258 2619 2299 carne
2644 2250 2941 2297 sementem
2982 2237 3196 2300 fecerit,
3223 2233 3290 2289 de
3320 2246 3488 2286 carne

224 2346 400 2395 metet
426 2317 841 2407 corruptionem
871 2335 939 2393 ".
978 2352 996 2387 ι
1029 2333 1182 2390 Talis
1211 2335 1398 2405 itaque
1426 2335 1676 2405 impurus
1702 2344 1757 2389 et
1778 2335 2095 2391 immundus
2112 2334 2395 2405 iudicatur
2420 2332 2475 2386 in
2498 2334 2801 2398 conspectu
2832 2323 3065 2388 Christi,
3090 2322 3250 2392 juxta
3310 2317 3442 2374 illud
3468 2333 3486 2371 :

236 2425 570 2497 «Impurum
600 2404 794 2494 ipsum
838 2423 1228 2493 pronuntiabit
1258 2404 1538 2479 sacerdos.
1583 2441 1603 2476 ι
1654 2421 1866 2490 Quibus
1907 2422 1998 2477 illa
2045 2404 2339 2492 im’puritas
2381 2416 2686 2484 inhazserit,
2713 2411 2943 2468 audient
2977 2407 3309 2465 horrendam
3338 2404 3488 2458 illam

225 2495 450 2572 Christi
487 2529 677 2569 vocem
716 2531 729 2567 :
771 2530 790 2564 ι
822 2511 1097 2568 DISCedite
1130 2527 1160 2567 a
1182 2527 1291 2576 me,
1319 2511 1416 2582 qui
1444 2512 1655 2584 operati
1688 2511 1824 2567 estis
1856 2510 2060 2565 malum
2099 2526 2113 2563 :
2147 2523 2255 2562 non
2287 2505 2415 2561 novi
2444 2519 2548 2560 vos
2579 2503 2647 2556 ".
2693 2521 2712 2554 ι
2749 2500 2963 2556 Albedo
3022 2495 3219 2550 anima:
3246 2500 3299 2548 et
3325 2505 3492 2561 argu-

224 2613 477 2661 mentum
510 2603 596 2658 vel
642 2600 907 2657 indicium
938 2601 1215 2657 cicatricis
1256 2602 1410 2671 lepra
1440 2601 1660 2656 infecta:
1687 2608 1773 2657 est
1808 2598 2091 2655 inclinatio
2120 2603 2175 2651 et
2205 2593 2271 2648 ad
2303 2593 2504 2648 malum
2532 2588 2732 2647 mentis
2783 2585 3127 2659 proclivitas.
3155 2597 3257 2671 nec
3292 2588 3475 2633 tamen

223 2694 297 2751 ad
342 2693 546 2749 malum
580 2691 838 2763 procedit
874 2708 888 2746 :
926 2689 1024 2745 sed
1060 2703 1089 2744 a
1120 2688 1279 2745 malis
1311 2663 1474 2746 Iactis
1510 2688 1774 2744 abstinet.
1802 2685 2042 2756 Operum
2074 2676 2352 2749 siquidem
2382 2680 2579 2730 auctor
2618 2679 2672 2727 et
2698 2671 2811 2726 dux
2838 2676 3100 2726 censetur
3126 2663 3289 2763 ratio.

296 2748 655 2853 Quapropter
682 2779 863 2849 inquit
896 2778 1069 2834 David
1102 2797 1117 2833 :
1155 2796 1174 2831 ι
1210 2778 1525 2849 Antequam
1559 2748 1884 2832 humiliatus
1913 2785 2035 2826 sum
2056 2809 2071 2834 ,
2105 2748 2327 2838 peccavi
2354 2765 2422 2820 “.
2462 2781 2482 2815 ι
2517 2759 3049 2853 Tunc_enim.men‘s
3070 2795 3085 2820 ,
3117 2752 3276 2824 quasi
3312 2748 3491 2850 libra,

223 2868 555 2941 impellitur,
588 2865 971 2947 quandooquis
1003 2865 1060 2921 in
1091 2865 1292 2921 mortis
1323 2838 1630 2936 periculum
1664 2866 1911 2919 nondum
1942 2857 2187 2919 venerit,
2219 2853 2315 2910 sed
2345 2866 2511 2923 quam
2542 2847 2793 2921 proxime
2824 2845 2892 2901 ad
2925 2844 3130 2899 malum
3164 2838 3491 2947 accesserit.

222 2927 352 3013 Ηυό
380 2927 560 3028 aptari
589 2927 775 3026 potest
803 2927 1029 3009 et'illud
1059 2970 1073 3009 :
1110 2971 1129 3006 ι
1163 2927 1360 3019 Nemo,
1388 2951 1484 3023 qui
1516 2958 1786 3012 tentatur,
1816 2950 1966 3005 dicat
1994 2962 2055 3003 se
2084 2961 2115 3000 a
2148 2945 2258 3000 Deo
2288 2940 2515 2999 tentari.
2567 2938 2714 2994 Deus
2774 2943 2836 2990 ut
2889 2950 2999 2989 non
3032 2938 3280 3028 tentatur
3306 2927 3491 2992 malis,

223 3044 315 3102 sic
359 3019 465 3099 nec
505 3019 626 3113 ipse
682 3049 867 3098 tentat
938 3055 1302 3112 quemquam.
1364 3019 1771 3110 Unusquisque
1834 3046 2017 3092 autem
2058 3039 2309 3089 tentatur
2342 3044 2373 3084 a
2410 3042 2508 3084 sua
2546 3022 3008 3096 concupiscentia
3071 3019 3390 3075 abstractus
3439 3021 3496 3069 et

226 3108 769 3188 inescatus.Deinde
792 3108 1255 3202 concupiscentia
1288 3127 1385 3183 ubi
1421 3108 1758 3198 conceperit,
1795 3125 1939 3197 parit
1974 3127 2260 3194 peccatum
2286 3134 2301 3172 :
2325 3124 2382 3172 at
2416 3123 2705 3188 peccatum
2744 3114 3194 3168 consummatum
3235 3108 3497 3202 procreat

227 3228 473 3276 mortem
490 3219 612 3275 σι’.»
639 3217 761 3274 Non
788 3218 960 3290 igitur
982 3191 1258 3274 continuo
1277 3217 1511 3281 malum,
1539 3191 1685 3286 quod
1712 3191 1944 3269 mortem
1971 3191 2372 3280 importat,nos
2406 3198 3224 3290 invadit,quantisperpeccato
3259 3191 3500 3290 relucta-

230 3323 385 3362 mur.
414 3305 550 3361 Nam
579 3322 689 3361 non
721 3277 884 3362 omne
910 3313 1200 3377 peccatum
1230 3312 1316 3361 est
1346 3304 1414 3359 ad
1445 3277 1702 3360 mortem.
1728 3277 2077 3373 Quapropter
2103 3309 2207 3351 nec
2236 3294 2307 3357 is,
2335 3291 2431 3363 qui
2464 3297 2755 3360 suspectus
2801 3294 2923 3342 erat
2952 3284 3023 3377 ob
3052 3283 3260 3353 lcpram
3290 3277 3361 3333 de
3389 3292 3501 3348 quo

231 3412 389 3452 nunc
420 3396 626 3465 agitur,
660 3372 974 3450 sacerdotis
1005 3394 1279 3450 sententia
1313 3393 1566 3463 impurus
1595 3389 1908 3446 ostenditur
1938 3405 1953 3443 :
1987 3384 2082 3442 sed
2114 3390 2458 3454 segregatur.
2492 3378 2588 3433 Illa
2614 3391 2747 3432 vero
2780 3372 3032 3446 probatio
3053 3409 3069 3434 ,
3102 3383 3231 3465 qua:
3286 3373 3501 3465 septem

232 3485 405 3540 durat
435 3485 633 3539 diebus
652 3524 669 3549 ,
698 3482 977 3554 signiﬁcat
1005 3482 1167 3537 istam
1204 3453 1592 3551 probationem
1614 3518 1630 3544 ,
1660 3493 1782 3549 quae
1812 3491 1916 3531 nos
1948 3488 2047 3545 per
2075 3453 2400 3526 universum
2429 3466 2556 3522 vitae
2580 3462 2927 3521 curriculum
2957 3457 3202 3554 exagitat
3231 3463 3285 3552 et
3312 3453 3504 3554 exple:

233 3581 347 3628 rat.
383 3571 530 3628 Deus
564 3536 676 3627 non
710 3536 910 3642 probat
943 3570 989 3626 si
1026 3536 1308 3625 moremur
1338 3567 1510 3624 vicini
1552 3536 1720 3621 malo.
1758 3536 1997 3620 Proinde
2032 3560 2271 3617 sollicite
2305 3554 2614 3611 cavendum
2648 3560 2734 3608 est
2767 3548 2968 3611 nobis,
3006 3561 3075 3601 ne
3116 3541 3327 3642 aliquid
3371 3536 3503 3639 mali

237 3672 471 3732 propter
504 3626 752 3715 vicinum
794 3660 1003 3714 malum
1054 3672 1157 3712 nos
1195 3654 1615 3726 apprehendat,
1651 3652 1800 3724 quod
1835 3667 1938 3708 nos
1972 3648 2171 3707 deinde
2209 3644 2422 3702 inliciat
2454 3650 2509 3699 et
2541 3656 2572 3698 e
2607 3638 2810 3732 castris
2847 3636 2941 3692 Dei
2978 3626 3505 3732 quant-longissimo

237 3714 540 3819 propellat.
572 3714 831 3802 Christus
861 3752 947 3803 est
977 3746 1025 3800 is
1055 3714 1321 3800 sacerdos
1342 3780 1359 3806 ,
1389 3741 1486 3811 qui
1519 3714 1832 3795 animarum
1864 3746 2187 3794 nostrarum
2221 3735 2431 3803 lepram
2464 3726 2787 3786 considerat
2822 3743 2836 3781 :
2871 3725 3022 3779 hunc
3055 3719 3288 3819 nullum.
3310 3714 3507 3819 latebit

238 3802 410 3905 Iepra:
433 3834 649 3889 vitium.
678 3802 888 3889 Idcirco
922 3832 1101 3903 inquit
1131 3847 1146 3887 :
1184 3849 1203 3882 ι
1240 3802 1434 3885 Sancti
1467 3835 1649 3884 estote
1679 3844 1693 3881 :
1722 3826 1857 3897 quia
1882 3833 1940 3882 et
1967 3838 2070 3895 ego
2100 3802 2334 3879 sanctus
2363 3834 2488 3875 sum
2511 3817 2577 3872 “.
2614 3834 2634 3868 ι
2669 3814 2830 3870 Illum
2868 3819 3086 3905 autem,
3114 3807 3210 3879 qui
3240 3802 3504 3901 absolvo.

240 3888 413 3977 batur
441 3937 472 3976 a
506 3922 674 3992 Icprze
708 3888 1035 3992 impuritate
1068 3916 1382 3974 sacerdotis
1418 3888 1790 3976 auctoritate,
1821 3888 2116 3982 oportebat
2149 3908 2335 3964 eluere
2364 3905 2731 3970 vestimenta,
2765 3906 2828 3955 ut
2860 3896 3009 3992 et-in
3046 3896 3152 3992 hac
3186 3899 3348 3992 parte
3379 3888 3505 3992 eius

239 4010 466 4082 puritas
495 3976 807 4064 constaret:
831 4010 1005 4078 Aqua:
1028 4020 1161 4062 vero
1191 4004 1531 4060 mentionem
1566 4000 1738 4057 infert
1768 3976 1896 4067 lex-,
1924 4008 1985 4053 ut
2014 4004 2206 4053 notum
2234 3994 2309 4051 sit
2340 3990 2638 4054 omnibus,
2670 4001 2893 4044 sacrum
2924 3983 3201 4057 baptisma
3226 3980 3340 4052 jam
3371 3976 3506 4032 olim

239 4098 302 4153 in
340 4097 462 4168 lege
493 4112 617 4152 esse
649 4095 1013 4151 delineatum.
1892 4102 1895 4105 λ

332 4159 471 4244 Ἐἶιν
507 4190 575 4243 δὲ
598 4229 611 4243 .
638 4230 652 4244 .
676 4228 692 4244 .
726 4189 976 4258 καλύψῃ
1016 4187 1055 4255 ἡ
1099 4185 1297 4253 λέπρα
1349 4183 1420 4238 ἐν
1456 4181 1539 4248 τῷ
1584 4180 1827 4253 δέρματι
1856 4186 1904 4245 Α

2003 4178 2072 4234 Ει
2101 4180 2148 4233 si
2178 4178 2326 4248 lepra
2354 4173 2606 4230 obtrxerit
2638 4172 2939 4225 universam
2964 4174 3137 4221 cutem
3161 4179 3193 4217 a
3219 4159 3392 4230 capite
3417 4170 3511 4211 us-

240 4282 361 4352 τῆς
413 4280 577 4351 ἁφῆς
626 4281 744 4336 ἀπὸ
793 4248 1066 4350 κεφταᾶἦξ
1125 4248 1237 4344 ἐωξ-
1290 4273 1511 4330 ποδῶν.
1561 4248 1699 4328 Τῶννν
1722 4291 1825 4327 πα-

1934 4288 2033 4344 que
2050 4272 2118 4326 ad
2136 4272 2354 4336 calcem,
2369 4276 2477 4326 etc.
2499 4263 2663 4340 LXIII,
2684 4261 2793 4335 12.}
2813 4260 3047 4329 Quidam
3065 4274 3129 4314 ex
3150 4253 3351 4327 priscis
3369 4248 3511 4352 scri-

240 4342 415 4428 idem
623 4373 810 4444 χρῶτα
862 4342 1057 4435 ζῶντα.
1112 4342 1226 4423 τὸν-
1269 4368 1430 4436 λόγον
1494 4364 1824 4436 ἐλάμϐανεν.

1934 4342 2184 4435 ptoribus
2213 4363 2319 4419 sub
2343 4369 2491 4427 cute,
2515 4374 2680 4432 quam
2709 4365 2877 4412 totam
2906 4349 3197 4420 occupavit
3223 4346 3396 4415 lepra,
3424 4342 3511 4394 in-

242 4459 327 4521 Οὔ
390 4464 470 4536 μὴ
516 4438 783 4534 taedere;
833 4464 900 4535 τῇ
933 4461 1106 4533 ψυχῇ,
1157 4462 1185 4516 ὃ
1226 4460 1279 4513 τι
1318 4459 1439 4512 ποτ’
1480 4452 1576 4512 οὖν
1623 4457 1690 4511 ἂν
1734 4455 1828 4525 γέ-

1934 4457 2132 4527 telligit
2149 4456 2327 4510 vivam
2353 4454 2645 4516 rationem,
2665 4466 2773 4522 qua
2795 4450 2841 4504 si
2863 4444 3033 4502 fuerit
3054 4444 3219 4498 homo
3239 4438 3507 4508 privatus,

243 4534 465 4627 νηταὶς
513 4555 847 4626 ἀνέγκλητος
892 4534 949 4609 νὸ
1001 4555 1305 4625 ἁμαρτὼν,
1374 4553 1572 4622 ἀλόγου
1643 4551 1827 4623 φέρων

1934 4548 2204 4620 quidquid
2243 4547 2417 4618 egerit
2456 4541 2788 4616 reprehendi
2827 4538 3114 4595 commode
3155 4547 3264 4587 non
3303 4534 3507 4627 potest.

246 4620 634 4703 auarae-tactv;
666 4650 716 4702 el
737 4620 794 4702 οὲ
818 4649 1019 4720 παρείη
1043 4620 1232 4716 λόῆος,
1270 4620 1591 4709 ὑπεύθυῆος.
1627 4644 1693 4697 Τί
1718 4620 1829 4699 ὀὖν

1933 4641 2069 4696 Nam
2102 4642 2267 4695 homo
2292 4637 2387 4709 qui
2420 4636 2639 4691 ratione
2666 4640 2847 4697 caret,
2877 4628 3012 4683 nihil
3040 4624 3221 4681 differt
3249 4637 3279 4675 a
3307 4620 3505 4675 bellua.

244 4740 314 4794 τὸ
350 4740 474 4795 καθ’
498 4740 620 4795 ὅλου
660 4740 754 4795 τοῦ
789 4713 1041 4811 σώματος
1078 4713 1327 4810 γίνεσθαι
1379 4737 1479 4809 τὴν
1525 4736 1705 4807 ἁφήν;
1754 4735 1828 4806 μή

1942 4734 2044 4790 Ubi
2066 4733 2303 4805 primum
2332 4729 2572 4786 adfuerit
2592 4724 2800 4783 homini
2831 4724 2995 4789 ratio,
3023 4721 3068 4777 si
3100 4715 3235 4790 quid
3267 4713 3514 4811 delique-

247 4849 388 4887 ποτε
432 4832 715 4903 τροπικῶς
753 4805 1102 4902 (praevia-:8“,
1136 4830 1170 4903 ἢ
1228 4805 1592 4900 μελαγχολίας
1627 4805 1830 4897 animi;

1939 4830 2043 4893 rit,
2074 4822 2267 4898 poenis
2309 4833 2458 4879 recte
2499 4820 2745 4878 coerceri
2786 4816 3011 4889 poterit.
3051 4811 3195 4881 Quid
3239 4808 3345 4866 sibi
3386 4805 3506 4858 vult

253 4927 335 4998 μὴ
366 4901 690 4995 βοηθοῦντος
718 4901 828 4995 γὰρ
866 4925 987 4978 τότε
1011 4901 1195 4992 Myos,
1232 4922 1370 4994 μηδὲ
1404 4920 1687 4990 παρούσης
1745 4919 1833 4971 αι-

1939 4920 2082 4990 quod
2113 4918 2295 4989 inquit
2322 4933 2337 4971 :
2369 4914 2600 4971 Tactum
2633 4914 2751 4969 fieri
2780 4912 2951 4967 totius
2976 4906 3263 4980 corporis?
3290 4901 3514 4957 Fortaso

250 4993 528 5085 aciem,
556 5016 665 5070 πᾶν
689 5015 751 5069 τὸ
770 4993 1038 5087 τέραχθὲν,
1069 5014 1102 5086 ἢ
1133 4993 1342 5085 λεχθὲν,
1372 5012 1471 5083 οὐχ
1500 5010 1828 5082 ἁμάρτημα·

1940 5012 2018 5068 sis
2053 5011 2263 5081 tropice
2300 5008 2555 5080 intelligit
2586 5004 2905 5061 melancolia
2936 5010 3032 5057 aut
3064 4998 3321 5072 phrenesi
3361 4993 3513 5048 labi»

251 5108 375 5163 ἀλλ’
402 5108 490 5163 ὅτε
543 5108 807 5178 πάρεστιν
835 5108 1111 5177 αἴσθησις.

1939 5110 2147 5159 rantes.
2176 5101 2313 5156 Dum
2342 5101 2491 5156 enim
2522 5099 2608 5154 his
2637 5114 2747 5153 non
2779 5096 3010 5151 inservit
3040 5106 3216 5162 neque
3242 5088 3389 5143 ratio
3417 5102 3508 5137 nc-

253 5215 369 5270 que
396 5215 618 5264 sensus,
644 5198 911 5270 quidquid
938 5194 1021 5254 vel
1051 5198 1292 5255 dixerint
1320 5197 1403 5254 vel
1437 5195 1693 5262 fecerint,
1725 5208 1836 5251 non
1878 5195 2089 5266 peccati
2135 5209 2336 5250 nomen
2384 5191 2717 5256 merebitur;
2763 5197 2820 5242 at
2867 5185 3072 5259 peccati
3156 5195 3350 5236 nomen
3398 5185 3512 5228 tum

252 5300 530 5354 recurret.
559 5307 684 5347 cum
716 5308 915 5350 sensus
944 5292 1181 5348 alfuerit.

337 5384 577 5440 Proinde
612 5385 668 5440 in
709 5384 856 5441 hunc
879 5348 1103 5439 modum
1145 5384 1478 5453 loquamur:
1517 5379 1781 5435 Bifariam
1821 5379 2105 5449 placemus
2138 5384 2194 5432 et
2227 5373 2368 5446 grati
2409 5388 2605 5429 sumus
2645 5370 2775 5426 Deo.
2820 5368 2878 5421 Si
2919 5364 3157 5420 vivimus
3201 5360 3332 5423 Deo,
3372 5358 3513 5453 nihil
3554 5348 3561 5361 ’

259 5481 576 5527 emortuum
614 5473 688 5529 sit
724 5472 780 5527 in
819 5472 1014 5540 nobis;
1050 5470 1097 5528 si
1139 5444 1345 5526 mortui
1382 5469 1657 5527 fuerimus
1695 5444 1945 5538 peccato,
1983 5466 2151 5520 nulla).
2189 5444 2399 5534 peccati
2436 5459 2689 5530 reliquiae
2729 5456 2782 5511 in
2822 5453 2985 5509 nobis
3026 5456 3372 5506 remaneant.
3409 5444 3511 5501 Ubi

250 5562 477 5619 mortui
508 5560 785 5619 fuerimus
818 5559 1057 5625 mundo,
1088 5574 1157 5616 ne
1190 5573 1541 5617 recurramus
1576 5558 1643 5613 ad
1677 5559 1831 5612 vitia.
1864 5555 2138 5623 Quocirca
2171 5550 2379 5608 Paulus
2413 5550 2491 5607 ait
2523 5565 2537 5603 :
2577 5567 2595 5601 ι
2638 5546 2731 5602 Sic
2762 5552 2812 5601 et
2849 5556 2946 5598 vos
2982 5539 3224 5612 cogitate
3258 5542 3514 5593 mortuos

337 5722 383 5754 "
424 5720 529 5778 Isa.
558 5738 600 5786 ι,
631 5720 682 5773 6.
759 5718 806 5751 ⁸⁸
845 5717 980 5774 ibid.
1055 5719 1101 5751 ’θ
1146 5715 1345 5786 Jerem.
1383 5730 1510 5778 xxx,
1546 5713 1652 5786 12.Δ
1682 5712 1765 5786 15.
1844 5712 1929 5764 “i

1916 5711 2050 5786 ibid.
2088 5709 2173 5775 ιτ,
2229 5708 2308 5763 l8.
2417 5707 2456 5738 υ
2498 5703 2772 5767 catam.
2816 5702 2866 5756 8.
2974 5700 3018 5732 σν
3054 5696 3243 5752 Iit-mu.
3284 5711 3377 5755 HI.
3418 5692 3509 5749 at.

262 5792 313 5825 “
354 5791 495 5849 Psal.
530 5782 724 5857 civili,
756 5790 843 5844 67.
920 5790 985 5820 ⁸³⁸
1020 5786 1133 5842 Jac.
1181 5803 1217 5851 ι,
1267 5784 1349 5848 Η,
1391 5786 1472 5839 l5.
1550 5785 1591 5816 "
1633 5782 1805 5839 Levii.
1839 5797 1913 5847 χι,
1946 5782 2033 5837 Η.
