4038 6534
562 368 676 435 735
1887 363 2235 425 PROCOPII
2276 363 2519 424 GAZ/El
3700 366 3792 429 736

461 535 469 542 ,
564 478 791 548 quidem
827 484 1076 545 peccato,
1111 474 1358 530 viventes
1392 483 1573 529 autem
1612 472 1723 527 Deo
1760 473 1813 525 iu
1851 470 2073 527 Christo
2107 468 2236 525 Iesu
2260 470 2328 526 ".
2363 468 2497 523 Nam
2534 486 2633 540 pro
2666 467 2825 527 nobis
2860 479 3092 525 mortem
3130 468 3401 525 sustinuit
3429 469 3691 539 Christus,
3719 491 3787 541 ιιι,

572 568 664 630 qui
697 567 908 627 vivunt,
938 578 1046 616 non
1078 565 1314 633 amplius
1345 563 1448 617 sibi
1478 562 1685 624 vivant,
1713 559 1808 614 sed
1839 560 1914 623 ei,
1942 558 2037 629 qui
2070 573 2169 629 pro
2198 557 2333 627 ipsis
2362 566 2615 612 mortuus
2640 568 2725 613 est
2750 568 2804 612 et
2830 559 3217 621 resurrexit“,
3248 559 3339 625 qui
3376 568 3593 627 peccata
3625 577 3791 620 nostra

573 651 805 721 portavit
840 664 1076 719 corpore
1108 665 1213 705 suo
1244 664 1410 717 super
1438 648 1608 719 ligno,
1638 654 1696 700 ut
1728 654 2077 716 peccatorum
2109 645 2437 715 impunitate
2470 655 2690 717 recepta
2717 646 2973 702 vivamus
2998 647 3234 715 justitia:
3252 647 3317 679 ’τ’
3354 665 3375 697 ι
3405 645 3658 701 Moriatur
3683 667 3793 718 pec-

570 746 719 803 cato,
756 751 826 791 ne
858 745 915 791 et
952 735 1057 789 hoc
1096 750 1195 791 nos
1231 743 1539 805 praetereat,
1577 734 1622 789 si
1668 748 1931 787 necamus
1968 732 2217 786 membra
2251 742 2446 788 nostra
2483 741 2725 798 terrena,
2763 735 3186 796 scortationem,
3225 735 3646 801 immunditiem,
3680 738 3794 792 affe-

568 833 751 888 ctum,
786 822 1148 893 cupiditatem
1188 821 1405 876 malam.
1442 820 1546 888 Qui
1584 835 1715 875 vero
1751 820 1953 873 mortui
1990 835 2183 876 sumus
2224 832 2478 890 peccato,
2512 821 2792 892 quomodo
2829 832 3020 892 postea
3045 822 3100 875 in
3136 820 3303 893 358
3331 837 3400 877 eo
3431 822 3712 877 vivemus?
3741 826 3789 881 Si

574 913 857 983 paululum
907 914 1068 967 modo
1117 912 1574 968 consenserimus
1618 918 1872 981 peccato,
1921 910 2297 979 inquinamur.
2340 910 2581 964 Proinde
2628 910 2967 980 impuritatis
3014 910 3225 963 crimen
3276 924 3387 962 non
3435 909 3794 979 effugiemus:

567 1001 1034 1072 quemadmodum
1066 1002 1359 1070 puritatem
1392 1014 1822 1063 eonservamus,
1852 999 1897 1053 si
1934 997 2204 1052 fuerimus
2233 997 2435 1051 monui
2471 1006 2719 1065 peccato.
2749 997 2917 1061 Nam,
2947 1006 3009 1052 ιιι
3034 998 3283 1067 perhibet
3312 995 3519 1050 Paulus
3539 998 3606 1061 ⁸⁸,
3640 1001 3798 1054 modi-

567 1104 695 1143 cum
732 1088 1061 1142 fermentum
1094 1095 1266 1141 totam
1295 1086 1591 1141 fermentat
1622 1100 1884 1139 massam.
1917 1083 2023 1138 Sed
2056 1083 2101 1139 si
2138 1083 2413 1137 modicum
2445 1083 2580 1138 illud
2616 1083 2948 1138 fermentum
2982 1084 3205 1137 malitiae
3235 1081 3401 1137 fuerit
3436 1083 3700 1144 ablatum,
3725 1088 3801 1139 ni-

574 1175 648 1227 hil
693 1175 923 1243 periculi
964 1182 1159 1231 restat.
1192 1174 1405 1227 idcirco
1442 1189 1470 1226 a
1511 1173 1744 1227 Domino
1778 1172 2099 1242 prohibetur
2131 1171 2575 1241 supplementum
2616 1187 2818 1226 novum
2860 1173 2914 1226 in
2947 1174 3277 1227 vestimento
3309 1173 3513 1237 veteri,
3544 1183 3599 1226 et
3631 1173 3799 1230 viuum

571 1276 773 1315 n0vum
814 1271 1000 1315 mouet
1036 1261 1305 1316 Dominus
1327 1262 1370 1293 θ’
1404 1276 1514 1315 non
1544 1276 1668 1316 esse
1699 1260 2087 1329 excipiendum
2123 1260 2343 1314 utribus
2370 1259 2624 1314 vetustis.
2658 1258 2895 1325 Quidam
2928 1257 3118 1313 dixere
3146 1259 3420 1329 impuram
3459 1274 3581 1313 eam
3622 1263 3801 1314 morti-

573 1350 909 1409 ticationem,
944 1364 1106 1418 quam
1144 1349 1287 1418 parit
1316 1348 1515 1402 vitium
1547 1356 1601 1402 et
1633 1348 1763 1401 mali
1797 1347 1967 1401 animi
2005 1346 2143 1401 mala
2174 1346 2468 1415 dispositio
2498 1357 2551 1401 et
2582 1345 2828 1401 affectio.
2860 1345 2984 1401 llaec
3014 1346 3369 1409 diffunditur,
3406 1347 3570 1414 longe
3603 1346 3803 1416 lateque

572 1436 769 1503 serpit,
798 1444 858 1490 ut
885 1437 1072 1491 viderc
1100 1445 1183 1514 est
1216 1437 1271 1490 in
1300 1436 1454 1491 vitiis
1483 1435 1923 1505 intemperantiae
1952 1434 2369 1503 iujustitiaeque.
2398 1436 2599 1489 Puram
2632 1450 2752 1489 eam
2785 1443 3045 1489 asserunt
3074 1434 3298 1503 quidam
3331 1434 3800 1488 mortificationem

570 1536 681 1590 qua
715 1521 842 1577 freti
881 1523 1262 1578 indifferenter
1295 1530 1527 1575 utuntur
1562 1522 1649 1575 his
1688 1522 1964 1584 externis,
1998 1523 2161 1576 modo
2190 1523 2406 1577 exsulet
2438 1522 2657 1576 vitium.
2692 1520 2785 1576 Sic
2827 1530 3099 1592 respuunt
3136 1522 3345 1575 alienas
3382 1521 3609 1590 nuptias
3632 1563 3646 1583 .
3676 1524 3714 1575 si
3738 1524 3801 1575 ad

576 1614 673 1664 has
707 1609 986 1664 ducantur
1020 1611 1158 1665 vitio
1197 1610 1643 1673 incontinentiaa;
1682 1610 1763 1663 sic
1804 1609 2016 1663 nullum
2056 1610 2317 1679 rejiciunt
2353 1611 2573 1675 cibum,
2610 1611 2717 1665 nisi
2755 1610 2851 1681 qui
2890 1610 3327 1679 intemperantia:
3363 1610 3693 1674 ancillatur;
3728 1612 3802 1666 sie

572 1697 788 1750 nullum
827 1712 972 1766 opus
1010 1698 1187 1750 vitant
1225 1698 1279 1751 in
1319 1697 1583 1756 Sabhato,
1624 1696 1730 1748 nisi
1770 1695 1915 1764 quod
1962 1697 2275 1766 impellente
2316 1700 2547 1753 avaritia
2589 1700 2914 1768 suscipitur.
2952 1697 3299 1767 Quapropter
3334 1698 3519 1767 inquit
3558 1696 3754 1751 Paulus
3786 1739 3799 1753 .

577 1803 597 1835 ι
637 1782 773 1837 Mori
812 1800 913 1839 nos
946 1793 1162 1855 oportet
1192 1783 1296 1853 legi
1320 1824 1334 1843 .
1370 1799 1469 1838 nec
1503 1783 1614 1851 ullo
1647 1785 1810 1836 modo
1844 1786 2040 1838 reverti
2074 1785 2139 1837 ad
2170 1778 2336 1839 vitam
2363 1825 2379 1849 ,
2416 1803 2581 1856 quam
2616 1786 2704 1841 lex
2739 1787 3056 1857 pollicetur,
3089 1795 3345 1856 putantes
3381 1800 3485 1841 nos
3517 1801 3615 1853 per
3644 1785 3802 1855 legem

562 1870 1019 1939 justificationem
1054 1870 1376 1941 adipisci".
1412 1889 1430 1922 ι
1463 1868 1696 1935 Quidam
1732 1880 2063 1938 pra'sentem
2096 1873 2276 1926 locum
2311 1874 2392 1928 sic
2421 1882 2706 1944 exponunt
2737 1894 2749 1929 :
2784 1875 2944 1935 Eum,
2973 1874 3135 1944 cujus
3167 1888 3371 1943 corpus
3403 1883 3580 1926 totum
3615 1873 3805 1926 invasit

572 1960 742 2026 lepra,
775 1958 859 2012 lex
896 1957 1161 2011 mundum
1200 1958 1405 2021 sancit,
1439 1966 1500 2010 ut
1534 1956 1795 2011 ostendat
1836 1958 2003 2012 Deum
2042 1959 2231 2015 odisse
2262 1961 2412 2014 varia
2454 1961 2673 2031 ingenia
2710 1969 2765 2016 et
2800 1960 3056 2017 subdola.
3094 1960 3237 2014 Idem
3275 1960 3592 2015 evidentius
3630 1960 3681 2012 in
3722 1976 3806 2014 se-

567 2045 873 2112 quentibus
910 2047 1111 2115 aperit,
1149 2044 1277 2098 dum
1318 2045 1552 2114 imperat
1590 2062 1603 2097 :
1647 2063 1664 2096 ι
1701 2043 1924 2099 Vineam
1966 2055 2112 2099 tuam
2149 2062 2259 2101 non
2297 2062 2561 2102 consercs
2599 2049 2808 2102 diversi
2853 2048 3073 2118 generis
3109 2047 3506 2102 seminibus".
3548 2066 3566 2099 ι
3608 2046 3673 2099 Ει
3708 2046 3805 2101 ite.

572 2147 690 2184 rum
722 2150 736 2185 :
769 2150 787 2183 ι
814 2130 1001 2187 Vestis
1035 2148 1102 2187 ex
1137 2132 1344 2202 duplici
1379 2132 1609 2186 materia
1642 2142 1960 2187 contextum
1994 2136 2066 2187 sit
2097 2135 2467 2189 adulterinum
2487 2136 2554 2189 ".
2591 2154 2609 2187 ι
2646 2134 2713 2189 Et
2744 2137 2944 2190 iterum
2981 2154 2995 2190 :
3034 2152 3054 2186 ι
3090 2132 3210 2188 Νοιι
3245 2134 3612 2189 admissuram
3644 2133 3807 2189 facies
3850 2155 3861 2167 -

568 2233 831 2287 pecorum
864 2231 1122 2285 tuorum,
1155 2220 1503 2275 admittendo
1534 2236 1599 2275 ea
1632 2221 1697 2274 ad
1734 2236 1932 2290 pecora
1966 2221 2170 2277 diversi
2200 2225 2417 2294 generis
2440 2225 2508 2279 ⁷³.
2544 2244 2561 2276 ι
2603 2222 2743 2281 Ecce
2774 2225 2984 2294 ubique
3018 2224 3161 2278 Deus
3191 2223 3451 2277 laudibus
3482 2222 3640 2277 effert
3670 2224 3803 2277 sim-

572 2307 895 2373 plicitatem.
926 2306 1159 2372 Quidam
1194 2308 1350 2361 aiunt
1384 2307 1537 2362 illum
1565 2346 1580 2371 ,
1612 2324 1773 2377 quem
1806 2309 1958 2375 lepra
1991 2317 2168 2365 totum
2197 2312 2589 2378 conspurcavit
2612 2352 2625 2374 ,
2659 2328 2726 2367 ex
2760 2327 2909 2365 mera
2939 2311 3283 2380 benignitate
3320 2310 3504 2363 divina
3539 2311 3798 2364 mundum

566 2394 943 2461 pronuntiari,
972 2402 1030 2446 ut
1061 2393 1177 2462 qui,
1208 2403 1476 2462 quantum
1511 2395 1566 2447 in
1601 2411 1661 2450 se
1692 2402 1798 2457 est,
1826 2396 2034 2449 nullam
2070 2411 2222 2466 spem
2256 2398 2453 2453 salutis
2487 2400 2785 2467 concipiat.
2816 2398 2892 2453 Ne
2921 2399 3092 2468 igitur
3122 2404 3393 2467 perpetuo
3425 2398 3493 2451 ab
3527 2398 3803 2452 hominum

570 2481 861 2536 consortio
887 2489 1211 2551 segregatus
1240 2482 1406 2535 vitam
1437 2497 1598 2551 agere
1628 2492 1883 2552 cogatur,
1913 2483 2225 2551 benignitas
2250 2486 2435 2539 divina
2463 2486 2512 2539 ei
2548 2488 2845 2555 puritatem
2875 2485 3068 2540 donat.
3098 2483 3213 2539 lloc
3240 2500 3462 2553 quoque
3496 2492 3626 2555 typo
3653 2486 3805 2540 docet

573 2571 748 2631 viros,
783 2569 874 2637 qui
903 2569 1286 2638 Egyptiaeam
1320 2570 1536 2623 vivendi
1572 2570 1845 2625 rationem
1882 2571 2277 2637 sequebantur,
2308 2580 2367 2626 ut
2400 2580 2562 2627 caute
2595 2573 2878 2627 ambulent
2911 2573 3313 2640 modestiaeque
3346 2572 3461 2627 sint
3496 2587 3803 2629 memores:

573 2673 640 2708 ne
677 2672 736 2710 se
772 2656 1007 2710 efferant
1042 2656 1114 2711 ob
1147 2656 1399 2724 corporis
1431 2656 1514 2711 vel
1550 2656 2020 2727 pulchritudinem
2052 2659 2135 2713 vel
2171 2659 2361 2716 robur.
2395 2660 2609 2714 Addicti
2648 2670 2780 2716 sunt
2812 2663 2911 2715 toti
2952 2660 3097 2727 Deo,
3132 2660 3349 2731 hocque
3380 2661 3717 2729 glorientur,
3751 2678 3810 2715 ne

571 2743 821 2797 incidant
854 2744 907 2797 in
942 2744 1181 2812 aliquam
1215 2743 1609 2809 calamitatem,
1638 2751 1694 2797 et
1726 2744 2126 2800 abominabiles
2156 2748 2410 2801 evadant.
2446 2747 2716 2801 Prceterea
2752 2756 2810 2801 ut
2843 2748 3165 2803 abstineant
3194 2748 3263 2803 ab
3294 2747 3545 2811 luxuria,
3580 2746 3807 2818 fugianh

570 2846 678 2900 que
706 2832 1041 2900 voluptates.
1076 2830 1200 2884 Haec
1232 2830 1379 2885 enim
1414 2830 1525 2884 duo
1560 2831 1701 2884 mala
1740 2831 2064 2900 plerumque
2099 2832 2301 2900 lepram
2341 2849 2606 2903 generare
2642 2844 3074 2890 consueverunt.

644 2917 709 2972 Et
740 2935 891 2982 caro,
923 2920 971 2971 si
996 2919 1139 2989 facta
1170 2918 1329 2987 fuerit
1364 2920 1414 2971 in
1446 2927 1563 2971 cule
1592 2917 1705 2985 ejus
1738 2916 2217 2989 ulcus,etc.[Xlll,
2245 2920 2555 2993 18.]Tertia
2580 2921 2800 2991 ponitur
2817 2938 2963 2977 nunc
2988 2923 3071 2977 lex
3090 2922 3158 2977 de
3178 2921 3580 2990 lepra,scilicet
3602 2922 3808 2989 quando

570 3006 728 3061 ulcus
759 3015 1012 3061 sanatum
1047 3005 1236 3065 fuerit.
1268 3014 1323 3059 et
1359 3006 1410 3058 iu
1450 3007 1590 3067 loco,
1621 3020 1782 3074 quem
1819 3006 1975 3058 ulcus
2010 3014 2287 3071 tenuerat,
2319 3010 2547 3064 cicatrix
2579 3013 2700 3065 alba
2734 3019 2951 3080 reperta
2989 3011 3176 3065 fuerit.
3203 3009 3276 3065 Ut
3305 3010 3453 3062 enim
3485 3010 3541 3062 in
3576 3025 3803 3079 corpore

572 3094 820 3163 plurima:
860 3094 1207 3163 reperiuntur
1237 3107 1419 3149 causzc
1457 3093 1796 3156 morborum,
1834 3093 1916 3148 sic
1950 3102 2004 3148 et
2044 3093 2100 3147 in
2136 3097 2318 3149 anima
2354 3096 2844 3165 deprehenduntur
2878 3097 3129 3167 plurimae
3163 3097 3424 3150 vitiorum
3464 3098 3805 3153 occasiones.

570 3182 673 3237 Ubi
709 3183 936 3237 vulnera
968 3181 1382 3247 convaluerint,
1412 3181 1642 3236 cicatrix
1678 3182 1999 3251 plerumque
2033 3184 2369 3253 conspicitur
2397 3185 2517 3239 alba
2547 3194 2600 3239 et
2632 3186 2847 3254 lcprosa
2883 3202 2896 3237 :
2928 3193 3023 3237 aut
3053 3183 3209 3251 rufa,
3241 3200 3362 3254 qua:
3393 3182 3729 3251 inﬂammat,
3756 3193 3807 3240 et

572 3271 837 3325 humilior
862 3279 948 3325 est
979 3271 1183 3339 reliqua
1214 3271 1465 3340 corporis
1493 3270 1816 3339 superficie,
1844 3277 1899 3325 et
1929 3270 2160 3340 proinde
2190 3272 2534 3326 humiliorem
2566 3272 2728 3327 efficit
2755 3278 2810 3327 et
2838 3270 3101 3325 animam.

640 3378 953 3433 Incendium
991 3378 1151 3447 ignis,
1190 3385 1299 3431 etc.
1342 3376 1481 3450 [24.]
1516 3376 1794 3433 Fortassis
1832 3376 2138 3431 inﬂamma-

2310 3380 2674 3449 Κατάκαυμα
2697 3381 2907 3448 πυρός.
2932 3380 3021 3450 Μή
3054 3396 3185 3433 ποτε
3213 3379 3465 3433 κατάκαυ
3475 3379 3552 3449 μά
3578 3380 3725 3431 ἐστιν
3757 3379 3806 3429 ὲν

568 3473 770 3525 tionem
806 3478 860 3526 et
892 3470 1288 3525 intolerabilem
1324 3477 1519 3524 aestum
1557 3469 1861 3539 experitur,
1898 3468 1990 3537 qui
2031 3465 2135 3521 Sa-

568 3578 709 3619 tanae
737 3565 900 3619 telum
938 3562 1168 3633 ignitum
1205 3561 1432 3631 excipit.
1460 3560 1612 3616 Talis
1646 3575 1831 3615 amore
1862 3560 2138 3616 ardentis-

570 3660 711 3711 simo
736 3654 1085 3725 prosequitur
1107 3660 1199 3707 aut
1224 3666 1448 3707 uxorem
1477 3659 1573 3704 aut
1599 3651 1789 3705 filium.
1809 3649 1971 3704 Amat
1992 3652 2137 3705 enim

566 3761 789 3800 earuem
831 3753 879 3799 et
926 3745 1267 3815 sanguinem.
1310 3743 1566 3813 Ejusdem
1620 3743 1812 3798 farinae
1851 3746 2011 3807 sunt,
2046 3743 2141 3813 qui

568 3852 767 3891 msano
789 3837 977 3907 gloria:
999 3846 1051 3891 et
1076 3836 1322 3889 avaritia:
1344 3836 1694 3906 exagitantur
1717 3848 1925 3889 amore.
1945 3834 2140 3889 Anima

567 3929 713 3982 enim
747 3930 831 3984 his
862 3928 1153 3983 affectibus
1184 3928 1421 3981 obnoxia
1454 3926 1631 3981 ardet.
1664 3925 1720 3980 Si
1751 3941 1882 3981 vero
1912 3926 2141 3980 liberata

568 4018 736 4074 fuerit
760 4022 942 4075 anima
976 4021 1094 4075 istis
1120 4020 1302 4083 malis,
1331 4029 1384 4073 et
1413 4018 1727 4074 sanctitatis
1757 4019 2032 4089 particeps
2064 4018 2143 4072 fa-

572 4121 657 4166 cta
688 4112 870 4171 fuerit.
903 4128 1002 4166 nec
1028 4112 1327 4181 aequaverit
1355 4113 1533 4164 locum
1565 4120 1625 4164 ut
1653 4122 1935 4180 appareat,
1962 4112 2145 4180 qualis

2244 3474 2407 3526 παντὶ
2439 3472 2518 3543 τῷ
2544 3472 2821 3543 δεξαμένῳ
2847 3472 3003 3542 βέλος
3036 3471 3129 3525 τοῦ
3185 3471 3429 3544 Πονηροῦ
3485 3472 3808 3543 πεπυρωμέ-

2244 3582 2336 3619 νον
2366 3581 2380 3629 ;
2416 3562 2517 3635 ἐρᾷ
2548 3563 2658 3634 γὰρ
2682 3559 2842 3626 οὗτος
2873 3562 3079 3634 σαρκός
3104 3579 3167 3615 τε
3197 3563 3290 3615 καὶ
3322 3563 3580 3631 αἵματος,
3640 3578 3806 3629 γυναι-

2246 3654 2361 3719 κὸς,
2402 3655 2433 3725 ἢ
2472 3655 2681 3717 παιδός.
2714 3653 2962 3707 Τοιοῦτοι
2987 3656 3082 3707 καὶ
3112 3655 3163 3706 οἱ
3193 3653 3331 3723 πρὸς
3360 3653 3521 3717 δόξαν
3567 3651 3808 3721 μαινόμε·

2248 3760 2328 3796 vat
2356 3744 2451 3797 καὶ
2482 3743 2769 3814 ἀργύριον.
2802 3742 2964 3814 Ψυχὴ
2994 3742 3105 3813 γὰρ
3135 3742 3392 3813 ἐμπαθὴς
3426 3742 3521 3795 ἐπὶ
3565 3742 3805 3803 τοιούτοις

2250 3834 2512 3906 ἐκκάεται
2541 3850 2556 3865 ο
2592 3833 2698 3887 κᾶν
2754 3833 3133 3901 ἀπαλλαγεῖσα
3168 3832 3374 3885 τούτων
3407 3832 3667 3903 ὑγιασθῇ,
3725 3833 3805 3883 καὶ

2252 3926 2326 3997 μὴ
2350 3925 2521 3989 οὕτως
2548 3924 2784 3998 ὁμαλίσῃ
2835 3925 2926 3979 τὸν
2964 3926 3132 3979 τόπον
3184 3924 3280 3977 τοῦ
3315 3922 3545 3987 πάθους,
3599 3924 3675 3986 ὠς
3714 3923 3804 3992 πρὸ

2247 4016 2344 4070 τοῦ
2382 4016 2591 4080 πάθους
2633 4015 2947 4085 ἐτύγχανεν,
2982 4014 3098 4068 ἁλλ’
3130 4008 3165 4087 ᾖ
3197 4013 3339 4068 κατὰ
3375 4012 3536 4067 τοῦτο
3573 4027 3803 4066 ταπεινο-

2250 4110 2404 4182 τέρα,
2441 4110 2613 4181 μιαρὰ
2638 4107 2717 4179 τῷ
2748 4108 2899 4179 νόμῳ
2917 4107 3086 4160 δοκεῖ.

574 4212 682 4255 erat
719 4212 848 4257 ante
877 4213 1127 4256 exortum
1157 4201 1277 4269 ejus
1303 4201 1419 4253 vitii
1458 4219 1470 4254 :
1508 4198 1751 4271 profecto
1784 4215 1907 4256 cum
1942 4202 2013 4256 sit
2045 4200 2145 4254 hu-

572 4293 753 4349 milior
780 4293 916 4363 legis
942 4293 1177 4359 ratione,
1205 4294 1411 4363 polluta
1440 4293 1706 4348 creditur.

644 4412 859 4467 Accidit
892 4411 1166 4465 interdum
1200 4421 1260 4464 ut
1292 4411 1496 4473 anima,
1530 4411 1621 4464 ubi
1655 4409 1951 4476 perfectam
1985 4406 2257 4477 receperit
2288 4405 2605 4470 sanitatem,
2633 4411 2694 4459 ut
2728 4419 2840 4474 pre
2869 4402 3121 4459 socordia
3153 4401 3432 4457 relabatur
3463 4400 3517 4454 in
3554 4400 3702 4454 vitia.
3732 4398 3781 4452 Si

576 4502 704 4555 vitia
742 4502 935 4555 saltem
968 4501 1185 4553 ratione
1218 4500 1609 4568 concipiuntur
1640 4514 1739 4551 nec
1769 4499 1822 4551 iu
1856 4498 2108 4553 effectum
2146 4494 2550 4567 producuntur,
2583 4492 2673 4546 ille
2708 4491 2870 4545 homo
2905 4506 3015 4544 non
3052 4489 3328 4559 rejicitur,
3357 4490 3617 4557 quamvis
3651 4501 3785 4554 sepa-

574 4601 743 4651 retur.
775 4590 831 4645 Si
866 4605 994 4644 vero
1035 4598 1089 4644 et
1131 4590 1273 4642 mala
1312 4603 1479 4658 Opera
1522 4588 1701 4643 facere
1742 4598 1795 4641 et
1832 4590 2049 4656 culpam
2083 4581 2414 4639 commereri
2448 4580 2769 4643 instituerit,
2804 4578 3144 4648 impuritatis
3176 4576 3445 4631 maculam
3485 4575 3594 4629 sibi
3627 4572 3791 4628 conci-

574 4681 688 4732 liat.
724 4678 918 4733 Evenit
952 4678 1120 4747 igitur
1151 4675 1298 4746 quod
1334 4678 1536 4730 dicitur
1567 4694 1580 4731 :
1616 4694 1634 4726 ι
1672 4675 1839 4729 Canis
1870 4675 2090 4728 rediens
2121 4674 2185 4727 ad
2218 4685 2378 4726 suum
2408 4669 2700 4723 vomitum.
2731 4666 2816 4731 Et,
2848 4666 2960 4721 Sus
2988 4665 3102 4718 lota
3132 4678 3355 4718 reversa
3387 4663 3441 4716 in
3472 4660 3793 4715 volutabrum

575 4767 719 4820 omni
744 4765 814 4822 ".
854 4783 875 4819 ι
915 4764 989 4820 De
1021 4765 1185 4838 tertia
1218 4764 1390 4831 igitur
1418 4764 1552 4835 lege,
1586 4777 1706 4831 qua:
1738 4762 1809 4815 ob
1840 4763 2048 4831 lepram
2081 4760 2278 4825 fertur,
2309 4759 2425 4812 haec
2457 4756 2668 4812 dixisse
2698 4754 2841 4809 haud
2878 4755 3126 4823 ineptum
3156 4750 3371 4821 judico.

2324 4895 2421 4947 Ἐν
2451 4891 2527 4961 τῇ
2554 4889 2790 4961 κεφαλῇ
2828 4888 2866 4958 ἢ
2896 4888 2966 4941 ἐν
3002 4887 3082 4953 τῷ
3105 4886 3361 4954 πώγωνι.
3407 4884 3553 4954 Ὀρα
3585 4884 3629 4935 ε1
3656 4880 3791 4934 δύνα-

2246 5002 2335 5040 ται
2367 4984 2545 5054 λέπρα
2590 4984 2687 5053 μὲν
2733 4979 3107 5051 λαμὸάνεσθαι
3146 4977 3409 5048 κεφαλῆς,
3438 4978 3529 5029 ὅτε
3564 4973 3676 5028 ἀντὶ
3716 4968 3793 5021 τοῦ

2250 5077 2393 5147 ἔχειν
2427 5074 2667 5144 κεφαλὴν
2707 5071 2961 5141 Χριστὸν,
2991 5071 3148 5126 ἄλλον
3170 5069 3293 5122 τινά
3314 5085 3396 5128 τις
3417 5068 3573 5135 λόγον
3599 5061 3794 5130 ἐπιγρά-

2255 5185 2424 5237 φηται
2456 5166 2698 5236 κεφαλὴν
2743 5165 2947 5236 λεπρὸν
2976 5165 3071 5217 καὶ
3103 5162 3438 5229 ἀκάθαρτον.
3517 5156 3668 5210 Ἀλλά
3716 5149 3793 5203 καὶ

2255 5260 2350 5312 ἐὰν
2378 5258 2475 5328 ἤδη
2512 5274 2594 5321 τις
2620 5257 2910 5326 γενόμενος
2940 5254 3100 5326 ἀνὴρ,
3131 5254 3227 5307 καὶ
3266 5252 3440 5305 δοκῶν
3480 5241 3793 5316 κατηργηκέ·

2260 5366 2349 5401 ναι
2373 5348 2439 5401 τὰ
2460 5347 2555 5401 τοῦ
2586 5348 2805 5418 νηπίου,
2843 5347 3157 5418 ἁμαρτάνῃ,
3211 5342 3286 5415 μὴ
3342 5343 3419 5405 ὡς
3458 5342 3658 5410 νήπιος,
3698 5331 3791 5386 ἀλλ’

2259 5440 2534 5511 ἁμαρτίαν
2564 5441 2778 5511 ἀνδρὸς,
2800 5441 2940 5511 τάχα
2975 5440 3089 5510 ἔχει
3117 5438 3327 5507 λέπραν
3352 5435 3445 5488 ἐπὶ
3498 5431 3585 5485 τοῦ
3624 5428 3790 5491 πώγωο

2258 5550 2368 5596 νος.
2406 5533 2515 5585 Καὶ
2536 5532 2675 5604 γυνὴ
2703 5532 2781 5599 δὲ,
2814 5531 3013 5604 ψυχὴὴ
3048 5530 3122 5602 μὴ
3154 5526 3419 5600 προετικὴ
3448 5524 3542 5594 μὲν
3595 5513 3789 5584 λογικῶν

649 4893 712 4946 In
741 4892 909 4961 capite
938 4900 986 4946 et
1014 4892 1066 4945 in
1097 4892 1295 4952 barba,
1325 4902 1430 4947 etc.
1462 4889 1598 4963 [29.]
1626 4892 1759 4945 Mihi
1791 4892 2015 4946 videtur
2039 4890 2140 4945 hoc
2172 4883 2214 4937 Β

579 4986 700 5037 loco
745 4982 1158 5053 intelligendam
1206 4998 1328 5037 esse
1377 4983 1585 5052 lepram
1627 4983 1791 5055 349
1836 4984 2056 5053 capitis,
2099 4983 2146 5037 si

580 5076 703 5142 quis
735 5075 853 5128 loco
878 5072 1106 5137 Christi,
1134 5074 1227 5143 qui
1261 5073 1522 5129 Ecclesia:
1547 5082 1713 5145 caput
1737 5084 1843 5140 est,
1873 5076 2147 5129 diversam

580 5175 843 5234 sequatur
868 5165 1203 5228 doctrinam,
1235 5166 1509 5236 eligatque
1539 5167 1644 5222 sibi
1676 5176 1839 5236 caput
1871 5168 2150 5237 leprosum

580 5264 633 5312 et
669 5257 1025 5312 immundum.
1058 5255 1328 5311 Praaterea
1363 5257 1411 5313 si
1443 5260 1571 5327 quis
1608 5260 1661 5313 in
1694 5259 1903 5314 virilem
1938 5267 2155 5314 aetatem

582 5360 963 5421 transgressus
990 5356 1043 5405 et
1066 5350 1275 5405 relictis
1302 5350 1555 5415 nucibus,
1581 5351 1727 5422 quod
1755 5352 1928 5415 aiunt,
1956 5352 2153 5405 iterum

584 5444 892 5513 delinquat.
923 5442 1059 5499 Cum
1097 5442 1201 5496 hoc
1240 5452 1523 5512 peccatum
1560 5458 1590 5498 a
1626 5445 1746 5497 viro
1781 5444 1855 5498 sit
1889 5443 2154 5497 commis-

588 5551 745 5600 sum,
777 5534 1097 5608 intelligitur
1122 5542 1272 5590 recte
1302 5534 1349 5590 is
1376 5534 1462 5590 vir
1490 5534 1639 5605 lepra
1672 5535 1871 5591 habere
1898 5535 2152 5590 infectam

669 5712 713 5740 εδ
755 5707 907 5761 Rom.
941 5725 1014 5770 vt.
1052 5710 1133 5764 ll.
1214 5712 1258 5743 ⁸⁵
1297 5710 1336 5764 11
1369 5710 1493 5765 Cor.
1528 5729 1579 5765 v.
1618 5712 1699 5767 15.
1778 5714 1820 5744 "
1863 5711 1876 5764 l
1917 5711 2059 5767 Pelr.
2093 5728 2149 5770 ιι.

2260 5754 2273 5766 .
2387 5712 2430 5743 ⁸⁸
2470 5712 2483 5763 l
2538 5709 2665 5763 Cor.
2694 5725 2746 5770 ν,
2778 5707 2845 5770 6;
2875 5707 3050 5763 Galat.
3082 5723 3135 5770 v,
3165 5707 3218 5762 9.
3330 5704 3376 5736 "
3417 5702 3595 5758 Mat‘h.
3623 5714 3685 5759 ιι.
3714 5693 3781 5747 l7.

594 5778 642 5810 τ’
679 5777 851 5833 Calai.
886 5796 945 5844 tt,
982 5782 1060 5833 ιθ.
1137 5781 1176 5817 ⁷¹
1223 5780 1349 5835 Lev.
1391 5797 1500 5847 χιχ,
1546 5783 1623 5837 l9.

1778 5714 1820 5744 "
1863 5711 1876 5764 l
1917 5711 2059 5767 Pelr.
2093 5728 2152 5770 tt.
2182 5714 2273 5768 (2.1.

1703 5784 1748 5812 ⁷¹
1794 5783 1925 5837 ilt'td.
2001 5784 2047 5815 "
2087 5784 2219 5840 ihid.

2387 5712 2430 5743 ⁸⁸
2470 5712 2483 5763 1
2538 5709 2665 5763 Cor.
2694 5725 2746 5771 ν,
2778 5707 2845 5775 6;
2875 5707 3050 5763 Galat.
3082 5723 3135 5772 v,
3165 5707 3218 5762 9.

2296 5783 2337 5815 ⁷³
2381 5783 2416 5835 ll
2455 5781 2599 5835 Pctr.
2630 5795 2691 5843 tt,
2720 5780 2811 5833 2:2.
