  <div class='ocr_page' id='page_1' title='image "/cluster/home/n/w/nwhite01/storage/ocr_20150623/87:1/hvd.32044020319117/376.png"; bbox 0 0 4038 6518; ppageno 0'>
   <div class='ocr_carea' id='block_1_1' title="bbox 207 360 3451 435">
    <p class='ocr_par' dir='ltr' id='par_1_1' title="bbox 207 360 3451 435">
     <span class='ocr_line' id='line_1_1' title="bbox 207 360 3451 435; baseline -0.003 0"><span class='ocrx_word' id='word_1_1' title='bbox 207 373 299 435; x_wconf 84' lang='grc'><strong>737</strong></span> <span class='ocrx_word' id='word_1_2' title='bbox 1215 362 1751 429; x_wconf 78' lang='lat' dir='ltr'><strong>COMMENTARII</strong></span> <span class='ocrx_word' id='word_1_3' title='bbox 1786 360 1864 421; x_wconf 87' lang='lat' dir='ltr'><strong>IN</strong></span> <span class='ocrx_word' id='word_1_4' title='bbox 1909 361 2330 423; x_wconf 85' lang='lat' dir='ltr'><strong>LEVITICUM</strong></span> <span class='ocrx_word' id='word_1_5' title='bbox 3338 361 3451 425; x_wconf 72' lang='lat'><strong>738</strong></span> 
     </span>
    </p>
   </div>
   <div class='ocr_carea' id='block_1_2' title="bbox 204 476 1799 563">
    <p class='ocr_par' dir='ltr' id='par_1_2' title="bbox 204 482 1799 563">
     <span class='ocr_line' id='line_1_2' title="bbox 204 482 1799 563; baseline -0.006 -20"><span class='ocrx_word' id='word_1_6' title='bbox 204 488 545 560; x_wconf 80' lang='grc' dir='ltr'><strong>σπερμάτων,</strong></span> <span class='ocrx_word' id='word_1_7' title='bbox 591 489 816 563; x_wconf 82' lang='grc' dir='ltr'><strong>δεκτικὴ</strong></span> <span class='ocrx_word' id='word_1_8' title='bbox 851 491 934 553; x_wconf 79' lang='grc' dir='ltr'><strong>δὲ,</strong></span> <span class='ocrx_word' id='word_1_9' title='bbox 967 488 1080 561; x_wconf 81' lang='grc' dir='ltr'><strong>ἔχοι</strong></span> <span class='ocrx_word' id='word_1_10' title='bbox 1108 489 1173 543; x_wconf 77' lang='grc' dir='ltr'><strong>ἄν</strong></span> <span class='ocrx_word' id='word_1_11' title='bbox 1199 504 1332 540; x_wconf 86' lang='grc' dir='ltr'>ποτε</span> <span class='ocrx_word' id='word_1_12' title='bbox 1355 486 1448 539; x_wconf 74' lang='grc' dir='ltr'>ἐπὶ</span> <span class='ocrx_word' id='word_1_13' title='bbox 1486 482 1583 537; x_wconf 80' lang='grc' dir='ltr'><strong>τοῦ</strong></span> <span class='ocrx_word' id='word_1_14' title='bbox 1615 496 1759 553; x_wconf 89' lang='grc' dir='ltr'><strong>προσ</strong></span> <span class='ocrx_word' id='word_1_15' title='bbox 1788 512 1799 542; x_wconf 59' lang='grc' dir='ltr'><em>λ</em></span> 
     </span>
    </p>
   </div>
   <div class='ocr_carea' id='block_1_3' title="bbox 1852 476 3447 563">
    <p class='ocr_par' dir='ltr' id='par_1_3' title="bbox 1860 476 3447 546">
     <span class='ocr_line' id='line_1_3' title="bbox 1860 476 3447 546; baseline -0.001 -15"><span class='ocrx_word' id='word_1_16' title='bbox 1860 476 2108 532; x_wconf 80' lang='lat' dir='ltr'><strong>barbam.</strong></span> <span class='ocrx_word' id='word_1_17' title='bbox 2138 478 2202 532; x_wconf 88' lang='lat' dir='ltr'><strong>Et</strong></span> <span class='ocrx_word' id='word_1_18' title='bbox 2233 481 2453 545; x_wconf 80' lang='lat' dir='ltr'><strong>mulier,</strong></span> <span class='ocrx_word' id='word_1_19' title='bbox 2484 480 2537 535; x_wconf 91' lang='lat' dir='ltr'><strong>id</strong></span> <span class='ocrx_word' id='word_1_20' title='bbox 2569 487 2683 546; x_wconf 91' lang='lat' dir='ltr'><strong>est,</strong></span> <span class='ocrx_word' id='word_1_21' title='bbox 2711 478 2928 543; x_wconf 88' lang='lat' dir='ltr'><strong>anima,</strong></span> <span class='ocrx_word' id='word_1_22' title='bbox 2955 490 3079 546; x_wconf 85' lang='lat' dir='ltr'><strong>quae</strong></span> <span class='ocrx_word' id='word_1_23' title='bbox 3107 489 3214 529; x_wconf 92' lang='lat' dir='ltr'><strong>non</strong></span> <span class='ocrx_word' id='word_1_24' title='bbox 3245 476 3447 529; x_wconf 89' lang='lat' dir='ltr'><strong>amittit</strong></span> 
     </span>
    </p>
   </div>
   <div class='ocr_carea' id='block_1_4' title="bbox 201 569 1796 655">
    <p class='ocr_par' dir='ltr' id='par_1_4' title="bbox 201 574 1763 655">
     <span class='ocr_line' id='line_1_4' title="bbox 201 574 1763 655; baseline -0.004 -20"><span class='ocrx_word' id='word_1_25' title='bbox 201 583 339 635; x_wconf 75' lang='grc' dir='ltr'><strong>ὡπου</strong></span> <span class='ocrx_word' id='word_1_26' title='bbox 371 583 464 636; x_wconf 76' lang='grc' dir='ltr'><strong>καὶ</strong></span> <span class='ocrx_word' id='word_1_27' title='bbox 490 582 589 635; x_wconf 81' lang='grc' dir='ltr'><strong>τοῦ</strong></span> <span class='ocrx_word' id='word_1_28' title='bbox 619 585 677 636; x_wconf 79' lang='grc' dir='ltr'><strong>ἐν</strong></span> <span class='ocrx_word' id='word_1_29' title='bbox 703 585 839 655; x_wconf 80' lang='grc' dir='ltr'><strong>αὐτῇ</strong></span> <span class='ocrx_word' id='word_1_30' title='bbox 864 582 1151 652; x_wconf 83' lang='grc' dir='ltr'><strong>πώγωνος,</strong></span> <span class='ocrx_word' id='word_1_31' title='bbox 1179 582 1317 648; x_wconf 83' lang='grc' dir='ltr'><strong>ὅπερ</strong></span> <span class='ocrx_word' id='word_1_32' title='bbox 1351 578 1497 643; x_wconf 73' lang='grc' dir='ltr'>ἰδίως</span> <span class='ocrx_word' id='word_1_33' title='bbox 1525 574 1763 648; x_wconf 82' lang='grc' dir='ltr'>παρὰτά</span> 
     </span>
    </p>
   </div>
   <div class='ocr_carea' id='block_1_5' title="bbox 1851 569 3446 655">
    <p class='ocr_par' dir='ltr' id='par_1_5' title="bbox 1863 569 3446 638">
     <span class='ocr_line' id='line_1_5' title="bbox 1863 569 3446 638; baseline -0.002 -14"><span class='ocrx_word' id='word_1_34' title='bbox 1863 569 2098 626; x_wconf 89' lang='lat' dir='ltr'><strong>rationis</strong></span> <span class='ocrx_word' id='word_1_35' title='bbox 2132 587 2275 626; x_wconf 85' lang='lat' dir='ltr'><strong>verae</strong></span> <span class='ocrx_word' id='word_1_36' title='bbox 2307 572 2641 638; x_wconf 89' lang='lat' dir='ltr'><strong>dictatnina,</strong></span> <span class='ocrx_word' id='word_1_37' title='bbox 2677 573 2773 628; x_wconf 89' lang='lat' dir='ltr'><strong>sed</strong></span> <span class='ocrx_word' id='word_1_38' title='bbox 2808 586 2871 626; x_wconf 90' lang='lat' dir='ltr'><strong>ea</strong></span> <span class='ocrx_word' id='word_1_39' title='bbox 2907 571 3135 625; x_wconf 89' lang='lat' dir='ltr'><strong>ﬁrmiter</strong></span> <span class='ocrx_word' id='word_1_40' title='bbox 3164 577 3314 624; x_wconf 91' lang='lat' dir='ltr'><strong>tenet</strong></span> <span class='ocrx_word' id='word_1_41' title='bbox 3348 586 3362 621; x_wconf 89' lang='lat'><strong>:</strong></span> <span class='ocrx_word' id='word_1_42' title='bbox 3391 577 3446 622; x_wconf 90' lang='lat' dir='ltr'><strong>et</strong></span> 
     </span>
    </p>
   </div>
   <div class='ocr_carea' id='block_1_6' title="bbox 199 663 1794 748">
    <p class='ocr_par' dir='ltr' id='par_1_6' title="bbox 199 671 1407 748">
     <span class='ocr_line' id='line_1_6' title="bbox 199 671 1407 748; baseline 0 -21"><span class='ocrx_word' id='word_1_43' title='bbox 199 674 427 744; x_wconf 78' lang='grc' dir='ltr'><strong>πρότερα</strong></span> <span class='ocrx_word' id='word_1_44' title='bbox 460 677 556 729; x_wconf 78' lang='grc' dir='ltr'><strong>καὶ</strong></span> <span class='ocrx_word' id='word_1_45' title='bbox 583 674 839 748; x_wconf 80' lang='grc' dir='ltr'><strong>Θραῦσμα</strong></span> <span class='ocrx_word' id='word_1_46' title='bbox 864 675 1150 747; x_wconf 82' lang='grc' dir='ltr'><strong>ὠνόμασεν</strong></span> <span class='ocrx_word' id='word_1_47' title='bbox 1175 675 1203 727; x_wconf 86' lang='grc' dir='ltr'>ὁ</span> <span class='ocrx_word' id='word_1_48' title='bbox 1223 671 1407 743; x_wconf 82' lang='grc' dir='ltr'><strong>νόμος.</strong></span> 
     </span>
    </p>
   </div>
   <div class='ocr_carea' id='block_1_7' title="bbox 1853 663 3448 748">
    <p class='ocr_par' dir='ltr' id='par_1_7' title="bbox 1866 663 3448 737">
     <span class='ocr_line' id='line_1_7' title="bbox 1866 663 3448 737; baseline 0.003 -19"><span class='ocrx_word' id='word_1_49' title='bbox 1866 663 2066 719; x_wconf 87' lang='lat' dir='ltr'><strong>habeat</strong></span> <span class='ocrx_word' id='word_1_50' title='bbox 2103 665 2357 723; x_wconf 75' lang='lat' dir='ltr'><strong>fortassis</strong></span> <span class='ocrx_word' id='word_1_51' title='bbox 2393 668 2447 722; x_wconf 92' lang='lat' dir='ltr'><strong>in</strong></span> <span class='ocrx_word' id='word_1_52' title='bbox 2475 669 2632 723; x_wconf 90' lang='lat' dir='ltr'><strong>vultu</strong></span> <span class='ocrx_word' id='word_1_53' title='bbox 2662 669 2747 724; x_wconf 93' lang='lat' dir='ltr'><strong>vel</strong></span> <span class='ocrx_word' id='word_1_54' title='bbox 2784 668 2952 723; x_wconf 91' lang='lat' dir='ltr'><strong>barba</strong></span> <span class='ocrx_word' id='word_1_55' title='bbox 2987 666 3063 727; x_wconf 89' lang='lat' dir='ltr'><strong>id.</strong></span> <span class='ocrx_word' id='word_1_56' title='bbox 3093 666 3242 737; x_wconf 90' lang='lat' dir='ltr'><strong>quod</strong></span> <span class='ocrx_word' id='word_1_57' title='bbox 3278 683 3448 737; x_wconf 87' lang='lat' dir='ltr'><strong>pecu-</strong></span> 
     </span>
    </p>
   </div>
   <div class='ocr_carea' id='block_1_8' title="bbox 1866 753 3443 829">
    <p class='ocr_par' dir='ltr' id='par_1_8' title="bbox 1866 753 3443 829">
     <span class='ocr_line' id='line_1_8' title="bbox 1866 753 3443 829; baseline 0.002 -21"><span class='ocrx_word' id='word_1_58' title='bbox 1866 753 1991 808; x_wconf 89' lang='lat' dir='ltr'><strong>liari</strong></span> <span class='ocrx_word' id='word_1_59' title='bbox 2024 757 2188 811; x_wconf 89' lang='lat' dir='ltr'><strong>modo</strong></span> <span class='ocrx_word' id='word_1_60' title='bbox 2217 765 2271 812; x_wconf 90' lang='lat' dir='ltr'><strong>et</strong></span> <span class='ocrx_word' id='word_1_61' title='bbox 2299 758 2521 829; x_wconf 86' lang='lat' dir='ltr'><strong>proprie</strong></span> <span class='ocrx_word' id='word_1_62' title='bbox 2549 759 2636 814; x_wconf 82' lang='lat' dir='ltr'><strong>lex</strong></span> <span class='ocrx_word' id='word_1_63' title='bbox 2668 759 2975 813; x_wconf 88' lang='lat' dir='ltr'><strong>nominavit</strong></span> <span class='ocrx_word' id='word_1_64' title='bbox 3000 759 3329 812; x_wconf 82' lang='lat' dir='ltr'><strong>fractionem</strong></span> <span class='ocrx_word' id='word_1_65' title='bbox 3361 759 3443 812; x_wconf 84' lang='lat' dir='ltr'><strong>vel</strong></span> 
     </span>
    </p>
   </div>
   <div class='ocr_carea' id='block_1_9' title="bbox 1865 848 2408 915">
    <p class='ocr_par' dir='ltr' id='par_1_9' title="bbox 1865 848 2408 915">
     <span class='ocr_line' id='line_1_9' title="bbox 1865 848 2408 915; baseline 0.009 -18"><span class='ocrx_word' id='word_1_66' title='bbox 1865 848 2408 915; x_wconf 88' lang='lat' dir='ltr'><strong>conquassatiouem.</strong></span> 
     </span>
    </p>
   </div>
   <div class='ocr_carea' id='block_1_10' title="bbox 262 949 3448 1026">
    <p class='ocr_par' dir='ltr' id='par_1_10' title="bbox 262 949 3448 1026">
     <span class='ocr_line' id='line_1_10' title="bbox 262 949 3448 1026; baseline 0.001 -20"><span class='ocrx_word' id='word_1_67' title='bbox 262 949 555 1018; x_wconf 73' lang='lat' dir='ltr'><strong>Caeterum,</strong></span> <span class='ocrx_word' id='word_1_68' title='bbox 591 968 712 1024; x_wconf 73' lang='lat' dir='ltr'><strong>quae</strong></span> <span class='ocrx_word' id='word_1_69' title='bbox 742 952 1009 1009; x_wconf 89' lang='lat' dir='ltr'><strong>hactenus</strong></span> <span class='ocrx_word' id='word_1_70' title='bbox 1041 951 1319 1014; x_wconf 85' lang='lat' dir='ltr'><strong>dedimus,</strong></span> <span class='ocrx_word' id='word_1_71' title='bbox 1343 959 1397 1005; x_wconf 90' lang='lat' dir='ltr'><strong>et</strong></span> <span class='ocrx_word' id='word_1_72' title='bbox 1429 950 1484 1004; x_wconf 89' lang='lat' dir='ltr'><strong>in</strong></span> <span class='ocrx_word' id='word_1_73' title='bbox 1513 949 1665 1005; x_wconf 90' lang='lat' dir='ltr'><strong>hunc</strong></span> <span class='ocrx_word' id='word_1_74' title='bbox 1694 951 1917 1008; x_wconf 87' lang='lat' dir='ltr'><strong>modum</strong></span> <span class='ocrx_word' id='word_1_75' title='bbox 1965 957 2214 1011; x_wconf 83' lang='lat' dir='ltr'><strong>enarrari</strong></span> <span class='ocrx_word' id='word_1_76' title='bbox 2238 966 2452 1026; x_wconf 90' lang='lat' dir='ltr'><strong>queunt</strong></span> <span class='ocrx_word' id='word_1_77' title='bbox 2489 973 2503 1009; x_wconf 90' lang='lat'><strong>:</strong></span> <span class='ocrx_word' id='word_1_78' title='bbox 2545 956 2753 1026; x_wconf 84' lang='lat' dir='ltr'><strong>Duplex</strong></span> <span class='ocrx_word' id='word_1_79' title='bbox 2781 955 2834 1009; x_wconf 81' lang='lat' dir='ltr'><strong>in</strong></span> <span class='ocrx_word' id='word_1_80' title='bbox 2870 955 3029 1009; x_wconf 89' lang='lat' dir='ltr'><strong>nobis</strong></span> <span class='ocrx_word' id='word_1_81' title='bbox 3094 954 3448 1009; x_wconf 89' lang='lat' dir='ltr'><strong>contrahitur</strong></span> 
     </span>
    </p>
   </div>
   <div class='ocr_carea' id='block_1_11' title="bbox 194 1038 3441 1112">
    <p class='ocr_par' dir='ltr' id='par_1_11' title="bbox 194 1038 3441 1112">
     <span class='ocr_line' id='line_1_11' title="bbox 194 1038 3441 1112; baseline -0 -19"><span class='ocrx_word' id='word_1_82' title='bbox 194 1040 509 1108; x_wconf 89' lang='lat' dir='ltr'><strong>impuritas,</strong></span> <span class='ocrx_word' id='word_1_83' title='bbox 543 1041 716 1097; x_wconf 89' lang='lat' dir='ltr'><strong>altera</strong></span> <span class='ocrx_word' id='word_1_84' title='bbox 744 1042 923 1107; x_wconf 89' lang='lat' dir='ltr'><strong>carni,</strong></span> <span class='ocrx_word' id='word_1_85' title='bbox 954 1042 1126 1097; x_wconf 89' lang='lat' dir='ltr'><strong>altera</strong></span> <span class='ocrx_word' id='word_1_86' title='bbox 1162 1040 1435 1095; x_wconf 88' lang='lat' dir='ltr'><strong>incumbit</strong></span> <span class='ocrx_word' id='word_1_87' title='bbox 1465 1038 1712 1109; x_wconf 83' lang='lat' dir='ltr'><strong>Spiritui.</strong></span> <span class='ocrx_word' id='word_1_88' title='bbox 1750 1040 1982 1097; x_wconf 85' lang='lat' dir='ltr'><strong>Carnem</strong></span> <span class='ocrx_word' id='word_1_89' title='bbox 2010 1054 2384 1112; x_wconf 89' lang='lat' dir='ltr'><strong>conspurcant</strong></span> <span class='ocrx_word' id='word_1_90' title='bbox 2417 1046 2664 1099; x_wconf 84' lang='lat' dir='ltr'><strong>enormia</strong></span> <span class='ocrx_word' id='word_1_91' title='bbox 2688 1052 2743 1098; x_wconf 92' lang='lat' dir='ltr'><strong>et</strong></span> <span class='ocrx_word' id='word_1_92' title='bbox 2782 1043 2951 1112; x_wconf 88' lang='lat' dir='ltr'><strong>impia</strong></span> <span class='ocrx_word' id='word_1_93' title='bbox 2981 1043 3213 1097; x_wconf 90' lang='lat' dir='ltr'><strong>scelera.</strong></span> <span class='ocrx_word' id='word_1_94' title='bbox 3244 1043 3441 1095; x_wconf 83' lang='lat' dir='ltr'><strong>Anima</strong></span> 
     </span>
    </p>
   </div>
   <div class='ocr_carea' id='block_1_12' title="bbox 196 1124 3432 1201">
    <p class='ocr_par' dir='ltr' id='par_1_12' title="bbox 196 1124 3432 1201">
     <span class='ocr_line' id='line_1_12' title="bbox 196 1124 3432 1201; baseline 0 -23"><span class='ocrx_word' id='word_1_95' title='bbox 196 1126 449 1190; x_wconf 70' lang='lat' dir='ltr'><strong>findatur,</strong></span> <span class='ocrx_word' id='word_1_96' title='bbox 485 1125 531 1180; x_wconf 93' lang='lat' dir='ltr'><strong>si</strong></span> <span class='ocrx_word' id='word_1_97' title='bbox 567 1127 692 1196; x_wconf 83' lang='lat' dir='ltr'><strong>quis</strong></span> <span class='ocrx_word' id='word_1_98' title='bbox 753 1126 976 1181; x_wconf 86' lang='lat' dir='ltr'><strong>recedat</strong></span> <span class='ocrx_word' id='word_1_99' title='bbox 1000 1140 1030 1179; x_wconf 90' lang='lat' dir='ltr'><strong>a</strong></span> <span class='ocrx_word' id='word_1_100' title='bbox 1062 1127 1243 1181; x_wconf 84' lang='lat' dir='ltr'><strong>sacris</strong></span> <span class='ocrx_word' id='word_1_101' title='bbox 1302 1124 1655 1196; x_wconf 82' lang='lat' dir='ltr'><strong>dogmatibus</strong></span> <span class='ocrx_word' id='word_1_102' title='bbox 1681 1134 1736 1181; x_wconf 90' lang='lat' dir='ltr'><strong>et</strong></span> <span class='ocrx_word' id='word_1_103' title='bbox 1769 1143 1904 1183; x_wconf 89' lang='lat' dir='ltr'><strong>sana</strong></span> <span class='ocrx_word' id='word_1_104' title='bbox 1954 1130 2080 1187; x_wconf 90' lang='lat' dir='ltr'><strong>ﬁde.</strong></span> <span class='ocrx_word' id='word_1_105' title='bbox 2108 1131 2366 1186; x_wconf 79' lang='lat' dir='ltr'><strong>Animum</strong></span> <span class='ocrx_word' id='word_1_106' title='bbox 2406 1139 2672 1201; x_wconf 74' lang='lat' dir='ltr'><strong>praeterea</strong></span> <span class='ocrx_word' id='word_1_107' title='bbox 2706 1131 2961 1200; x_wconf 90' lang='lat' dir='ltr'><strong>polluunt</strong></span> <span class='ocrx_word' id='word_1_108' title='bbox 3025 1129 3271 1193; x_wconf 71' lang='lat' dir='ltr'><strong>fraudes,</strong></span> <span class='ocrx_word' id='word_1_109' title='bbox 3302 1130 3432 1191; x_wconf 83' lang='lat' dir='ltr'><strong>doli,</strong></span> 
     </span>
    </p>
   </div>
   <div class='ocr_carea' id='block_1_13' title="bbox 196 1212 3444 1293">
    <p class='ocr_par' dir='ltr' id='par_1_13' title="bbox 196 1212 3444 1293">
     <span class='ocr_line' id='line_1_13' title="bbox 196 1212 3444 1293; baseline 0.003 -28"><span class='ocrx_word' id='word_1_110' title='bbox 196 1212 453 1282; x_wconf 73' lang='lat' dir='ltr'><strong>pet-juris,</strong></span> <span class='ocrx_word' id='word_1_111' title='bbox 485 1214 921 1281; x_wconf 85' lang='lat' dir='ltr'><strong>susurrationes,</strong></span> <span class='ocrx_word' id='word_1_112' title='bbox 957 1212 1292 1279; x_wconf 85' lang='lat' dir='ltr'><strong>inﬂationes,</strong></span> <span class='ocrx_word' id='word_1_113' title='bbox 1330 1215 1719 1269; x_wconf 86' lang='lat' dir='ltr'><strong>contentiones</strong></span> <span class='ocrx_word' id='word_1_114' title='bbox 1746 1227 1799 1271; x_wconf 92' lang='lat' dir='ltr'><strong>et</strong></span> <span class='ocrx_word' id='word_1_115' title='bbox 1831 1221 2235 1287; x_wconf 78' lang='lat' dir='ltr'><strong>aemulationes,</strong></span> <span class='ocrx_word' id='word_1_116' title='bbox 2274 1231 2329 1275; x_wconf 91' lang='lat' dir='ltr'><strong>et</strong></span> <span class='ocrx_word' id='word_1_117' title='bbox 2359 1224 2572 1293; x_wconf 91' lang='lat' dir='ltr'><strong>reliqua</strong></span> <span class='ocrx_word' id='word_1_118' title='bbox 2626 1222 2794 1292; x_wconf 87' lang='lat' dir='ltr'><strong>hujus</strong></span> <span class='ocrx_word' id='word_1_119' title='bbox 2840 1221 3036 1275; x_wconf 70' lang='lat' dir='ltr'><strong>farina:</strong></span> <span class='ocrx_word' id='word_1_120' title='bbox 3084 1222 3243 1276; x_wconf 82' lang='lat' dir='ltr'><strong>vitta.</strong></span> <span class='ocrx_word' id='word_1_121' title='bbox 3279 1219 3444 1274; x_wconf 87' lang='lat' dir='ltr'><strong>Nunc</strong></span> 
     </span>
    </p>
   </div>
   <div class='ocr_carea' id='block_1_14' title="bbox 194 1300 3439 1375">
    <p class='ocr_par' dir='ltr' id='par_1_14' title="bbox 194 1300 3439 1375">
     <span class='ocr_line' id='line_1_14' title="bbox 194 1300 3439 1375; baseline 0.002 -25"><span class='ocrx_word' id='word_1_122' title='bbox 194 1314 318 1352; x_wconf 86' lang='lat' dir='ltr'><strong>vero</strong></span> <span class='ocrx_word' id='word_1_123' title='bbox 362 1300 452 1354; x_wconf 79' lang='lat' dir='ltr'><strong>lex</strong></span> <span class='ocrx_word' id='word_1_124' title='bbox 505 1301 701 1355; x_wconf 63' lang='lat' dir='ltr'><strong>animae</strong></span> <span class='ocrx_word' id='word_1_125' title='bbox 740 1302 874 1355; x_wconf 89' lang='lat' dir='ltr'><strong>vitia</strong></span> <span class='ocrx_word' id='word_1_126' title='bbox 905 1315 1170 1356; x_wconf 87' lang='lat' dir='ltr'><strong>enarrare</strong></span> <span class='ocrx_word' id='word_1_127' title='bbox 1232 1301 1495 1356; x_wconf 88' lang='lat' dir='ltr'><strong>instituit.</strong></span> <span class='ocrx_word' id='word_1_128' title='bbox 1542 1302 1612 1355; x_wconf 83' lang='lat' dir='ltr'><strong>At</strong></span> <span class='ocrx_word' id='word_1_129' title='bbox 1642 1302 1842 1356; x_wconf 91' lang='lat' dir='ltr'><strong>mentis</strong></span> <span class='ocrx_word' id='word_1_130' title='bbox 1872 1309 2033 1373; x_wconf 85' lang='lat' dir='ltr'><strong>typus</strong></span> <span class='ocrx_word' id='word_1_131' title='bbox 2058 1313 2141 1359; x_wconf 91' lang='lat' dir='ltr'><strong>est</strong></span> <span class='ocrx_word' id='word_1_132' title='bbox 2181 1314 2352 1374; x_wconf 90' lang='lat' dir='ltr'><strong>caput</strong></span> <span class='ocrx_word' id='word_1_133' title='bbox 2385 1307 2820 1375; x_wconf 89' lang='lat' dir='ltr'><strong>:cogitationem</strong></span> <span class='ocrx_word' id='word_1_134' title='bbox 2874 1305 3077 1359; x_wconf 82' lang='lat' dir='ltr'><strong>mentis</strong></span> <span class='ocrx_word' id='word_1_135' title='bbox 3132 1302 3439 1372; x_wconf 80' lang='lat' dir='ltr'><strong>perfectam</strong></span> 
     </span>
    </p>
   </div>
   <div class='ocr_carea' id='block_1_15' title="bbox 195 1387 3442 1460">
    <p class='ocr_par' dir='ltr' id='par_1_15' title="bbox 195 1387 3442 1460">
     <span class='ocr_line' id='line_1_15' title="bbox 195 1387 3442 1460; baseline 0 -19"><span class='ocrx_word' id='word_1_136' title='bbox 195 1390 411 1441; x_wconf 81' lang='lat' dir='ltr'><strong>denotat</strong></span> <span class='ocrx_word' id='word_1_137' title='bbox 435 1389 631 1443; x_wconf 84' lang='lat' dir='ltr'><strong>barba.</strong></span> <span class='ocrx_word' id='word_1_138' title='bbox 681 1387 815 1442; x_wconf 86' lang='lat' dir='ltr'><strong>Nam</strong></span> <span class='ocrx_word' id='word_1_139' title='bbox 848 1388 1204 1459; x_wconf 82' lang='lat' dir='ltr'><strong>perfectionis</strong></span> <span class='ocrx_word' id='word_1_140' title='bbox 1225 1389 1445 1457; x_wconf 90' lang='lat' dir='ltr'><strong>signum</strong></span> <span class='ocrx_word' id='word_1_141' title='bbox 1486 1389 1806 1458; x_wconf 89' lang='lat' dir='ltr'><strong>perhibetur</strong></span> <span class='ocrx_word' id='word_1_142' title='bbox 1834 1388 2026 1443; x_wconf 84' lang='lat' dir='ltr'><strong>barba.</strong></span> <span class='ocrx_word' id='word_1_143' title='bbox 2059 1387 2263 1443; x_wconf 82' lang='lat' dir='ltr'><strong>Verum</strong></span> <span class='ocrx_word' id='word_1_144' title='bbox 2301 1400 2355 1446; x_wconf 91' lang='lat' dir='ltr'><strong>et</strong></span> <span class='ocrx_word' id='word_1_145' title='bbox 2386 1391 2578 1445; x_wconf 68' lang='lat' dir='ltr'><strong>istbaac</strong></span> <span class='ocrx_word' id='word_1_146' title='bbox 2605 1392 2814 1446; x_wconf 87' lang='lat' dir='ltr'><strong>habent</strong></span> <span class='ocrx_word' id='word_1_147' title='bbox 2849 1390 3152 1460; x_wconf 83' lang='lat' dir='ltr'><strong>quamdam</strong></span> <span class='ocrx_word' id='word_1_148' title='bbox 3179 1390 3442 1459; x_wconf 87' lang='lat' dir='ltr'><strong>specula-</strong></span> 
     </span>
    </p>
   </div>
   <div class='ocr_carea' id='block_1_16' title="bbox 193 1475 3440 1548">
    <p class='ocr_par' dir='ltr' id='par_1_16' title="bbox 193 1475 3440 1548">
     <span class='ocr_line' id='line_1_16' title="bbox 193 1475 3440 1548; baseline 0.001 -21"><span class='ocrx_word' id='word_1_149' title='bbox 193 1477 392 1528; x_wconf 88' lang='lat' dir='ltr'><strong>tionem</strong></span> <span class='ocrx_word' id='word_1_150' title='bbox 444 1476 802 1545; x_wconf 87' lang='lat' dir='ltr'><strong>peculiarem.</strong></span> <span class='ocrx_word' id='word_1_151' title='bbox 846 1475 981 1529; x_wconf 89' lang='lat' dir='ltr'><strong>Nam</strong></span> <span class='ocrx_word' id='word_1_152' title='bbox 1013 1492 1189 1537; x_wconf 83' lang='lat' dir='ltr'><strong>tuens.</strong></span> <span class='ocrx_word' id='word_1_153' title='bbox 1221 1475 1325 1530; x_wconf 90' lang='lat' dir='ltr'><strong>etsi</strong></span> <span class='ocrx_word' id='word_1_154' title='bbox 1385 1476 1639 1529; x_wconf 88' lang='lat' dir='ltr'><strong>nonnihil</strong></span> <span class='ocrx_word' id='word_1_155' title='bbox 1704 1476 2020 1545; x_wconf 85' lang='lat' dir='ltr'><strong>implicatur</strong></span> <span class='ocrx_word' id='word_1_156' title='bbox 2051 1477 2312 1532; x_wconf 90' lang='lat' dir='ltr'><strong>vitiorum</strong></span> <span class='ocrx_word' id='word_1_157' title='bbox 2355 1478 2643 1533; x_wconf 87' lang='lat' dir='ltr'><strong>doloribus</strong></span> <span class='ocrx_word' id='word_1_158' title='bbox 2676 1480 2997 1548; x_wconf 89' lang='lat' dir='ltr'><strong>primulum,</strong></span> <span class='ocrx_word' id='word_1_159' title='bbox 3029 1486 3084 1531; x_wconf 89' lang='lat' dir='ltr'><strong>et</strong></span> <span class='ocrx_word' id='word_1_160' title='bbox 3114 1486 3294 1531; x_wconf 90' lang='lat' dir='ltr'><strong>tamen</strong></span> <span class='ocrx_word' id='word_1_161' title='bbox 3327 1492 3440 1530; x_wconf 89' lang='lat' dir='ltr'><strong>non</strong></span> 
     </span>
    </p>
   </div>
   <div class='ocr_carea' id='block_1_17' title="bbox 194 1562 3436 1635">
    <p class='ocr_par' dir='ltr' id='par_1_17' title="bbox 194 1562 3436 1635">
     <span class='ocr_line' id='line_1_17' title="bbox 194 1562 3436 1635; baseline 0.001 -21"><span class='ocrx_word' id='word_1_162' title='bbox 194 1577 417 1632; x_wconf 83' lang='lat' dir='ltr'><strong>prorsus</strong></span> <span class='ocrx_word' id='word_1_163' title='bbox 448 1562 505 1615; x_wconf 92' lang='lat' dir='ltr'><strong>in</strong></span> <span class='ocrx_word' id='word_1_164' title='bbox 538 1562 669 1616; x_wconf 86' lang='lat' dir='ltr'><strong>vitia</strong></span> <span class='ocrx_word' id='word_1_165' title='bbox 714 1564 1041 1634; x_wconf 88' lang='lat' dir='ltr'><strong>prolabitur,</strong></span> <span class='ocrx_word' id='word_1_166' title='bbox 1070 1562 1165 1618; x_wconf 89' lang='lat' dir='ltr'><strong>sed</strong></span> <span class='ocrx_word' id='word_1_167' title='bbox 1200 1562 1472 1617; x_wconf 88' lang='lat' dir='ltr'><strong>modestis</strong></span> <span class='ocrx_word' id='word_1_168' title='bbox 1508 1562 2030 1631; x_wconf 84' lang='lat' dir='ltr'><strong>reprehensionibus</strong></span> <span class='ocrx_word' id='word_1_169' title='bbox 2054 1564 2249 1619; x_wconf 88' lang='lat' dir='ltr'><strong>edocta</strong></span> <span class='ocrx_word' id='word_1_170' title='bbox 2292 1581 2320 1617; x_wconf 92' lang='lat' dir='ltr'><strong>a</strong></span> <span class='ocrx_word' id='word_1_171' title='bbox 2352 1566 2507 1621; x_wconf 83' lang='lat' dir='ltr'><strong>vitiis</strong></span> <span class='ocrx_word' id='word_1_172' title='bbox 2541 1568 2770 1631; x_wconf 87' lang='lat' dir='ltr'><strong>recedit,</strong></span> <span class='ocrx_word' id='word_1_173' title='bbox 2801 1576 2853 1619; x_wconf 89' lang='lat' dir='ltr'><strong>et</strong></span> <span class='ocrx_word' id='word_1_174' title='bbox 2880 1567 3037 1635; x_wconf 88' lang='lat' dir='ltr'><strong>quasi</strong></span> <span class='ocrx_word' id='word_1_175' title='bbox 3089 1572 3377 1633; x_wconf 83' lang='lat' dir='ltr'><strong>separatur</strong></span> <span class='ocrx_word' id='word_1_176' title='bbox 3416 1581 3436 1619; x_wconf 88' lang='lat'><strong>:</strong></span> 
     </span>
    </p>
   </div>
   <div class='ocr_carea' id='block_1_18' title="bbox 192 1649 3441 1721">
    <p class='ocr_par' dir='ltr' id='par_1_18' title="bbox 192 1649 3441 1721">
     <span class='ocr_line' id='line_1_18' title="bbox 192 1649 3441 1721; baseline 0.001 -18"><span class='ocrx_word' id='word_1_177' title='bbox 192 1666 269 1709; x_wconf 88' lang='lat' dir='ltr'><strong>ea.</strong></span> <span class='ocrx_word' id='word_1_178' title='bbox 296 1649 550 1718; x_wconf 89' lang='lat' dir='ltr'><strong>inquam,</strong></span> <span class='ocrx_word' id='word_1_179' title='bbox 589 1651 769 1705; x_wconf 88' lang='lat' dir='ltr'><strong>anima</strong></span> <span class='ocrx_word' id='word_1_180' title='bbox 802 1666 912 1705; x_wconf 92' lang='lat' dir='ltr'><strong>non</strong></span> <span class='ocrx_word' id='word_1_181' title='bbox 935 1658 1196 1707; x_wconf 77' lang='lat' dir='ltr'><strong>censetur</strong></span> <span class='ocrx_word' id='word_1_182' title='bbox 1228 1666 1326 1720; x_wconf 90' lang='lat' dir='ltr'><strong>per</strong></span> <span class='ocrx_word' id='word_1_183' title='bbox 1350 1651 1536 1705; x_wconf 89' lang='lat' dir='ltr'><strong>omnia</strong></span> <span class='ocrx_word' id='word_1_184' title='bbox 1562 1649 1894 1719; x_wconf 89' lang='lat' dir='ltr'><strong>impuritatis</strong></span> <span class='ocrx_word' id='word_1_185' title='bbox 1925 1650 2133 1703; x_wconf 90' lang='lat' dir='ltr'><strong>crimen</strong></span> <span class='ocrx_word' id='word_1_186' title='bbox 2164 1651 2492 1715; x_wconf 85' lang='lat' dir='ltr'><strong>incurrisse,</strong></span> <span class='ocrx_word' id='word_1_187' title='bbox 2532 1668 2633 1705; x_wconf 90' lang='lat' dir='ltr'><strong>nec</strong></span> <span class='ocrx_word' id='word_1_188' title='bbox 2665 1666 2893 1721; x_wconf 87' lang='lat' dir='ltr'><strong>prorsus</strong></span> <span class='ocrx_word' id='word_1_189' title='bbox 2928 1651 3204 1705; x_wconf 89' lang='lat' dir='ltr'><strong>alienatur</strong></span> <span class='ocrx_word' id='word_1_190' title='bbox 3236 1666 3264 1703; x_wconf 93' lang='lat' dir='ltr'><strong>a</strong></span> <span class='ocrx_word' id='word_1_191' title='bbox 3304 1650 3441 1705; x_wconf 87' lang='lat' dir='ltr'><strong>Deo.</strong></span> 
     </span>
    </p>
   </div>
   <div class='ocr_carea' id='block_1_19' title="bbox 196 1735 3433 1811">
    <p class='ocr_par' dir='ltr' id='par_1_19' title="bbox 196 1735 3433 1811">
     <span class='ocr_line' id='line_1_19' title="bbox 196 1735 3433 1811; baseline 0.002 -23"><span class='ocrx_word' id='word_1_192' title='bbox 196 1758 212 1788; x_wconf 73' lang='grc' dir='ltr'><strong>ι</strong></span> <span class='ocrx_word' id='word_1_193' title='bbox 234 1735 331 1791; x_wconf 88' lang='lat' dir='ltr'><strong>Ubi</strong></span> <span class='ocrx_word' id='word_1_194' title='bbox 363 1739 559 1793; x_wconf 89' lang='lat' dir='ltr'><strong>laverit</strong></span> <span class='ocrx_word' id='word_1_195' title='bbox 586 1738 912 1792; x_wconf 90' lang='lat' dir='ltr'><strong>vestimenta</strong></span> <span class='ocrx_word' id='word_1_196' title='bbox 936 1754 1058 1801; x_wconf 89' lang='lat' dir='ltr'><strong>sua,</strong></span> <span class='ocrx_word' id='word_1_197' title='bbox 1092 1738 1337 1794; x_wconf 90' lang='lat' dir='ltr'><strong>mundus</strong></span> <span class='ocrx_word' id='word_1_198' title='bbox 1361 1741 1487 1801; x_wconf 91' lang='lat' dir='ltr'><strong>erit,</strong></span> <span class='ocrx_word' id='word_1_199' title='bbox 1517 1758 1535 1791; x_wconf 81' lang='grc' dir='ltr'><strong>ι</strong></span> <span class='ocrx_word' id='word_1_200' title='bbox 1592 1739 1643 1792; x_wconf 90' lang='lat' dir='ltr'><strong>id</strong></span> <span class='ocrx_word' id='word_1_201' title='bbox 1672 1746 1780 1802; x_wconf 90' lang='lat' dir='ltr'><strong>est,</strong></span> <span class='ocrx_word' id='word_1_202' title='bbox 1813 1739 2048 1807; x_wconf 88' lang='lat' dir='ltr'><strong>accipiet</strong></span> <span class='ocrx_word' id='word_1_203' title='bbox 2069 1746 2123 1793; x_wconf 92' lang='lat' dir='ltr'><strong>et</strong></span> <span class='ocrx_word' id='word_1_204' title='bbox 2155 1742 2358 1794; x_wconf 85' lang='lat' dir='ltr'><strong>sentiet</strong></span> <span class='ocrx_word' id='word_1_205' title='bbox 2392 1740 2720 1795; x_wconf 81' lang='lat' dir='ltr'><strong>auxiliarem</strong></span> <span class='ocrx_word' id='word_1_206' title='bbox 2741 1740 3231 1809; x_wconf 89' lang='lat' dir='ltr'><strong>justiﬁcationcm,</strong></span> <span class='ocrx_word' id='word_1_207' title='bbox 3262 1756 3433 1811; x_wconf 90' lang='lat' dir='ltr'><strong>quam</strong></span> 
     </span>
    </p>
   </div>
   <div class='ocr_carea' id='block_1_20' title="bbox 190 1825 3440 1897">
    <p class='ocr_par' dir='ltr' id='par_1_20' title="bbox 190 1825 3440 1897">
     <span class='ocr_line' id='line_1_20' title="bbox 190 1825 3440 1897; baseline 0.001 -19"><span class='ocrx_word' id='word_1_208' title='bbox 190 1825 439 1882; x_wconf 85' lang='lat' dir='ltr'><strong>Christus</strong></span> <span class='ocrx_word' id='word_1_209' title='bbox 466 1826 685 1881; x_wconf 87' lang='lat' dir='ltr'><strong>mortali</strong></span> <span class='ocrx_word' id='word_1_210' title='bbox 715 1826 901 1896; x_wconf 81' lang='lat' dir='ltr'><strong>generi</strong></span> <span class='ocrx_word' id='word_1_211' title='bbox 933 1826 1244 1895; x_wconf 79' lang='lat' dir='ltr'><strong>impar-titus</strong></span> <span class='ocrx_word' id='word_1_212' title='bbox 1278 1836 1384 1880; x_wconf 92' lang='lat' dir='ltr'><strong>est.</strong></span> <span class='ocrx_word' id='word_1_213' title='bbox 1421 1825 1575 1891; x_wconf 85' lang='lat' dir='ltr'><strong>Quod</strong></span> <span class='ocrx_word' id='word_1_214' title='bbox 1624 1840 1755 1879; x_wconf 88' lang='lat' dir='ltr'><strong>vero</strong></span> <span class='ocrx_word' id='word_1_215' title='bbox 1810 1828 1975 1879; x_wconf 89' lang='lat' dir='ltr'><strong>etiam</strong></span> <span class='ocrx_word' id='word_1_216' title='bbox 2010 1828 2102 1896; x_wconf 89' lang='lat' dir='ltr'><strong>pili</strong></span> <span class='ocrx_word' id='word_1_217' title='bbox 2125 1827 2443 1890; x_wconf 84' lang='lat' dir='ltr'><strong>nudantur.</strong></span> <span class='ocrx_word' id='word_1_218' title='bbox 2477 1828 2938 1897; x_wconf 83' lang='lat' dir='ltr'><strong>signiﬁcationem</strong></span> <span class='ocrx_word' id='word_1_219' title='bbox 3002 1827 3169 1882; x_wconf 90' lang='lat' dir='ltr'><strong>habet</strong></span> <span class='ocrx_word' id='word_1_220' title='bbox 3228 1830 3440 1884; x_wconf 89' lang='lat' dir='ltr'><strong>nullatn</strong></span> 
     </span>
    </p>
   </div>
   <div class='ocr_carea' id='block_1_21' title="bbox 190 1911 3425 1985">
    <p class='ocr_par' dir='ltr' id='par_1_21' title="bbox 190 1911 3425 1985">
     <span class='ocr_line' id='line_1_21' title="bbox 190 1911 3425 1985; baseline 0 -18"><span class='ocrx_word' id='word_1_221' title='bbox 190 1926 494 1968; x_wconf 85' lang='lat' dir='ltr'><strong>creaturam</strong></span> <span class='ocrx_word' id='word_1_222' title='bbox 523 1928 667 1979; x_wconf 91' lang='lat' dir='ltr'><strong>esse,</strong></span> <span class='ocrx_word' id='word_1_223' title='bbox 701 1928 866 1983; x_wconf 90' lang='lat' dir='ltr'><strong>quam</strong></span> <span class='ocrx_word' id='word_1_224' title='bbox 910 1930 1014 1967; x_wconf 91' lang='lat' dir='ltr'><strong>non</strong></span> <span class='ocrx_word' id='word_1_225' title='bbox 1064 1914 1247 1968; x_wconf 84' lang='lat' dir='ltr'><strong>videat</strong></span> <span class='ocrx_word' id='word_1_226' title='bbox 1281 1921 1334 1967; x_wconf 89' lang='lat' dir='ltr'><strong>et</strong></span> <span class='ocrx_word' id='word_1_227' title='bbox 1369 1920 1668 1982; x_wconf 89' lang='lat' dir='ltr'><strong>cognoscat</strong></span> <span class='ocrx_word' id='word_1_228' title='bbox 1732 1911 1894 1965; x_wconf 89' lang='lat' dir='ltr'><strong>Deus.</strong></span> <span class='ocrx_word' id='word_1_229' title='bbox 1957 1911 2152 1968; x_wconf 87' lang='lat' dir='ltr'><strong>Omnia</strong></span> <span class='ocrx_word' id='word_1_230' title='bbox 2206 1914 2483 1983; x_wconf 84' lang='lat' dir='ltr'><strong>siquidem</strong></span> <span class='ocrx_word' id='word_1_231' title='bbox 2517 1922 2650 1969; x_wconf 91' lang='lat' dir='ltr'><strong>sunt</strong></span> <span class='ocrx_word' id='word_1_232' title='bbox 2682 1913 2976 1969; x_wconf 79' lang='lat' dir='ltr'><strong>manifesta</strong></span> <span class='ocrx_word' id='word_1_233' title='bbox 3014 1923 3070 1969; x_wconf 93' lang='lat' dir='ltr'><strong>et</strong></span> <span class='ocrx_word' id='word_1_234' title='bbox 3098 1916 3425 1985; x_wconf 89' lang='lat' dir='ltr'><strong>resupinata</strong></span> 
     </span>
    </p>
   </div>
   <div class='ocr_carea' id='block_1_22' title="bbox 188 1997 3435 2072">
    <p class='ocr_par' dir='ltr' id='par_1_22' title="bbox 188 1997 3435 2072">
     <span class='ocr_line' id='line_1_22' title="bbox 188 1997 3435 2072; baseline 0.001 -20"><span class='ocrx_word' id='word_1_235' title='bbox 188 2002 357 2054; x_wconf 84' lang='lat' dir='ltr'><strong>oculis</strong></span> <span class='ocrx_word' id='word_1_236' title='bbox 393 2000 633 2053; x_wconf 90' lang='lat' dir='ltr'><strong>Domini.</strong></span> <span class='ocrx_word' id='word_1_237' title='bbox 674 1999 811 2055; x_wconf 86' lang='lat' dir='ltr'><strong>lline</strong></span> <span class='ocrx_word' id='word_1_238' title='bbox 845 2001 1047 2055; x_wconf 89' lang='lat' dir='ltr'><strong>alicubi</strong></span> <span class='ocrx_word' id='word_1_239' title='bbox 1097 2000 1171 2053; x_wconf 90' lang='lat' dir='ltr'><strong>ita</strong></span> <span class='ocrx_word' id='word_1_240' title='bbox 1204 2000 1485 2070; x_wconf 79' lang='lat' dir='ltr'><strong>profatur:</strong></span> <span class='ocrx_word' id='word_1_241' title='bbox 1523 2018 1541 2050; x_wconf 77' lang='grc' dir='ltr'><strong>ι</strong></span> <span class='ocrx_word' id='word_1_242' title='bbox 1564 1997 1706 2054; x_wconf 87' lang='lat' dir='ltr'><strong>Deus</strong></span> <span class='ocrx_word' id='word_1_243' title='bbox 1738 2001 2199 2071; x_wconf 87' lang='lat' dir='ltr'><strong>appropinquans</strong></span> <span class='ocrx_word' id='word_1_244' title='bbox 2222 2017 2323 2072; x_wconf 91' lang='lat' dir='ltr'><strong>ego</strong></span> <span class='ocrx_word' id='word_1_245' title='bbox 2346 2017 2492 2067; x_wconf 89' lang='lat' dir='ltr'><strong>sum,</strong></span> <span class='ocrx_word' id='word_1_246' title='bbox 2520 2002 2655 2056; x_wconf 89' lang='lat' dir='ltr'><strong>dicit</strong></span> <span class='ocrx_word' id='word_1_247' title='bbox 2691 2002 2981 2064; x_wconf 83' lang='lat' dir='ltr'><strong>Dominus,</strong></span> <span class='ocrx_word' id='word_1_248' title='bbox 3005 2009 3061 2056; x_wconf 88' lang='lat' dir='ltr'><strong>et</strong></span> <span class='ocrx_word' id='word_1_249' title='bbox 3088 2018 3200 2056; x_wconf 90' lang='lat' dir='ltr'><strong>non</strong></span> <span class='ocrx_word' id='word_1_250' title='bbox 3232 2001 3378 2058; x_wconf 89' lang='lat' dir='ltr'><strong>Deus</strong></span> <span class='ocrx_word' id='word_1_251' title='bbox 3403 2019 3435 2056; x_wconf 87' lang='lat' dir='ltr'><strong>a</strong></span> 
     </span>
    </p>
   </div>
   <div class='ocr_carea' id='block_1_23' title="bbox 190 2086 1487 2159">
    <p class='ocr_par' dir='ltr' id='par_1_23' title="bbox 190 2086 1487 2159">
     <span class='ocr_line' id='line_1_23' title="bbox 190 2086 1487 2159; baseline -0.005 -15"><span class='ocrx_word' id='word_1_252' title='bbox 190 2090 573 2159; x_wconf 80' lang='lat' dir='ltr'><strong>longinquo&quot;.</strong></span> <span class='ocrx_word' id='word_1_253' title='bbox 601 2108 620 2141; x_wconf 83' lang='grc' dir='ltr'><strong>ι</strong></span> <span class='ocrx_word' id='word_1_254' title='bbox 666 2088 806 2144; x_wconf 81' lang='lat' dir='ltr'><strong>Num</strong></span> <span class='ocrx_word' id='word_1_255' title='bbox 838 2104 924 2143; x_wconf 90' lang='lat' dir='ltr'><strong>me</strong></span> <span class='ocrx_word' id='word_1_256' title='bbox 943 2089 1213 2144; x_wconf 90' lang='lat' dir='ltr'><strong>celabitur</strong></span> <span class='ocrx_word' id='word_1_257' title='bbox 1239 2086 1487 2157; x_wconf 82' lang='lat' dir='ltr'><strong>aliquid?</strong></span> 
     </span>
    </p>
   </div>
   <div class='ocr_carea' id='block_1_24' title="bbox 156 2172 3440 2248">
    <p class='ocr_par' dir='ltr' id='par_1_24' title="bbox 156 2172 3440 2248">
     <span class='ocr_line' id='line_1_24' title="bbox 156 2172 3440 2248; baseline 0 -19"><span class='ocrx_word' id='word_1_258' title='bbox 156 2190 169 2200; x_wconf 90' lang='grc'><strong>·</strong></span> <span class='ocrx_word' id='word_1_259' title='bbox 255 2176 490 2231; x_wconf 61' lang='lat' dir='ltr'><strong>Macula</strong></span> <span class='ocrx_word' id='word_1_260' title='bbox 506 2177 641 2231; x_wconf 77' lang='lat' dir='ltr'><strong>alba:</strong></span> <span class='ocrx_word' id='word_1_261' title='bbox 660 2175 1020 2239; x_wconf 85' lang='lat' dir='ltr'><strong>candicantes,</strong></span> <span class='ocrx_word' id='word_1_262' title='bbox 1043 2185 1152 2230; x_wconf 90' lang='lat' dir='ltr'><strong>etc.</strong></span> <span class='ocrx_word' id='word_1_263' title='bbox 1169 2172 1461 2248; x_wconf 66' lang='lat' dir='ltr'><strong>[Xlll,59.]</strong></span> <span class='ocrx_word' id='word_1_264' title='bbox 1482 2172 1538 2227; x_wconf 90' lang='lat' dir='ltr'><strong>Si</strong></span> <span class='ocrx_word' id='word_1_265' title='bbox 1555 2189 1680 2243; x_wconf 91' lang='lat' dir='ltr'><strong>quts</strong></span> <span class='ocrx_word' id='word_1_266' title='bbox 1704 2187 1816 2228; x_wconf 90' lang='lat' dir='ltr'><strong>rem</strong></span> <span class='ocrx_word' id='word_1_267' title='bbox 1846 2173 2137 2243; x_wconf 90' lang='lat' dir='ltr'><strong>diligenter</strong></span> <span class='ocrx_word' id='word_1_268' title='bbox 2161 2174 2440 2245; x_wconf 84' lang='lat' dir='ltr'><strong>exquirat,</strong></span> <span class='ocrx_word' id='word_1_269' title='bbox 2468 2175 2713 2230; x_wconf 87' lang='lat' dir='ltr'><strong>inveniat</strong></span> <span class='ocrx_word' id='word_1_270' title='bbox 2736 2174 2897 2230; x_wconf 92' lang='lat' dir='ltr'><strong>istam</strong></span> <span class='ocrx_word' id='word_1_271' title='bbox 2916 2176 3102 2231; x_wconf 88' lang='lat' dir='ltr'><strong>carnis</strong></span> <span class='ocrx_word' id='word_1_272' title='bbox 3128 2175 3440 2231; x_wconf 88' lang='lat' dir='ltr'><strong>albedinem</strong></span> 
     </span>
    </p>
   </div>
   <div class='ocr_carea' id='block_1_25' title="bbox 188 2260 3434 2335">
    <p class='ocr_par' dir='ltr' id='par_1_25' title="bbox 188 2260 3434 2335">
     <span class='ocr_line' id='line_1_25' title="bbox 188 2260 3434 2335; baseline -0.001 -17"><span class='ocrx_word' id='word_1_273' title='bbox 188 2281 304 2319; x_wconf 84' lang='lat' dir='ltr'><strong>esse</strong></span> <span class='ocrx_word' id='word_1_274' title='bbox 334 2266 628 2335; x_wconf 88' lang='lat' dir='ltr'><strong>quamdam</strong></span> <span class='ocrx_word' id='word_1_275' title='bbox 659 2266 910 2334; x_wconf 87' lang='lat' dir='ltr'><strong>corporis</strong></span> <span class='ocrx_word' id='word_1_276' title='bbox 943 2264 1288 2318; x_wconf 74' lang='lat' dir='ltr'><strong>affectionem</strong></span> <span class='ocrx_word' id='word_1_277' title='bbox 1325 2264 1488 2327; x_wconf 76' lang='lat' dir='ltr'><strong>leprae</strong></span> <span class='ocrx_word' id='word_1_278' title='bbox 1517 2262 1776 2316; x_wconf 87' lang='lat' dir='ltr'><strong>vicinam.</strong></span> <span class='ocrx_word' id='word_1_279' title='bbox 1811 2260 2014 2316; x_wconf 84' lang='lat' dir='ltr'><strong>Verum</strong></span> <span class='ocrx_word' id='word_1_280' title='bbox 2063 2262 2182 2317; x_wconf 85' lang='lat' dir='ltr'><strong>haec</strong></span> <span class='ocrx_word' id='word_1_281' title='bbox 2240 2263 2441 2317; x_wconf 87' lang='lat' dir='ltr'><strong>albedo</strong></span> <span class='ocrx_word' id='word_1_282' title='bbox 2491 2263 2770 2333; x_wconf 86' lang='lat' dir='ltr'><strong>signiﬁcat</strong></span> <span class='ocrx_word' id='word_1_283' title='bbox 2813 2264 2904 2316; x_wconf 91' lang='lat' dir='ltr'><strong>illa</strong></span> <span class='ocrx_word' id='word_1_284' title='bbox 2959 2264 3155 2317; x_wconf 75' lang='lat' dir='ltr'><strong>animre</strong></span> <span class='ocrx_word' id='word_1_285' title='bbox 3208 2263 3434 2324; x_wconf 86' lang='lat' dir='ltr'><strong>delicta,</strong></span> 
     </span>
    </p>
   </div>
   <div class='ocr_carea' id='block_1_26' title="bbox 188 2348 3442 2420">
    <p class='ocr_par' dir='ltr' id='par_1_26' title="bbox 188 2348 3442 2420">
     <span class='ocr_line' id='line_1_26' title="bbox 188 2348 3442 2420; baseline 0 -16"><span class='ocrx_word' id='word_1_286' title='bbox 188 2354 386 2420; x_wconf 86' lang='lat' dir='ltr'><strong>quibus</strong></span> <span class='ocrx_word' id='word_1_287' title='bbox 412 2353 595 2406; x_wconf 90' lang='lat' dir='ltr'><strong>anima</strong></span> <span class='ocrx_word' id='word_1_288' title='bbox 616 2368 723 2406; x_wconf 87' lang='lat' dir='ltr'><strong>non</strong></span> <span class='ocrx_word' id='word_1_289' title='bbox 763 2351 1042 2405; x_wconf 91' lang='lat' dir='ltr'><strong>lethaliter</strong></span> <span class='ocrx_word' id='word_1_290' title='bbox 1077 2350 1490 2405; x_wconf 88' lang='lat' dir='ltr'><strong>consauciatur.</strong></span> <span class='ocrx_word' id='word_1_291' title='bbox 1522 2348 1594 2402; x_wconf 90' lang='lat' dir='ltr'><strong>De</strong></span> <span class='ocrx_word' id='word_1_292' title='bbox 1624 2348 1709 2403; x_wconf 91' lang='lat' dir='ltr'><strong>his</strong></span> <span class='ocrx_word' id='word_1_293' title='bbox 1736 2348 2005 2419; x_wconf 85' lang='lat' dir='ltr'><strong>scriptum</strong></span> <span class='ocrx_word' id='word_1_294' title='bbox 2036 2358 2120 2405; x_wconf 87' lang='lat' dir='ltr'><strong>est</strong></span> <span class='ocrx_word' id='word_1_295' title='bbox 2154 2368 2169 2404; x_wconf 85' lang='lat'><strong>:</strong></span> <span class='ocrx_word' id='word_1_296' title='bbox 2209 2367 2227 2400; x_wconf 79' lang='grc' dir='ltr'><strong>ι</strong></span> <span class='ocrx_word' id='word_1_297' title='bbox 2254 2349 2460 2404; x_wconf 85' lang='lat' dir='ltr'><strong>Delicta</strong></span> <span class='ocrx_word' id='word_1_298' title='bbox 2513 2351 2637 2420; x_wconf 88' lang='lat' dir='ltr'><strong>quis</strong></span> <span class='ocrx_word' id='word_1_299' title='bbox 2698 2360 2998 2420; x_wconf 88' lang='lat' dir='ltr'><strong>cognoscet</strong></span> <span class='ocrx_word' id='word_1_300' title='bbox 3023 2352 3067 2383; x_wconf 76' lang='grc'><strong>⁷⁸</strong></span> <span class='ocrx_word' id='word_1_301' title='bbox 3092 2352 3115 2404; x_wconf 91' lang='lat'><strong>?</strong></span> <span class='ocrx_word' id='word_1_302' title='bbox 3140 2370 3158 2401; x_wconf 78' lang='grc' dir='ltr'><strong>ι</strong></span> <span class='ocrx_word' id='word_1_303' title='bbox 3192 2350 3442 2420; x_wconf 79' lang='lat' dir='ltr'><strong>Intelligo</strong></span> 
     </span>
    </p>
   </div>
   <div class='ocr_carea' id='block_1_27' title="bbox 187 2436 3432 2510">
    <p class='ocr_par' dir='ltr' id='par_1_27' title="bbox 187 2436 3432 2510">
     <span class='ocr_line' id='line_1_27' title="bbox 187 2436 3432 2510; baseline -0.001 -16"><span class='ocrx_word' id='word_1_304' title='bbox 187 2440 351 2510; x_wconf 82' lang='lat' dir='ltr'><strong>igitur</strong></span> <span class='ocrx_word' id='word_1_305' title='bbox 381 2441 485 2495; x_wconf 90' lang='lat' dir='ltr'><strong>sub</strong></span> <span class='ocrx_word' id='word_1_306' title='bbox 519 2442 619 2494; x_wconf 90' lang='lat' dir='ltr'><strong>hac</strong></span> <span class='ocrx_word' id='word_1_307' title='bbox 668 2439 861 2494; x_wconf 88' lang='lat' dir='ltr'><strong>vocula</strong></span> <span class='ocrx_word' id='word_1_308' title='bbox 914 2437 1168 2503; x_wconf 70' lang='lat' dir='ltr'><strong>allectus,</strong></span> <span class='ocrx_word' id='word_1_309' title='bbox 1195 2440 1289 2507; x_wconf 90' lang='lat' dir='ltr'><strong>qui</strong></span> <span class='ocrx_word' id='word_1_310' title='bbox 1322 2453 1417 2506; x_wconf 89' lang='lat' dir='ltr'><strong>per</strong></span> <span class='ocrx_word' id='word_1_311' title='bbox 1448 2452 1508 2491; x_wconf 90' lang='lat' dir='ltr'><strong>se</strong></span> <span class='ocrx_word' id='word_1_312' title='bbox 1539 2451 1642 2491; x_wconf 92' lang='lat' dir='ltr'><strong>nec</strong></span> <span class='ocrx_word' id='word_1_313' title='bbox 1674 2446 1902 2490; x_wconf 90' lang='lat' dir='ltr'><strong>mortem</strong></span> <span class='ocrx_word' id='word_1_314' title='bbox 1936 2450 2036 2490; x_wconf 91' lang='lat' dir='ltr'><strong>nec</strong></span> <span class='ocrx_word' id='word_1_315' title='bbox 2080 2436 2278 2490; x_wconf 79' lang='lat' dir='ltr'><strong>animae</strong></span> <span class='ocrx_word' id='word_1_316' title='bbox 2310 2436 2595 2491; x_wconf 88' lang='lat' dir='ltr'><strong>interitum</strong></span> <span class='ocrx_word' id='word_1_317' title='bbox 2631 2444 2956 2505; x_wconf 88' lang='lat' dir='ltr'><strong>procurant.</strong></span> <span class='ocrx_word' id='word_1_318' title='bbox 3006 2436 3208 2491; x_wconf 85' lang='lat' dir='ltr'><strong>Verum</strong></span> <span class='ocrx_word' id='word_1_319' title='bbox 3255 2437 3432 2506; x_wconf 79' lang='lat' dir='ltr'><strong>judex</strong></span> 
     </span>
    </p>
   </div>
   <div class='ocr_carea' id='block_1_28' title="bbox 185 2524 3434 2596">
    <p class='ocr_par' dir='ltr' id='par_1_28' title="bbox 185 2524 3434 2596">
     <span class='ocr_line' id='line_1_28' title="bbox 185 2524 3434 2596; baseline -0 -15"><span class='ocrx_word' id='word_1_320' title='bbox 185 2543 292 2581; x_wconf 91' lang='lat' dir='ltr'><strong>non</strong></span> <span class='ocrx_word' id='word_1_321' title='bbox 323 2526 627 2582; x_wconf 85' lang='lat' dir='ltr'><strong>secundum</strong></span> <span class='ocrx_word' id='word_1_322' title='bbox 658 2525 801 2596; x_wconf 90' lang='lat' dir='ltr'><strong>juris</strong></span> <span class='ocrx_word' id='word_1_323' title='bbox 833 2527 1071 2596; x_wconf 88' lang='lat' dir='ltr'><strong>rigorem</strong></span> <span class='ocrx_word' id='word_1_324' title='bbox 1110 2525 1193 2579; x_wconf 90' lang='lat' dir='ltr'><strong>vel</strong></span> <span class='ocrx_word' id='word_1_325' title='bbox 1215 2525 1411 2579; x_wconf 89' lang='lat' dir='ltr'><strong>stricto</strong></span> <span class='ocrx_word' id='word_1_326' title='bbox 1436 2524 1563 2593; x_wconf 89' lang='lat' dir='ltr'><strong>jure</strong></span> <span class='ocrx_word' id='word_1_327' title='bbox 1590 2525 1774 2578; x_wconf 89' lang='lat' dir='ltr'><strong>omnia</strong></span> <span class='ocrx_word' id='word_1_328' title='bbox 1800 2524 2140 2591; x_wconf 83' lang='lat' dir='ltr'><strong>exsequitur.</strong></span> <span class='ocrx_word' id='word_1_329' title='bbox 2174 2524 2397 2594; x_wconf 84' lang='lat' dir='ltr'><strong>Aliquid</strong></span> <span class='ocrx_word' id='word_1_330' title='bbox 2423 2534 2627 2580; x_wconf 67' lang='lat' dir='ltr'><strong>nostra:</strong></span> <span class='ocrx_word' id='word_1_331' title='bbox 2654 2525 2847 2579; x_wconf 87' lang='lat' dir='ltr'><strong>tribuit</strong></span> <span class='ocrx_word' id='word_1_332' title='bbox 2874 2524 3260 2580; x_wconf 88' lang='lat' dir='ltr'><strong>imbecillitati.</strong></span> <span class='ocrx_word' id='word_1_333' title='bbox 3293 2525 3434 2592; x_wconf 83' lang='lat' dir='ltr'><strong>Quia</strong></span> 
     </span>
    </p>
   </div>
   <div class='ocr_carea' id='block_1_29' title="bbox 185 2610 3432 2685">
    <p class='ocr_par' dir='ltr' id='par_1_29' title="bbox 185 2610 3432 2685">
     <span class='ocr_line' id='line_1_29' title="bbox 185 2610 3432 2685; baseline 0 -18"><span class='ocrx_word' id='word_1_334' title='bbox 185 2616 303 2683; x_wconf 82' lang='lat' dir='ltr'><strong>ipse</strong></span> <span class='ocrx_word' id='word_1_335' title='bbox 327 2616 479 2669; x_wconf 90' lang='lat' dir='ltr'><strong>novit</strong></span> <span class='ocrx_word' id='word_1_336' title='bbox 514 2626 760 2669; x_wconf 88' lang='lat' dir='ltr'><strong>nostrum</strong></span> <span class='ocrx_word' id='word_1_337' title='bbox 812 2613 1154 2685; x_wconf 89' lang='lat' dir='ltr'><strong>ﬁgmentum.</strong></span> <span class='ocrx_word' id='word_1_338' title='bbox 1199 2610 1319 2667; x_wconf 84' lang='lat' dir='ltr'><strong>Huc</strong></span> <span class='ocrx_word' id='word_1_339' title='bbox 1380 2611 1506 2665; x_wconf 86' lang='lat' dir='ltr'><strong>addi</strong></span> <span class='ocrx_word' id='word_1_340' title='bbox 1564 2618 1745 2681; x_wconf 90' lang='lat' dir='ltr'><strong>potest</strong></span> <span class='ocrx_word' id='word_1_341' title='bbox 1805 2619 1860 2665; x_wconf 91' lang='lat' dir='ltr'><strong>et</strong></span> <span class='ocrx_word' id='word_1_342' title='bbox 1901 2610 2037 2664; x_wconf 89' lang='lat' dir='ltr'><strong>illud</strong></span> <span class='ocrx_word' id='word_1_343' title='bbox 2108 2611 2411 2681; x_wconf 69' lang='lat' dir='ltr'><strong>Scripturm</strong></span> <span class='ocrx_word' id='word_1_344' title='bbox 2473 2614 2823 2683; x_wconf 86' lang='lat' dir='ltr'><strong>proloquium</strong></span> <span class='ocrx_word' id='word_1_345' title='bbox 2859 2630 2873 2666; x_wconf 87' lang='lat'><strong>:</strong></span> <span class='ocrx_word' id='word_1_346' title='bbox 2914 2613 3016 2667; x_wconf 72' lang='lat' dir='ltr'><strong>«Si</strong></span> <span class='ocrx_word' id='word_1_347' title='bbox 3042 2613 3432 2669; x_wconf 90' lang='lat' dir='ltr'><strong>observaveris</strong></span> 
     </span>
    </p>
   </div>
   <div class='ocr_carea' id='block_1_30' title="bbox 183 2698 3434 2772">
    <p class='ocr_par' dir='ltr' id='par_1_30' title="bbox 183 2698 3434 2772">
     <span class='ocr_line' id='line_1_30' title="bbox 183 2698 3434 2772; baseline 0 -17"><span class='ocrx_word' id='word_1_348' title='bbox 183 2704 407 2767; x_wconf 79' lang='lat' dir='ltr'><strong>delicta,</strong></span> <span class='ocrx_word' id='word_1_349' title='bbox 430 2703 555 2772; x_wconf 89' lang='lat' dir='ltr'><strong>quis</strong></span> <span class='ocrx_word' id='word_1_350' title='bbox 584 2699 938 2756; x_wconf 83' lang='lat' dir='ltr'><strong>sustinebit&quot;</strong></span> <span class='ocrx_word' id='word_1_351' title='bbox 958 2700 980 2753; x_wconf 68' lang='grc' dir='ltr'>Τ</span> <span class='ocrx_word' id='word_1_352' title='bbox 1004 2719 1022 2752; x_wconf 84' lang='grc' dir='ltr'><strong>ι</strong></span> <span class='ocrx_word' id='word_1_353' title='bbox 1057 2698 1259 2753; x_wconf 82' lang='lat' dir='ltr'><strong>Verum</strong></span> <span class='ocrx_word' id='word_1_354' title='bbox 1290 2707 1346 2752; x_wconf 91' lang='lat' dir='ltr'><strong>ut</strong></span> <span class='ocrx_word' id='word_1_355' title='bbox 1367 2699 1514 2754; x_wconf 87' lang='lat' dir='ltr'><strong>scias</strong></span> <span class='ocrx_word' id='word_1_356' title='bbox 1546 2707 1739 2753; x_wconf 83' lang='lat' dir='ltr'><strong>exacte</strong></span> <span class='ocrx_word' id='word_1_357' title='bbox 1773 2713 2025 2768; x_wconf 74' lang='lat' dir='ltr'><strong>quamam</strong></span> <span class='ocrx_word' id='word_1_358' title='bbox 2054 2699 2166 2753; x_wconf 90' lang='lat' dir='ltr'><strong>sint</strong></span> <span class='ocrx_word' id='word_1_359' title='bbox 2196 2698 2303 2753; x_wconf 69' lang='lat' dir='ltr'><strong>illm</strong></span> <span class='ocrx_word' id='word_1_360' title='bbox 2351 2699 2999 2765; x_wconf 68' lang='lat' dir='ltr'><strong>candicantes&#39;maculze,</strong></span> <span class='ocrx_word' id='word_1_361' title='bbox 3026 2701 3167 2755; x_wconf 87' lang='lat' dir='ltr'><strong>scito</strong></span> <span class='ocrx_word' id='word_1_362' title='bbox 3211 2702 3434 2755; x_wconf 87' lang='lat' dir='ltr'><strong>illarum</strong></span> 
     </span>
    </p>
   </div>
   <div class='ocr_carea' id='block_1_31' title="bbox 183 2785 3435 2856">
    <p class='ocr_par' dir='ltr' id='par_1_31' title="bbox 183 2785 3435 2856">
     <span class='ocr_line' id='line_1_31' title="bbox 183 2785 3435 2856; baseline 0 -12"><span class='ocrx_word' id='word_1_363' title='bbox 183 2806 419 2845; x_wconf 90' lang='lat' dir='ltr'><strong>numero</strong></span> <span class='ocrx_word' id='word_1_364' title='bbox 452 2790 743 2853; x_wconf 88' lang='lat' dir='ltr'><strong>contineri,</strong></span> <span class='ocrx_word' id='word_1_365' title='bbox 770 2789 1123 2842; x_wconf 89' lang='lat' dir='ltr'><strong>vehementes</strong></span> <span class='ocrx_word' id='word_1_366' title='bbox 1155 2787 1393 2855; x_wconf 90' lang='lat' dir='ltr'><strong>impetus</strong></span> <span class='ocrx_word' id='word_1_367' title='bbox 1454 2785 1625 2839; x_wconf 88' lang='lat' dir='ltr'><strong>animi</strong></span> <span class='ocrx_word' id='word_1_368' title='bbox 1682 2786 1835 2840; x_wconf 91' lang='lat' dir='ltr'><strong>brevi</strong></span> <span class='ocrx_word' id='word_1_369' title='bbox 1891 2795 2139 2855; x_wconf 88' lang='lat' dir='ltr'><strong>tempore</strong></span> <span class='ocrx_word' id='word_1_370' title='bbox 2190 2797 2614 2851; x_wconf 89' lang='lat' dir='ltr'><strong>evanescentes,</strong></span> <span class='ocrx_word' id='word_1_371' title='bbox 2648 2803 2749 2842; x_wconf 92' lang='lat' dir='ltr'><strong>nec</strong></span> <span class='ocrx_word' id='word_1_372' title='bbox 2802 2804 2913 2842; x_wconf 91' lang='lat' dir='ltr'><strong>non</strong></span> <span class='ocrx_word' id='word_1_373' title='bbox 2938 2789 3336 2856; x_wconf 88' lang='lat' dir='ltr'><strong>proclivitatem</strong></span> <span class='ocrx_word' id='word_1_374' title='bbox 3365 2789 3435 2845; x_wconf 86' lang='lat' dir='ltr'><strong>ad</strong></span> 
     </span>
    </p>
   </div>
   <div class='ocr_carea' id='block_1_32' title="bbox 182 2872 3433 2949">
    <p class='ocr_par' dir='ltr' id='par_1_32' title="bbox 182 2872 3433 2949">
     <span class='ocr_line' id='line_1_32' title="bbox 182 2872 3433 2949; baseline 0 -18"><span class='ocrx_word' id='word_1_375' title='bbox 182 2880 554 2934; x_wconf 84' lang='lat' dir='ltr'><strong>irascendum.</strong></span> <span class='ocrx_word' id='word_1_376' title='bbox 588 2877 703 2933; x_wconf 86' lang='lat' dir='ltr'><strong>Huc</strong></span> <span class='ocrx_word' id='word_1_377' title='bbox 730 2878 1039 2949; x_wconf 88' lang='lat' dir='ltr'><strong>applicetur</strong></span> <span class='ocrx_word' id='word_1_378' title='bbox 1076 2875 1505 2946; x_wconf 89' lang='lat' dir='ltr'><strong>pusillanimitas</strong></span> <span class='ocrx_word' id='word_1_379' title='bbox 1556 2889 1689 2945; x_wconf 86' lang='lat' dir='ltr'><strong>erga</strong></span> <span class='ocrx_word' id='word_1_380' title='bbox 1736 2872 1964 2940; x_wconf 84' lang='lat' dir='ltr'><strong>fratres,</strong></span> <span class='ocrx_word' id='word_1_381' title='bbox 2015 2874 2288 2945; x_wconf 84' lang='lat' dir='ltr'><strong>cupiditas</strong></span> <span class='ocrx_word' id='word_1_382' title='bbox 2347 2890 2505 2931; x_wconf 85' lang='lat' dir='ltr'><strong>vanae</strong></span> <span class='ocrx_word' id='word_1_383' title='bbox 2540 2876 2807 2946; x_wconf 65' lang='lat' dir='ltr'><strong>gloriolae,</strong></span> <span class='ocrx_word' id='word_1_384' title='bbox 2841 2885 2896 2932; x_wconf 90' lang='lat' dir='ltr'><strong>et</strong></span> <span class='ocrx_word' id='word_1_385' title='bbox 2927 2879 3139 2947; x_wconf 86' lang='lat' dir='ltr'><strong>reliqua</strong></span> <span class='ocrx_word' id='word_1_386' title='bbox 3174 2878 3261 2932; x_wconf 86' lang='lat' dir='ltr'><strong>his</strong></span> <span class='ocrx_word' id='word_1_387' title='bbox 3288 2879 3433 2934; x_wconf 91' lang='lat' dir='ltr'><strong>haud</strong></span> 
     </span>
    </p>
   </div>
   <div class='ocr_carea' id='block_1_33' title="bbox 182 2967 485 3023">
    <p class='ocr_par' dir='ltr' id='par_1_33' title="bbox 182 2967 485 3023">
     <span class='ocr_line' id='line_1_33' title="bbox 182 2967 485 3023; baseline -0.01 -2"><span class='ocrx_word' id='word_1_388' title='bbox 182 2967 485 3023; x_wconf 84' lang='lat' dir='ltr'><strong>absiutilia.</strong></span> 
     </span>
    </p>
   </div>
   <div class='ocr_carea' id='block_1_34' title="bbox 253 3069 3437 3143">
    <p class='ocr_par' dir='ltr' id='par_1_34' title="bbox 253 3069 3437 3143">
     <span class='ocr_line' id='line_1_34' title="bbox 253 3069 3437 3143; baseline -0 -14"><span class='ocrx_word' id='word_1_389' title='bbox 253 3074 322 3129; x_wconf 91' lang='lat' dir='ltr'><strong>Si</strong></span> <span class='ocrx_word' id='word_1_390' title='bbox 353 3082 508 3141; x_wconf 85' lang='lat' dir='ltr'><strong>caput</strong></span> <span class='ocrx_word' id='word_1_391' title='bbox 538 3073 767 3142; x_wconf 82' lang='lat' dir='ltr'><strong>alicujus</strong></span> <span class='ocrx_word' id='word_1_392' title='bbox 803 3073 1038 3127; x_wconf 77' lang='lat' dir='ltr'><strong>calvities</strong></span> <span class='ocrx_word' id='word_1_393' title='bbox 1069 3071 1351 3136; x_wconf 82' lang='lat' dir='ltr'><strong>obsederit,</strong></span> <span class='ocrx_word' id='word_1_394' title='bbox 1384 3083 1492 3127; x_wconf 91' lang='lat' dir='ltr'><strong>etc.</strong></span> <span class='ocrx_word' id='word_1_395' title='bbox 1528 3069 1667 3143; x_wconf 69' lang='lat'><strong>[40.]</strong></span> <span class='ocrx_word' id='word_1_396' title='bbox 1696 3069 1978 3126; x_wconf 85' lang='lat' dir='ltr'><strong>Postrema</strong></span> <span class='ocrx_word' id='word_1_397' title='bbox 2012 3070 2164 3142; x_wconf 91' lang='lat' dir='ltr'><strong>lepra</strong></span> <span class='ocrx_word' id='word_1_398' title='bbox 2218 3083 2683 3128; x_wconf 89' lang='lat' dir='ltr'><strong>commemoratur</strong></span> <span class='ocrx_word' id='word_1_399' title='bbox 2720 3087 2844 3143; x_wconf 87' lang='lat' dir='ltr'><strong>quae</strong></span> <span class='ocrx_word' id='word_1_400' title='bbox 2873 3072 2926 3126; x_wconf 91' lang='lat' dir='ltr'><strong>in</strong></span> <span class='ocrx_word' id='word_1_401' title='bbox 2972 3073 3195 3128; x_wconf 89' lang='lat' dir='ltr'><strong>calvitie</strong></span> <span class='ocrx_word' id='word_1_402' title='bbox 3220 3073 3307 3128; x_wconf 90' lang='lat' dir='ltr'><strong>vel</strong></span> <span class='ocrx_word' id='word_1_403' title='bbox 3342 3089 3437 3130; x_wconf 85' lang='lat' dir='ltr'><strong>su-</strong></span> 
     </span>
    </p>
   </div>
   <div class='ocr_carea' id='block_1_35' title="bbox 183 3157 3433 3232">
    <p class='ocr_par' dir='ltr' id='par_1_35' title="bbox 183 3157 3433 3232">
     <span class='ocr_line' id='line_1_35' title="bbox 183 3157 3433 3232; baseline 0 -15"><span class='ocrx_word' id='word_1_404' title='bbox 183 3162 427 3232; x_wconf 88' lang='lat' dir='ltr'><strong>perciliis</strong></span> <span class='ocrx_word' id='word_1_405' title='bbox 453 3170 722 3214; x_wconf 87' lang='lat' dir='ltr'><strong>moratur.</strong></span> <span class='ocrx_word' id='word_1_406' title='bbox 750 3160 813 3214; x_wconf 86' lang='lat' dir='ltr'><strong>Et</strong></span> <span class='ocrx_word' id='word_1_407' title='bbox 842 3176 977 3216; x_wconf 89' lang='lat' dir='ltr'><strong>sane</strong></span> <span class='ocrx_word' id='word_1_408' title='bbox 1009 3161 1227 3215; x_wconf 91' lang='lat' dir='ltr'><strong>videtur</strong></span> <span class='ocrx_word' id='word_1_409' title='bbox 1256 3160 1558 3214; x_wconf 89' lang='lat' dir='ltr'><strong>verisimile</strong></span> <span class='ocrx_word' id='word_1_410' title='bbox 1583 3159 1759 3222; x_wconf 90' lang='lat' dir='ltr'><strong>illum,</strong></span> <span class='ocrx_word' id='word_1_411' title='bbox 1788 3157 1882 3226; x_wconf 87' lang='lat' dir='ltr'><strong>qui</strong></span> <span class='ocrx_word' id='word_1_412' title='bbox 1909 3158 2052 3227; x_wconf 91' lang='lat' dir='ltr'><strong>pilos</strong></span> <span class='ocrx_word' id='word_1_413' title='bbox 2080 3158 2395 3226; x_wconf 89' lang='lat' dir='ltr'><strong>deposuerit</strong></span> <span class='ocrx_word' id='word_1_414' title='bbox 2421 3160 2574 3229; x_wconf 91' lang='lat' dir='ltr'><strong>(sunt</strong></span> <span class='ocrx_word' id='word_1_415' title='bbox 2596 3160 2745 3214; x_wconf 92' lang='lat' dir='ltr'><strong>enim</strong></span> <span class='ocrx_word' id='word_1_416' title='bbox 2770 3174 2859 3215; x_wconf 88' lang='lat' dir='ltr'><strong>res</strong></span> <span class='ocrx_word' id='word_1_417' title='bbox 2880 3160 3131 3229; x_wconf 83' lang='lat' dir='ltr'><strong>quaedam</strong></span> <span class='ocrx_word' id='word_1_418' title='bbox 3169 3163 3433 3232; x_wconf 77' lang='lat' dir='ltr'><strong>mortu-e)</strong></span> 
     </span>
    </p>
   </div>
   <div class='ocr_carea' id='block_1_36' title="bbox 184 3245 3436 3317">
    <p class='ocr_par' dir='ltr' id='par_1_36' title="bbox 184 3245 3436 3317">
     <span class='ocr_line' id='line_1_36' title="bbox 184 3245 3436 3317; baseline 0 -16"><span class='ocrx_word' id='word_1_419' title='bbox 184 3251 403 3303; x_wconf 83' lang='lat' dir='ltr'><strong>censeri</strong></span> <span class='ocrx_word' id='word_1_420' title='bbox 438 3265 656 3315; x_wconf 89' lang='lat' dir='ltr'><strong>purum,</strong></span> <span class='ocrx_word' id='word_1_421' title='bbox 684 3248 789 3302; x_wconf 85' lang='lat' dir='ltr'><strong>nisi</strong></span> <span class='ocrx_word' id='word_1_422' title='bbox 827 3246 1084 3303; x_wconf 76' lang='lat' dir='ltr'><strong>fortassis</strong></span> <span class='ocrx_word' id='word_1_423' title='bbox 1109 3248 1261 3317; x_wconf 88' lang='lat' dir='ltr'><strong>lepra</strong></span> <span class='ocrx_word' id='word_1_424' title='bbox 1288 3246 1619 3315; x_wconf 90' lang='lat' dir='ltr'><strong>contingens</strong></span> <span class='ocrx_word' id='word_1_425' title='bbox 1655 3253 1915 3305; x_wconf 89' lang='lat' dir='ltr'><strong>mentem,</strong></span> <span class='ocrx_word' id='word_1_426' title='bbox 1947 3245 2110 3315; x_wconf 89' lang='lat' dir='ltr'><strong>cujus</strong></span> <span class='ocrx_word' id='word_1_427' title='bbox 2139 3253 2302 3316; x_wconf 88' lang='lat' dir='ltr'><strong>typus</strong></span> <span class='ocrx_word' id='word_1_428' title='bbox 2348 3248 2670 3316; x_wconf 89' lang='lat' dir='ltr'><strong>perhibetur</strong></span> <span class='ocrx_word' id='word_1_429' title='bbox 2698 3254 2883 3316; x_wconf 88' lang='lat' dir='ltr'><strong>caput,</strong></span> <span class='ocrx_word' id='word_1_430' title='bbox 2922 3246 3221 3303; x_wconf 79' lang='lat' dir='ltr'><strong>manifesto</strong></span> <span class='ocrx_word' id='word_1_431' title='bbox 3273 3248 3436 3303; x_wconf 84' lang='lat' dir='ltr'><strong>eillo-</strong></span> 
     </span>
    </p>
   </div>
   <div class='ocr_carea' id='block_1_37' title="bbox 186 3332 3432 3406">
    <p class='ocr_par' dir='ltr' id='par_1_37' title="bbox 186 3332 3432 3406">
     <span class='ocr_line' id='line_1_37' title="bbox 186 3332 3432 3406; baseline -0 -14"><span class='ocrx_word' id='word_1_432' title='bbox 186 3340 384 3392; x_wconf 89' lang='lat' dir='ltr'><strong>ruerit.</strong></span> <span class='ocrx_word' id='word_1_433' title='bbox 427 3336 536 3391; x_wconf 85' lang='lat' dir='ltr'><strong>Sed</strong></span> <span class='ocrx_word' id='word_1_434' title='bbox 586 3337 788 3393; x_wconf 91' lang='lat' dir='ltr'><strong>iterum</strong></span> <span class='ocrx_word' id='word_1_435' title='bbox 822 3351 1050 3393; x_wconf 87' lang='lat' dir='ltr'><strong>cernere</strong></span> <span class='ocrx_word' id='word_1_436' title='bbox 1090 3347 1196 3403; x_wconf 90' lang='lat' dir='ltr'><strong>est,</strong></span> <span class='ocrx_word' id='word_1_437' title='bbox 1251 3344 1458 3406; x_wconf 87' lang='lat' dir='ltr'><strong>quanta</strong></span> <span class='ocrx_word' id='word_1_438' title='bbox 1528 3334 1863 3405; x_wconf 84' lang='lat' dir='ltr'><strong>benignitate</strong></span> <span class='ocrx_word' id='word_1_439' title='bbox 1898 3332 2039 3389; x_wconf 91' lang='lat' dir='ltr'><strong>Deus</strong></span> <span class='ocrx_word' id='word_1_440' title='bbox 2089 3350 2190 3389; x_wconf 89' lang='lat' dir='ltr'><strong>nos</strong></span> <span class='ocrx_word' id='word_1_441' title='bbox 2251 3335 2444 3389; x_wconf 84' lang='lat' dir='ltr'><strong>liberet</strong></span> <span class='ocrx_word' id='word_1_442' title='bbox 2473 3336 2718 3404; x_wconf 87' lang='lat' dir='ltr'><strong>peccatis</strong></span> <span class='ocrx_word' id='word_1_443' title='bbox 2750 3336 3064 3391; x_wconf 90' lang='lat' dir='ltr'><strong>inconsulto</strong></span> <span class='ocrx_word' id='word_1_444' title='bbox 3087 3337 3432 3393; x_wconf 89' lang='lat' dir='ltr'><strong>commissis.</strong></span> 
     </span>
    </p>
   </div>
   <div class='ocr_carea' id='block_1_38' title="bbox 184 3421 3425 3495">
    <p class='ocr_par' dir='ltr' id='par_1_38' title="bbox 184 3421 3425 3495">
     <span class='ocr_line' id='line_1_38' title="bbox 184 3421 3425 3495; baseline -0 -16"><span class='ocrx_word' id='word_1_445' title='bbox 184 3424 328 3479; x_wconf 78' lang='lat' dir='ltr'><strong>Nam</strong></span> <span class='ocrx_word' id='word_1_446' title='bbox 352 3436 409 3479; x_wconf 92' lang='lat' dir='ltr'><strong>ut</strong></span> <span class='ocrx_word' id='word_1_447' title='bbox 431 3427 557 3494; x_wconf 91' lang='lat' dir='ltr'><strong>quis</strong></span> <span class='ocrx_word' id='word_1_448' title='bbox 576 3426 736 3495; x_wconf 83' lang='lat' dir='ltr'><strong>degat</strong></span> <span class='ocrx_word' id='word_1_449' title='bbox 764 3440 993 3493; x_wconf 89' lang='lat' dir='ltr'><strong>prorsus</strong></span> <span class='ocrx_word' id='word_1_450' title='bbox 1022 3440 1051 3478; x_wconf 93' lang='lat' dir='ltr'><strong>a</strong></span> <span class='ocrx_word' id='word_1_451' title='bbox 1077 3425 1291 3495; x_wconf 89' lang='lat' dir='ltr'><strong>peccati</strong></span> <span class='ocrx_word' id='word_1_452' title='bbox 1316 3425 1479 3479; x_wconf 91' lang='lat' dir='ltr'><strong>sorde</strong></span> <span class='ocrx_word' id='word_1_453' title='bbox 1506 3421 1789 3487; x_wconf 89' lang='lat' dir='ltr'><strong>immunis,</strong></span> <span class='ocrx_word' id='word_1_454' title='bbox 1810 3436 1921 3476; x_wconf 85' lang='lat' dir='ltr'><strong>non</strong></span> <span class='ocrx_word' id='word_1_455' title='bbox 1959 3421 2125 3476; x_wconf 82' lang='lat' dir='ltr'><strong>fuerit</strong></span> <span class='ocrx_word' id='word_1_456' title='bbox 2160 3424 2445 3493; x_wconf 62' lang='lat' dir='ltr'><strong>praesentis</strong></span> <span class='ocrx_word' id='word_1_457' title='bbox 2466 3423 2559 3478; x_wconf 84' lang='lat' dir='ltr'><strong>sed</strong></span> <span class='ocrx_word' id='word_1_458' title='bbox 2589 3422 2759 3478; x_wconf 76' lang='lat' dir='ltr'><strong>futuri</strong></span> <span class='ocrx_word' id='word_1_459' title='bbox 2788 3425 3000 3488; x_wconf 69' lang='lat' dir='ltr'><strong>saeculi,</strong></span> <span class='ocrx_word' id='word_1_460' title='bbox 3031 3424 3256 3494; x_wconf 89' lang='lat' dir='ltr'><strong>quando</strong></span> <span class='ocrx_word' id='word_1_461' title='bbox 3291 3440 3425 3495; x_wconf 91' lang='lat' dir='ltr'><strong>pec-</strong></span> 
     </span>
    </p>
   </div>
   <div class='ocr_carea' id='block_1_39' title="bbox 185 3509 3439 3581">
    <p class='ocr_par' dir='ltr' id='par_1_39' title="bbox 185 3509 3439 3581">
     <span class='ocr_line' id='line_1_39' title="bbox 185 3509 3439 3581; baseline -0 -15"><span class='ocrx_word' id='word_1_462' title='bbox 185 3522 376 3566; x_wconf 87' lang='lat' dir='ltr'><strong>catum</strong></span> <span class='ocrx_word' id='word_1_463' title='bbox 407 3527 637 3581; x_wconf 91' lang='lat' dir='ltr'><strong>prorsus</strong></span> <span class='ocrx_word' id='word_1_464' title='bbox 668 3512 999 3568; x_wconf 89' lang='lat' dir='ltr'><strong>abolebitur.</strong></span> <span class='ocrx_word' id='word_1_465' title='bbox 1026 3512 1256 3581; x_wconf 89' lang='lat' dir='ltr'><strong>Lepram</strong></span> <span class='ocrx_word' id='word_1_466' title='bbox 1286 3520 1466 3565; x_wconf 89' lang='lat' dir='ltr'><strong>autem</strong></span> <span class='ocrx_word' id='word_1_467' title='bbox 1504 3509 1709 3579; x_wconf 87' lang='lat' dir='ltr'><strong>capitis</strong></span> <span class='ocrx_word' id='word_1_468' title='bbox 1734 3509 2007 3564; x_wconf 89' lang='lat' dir='ltr'><strong>arbitrare</strong></span> <span class='ocrx_word' id='word_1_469' title='bbox 2048 3526 2246 3579; x_wconf 89' lang='lat' dir='ltr'><strong>parvos</strong></span> <span class='ocrx_word' id='word_1_470' title='bbox 2299 3510 2559 3573; x_wconf 73' lang='lat' dir='ltr'><strong>alfectus,</strong></span> <span class='ocrx_word' id='word_1_471' title='bbox 2596 3511 2692 3581; x_wconf 90' lang='lat' dir='ltr'><strong>qui</strong></span> <span class='ocrx_word' id='word_1_472' title='bbox 2736 3512 2976 3566; x_wconf 89' lang='lat' dir='ltr'><strong>crimina</strong></span> <span class='ocrx_word' id='word_1_473' title='bbox 3020 3512 3307 3581; x_wconf 85' lang='lat' dir='ltr'><strong>capitalia,</strong></span> <span class='ocrx_word' id='word_1_474' title='bbox 3337 3513 3439 3566; x_wconf 81' lang='lat' dir='ltr'><strong>nisi</strong></span> 
     </span>
    </p>
   </div>
   <div class='ocr_carea' id='block_1_40' title="bbox 186 3596 3438 3669">
    <p class='ocr_par' dir='ltr' id='par_1_40' title="bbox 186 3596 3438 3669">
     <span class='ocr_line' id='line_1_40' title="bbox 186 3596 3438 3669; baseline 0 -15"><span class='ocrx_word' id='word_1_475' title='bbox 186 3601 568 3665; x_wconf 89' lang='lat' dir='ltr'><strong>inhibeautur,</strong></span> <span class='ocrx_word' id='word_1_476' title='bbox 601 3615 793 3669; x_wconf 90' lang='lat' dir='ltr'><strong>parere</strong></span> <span class='ocrx_word' id='word_1_477' title='bbox 821 3615 1177 3655; x_wconf 78' lang='lat' dir='ltr'><strong>consuevere.</strong></span> <span class='ocrx_word' id='word_1_478' title='bbox 1242 3598 1335 3653; x_wconf 91' lang='lat' dir='ltr'><strong>Sic</strong></span> <span class='ocrx_word' id='word_1_479' title='bbox 1364 3599 1421 3653; x_wconf 89' lang='lat' dir='ltr'><strong>in</strong></span> <span class='ocrx_word' id='word_1_480' title='bbox 1459 3613 1686 3652; x_wconf 84' lang='lat' dir='ltr'><strong>nervum</strong></span> <span class='ocrx_word' id='word_1_481' title='bbox 1717 3596 1882 3651; x_wconf 88' lang='lat' dir='ltr'><strong>etiam</strong></span> <span class='ocrx_word' id='word_1_482' title='bbox 1914 3599 2154 3666; x_wconf 87' lang='lat' dir='ltr'><strong>erumpit</strong></span> <span class='ocrx_word' id='word_1_483' title='bbox 2187 3597 2386 3666; x_wconf 63' lang='lat' dir='ltr'><strong>saepius</strong></span> <span class='ocrx_word' id='word_1_484' title='bbox 2428 3612 2596 3667; x_wconf 89' lang='lat' dir='ltr'><strong>parva</strong></span> <span class='ocrx_word' id='word_1_485' title='bbox 2635 3600 2743 3664; x_wconf 88' lang='lat' dir='ltr'><strong>ira,</strong></span> <span class='ocrx_word' id='word_1_486' title='bbox 2782 3599 2829 3655; x_wconf 90' lang='lat' dir='ltr'><strong>si</strong></span> <span class='ocrx_word' id='word_1_487' title='bbox 2862 3614 2972 3654; x_wconf 91' lang='lat' dir='ltr'><strong>non</strong></span> <span class='ocrx_word' id='word_1_488' title='bbox 3010 3600 3438 3656; x_wconf 86' lang='lat' dir='ltr'><strong>mansuetudine</strong></span> 
     </span>
    </p>
   </div>
   <div class='ocr_carea' id='block_1_41' title="bbox 188 3683 2456 3757">
    <p class='ocr_par' dir='ltr' id='par_1_41' title="bbox 188 3683 2456 3757">
     <span class='ocr_line' id='line_1_41' title="bbox 188 3683 2456 3757; baseline 0 -19"><span class='ocrx_word' id='word_1_489' title='bbox 188 3687 547 3757; x_wconf 73' lang='lat' dir='ltr'><strong>reprimatur,</strong></span> <span class='ocrx_word' id='word_1_490' title='bbox 575 3686 877 3742; x_wconf 89' lang='lat' dir='ltr'><strong>secundum</strong></span> <span class='ocrx_word' id='word_1_491' title='bbox 910 3687 1011 3741; x_wconf 92' lang='lat' dir='ltr'><strong>hoc</strong></span> <span class='ocrx_word' id='word_1_492' title='bbox 1038 3686 1328 3742; x_wconf 85' lang='lat' dir='ltr'><strong>oraculum</strong></span> <span class='ocrx_word' id='word_1_493' title='bbox 1353 3704 1366 3739; x_wconf 89' lang='lat'><strong>:</strong></span> <span class='ocrx_word' id='word_1_494' title='bbox 1401 3703 1420 3736; x_wconf 73' lang='grc' dir='ltr'><strong>ι</strong></span> <span class='ocrx_word' id='word_1_495' title='bbox 1448 3683 1782 3749; x_wconf 88' lang='lat' dir='ltr'><strong>Irascimini,</strong></span> <span class='ocrx_word' id='word_1_496' title='bbox 1817 3692 1871 3738; x_wconf 90' lang='lat' dir='ltr'><strong>et</strong></span> <span class='ocrx_word' id='word_1_497' title='bbox 1902 3684 2073 3737; x_wconf 90' lang='lat' dir='ltr'><strong>nolite</strong></span> <span class='ocrx_word' id='word_1_498' title='bbox 2103 3683 2413 3753; x_wconf 73' lang='lat' dir='ltr'><strong>peccare&quot;.</strong></span> <span class='ocrx_word' id='word_1_499' title='bbox 2436 3704 2456 3738; x_wconf 82' lang='grc' dir='ltr'><strong>ι</strong></span> 
     </span>
    </p>
   </div>
   <div class='ocr_carea' id='block_1_42' title="bbox 258 3789 3444 3868">
    <p class='ocr_par' dir='ltr' id='par_1_42' title="bbox 258 3789 3444 3868">
     <span class='ocr_line' id='line_1_42' title="bbox 258 3789 3444 3868; baseline 0.001 -20"><span class='ocrx_word' id='word_1_500' title='bbox 258 3795 339 3848; x_wconf 84' lang='lat' dir='ltr'><strong>Et</strong></span> <span class='ocrx_word' id='word_1_501' title='bbox 371 3796 674 3849; x_wconf 81' lang='lat' dir='ltr'><strong>vestimenta</strong></span> <span class='ocrx_word' id='word_1_502' title='bbox 689 3796 802 3864; x_wconf 84' lang='lat' dir='ltr'><strong>ejus</strong></span> <span class='ocrx_word' id='word_1_503' title='bbox 832 3805 985 3849; x_wconf 85' lang='lat' dir='ltr'><strong>erunt</strong></span> <span class='ocrx_word' id='word_1_504' title='bbox 1009 3795 1237 3860; x_wconf 81' lang='lat' dir='ltr'><strong>dissuta,</strong></span> <span class='ocrx_word' id='word_1_505' title='bbox 1270 3804 1318 3848; x_wconf 81' lang='lat' dir='ltr'><strong>et</strong></span> <span class='ocrx_word' id='word_1_506' title='bbox 1347 3801 1504 3861; x_wconf 86' lang='lat' dir='ltr'><strong>caput</strong></span> <span class='ocrx_word' id='word_1_507' title='bbox 1537 3792 1651 3861; x_wconf 85' lang='lat' dir='ltr'><strong>ejus</strong></span> <span class='ocrx_word' id='word_1_508' title='bbox 1685 3789 1906 3856; x_wconf 86' lang='lat' dir='ltr'><strong>nudum,</strong></span> <span class='ocrx_word' id='word_1_509' title='bbox 1929 3800 1977 3843; x_wconf 86' lang='lat' dir='ltr'><strong>et</strong></span> <span class='ocrx_word' id='word_1_510' title='bbox 2006 3808 2063 3845; x_wconf 83' lang='lat' dir='ltr'><strong>os</strong></span> <span class='ocrx_word' id='word_1_511' title='bbox 2094 3792 2209 3861; x_wconf 81' lang='lat' dir='ltr'><strong>ejus</strong></span> <span class='ocrx_word' id='word_1_512' title='bbox 2238 3793 2440 3846; x_wconf 81' lang='lat' dir='ltr'><strong>veletur</strong></span> <span class='ocrx_word' id='word_1_513' title='bbox 2477 3834 2492 3858; x_wconf 91' lang='lat'><strong>,</strong></span> <span class='ocrx_word' id='word_1_514' title='bbox 2524 3801 2633 3847; x_wconf 89' lang='lat' dir='ltr'><strong>etc.</strong></span> <span class='ocrx_word' id='word_1_515' title='bbox 2676 3791 2769 3865; x_wconf 75' lang='grc'><strong>[45</strong></span> <span class='ocrx_word' id='word_1_516' title='bbox 2796 3792 2813 3866; x_wconf 96' lang='grc'>]</span> <span class='ocrx_word' id='word_1_517' title='bbox 2846 3793 2964 3849; x_wconf 87' lang='lat' dir='ltr'><strong>Non</strong></span> <span class='ocrx_word' id='word_1_518' title='bbox 3022 3797 3166 3850; x_wconf 88' lang='lat' dir='ltr'><strong>enlm</strong></span> <span class='ocrx_word' id='word_1_519' title='bbox 3225 3806 3444 3868; x_wconf 83' lang='lat' dir='ltr'><strong>oportet</strong></span> 
     </span>
    </p>
   </div>
   <div class='ocr_carea' id='block_1_43' title="bbox 190 3877 3447 3954">
    <p class='ocr_par' dir='ltr' id='par_1_43' title="bbox 190 3877 3447 3954">
     <span class='ocr_line' id='line_1_43' title="bbox 190 3877 3447 3954; baseline 0.001 -17"><span class='ocrx_word' id='word_1_520' title='bbox 190 3885 473 3954; x_wconf 89' lang='lat' dir='ltr'><strong>leprosum</strong></span> <span class='ocrx_word' id='word_1_521' title='bbox 496 3885 717 3937; x_wconf 90' lang='lat' dir='ltr'><strong>occulta</strong></span> <span class='ocrx_word' id='word_1_522' title='bbox 742 3884 942 3938; x_wconf 88' lang='lat' dir='ltr'><strong>habere</strong></span> <span class='ocrx_word' id='word_1_523' title='bbox 966 3884 1134 3937; x_wconf 90' lang='lat' dir='ltr'><strong>animi</strong></span> <span class='ocrx_word' id='word_1_524' title='bbox 1178 3890 1434 3952; x_wconf 90' lang='lat' dir='ltr'><strong>peccata,</strong></span> <span class='ocrx_word' id='word_1_525' title='bbox 1465 3895 1567 3935; x_wconf 90' lang='lat' dir='ltr'><strong>nec</strong></span> <span class='ocrx_word' id='word_1_526' title='bbox 1625 3879 1805 3950; x_wconf 90' lang='lat' dir='ltr'><strong>ipsum</strong></span> <span class='ocrx_word' id='word_1_527' title='bbox 1838 3877 2019 3932; x_wconf 90' lang='lat' dir='ltr'><strong>celare</strong></span> <span class='ocrx_word' id='word_1_528' title='bbox 2047 3886 2266 3945; x_wconf 88' lang='lat' dir='ltr'><strong>oportet</strong></span> <span class='ocrx_word' id='word_1_529' title='bbox 2302 3880 2702 3948; x_wconf 90' lang='lat' dir='ltr'><strong>turpitudinem</strong></span> <span class='ocrx_word' id='word_1_530' title='bbox 2735 3897 2891 3934; x_wconf 87' lang='lat' dir='ltr'><strong>suam</strong></span> <span class='ocrx_word' id='word_1_531' title='bbox 2934 3898 3001 3937; x_wconf 89' lang='lat' dir='ltr'><strong>ne</strong></span> <span class='ocrx_word' id='word_1_532' title='bbox 3040 3884 3295 3938; x_wconf 88' lang='lat' dir='ltr'><strong>videatur</strong></span> <span class='ocrx_word' id='word_1_533' title='bbox 3320 3901 3447 3941; x_wconf 85' lang='lat' dir='ltr'><strong>esse</strong></span> 
     </span>
    </p>
   </div>
   <div class='ocr_carea' id='block_1_44' title="bbox 188 3966 3445 4041">
    <p class='ocr_par' dir='ltr' id='par_1_44' title="bbox 188 3966 3445 4041">
     <span class='ocr_line' id='line_1_44' title="bbox 188 3966 3445 4041; baseline 0.002 -16"><span class='ocrx_word' id='word_1_534' title='bbox 188 3972 513 4040; x_wconf 87' lang='lat' dir='ltr'><strong>sepulcrum</strong></span> <span class='ocrx_word' id='word_1_535' title='bbox 539 3969 871 4025; x_wconf 87' lang='lat' dir='ltr'><strong>dealbatum.</strong></span> <span class='ocrx_word' id='word_1_536' title='bbox 907 3968 1003 4023; x_wconf 84' lang='lat' dir='ltr'><strong>Vel</strong></span> <span class='ocrx_word' id='word_1_537' title='bbox 1049 3970 1299 4040; x_wconf 85' lang='lat' dir='ltr'><strong>gravitas</strong></span> <span class='ocrx_word' id='word_1_538' title='bbox 1330 3982 1567 4028; x_wconf 87' lang='lat' dir='ltr'><strong>morum,</strong></span> <span class='ocrx_word' id='word_1_539' title='bbox 1594 3975 1647 4021; x_wconf 90' lang='lat' dir='ltr'><strong>et</strong></span> <span class='ocrx_word' id='word_1_540' title='bbox 1670 3966 1999 4029; x_wconf 83' lang='lat' dir='ltr'><strong>auctoritas,</strong></span> <span class='ocrx_word' id='word_1_541' title='bbox 2056 3982 2261 4036; x_wconf 78' lang='lat' dir='ltr'><strong>qmeex</strong></span> <span class='ocrx_word' id='word_1_542' title='bbox 2289 3968 2451 4023; x_wconf 90' lang='lat' dir='ltr'><strong>bonis</strong></span> <span class='ocrx_word' id='word_1_543' title='bbox 2490 3970 2740 4023; x_wconf 86' lang='lat' dir='ltr'><strong>moribus</strong></span> <span class='ocrx_word' id='word_1_544' title='bbox 2779 3980 3024 4041; x_wconf 90' lang='lat' dir='ltr'><strong>paratur,</strong></span> <span class='ocrx_word' id='word_1_545' title='bbox 3051 3973 3139 4027; x_wconf 88' lang='lat' dir='ltr'><strong>hic</strong></span> <span class='ocrx_word' id='word_1_546' title='bbox 3177 3974 3445 4032; x_wconf 88' lang='lat' dir='ltr'><strong>nimirum</strong></span> 
     </span>
    </p>
   </div>
   <div class='ocr_carea' id='block_1_45' title="bbox 188 4053 3448 4133">
    <p class='ocr_par' dir='ltr' id='par_1_45' title="bbox 188 4053 3448 4133">
     <span class='ocr_line' id='line_1_45' title="bbox 188 4053 3448 4133; baseline -0.001 -21"><span class='ocrx_word' id='word_1_547' title='bbox 188 4061 298 4112; x_wconf 87' lang='lat' dir='ltr'><strong>sub</strong></span> <span class='ocrx_word' id='word_1_548' title='bbox 336 4058 577 4111; x_wconf 89' lang='lat' dir='ltr'><strong>amiculo</strong></span> <span class='ocrx_word' id='word_1_549' title='bbox 602 4058 923 4127; x_wconf 88' lang='lat' dir='ltr'><strong>accipienda</strong></span> <span class='ocrx_word' id='word_1_550' title='bbox 948 4064 1053 4111; x_wconf 90' lang='lat' dir='ltr'><strong>est.</strong></span> <span class='ocrx_word' id='word_1_551' title='bbox 1090 4055 1202 4111; x_wconf 86' lang='lat' dir='ltr'><strong>Hoc</strong></span> <span class='ocrx_word' id='word_1_552' title='bbox 1227 4055 1522 4109; x_wconf 91' lang='lat' dir='ltr'><strong>amiculum</strong></span> <span class='ocrx_word' id='word_1_553' title='bbox 1546 4068 1655 4107; x_wconf 93' lang='lat' dir='ltr'><strong>non</strong></span> <span class='ocrx_word' id='word_1_554' title='bbox 1685 4053 1910 4107; x_wconf 90' lang='lat' dir='ltr'><strong>obvenit</strong></span> <span class='ocrx_word' id='word_1_555' title='bbox 1931 4054 2061 4119; x_wconf 89' lang='lat' dir='ltr'><strong>illis,</strong></span> <span class='ocrx_word' id='word_1_556' title='bbox 2095 4070 2331 4123; x_wconf 91' lang='lat' dir='ltr'><strong>quorum</strong></span> <span class='ocrx_word' id='word_1_557' title='bbox 2366 4057 2585 4125; x_wconf 89' lang='lat' dir='ltr'><strong>ingenia</strong></span> <span class='ocrx_word' id='word_1_558' title='bbox 2624 4065 2754 4111; x_wconf 91' lang='lat' dir='ltr'><strong>sunt</strong></span> <span class='ocrx_word' id='word_1_559' title='bbox 2782 4059 3133 4121; x_wconf 85' lang='lat' dir='ltr'><strong>insanabilia.</strong></span> <span class='ocrx_word' id='word_1_560' title='bbox 3164 4069 3219 4115; x_wconf 88' lang='lat' dir='ltr'><strong>et</strong></span> <span class='ocrx_word' id='word_1_561' title='bbox 3243 4077 3448 4133; x_wconf 72' lang='lat' dir='ltr'><strong>propa.</strong></span> 
     </span>
    </p>
   </div>
   <div class='ocr_carea' id='block_1_46' title="bbox 187 4141 3446 4217">
    <p class='ocr_par' dir='ltr' id='par_1_46' title="bbox 187 4141 3446 4217">
     <span class='ocr_line' id='line_1_46' title="bbox 187 4141 3446 4217; baseline 0.002 -19"><span class='ocrx_word' id='word_1_562' title='bbox 187 4145 302 4198; x_wconf 82' lang='lat' dir='ltr'><strong>lam</strong></span> <span class='ocrx_word' id='word_1_563' title='bbox 347 4144 577 4214; x_wconf 89' lang='lat' dir='ltr'><strong>tttrpiter</strong></span> <span class='ocrx_word' id='word_1_564' title='bbox 615 4143 968 4213; x_wconf 84' lang='lat' dir='ltr'><strong>delinquunt.</strong></span> <span class='ocrx_word' id='word_1_565' title='bbox 998 4142 1302 4213; x_wconf 88' lang='lat' dir='ltr'><strong>Leprosum</strong></span> <span class='ocrx_word' id='word_1_566' title='bbox 1358 4147 1578 4211; x_wconf 88' lang='lat' dir='ltr'><strong>oportet</strong></span> <span class='ocrx_word' id='word_1_567' title='bbox 1604 4148 1772 4209; x_wconf 89' lang='lat' dir='ltr'><strong>caput</strong></span> <span class='ocrx_word' id='word_1_568' title='bbox 1827 4141 2030 4195; x_wconf 90' lang='lat' dir='ltr'><strong>habere</strong></span> <span class='ocrx_word' id='word_1_569' title='bbox 2092 4152 2372 4210; x_wconf 89' lang='lat' dir='ltr'><strong>apertum,</strong></span> <span class='ocrx_word' id='word_1_570' title='bbox 2409 4152 2466 4196; x_wconf 91' lang='lat' dir='ltr'><strong>ut</strong></span> <span class='ocrx_word' id='word_1_571' title='bbox 2499 4144 2731 4198; x_wconf 77' lang='lat' dir='ltr'><strong>laedatur</strong></span> <span class='ocrx_word' id='word_1_572' title='bbox 2772 4161 2799 4198; x_wconf 88' lang='lat' dir='ltr'><strong>a</strong></span> <span class='ocrx_word' id='word_1_573' title='bbox 2832 4147 3036 4217; x_wconf 83' lang='lat' dir='ltr'><strong>frigore</strong></span> <span class='ocrx_word' id='word_1_574' title='bbox 3062 4159 3362 4211; x_wconf 84' lang='lat' dir='ltr'><strong>nocturno,</strong></span> <span class='ocrx_word' id='word_1_575' title='bbox 3390 4159 3446 4205; x_wconf 85' lang='lat' dir='ltr'><strong>et</strong></span> 
     </span>
    </p>
   </div>
   <div class='ocr_carea' id='block_1_47' title="bbox 185 4229 3443 4303">
    <p class='ocr_par' dir='ltr' id='par_1_47' title="bbox 185 4229 3443 4303">
     <span class='ocr_line' id='line_1_47' title="bbox 185 4229 3443 4303; baseline 0.002 -15"><span class='ocrx_word' id='word_1_576' title='bbox 185 4241 332 4288; x_wconf 69' lang='lat' dir='ltr'><strong>testu</strong></span> <span class='ocrx_word' id='word_1_577' title='bbox 373 4232 593 4286; x_wconf 92' lang='lat' dir='ltr'><strong>diurno.</strong></span> <span class='ocrx_word' id='word_1_578' title='bbox 625 4231 788 4303; x_wconf 82' lang='lat'><strong>350</strong></span> <span class='ocrx_word' id='word_1_579' title='bbox 818 4233 886 4285; x_wconf 87' lang='lat' dir='ltr'><strong>At</strong></span> <span class='ocrx_word' id='word_1_580' title='bbox 913 4233 1040 4286; x_wconf 92' lang='lat' dir='ltr'><strong>huic</strong></span> <span class='ocrx_word' id='word_1_581' title='bbox 1073 4231 1412 4286; x_wconf 89' lang='lat' dir='ltr'><strong>contrarium</strong></span> <span class='ocrx_word' id='word_1_582' title='bbox 1455 4229 1655 4283; x_wconf 86' lang='lat' dir='ltr'><strong>accidit</strong></span> <span class='ocrx_word' id='word_1_583' title='bbox 1710 4243 1875 4297; x_wconf 91' lang='lat' dir='ltr'><strong>quam</strong></span> <span class='ocrx_word' id='word_1_584' title='bbox 1924 4229 2023 4293; x_wconf 92' lang='lat' dir='ltr'><strong>illi,</strong></span> <span class='ocrx_word' id='word_1_585' title='bbox 2048 4229 2116 4283; x_wconf 91' lang='lat' dir='ltr'><strong>de</strong></span> <span class='ocrx_word' id='word_1_586' title='bbox 2141 4246 2251 4299; x_wconf 93' lang='lat' dir='ltr'><strong>quo</strong></span> <span class='ocrx_word' id='word_1_587' title='bbox 2280 4230 2525 4285; x_wconf 87' lang='lat' dir='ltr'><strong>dicitur:</strong></span> <span class='ocrx_word' id='word_1_588' title='bbox 2577 4250 2596 4283; x_wconf 81' lang='grc' dir='ltr'><strong>ι</strong></span> <span class='ocrx_word' id='word_1_589' title='bbox 2628 4231 2721 4287; x_wconf 92' lang='lat' dir='ltr'><strong>Sol</strong></span> <span class='ocrx_word' id='word_1_590' title='bbox 2759 4234 3005 4289; x_wconf 88' lang='lat' dir='ltr'><strong>interdiu</strong></span> <span class='ocrx_word' id='word_1_591' title='bbox 3068 4253 3177 4290; x_wconf 91' lang='lat' dir='ltr'><strong>non</strong></span> <span class='ocrx_word' id='word_1_592' title='bbox 3238 4240 3443 4295; x_wconf 84' lang='lat' dir='ltr'><strong>adoret</strong></span> 
     </span>
    </p>
   </div>
   <div class='ocr_carea' id='block_1_48' title="bbox 188 4315 3449 4385">
    <p class='ocr_par' dir='ltr' id='par_1_48' title="bbox 188 4315 3449 4385">
     <span class='ocr_line' id='line_1_48' title="bbox 188 4315 3449 4385; baseline 0.001 -9"><span class='ocrx_word' id='word_1_593' title='bbox 188 4330 275 4385; x_wconf 85' lang='lat' dir='ltr'><strong>te;</strong></span> <span class='ocrx_word' id='word_1_594' title='bbox 330 4335 434 4374; x_wconf 91' lang='lat' dir='ltr'><strong>nec</strong></span> <span class='ocrx_word' id='word_1_595' title='bbox 461 4321 627 4374; x_wconf 82' lang='lat' dir='ltr'><strong>etiam</strong></span> <span class='ocrx_word' id='word_1_596' title='bbox 653 4321 782 4374; x_wconf 90' lang='lat' dir='ltr'><strong>luna</strong></span> <span class='ocrx_word' id='word_1_597' title='bbox 812 4328 1084 4375; x_wconf 89' lang='lat' dir='ltr'><strong>nocturna</strong></span> <span class='ocrx_word' id='word_1_598' title='bbox 1115 4330 1168 4374; x_wconf 89' lang='lat' dir='ltr'><strong>te</strong></span> <span class='ocrx_word' id='word_1_599' title='bbox 1198 4318 1424 4373; x_wconf 90' lang='lat' dir='ltr'><strong>violabit</strong></span> <span class='ocrx_word' id='word_1_600' title='bbox 1445 4318 1513 4371; x_wconf 78' lang='grc'><strong>⁷⁸.</strong></span> <span class='ocrx_word' id='word_1_601' title='bbox 1541 4336 1559 4369; x_wconf 79' lang='grc' dir='ltr'><strong>ι</strong></span> <span class='ocrx_word' id='word_1_602' title='bbox 1600 4315 1769 4371; x_wconf 87' lang='lat' dir='ltr'><strong>Jacob</strong></span> <span class='ocrx_word' id='word_1_603' title='bbox 1793 4323 1982 4385; x_wconf 89' lang='lat' dir='ltr'><strong>pastor</strong></span> <span class='ocrx_word' id='word_1_604' title='bbox 2003 4330 2104 4369; x_wconf 92' lang='lat' dir='ltr'><strong>suo</strong></span> <span class='ocrx_word' id='word_1_605' title='bbox 2151 4316 2334 4371; x_wconf 83' lang='lat' dir='ltr'><strong>olIicio</strong></span> <span class='ocrx_word' id='word_1_606' title='bbox 2373 4316 2596 4374; x_wconf 82' lang='lat' dir='ltr'><strong>functus</strong></span> <span class='ocrx_word' id='word_1_607' title='bbox 2652 4319 2830 4374; x_wconf 90' lang='lat' dir='ltr'><strong>donec</strong></span> <span class='ocrx_word' id='word_1_608' title='bbox 2879 4322 3153 4378; x_wconf 90' lang='lat' dir='ltr'><strong>mercedis</strong></span> <span class='ocrx_word' id='word_1_609' title='bbox 3219 4328 3449 4381; x_wconf 89' lang='lat' dir='ltr'><strong>nomine</strong></span> 
     </span>
    </p>
   </div>
   <div class='ocr_carea' id='block_1_49' title="bbox 185 4402 3449 4481">
    <p class='ocr_par' dir='ltr' id='par_1_49' title="bbox 185 4402 3449 4481">
     <span class='ocr_line' id='line_1_49' title="bbox 185 4402 3449 4481; baseline 0.001 -16"><span class='ocrx_word' id='word_1_610' title='bbox 185 4422 416 4481; x_wconf 85' lang='lat' dir='ltr'><strong>caperet</strong></span> <span class='ocrx_word' id='word_1_611' title='bbox 437 4425 469 4463; x_wconf 86' lang='lat' dir='ltr'><strong>a</strong></span> <span class='ocrx_word' id='word_1_612' title='bbox 489 4408 713 4465; x_wconf 90' lang='lat' dir='ltr'><strong>Labano</strong></span> <span class='ocrx_word' id='word_1_613' title='bbox 741 4425 937 4480; x_wconf 90' lang='lat' dir='ltr'><strong>pecora</strong></span> <span class='ocrx_word' id='word_1_614' title='bbox 969 4411 1197 4480; x_wconf 91' lang='lat' dir='ltr'><strong>optima,</strong></span> <span class='ocrx_word' id='word_1_615' title='bbox 1232 4409 1443 4478; x_wconf 87' lang='lat' dir='ltr'><strong>inquit:</strong></span> <span class='ocrx_word' id='word_1_616' title='bbox 1479 4426 1498 4459; x_wconf 86' lang='grc'><strong>‹</strong></span> <span class='ocrx_word' id='word_1_617' title='bbox 1541 4405 1787 4462; x_wconf 85' lang='lat' dir='ltr'><strong>Interdiu</strong></span> <span class='ocrx_word' id='word_1_618' title='bbox 1809 4419 1895 4458; x_wconf 90' lang='lat' dir='ltr'><strong>me</strong></span> <span class='ocrx_word' id='word_1_619' title='bbox 1928 4402 2325 4469; x_wconf 74' lang='lat' dir='ltr'><strong>urebattestus,</strong></span> <span class='ocrx_word' id='word_1_620' title='bbox 2354 4413 2519 4460; x_wconf 89' lang='lat' dir='ltr'><strong>noctu</strong></span> <span class='ocrx_word' id='word_1_621' title='bbox 2549 4405 2830 4479; x_wconf 84' lang='lat' dir='ltr'><strong>allligebar</strong></span> <span class='ocrx_word' id='word_1_622' title='bbox 2861 4407 3124 4478; x_wconf 68' lang='lat' dir='ltr'><strong>frigore.»</strong></span> <span class='ocrx_word' id='word_1_623' title='bbox 3148 4408 3222 4465; x_wconf 90' lang='lat' dir='ltr'><strong>0s</strong></span> <span class='ocrx_word' id='word_1_624' title='bbox 3247 4413 3449 4481; x_wconf 88' lang='lat' dir='ltr'><strong>leprosi</strong></span> 
     </span>
    </p>
   </div>
   <div class='ocr_carea' id='block_1_50' title="bbox 185 4495 3432 4568">
    <p class='ocr_par' dir='ltr' id='par_1_50' title="bbox 185 4495 3432 4568">
     <span class='ocr_line' id='line_1_50' title="bbox 185 4495 3432 4568; baseline 0.001 -17"><span class='ocrx_word' id='word_1_625' title='bbox 185 4499 431 4560; x_wconf 69' lang='lat' dir='ltr'><strong>velatur,</strong></span> <span class='ocrx_word' id='word_1_626' title='bbox 462 4513 529 4551; x_wconf 92' lang='lat' dir='ltr'><strong>ne</strong></span> <span class='ocrx_word' id='word_1_627' title='bbox 558 4499 768 4553; x_wconf 88' lang='lat' dir='ltr'><strong>scilicet</strong></span> <span class='ocrx_word' id='word_1_628' title='bbox 813 4498 1032 4557; x_wconf 86' lang='lat' dir='ltr'><strong>habeat.</strong></span> <span class='ocrx_word' id='word_1_629' title='bbox 1070 4513 1183 4568; x_wconf 90' lang='lat' dir='ltr'><strong>quo</strong></span> <span class='ocrx_word' id='word_1_630' title='bbox 1233 4504 1463 4551; x_wconf 88' lang='lat' dir='ltr'><strong>excuset</strong></span> <span class='ocrx_word' id='word_1_631' title='bbox 1514 4511 1612 4549; x_wconf 77' lang='lat' dir='ltr'><strong>sua</strong></span> <span class='ocrx_word' id='word_1_632' title='bbox 1677 4499 1901 4563; x_wconf 86' lang='lat' dir='ltr'><strong>peccata</strong></span> <span class='ocrx_word' id='word_1_633' title='bbox 1957 4501 2214 4559; x_wconf 88' lang='lat' dir='ltr'><strong>peccator</strong></span> <span class='ocrx_word' id='word_1_634' title='bbox 2261 4507 2451 4546; x_wconf 86' lang='lat' dir='ltr'><strong>coram</strong></span> <span class='ocrx_word' id='word_1_635' title='bbox 2505 4498 2636 4549; x_wconf 82' lang='lat' dir='ltr'><strong>Deo.</strong></span> <span class='ocrx_word' id='word_1_636' title='bbox 2679 4495 2796 4550; x_wconf 90' lang='lat' dir='ltr'><strong>lmo</strong></span> <span class='ocrx_word' id='word_1_637' title='bbox 2830 4512 2897 4550; x_wconf 92' lang='lat' dir='ltr'><strong>ne</strong></span> <span class='ocrx_word' id='word_1_638' title='bbox 2927 4497 3146 4551; x_wconf 88' lang='lat' dir='ltr'><strong>dicendi</strong></span> <span class='ocrx_word' id='word_1_639' title='bbox 3208 4500 3432 4566; x_wconf 85' lang='lat' dir='ltr'><strong>quidem</strong></span> 
     </span>
    </p>
   </div>
   <div class='ocr_carea' id='block_1_51' title="bbox 186 4576 3437 4654">
    <p class='ocr_par' dir='ltr' id='par_1_51' title="bbox 186 4576 3437 4654">
     <span class='ocr_line' id='line_1_51' title="bbox 186 4576 3437 4654; baseline 0.001 -18"><span class='ocrx_word' id='word_1_640' title='bbox 186 4584 511 4637; x_wconf 85' lang='lat' dir='ltr'><strong>libertatem</strong></span> <span class='ocrx_word' id='word_1_641' title='bbox 572 4584 733 4639; x_wconf 86' lang='lat' dir='ltr'><strong>habet</strong></span> <span class='ocrx_word' id='word_1_642' title='bbox 775 4593 1033 4654; x_wconf 88' lang='lat' dir='ltr'><strong>peccator</strong></span> <span class='ocrx_word' id='word_1_643' title='bbox 1059 4597 1075 4637; x_wconf 89' lang='lat'><strong>:</strong></span> <span class='ocrx_word' id='word_1_644' title='bbox 1101 4583 1302 4638; x_wconf 89' lang='lat' dir='ltr'><strong>mutire</strong></span> <span class='ocrx_word' id='word_1_645' title='bbox 1334 4583 1423 4636; x_wconf 78' lang='lat' dir='ltr'><strong>vix</strong></span> <span class='ocrx_word' id='word_1_646' title='bbox 1460 4582 1624 4635; x_wconf 89' lang='lat' dir='ltr'><strong>audet</strong></span> <span class='ocrx_word' id='word_1_647' title='bbox 1647 4582 1702 4634; x_wconf 89' lang='lat' dir='ltr'><strong>in</strong></span> <span class='ocrx_word' id='word_1_648' title='bbox 1743 4587 2046 4647; x_wconf 88' lang='lat' dir='ltr'><strong>conspectu</strong></span> <span class='ocrx_word' id='word_1_649' title='bbox 2078 4576 2199 4633; x_wconf 90' lang='lat' dir='ltr'><strong>Dei.</strong></span> <span class='ocrx_word' id='word_1_650' title='bbox 2228 4576 2365 4632; x_wconf 87' lang='lat' dir='ltr'><strong>Nam</strong></span> <span class='ocrx_word' id='word_1_651' title='bbox 2410 4589 2754 4648; x_wconf 87' lang='lat' dir='ltr'><strong>peccatorem</strong></span> <span class='ocrx_word' id='word_1_652' title='bbox 2792 4583 2875 4637; x_wconf 90' lang='lat' dir='ltr'><strong>sic</strong></span> <span class='ocrx_word' id='word_1_653' title='bbox 2903 4584 3207 4651; x_wconf 89' lang='lat' dir='ltr'><strong>alloquitur</strong></span> <span class='ocrx_word' id='word_1_654' title='bbox 3236 4583 3380 4639; x_wconf 89' lang='lat' dir='ltr'><strong>Deus</strong></span> <span class='ocrx_word' id='word_1_655' title='bbox 3423 4603 3437 4639; x_wconf 90' lang='lat'><strong>:</strong></span> 
     </span>
    </p>
   </div>
   <div class='ocr_carea' id='block_1_52' title="bbox 192 4667 3451 4742">
    <p class='ocr_par' dir='ltr' id='par_1_52' title="bbox 192 4667 3451 4742">
     <span class='ocr_line' id='line_1_52' title="bbox 192 4667 3451 4742; baseline 0.002 -20"><span class='ocrx_word' id='word_1_656' title='bbox 192 4672 396 4738; x_wconf 63' lang='lat' dir='ltr'><strong>«Quid</strong></span> <span class='ocrx_word' id='word_1_657' title='bbox 432 4680 488 4725; x_wconf 91' lang='lat' dir='ltr'><strong>tu</strong></span> <span class='ocrx_word' id='word_1_658' title='bbox 551 4687 779 4729; x_wconf 89' lang='lat' dir='ltr'><strong>enarras</strong></span> <span class='ocrx_word' id='word_1_659' title='bbox 836 4672 1267 4741; x_wconf 90' lang='lat' dir='ltr'><strong>justiﬁcationes</strong></span> <span class='ocrx_word' id='word_1_660' title='bbox 1325 4670 1584 4725; x_wconf 87' lang='lat' dir='ltr'><strong>meas?et</strong></span> <span class='ocrx_word' id='word_1_661' title='bbox 1611 4667 1772 4723; x_wconf 89' lang='lat' dir='ltr'><strong>labiis</strong></span> <span class='ocrx_word' id='word_1_662' title='bbox 1824 4667 1934 4723; x_wconf 89' lang='lat' dir='ltr'><strong>tuis</strong></span> <span class='ocrx_word' id='word_1_663' title='bbox 1988 4668 2320 4736; x_wconf 86' lang='lat' dir='ltr'><strong>pronuntias</strong></span> <span class='ocrx_word' id='word_1_664' title='bbox 2376 4677 2765 4725; x_wconf 87' lang='lat' dir='ltr'><strong>testamentum</strong></span> <span class='ocrx_word' id='word_1_665' title='bbox 2833 4673 3119 4726; x_wconf 76' lang='lat' dir='ltr'><strong>meum”?</strong></span> <span class='ocrx_word' id='word_1_666' title='bbox 3156 4692 3173 4724; x_wconf 80' lang='grc' dir='ltr'><strong>ι</strong></span> <span class='ocrx_word' id='word_1_667' title='bbox 3218 4673 3451 4742; x_wconf 79' lang='lat' dir='ltr'><strong>Ejicitur</strong></span> 
     </span>
    </p>
   </div>
   <div class='ocr_carea' id='block_1_53' title="bbox 184 4752 3446 4829">
    <p class='ocr_par' dir='ltr' id='par_1_53' title="bbox 184 4752 3446 4829">
     <span class='ocr_line' id='line_1_53' title="bbox 184 4752 3446 4829; baseline 0.001 -16"><span class='ocrx_word' id='word_1_668' title='bbox 184 4760 399 4813; x_wconf 83' lang='lat' dir='ltr'><strong>castris</strong></span> <span class='ocrx_word' id='word_1_669' title='bbox 424 4768 749 4828; x_wconf 82' lang='lat' dir='ltr'><strong>arceturque</strong></span> <span class='ocrx_word' id='word_1_670' title='bbox 785 4771 1104 4815; x_wconf 85' lang='lat' dir='ltr'><strong>sanctorum</strong></span> <span class='ocrx_word' id='word_1_671' title='bbox 1135 4758 1437 4815; x_wconf 89' lang='lat' dir='ltr'><strong>consortio.</strong></span> <span class='ocrx_word' id='word_1_672' title='bbox 1463 4757 1545 4810; x_wconf 87' lang='lat' dir='ltr'><strong>Ad</strong></span> <span class='ocrx_word' id='word_1_673' title='bbox 1571 4771 1696 4811; x_wconf 90' lang='lat' dir='ltr'><strong>eum</strong></span> <span class='ocrx_word' id='word_1_674' title='bbox 1729 4754 1950 4808; x_wconf 89' lang='lat' dir='ltr'><strong>modum</strong></span> <span class='ocrx_word' id='word_1_675' title='bbox 1977 4754 2032 4807; x_wconf 89' lang='lat' dir='ltr'><strong>in</strong></span> <span class='ocrx_word' id='word_1_676' title='bbox 2066 4752 2254 4810; x_wconf 81' lang='lat' dir='ltr'><strong>futuro</strong></span> <span class='ocrx_word' id='word_1_677' title='bbox 2283 4755 2488 4810; x_wconf 80' lang='lat' dir='ltr'><strong>saeculo</strong></span> <span class='ocrx_word' id='word_1_678' title='bbox 2551 4758 3009 4829; x_wconf 86' lang='lat' dir='ltr'><strong>segregabuntur</strong></span> <span class='ocrx_word' id='word_1_679' title='bbox 3038 4759 3170 4814; x_wconf 87' lang='lat' dir='ltr'><strong>boni</strong></span> <span class='ocrx_word' id='word_1_680' title='bbox 3210 4775 3239 4813; x_wconf 89' lang='lat' dir='ltr'><strong>a</strong></span> <span class='ocrx_word' id='word_1_681' title='bbox 3265 4761 3446 4824; x_wconf 87' lang='lat' dir='ltr'><strong>malis,</strong></span> 
     </span>
    </p>
   </div>
   <div class='ocr_carea' id='block_1_54' title="bbox 182 4841 3454 4916">
    <p class='ocr_par' dir='ltr' id='par_1_54' title="bbox 182 4841 3454 4916">
     <span class='ocr_line' id='line_1_54' title="bbox 182 4841 3454 4916; baseline 0.001 -15"><span class='ocrx_word' id='word_1_682' title='bbox 182 4859 238 4901; x_wconf 92' lang='lat' dir='ltr'><strong>et</strong></span> <span class='ocrx_word' id='word_1_683' title='bbox 270 4864 413 4903; x_wconf 82' lang='lat' dir='ltr'><strong>suos</strong></span> <span class='ocrx_word' id='word_1_684' title='bbox 439 4849 518 4901; x_wconf 89' lang='lat' dir='ltr'><strong>sic</strong></span> <span class='ocrx_word' id='word_1_685' title='bbox 542 4847 798 4903; x_wconf 65' lang='lat' dir='ltr'><strong>alfabitur</strong></span> <span class='ocrx_word' id='word_1_686' title='bbox 836 4848 1102 4904; x_wconf 90' lang='lat' dir='ltr'><strong>Dominus</strong></span> <span class='ocrx_word' id='word_1_687' title='bbox 1134 4865 1149 4902; x_wconf 91' lang='lat'><strong>:</strong></span> <span class='ocrx_word' id='word_1_688' title='bbox 1188 4865 1207 4898; x_wconf 78' lang='grc' dir='ltr'><strong>ι</strong></span> <span class='ocrx_word' id='word_1_689' title='bbox 1231 4845 1408 4909; x_wconf 83' lang='lat' dir='ltr'><strong>Exite,</strong></span> <span class='ocrx_word' id='word_1_690' title='bbox 1435 4844 1583 4899; x_wconf 77' lang='lat' dir='ltr'><strong>exite</strong></span> <span class='ocrx_word' id='word_1_691' title='bbox 1607 4844 1674 4897; x_wconf 90' lang='lat' dir='ltr'><strong>de</strong></span> <span class='ocrx_word' id='word_1_692' title='bbox 1708 4841 1891 4896; x_wconf 86' lang='lat' dir='ltr'><strong>medio</strong></span> <span class='ocrx_word' id='word_1_693' title='bbox 1926 4841 2170 4905; x_wconf 86' lang='lat' dir='ltr'><strong>illorum,</strong></span> <span class='ocrx_word' id='word_1_694' title='bbox 2208 4852 2263 4897; x_wconf 90' lang='lat' dir='ltr'><strong>et</strong></span> <span class='ocrx_word' id='word_1_695' title='bbox 2288 4845 2623 4913; x_wconf 89' lang='lat' dir='ltr'><strong>separamini</strong></span> <span class='ocrx_word' id='word_1_696' title='bbox 2675 4846 2772 4914; x_wconf 85' lang='lat' dir='ltr'><strong>qui</strong></span> <span class='ocrx_word' id='word_1_697' title='bbox 2809 4847 3045 4916; x_wconf 87' lang='lat' dir='ltr'><strong>portatis</strong></span> <span class='ocrx_word' id='word_1_698' title='bbox 3077 4863 3207 4903; x_wconf 86' lang='lat' dir='ltr'><strong>vasa</strong></span> <span class='ocrx_word' id='word_1_699' title='bbox 3268 4850 3454 4904; x_wconf 81' lang='lat' dir='ltr'><strong>Domi-</strong></span> 
     </span>
    </p>
   </div>
   <div class='ocr_carea' id='block_1_55' title="bbox 182 4927 3448 5004">
    <p class='ocr_par' dir='ltr' id='par_1_55' title="bbox 182 4927 3448 5004">
     <span class='ocr_line' id='line_1_55' title="bbox 182 4927 3448 5004; baseline 0.001 -16"><span class='ocrx_word' id='word_1_700' title='bbox 182 4938 239 4988; x_wconf 87' lang='lat' dir='ltr'><strong>ni</strong></span> <span class='ocrx_word' id='word_1_701' title='bbox 261 4934 339 4986; x_wconf 75' lang='lat'><strong>&quot;.</strong></span> <span class='ocrx_word' id='word_1_702' title='bbox 370 4954 386 4984; x_wconf 81' lang='grc' dir='ltr'><strong>ι</strong></span> <span class='ocrx_word' id='word_1_703' title='bbox 426 4934 532 4988; x_wconf 84' lang='lat' dir='ltr'><strong>Per</strong></span> <span class='ocrx_word' id='word_1_704' title='bbox 562 4950 692 4989; x_wconf 89' lang='lat' dir='ltr'><strong>vasa</strong></span> <span class='ocrx_word' id='word_1_705' title='bbox 729 4946 783 4988; x_wconf 91' lang='lat' dir='ltr'><strong>tu</strong></span> <span class='ocrx_word' id='word_1_706' title='bbox 817 4935 1003 5004; x_wconf 91' lang='lat' dir='ltr'><strong>accipe</strong></span> <span class='ocrx_word' id='word_1_707' title='bbox 1049 4936 1235 4989; x_wconf 89' lang='lat' dir='ltr'><strong>varias</strong></span> <span class='ocrx_word' id='word_1_708' title='bbox 1272 4935 1527 4994; x_wconf 89' lang='lat' dir='ltr'><strong>virtutes,</strong></span> <span class='ocrx_word' id='word_1_709' title='bbox 1560 4930 1765 5000; x_wconf 78' lang='lat' dir='ltr'><strong>Quibus</strong></span> <span class='ocrx_word' id='word_1_710' title='bbox 1792 4927 1970 4982; x_wconf 92' lang='lat' dir='ltr'><strong>sancti</strong></span> <span class='ocrx_word' id='word_1_711' title='bbox 2005 4930 2187 4997; x_wconf 88' lang='lat' dir='ltr'><strong>vigent</strong></span> <span class='ocrx_word' id='word_1_712' title='bbox 2217 4946 2231 4983; x_wconf 92' lang='lat'><strong>:</strong></span> <span class='ocrx_word' id='word_1_713' title='bbox 2257 4943 2353 4982; x_wconf 87' lang='lat' dir='ltr'><strong>cas</strong></span> <span class='ocrx_word' id='word_1_714' title='bbox 2390 4929 2551 4984; x_wconf 85' lang='lat' dir='ltr'><strong>nobis</strong></span> <span class='ocrx_word' id='word_1_715' title='bbox 2585 4930 2657 4986; x_wconf 92' lang='lat' dir='ltr'><strong>ob</strong></span> <span class='ocrx_word' id='word_1_716' title='bbox 2686 4932 2882 4988; x_wconf 89' lang='lat' dir='ltr'><strong>oculos</strong></span> <span class='ocrx_word' id='word_1_717' title='bbox 2938 4949 3151 5002; x_wconf 85' lang='lat' dir='ltr'><strong>ponens</strong></span> <span class='ocrx_word' id='word_1_718' title='bbox 3222 4935 3448 4993; x_wconf 85' lang='lat' dir='ltr'><strong>Paulus.</strong></span> 
     </span>
    </p>
   </div>
   <div class='ocr_carea' id='block_1_56' title="bbox 188 5016 3451 5092">
    <p class='ocr_par' dir='ltr' id='par_1_56' title="bbox 188 5016 3451 5092">
     <span class='ocr_line' id='line_1_56' title="bbox 188 5016 3451 5092; baseline 0.001 -18"><span class='ocrx_word' id='word_1_719' title='bbox 188 5022 413 5091; x_wconf 89' lang='lat' dir='ltr'><strong>inquit:</strong></span> <span class='ocrx_word' id='word_1_720' title='bbox 444 5041 462 5072; x_wconf 75' lang='grc' dir='ltr'><strong>ι</strong></span> <span class='ocrx_word' id='word_1_721' title='bbox 487 5022 888 5075; x_wconf 86' lang='lat' dir='ltr'><strong>Convertimini</strong></span> <span class='ocrx_word' id='word_1_722' title='bbox 922 5024 1043 5085; x_wconf 87' lang='lat' dir='ltr'><strong>lilii,</strong></span> <span class='ocrx_word' id='word_1_723' title='bbox 1101 5030 1512 5077; x_wconf 85' lang='lat' dir='ltr'><strong>convertentes.</strong></span> <span class='ocrx_word' id='word_1_724' title='bbox 1544 5028 1598 5072; x_wconf 90' lang='lat' dir='ltr'><strong>et</strong></span> <span class='ocrx_word' id='word_1_725' title='bbox 1628 5016 1831 5069; x_wconf 89' lang='lat' dir='ltr'><strong>sanabo</strong></span> <span class='ocrx_word' id='word_1_726' title='bbox 1872 5016 2243 5069; x_wconf 87' lang='lat' dir='ltr'><strong>contritiones</strong></span> <span class='ocrx_word' id='word_1_727' title='bbox 2269 5023 2482 5069; x_wconf 88' lang='lat' dir='ltr'><strong>vestras</strong></span> <span class='ocrx_word' id='word_1_728' title='bbox 2499 5016 2567 5069; x_wconf 81' lang='grc'><strong>⁸³.</strong></span> <span class='ocrx_word' id='word_1_729' title='bbox 2600 5035 2617 5068; x_wconf 80' lang='grc' dir='ltr'><strong>ι</strong></span> <span class='ocrx_word' id='word_1_730' title='bbox 2664 5016 2839 5084; x_wconf 88' lang='lat' dir='ltr'><strong>Quem</strong></span> <span class='ocrx_word' id='word_1_731' title='bbox 2877 5020 3046 5089; x_wconf 88' lang='lat' dir='ltr'><strong>igitur</strong></span> <span class='ocrx_word' id='word_1_732' title='bbox 3081 5037 3451 5092; x_wconf 83' lang='lat' dir='ltr'><strong>agnoscemus</strong></span> 
     </span>
    </p>
   </div>
   <div class='ocr_carea' id='block_1_57' title="bbox 185 5099 3453 5178">
    <p class='ocr_par' dir='ltr' id='par_1_57' title="bbox 185 5099 3453 5178">
     <span class='ocr_line' id='line_1_57' title="bbox 185 5099 3453 5178; baseline -0 -15"><span class='ocrx_word' id='word_1_733' title='bbox 185 5109 396 5163; x_wconf 84' lang='lat' dir='ltr'><strong>salutis</strong></span> <span class='ocrx_word' id='word_1_734' title='bbox 427 5124 551 5162; x_wconf 86' lang='lat' dir='ltr'><strong>esse</strong></span> <span class='ocrx_word' id='word_1_735' title='bbox 613 5110 847 5163; x_wconf 87' lang='lat' dir='ltr'><strong>callem?</strong></span> <span class='ocrx_word' id='word_1_736' title='bbox 872 5108 1054 5175; x_wconf 79' lang='lat' dir='ltr'><strong>Illum,</strong></span> <span class='ocrx_word' id='word_1_737' title='bbox 1086 5110 1175 5178; x_wconf 91' lang='lat' dir='ltr'><strong>qui</strong></span> <span class='ocrx_word' id='word_1_738' title='bbox 1218 5108 1369 5162; x_wconf 91' lang='lat' dir='ltr'><strong>dedit</strong></span> <span class='ocrx_word' id='word_1_739' title='bbox 1399 5106 1759 5174; x_wconf 84' lang='lat' dir='ltr'><strong>semetipsum</strong></span> <span class='ocrx_word' id='word_1_740' title='bbox 1796 5102 2026 5170; x_wconf 90' lang='lat' dir='ltr'><strong>pretium</strong></span> <span class='ocrx_word' id='word_1_741' title='bbox 2060 5099 2463 5170; x_wconf 87' lang='lat' dir='ltr'><strong>redemptionis</strong></span> <span class='ocrx_word' id='word_1_742' title='bbox 2493 5118 2592 5171; x_wconf 91' lang='lat' dir='ltr'><strong>pro</strong></span> <span class='ocrx_word' id='word_1_743' title='bbox 2618 5105 2900 5172; x_wconf 86' lang='lat' dir='ltr'><strong>omnibus,</strong></span> <span class='ocrx_word' id='word_1_744' title='bbox 2931 5115 2984 5161; x_wconf 90' lang='lat' dir='ltr'><strong>et</strong></span> <span class='ocrx_word' id='word_1_745' title='bbox 3009 5108 3321 5162; x_wconf 88' lang='lat' dir='ltr'><strong>sanctiﬁcat</strong></span> <span class='ocrx_word' id='word_1_746' title='bbox 3350 5124 3453 5163; x_wconf 63' lang='lat' dir='ltr'><strong>n08</strong></span> 
     </span>
    </p>
   </div>
   <div class='ocr_carea' id='block_1_58' title="bbox 186 5190 3447 5268">
    <p class='ocr_par' dir='ltr' id='par_1_58' title="bbox 186 5190 3447 5268">
     <span class='ocr_line' id='line_1_58' title="bbox 186 5190 3447 5268; baseline 0 -17"><span class='ocrx_word' id='word_1_747' title='bbox 186 5211 296 5251; x_wconf 87' lang='lat' dir='ltr'><strong>suo</strong></span> <span class='ocrx_word' id='word_1_748' title='bbox 318 5209 525 5248; x_wconf 87' lang='lat' dir='ltr'><strong>cruore</strong></span> <span class='ocrx_word' id='word_1_749' title='bbox 556 5210 810 5263; x_wconf 87' lang='lat' dir='ltr'><strong>egressus</strong></span> <span class='ocrx_word' id='word_1_750' title='bbox 840 5197 1041 5250; x_wconf 87' lang='lat' dir='ltr'><strong>castris</strong></span> <span class='ocrx_word' id='word_1_751' title='bbox 1077 5199 1143 5249; x_wconf 90' lang='lat' dir='ltr'><strong>ad</strong></span> <span class='ocrx_word' id='word_1_752' title='bbox 1182 5210 1304 5258; x_wconf 93' lang='lat' dir='ltr'><strong>nos,</strong></span> <span class='ocrx_word' id='word_1_753' title='bbox 1364 5195 1566 5264; x_wconf 87' lang='lat' dir='ltr'><strong>quibus</strong></span> <span class='ocrx_word' id='word_1_754' title='bbox 1598 5199 1854 5259; x_wconf 82' lang='lat' dir='ltr'><strong>negatum</strong></span> <span class='ocrx_word' id='word_1_755' title='bbox 1882 5198 1999 5243; x_wconf 89' lang='lat' dir='ltr'><strong>erat</strong></span> <span class='ocrx_word' id='word_1_756' title='bbox 2032 5190 2084 5243; x_wconf 91' lang='lat' dir='ltr'><strong>in</strong></span> <span class='ocrx_word' id='word_1_757' title='bbox 2110 5200 2291 5244; x_wconf 88' lang='lat' dir='ltr'><strong>castra</strong></span> <span class='ocrx_word' id='word_1_758' title='bbox 2350 5193 2553 5246; x_wconf 89' lang='lat' dir='ltr'><strong>reverti</strong></span> <span class='ocrx_word' id='word_1_759' title='bbox 2618 5195 2942 5265; x_wconf 91' lang='lat' dir='ltr'><strong>priusquam</strong></span> <span class='ocrx_word' id='word_1_760' title='bbox 2971 5213 3400 5268; x_wconf 87' lang='lat' dir='ltr'><strong>repurgaremur</strong></span> <span class='ocrx_word' id='word_1_761' title='bbox 3435 5218 3447 5251; x_wconf 87' lang='lat'><strong>:</strong></span> 
     </span>
    </p>
   </div>
   <div class='ocr_carea' id='block_1_59' title="bbox 188 5275 3455 5353">
    <p class='ocr_par' dir='ltr' id='par_1_59' title="bbox 188 5275 3455 5353">
     <span class='ocr_line' id='line_1_59' title="bbox 188 5275 3455 5353; baseline -0.001 -15"><span class='ocrx_word' id='word_1_762' title='bbox 188 5283 364 5338; x_wconf 77' lang='lat' dir='ltr'><strong>sicuti</strong></span> <span class='ocrx_word' id='word_1_763' title='bbox 398 5291 453 5335; x_wconf 91' lang='lat' dir='ltr'><strong>et</strong></span> <span class='ocrx_word' id='word_1_764' title='bbox 484 5281 735 5351; x_wconf 86' lang='lat' dir='ltr'><strong>leprosus</strong></span> <span class='ocrx_word' id='word_1_765' title='bbox 766 5298 863 5351; x_wconf 90' lang='lat' dir='ltr'><strong>per</strong></span> <span class='ocrx_word' id='word_1_766' title='bbox 892 5299 951 5337; x_wconf 93' lang='lat' dir='ltr'><strong>se</strong></span> <span class='ocrx_word' id='word_1_767' title='bbox 978 5298 1087 5335; x_wconf 92' lang='lat' dir='ltr'><strong>non</strong></span> <span class='ocrx_word' id='word_1_768' title='bbox 1163 5292 1340 5352; x_wconf 89' lang='lat' dir='ltr'><strong>potest</strong></span> <span class='ocrx_word' id='word_1_769' title='bbox 1396 5281 1630 5335; x_wconf 89' lang='lat' dir='ltr'><strong>introire</strong></span> <span class='ocrx_word' id='word_1_770' title='bbox 1661 5279 1714 5331; x_wconf 94' lang='lat' dir='ltr'><strong>in</strong></span> <span class='ocrx_word' id='word_1_771' title='bbox 1749 5285 1954 5339; x_wconf 88' lang='lat' dir='ltr'><strong>castra,</strong></span> <span class='ocrx_word' id='word_1_772' title='bbox 2028 5276 2135 5330; x_wconf 88' lang='lat' dir='ltr'><strong>nisi</strong></span> <span class='ocrx_word' id='word_1_773' title='bbox 2167 5275 2241 5330; x_wconf 89' lang='lat' dir='ltr'><strong>ab</strong></span> <span class='ocrx_word' id='word_1_774' title='bbox 2266 5277 2377 5331; x_wconf 91' lang='lat' dir='ltr'><strong>alio</strong></span> <span class='ocrx_word' id='word_1_775' title='bbox 2399 5277 2706 5333; x_wconf 89' lang='lat' dir='ltr'><strong>deducatur</strong></span> <span class='ocrx_word' id='word_1_776' title='bbox 2730 5297 2815 5336; x_wconf 92' lang='lat' dir='ltr'><strong>eo.</strong></span> <span class='ocrx_word' id='word_1_777' title='bbox 2854 5284 2923 5336; x_wconf 89' lang='lat' dir='ltr'><strong>At</strong></span> <span class='ocrx_word' id='word_1_778' title='bbox 2956 5298 3059 5336; x_wconf 92' lang='lat' dir='ltr'><strong>nos</strong></span> <span class='ocrx_word' id='word_1_779' title='bbox 3089 5292 3455 5353; x_wconf 89' lang='lat' dir='ltr'><strong>apportamur</strong></span> 
     </span>
    </p>
   </div>
   <div class='ocr_carea' id='block_1_60' title="bbox 190 5363 3438 5439">
    <p class='ocr_par' dir='ltr' id='par_1_60' title="bbox 190 5363 3438 5439">
     <span class='ocr_line' id='line_1_60' title="bbox 190 5363 3438 5439; baseline 0 -16"><span class='ocrx_word' id='word_1_780' title='bbox 190 5373 258 5423; x_wconf 83' lang='lat' dir='ltr'><strong>ad</strong></span> <span class='ocrx_word' id='word_1_781' title='bbox 293 5369 579 5423; x_wconf 87' lang='lat' dir='ltr'><strong>Christum</strong></span> <span class='ocrx_word' id='word_1_782' title='bbox 616 5383 644 5421; x_wconf 92' lang='lat' dir='ltr'><strong>a</strong></span> <span class='ocrx_word' id='word_1_783' title='bbox 679 5369 785 5422; x_wconf 88' lang='lat' dir='ltr'><strong>Deo</strong></span> <span class='ocrx_word' id='word_1_784' title='bbox 822 5371 1003 5433; x_wconf 82' lang='lat' dir='ltr'><strong>Patre,</strong></span> <span class='ocrx_word' id='word_1_785' title='bbox 1036 5369 1494 5439; x_wconf 82' lang='lat' dir='ltr'><strong>quemadmodum</strong></span> <span class='ocrx_word' id='word_1_786' title='bbox 1536 5366 1793 5422; x_wconf 86' lang='lat' dir='ltr'><strong>Christus</strong></span> <span class='ocrx_word' id='word_1_787' title='bbox 1826 5364 1944 5435; x_wconf 89' lang='lat' dir='ltr'><strong>ipse.</strong></span> <span class='ocrx_word' id='word_1_788' title='bbox 1969 5363 2148 5431; x_wconf 84' lang='lat' dir='ltr'><strong>docet,</strong></span> <span class='ocrx_word' id='word_1_789' title='bbox 2185 5365 2445 5434; x_wconf 90' lang='lat' dir='ltr'><strong>inquiens</strong></span> <span class='ocrx_word' id='word_1_790' title='bbox 2486 5383 2499 5421; x_wconf 87' lang='lat'>:</span> <span class='ocrx_word' id='word_1_791' title='bbox 2543 5386 2561 5418; x_wconf 74' lang='grc' dir='ltr'><strong>ι</strong></span> <span class='ocrx_word' id='word_1_792' title='bbox 2588 5365 2759 5422; x_wconf 86' lang='lat' dir='ltr'><strong>Nemo</strong></span> <span class='ocrx_word' id='word_1_793' title='bbox 2793 5379 2973 5438; x_wconf 91' lang='lat' dir='ltr'><strong>potest</strong></span> <span class='ocrx_word' id='word_1_794' title='bbox 3008 5372 3197 5425; x_wconf 91' lang='lat' dir='ltr'><strong>venire</strong></span> <span class='ocrx_word' id='word_1_795' title='bbox 3231 5371 3298 5424; x_wconf 90' lang='lat' dir='ltr'><strong>ad</strong></span> <span class='ocrx_word' id='word_1_796' title='bbox 3331 5387 3438 5434; x_wconf 89' lang='lat' dir='ltr'><strong>me,</strong></span> 
     </span>
    </p>
   </div>
   <div class='ocr_carea' id='block_1_61' title="bbox 188 5450 3455 5527">
    <p class='ocr_par' dir='ltr' id='par_1_61' title="bbox 188 5450 3455 5527">
     <span class='ocr_line' id='line_1_61' title="bbox 188 5450 3455 5527; baseline -0.001 -15"><span class='ocrx_word' id='word_1_797' title='bbox 188 5459 304 5512; x_wconf 85' lang='lat' dir='ltr'><strong>nisi</strong></span> <span class='ocrx_word' id='word_1_798' title='bbox 338 5456 525 5521; x_wconf 88' lang='lat' dir='ltr'><strong>Pater,</strong></span> <span class='ocrx_word' id='word_1_799' title='bbox 564 5456 657 5527; x_wconf 93' lang='lat' dir='ltr'><strong>qui</strong></span> <span class='ocrx_word' id='word_1_800' title='bbox 695 5458 840 5511; x_wconf 89' lang='lat' dir='ltr'><strong>misit</strong></span> <span class='ocrx_word' id='word_1_801' title='bbox 867 5474 971 5520; x_wconf 89' lang='lat' dir='ltr'><strong>me,</strong></span> <span class='ocrx_word' id='word_1_802' title='bbox 1000 5458 1226 5511; x_wconf 80' lang='lat' dir='ltr'><strong>traxerit</strong></span> <span class='ocrx_word' id='word_1_803' title='bbox 1276 5457 1454 5526; x_wconf 90' lang='lat' dir='ltr'><strong>ipsum</strong></span> <span class='ocrx_word' id='word_1_804' title='bbox 1474 5456 1541 5507; x_wconf 74' lang='lat'><strong>&quot;.</strong></span> <span class='ocrx_word' id='word_1_805' title='bbox 1571 5473 1587 5504; x_wconf 83' lang='grc' dir='ltr'><strong>ι</strong></span> <span class='ocrx_word' id='word_1_806' title='bbox 1620 5450 1757 5507; x_wconf 86' lang='lat' dir='ltr'><strong>Nam</strong></span> <span class='ocrx_word' id='word_1_807' title='bbox 1810 5452 2072 5509; x_wconf 87' lang='lat' dir='ltr'><strong>Christus</strong></span> <span class='ocrx_word' id='word_1_808' title='bbox 2147 5452 2388 5515; x_wconf 84' lang='lat' dir='ltr'><strong>advenit,</strong></span> <span class='ocrx_word' id='word_1_809' title='bbox 2416 5462 2477 5506; x_wconf 90' lang='lat' dir='ltr'><strong>ut</strong></span> <span class='ocrx_word' id='word_1_810' title='bbox 2506 5455 2812 5510; x_wconf 82' lang='lat' dir='ltr'><strong>remedium</strong></span> <span class='ocrx_word' id='word_1_811' title='bbox 2880 5456 3141 5511; x_wconf 90' lang='lat' dir='ltr'><strong>adhibeat</strong></span> <span class='ocrx_word' id='word_1_812' title='bbox 3195 5457 3455 5512; x_wconf 87' lang='lat' dir='ltr'><strong>contritis</strong></span> 
     </span>
    </p>
   </div>
   <div class='ocr_carea' id='block_1_62' title="bbox 192 5537 3452 5613">
    <p class='ocr_par' dir='ltr' id='par_1_62' title="bbox 192 5537 3452 5613">
     <span class='ocr_line' id='line_1_62' title="bbox 192 5537 3452 5613; baseline -0.001 -13"><span class='ocrx_word' id='word_1_813' title='bbox 192 5546 393 5606; x_wconf 87' lang='lat' dir='ltr'><strong>corde,</strong></span> <span class='ocrx_word' id='word_1_814' title='bbox 428 5553 484 5599; x_wconf 90' lang='lat' dir='ltr'><strong>et</strong></span> <span class='ocrx_word' id='word_1_815' title='bbox 505 5544 719 5613; x_wconf 90' lang='lat' dir='ltr'><strong>aperiat</strong></span> <span class='ocrx_word' id='word_1_816' title='bbox 740 5545 929 5599; x_wconf 90' lang='lat' dir='ltr'><strong>oculos</strong></span> <span class='ocrx_word' id='word_1_817' title='bbox 959 5558 1250 5611; x_wconf 68' lang='lat' dir='ltr'><strong>caecorum,</strong></span> <span class='ocrx_word' id='word_1_818' title='bbox 1286 5543 1615 5611; x_wconf 86' lang='lat' dir='ltr'><strong>aboleatque</strong></span> <span class='ocrx_word' id='word_1_819' title='bbox 1659 5554 1851 5594; x_wconf 90' lang='lat' dir='ltr'><strong>omnes</strong></span> <span class='ocrx_word' id='word_1_820' title='bbox 1922 5537 2243 5613; x_wconf 72' lang='lat' dir='ltr'><strong>iniquitates</strong></span> <span class='ocrx_word' id='word_1_821' title='bbox 2269 5546 2416 5600; x_wconf 89' lang='lat' dir='ltr'><strong>tuas,</strong></span> <span class='ocrx_word' id='word_1_822' title='bbox 2446 5548 2501 5592; x_wconf 92' lang='lat' dir='ltr'><strong>et</strong></span> <span class='ocrx_word' id='word_1_823' title='bbox 2528 5539 2763 5593; x_wconf 86' lang='lat' dir='ltr'><strong>redimat</strong></span> <span class='ocrx_word' id='word_1_824' title='bbox 2794 5556 2858 5593; x_wconf 78' lang='lat' dir='ltr'><strong>ex</strong></span> <span class='ocrx_word' id='word_1_825' title='bbox 2900 5544 3258 5613; x_wconf 83' lang='lat' dir='ltr'><strong>corruptione</strong></span> <span class='ocrx_word' id='word_1_826' title='bbox 3282 5552 3335 5595; x_wconf 86' lang='lat' dir='ltr'><strong>et</strong></span> <span class='ocrx_word' id='word_1_827' title='bbox 3363 5544 3452 5596; x_wconf 88' lang='lat' dir='ltr'><strong>in-</strong></span> 
     </span>
    </p>
   </div>
   <div class='ocr_carea' id='block_1_63' title="bbox 272 5710 1867 5777">
    <p class='ocr_par' dir='ltr' id='par_1_63' title="bbox 272 5711 1865 5777">
     <span class='ocr_line' id='line_1_63' title="bbox 272 5711 1865 5777; baseline -0.004 -8"><span class='ocrx_word' id='word_1_828' title='bbox 272 5718 322 5749; x_wconf 81' lang='lat'>&quot;</span> <span class='ocrx_word' id='word_1_829' title='bbox 352 5715 513 5772; x_wconf 80' lang='lat' dir='ltr'><strong>Joan.</strong></span> <span class='ocrx_word' id='word_1_830' title='bbox 551 5732 708 5775; x_wconf 65' lang='grc' dir='ltr'>χχιιι.</span> <span class='ocrx_word' id='word_1_831' title='bbox 740 5715 830 5770; x_wconf 75' lang='lat'><strong>25.</strong></span> <span class='ocrx_word' id='word_1_832' title='bbox 905 5717 951 5748; x_wconf 77' lang='grc'>’⁸</span> <span class='ocrx_word' id='word_1_833' title='bbox 974 5716 1115 5771; x_wconf 86' lang='lat' dir='ltr'><strong>Psal.</strong></span> <span class='ocrx_word' id='word_1_834' title='bbox 1149 5730 1300 5777; x_wconf 71' lang='lat' dir='ltr'><strong>svnt,</strong></span> <span class='ocrx_word' id='word_1_835' title='bbox 1336 5713 1423 5766; x_wconf 76' lang='grc'><strong>15.</strong></span> <span class='ocrx_word' id='word_1_836' title='bbox 1498 5713 1541 5744; x_wconf 77' lang='grc'><strong>⁷⁷</strong></span> <span class='ocrx_word' id='word_1_837' title='bbox 1578 5711 1722 5767; x_wconf 88' lang='lat' dir='ltr'><strong>Psal.</strong></span> <span class='ocrx_word' id='word_1_838' title='bbox 1764 5726 1865 5764; x_wconf 76' lang='lat' dir='ltr'><strong>cxx</strong></span> 
     </span>
    </p>
   </div>
   <div class='ocr_carea' id='block_1_64' title="bbox 1854 5710 3449 5777">
    <p class='ocr_par' dir='ltr' id='par_1_64' title="bbox 1854 5710 3449 5776">
     <span class='ocr_line' id='line_1_64' title="bbox 1854 5710 3449 5776; baseline 0.004 -13"><span class='ocrx_word' id='word_1_839' title='bbox 1854 5727 1952 5771; x_wconf 79' lang='lat' dir='ltr'><strong>nx,</strong></span> <span class='ocrx_word' id='word_1_840' title='bbox 1984 5713 2035 5767; x_wconf 74' lang='lat'><strong>3.</strong></span> <span class='ocrx_word' id='word_1_841' title='bbox 2110 5711 2155 5745; x_wconf 76' lang='grc'><strong>⁷⁸</strong></span> <span class='ocrx_word' id='word_1_842' title='bbox 2187 5710 2336 5765; x_wconf 86' lang='lat' dir='ltr'><strong>Psal.</strong></span> <span class='ocrx_word' id='word_1_843' title='bbox 2364 5725 2439 5775; x_wconf 85' lang='lat' dir='ltr'><strong>tv,</strong></span> <span class='ocrx_word' id='word_1_844' title='bbox 2483 5710 2536 5765; x_wconf 81' lang='lat'><strong>5.</strong></span> <span class='ocrx_word' id='word_1_845' title='bbox 2641 5713 2684 5744; x_wconf 86' lang='lat'><strong>&quot;</strong></span> <span class='ocrx_word' id='word_1_846' title='bbox 2718 5711 2822 5772; x_wconf 87' lang='lat' dir='ltr'><strong>lsa.</strong></span> <span class='ocrx_word' id='word_1_847' title='bbox 2876 5728 2992 5776; x_wconf 78' lang='lat' dir='ltr'><strong>xm,</strong></span> <span class='ocrx_word' id='word_1_848' title='bbox 3028 5714 3114 5773; x_wconf 75' lang='grc'><strong>10.</strong></span> <span class='ocrx_word' id='word_1_849' title='bbox 3229 5714 3274 5745; x_wconf 81' lang='grc'><strong>⁸⁸</strong></span> <span class='ocrx_word' id='word_1_850' title='bbox 3302 5712 3449 5770; x_wconf 85' lang='lat' dir='ltr'><strong>Psal.</strong></span> 
     </span>
    </p>
   </div>
   <div class='ocr_carea' id='block_1_65' title="bbox 197 5778 1792 5852">
    <p class='ocr_par' dir='ltr' id='par_1_65' title="bbox 197 5781 1792 5852">
     <span class='ocr_line' id='line_1_65' title="bbox 197 5781 1792 5852; baseline -0.003 -10"><span class='ocrx_word' id='word_1_851' title='bbox 197 5801 365 5849; x_wconf 78' lang='grc' dir='ltr'>ιιιι,</span> <span class='ocrx_word' id='word_1_852' title='bbox 394 5786 480 5840; x_wconf 79' lang='grc'><strong>16.</strong></span> <span class='ocrx_word' id='word_1_853' title='bbox 560 5788 601 5818; x_wconf 80' lang='grc'>⁸⁸</span> <span class='ocrx_word' id='word_1_854' title='bbox 637 5786 741 5841; x_wconf 82' lang='lat' dir='ltr'><strong>lsa.</strong></span> <span class='ocrx_word' id='word_1_855' title='bbox 780 5802 875 5852; x_wconf 75' lang='lat' dir='ltr'><strong>LII,</strong></span> <span class='ocrx_word' id='word_1_856' title='bbox 920 5788 1005 5841; x_wconf 82' lang='lat' dir='ltr'><strong>ll.</strong></span> <span class='ocrx_word' id='word_1_857' title='bbox 1082 5783 1354 5840; x_wconf 81' lang='lat' dir='ltr'><strong>&quot;Jerem.</strong></span> <span class='ocrx_word' id='word_1_858' title='bbox 1384 5800 1462 5851; x_wconf 85' lang='grc' dir='ltr'>ιιι,</span> <span class='ocrx_word' id='word_1_859' title='bbox 1510 5783 1600 5839; x_wconf 75' lang='grc' dir='ltr'><strong>Η.</strong></span> <span class='ocrx_word' id='word_1_860' title='bbox 1713 5781 1792 5829; x_wconf 68' lang='grc' dir='ltr'><strong>⁸³η</strong></span> 
     </span>
    </p>
   </div>
   <div class='ocr_carea' id='block_1_66' title="bbox 593 5778 2188 5852">
    <p class='ocr_par' dir='ltr' id='par_1_66' title="bbox 593 5778 2188 5852">
     <span class='ocr_line' id='line_1_66' title="bbox 593 5778 2188 5852; baseline -0.004 -12"><span class='ocrx_word' id='word_1_861' title='bbox 593 5793 601 5818; x_wconf 76' lang='grc'><strong><em>³</em></strong></span> <span class='ocrx_word' id='word_1_862' title='bbox 637 5786 741 5841; x_wconf 82' lang='lat' dir='ltr'><strong>lsa.</strong></span> <span class='ocrx_word' id='word_1_863' title='bbox 780 5802 875 5852; x_wconf 76' lang='lat' dir='ltr'><strong>LII,</strong></span> <span class='ocrx_word' id='word_1_864' title='bbox 920 5788 1005 5841; x_wconf 84' lang='lat' dir='ltr'><strong>ll.</strong></span> <span class='ocrx_word' id='word_1_865' title='bbox 1082 5783 1354 5840; x_wconf 82' lang='lat' dir='ltr'><strong>&quot;Jerem.</strong></span> <span class='ocrx_word' id='word_1_866' title='bbox 1384 5800 1462 5851; x_wconf 86' lang='grc' dir='ltr'>ιιι,</span> <span class='ocrx_word' id='word_1_867' title='bbox 1510 5783 1600 5839; x_wconf 66' lang='lat' dir='ltr'><strong>ll.</strong></span> <span class='ocrx_word' id='word_1_868' title='bbox 1713 5781 1760 5815; x_wconf 82' lang='grc'><strong>⁸³</strong></span> <span class='ocrx_word' id='word_1_869' title='bbox 1788 5778 1946 5835; x_wconf 86' lang='lat' dir='ltr'><strong>Joan.</strong></span> <span class='ocrx_word' id='word_1_870' title='bbox 1993 5797 2068 5844; x_wconf 74' lang='lat' dir='ltr'><strong>XI,</strong></span> <span class='ocrx_word' id='word_1_871' title='bbox 2098 5781 2188 5835; x_wconf 68' lang='grc'><strong>44.</strong></span> 
     </span>
    </p>
   </div>
  </div>
