3864 6500
572 356 679 419 739

1863 342 2212 408 PROCOPII
2242 347 2486 407 GAZJEI
3680 353 3762 415 τω

573 464 744 515 lct'ilu
781 462 945 516 vitam
978 469 1152 513 tuam.
1177 457 1315 512 Cum
1355 455 1505 511 enim
1543 455 1606 509 ad
1645 470 1745 509 nos
1777 457 2017 510 venisset
2052 455 2303 510 inﬁrmos
2344 455 2627 520 visendos,
2688 455 2924 512 mundos
2975 470 3078 511 nos
3123 454 3366 511 reddidit
3421 469 3511 526 per
3558 469 3767 518 sanctum

574 548 934 619 baptismum,
970 556 1024 601 et
1056 559 1261 614 corpus
1287 543 1721 614 sanguinemque
1747 557 1928 598 suum.
1964 541 2091 596 Haec
2123 544 2397 615 siquidem
2434 546 2539 600 sub
2571 546 2677 599 illis
2709 544 3182 616 portendebantur
3208 544 3380 616 typis.

645 675 884 732 Avicula:
911 675 1031 728 dure
1066 673 1200 727 vivae
1257 681 1566 742 congruunt
1613 671 1964 742 preportione
2007 686 2147 740 qua-

2323 672 2405 725 Τὰ
2436 672 2545 726 δύω
2592 672 2772 736 ζῶντα
2826 673 3038 742 ὀρνίθια
3066 673 3213 728 δοκεῖ
3241 690 3370 727 τινα
3414 674 3593 745 φέρειν
3623 678 3771 734 ἀναλο-

575 771 699 826 dam
727 769 897 822 hircis
927 767 1036 820 illis
1063 766 1300 830 duobus,
1323 779 1558 834 quorum
1596 764 1736 817 alter
1766 763 2150 817 dimittebatur

576 864 631 916 in
662 869 869 916 vastam
907 858 1279 912 solitudinem.
1315 854 1450 909 Nam
1517 870 1662 909 unus
1719 856 1905 910 hircus
1955 855 2152 909 immo-

577 954 740 1018 latur,
761 950 969 1004 etalter
998 948 1312 1002 dimittitur.
1347 944 1591 1016 Uterque
1621 960 1752 1000 vero
1779 946 2015 1000 mundus
2044 952 2147 1009 est,

575 1040 1036 1113 quemadmodum
1059 1047 1114 1092 et
1145 1036 1371 1091 aviculae
1402 1037 1483 1090 ha:
1515 1035 1786 1090 munditie
1837 1035 2032 1089 nitent.
2060 1033 2152 1089 Si-

578 1134 794 1206 quidem
845 1131 998 1184 aiunt
1047 1131 1261 1182 hircum
1294 1143 1398 1181 non
1436 1136 1631 1195 suapte
1685 1133 1879 1180 natura
1903 1135 2152 1181 creatum

577 1240 702 1281 esse
758 1221 1133 1282 immundum,
1186 1234 1361 1289 neque
1399 1218 1686 1273 dimissum
1752 1232 1874 1272 esse
1933 1225 2154 1286 prepter

581 1330 737 1372 suam
789 1309 1241 1381 iniquitatem.At
1267 1317 1491 1379 propter
1540 1307 1750 1378 peccati
1792 1306 2020 1376 lepram,
2054 1308 2150 1376 qui

581 1405 901 1466 mundatur,
933 1402 1182 1456 nonnihil
1225 1402 1448 1470 prodest
1479 1410 1534 1453 et
1570 1399 1743 1460 hirco,
1799 1397 1892 1466 qui
1948 1395 2150 1465 depor-

582 1504 750 1559 tatur,
781 1503 834 1548 et
861 1494 906 1548 si
942 1493 1180 1546 evaserit
1230 1487 1628 1544 immunditiem
1658 1488 1839 1557 lepra}.
1877 1485 1945 1542 Ut
1971 1498 2151 1540 autem

581 1584 1036 1656 appareatillum,
1078 1583 1171 1652 qui
1203 1581 1271 1635 ob
1299 1581 1501 1650 Iepram
1549 1589 1668 1634 erat
1708 1587 2021 1649 suspectus,
2060 1592 2153 1647 pe-

577 1680 728 1733 nitus
759 1684 1104 1746 repurgatum
1140 1684 1193 1729 et
1219 1687 1413 1743 purum
1444 1687 1586 1734 esse,
1622 1672 1793 1725 altera
1820 1686 1885 1724 ex
1924 1670 2152 1725 aviculis

580 1771 916 1827 immolatur.
944 1769 1142 1825 Verum
1184 1770 1289 1822 illae.
1309 1766 1554 1828 aviculae,
1585 1780 1705 1836 quae
1733 1780 1878 1820 nunc
1912 1764 2154 1820 oﬁerun-

580 1870 693 1926 tur,
724 1862 978 1916 videntur
1040 1859 1260 1914 diﬂ‘erre
1297 1873 1498 1929 genere
1533 1858 1602 1911 ah
1634 1857 1848 1919 avibus,
1893 1872 2018 1926 qua:
2052 1857 2155 1909 im-

579 1960 864 2023 ponuntur
901 1965 1031 2014 arae,
1057 1951 1215 2006 sicuti
1272 1964 1440 2019 supra
1487 1948 1774 2003 docuimus
1807 1948 1860 2001 in
1888 1949 2155 2003 relatione

2257 765 2386 834 γιαν
2445 766 2584 833 πρὸς
2642 767 2768 828 τοὺς
2823 766 2937 820 δύω
2982 767 3240 838 τράγους,
3281 761 3408 822 ὦνό
3439 762 3516 829 εἷς
3541 769 3622 822 τοῦ
3670 773 3774 825 ἁπο-

2258 856 2538 922 πομπαὶου
2573 872 2586 887 ·
2619 857 2786 910 κάκεῖ
2849 857 2958 928 γὰρ
2985 859 3013 910 ὁ
3035 852 3116 921 εἷς
3144 858 3359 920 θύεται,
3397 858 3488 910 καὶ
3514 860 3540 911 ό
3565 853 3640 922 εἷς
3667 863 3776 930 πέμ·

2259 964 2421 1000 πεται
2451 949 2530 1009 εἰς
2549 948 2647 1018 τὴν
2677 949 3020 1019 ἁποπομπὴν
3054 950 3218 1002 αὑτοῦ
3238 965 3254 981 ·
3293 949 3529 1019 καθαροὶ
3555 950 3606 1002 δὲ
3630 953 3778 1020 ipso,

2261 1039 2406 1093 καθὰ
2434 1041 2527 1092 καὶ
2564 1040 2634 1094 τὰ
2663 1039 2759 1094 νῦν
2789 1039 3023 1110 ὀρνίθια.
3081 1042 3197 1094 Οὐκ
3250 1041 3565 1114 ἀκάθαρτος
3615 1045 3704 1112 γὰρ
3731 1049 3780 1114 τῇ

2261 1131 2447 1201 φύσει,
2482 1133 2641 1200 φασὶ,
2697 1132 3180 1204 δεδημιούργηται,
3219 1132 3349 1186 οὐδὲ
3383 1134 3411 1185 ό
3435 1134 3521 1187 διὰ
3546 1134 3634 1204 τὴν
3656 1137 3782 1187 αὑτοῦ

2260 1222 2460 1274 κακίαν
2504 1221 2797 1291 γενόμενος
2849 1223 3261 1290 ἀποπομπαῖος.
3323 1220 3426 1274 Διὰ
3486 1221 3580 1292 μὲν
3604 1223 3782 1295 οὗντὴν

2259 1314 2369 1367 ἀπὸ
2416 1313 2518 1383 τῆς
2558 1314 2836 1384 ἁμαρτίας
2881 1312 3094 1384 λέπραν
3146 1313 3359 1384 ὀφείλει
3400 1315 3553 1383 τιτῷ
3582 1317 3784 1385 diremp-

2261 1405 2410 1474 παίῳ
2441 1403 2896 1474 καθαριζόμενος,
2927 1407 2975 1458 εἰ
3016 1406 3109 1460 καὶ
3135 1405 3306 1475 ἔφυγε
3337 1405 3441 1476 τὴν
3475 1406 3576 1460 ἀπὸ
3600 1407 3683 1478 τῆς
3721 1409 3784 1462 λέ.

2260 1511 2405 1565 πρας
2463 1495 2826 1566 ἀκαθαρσίαν.
2884 1497 2983 1550 Διὰ
3009 1497 3064 1550 δὲ
3093 1498 3190 1568 τὴν
3253 1497 3608 1569 καθαρότητα
3658 1518 3785 1570 7:90:-

2261 1588 2488 1657 φέρεται
2528 1590 2658 1660 περὶ
2687 1589 2848 1641 αὑτοῦ
2881 1589 2988 1644 τῶν
3048 1590 3305 1659 ὁρνιθίων
3338 1590 3401 1644 τὸ
3433 1592 3631 1660 ἕτερον.
3677 1593 3785 1663 Πλὴν

2259 1678 2328 1731 τὰ
2350 1678 2459 1732 δύω
2487 1678 2662 1734 ἔοικεν
2709 1681 2874 1751 ἕτερα
2927 1677 3069 1734 εἶναι
3102 1682 3180 1753 τῷ
3209 1681 3366 1750 γένει
3396 1685 3548 1754 παρὰ
3576 1683 3636 1736 τὰ
3659 1702 3785 1752 πωσ-

2262 1769 2539 1839 φερόμενα
2566 1773 2647 1834 εἰς
2683 1772 2738 1824 τὸ
2758 1772 3170 1843 θυσιαστήριον,
3220 1773 3501 1843 τρυγόνας
3525 1774 3555 1842 ἢ
3582 1790 3785 1843 περιστε-

2262 1862 2382 1933 ράς.
2435 1859 2494 1914 ’0
2520 1864 2713 1916 νεωστὶ
2741 1863 2850 1935 γὰρ
2905 1865 3285 1935 καθαρισθεὶς,
3324 1864 3482 1918 οὔπω
3526 1866 3614 1918 τοῦ
3641 1867 3785 1920 θυσια-

2263 1954 2486 2025 στηρίου
2537 1955 2762 2024 γέγονεν
2820 1956 2990 2023 ἄξιος,
3039 1959 3152 2010 ἀλλ’
3187 1958 3342 2021 ὅπως
3390 1958 3541 2022 ἄξιος
3591 1959 3784 2028 γένηται,

579 2044 958 2099 columbarum
979 2050 1033 2098 et
1060 2049 1357 2097 turturum.
1388 2039 1522 2094 Nam
1558 2041 1625 2106 is,
1652 2042 1744 2110 qui
1776 2039 1941 2094 modo
1970 2055 2155 2095 sacer-

2260 2044 2595 2116 λαμϐάνεται
2647 2046 2823 2102 ταῦτα
2870 2048 2999 2119 παρ’
3066 2048 3234 2103 αὐτοῦ
3379 2049 3450 2103 ἂν
3511 2049 3677 2121 ἡμέρᾳ
3713 2068 3784 2104 κι-

579 2135 730 2191 dotis
775 2135 1046 2192 sententia
1082 2133 1463 2203 pronuntiatus
1500 2143 1585 2187 est
1617 2148 1812 2203 purus,
1862 2147 1972 2186 non
2013 2147 2152 2188 con-

2263 2133 2519 2206 θαρισθῇ.

583 2228 741 2279 tinuo
768 2225 934 2280 audet
985 2223 1248 2278 accedere
1269 2222 1338 2277 ad
1370 2237 1584 2278 sacram
1637 2237 1834 2277 aram:
1869 2223 1962 2277 sed
2030 2232 2088 2278 ut
2154 2223 2354 2294 dignus
2407 2225 2674 2281 eﬁiciatur
2730 2241 2957 2284 accessu
3009 2240 3140 2293 ara,
3199 2229 3296 2284 illo
3349 2229 3470 2299 ipso
3549 2229 3648 2296 die,
3707 2245 3786 2299 quo

582 2317 878 2374 mundatus
910 2326 1016 2384 est,
1062 2318 1211 2373 omni
1263 2333 1420 2373 mora
1472 2319 1672 2388 posita,
1744 2321 1998 2389 expiatur
2058 2321 2151 2376 illo
2191 2322 2528 2377 avicularum
2565 2324 2857 2380 sacriﬁcio.

650 2451 890 2507 Additur
918 2451 1048 2507 huic
1079 2466 1239 2507 sacro
1270 2451 1476 2521 lignum
1515 2451 1828 2518 cedriuum,
1874 2455 2022 2524 quod
2059 2456 2280 2528 signum
2326 2469 2411 2512 est
2441 2459 2705 2514 salutaris
2762 2460 2918 2530 ligni,
2960 2475 3069 2528 quo
3123 2459 3491 2531 triumphavit
3516 2460 3581 2516 de
3605 2459 3782 2516 devictis

581 2539 985 2613 principatibus
1013 2547 1067 2595 et
1095 2541 1462 2610 potestatibus
1498 2540 1771 2608 Salvator,
1797 2559 1896 2598 nos
1929 2544 2148 2613 penitus
2170 2546 2225 2598 in
2253 2556 2512 2601 aeternam
2541 2561 2800 2603 asserens
2830 2548 3247 2604 beatitudinem.
3281 2547 3583 2603 Coccinum
3609 2557 3781 2618 propter

581 2630 821 2683 colorem
854 2640 1012 2681 suum
1045 2641 1383 2697 purpureum
1434 2634 1595 2698 typus
1621 2637 1706 2684 est
1755 2630 1980 2699 pretiosi
2032 2632 2338 2701 sanguinis,
2388 2647 2553 2702 quem
2612 2649 2710 2703 pro
2751 2645 2940 2690 nostra
2994 2635 3176 2691 salute
3241 2635 3497 2705 profudit
3552 2636 3776 2690 Christus.

585 2714 761 2769 Filum
781 2713 1122 2777 coccineum,
1158 2713 1320 2783 cujus
1350 2728 1487 2769 usus
1513 2722 1629 2769 erat
1663 2716 1719 2770 in
1751 2717 2040 2771 nativitate
2078 2717 2313 2783 Phares,
2353 2719 2656 2774 salutarem
2691 2720 2899 2776 Christi
2947 2736 3202 2777 cruorem
3231 2739 3460 2792 quoque
3490 2723 3779 2779 demonstra-

589 2802 683 2856 vit.
722 2799 839 2856 Huc
870 2800 1052 2870 adjice
1095 2801 1246 2854 ﬁlum
1283 2816 1646 2871 purpureum,
1702 2819 1812 2874 quo
1852 2803 2004 2860 Raab
2056 2804 2314 2861 hostilem
2373 2809 2556 2863 evasit
2601 2808 2965 2879 direptionem
2984 2819 3036 2865 et
3057 2809 3288 2876 caedem,
3322 2811 3408 2866 sic
3469 2809 3778 2865 instructaah

584 2887 1044 2958 speculatoribus.
1087 2886 1373 2959 llyssopus
1399 2889 1722 2960 adjungitur
1763 2890 1895 2946 huic
1925 2890 2276 2950 caerimoniae.
2310 2893 2488 2950 Habet
2531 2897 2680 2951 enim
2726 2898 2991 2953 virtutem
3029 2898 3340 2969 purgandi.
3373 2895 3486 2952 Nec
3511 2899 3617 2968 ipse
3638 2911 3776 2951 sacer-

582 2978 684 3034 dos
726 2985 933 3032 mactat
987 2976 1282 3032 aviculam.
1341 2976 1476 3031 Nam
1536 2978 1605 3044 is,
1639 2978 1706 3033 de
1732 2978 1891 3048 cujus
1964 2979 2204 3050 puritate
2247 2981 2561 3049 dubitatur,
2625 2987 2873 3039 nondum
2904 2984 3106 3056 dignus
3136 2994 3241 3053 est,
3272 2995 3336 3041 ut
3366 2986 3588 3058 prodeat
3607 2985 3653 3039 in
3679 3000 3775 3038 con-

583 3073 830 3132 spectum
868 3064 1201 3119 sacerdotis.
1235 3063 1585 3135 QuaprOpter
1629 3065 1858 3135 sanguis
1911 3066 2001 3120 ille
2069 3082 2180 3122 non
2243 3067 2579 3140 importatur
2612 3070 2680 3126 ad
2713 3086 2866 3127 aram
2910 3091 2924 3128 :
2966 3072 3063 3128 sed
3092 3074 3374 3144 excipitur
3407 3088 3534 3128 vase
3564 3070 3712 3133 ﬁctili,
3737 3071 3777 3124 in

581 3151 728 3220 quod
759 3151 915 3220 prius
977 3151 1159 3206 infusa
1191 3160 1278 3206 est
1309 3166 1452 3220 aqua
1491 3153 1638 3216 viva,
1681 3161 1739 3206 ut
1764 3152 2082 3222 puriﬁcatio
2145 3155 2470 3224 perliciatur
2520 3158 2834 3213 interventu
2899 3173 3056 3229 aqua
3084 3168 3139 3215 et
3184 3159 3504 3230 sanguinis,
3538 3174 3646 3230 qua:
3691 3158 3772 3211 duo

583 3244 978 3308 permanarunt
1008 3252 1072 3293 ex
1096 3238 1268 3293 latere
1296 3237 1621 3303 Salvatoris,
1675 3247 1817 3294 teste
1845 3237 2056 3294 Joanne
2091 3258 2104 3294 :
2132 3241 2227 3311 qui
2263 3258 2482 3314 quoque
2506 3243 2666 3300 docet
2697 3246 2753 3299 in
2792 3261 2892 3301 sua
2922 3245 3165 3318 Epistula
3208 3249 3317 3301 tria
3354 3263 3497 3310 esse,
3528 3262 3637 3313 qua:
3661 3247 3776 3314 puri-

583 3325 894 3379 ﬁcationem
916 3324 1202 3390 inducant,
1235 3325 1514 3395 spiritum,
1568 3340 1766 3396 aquam
1803 3335 1858 3382 et
1888 3327 2237 3397 sanguinem.
2259 3329 2329 3384 At
2361 3331 2466 3385 hoc
2512 3334 2633 3388 loco
2691 3334 2947 3388 videntur
3001 3335 3236 3406 sanguis
3271 3341 3330 3390 et
3358 3351 3497 3407 aqua
3525 3352 3538 3390 :
3563 3335 3771 3406 spiritum

582 3422 1020 3468 rommonstrant
1048 3429 1189 3469 caesa
1223 3415 1461 3469 avicula.
1487 3413 1585 3470 His
1616 3416 1798 3472 tribus
1817 3417 2070 3486 expiatur
2094 3426 2150 3473 et
2175 3429 2470 3491 purgatur,
2490 3436 2651 3490 quem
2675 3421 2839 3493 leprae
2864 3423 3107 3490 suspicio
3133 3425 3466 3496 contigerat,
3501 3425 3615 3479 licet
3637 3436 3714 3492 per
3733 3435 3773 3474 se

582 3515 804 3572 quoque
823 3516 998 3572 purus
1021 3500 1096 3556 sit
1130 3501 1198 3556 ab
1225 3501 1390 3571 leprae
1415 3502 1633 3580 morbo.

653 3643 833 3714 Supra
861 3643 1000 3698 dixit
1031 3663 1042 3698 :
1084 3662 1100 3695 ι
1126 3643 1244 3710 Quo
1266 3642 1353 3699 die
1390 3645 1716 3714 puriﬁcatus
1734 3612 1935 3711 .fuerit,
1965 3665 1982 3698 ι
2020 3655 2155 3712 etc.,
2188 3654 2232 3714 ο

583 3752 733 3794 nunc
765 3750 893 3792 vero
954 3736 1175 3805 inquit:
1210 3754 1228 3787 ι
1251 3734 1313 3791 Et
1337 3751 1508 3806 purus
1549 3737 1665 3790 sive
1720 3738 1961 3792 mundus
1988 3739 2111 3793 erit.
2137 3758 2157 3790 ι

583 3829 847 3897 Quamvis
894 3843 1027 3882 vero
1077 3828 1345 3882 liberatus
1374 3828 1496 3883 sita
1531 3828 1678 3898 lepra
1707 3838 1759 3882 et
1784 3828 1948 3898 leprre
1982 3830 2164 3899 suspi-

581 3923 764 3988 cione,
830 3935 969 3991 Opus
1002 3928 1182 3974 tamen
1220 3920 1383 3974 habet
1408 3921 1789 3990 puriﬁcatione
1820 3921 1913 3974 illa
1938 3931 2165 3992 pr0pter

582 4011 848 4083 praeteriti
912 4012 1177 4081 temporis
1209 4011 1639 4066 immunditiem.
1674 4011 1984 4068 Necessarii
2020 4030 2161 4083 quo-

579 4119 689 4174 que
711 4101 963 4168 suntitres
986 4102 1178 4171 reliqui
1208 4102 1605 4171 purilicaliouis
1625 4104 1793 4159 modi.
1817 4102 1970 4160 Unus
1992 4105 2152 4175 351

579 4195 728 4253 enim
761 4193 1161 4265 puriﬁcationis
1190 4195 1384 4250 modus
1407 4203 1510 4257 est,
1543 4197 1639 4266 qui
1681 4198 2002 4253 enuntiatur
2042 4197 2159 4252 his-

583 4304 647 4343 ce
669 4287 850 4341 verbis
886 4304 900 4340 :
948 4285 1105 4352 «Quo
1149 4287 1238 4342 die
1281 4287 1605 4357 puriﬁcalus
1666 4287 1894 4344 fuerit.»
1962 4289 2158 4345 Caeteri

585 4387 696 4434 tres
724 4378 1130 4450 puriﬁcationis
1172 4378 1317 4434 modi
1371 4381 1426 4434 in
1479 4380 1658 4436 medio
1718 4382 2080 4446 collocantur,
2105 4389 2160 4436 et

583 4472 972 4543 signiﬁcantur
1031 4472 1160 4527 dum
1193 4485 1274 4529 ter
1317 4473 1409 4528 illa
1439 4475 1602 4530 verba
1643 4483 1967 4545 repetuntur
2001 4495 2013 4530 :
2048 4494 2066 4527 ι
2093 4474 2160 4530 Et

2338 3653 2505 3712 Ἀνω,
2540 3647 2712 3715 εἶπεν,
2758 3672 2778 3704 ι
2813 3647 2890 3725 ¹ᾘ
2920 3651 2985 3705 ἂν
3025 3652 3210 3723 ἡμέρᾳ
3257 3651 3592 3721 καθαρισθῇο
3631 3666 3646 3699 ι
3685 3647 3771 3698 νυνὶ

2261 3741 2337 3806 δὲ,
2374 3760 2393 3793 ι
2418 3744 2527 3797 Καὶ
2550 3743 2791 3813 καθαρὸς
2825 3744 3000 3796 ἔσται.
3022 3762 3040 3794 ι
3078 3744 3189 3796 Καὶ
3213 3741 3511 3812 καθαρθεὶς
3563 3739 3654 3810 γὰρ
3697 3735 3767 3803 τῆς

2260 3834 2490 3905 λέπρας,
2511 3836 2663 3905 ὅμως
2684 3836 2826 3907 ὑπὲρ
2847 3835 2938 3889 τοῦ
2959 3835 3240 3906 μολυσμοῦ
3265 3835 3362 3888 τοῦ
3385 3834 3668 3904 φθάσαντος
3685 3829 3758 3895 χρό

2263 3943 2354 3979 νου
2389 3927 2562 3979 δεῖται
2592 3926 2686 3979 τοῦ
2720 3927 2987 3996 παρόντος
3017 3925 3393 3997 καθαρισμοῦ,
3427 3923 3613 3996 μᾶλλον
3633 3919 3676 3972 δὲ
3701 3917 3764 3967 κα)

2260 4018 2437 4074 ἄλλων
2463 4018 2650 4089 τριῶν.
2676 4012 2769 4081 Εἷς
2790 4020 2898 4088 γὰρ
2923 4019 3267 4088 καθαρισμὸς
3296 4019 3382 4082 τὸ,
3411 4037 3429 4069 ι
3455 4011 3526 4088 ⁷ῌ
3557 4014 3614 4068 ἂν
3631 4008 3766 4081 ἡμέῇ

2259 4108 2566 4180 καθαρισθῇ
2593 4127 2607 4140 ο
2655 4129 2672 4161 ι
2696 4111 2790 4163 καὶ
2822 4112 2974 4180 τρεὶς
3007 4110 3208 4179 μεταξὺ
3259 4109 3362 4179 τῷ,
3398 4126 3416 4160 ι
3454 4106 3553 4161 Καὶ
3583 4097 3764 4169 καθαρὸς

2260 4200 2432 4263 ἔσται,
2480 4219 2498 4252 ι
2537 4202 2718 4269 τρίτον
2746 4201 3045 4272 λεγομένῳ,
3093 4221 3111 4252 ι
3140 4200 3493 4270 δηλούμενον
3525 4192 3763 4258 ικαὶπέμο

2261 4310 2392 4356 πτος
2420 4295 2513 4345 καὶ
2535 4293 2840 4357 τελευταῖος
2865 4293 2950 4346 διὰ
2980 4292 3097 4357 τοῦ,
3125 4313 3142 4345 ι
3169 4294 3279 4346 Καὶ
3309 4289 3758 4362 καθαρισθήσεται.»

2261 4383 2385 4439 Εἰσὶ
2407 4385 2515 4453 γὰρ
2551 4382 2665 4438 οἷον
2709 4386 2804 4438 καὶ
2837 4384 3202 4456 καθαρισμῶν
3233 4383 3530 4456 προκοπαὶ,
3557 4379 3664 4450 πρὶν
3704 4373 3761 4431 εἰς

2259 4475 2360 4547 τὴν
2388 4477 2598 4531 τελείαν
2620 4478 2793 4532 ὲλθεῖν
2827 4477 3198 4548 καθαρότητα.

583 4563 824 4620 mundus
850 4563 975 4619 erit.
998 4582 1018 4616 ι
1055 4562 1292 4620 Ultimus
1314 4573 1496 4620 autem
1519 4575 1574 4621 et
1603 4567 1831 4635 quintus
1887 4565 2288 4636 puriﬁcationis
2313 4569 2454 4622 ritus
2524 4568 2842 4622 declaratur
2906 4582 3003 4637 per
3053 4567 3170 4622 haec
3234 4565 3404 4622 verba
3435 4582 3447 4618 :
3509 4580 3528 4615 ς
3553 4561 3608 4615 Et
3643 4566 3756 4609 mun-

581 4655 867 4712 dabitur.»
925 4654 1139 4710 Habent
1186 4655 1458 4726 siquidem
1529 4657 1950 4726 puriﬁcatioues
2011 4671 2145 4713 suos
2189 4672 2540 4729 progressus,
2601 4667 2657 4715 et
2707 4659 2776 4714 ab
2824 4656 3334 4728 imperfectioribus
3403 4653 3465 4711 ad
3511 4655 3756 4722 supremam

583 4749 817 4804 tendunt
845 4746 1304 4818 puriﬁcationem.

655 4871 762 4929 Ubi
791 4873 994 4927 emissa
1027 4873 1193 4928 fuerit
1215 4873 1450 4938 avicula,
1482 4873 1975 4929 vestimentalavat
2004 4874 2102 4943 qui
2133 4890 2157 4944 p

2266 4873 2503 4930 ﬁcationi
2528 4872 2887 4927 admovetur:
2919 4870 3048 4927 dein
3080 4885 3273 4926 omnes
3304 4866 3622 4924 ahraduntur
3649 4855 3751 4952 pili,‘

590 4963 792 5020 deinde
839 4963 1185 5031 perfunditur
1213 4970 1268 5019 et
1310 4963 1556 5018 abluitur
1583 4979 1747 5032 aqua.
1784 4963 1922 5018 Tum
1955 4963 2176 5019 demum
2205 4960 2696 5017 accommodantur
2732 4960 2848 5013 haec
2881 4960 3044 5014 verba
3076 4975 3090 5013 τ
3122 4978 3140 5012 ι
3174 4957 3412 5013 Mundus
3443 4955 3566 5017 erit;
3593 4969 3608 5002 ι
3635 4958 3749 5016 (μηδ’

582 5064 695 5106 non
731 5048 1067 5105 suﬁicienter
1095 5048 1213 5102 haec
1265 5050 1430 5104 verba
1458 5051 1668 5119 prolata
1707 5050 1970 5116 fuissent,
2009 5052 2063 5106 ni
2099 5053 2295 5122 reliqui
2319 5053 2733 5123 praecessissent
2780 5051 3188 5122 puriﬁcationis
3229 5051 3402 5105 modi.
3425 5047 3678 5114 Postquam
3701 5035 3747 5092 i5-

585 5141 752 5211 cujus
782 5138 999 5210 puritas
1040 5148 1393 5209 procuratur,
1426 5155 1564 5209 aqua
1611 5140 1778 5196 fuerit
1815 5141 2098 5212 perfusus,
2132 5158 2242 5197 non
2281 5142 2476 5197 sordes
2509 5140 2701 5209 ahjicit
2746 5156 2939 5196 omnes
2972 5158 2986 5196 :
3019 5139 3350 5195 vestimenta
3400 5136 3558 5192 adhuc
3587 5130 3746 5218 impqu

581 5233 884 5288 ducuntur.
926 5231 1032 5286 Sed
1081 5231 1196 5284 haec
1230 5230 1476 5284 iudicant
1509 5231 1675 5284 vitam
1718 5233 1861 5302 ejus,
1915 5234 2175 5301 quamvis
2212 5247 2319 5284 non
2364 5245 2592 5300 prorsus
2655 5229 2952 5297 impuram,
3003 5237 3190 5281 tamen
3242 5219 3616 5294 aliquantulum
3639 5219 3747 5263 νιιιη

580 5319 1036 5381 contaminatam,
1073 5318 1201 5372 licet
1232 5317 1580 5382 vestimenta,
1625 5317 1678 5371 id
1709 5328 1812 5382 est,
1853 5320 2060 5389 prioris
2098 5320 2225 5372 vitae
2260 5317 2414 5380 vitia,
2435 5315 2779 5385 deposuerit.
2812 5311 2915 5368 Pili
2947 5312 3288 5385 portendunt
3325 5315 3554 5380 peccata,
3580 5311 3673 5371 qua
3696 5305 3740 5346 ει

583 5407 769 5461 animo
813 5413 1159 5462 enascuntur
1206 5411 1262 5460 et
1313 5412 1546 5458 mortem
1587 5405 1875 5461 inducunt.
1911 5405 2184 5461 Caeterum
2214 5405 2282 5458 ab
2315 5405 2401 5458 his
2434 5403 2702 5457 differunt
2746 5401 2844 5472 pili
2885 5399 3164 5456 Samuelis
3200 5407 3256 5455 et
3288 5391 3741 5452 Nazareorum.“

582 5509 690 5548 non
718 5493 1144 5563 discipulorum,
1166 5506 1308 5562 quos
1339 5490 1500 5546 Pater
1524 5493 1772 5548 caelestis
1798 5494 1851 5547 iu
1881 5501 2174 5549 numerato
2199 5499 2369 5546 tenet.
2390 5487 2524 5544 Nam
2557 5487 2765 5543 ferrum
2788 5503 2895 5541 non
2920 5487 3193 5558 contingit
3223 5494 3389 5556 caput
3415 5479 3734 5563 Nazareorum:

654 5582 725 5634 At
760 5558 880 5634 haec
921 5578 1119 5633 docent
1153 5558 1339 5634 o'uinia
1398 5595 1742 5649 quaecunque
1781 5580 1993 5635 faciunt
2035 5579 2305 5640 Nazarzei,
2340 5585 2495 5648 grata
2547 5584 2601 5630 et
2636 5581 2864 5644 accepta
2911 5588 3038 5628 esse
3071 5571 3206 5638 Deo,
3260 5571 3499 5641 adeoque
3548 5563 3668 5633 grata
3700 5558 3737 5648 fl

582 5675 827 5736 accepta,
848 5676 907 5720 ut
929 5681 997 5722 ne
1024 5663 1214 5721 lolium
1247 5648 1470 5737 quidem
1497 5648 1719 5722 decidat
1740 5683 1806 5723 ex
1838 5667 1946 5732 his,
1972 5667 2066 5738 qui
2104 5665 2427 5736 spirituales
2452 5665 2620 5720 edant
2645 5663 2885 5719 fructus.
2908 5658 3072 5716 Nunc
3105 5660 3324 5716 demum
3357 5657 3529 5716 sordes
3551 5648 3733 5742 cert)???

585 5766 723 5822 aqua
754 5753 906 5808 eluit.
943 5753 1139 5808 Postea
1167 5736 1407 5822 demum,
1439 5755 1531 5809 ubi
1566 5755 1726 5811 tertio
1757 5736 2072 5812 constiterit
2099 5754 2220 5824 ejus
2251 5753 2487 5824 paritas,
2513 5753 2567 5812 in
2597 5761 2798 5819 castra,
2828 5767 2857 5806 e
2886 5749 3088 5822 quibus
3121 5749 3332 5821 eiectus
3370 5754 3496 5810 erat,
3516 5736 3733 5804 retium"!
