3864 6500
67 325 141 398 τςι
1078 323 1593 386 ΟΟΜΜΕΝΤΑΒῙἸ

1749 325 2188 387 LEVITICUM.
3169 328 3275 395 742

69 454 118 498 At
137 443 187 498 in
217 449 363 493 suam
391 447 500 489 non
541 431 846 504 ingreditur
879 430 1127 497 domum,
1155 434 1258 488 nisi
1283 435 1436 504 prius
1465 450 1707 492 excurso
1743 445 1952 505 septem
1983 435 2196 489 dierum
2222 435 2420 505 spatio,
2449 441 2501 490 et
2529 435 2727 490 iterum
2759 450 2942 502 rasus,
2975 440 3133 506 quasi
3162 457 3271 495 non

67 529 266 585 sufﬁciat
311 524 375 577 ad
425 522 728 590 puritatem
782 521 952 574 semel
1018 536 1139 576 esse
1201 537 1410 577 rasum.
1447 521 1642 578 Verum
1681 523 1919 580 secunda
1977 533 2204 577 tonsura
2250 524 2434 592 priore
2483 525 2838 593 przestantior
2877 533 2982 580 est.
3017 526 3274 583 Continet

66 614 297 685 siquidem
322 617 511 679 partes
541 607 962 678 principaliores
993 608 1270 676 corporis,
1299 609 1556 664 videlicet
1574 622 1739 680 caput
1771 620 1823 665 et
1856 612 2103 666 barbam.
2129 611 2304 680 Caput
2334 611 2595 665 indicium
2625 611 2775 677 facit,
2811 629 3052 675 errores,
3075 615 3276 685 quibus

65 703 245 760 intersit
295 696 480 766 quoad
543 705 900 751 sacrosancta
933 696 1212 765 dogmata,
1257 711 1379 752 esse
1414 697 1639 767 pulsos:
1668 699 1836 752 barba
1877 699 2338 769 signiﬁcationem
2361 713 2426 752 ex
2456 714 2579 753 sese
2613 697 2726 762 dat,
2775 709 3022 769 peccata,
3054 717 3174 771 quae
3219 705 3275 757 in

63 787 179 843 virili
211 784 634 838 committuntur
649 791 828 847 aetate,
859 797 982 836 esse
1015 782 1224 852 abjcCIa
1262 803 1274 836 :
1310 785 1604 851 supercilia
1637 788 1742 840 sub
1763 787 2000 855 quodam
2035 794 2162 856 typo
2190 785 2424 839 edocent
2451 801 2623 841 vanas
2652 795 2706 841 et
2738 790 2938 843 stultas
2967 791 3270 858 opiniones

65 891 160 931 esse
192 872 558 942 propulsatas.
592 869 799 924 Deinde
851 872 1049 923 iterum
1095 872 1300 939 expolit
1333 872 1685 936 vestimenta,
1723 874 1918 928 iterum
1953 874 2184 926 lavatur.
2236 870 2302 925 Et
2346 873 2400 925 in
2437 873 2583 926 hunc
2617 873 2837 927 modum
2889 885 3082 943 quater
3105 893 3274 946 purus

66 961 293 1015 redditur.
326 956 536 1010 Octavo
575 956 772 1010 exinde
801 954 910 1019 die,
937 971 1048 1025 quo
1108 957 1161 1010 in
1219 965 1405 1012 castra
1448 966 1704 1028 receptus
1757 968 1862 1024 est,
1905 975 2014 1013 non
2066 959 2303 1026 amplius
2358 959 2568 1028 indiget
2610 961 2951 1029 reliquorum
2987 963 3270 1018 hominum

70 1049 379 1106 ministerio:
416 1048 538 1116 ipse
575 1046 802 1100 dimittit
852 1046 1180 1110 auiu'iantia,
1216 1047 1332 1116 ipse
1365 1047 1544 1102 oleum
1573 1064 1698 1102 cum
1749 1047 1930 1101 simila
1972 1045 2152 1110 offert,
2211 1055 2268 1100 ut
2317 1061 2545 1115 prorsus
2582 1056 2914 1118 repurgetur
2947 1065 2974 1102 a
3002 1050 3176 1119 lepra,
3223 1060 3277 1105 et

72 1141 234 1208 dignus
266 1139 562 1202 habeatur,
597 1137 690 1205 qui
725 1151 882 1190 sacra
911 1134 1076 1190 faciat
1107 1136 1162 1190 in
1194 1135 1316 1190 loco
1345 1151 1528 1192 sacro.
1567 1136 1719 1205 Ejus,
1761 1134 1854 1202 qui
1875 1133 1940 1186 ad
1975 1136 2121 1186 hunc
2152 1132 2376 1186 modum
2409 1133 2622 1188 accedit
2640 1134 2708 1188 ad
2733 1136 2981 1203 quintam
3011 1137 3275 1206 puriﬁca-

73 1228 260 1284 tionem.
291 1224 650 1287 sacriﬁcium,
672 1224 814 1276 inter
841 1221 1042 1277 Sancta
1071 1231 1390 1278 sanctorum
1419 1231 1872 1279 connumeratur.
1904 1221 2111 1291 Agnus,
2139 1220 2232 1291 qui
2265 1220 2582 1275 immolatur
2625 1237 2724 1292 pro
2749 1223 2972 1285 delicto,
3003 1225 3279 1294 signiﬁcat

73 1314 306 1372 rirtutem,
346 1327 470 1381 quae
527 1311 672 1365 tollit
705 1321 949 1381 peccata.
1009 1309 1425 1375 Holocaustum,
1462 1313 1610 1381 quod
1655 1312 1906 1365 adoletur
1943 1311 1996 1363 in
2041 1323 2158 1370 ara,
2190 1309 2348 1363 docet
2399 1308 2558 1362 illum
2595 1310 2872 1366 hominem
2913 1310 3025 1380 jam
3075 1321 3277 1377 totum,

75 1410 269 1470 quantus
305 1408 555 1468 quantus
600 1408 704 1461 est,
739 1398 966 1468 dignum
998 1398 1239 1460 censeri.
1274 1399 1368 1468 qui
1403 1406 1762 1453 consecretur
1793 1396 1921 1451 Deo.
1956 1395 2053 1449 llis
2100 1395 2394 1452 sacriﬁciis
2431 1398 2679 1452 succedit
2713 1397 2855 1465 ovis,
2899 1415 3022 1468 qua:
3072 1415 3277 1470 reprae-

77 1496 221 1541 sentat
267 1486 479 1541 fructus
513 1486 758 1556 pietatis,
788 1487 878 1556 qui
911 1487 1090 1540 adhuc
1122 1495 1250 1540 sunt
1281 1487 1334 1540 iu
1359 1487 1542 1540 animo
1574 1485 1714 1555 ejus,
1747 1485 1840 1555 qui
1868 1493 2157 1552 purgatur,
2199 1485 2360 1554 eique
2393 1484 2733 1539 tributtntur.
2768 1483 2971 1542 Tribus
3021 1488 3132 1542 illis
3187 1503 3277 1543 sa-

78 1575 260 1629 criﬁciis
283 1575 566 1629 adduntur
602 1583 768 1629 terna:
796 1574 1024 1628 decimae
1056 1574 1252 1629 similae
1281 1574 1347 1626 ad
1380 1575 1628 1644 quintam
1661 1573 2101 1644 puriﬁcationem
2135 1573 2524 1642 peragendam.
2559 1572 2674 1627 Non
2716 1575 2893 1643 inquit
2924 1575 3277 1646 accipiendas

79 1681 171 1719 esse
197 1663 371 1719 farina
403 1664 680 1728 decimas,
713 1663 812 1718 sed
865 1663 1078 1724 siiiiilm,
1117 1678 1237 1731 quae
1290 1670 1374 1716 est
1417 1662 1782 1716 subtilissima
1817 1660 2044 1714 materia
2095 1659 2424 1713 conﬁciendi
2478 1661 2658 1730 panis,
2709 1663 3042 1716 mentionem
3085 1662 3275 1719 infert.

82 1750 230 1802 Simila
267 1758 446 1804 autem
481 1749 837 1820 perfunditur
868 1750 1011 1803 oleo.
1045 1751 1113 1802 At
1154 1751 1336 1804 oleum
1364 1764 1472 1803 non
1507 1749 1682 1804 solum
1732 1749 1908 1801 lucem
1941 1746 2351 1805 subministrat.
2385 1747 2480 1800 sed
2519 1748 2684 1801 etiam
2715 1749 2894 1816 ignem
2927 1750 3042 1804 alit.
3077 1747 3133 1804 In
3168 1752 3279 1805 alio

84 1837 430 1907 puriﬁcationis
458 1837 704 1904 quodam
747 1839 854 1891 ritu
881 1839 1183 1907 requiritur
1218 1837 1436 1892 hemina
1474 1837 1603 1891 olei.
1634 1834 1836 1890 Verum
1873 1834 1944 1888 ibi
1992 1843 2260 1903 purgatur
2296 1835 2364 1894 is,
2401 1835 2491 1902 qui
2533 1849 2672 1902 opus
2704 1834 2872 1890 habet
2903 1851 3067 1906 opera
3096 1852 3279 1893 sacer-

83 1926 214 1986 dotis,
241 1939 266 1978 a
297 1939 405 1995 quo
437 1941 550 1978 non
589 1925 771 1980 solum
799 1923 1096 1979 inducatur
1127 1925 1181 1978 in
1205 1933 1411 1989 castra,
1439 1923 1536 1978 sed
1565 1923 1798 1978 sistatur
1827 1925 1882 1976 in
1913 1922 2060 1976 ostio
2085 1920 2431 1975 tabernaculi
2469 1922 2773 1976 testimonii
2805 1937 2991 1976 coram
3020 1921 3275 1978 Domino.

85 2009 165 2065 Nec
190 2012 424 2081 imperat,
450 2019 516 2064 ut
538 2011 856 2066 immoletur
884 2025 1079 2080 agnus,
1113 2011 1572 2081 quemadmodum
1604 2009 1930 2078 imperatum
1961 2013 2081 2062 erat
2122 2008 2176 2061 in
2198 2005 2472 2061 sacriﬁcio
2507 2007 2848 2063 avicularum
2869 2026 2884 2064 :
2906 2010 3015 2064 imo
3043 2011 3278 2080 ipsemet

87 2098 234 2168 arripit
263 2114 456 2169 agnum
507 2114 750 2170 emuque
797 2115 897 2169 pro
929 2100 1132 2154 delicto
1183 2100 1368 2165 cedit,
1401 2099 1654 2170 quamvis
1703 2095 1759 2150 id
1807 2097 1989 2150 facere
2034 2101 2161 2148 ante
2203 2103 2456 2162 quartam
2506 2104 2782 2164 peractam
2837 2097 3275 2166 puriﬁcationem

89 2199 310 2254 nunquam
330 2186 382 2239 in
413 2185 665 2240 animum
697 2186 993 2240 induxerit.
1021 2185 1193 2256 llujus
1219 2188 1455 2242 victimae
1475 2201 1670 2242 cruore
1691 2185 1942 2240 dextram
1969 2182 2233 2238 emundat
2264 2199 2478 2247 aurem,
2513 2199 2746 2254 eamque
2774 2172 3273 2258 idoneam'prastat

89 2271 408 2327 auscultandis
435 2273 645 2326 divinis
693 2275 1079 2329 sermonibus:
1109 2284 1394 2344 totumque
1434 2274 1709 2328 hominem
1756 2273 1828 2324 ita
1863 2271 2112 2333 instruit,
2149 2279 2206 2323 ut
2241 2285 2335 2338 per
2359 2278 2570 2324 rectum
2611 2272 2835 2326 virtutis
2867 2273 3063 2326 callem
3117 2283 3273 2328 recto

92 2360 188 2428 pede
210 2359 432 2422 incedat,
463 2369 520 2414 et
566 2362 789 2415 virtutis
841 2377 1006 2430 opera
1041 2361 1203 2417 edere
1253 2363 1402 2416 haud
1453 2371 1654 2416 cesset.
1698 2360 1752 2412 Si
1786 2359 1931 2412 enim
1983 2373 2092 2412 non
2135 2360 2520 2427 puriﬁearetur
2560 2359 2765 2413 dextrae
2798 2360 2948 2415 auris
3003 2362 3274 2420 auricula.

91 2456 228 2517 posset
257 2449 371 2518 quis
407 2449 717 2518 intelligere
749 2463 813 2502 os
849 2449 1044 2513 leonis,
1073 2449 1532 2518 quemadmodum
1555 2448 1826 2518 scriptum
1858 2455 1944 2500 est
1971 2465 1982 2500 :
2023 2465 2040 2496 ε
2083 2447 2257 2498 Sicuti
2282 2447 2480 2500 eximit
2511 2455 2698 2516 pastor
2735 2462 2802 2501 ex
2832 2463 2927 2501 ore
2960 2449 3136 2504 leonis
3165 2451 3278 2504 duo

90 2549 208 2587 crura
236 2542 318 2586 aut
344 2535 655 2588 auriculam
688 2535 753 2586 “.
789 2554 807 2586 ι
849 2535 987 2602 Quia
1021 2552 1151 2590 vero
1181 2537 1440 2606 leprosus
1471 2537 1824 2591 immunditie
1863 2534 2217 2593 laboraverit,
2249 2542 2308 2586 ttt
2339 2543 2393 2587 et
2429 2535 2545 2588 hinc
2576 2533 2818 2598 recedat,
2857 2536 3013 2590 auris
3057 2536 3274 2602 dextra,

92 2637 164 2674 nec
190 2637 278 2676 non
301 2638 491 2677 manus
525 2622 691 2692 352
730 2639 932 2693 pesque
963 2625 1153 2677 dexter
1184 2631 1509 2694 purgantur,
1547 2631 1604 2677 ut
1632 2625 1700 2678 ab
1729 2624 1813 2678 his
1865 2622 2314 2677 extremitatibus
2349 2624 2562 2691 puritas
2594 2639 2692 2692 per
2727 2631 2901 2678 totum
2931 2625 3278 2681 diffundatur

91 2726 261 2780 corpus.
291 2712 478 2768 Sexies
521 2713 581 2768 ﬁt
615 2716 864 2782 aspersio
895 2714 963 2768 de
996 2716 1119 2768 oleo
1145 2730 1331 2768 coram
1372 2714 1619 2768 Domino.
1664 2711 1882 2773 Oleum,
1922 2709 2070 2777 quod
2134 2711 2486 2776 remanserit,
2522 2712 2722 2765 iterum
2761 2712 2985 2767 additur
3010 2715 3277 2768 auricula:

94 2797 266 2863 dextrae,
297 2815 346 2855 et
380 2818 548 2857 manu
582 2802 918 2872 pedibusque
942 2802 1172 2856 dextris.
1205 2802 1340 2868 Quia
1376 2802 1601 2870 sanguis
1633 2800 1738 2853 nisi
1770 2798 2087 2852 accessione
2109 2798 2237 2859 olei,
2280 2813 2388 2852 non
2416 2797 2618 2854 sufﬁcit
2649 2800 2714 2854 ad
2737 2801 2879 2855 hanc
2911 2817 3051 2856 rem.
3080 2800 3272 2856 Oleum

93 2894 248 2948 autem,
278 2889 413 2954 quod
446 2903 546 2942 sua
582 2903 746 2942 manu
784 2887 1148 2957 apprehendit
1183 2889 1464 2951 sacerdos,
1497 2887 1797 2956 imponitur
1829 2886 1994 2955 capiti
2033 2884 2384 2953 purilicandi.
2417 2885 2553 2940 Nam
2596 2887 2906 2942 necessitas
2930 2888 3269 2958 postulabat,

95 2983 137 3026 ut
157 2976 346 3043 reliquis
377 2978 607 3031 humani
641 2979 896 3046 corporis
925 2979 1172 3047 partibus
1203 2977 1532 3047 repurgatis,
1574 2978 1738 3030 etiam
1779 2985 1940 3042 caput
1968 2989 2066 3027 sua
2116 2976 2358 3043 puritate
2383 2977 2673 3044 potiretur.
2703 2976 2991 3032 Absolutis
3018 2987 3073 3032 et
3104 2977 3276 3032 ﬁnitis

95 3063 509 3127 puriﬁcationibus
568 3066 850 3129 omnibus,
879 3065 1018 3118 alter
1051 3067 1255 3134 petitur
1285 3079 1480 3133 agnus.
1511 3064 1604 3131 qui
1648 3071 1939 3126 mactatur,
1977 3070 2030 3116 et
2069 3070 2239 3124 lotus,
2279 3071 2337 3116 ut
2365 3066 2438 3118 sit
2463 3063 2870 3130 holocaustum,
2919 3076 3276 3121 consecratur

97 3146 193 3203 Deo.
219 3150 427 3216 Quidam
456 3153 658 3206 docent
692 3151 831 3207 duas
866 3152 988 3206 illas
1017 3154 1261 3207 aviculas
1292 3168 1414 3208 esse
1445 3167 1612 3205 unum
1645 3149 1927 3220 quiddam,
1947 3161 1999 3204 et
2029 3151 2344 3218 signiﬁcare
2395 3151 2675 3206 Christum
2709 3167 2738 3206 e
2769 3153 2906 3206 caelo
2930 3153 3271 3207 delabentem

98 3234 204 3296 (nam
235 3239 336 3289 aris
373 3239 423 3292 in
451 3254 582 3293 aere
608 3239 876 3305 movetur)
912 3248 965 3292 et
996 3239 1291 3294 humanam
1326 3253 1580 3292 naturam
1610 3247 1982 3292 assumentem
2018 3246 2071 3290 et
2110 3254 2208 3306 pro
2235 3238 2396 3292 nobis
2429 3240 2700 3302 oblatum,
2728 3250 2781 3293 et
2812 3248 2872 3292 ut
2907 3239 3138 3293 miseros
3174 3255 3275 3292 nos

100 3332 353 3387 peccatores
401 3326 702 3380 redimeret
741 3327 960 3382 ccelitus
1010 3327 1336 3382 demissum.
1368 3326 1555 3392 Quoad
1606 3327 1899 3378 humanam
1950 3333 2229 3390 naturam,
2262 3340 2439 3379 exesus
2469 3336 2522 3379 et
2567 3327 2790 3380 oblatus
2819 3335 2926 3380 est.
2958 3326 3273 3380 Secundum

100 3409 282 3464 divinam
322 3422 574 3466 naturam
618 3415 827 3468 nullum
873 3416 1048 3469 sensit
1091 3414 1373 3468 damnum.
1411 3413 1534 3468 Haec
1562 3414 1707 3468 enim
1761 3413 1946 3467 nescia
1999 3422 2081 3467 est
2137 3415 2269 3482 pati.
2310 3413 2594 3484 Siquidem
2667 3412 2954 3483 Scriptura
2991 3422 3264 3469 testatur:

105 3494 342 3553 illortuus
366 3510 450 3553 est
501 3515 695 3564 carne,
726 3511 781 3556 et
823 3501 1131 3556 viviﬁcatus
1178 3511 1263 3555 est
1299 3502 1493 3570 Spiritu
1535 3501 1604 3554 ⁸⁸.
1657 3500 1832 3569 Super
1873 3515 2014 3570 aqua
2068 3501 2210 3564 viva,
2243 3519 2261 3551 ι
2291 3510 2396 3555 etc.
2450 3501 2588 3566 Quia
2621 3515 2770 3554 mors
2835 3499 2957 3570 ejus
3009 3508 3097 3554 est
3130 3502 3264 3556 vita.

103 3579 240 3651 anque
260 3586 500 3654 proﬂuxit
543 3588 769 3658 sanguis
797 3598 850 3642 et
879 3603 1018 3658 aqua
1053 3589 1120 3643 de
1158 3604 1386 3659 corpore
1419 3589 1561 3655 ejus.
1604 3588 1834 3658 Liguum
1863 3586 2178 3651 cedrinum,
2208 3587 2353 3656 quod
2393 3590 2540 3641 nulla
2574 3587 2862 3658 putredine
2888 3587 3150 3650 violatur,
3180 3589 3269 3641 iu-

103 3671 392 3738 corruptibile
440 3673 650 3726 Christi
694 3689 894 3743 corpus
920 3674 1282 3729 demonstrat.
1319 3673 1602 3744 Siquidem
1652 3676 1922 3744 scriptum
1959 3683 2042 3729 est
2073 3693 2086 3726 :
2129 3694 2147 3725 ι
2187 3672 2305 3729 Νοιι
2336 3676 2562 3744 patieris
2591 3683 2846 3728 sanctum
2879 3683 3035 3729 tuum
3086 3675 3275 3730 videre

105 3757 438 3825 corruptionem
470 3760 543 3811 “.
571 3778 588 3810 ι
631 3759 806 3813 Filum
837 3761 1154 3814 coccineum
1189 3770 1350 3832 typus
1382 3770 1465 3816 est
1491 3759 1767 3816 Ecclesiae.
1803 3761 2089 3832 llyssopus
2118 3761 2360 3816 ostendit
2394 3760 2666 3815 fervorem
2702 3762 2952 3828 spiritus.
2981 3761 3108 3817 Haec
3123 3765 3271 3817 enim

109 3839 225 3894 herba
254 3846 561 3901 mirabiliter
576 3848 752 3901 calida
773 3848 1112 3916 perhibetur.
1147 3848 1414 3903 Prmterea
1450 3857 1709 3921 repurgat
1731 3857 1786 3903 et
1809 3849 2002 3904 liberat
2040 3849 2341 3918 praecordia
2362 3857 2552 3903 nostra
2589 3849 2658 3902 ab
2691 3849 2906 3917 impuro
2934 3851 3266 3921 phlegmata,

107 3927 366 4001 quodtypus
390 3943 472 3988 est
496 3933 849 3988 aﬁ‘ectiouum
883 3936 1099 3990 mentis.
1137 3934 1270 3989 Nam
1301 3937 1557 4005 baptizati
1586 3953 1779 3996 sumus
1811 3941 1866 3996 in
1899 3942 2108 4011 Spiritu
2132 3950 2324 3996 sancto
2357 3953 2410 3995 et
2434 3943 2577 4011 igne.
2603 3941 2914 4011 Siquidem,
2944 3951 3002 3996 ut
3031 3958 3273 4011 praemo-

108 4012 189 4099 tlui.
219 4016 294 4068 illa
333 4020 492 4074 herba
521 4021 703 4075 calida
743 4033 850 4076 est.
895 4023 1126 4088 Quidam
1166 4024 1388 4078 tradunt
1431 4025 1578 4078 ﬁlum
1618 4027 1749 4081 illud
1811 4045 2146 4098 purpureum
2193 4037 2247 4083 et
2278 4037 2591 4084 contortum
2625 4030 2940 4099 signiﬁcare
2970 4033 3171 4090 divinae
3216 4041 3274 4090 et

108 4097 297 4158 humanae
340 4117 540 4162 natura:
569 4108 626 4162 in
671 4109 892 4163 Christo
931 4111 1400 4180 conjunctionem.
1432 4111 1630 4167 Verum
1659 4115 1713 4168 in
1765 4097 1964 4170 occisa:
2019 4115 2254 4170 aviculae
2308 4124 2542 4170 mortem
2601 4097 2988 4185 baptizabatur
3036 4121 3159 4173 viva
3216 4128 3273 4174 et

108 4198 323 4254 superstes
363 4196 596 4249 avicula.
645 4196 913 4264 Aspersio
946 4208 1148 4261 autem,
1195 4214 1316 4268 quae
1343 4201 1545 4269 septies
1573 4200 1652 4261 ﬁt.
1690 4202 1967 4270 signiﬁcat
2006 4203 2448 4272 puriﬁcationem
2507 4218 2671 4273 quam
2710 4205 3116 4273 perfectissime
3146 4221 3272 4262 esse

108 4284 318 4338 peractam
348 4291 395 4335 et
429 4282 656 4336 ﬁnitam.
693 4281 853 4346 Nam,
887 4297 942 4338 ut
975 4285 1138 4339 habet
1169 4286 1474 4356 Scriptura,
1516 4305 1534 4340 ς
1571 4285 1671 4342 Ubi
1713 4290 2016 4344 abundavit
2066 4300 2376 4360 peccatum,
2415 4291 2488 4344 ibi
2516 4307 2682 4360 supra
2714 4292 2934 4345 modum
2968 4294 3270 4348 abundavit

107 4362 304 4451 gratia".
344 4385 361 4418 ι
397 4368 647 4424 Christus
701 4380 905 4432 autem,
952 4372 1044 4440 qui
1096 4381 1314 4428 nostros
1367 4375 1573 4429 abrasit
1615 4375 1864 4442 allectus,
1916 4386 2207 4448 reputatur
2245 4394 2427 4435 sermo
2467 4379 2622 4435 vivus
2651 4387 2706 4435 et
2767 4380 2994 4442 efﬁcax,
3044 4382 3137 4451 qui
3173 4397 3268 4436 ex-

108 4449 320 4540 actissime
342 4465 554 4522 peccata
593 4457 829 4511 abradit.
853 4457 907 4511 In
937 4459 1082 4514 hunc
1107 4461 1326 4515 modum
1351 4463 1641 4531 puritatem
1670 4464 2232 4534 adepti,admittitnur
2251 4466 2306 4520 in
2333 4476 2514 4520 castra
2542 4475 2878 4532 sanctorum,
2897 4477 2949 4520 et
2973 4449 3268 4524 introimua

111 4536 147 4583 in
169 4536 343 4592 domum
369 4543 473 4598 Dei.
504 4543 704 4598 Verum
734 4546 1096 4613 prohibemur
1121 4548 1300 4604 adhuc
1323 4550 1582 4618 snpernis
1607 4552 2008 4606 mansionibus.
2040 4552 2130 4606 liae
2160 4553 2306 4607 enim
2337 4569 2434 4608 ceu
2462 4569 2666 4608 munus
2687 4565 3039 4610 reservantur
3063 4559 3268 4610 sanctis

111 4620 360 4711 inlaturum
407 4632 689 4688 seculum.
729 4631 943 4702 Elapsis
973 4635 1242 4704 siquidem
1274 4646 1480 4706 septem
1533 4638 1749 4704 diebus,
1799 4640 1852 4694 id
1880 4649 1982 4705 est,
2017 4641 2173 4695 ﬁnito
2205 4643 2459 4711 praesenti
2495 4644 2718 4708 saeculo,
2762 4643 2815 4696 in
2845 4654 3069 4699 nostras
3097 4644 3262 4710 aedes,

111 4707 266 4766 scilicet
294 4715 342 4768 in
371 4731 600 4787 superna
626 4720 934 4775 habitacula
964 4724 1346 4792 migrabiinus,
1379 4737 1435 4780 et
1466 4725 1664 4796 singuli
1700 4741 1828 4782 suas
1867 4728 2169 4782 sortientur
2203 4707 2382 4784 sedes.

159 4835 217 4934 la
233 4857 346 4900 rem
362 4849 526 4914 lanea,
557 4861 650 4904 aut
671 4853 726 4906 in
754 4855 1068 4922 vestelinea,
1095 4866 1186 4909 aut
1216 4860 1590 4922 stamine,etc.
1613 4858 1872 4916 Pluribus
1905 4861 2194 4930 descripsit
2222 4860 2450 4930 li-pram,
2487 4876 2608 4932 quae
2634 4874 2967 4934 conspurcat
2987 4863 3262 4922 homines.

115 4920 164 4975 νε
182 4928 318 5026 altera
361 4936 520 5006 lepra,
544 4954 668 5006 qua:
699 4950 935 5010 occupat
971 4920 1272 4998 inanimata
1310 4920 1665 5015 paucioribus
1692 4955 1909 5001 tractat.
1959 4920 2244 5017 Siquidem
2273 4920 2573 5014 'bomines,
2605 4920 2794 5021 quam'
2814 4967 2903 5008 res
2951 4953 3265 5011 inanimatae

113 5018 238 5112 illisit
267 5018 360 5112 [ξεο
385 5039 522 5080 curae
557 5036 705 5083 sunt.
736 5030 1002 5084 Caeterum
1036 5047 1156 5100 quae
1186 5033 1478 5088 traduntur
1506 5036 1608 5090 hoc
1642 5037 1762 5090 loco
1793 5037 1862 5090 de
1884 5038 2055 5107 lepra,
2089 5053 2212 5107 quze
2244 5039 2582 5092 contaminat
2612 5018 2700 5096 res
2731 5041 3082 5104 inanimatae,
3107 5058 3262 5112 quasi

116 5100 186 5191 sub
212 5107 460 5178 enigmate
501 5116 738 5184 quodam
782 5129 1224 5172 comrnonstrant
1273 5121 1427 5184 vitia,
1465 5139 1586 5191 qua:
1625 5125 1955 5180 mortalibus
1997 5126 2268 5180 inhaerent
2293 5127 2401 5180 alte
2440 5126 2562 5182 ﬁxis
2591 5128 2893 5184 radicibus.
2929 5100 3165 5184 Proinde
3216 5136 3260 5184 si

115 5184 215 5285 Ples
236 5191 448 5254 ho"lines
483 5201 833 5256 fuerintviva
860 5220 999 5273 aqua
1033 5205 1240 5274 perfusi
1272 5217 1324 5261 et
1357 5209 1597 5272 Ittslt'uli,
1631 5221 1685 5266 et
1724 5213 1875 5265 color
1907 5215 2159 5283 corporis
2191 5215 2426 5269 vitiosus
2462 5230 2567 5269 non
2601 5218 2922 5281 recesserit,
2963 5233 3260 5285 argumcn~

221 5286 306 5369 .esl,
327 5296 498 5340 eorum
527 5290 788 5342 malitiam
823 5305 1049 5358 prorsus
1081 5307 1204 5345 esse
1231 5291 1646 5362 deplorandam.
1677 5297 1880 5352 llorum
1911 5302 1977 5354 de
2016 5317 2176 5370 grege
2207 5310 2372 5365 sunt,
2396 5304 2488 5372 qui
2527 5303 2827 5358 abluuntur
2850 5318 3008 5356 sacro
3038 5305 3255 5356 lavacro

121 5357 466 5460 Ehﬁlonftnqrte
507 5377 687 5431 verbis
731 5378 1012 5442 simulant,
1048 5388 1106 5432 ut
1151 5381 1360 5449 majore
1400 5397 1524 5436 cum
1558 5384 1711 5440 lucro
1741 5389 1792 5439 in
1825 5399 2005 5458 ccepta
2038 5391 2243 5444 malitia
2278 5393 2570 5460 persistere
2628 5401 2851 5460 queant.
2887 5389 3152 5459 Exemplo
3187 5393 3260 5445 sit

122 5437 261 5548 ἓξωοιι
293 5455 478 5548 uagus,
507 5467 598 5534 qui
633 5466 811 5520 adhuc
858 5468 1212 5524 detinebatur
1239 5469 1362 5525 felle
1392 5473 1802 5536 amaritudinis,
1831 5483 1887 5528 et
1917 5437 1977 5530 in
2009 5437 2354 5548 colligatiolue
2385 5437 2692 5545 injustiti;
2720 5476 2882 5531 Tales
2911 5437 3266 5533 reservantur

123 5539 274 5592 ειεωο
313 5547 483 5615 exitio,
551 5552 641 5607 ubi
711 5557 930 5610 aeternis
992 5556 1397 5612 divexabuntur
1464 5559 1723 5618 flammis.
1773 5564 1892 5620 Non
1935 5539 2334 5636 autemvprius
2389 5581 2476 5619 res
2538 5566 2877 5630 inanimata,
2913 5580 3051 5637 quas
3113 5565 3262 5637 lepra

175 5707 388 5786 “Amos,
425 5691 496 5792 in,
529 5729 612 5785 12.
689 5731 734 5762 ⁸⁸
778 5730 968 5787 tPetr.
1006 5747 1086 5797 ιιι,
1127 5734 1210 5788 l8.
1288 5735 1333 5766 “
1376 5734 1522 5790 Psal.
1577 5752 1664 5801 xv,

1315 5735 1333 5765 '
1376 5734 1522 5790 Psal.
1577 5752 1664 5801 xv,
1717 5737 1818 5803 l0;
1895 5740 2019 5793 Aet.
2057 5755 2176 5796 xm.
2209 5739 2296 5792 55.
2374 5738 2418 5769 "
2460 5737 2615 5792 Rom.
2655 5755 2706 5801 v,
2746 5739 2836 5796 20.
