4038 6500
564 356 676 423 ’743
1854 355 2159 416 PROCOP]

2244 355 2488 416 GAZ/El
3700 359 3807 429 ’ΝΕ

568 467 839 530 infecerit,
896 474 1340 531 concremautttr,
1400 481 1564 537 quam
1638 472 1763 535 post
1827 465 2106 529 lavacrum
2171 465 2385 520 alienus
2439 463 2597 519 color
2665 462 2881 518 abierit.
2943 463 3175 519 Alienus
3238 468 3396 523 color
3449 471 3805 531 existimatur

568 554 806 608 sublatio
848 554 1062 607 illarum
1098 568 1306 617 rerum,
1356 568 1479 624 quas
1545 553 1803 607 videntur
1858 552 2030 607 fuisse
2074 567 2255 607 causa!
2305 551 2515 621 peccati
2547 550 2662 605 sive
2724 550 2967 605 malitiae.
3007 550 3069 605 Si
3129 557 3286 610 locus
3319 567 3611 627 postquam
3659 562 3805 619 lotus

568 641 733 694 fuerit
757 640 1022 709 aequalem
1056 640 1345 693 retinuerit
1376 640 1747 710 superficiem.
1775 639 2238 708 quemadmodum
2275 639 2541 708 scriptum
2589 646 2675 694 est
2707 658 2719 693 :
2751 657 2767 689 ι
2809 637 3037 693 Frustra
3076 644 3325 709 percussi
3382 648 3680 715 prophetas
3708 666 3803 704 ve-

568 736 738 791 stros,
789 726 1137 796 disciplinam
1168 742 1277 781 non
1308 727 1617 797 recepistis,
1649 735 1779 789 etc.,
1828 726 1970 796 ignis
2006 725 2211 779 furoris
2240 725 2456 779 Domini
2495 724 2852 778 inflammabit
2880 736 2932 780 et
2978 737 3267 782 consumet
3296 730 3643 787 adversarios
3671 734 3739 787 εδ.
3778 754 3798 785 ο

566 815 698 880 Qua:
727 830 852 869 vero
874 823 1161 883 postquam
1193 814 1379 867 abluta
1415 812 1640 878 fuerint,
1679 829 1813 883 pura
1845 812 2246 882 apparuerint,
2285 812 2484 867 iterum
2510 813 2766 865 lavantur
2792 821 2850 866 ut
2882 813 3098 867 illorum
3133 816 3347 883 puritas
3379 821 3677 889 conspicua
3708 824 3802 886 sit,

568 902 780 955 scilicet
804 900 931 954 dttm
957 901 1163 954 malitia
1189 901 1442 970 pietatem
1470 900 1714 964 simulat,
1735 900 1861 953 dum
1885 900 2098 954 videtur
2118 901 2276 969 sequi
2298 900 2511 969 eadem,
2532 916 2653 970 qua:
2677 916 2802 967 nos,
2826 902 2951 956 vitae
2983 903 3257 957 instituta.
3283 903 3446 960 Tales
3468 918 3645 969 erant,
3665 926 3805 979 quos

567 988 770 1045 Paulus
804 990 883 1043 sic
913 989 1151 1058 appellat
1182 1005 1194 1042 :
1236 1005 1253 1039 r
1290 985 1474 1041 Filioli
1529 987 1656 1054 mei,
1681 1002 1820 1056 quos
1860 988 2059 1041 iterum
2094 988 2363 1056 parturio,
2399 987 2575 1042 donec
2604 987 2765 1059 353
2799 988 3060 1044 Christus
3086 989 3357 1047 formetur
3400 994 3456 1049 in
3494 995 3648 1049 vobis
3673 997 3739 1049 ".
3781 1018 3799 1048 ι

640 1117 705 1171 Et
727 1115 867 1170 dabo
896 1117 1109 1187 plagam
1160 1116 1318 1184 leprre
1350 1119 1403 1170 in
1444 1117 1690 1185 aediﬁciis
1723 1126 1897 1179 terrw,
1938 1124 2044 1171 etc.
2084 1115 2202 1170 Sub
2246 1116 2331 1172 his
2379 1116 2699 1171 indicantur
2735 1131 2820 1181 ea,
2850 1133 2972 1186 quae
3005 1133 3109 1173 usu
3161 1130 3429 1175 venerunt
3458 1130 3513 1176 et
3543 1131 3805 1180 eventura

567 1216 731 1259 erunt
766 1205 1067 1276 Synagogae
1097 1203 1437 1260 Judaeorum.
1473 1204 1649 1276 Lepra
1674 1206 2004 1261 dehortatur
2032 1222 2154 1269 nos,
2194 1220 2266 1259 ne
2304 1205 2554 1259 sinamus
2597 1204 2730 1257 vitia
2767 1214 2940 1258 totttm
2975 1221 3253 1277 occupare
3286 1211 3553 1263 animum.
3592 1212 3648 1264 Si
3678 1227 3799 1281 paro

569 1294 737 1346 ticula
788 1293 954 1363 leprae
998 1294 1307 1347 membrum
1360 1294 1721 1363 corripuerit,
1776 1292 2016 1349 sollicite
2049 1296 2318 1363 agendum
2351 1308 2417 1345 ne
2464 1292 2790 1357 invalescat,
2842 1303 2895 1347 et
2922 1303 3094 1347 totum
3131 1297 3534 1365 complectatur
3578 1314 3802 1370 corpus.

569 1380 856 1457 Siquidem
907 1381 1150 1450 reperire
1202 1390 1288 1434 est
1331 1380 1607 1435 interdum
1655 1380 1922 1447 animum,
1958 1381 2053 1451 qui
2100 1380 2390 1450 utriusque
2422 1387 2528 1432 tam
2561 1379 2748 1449 leprm,
2789 1396 2954 1450 quam
2982 1384 3239 1439 sanitatis
3276 1391 3555 1456 particeps
3582 1399 3683 1443 est.
3721 1390 3807 1444 ln-

571 1468 785 1521 terdum
822 1474 934 1521 tota
977 1468 1111 1522 urbs
1144 1475 1237 1519 aut
1276 1466 1430 1519 natio
1460 1468 1539 1521 sic
1576 1465 1769 1521 affecta
1802 1473 1907 1528 est,
1941 1477 1999 1520 ut
2042 1468 2239 1537 partim
2289 1469 2361 1522 sit
2397 1482 2555 1532 sana,
2589 1468 2789 1537 partim
2826 1470 3266 1538 perniciosorum
3296 1471 3614 1541 dogtnatum
3653 1479 3802 1547 lepra

569 1554 793 1620 fmdata,
842 1554 1004 1623 cujus
1058 1554 1137 1609 rei
1187 1564 1578 1624 argumentum
1611 1562 1719 1617 est,
1761 1553 1906 1622 quod
1940 1553 2028 1608 hic
2080 1556 2327 1624 ponitur,
2366 1556 2574 1610 domus.
2629 1555 2685 1609 In
2738 1556 2887 1611 hunc
2937 1559 3158 1612 modum
3195 1559 3529 1617 offendimus
3556 1564 3802 1620 affectam

565 1642 882 1697 Judaaorum
919 1642 1288 1713 Synagogam,
1322 1642 1389 1696 de
1446 1657 1554 1710 qua
1602 1642 1852 1696 Sananda
1892 1644 2181 1697 clamitant
2240 1644 2521 1713 prophetae
2558 1652 2690 1698 ante
2721 1644 2930 1699 Christi
2965 1645 3405 1702 incarnationem
3435 1663 3805 1720 exposcentes

566 1732 818 1784 divinum
864 1729 1189 1793 remedium,
1238 1729 1380 1782 inter
1433 1743 1571 1797 quos
1601 1736 1656 1782 et
1686 1726 1959 1783 Jcremias
1999 1731 2051 1782 iu
2095 1732 2208 1784 haec
2240 1732 2404 1784 verba
2453 1730 2695 1799 linguam
2741 1733 2965 1786 resolvit
2998 1749 3013 1786 :
3047 1751 3065 1784 ι
3108 1731 3165 1787 Si
3215 1746 3443 1803 peccata
3482 1747 3673 1792 nostra
3709 1757 3801 1794 re-

567 1819 831 1872 stiterunt
854 1817 1036 1879 nobis,
1069 1815 1318 1879 Domine,
1354 1816 1437 1869 fac
1464 1815 1625 1869 nobis
1663 1823 1889 1885 propter
1918 1832 2121 1871 nomen
2163 1818 2386 1871 tuum"
2418 1834 2431 1870 :
2470 1836 2487 1868 ›
2534 1826 2640 1872 etc.
2676 1817 2741 1871 Et
2769 1819 2964 1872 iterum
3005 1820 3147 1874 idem
3182 1825 3447 1892 propheta
3477 1829 3802 1893 exclamat,

573 1925 591 1956 ι
632 1905 728 1961 Hei
767 1905 924 1969 tuihi,
963 1920 995 1957 ο
1030 1905 1234 1960 anima.
1274 1905 1409 1969 Quia
1444 1904 1605 1973 periit
1633 1903 1822 1972 justus
1868 1904 1936 1959 de
1970 1915 2137 1967 terra,
2168 1919 2268 1958 nec
2300 1914 2385 1960 est
2416 1906 2509 1975 qui
2540 1906 2741 1960 bonum
2766 1916 3028 1975 operetur
3065 1908 3212 1963 inter
3243 1913 3508 1968 mortales
3531 1914 3601 1969 “.
3640 1934 3658 1966 ι
3699 1914 3806 1969 Sa-

566 1992 768 2048 cerdos
818 1993 976 2062 jubet
1039 1999 1096 2044 ut
1148 1992 1217 2055 is,
1256 1994 1351 2060 qui
1387 2007 1677 2059 possessor
1724 2001 1834 2054 est,
1868 1993 2053 2046 omnia
2089 1993 2455 2047 instrumenta
2493 2003 2547 2047 et
2591 1994 2997 2063 suppellectilia
3027 1995 3228 2050 aedium
3268 2008 3564 2067 exportet:
3596 2014 3650 2057 et
3683 2011 3801 2057 tum

565 2079 788 2132 demum
822 2077 1138 2145 ingreditur
1194 2079 1247 2130 iu
1298 2077 1549 2139 domum,
1587 2086 1648 2130 ut
1679 2076 1803 2145 ejus
1840 2077 2154 2132 consideret
2190 2087 2244 2132 et
2266 2080 2566 2148 perspiciat
2594 2082 2812 2136 vitium.
2850 2079 2983 2135 Nam
3023 2081 3117 2138 Dei
3158 2085 3404 2142 visitatio
3438 2088 3711 2144 terribilis
3746 2100 3802 2145 et

566 2164 933 2220 formidolosa
972 2173 1078 2219 est.
1132 2163 1375 2218 Proinde
1409 2165 1643 2234 imperat
1674 2164 1817 2220 Deus
1858 2174 1918 2218 ut
1947 2166 2344 2235 amplectamur
2382 2183 2445 2220 ex
2479 2171 2665 2220 animo
2690 2168 3103 2236 purificationes
3132 2186 3160 2223 a
3191 2174 3417 2239 morbis,
3450 2184 3504 2229 et
3542 2179 3804 2231 vacuefa-

564 2255 828 2318 ctionem,
863 2269 986 2323 qua:
1012 2252 1284 2323 contingit
1320 2252 1449 2306 dum
1476 2254 1616 2307 mala
1650 2268 1805 2316 vasa,
1857 2253 1909 2306 id
1942 2264 2047 2316 est,
2097 2255 2268 2308 malas
2301 2263 2353 2309 et
2388 2254 2586 2323 impias
2625 2255 2872 2309 rationes
2915 2257 3263 2327 abegerimus
3296 2276 3362 2315 ex
3389 2263 3598 2328 animo,
3637 2273 3693 2319 et
3721 2268 3803 2320 sic

566 2352 950 2412 exspectemus
981 2340 1173 2406 Deum,
1206 2342 1297 2410 qui
1330 2342 1464 2395 olim
1500 2356 1588 2395 res
1636 2350 1859 2395 nostras
1907 2341 2072 2394 altius
2099 2342 2496 2396 considerabit.
2537 2342 2615 2396 [ta
2660 2358 2719 2396 se
2748 2357 2860 2397 rem
2889 2342 3096 2399 habere
3124 2353 3365 2402 testatur
3395 2350 3529 2405 illud
3563 2354 3805 2422 prophe-

566 2432 736 2483 ticum
771 2445 785 2481 :
825 2448 843 2481 r
882 2429 955 2483 Ut
988 2429 1138 2483 laves
1196 2443 1226 2481 a
1281 2428 1492 2481 malitia
1555 2442 1650 2481 cor
1694 2435 1869 2492 tuum,
1919 2426 2247 2494 Jerusalem,
2285 2439 2343 2483 ut
2372 2430 2626 2483 salveris.
2674 2431 2975 2501 Quousque
3030 2442 3195 2487 erunt
3227 2436 3281 2489 in
3328 2445 3380 2490 te
3422 2440 3795 2505 cogitationes

568 2519 818 2572 laborum
874 2527 1094 2571 tuorum
1122 2516 1209 2569 "‘2
1253 2535 1271 2568 ι
1313 2517 1571 2569 nimirutn
1604 2531 1805 2583 causa,
1851 2532 1989 2586 quas
2039 2524 2305 2586 praetean
2360 2516 2690 2571 criminibus
2742 2520 2875 2585 tuis,
2910 2528 2963 2574 et
3002 2522 3086 2576 sic
3143 2522 3518 2594 subterfugias
3548 2542 3790 2597 poenam.

570 2604 843 2660 Sacerdos
899 2604 993 2658 ubi
1025 2604 1079 2658 in
1108 2604 1253 2658 aedes
1292 2603 1523 2657 vitiosas
1584 2603 1919 2669 iutroiverit,
1972 2618 2067 2657 eas
2114 2613 2367 2673 segregat
2422 2606 2602 2674 spatio
2635 2604 2849 2660 dierum
2886 2617 3117 2678 septem.
3152 2608 3286 2664 Nam
3342 2611 3489 2667 haud
3522 2614 3804 2672 immerito

569 2704 750 2746 movet
789 2691 1221 2762 indignationem
1247 2691 1504 2755 Domino,
1537 2691 1580 2745 si
1615 2691 1967 2758 constricetur
2001 2689 2182 2745 denuo
2218 2691 2446 2760 lepram,
2468 2707 2637 2760 quam
2677 2708 2775 2748 sua
2804 2694 3223 2764 longanimitate
3249 2710 3356 2753 tam
3385 2700 3477 2754 ditt
3522 2684 3799 2760 toler'avit.

567 2780 920 2850 Quapropter
986 2780 1033 2835 si
1084 2780 1226 2833 hanc
1266 2780 1468 2833 iterum
1521 2781 1897 2848 conspexerit,
1950 2781 2176 2833 domum
2232 2790 2506 2850 segregat.
2550 2779 2708 2846 Quod
2758 2796 2890 2837 vero
2935 2798 3335 2842 commemorat
3394 2789 3515 2846 dies
3562 2803 3800 2863 septem,

568 2870 829 2920 nimirum
884 2866 1127 2921 ostendit
1177 2880 1393 2936 pinnas,
1438 2880 1577 2935 quas
1629 2865 1828 2919 inﬂixit
1896 2866 2031 2932 illis,
2074 2866 2171 2936 qui
2218 2866 2567 2937 deliquerant
2619 2869 2789 2939 impie
2832 2870 2889 2924 in
2951 2871 3148 2940 legent.
3190 2874 3328 2929 Nam
3378 2892 3557 2947 paenae
3614 2898 3806 2939 seno.

567 2954 699 3008 fecit
752 2953 895 3009 Deus
921 2953 1143 3009 Judazos
1185 2954 1254 3008 ad
1308 2968 1484 3008 annos
1512 2969 1688 3022 usque
1723 2954 2097 3025 septuaginta,
2123 2964 2451 3024 computans
2489 2971 2661 3010 unum
2687 2955 2832 3011 diem
2859 2972 2959 3027 pro
2996 2958 3188 3015 decem
3222 2963 3408 3029 annis,
3441 2969 3805 3035 quemadmo~

566 3043 697 3096 dum
731 3041 797 3093 ad
826 3040 1167 3096 Ezechieletn
1196 3041 1399 3095 dicitur
1432 3059 1445 3095 :
1479 3059 1497 3093 ι
1542 3042 1691 3097 Diem
1728 3057 1827 3111 pio
1858 3057 2004 3096 anno
2042 3043 2304 3097 constitui
2343 3043 2439 3095 tibi
2467 3043 2532 3096 “.
2567 3062 2586 3095 ι
2632 3042 2807 3097 Etiam
2842 3045 2895 3098 itt
2937 3045 3203 3102 Zacharia
3250 3054 3504 3122 proponit
3535 3065 3589 3109 et
3621 3057 3806 3112 deter-

566 3129 743 3183 minat
775 3134 993 3199 tempus
1048 3128 1302 3196 angelus,
1363 3129 1593 3198 loquens
1659 3128 1713 3182 in
1759 3128 1907 3182 hunc
1941 3128 2204 3184 modum:
2240 3148 2259 3181 ς
2301 3128 2533 3184 Domine
2584 3129 2923 3197 dominator,
2952 3150 3247 3207 quousque
3307 3156 3417 3194 non
3452 3142 3805 3201 misereberis

565 3216 889 3282 Jerusalem,
950 3225 1005 3271 et
1040 3216 1260 3270 urbium
1303 3214 1465 3281 Juda,
1498 3230 1637 3285 quas
1707 3216 1997 3288 neglexisti
2054 3217 2139 3272 his
2180 3219 2526 3289 septuaginta
2581 3221 2740 3276 annis
2769 3221 2854 3275 "‘I
2887 3241 2906 3274 ι
2948 3223 3150 3281 Deinde
3213 3228 3429 3286 infert:
3470 3251 3488 3284 r
3532 3233 3805 3292 Sacerdos

567 3312 875 3359 revertetur
927 3303 1017 3359 die
1061 3305 1318 3375 septimo,
1355 3323 1374 3356 ι
1407 3313 1516 3358 etc.
1547 3303 1823 3359 Caeterum
1886 3305 1992 3359 hoc
2040 3305 2163 3359 loco
2222 3315 2382 3360 vocat
2430 3307 2741 3363 sacerdotis
2770 3310 3014 3365 reditum
3054 3312 3144 3369 Dei
3181 3315 3648 3384 misericordiam,
3687 3339 3798 3394 qua

564 3400 749 3447 motus
778 3392 919 3447 redit
946 3391 1015 3445 ad
1050 3399 1266 3462 gentem
1308 3406 1464 3446 suam
1521 3391 1677 3461 juxta
1713 3391 1848 3446 illttd
1898 3391 2180 3463 pr0pheta:
2228 3413 2243 3448 :
2292 3412 2310 3444 ι
2348 3394 2614 3449 Revertar
2647 3395 2715 3450 ad
2746 3394 3053 3454 Jerusalem
3112 3402 3166 3455 in
3199 3391 3722 3475 commiseratione,
3748 3422 3805 3463 et

567 3479 767 3535 domus
799 3495 919 3534 mea
950 3480 1151 3534 iterum
1182 3479 1544 3535 aedificabitur
1573 3480 1639 3534 ’⁸.
1678 3499 1695 3531 ι
1733 3480 1796 3534 Ει
1839 3480 2038 3536 iterum
2074 3498 2089 3535 :
2126 3499 2146 3532 ι
2196 3480 2538 3536 Conversum
2587 3492 2675 3538 est
2713 3499 2809 3539 cor
2839 3500 3019 3541 meum
3070 3488 3125 3542 in
3174 3490 3301 3555 hoc,
3333 3496 3660 3550 conturbata
3717 3507 3806 3552 est

566 3566 893 3634 paenitentia
956 3580 1096 3628 mea,
1148 3580 1493 3635 nequaquam
1556 3567 1751 3621 faciam
1802 3568 2106 3623 secundum
2158 3567 2298 3622 iram
2355 3568 2560 3626 furoris
2619 3572 2698 3626 tui
2747 3574 2818 3628 ⁸⁸.
2863 3593 2881 3626 ι
2941 3573 3041 3631 Ubi
3074 3580 3339 3636 sacerdos
3397 3587 3805 3654 contemplatus

568 3655 757 3719 luerit,
792 3653 995 3723 inquit,
1046 3653 1250 3722 lepram
1306 3652 1561 3707 dilfusam
1592 3662 1648 3709 ct
1675 3668 1951 3723 sparsam,
1980 3653 2138 3723 jubet
2171 3656 2404 3724 lapides,
2458 3658 2514 3714 in
2561 3660 2769 3728 quibus
2798 3661 2964 3732 leprae
2994 3665 3185 3720 vitium
3238 3668 3480 3735 lueserit,
3532 3652 3700 3727 eximi
3749 3688 3803 3729 et

565 3742 693 3810 cjici
724 3760 737 3797 :
768 3742 935 3811 inque
964 3742 1163 3795 horum
1201 3742 1380 3795 locum
1433 3742 1574 3795 alios
1619 3742 1759 3797 bene
1791 3742 1990 3811 politos
2042 3742 2325 3798 substitui.
2375 3743 2512 3799 Nam
2558 3746 2650 3800 ubi
2682 3750 2851 3803 semel
2883 3754 3285 3819 prteteritorum
3339 3758 3665 3815 delictorum
3702 3764 3803 3816 im-

566 3830 966 3899 petraverimus
999 3829 1243 3891 veniam,
1294 3836 1348 3882 et
1396 3828 1542 3883 Deus
1588 3828 1714 3883 inde
1761 3829 2035 3884 invenerit
2086 3831 2140 3883 in
2180 3831 2343 3885 nobis
2388 3832 2547 3898 vitia,
2598 3842 2753 3890 certe
2784 3835 2922 3891 iram
2975 3855 3133 3895 suam
3173 3846 3412 3900 ostendit
3450 3848 3506 3901 in
3540 3850 3796 3903 vitiorum

565 3932 771 3978 causas
805 3935 819 3971 :
856 3932 958 3975 nec
999 3917 1052 3975 in
1086 3920 1275 3973 omnia
1304 3916 1582 3972 invehitur
1626 3917 1781 3978 vitia,
1814 3918 1909 3972 sed
1958 3926 2194 3972 conatur
2238 3916 2561 3973 exscindere
2592 3922 2719 3976 mali
2766 3926 3139 3982 occasionem.
3180 3928 3273 3984 Sic
3300 3933 3498 4002 priscis
3533 3938 3798 4006 tempori-

566 4008 695 4068 bus,
738 4020 861 4058 cum
924 4016 1112 4059 essent
1158 4003 1675 4074 pseudoprophelae,
1738 4005 2206 4074 loquerenturque
2250 4017 2359 4055 non
2400 4003 2641 4074 impulsu
2679 4005 2944 4077 Spiritus,
2973 4013 3069 4067 sed
3124 4030 3303 4082 pravae
3351 4022 3554 4074 tuentis
3610 4003 3797 4091 perciti

562 4088 889 4152 dictamine,
921 4087 1078 4157 jubet
1110 4088 1233 4141 illos
1274 4088 1440 4155 abjici
1472 4104 1486 4153 ;
1534 4101 1642 4157 qua
1694 4101 1754 4141 re
1778 4087 2021 4141 declarat
2061 4090 2498 4156 segregationetn
2548 4103 2642 4149 aut
2678 4103 2847 4151 totam
2891 4098 3282 4168 abjectionem,
3319 4107 3575 4160 utetiam
3609 4087 3676 4162 de
3706 4107 3794 4163 Je-

561 4175 765 4229 chonia
802 4173 945 4228 Deus
971 4173 1143 4228 dicit:
1186 4192 1204 4224 r
1241 4171 1436 4236 Terra,
1468 4181 1636 4236 terra,
1672 4171 1804 4225 audi
1833 4187 2145 4227 sermonem
2178 4175 2418 4231 Domini.
2450 4178 2643 4234 Scribe
2675 4183 2854 4238 virum
2879 4184 3029 4239 hunc
3055 4187 3390 4258 abdicatum,
3426 4194 3510 4248 vel
3554 4198 3797 4265 proscri.

564 4271 717 4334 ptum
745 4261 813 4315 ".
855 4280 874 4314 ›
911 4259 989 4313 De
1041 4259 1327 4330 prophetis
1367 4259 1520 4314 falsis
1562 4260 1616 4312 in
1674 4259 1822 4312 hunc
1851 4259 2072 4313 modum
2122 4264 2521 4321 concionatur:
2563 4286 2581 4319 ι
2626 4267 2929 4341 Propterea
2970 4274 3174 4329 abstuli
3224 4280 3530 4350 prophetas
3554 4259 3794 4347 vestros,

562 4356 621 4403 et
655 4347 907 4404 interfeci
941 4363 1036 4402 eos
1067 4347 1251 4401 verbis
1277 4346 1393 4399 oris
1424 4345 1528 4399 mei
1559 4344 1629 4401 ⁸⁸.
1665 4363 1683 4396 ι
1725 4344 1793 4398 Ει
1832 4345 2067 4403 iterum:
2108 4366 2126 4400 ι
2162 4349 2517 4423 Quapropter
2546 4356 2717 4411 duces
2746 4360 2935 4428 populi
2971 4362 3075 4415 mei
3113 4344 3407 4431 ejicientur
3441 4384 3508 4423 ex
3544 4344 3796 4426 domibus

566 4439 809 4506 ipsorum
855 4436 998 4489 mala
1046 4434 1113 4487 ’³.
1153 4452 1171 4484 ι
1230 4432 1433 4487 Verum
1489 4432 1582 4486 alii
1610 4432 2047 4527 substituuntur.
2082 4435 2135 4488 iu
2183 4437 2365 4491 locum
2423 4440 2667 4504 illorum.
2700 4444 2803 4512 qui
2837 4446 3050 4502 fuerint
3097 4453 3357 4519 expulsi:
3415 4470 3539 4524 quae
3580 4460 3795 4527 quidem

564 4524 749 4579 omnia
780 4524 892 4593 agit
929 4522 1094 4586 Deus,
1129 4522 1223 4592 qui
1264 4522 1319 4574 in
1355 4521 1536 4575 locum
1574 4518 1739 4587 ejecti
1777 4529 1889 4572 tum
1936 4519 2083 4590 regis
2134 4531 2247 4576 tum
2294 4527 2576 4596 prophetae
2611 4530 2779 4591 alium
2822 4534 3100 4589 submittit
3131 4518 3244 4592 tum
3286 4518 3469 4610 regem
3509 4518 3635 4598 cum
3676 4559 3794 4613 pro-

562 4612 807 4683 phetam,
858 4619 917 4663 ιιι
951 4618 1103 4679 patet
1150 4625 1219 4663 ex
1274 4607 1562 4678 prophetia
1618 4607 1772 4665 Isaia:
1808 4606 1848 4670 ‘,
1896 4607 1989 4698 qui
2027 4609 2293 4665 describit
2319 4615 2487 4687 355,
2517 4619 2707 4675 multis
2753 4637 2866 4691 quo
2899 4633 3063 4694 pacto
3098 4643 3197 4681 sua
3239 4606 3536 4698 dignitate,
3572 4606 3792 4695 honore,

560 4699 850 4767 ollicioque
884 4706 1086 4755 exutus
1126 4697 1201 4752 sit
1237 4697 1422 4751 Sobna
1476 4706 1721 4764 quaestor
1774 4696 2005 4750 aerarius
2036 4712 2049 4749 :
2089 4703 2144 4752 et
2175 4702 2454 4768 quomodo
2502 4703 2555 4757 in
2598 4704 2767 4774 hujus
2802 4707 2980 4762 locum
3013 4696 3351 4783 subrogatus
3388 4716 3464 4770 sit
3500 4716 3702 4772 Ilelkite
3735 4719 3793 4771 fi-

562 4786 669 4841 lius
703 4784 996 4849 Heliakim,
1044 4800 1208 4854 quem
1262 4791 1473 4849 patrem
1523 4781 1646 4836 fore
1699 4782 2074 4838 incolentibus
2122 4783 2430 4841 Jerusalem
2472 4792 2828 4849 vaticinatur.
2861 4796 3026 4851 Jubet
3066 4781 3295 4865 deinde,
3339 4803 3537 4856 utalia
3575 4806 3790 4858 materia

561 4873 846 4927 oblinatur
873 4874 1090 4939 domus,
1146 4881 1255 4927 etc.
1302 4869 1466 4925 Tales
1513 4877 1648 4923 sunt
1694 4871 1997 4940 prophetae,
2051 4872 2144 4941 qui
2180 4873 2492 4930 oblinentes
2535 4892 2655 4942 eos,
2694 4881 2789 4950 qui
2821 4896 3278 4941 commeruerunt
3303 4905 3530 4959 gravem
3563 4896 3787 4959 culpam,

563 4960 918 5017 sermonibus
953 4960 1345 5015 adhortatoriis
1381 4965 1595 5011 tantum
1629 4956 1935 5026 profecere,
1976 4965 2035 5011 ut
2064 4969 2388 5027 peccatores
2432 4969 2498 5017 ad
2536 4968 2918 5036 paenitentiam
2954 4974 3116 5042 pleno
3157 4956 3328 5045 gradu
3374 4956 3787 5042 contenderent,

562 5049 784 5115 Deoque
814 5063 875 5103 se
913 5050 1322 5103 committerent
1356 5053 1525 5100 totos.
1579 5044 1733 5100 Talis
1766 5052 1852 5100 est
1895 5047 2012 5099 haec
2052 5049 2378 5118 prophetica
2428 5053 2744 5110 adhortatio
2778 5075 2791 5111 :
2831 5076 2850 5109 r
2910 5044 3196 5129 Exquirite
3225 5063 3429 5117 bonum
3461 5075 3517 5120 et
3550 5083 3655 5121 non
3687 5082 3791 5120 ma-

562 5136 696 5197 lum,
727 5143 787 5189 ut
814 5134 1037 5191 vivatis.
1070 5135 1139 5190 Et
1194 5134 1277 5188 sic
1325 5134 1434 5188 erit
1490 5134 1779 5188 vobiscum
1834 5130 2102 5188 Dominus
2138 5134 2280 5191 Deus
2328 5136 2645 5195 dominator
2679 5143 2720 5196 '.
2777 5163 2796 5196 ι
2843 5143 2926 5210 Si,
2965 5146 3055 5200 ubi
3106 5153 3307 5205 mutati
3338 5149 3549 5208 fuerint
3583 5151 3784 5208 azdilirii

562 5223 798 5293 lapides.
832 5224 1032 5278 iterum
1070 5238 1130 5277 se
1155 5221 1445 5276 videndam
1494 5220 1757 5275 obtulerit
1808 5221 1958 5288 lepra
1989 5240 2000 5274 :
2033 5222 2181 5275 nulla
2229 5234 2484 5295 superest
2514 5244 2641 5299 spes
2670 5232 2892 5287 salutis.
2929 5233 3133 5288 Domus
3164 5236 3444 5304 diruatur,
3478 5250 3534 5293 et
3570 5240 3779 5293 materia

560 5311 746 5363 omnis
773 5311 892 5365 sive
934 5310 1138 5364 rudera
1186 5317 1551 5378 exportentur
1601 5306 1757 5367 urbe,
1801 5315 1857 5360 et
1907 5306 2245 5375 abjiciantur
2285 5314 2339 5365 itt
2384 5314 2563 5367 locum
2602 5316 2972 5381 immundum,
3020 5322 3113 5389 qui
3145 5323 3438 5381 ordinatus
3469 5338 3552 5381 est
3587 5332 3635 5381 in
3669 5328 3779 5387 hoc,

561 5406 621 5453 ut
652 5399 892 5470 excipiat
933 5399 1153 5470 impura
1193 5400 1283 5452 illa
1319 5395 1539 5451 rudera.
1576 5393 1875 5464 Postquam
1922 5396 2049 5449 ntali
2102 5396 2352 5453 homines
2397 5391 2453 5454 et
2496 5402 2793 5459 facium-osi
2834 5404 3037 5461 fuerint
3075 5427 3141 5466 ex
3176 5411 3342 5467 domo
3368 5413 3597 5484 dejetti,
3628 5428 3674 5469 ct
3702 5426 3781 5467 sa-

631 5602 903 5681 °1Jerem_.
943 5621 1003 5681 tt,
1032 5605 1121 5660 50.
1197 5604 1449 5681 ἥρωα-ιζ
1477 5605 1701 5681 tv,
1754 5604 1800 5636 ⁸ο
1827 5601 2034 5681 Jerﬁem.
2063 5608 2261 5681 xrv,A7.
2339 5614 2380 5643 ⁹¹
2413 5612 2612 5667 Jerem.
2652 5633 2766 5681 vttt,
2802 5616 2851 5672 ti.
2932 5618 2975 5648 ⁹²
3001 5616 3205 5671 Jercm.
3241 5637 3313 5680 tv,
3366 5622 3450 5677 14.
3527 5624 3569 5655 ’³
3597 5623 3776 5675 Ezech.

560 5690 616 5737 ν,
793 5674 1102 5759 "-Z‘mehar.
1145 5677 1323 5759 1,12.
1399 5675 1725 5759 "15.
1826 5672 2041 5759 9_‘.0see
2074 5693 2148 5741 xt,

2185 5677 2237 5732 8.
2275 5682 2326 5737 9.
2407 5686 2449 5716 ’⁷
2482 5684 2682 5741 Jetcm.
2718 5672 2851 5753 xxtt,
2887 5688 2975 5747 9.9.
3055 5689 3100 5720 ⁸⁸
3137 5672 3275 5747 Osee

561 5759 620 5811 ι,
672 5744 758 5801 l5.
839 5747 991 5803 'lsa.
1020 5763 1153 5810 xui,
1191 5747 1254 5799 15
1287 5762 1438 5815 seqq.
1517 5747 1536 5775 ’
1568 5745 1730 5801 Amos
1757 5760 1807 5807 v,
1847 5744 1934 5803 H.
