4038 6508
263 410 391 478 7:,5
1353 398 1892 463 COMMENTARII
1928 399 2008 458 1N
2052 398 2491 460 LEVITICUM.
3444 401 3547 463 7m

264 527 355 581 tis
387 538 668 594 superque
703 519 1109 592 prOphetarom
1149 517 1390 572 solantia
1430 516 1599 570 verba
1631 513 1988 577 audiverunt,
2035 510 2126 566 sed
2144 526 2271 565 cum
2309 518 2653 580 contemptu,
2690 509 2883 566 Judaei;
2916 512 3058 566 redit
3092 512 3549 568 consideraturos

267 630 438 670 suam
472 614 697 666 domum
731 608 1021 663 Dominus.
1053 604 1189 660 Nam
1216 605 1412 659 Sermo
1442 603 1765 658 incarnatus
1801 608 1857 652 ut
1910 597 2060 653 venit
2106 598 2160 652 in
2217 599 2506 663 mundum,
2563 606 2617 653 et
2650 601 3027 655 consideravit
3050 600 3362 656 Iudaeorum
3416 602 3550 673 Syn-

266 716 512 773 agogam
570 699 807 769 pristino
844 695 1175 765 implicitain
1236 693 1454 757 morbo,
1489 690 1629 762 legis
1657 689 1912 743 ordinem
1962 687 2263 752 destruxit,
2307 695 2523 757 gentem
2558 685 2880 741 Judzeorum
2918 687 2973 742 in
3010 703 3203 744 omnes
3231 689 3387 745 orbis
3425 699 3546 745 tra-

268 799 408 846 ctus
459 788 750 860 dispersit,
805 786 966 855 juxta
1005 783 1139 837 illud
1200 783 1528 853 pr0phetze:
1570 798 1588 831 ‹
1626 778 1947 847 Dispergam
2001 792 2097 833 eos
2128 777 2179 831 in
2239 790 2458 830 omnem
2509 785 2757 840 ventum,
2800 787 2895 830 aut
2940 778 3320 834 disseminabo
3353 794 3450 835 eos
3493 780 3545 835 in

266 892 476 932 omnes
508 885 701 947 gentes
728 875 802 927 ³.»
838 873 1107 928 Similiter
1137 870 1204 925 de
1236 870 1442 939 templo
1468 869 1549 924 sic
1583 866 1813 923 disserit
1848 865 2104 920 Salvator
2132 882 2146 920 :
2177 882 2194 915 ι
2226 862 2345 917 Νοιι
2385 864 2630 919 manebit
2667 864 2759 917 hic
2792 864 2933 934 lapis
2966 881 3132 936 super
3157 867 3418 938 lapidem,
3450 870 3546 939 qui

271 982 396 1021 non
470 966 801 1020 destruatur
860 961 903 1017 ⁸.
943 982 961 1014 ι
1014 991 1081 1000 -
1120 980 1138 1012 ι
1176 958 1303 1026 Qui,
1353 960 1450 1024 ait,
1500 956 1783 1011 introierit
1827 955 1882 1008 in
1945 953 2168 1007 domum
2224 965 2595 1023 segregatam,
2648 952 2896 1024 impurus
2936 955 3043 1009 erit
3104 972 3276 1026 usque
3327 956 3393 1010 ad
3452 974 3546 1013 ve-

269 1073 537 1127 speram;
598 1065 655 1111 et
710 1053 806 1125 qui
860 1052 914 1106 in
985 1052 1092 1106 hac
1138 1049 1389 1115 dormit,
1454 1047 1689 1127 latrabit.
1716 1045 2039 1100 vestimenta
2083 1058 2183 1097 sua
2211 1085 2223 1107 ,
2262 1052 2317 1098 et
2366 1044 2621 1113 impurus
2683 1044 2790 1098 erit
2822 1060 2997 1114 usque
3025 1046 3090 1100 ad
3132 1062 3458 1116 vesperam;
3492 1056 3547 1102 et

268 1154 378 1222 qui
414 1152 470 1206 in
515 1151 637 1222 ipsa
703 1148 836 1203 edit.
873 1166 891 1198 ι
930 1146 1032 1213 Qui
1064 1145 1211 1200 enim
1244 1161 1368 1198 cum
1402 1141 1629 1214 perﬁdis
1663 1148 1717 1194 et
1747 1138 1984 1208 alijectis
2011 1135 2218 1191 Judzeis
2250 1138 2305 1191 in
2336 1137 2595 1192 omnibus
2629 1138 2712 1192 vel
2743 1152 2852 1192 uno
2879 1138 3135 1207 dogmate
3178 1142 3546 1206 consenserit,

271 1242 327 1294 is
408 1256 518 1293 non
573 1239 790 1294 carebit
858 1233 1201 1306 impuritatis
1258 1234 1499 1293 macula,
1566 1228 1931 1298 eamdemque
1984 1228 2335 1282 hmreditabit
2396 1228 2795 1297 impuritatem.
2880 1244 2898 1277 ε
2963 1226 3069 1281 Sed
3136 1227 3180 1281 si
3236 1229 3546 1299 ingressus,

270 1328 491 1399 inquit,
526 1326 799 1381 invenerit
831 1326 1039 1392 lepram
1073 1329 1352 1382 curatam,
1410 1318 1607 1371 iterum
1642 1314 1929 1369 mundahit
1975 1315 2150 1382 illam,
2193 1336 2209 1367 ›
2247 1324 2356 1371 etc.
2380 1314 2696 1369 Judreorum
2734 1314 3005 1384 siquidem
3037 1314 3325 1385 Synagoga
3358 1331 3551 1387 repro-

272 1416 408 1469 bata
444 1424 670 1484 propter
722 1413 892 1481 impia
942 1410 1218 1471 facinora,
1274 1423 1398 1476 qum
1447 1406 1499 1461 in
1534 1402 1817 1459 Christum
1872 1405 2254 1470 commiserat,
2298 1413 2421 1473 post
2450 1403 2826 1470 impletionem
2863 1403 3134 1472 gentium,
3179 1410 3319 1458 teste
3353 1403 3546 1467 Paulo,

270 1504 334 1557 iu
374 1503 647 1572 integrum
682 1502 1007 1554 restituetur
1034 1515 1127 1567 per
1158 1497 1319 1551 ﬁdem
1366 1494 1489 1561 Dei,
1550 1493 1645 1564 qui
1678 1491 1862 1546 denuo
1910 1491 2087 1562 ipsam
2137 1507 2335 1560 magna
2374 1490 2754 1545 misericordia
2792 1491 3039 1545 visitabit
3075 1491 3130 1545 in
3166 1491 3412 1546 secundo
3447 1508 3549 1548 suo

270 1590 544 1653 adventu,
576 1588 742 1643 sicuti
785 1603 848 1641 ex
875 1586 978 1641 hoc
1008 1585 1313 1655 Scriptura:
1344 1583 1613 1638 vaticinio
1666 1582 1884 1636 elucet:
1925 1598 1944 1630 ι
1985 1578 2042 1632 In
2078 1579 2173 1632 illo
2212 1577 2322 1643 die,
2351 1578 2486 1632 dicit
2524 1577 2813 1644 Dominus,
2848 1579 3103 1651 colligam
3135 1581 3459 1647 contritam,
3497 1592 3550 1637 et

274 1679 546 1749 rejectam
600 1677 924 1745 suscipiam,
980 1685 1034 1729 et
1064 1690 1205 1745 quos
1258 1672 1438 1742 repuli
1478 1690 1491 1726 ε
1553 1683 1607 1726 et
1637 1683 1837 1741 ponam
1886 1668 2187 1722 contritam
2226 1668 2278 1721 in
2312 1667 2576 1737 reliquias
2601 1668 2643 1720 ⁸.
2686 1688 2703 1720 ι
2746 1668 2809 1721 Et
2844 1669 3086 1723 iterum:
3121 1686 3139 1719 ι
3178 1668 3318 1734 Quia
3350 1670 3550 1726 diebus

278 1766 479 1822 multis
506 1766 776 1820 sedebunt
807 1765 900 1817 titii
953 1763 1147 1827 Israel,
1181 1763 1391 1831 absque
1433 1776 1582 1832 rege,
1634 1760 1848 1827 absque
1881 1758 2232 1827 magistratu,
2286 1758 2497 1828 absque
2533 1758 2840 1823 sacriﬁcio,
2870 1759 3080 1830 absque
3112 1762 3299 1824 altari,
3334 1762 3551 1833 absque

281 1858 625 1919 sacerdotio,
668 1857 878 1925 absque
934 1854 1503 1909 manifestationibus.
1549 1852 1616 1906 Et
1658 1860 1850 1922 postea
1895 1857 2292 1904 convertentur
2339 1846 2435 1901 ﬁlii
2485 1846 2679 1913 Israel,
2713 1856 2767 1902 et
2810 1848 3221 1919 investigabunt
3252 1850 3547 1906 Dominum

281 1946 461 2000 Deum
500 1961 682 2008 suum,
711 1952 764 1997 et
796 1943 1055 1998 Davidem
1089 1958 1272 2013 regem
1311 1956 1498 2005 suum,
1534 1950 1587 1995 et
1634 1941 2033 2009 obstupescent
2081 1953 2249 2006 super
2282 1936 2539 2001 Domino,
2581 1947 2635 1992 et
2675 1953 2843 2008 super
2884 1940 3169 1994 beneﬁciis
3201 1940 3322 2010 ejus
3357 1941 3410 1996 in
3446 1957 3550 1997 no-

278 2036 518 2090 vissimo
552 2035 768 2088 dierum
808 2034 849 2086 ⁷.
886 2052 904 2084 ι
942 2032 1038 2087 IIis
1084 2032 1359 2103 expeditis
1402 2030 1613 2099 profert
1667 2031 1782 2093 illa,
1834 2029 2038 2099 quibus
2087 2027 2288 2080 domus
2321 2036 2634 2096 purgatur:
2669 2028 2759 2080 illa
2787 2043 3009 2097 quoque
3036 2028 3283 2083 adhibita
3320 2038 3452 2084 sunt
3495 2031 3547 2085 in

284 2124 506 2193 Ieproso
545 2121 857 2193 purgando,
897 2130 959 2174 ut
1000 2136 1172 2191 supra
1226 2120 1507 2175 dedimus.
1541 2117 1720 2173 Filum
1769 2131 2106 2189 purpureum
2161 2124 2216 2170 et
2260 2124 2578 2169 contortum
2619 2115 2897 2186 signiﬁcat
2930 2116 3079 2170 illam
3113 2118 3549 2184 confessionem,

281 2228 398 2283 qua
434 2211 763 2266 conﬁtemur
789 2219 844 2265 et
875 2211 1324 2265 demonstramus
1360 2225 1463 2264 nos
1494 2208 1611 2263 sola
1645 2214 1827 2263 morte
1858 2204 2171 2273 Salvatoris
2214 2206 2456 2260 salutem
2490 2204 2777 2276 indipisci.
2810 2204 2958 2260 Idem
2987 2206 3243 2261 innuitur
3269 2208 3323 2261 in
3356 2209 3550 2263 Canti-

280 2302 378 2355 cis
410 2300 751 2354 canticorum
808 2313 906 2369 per
955 2298 1071 2353 haec
1125 2297 1290 2351 verba
1326 2313 1337 2348 :
1413 2316 1430 2348 ι
1477 2295 1544 2352 Ut
1592 2304 1840 2367 spartum
1888 2310 2226 2365 purpureum
2280 2293 2425 2347 labia
2449 2300 2568 2355 tua,
2603 2308 2766 2348 soror
2796 2302 2849 2348 et
2884 2308 3091 2363 sponsa
3122 2310 3243 2349 mea
3274 2294 3318 2347 ⁸.
3358 2315 3376 2347 i
3412 2294 3548 2350 Nam

286 2387 553 2442 Ecclesiae
582 2386 727 2440 labia
762 2386 1141 2455 dupraedicant
1173 2378 1436 2446 salutem,
1471 2401 1594 2454 qua:
1629 2385 1794 2440 nobis
1843 2399 1941 2453 per
1970 2383 2298 2453 sanguinem
2345 2382 2562 2437 Christi
2612 2382 2857 2437 obvenit.
2900 2381 3125 2437 Christo
3158 2382 3262 2436 niti
3291 2384 3407 2437 vult
3443 2384 3547 2438 Ec-

277 2476 458 2530 clesia
497 2488 681 2528 veram
720 2471 845 2527 ﬁdei
902 2471 1342 2528 confessionem.
1397 2471 1490 2526 Sic
1525 2480 1579 2527 et
1622 2486 1781 2529 omna
1827 2472 2060 2544 mystica
2114 2471 2505 2541 complectitur
2556 2470 3042 2525 annuntiationem
3097 2472 3293 2527 mortis
3341 2471 3547 2528 Christi

278 2564 521 2633 ejusque
575 2562 1030 2619 resurrectionis.
1087 2562 1324 2632 Propter
1374 2561 1491 2616 haec
1541 2561 1651 2615 duo
1701 2560 2021 2618 accedimus
2054 2561 2122 2616 ad
2168 2570 2591 2617 sacrosanctum
2622 2560 2897 2631 baptisma
2930 2559 3162 2631 perfecti
3193 2569 3247 2617 et
3281 2576 3549 2618 consum-

282 2652 421 2706 mali
453 2651 724 2721 sanguine
763 2650 953 2705 aeterni
1001 2650 1344 2706 testamenti.
1392 2649 1667 2705 Caeterum
1705 2660 1960 2705 sanctum
2005 2649 2281 2720 baptisma
2327 2650 2463 2704 satis
2507 2648 2817 2719 explicatur
2846 2647 2917 2702 ab
2950 2647 3236 2704 Ezechiele
3260 2650 3547 2719 propheta,

278 2741 544 2796 dicente:
586 2760 604 2793 ι
637 2740 703 2794 Et
731 2741 998 2811 accipiam
1032 2738 1228 2797 vosex
1268 2741 1552 2811 gentibus,
1583 2749 1639 2794 et
1690 2740 2044 2810 congregabo
2093 2754 2192 2795 vos
2221 2755 2287 2793 ex
2321 2740 2481 2803 locis,
2517 2747 2571 2793 et
2596 2737 2875 2792 effundam
2912 2737 2965 2791 iu
2999 2728 3098 2809 vos
3133 2754 3331 2808 aquam
3367 2739 3549 2809 limpi-

279 2831 440 2894 dam,
464 2840 519 2885 et
545 2829 950 2884 mundabimini
978 2831 1019 2884 ’.
1055 2848 1074 2881 ι
1102 2860 1173 2870 -
1197 2847 1216 2881 ‹
1260 2830 1492 2883 Avicula
1529 2828 1811 2883 emittitur
1841 2837 1997 2882 extra
2045 2828 2260 2892 urbem,
2302 2846 2319 2877 ›
2354 2835 2461 2880 etc.
2490 2825 2760 2880 Nimirum
2807 2834 2962 2880 extra
3003 2826 3193 2881 orbem
3242 2836 3545 2886 terrarum.

281 2917 356 2974 Ut
395 2920 542 2973 enim
574 2918 708 2973 urbs
749 2919 911 2973 habet
939 2919 1113 2972 multa
1149 2918 1379 2971 aediﬁcia
1411 2956 1427 2982 ,
1488 2917 1570 2971 sic
1627 2915 1783 2970 orbis
1829 2915 2065 2985 plurima
2108 2915 2357 2969 continet
2406 2914 2692 2967 hominum
2720 2928 2949 2983 genera,
2977 2922 3032 2968 et
3064 2915 3226 2984 quasi
3254 2930 3415 2970 muro
3445 2932 3551 2971 un-

278 3007 459 3073 dique
499 3007 747 3060 ambitur
784 3008 1156 3061 ﬁrmamento.
1191 3004 1333 3061 IIoic
1363 3005 1584 3060 demum
1635 3002 1891 3058 succedit
1930 3003 2239 3057 latissimus
2269 3011 2322 3056 et
2353 3001 2685 3070 purissimus
2719 3002 2949 3071 superni
2981 3001 3172 3056 mundi
3200 3018 3457 3074 campus,
3491 3005 3548 3060 in

279 3112 451 3163 quem
497 3095 748 3149 introivit
796 3096 1077 3150 Christus.
1114 3094 1272 3160 Quod
1309 3108 1438 3149 vero
1474 3092 1715 3147 mundus
1756 3093 2069 3154 universus,
2123 3095 2339 3143 constet
2370 3088 2586 3141 duabus
2616 3088 2889 3155 partibus,
2931 3089 3152 3144 scilicet
3186 3090 3416 3153 visibili,
3457 3092 3547 3148 in-

280 3199 478 3251 quam,
516 3190 571 3236 et
608 3183 871 3238 invisibili
912 3184 1138 3245 mundo,
1172 3182 1490 3237 declaratur
1521 3197 1618 3252 per
1653 3181 1795 3236 duas
1842 3178 1967 3234 illas
1998 3176 2266 3231 aviculas.
2298 3175 2546 3231 Alterius
2578 3189 2747 3230 cruor
2774 3184 3183 3231 commonstrat
3209 3178 3372 3249 355
3390 3180 3542 3249 ejus,

280 3270 383 3340 qui
417 3287 620 3341 passus
650 3279 755 3336 est,
798 3273 1089 3341 templum.
1137 3271 1372 3341 Lignum
1417 3272 1706 3326 cedrinum
1764 3278 1935 3341 typus
1967 3272 2051 3322 est
2113 3265 2368 3334 corporis
2413 3263 2645 3329 Christi,
2692 3264 2839 3333 quod
2877 3266 3014 3319 nulli
3055 3268 3405 3336 corruptioni
3443 3268 3553 3331 obs

280 3359 519 3412 innxium
564 3368 671 3414 est.
717 3358 1001 3430 HySSOPIIS
1058 3360 1337 3428 signiﬁcat
1383 3359 1671 3429 spiritum.
1710 3357 1892 3411 Filum
1931 3355 2252 3411 coccineum
2302 3361 2663 3421 repraesentat
2690 3369 2877 3409 veram
2938 3353 3060 3409 ﬁdei
3111 3355 3545 3423 confessionem,

279 3464 411 3518 qure
444 3449 703 3502 innititur
742 3448 1002 3516 sanguini
1036 3447 1244 3501 Christi
1277 3462 1377 3516 pro
1408 3448 1569 3501 nobis
1604 3447 1749 3500 fuso.
1784 3447 1940 3500 Aona
1967 3446 2090 3497 viva
2130 3442 2445 3514 symbolum
2481 3450 2565 3497 est
2606 3442 2893 3513 baptismi.

372 3536 523 3599 Viro,
561 3540 647 3589 cui
696 3537 955 3605 contingit
987 3536 1169 3604 ﬂuxus
1199 3549 1264 3588 ea:
1290 3550 1529 3604 corpore,
1568 3544 1673 3589 etc.
1712 3532 1853 3606 μιν,
1886 3532 1967 3606 2].
2006 3534 2154 3588 Mens
2179 3532 2406 3595 etenim,
2461 3530 2507 3586 si
2550 3530 2734 3586 dedita
2770 3532 2844 3587 sit
2879 3532 3171 3591 inutilibus
3204 3536 3393 3605 rebus,
3427 3554 3550 3609 quae

283 3628 445 3680 nullo
480 3625 658 3680 studio
685 3626 864 3696 dignm
896 3628 1166 3689 feruntur,
1202 3624 1452 3693 profecto
1485 3624 1815 3687 absumitur,
1846 3632 1900 3678 et
1932 3623 1979 3677 si
2011 3637 2167 3679 suam
2207 3620 2584 3692 operationem
2611 3622 2876 3677 extendat
2905 3623 2973 3678 ad
3004 3639 3090 3690 ea,
3132 3642 3253 3696 quae
3285 3643 3394 3682 non
3448 3644 3551 3685 ne-

286 3716 536 3770 cessaria
564 3724 713 3773 sunt.
746 3724 801 3769 et
834 3714 1109 3784 prepriam
1156 3729 1313 3768 suam
1351 3715 1731 3784 operationem
1766 3711 2021 3783 negligit,
2055 3718 2205 3766 certe
2243 3710 2426 3764 nullos
2454 3721 2824 3779 consequetur
2854 3713 3049 3783 dignos
3085 3714 3316 3783 fructus,
3358 3731 3547 3770 verum

285 3819 520 3873 prorsus
562 3803 727 3857 rebus
760 3803 1133 3858 deterioribus
1193 3811 1483 3857 atteretur.
1516 3802 1650 3856 Nam
1694 3802 1888 3865 homo,
1921 3800 2039 3869 qui,
2084 3805 2224 3853 teste
2252 3796 2423 3851 Paulo
2461 3798 2526 3863 ⁸ο,
2559 3798 2815 3854 conditus
2844 3810 2931 3854 est
2968 3801 3035 3853 ad
3068 3817 3233 3871 opera
3280 3805 3417 3857 bona
3441 3843 3456 3868 ,
3501 3805 3557 3861 s'r

283 3892 405 3944 tunc
458 3891 769 3957 ohiniserit,
802 3900 857 3945 et
879 3890 1159 3946 diversum
1193 3900 1414 3945 secutus
1448 3890 1611 3945 fuerit
1642 3889 1858 3945 callem.
1893 3886 2270 3956 repuleritque
2296 3899 2483 3938 veram
2516 3885 2585 3940 de
2616 3886 2728 3941 Deo
2757 3888 3094 3954 Opinionem,
3149 3889 3261 3952 hic,
3299 3891 3548 3959 inquam',

288 3979 619 4049 planissime
649 3980 928 4034 exorbitat
957 3993 986 4033 a
1031 3994 1158 4033 vera
1200 3980 1490 4049 religione.
1532 3977 1771 4033 Proinde
1800 3976 2059 4031 vitandus
2079 3983 2184 4038 est,
2206 3990 2274 4029 ne
2305 3988 2404 4028 sua
2435 3974 2642 4027 malitia
2678 3974 2842 4029 etiam
2873 3991 2975 4032 nos
3006 3977 3233 4032 inliciat.
3270 3979 3549 4051 Scriptum

286 4080 528 4135 namque
560 4075 647 4122 est
680 4084 693 4119 :
733 4083 752 4118 ι
786 4067 887 4133 Qui
934 4068 1155 4138 attingit
1198 4069 1396 4136 picem,
1434 4066 1905 4122 contaminabitnr
1934 4064 2001 4118 υ.
2046 4082 2064 4115 ι
2114 4061 2385 4117 Praeterea
2417 4081 2432 4117 :
2470 4080 2489 4113 ε
2535 4062 2703 4117 Serva
2738 4064 2969 4134 teipsum
3015 4080 3234 4135 purum,
3268 4083 3370 4124 nec
3400 4084 3554 4125 com-

284 4156 659 4210 municaveris
709 4155 905 4210 alienis
968 4158 1210 4226 peccatis
1245 4157 1312 4212 ".
1373 4175 1391 4207 ι
1460 4154 1727 4211 Caeterum
1776 4154 1870 4209 illa
1926 4153 2111 4208 omnia
2162 4150 2478 4222 repurgabit
2517 4149 2799 4207 Christus.
2848 4151 2960 4207 Lex
3007 4153 3156 4208 enim
3187 4155 3406 4211 inﬁrma
3443 4166 3550 4226 est,

287 4257 391 4296 nec
425 4243 517 4295 illa
552 4244 744 4296 tollere
780 4243 897 4310 quit
927 4244 1193 4297 maculas.

358 4331 754 4401 Sipuriﬁcatus
775 4331 935 4399 fuerit
956 4332 1132 4399 is,qui
1155 4329 1363 4383 laborat
1394 4328 1655 4398 proﬂuvio
1689 4328 1925 4393 seminis,
1948 4328 2159 4399 (xI/luxu
2212 4345 2329 4394 suo,
2368 4335 2475 4385 etc.
2514 4327 2655 4400 μιν,
2685 4328 2797 4402 15].
2838 4329 2976 4387 Ecce
3007 4332 3203 4388 iterum
3240 4336 3552 4404 puriﬁcatio

286 4420 346 4472 fit
392 4419 707 4473 interventu
764 4433 919 4488 aqua;
951 4426 1003 4472 et
1035 4419 1343 4487 sanguinis.
1374 4418 1600 4485 Oportet
1632 4425 1815 4471 autem
1856 4431 1956 4471 nos
1992 4419 2045 4471 in
2079 4419 2224 4473 diem
2265 4419 2584 4486 septimum,
2612 4418 2667 4472 id
2698 4427 2803 4479 est,
2847 4433 2943 4488 per
2986 4435 3150 4477 omne
3188 4423 3315 4478 vitae
3353 4435 3552 4482 nostrae

287 4521 514 4580 tempus
558 4510 846 4579 repurgari
888 4523 917 4563 a
948 4510 1119 4563 vitiis.
1161 4508 1293 4562 Nam
1341 4507 1692 4575 septenarius
1735 4506 1893 4576 quasi
1940 4508 2064 4561 ﬁnis
2099 4517 2182 4561 est
2222 4507 2582 4562 revolutionis
2621 4516 2953 4575 temporum,
3019 4509 3109 4562 cui
3160 4512 3419 4567 succedet
3471 4532 3553 4568 re-

288 4598 663 4653 surrectionis
695 4606 929 4651 octavus
955 4597 1093 4661 dies,
1132 4598 1240 4649 imo
1264 4597 1582 4649 universum
1614 4602 1851 4663 tempus,
1886 4596 2030 4664 quod
2070 4604 2331 4665 sequetur
2362 4595 2821 4649 incarnationem;
2863 4595 2932 4647 At
2956 4593 3283 4652 Emmanuel
3314 4615 3412 4668 pro
3451 4618 3551 4655 no-

284 4686 370 4741 bis
416 4687 673 4739 nltimum
718 4685 985 4739 sustinuit
1022 4685 1383 4754 supplicium,
1418 4682 1937 4753 praeﬁguratusjam
1971 4684 2100 4737 olim
2138 4685 2189 4737 in
2221 4684 2336 4753 lege
2362 4682 2466 4738 sub
2499 4683 2679 4751 specie
2712 4683 2944 4737 turturis
2970 4691 3023 4739 et
3051 4685 3340 4741 columbae.
3374 4686 3552 4759 Hujus

290 4791 442 4828 mors
468 4791 637 4844 quam
655 4789 752 4844 pro
790 4775 948 4829 nobis
980 4773 1197 4828 miseris
1216 4772 1599 4841 peccatoribus
1617 4771 1775 4833 adiit,
1800 4772 1937 4825 mire
1956 4770 2289 4840 fragrantem
2310 4771 2533 4826 odorem
2551 4770 2888 4826 transfundit
2914 4772 2981 4826 ad
3002 4771 3218 4829 Patrem
3243 4777 3546 4833 caalesmm.

282 4863 638 4933 Quapropter
679 4865 850 4918 altera
884 4863 1003 4917 avis
1048 4861 1363 4916 caedebatur
1384 4876 1485 4931 pro
1520 4869 1772 4930 peccato,
1813 4860 1985 4914 altera
2015 4866 2128 4911 tota
2170 4857 2651 4921 concremabatnr,
2684 4866 2904 4912 utesset
2943 4859 3356 4916 holocaustum.
3390 4859 3548 4927 Quod

282 4965 416 5004 vero
451 4964 553 5018 pro
586 4960 809 5019 peccato
837 4950 996 5004 nobis
1025 4948 1183 5003 ﬁebat
1209 4949 1548 5017 propitiatio,
1586 4948 1723 5003 satis
1779 4947 2167 5003 manifestatur
2196 4945 2282 5000 bis
2313 4946 2536 4999 verbis:
2564 4965 2581 4996 ι
2609 4945 2671 4997 Ει
2700 4945 2941 5014 placabit
2971 4962 3071 5015 pro
3093 4962 3158 5001 eo
3190 4948 3473 5004 sacerdos.
3522 4971 3542 5003 ι

364 5040 481 5105 Vir,
516 5038 580 5093 de
607 5056 709 5109 quo
735 5039 1008 5108 egreditur
1065 5038 1327 5092 somniale
1355 5054 1551 5102 semen,
1584 5047 1691 5092 etc.
1728 5035 1869 5109 [IG].
1904 5036 2082 5106 Supra
2118 5051 2244 5090 cum
2280 5036 2445 5088 verba
2478 5034 2688 5088 faceret
2719 5033 2785 5087 de
2820 5034 3098 5104 proﬂuvio
3128 5037 3355 5093 seminis
3389 5040 3545 5109 geni-

280 5130 415 5182 talis
439 5170 455 5192 ,
493 5129 715 5198 longum
762 5134 815 5183 et
853 5128 1179 5181 continuum
1229 5127 1525 5197 descripsit
1585 5126 1863 5181 morbum.
1922 5125 2080 5180 Nunc
2113 5139 2247 5179 vero
2285 5123 2532 5192 disputat
2575 5124 2642 5176 de
2695 5124 2911 5187 morbo,
2949 5136 3111 5191 quem
3142 5124 3287 5194 parit
3318 5128 3546 5182 seminis

279 5217 650 5289 profluvium,
702 5218 1047 5287 particulari.
1108 5215 1223 5271 Hac
1270 5217 1325 5270 in
1373 5232 1434 5272 re
1496 5233 1606 5271 non
1660 5216 1879 5271 abludit
1906 5214 1977 5269 ab
2013 5213 2098 5267 his
2130 5212 2333 5277 Verbis,
2362 5226 2596 5280 quorum
2629 5210 2716 5264 hic
2750 5219 2908 5265 tenor
2938 5219 3061 5267 est:
3092 5230 3109 5263 α
3140 5212 3196 5267 Si
3235 5213 3361 5282 quis
3397 5216 3542 5269 enim

276 5315 459 5361 totam
517 5305 688 5375 legem
735 5312 1033 5361 exsecutus
1067 5304 1255 5372 fuerit,
1306 5311 1361 5359 et
1397 5304 1741 5359 aberraverit
1772 5306 1842 5359 ab
1876 5319 1980 5358 una
2004 5340 2019 5367 ,
2067 5302 2312 5355 omnium
2360 5298 2541 5354 factus
2571 5308 2653 5354 est
2686 5316 2813 5356 reus
2858 5302 2921 5356 ¹³.
2965 5320 2984 5355 ι
3031 5300 3136 5367 Qui
3170 5302 3314 5355 enim
3351 5303 3492 5357 dixit
3527 5323 3540 5359 :

280 5414 300 5446 ι
344 5394 472 5447 Non
504 5395 822 5449 committes
854 5394 1217 5459 adulterium,
1264 5413 1283 5445 ι
1324 5393 1469 5447 dixit
1501 5409 1768 5463 quoque:
1810 5412 1828 5444 ‹
1863 5392 1941 5447 Ne
1988 5391 2232 5446 occidas.
2269 5409 2287 5441 ι
2319 5388 2376 5443 Si
2424 5404 2531 5443 non
2566 5390 2893 5446 adulterium
2932 5393 3270 5458 committas.
3300 5400 3357 5448 at
3394 5395 3544 5450 occi-

275 5484 395 5545 dis,
435 5483 551 5553 jam
602 5482 738 5552 legis
790 5482 968 5537 factus
1012 5497 1071 5536 es
1117 5490 1518 5554 transgressor.
1579 5483 1778 5537 Verum
1826 5481 1880 5534 in
1923 5480 2144 5534 Christo
2180 5479 2479 5548 puritatem
2513 5481 2875 5548 consequitur
2905 5488 2958 5534 et
2995 5481 3108 5536 ille.
3166 5479 3272 5536 Sed
3323 5483 3542 5538 interim

276 5585 431 5641 aqua
484 5571 790 5640 rrquiritur
839 5569 906 5624 ad
962 5570 1259 5640 puritatem
1309 5570 1747 5641 adipiscendam.
1789 5569 1999 5623 Christi
2044 5581 2177 5621 vero
2218 5566 2489 5623 adventus
2526 5567 2682 5623 nobis
2708 5567 3045 5638 rprmdicitur
3076 5570 3180 5625 hoc
3219 5569 3374 5636 loco,
3410 5570 3541 5627 dum

354 5752 375 5783 ³
410 5749 611 5807 lercm.
646 5767 799 5813 ηις,
824 5753 913 5806 5‘2.
989 5750 1011 5783 ⁸
1036 5749 1230 5805 Matth.
1263 5768 1411 5815 xxiv,
1450 5750 1506 5804 ἓ.
1583 5751 1603 5781 ⁸
1629 5750 1789 5804 Rom.
1819 5765 1896 5812 χι,
1926 5747 1949 5801 Ξ

1946 5748 2019 5801 25.
2096 5749 2118 5780 ο
2148 5747 2316 5802 Mich.
2344 5764 2420 5807 iv,
2465 5746 2516 5801 7.
2595 5747 2614 5777 ⁷
2647 5743 2788 5815 Osee
2821 5761 2903 5806 ιιι,
2937 5744 3058 5799 4ο6.
3131 5746 3153 5778 ⁸
3181 5745 3340 5801 Cant.
3373 5761 3447 5813 Iv,
3487 5746 3541 5802 5.

278 5826 300 5856 ⁹
326 5824 535 5880 Ειεριι.
567 5839 757 5886 xxxvi,
795 5823 888 5877 25.
999 5825 1043 5855 "
1078 5821 1236 5876 Rom.
1283 5839 1322 5887 ι,
1373 5822 1438 5878 17
1467 5838 1623 5892 seqq.
1708 5822 1746 5852 “
1790 5820 1873 5877 Eoi

1708 5822 1746 5852 “
1790 5820 1958 5877 Eccli.
1996 5834 2117 5883 xm,
2158 5818 2211 5875 1.
2291 5820 2333 5851 ¹¹
2375 5816 2563 5873 ITim.
2596 5833 2623 5871 v
2648 5855 2663 5881 ,
2699 5814 2791 5871 ‘22.
2873 5815 3052 5871 “Jac.
3088 5832 3147 5882 Il,
3180 5815 3264 5873 10.

561 5921 836 5983 .I’A'rnsL.
868 5920 984 5981 Gn.
1019 5919 1367 5981 LXXXVII.
2155 5946 2171 5953 -ν
3042 5913 3117 5972 Ωᾷ
