3864 6496
600 359 702 426 747
1916 356 2275 418 PROCOPII
2304 356 2551 417 GAZ/EI
3725 370 3806 429 “ita

601 468 992 540 pronuntiatur
1040 465 1130 521 ille
1170 480 1295 523 esse
1341 463 1663 521 immundus
1692 480 1869 536 usque
1899 465 1967 519 ad
2005 480 2313 536 vesperam.
2356 464 2510 519 Haud
2544 464 2817 519 dissimile
2844 465 3069 536 genitali
3107 466 3385 535 proﬂuvio
3424 477 3506 524 est
3538 472 3807 540 proﬂuvium

601 555 892 628 sanguinis
921 554 1171 610 mulieris
1203 554 1585 618 immodicum,
1630 554 1834 607 malum
1882 554 2309 609 immedicabile.
2340 554 2411 608 At
2442 553 2665 609 morbos
2694 553 2818 608 illos
2843 568 3038 609 omnes
3075 556 3219 609 tollit
3268 564 3323 609 et
3366 566 3560 626 purgat
3585 559 3806 619 Christus,

602 646 807 701 Verum
842 643 1161 715 puriﬁcatio
1197 658 1326 697 vera
1373 656 1481 696 non
1525 642 1636 705 hic,
1682 643 1776 697 sed
1820 642 1873 695 in
1911 641 2098 695 futuro
2126 642 2330 697 saeculo
2364 642 2639 710 obtinget.
2671 639 2849 711 llujus
2877 643 3037 711 quasi
3064 643 3399 712 praeludium
3437 647 3635 701 exstitit
3664 662 3806 705 octata

598 732 1033 789 resurrectionis
1059 732 1201 795 dies,
1234 730 1287 784 in
1319 746 1429 800 quo
1464 730 1771 786 resurrexit
1801 728 2059 783 Christus
2089 730 2593 799 irreprehensibilis
2625 731 2827 785 hostia.
2862 731 3120 786 Christus
3146 742 3337 787 autem
3379 742 3437 785 ut
3467 735 3810 793 demonstraret

599 822 653 876 in
688 820 874 875 futuro
906 820 1109 875 saeculo
1143 834 1247 873 nos
1285 819 1609 873 inventuros
1641 817 1941 888 perfectam
1978 816 2309 885 puritatem,
2349 819 2602 888 leprosos
2636 821 2851 873 sanavit
2880 820 3072 883 verbo,
3102 829 3157 875 et
3196 837 3321 876 suae
3355 837 3552 877 manus
3580 837 3806 881 contactu.

597 916 867 970 Przeterea
910 911 1181 981 elargitus
1219 920 1303 966 est
1339 911 1637 978 puritatem
1688 907 1906 962 mulieri
1959 905 2245 974 sanguinis
2278 905 2549 977 profluvio
2603 906 2900 974 laboranti,
2938 924 3063 963 cum
3097 909 3436 978 contigisset
3482 910 3723 965 ﬁmbriam
3749 932 3812 968 ve-

596 1001 842 1059 stimenti
882 1001 1079 1072 ipsius.
1117 999 1468 1070 Quapropter
1509 998 1620 1066 jam
1655 1005 2020 1065 utmrumque
2060 1002 2173 1047 tant
2220 994 2587 1063 leprosorum,
2627 1009 2797 1063 quam
2838 994 3132 1064 sanguinis
3176 994 3463 1065 profluvio
3502 997 3811 1053 laborantium

597 1092 887 1161 itnpuritas
921 1099 974 1144 et
1018 1088 1242 1143 foeditas
1279 1086 1569 1158 puriﬁcata
1603 1096 1705 1140 est.
1747 1086 1875 1139 Htec
1922 1082 2134 1153 puritas
2165 1080 2387 1135 obvenit
2432 1079 2523 1133 cf
2541 1082 2825 1135 consortio
2856 1097 3048 1137 eorum
3092 1083 3185 1152 qui
3218 1084 3525 1152 puritatem
3557 1098 3673 1139 sunt
3701 1103 3814 1141 asse-

596 1182 749 1235 cuti:
779 1188 833 1235 et
865 1195 929 1233 ex
968 1179 1172 1231 virtute
1215 1176 1435 1229 illorum
1468 1174 1563 1243 qui
1612 1172 1896 1243 repurgati
1931 1178 2059 1225 sunt
2100 1169 2170 1223 ab
2223 1167 2521 1221 illiusmodi
2583 1166 2947 1223 fmditatibus.
2981 1168 3092 1223 Nec
3136 1185 3244 1223 non
3296 1171 3597 1239 plurimum
3622 1173 3742 1241 juvit
3780 1177 3813 1229 in

596 1273 701 1325 hac
725 1284 783 1323 re
814 1266 1166 1338 participatio
1188 1265 1440 1334 spiritus,
1466 1263 1560 1332 qui
1594 1261 1811 1315 fortiter
1842 1258 2168 1313 munditiem
2204 1255 2422 1309 inducit
2447 1255 2713 1311 sordibus
2743 1256 3034 1311 abstersis.
3070 1255 3375 1312 Promovet
3402 1258 3544 1313 hanc
3576 1263 3813 1329 puritatem

598 1357 946 1411 familiaritas
977 1368 1193 1415 eorum,
1236 1350 1329 1421 qui
1376 1349 1698 1420 impuritate
1733 1355 1968 1409 carent;
2016 1346 2067 1398 in
2104 1344 2303 1413 quibus
2334 1353 2418 1399 est
2468 1345 2726 1415 spiritus,
2773 1352 2833 1399 ut
2867 1344 3082 1415 possint
3114 1346 3425 1414 puriﬁcare
3466 1358 3518 1401 et
3558 1350 3813 1417 puriﬁcent.

598 1442 733 1500 Nam
764 1444 889 1499 talis
916 1440 1291 1496 manifestatio
1321 1438 1555 1511 spiritus
1587 1444 1672 1493 est
1705 1436 1882 1491 utilis.
1918 1434 2203 1504 Siquidem
2240 1432 2368 1486 data
2396 1443 2481 1487 est
2514 1431 2893 1487 manifestatio
2922 1432 3152 1503 spiritus
3185 1434 3255 1488 ad
3297 1435 3593 1489 utilitatem
3631 1439 3684 1489 η.

672 1554 741 1609 Et
779 1570 881 1607 non
913 1550 1283 1621 ingrediantur
1317 1548 1460 1603 omni
1491 1557 1726 1616 tempore
1754 1546 1807 1599 in
1839 1543 2233 1606 sanctuarium,
2284 1549 2393 1597 etc.
2433 1540 2601 1613 [XV],
2626 1540 2705 1615 ‘2].
2739 1541 3045 1612 Oportebat
3074 1542 3219 1598 enim
3256 1552 3455 1615 typum
3490 1544 3644 1617 356
3675 1564 3814 1604 sacer-

600 1645 735 1700 dotii
761 1641 962 1697 Christi
978 1637 1297 1693 conservari
1326 1651 1546 1708 purum,
1578 1636 1673 1706 qui
1704 1635 1873 1707 semel
1903 1632 2159 1687 introivit
2190 1631 2243 1685 in
2274 1629 2476 1685 Sancta
2511 1638 2853 1696 sanctorum,
2890 1638 3099 1686 aeterna
3132 1630 3523 1702 redemptione
3554 1649 3752 1704 reperta.
3775 1639 3811 1691 ld

602 1741 661 1787 ut
686 1732 790 1789 sub
816 1738 945 1801 typo
974 1726 1209 1798 quodam
1238 1726 1714 1781 demonstraretur
1741 1722 1941 1794 priscis
1973 1719 2317 1782 mortalibus,
2351 1718 2664 1788 pontiﬁcem
2696 1718 2998 1787 quotannis
3016 1718 3187 1772 semel
3217 1718 3278 1772 in
3313 1719 3526 1773 Sancta
3558 1731 3810 1775 sanctorum

603 1826 813 1880 intrare
844 1818 1149 1891 oportebat.
1178 1815 1319 1870 Hinc
1349 1832 1457 1871 non
1489 1816 1555 1870 ab
1582 1830 1642 1870 re
1670 1814 1850 1885 inquit
1876 1812 2168 1867 Christus:
2191 1827 2209 1861 ι
2239 1806 2350 1876 Ego
2384 1821 2506 1861 sum
2535 1806 2742 1860 veritas
2768 1806 2811 1838 ¹⁵
2833 1824 2879 1870 ,ι
2918 1806 2972 1860 id
3000 1815 3108 1870 est,
3142 1806 3399 1875 impletio
3434 1816 3691 1878 typorum,
3713 1828 3807 1880 quos

603 1912 689 1967 lex
725 1908 992 1964 continet.
1032 1905 1314 1976 Siquidem
1351 1904 1475 1959 linis
1507 1904 1641 1973 legis
1673 1911 1727 1957 et
1758 1906 2153 1971 prephetarum
2190 1904 2270 1951 est
2297 1894 2575 1948 Christus.
2611 1892 2669 1946 Si
2700 1907 2830 1947 vero
2872 1893 3111 1962 capitale
3152 1894 3499 1964 supplicium
3532 1896 3809 1964 irrogahalut

601 1994 946 2068 delinquenti
979 1994 1034 2048 in
1065 2003 1244 2065 typos,
1281 2007 1388 2062 qua
1425 2006 1587 2061 poena
1621 1989 1903 2045 feriendus
1937 1996 2057 2054 est,
2098 1985 2193 2056 qui
2224 1982 2521 2053 deliquerit
2568 1982 2621 2036 in
2656 1981 2835 2052 ipsam
2878 1981 3204 2046 veritatem,
3237 1984 3334 2038 cui
3368 1998 3469 2037 sua
3498 1983 3806 2039 incredulitate

602 2102 829 2158 magnas
857 2084 1221 2140 contumelias
1254 2080 1433 2136 fecere
1463 2079 1671 2135 Judaei!

675 2199 739 2252 Et
772 2197 996 2252 intrabit
1024 2197 1208 2249 Aaron
1242 2195 1299 2248 in
1337 2192 1594 2248 Sanctum
1623 2209 1739 2247 cum
1770 2192 2040 2261 sacri/icio
2074 2189 2249 2255 uituli,
2278 2196 2387 2243 etc.
2429 2185 2567 2259 [l2].
2606 2188 2813 2251 Aaron,
2849 2185 2980 2241 licet
3005 2184 3147 2241 foret
3172 2193 3347 2257 typus
3368 2185 3587 2253 Christi,
3617 2204 3719 2243 cum
3750 2198 3800 2241 ta-

602 2304 728 2343 men
774 2286 994 2340 interim
1038 2290 1186 2338 esset
1222 2283 1408 2346 homo,
1447 2298 1674 2337 necesse
1710 2291 1865 2346 erat,
1906 2289 1963 2333 ut
2004 2294 2105 2335 sua
2171 2288 2393 2347 peccata
2447 2274 2727 2329 sacriﬁcio
2774 2274 3043 2342 expiaret.
3095 2273 3208 2330 Nec
3257 2283 3449 2330 tamen
3497 2287 3723 2331 aeternam
3749 2293 3801 2329 re-

602 2374 977 2445 demptionent
1015 2371 1224 2425 invenit
1250 2386 1346 2441 per
1372 2371 1696 2439 sanguinem
1728 2369 2006 2422 hircorum
2042 2377 2096 2422 et
2128 2365 2449 2421 vitulorum.
2483 2361 2678 2415 Verum
2701 2360 2976 2427 Christus,
3007 2362 3102 2433 qui
3136 2377 3233 2432 per
3267 2377 3436 2417 suum
3461 2365 3740 2433 sanguinem
3766 2366 3799 2414 in

608 2463 811 2517 Sancta
853 2472 1173 2515 sanctorum
1208 2474 1331 2512 sese
1363 2460 1590 2527 recepit,
1643 2459 1711 2520 is,
1748 2458 1996 2526 inquam,
2031 2471 2132 2511 nos
2162 2452 2403 2526 perfecte
2449 2450 2701 2505 redemit.
2730 2449 2831 2507 Per
2860 2450 3008 2505 hunc
3039 2450 3319 2520 siquidem
3356 2450 3521 2504 etiam
3558 2454 3800 2507 sacerdotes

602 2549 1063 2622 puriﬁcabantur.
1096 2545 1369 2599 Ca:terum
1402 2546 1610 2599 Christi
1650 2544 1982 2599 sacriﬁcium
2017 2544 2189 2598 fuisse
2221 2544 2465 2613 undique
2496 2544 2813 2597 absolutum
2845 2550 2901 2596 et
2927 2541 3238 2612 perfecmm
3276 2543 3474 2598 edocet
3498 2542 3695 2596 vitulus.
3712 2542 3801 2596 Per-

604 2640 744 2695 fecta
795 2638 939 2693 enim
990 2646 1041 2690 et
1070 2633 1361 2704 magniﬁca
1398 2634 1556 2687 docet
1602 2648 1724 2688 esse
1768 2634 1859 2687 illa
1901 2632 2195 2696 sacriﬁcia,
2229 2647 2352 2702 quae
2386 2647 2484 2701 pro
2527 2631 2739 2686 sanctis
2770 2632 3080 2685 creduntur.
3145 2631 3308 2695 Quod
3349 2646 3480 2685 vero
3524 2631 3677 2685 fertur
3706 2630 3795 2681 illud

603 2726 933 2783 sacrilicium
960 2740 1161 2780 suaves
1180 2721 1405 2776 fundere
1430 2724 1650 2787 odores,
1681 2722 1999 2776 memineris
2030 2721 2161 2775 illud
2192 2718 2525 2775 sacriﬁcium
2554 2720 2741 2774 arietis
2768 2734 2866 2773 sua
2894 2717 3307 2788 jucundissima
3329 2718 3614 2787 fragrantia
3641 2717 3796 2785 fugasse

604 2824 829 2871 nostros
868 2820 1042 2867 tetros
1077 2810 1275 2866 odores
1297 2852 1311 2875 ,
1342 2810 1548 2881 quibus
1582 2825 1787 2864 numen
1824 2809 2225 2864 offendebatur.
2263 2810 2450 2862 Aaron
2498 2816 2685 2862 autem
2730 2823 2839 2861 non
2866 2808 3098 2878 jubetur
3134 2808 3188 2861 in
3231 2808 3428 2861 habitu
3463 2807 3701 2877 pontiﬁcio
3722 2823 3787 2859 ex-

603 2903 753 2974 piare
781 2917 879 2958 sua
910 2908 1157 2972 peccata,
1188 2914 1310 2969 quae
1336 2898 1578 2952 insciens
1609 2898 2000 2963 commiserat;
2027 2912 2134 2950 non
2170 2897 2314 2951 enim
2343 2902 2425 2951 tas
2453 2905 2594 2961 erat,
2629 2905 2688 2951 ut
2714 2896 2853 2964 ipse,
2883 2897 3013 2950 dum
3033 2912 3143 2951 rem
3175 2911 3397 2950 sacram
3432 2911 3527 2965 pro
3550 2911 3602 2951 se
3630 2897 3791 2955 faceret,

603 2992 1018 3062 conspiceretur
1052 2998 1282 3044 ornatus
1312 2988 1517 3041 vestitu
1549 2985 1855 3056 pontiﬁcio,
1882 3001 1992 3054 quo
2022 2985 2292 3040 referebat
2313 2983 2614 3047 Christum,
2650 2983 3036 3053 quiignoravit
3070 2994 3388 3053 peccatum,
3420 2993 3472 3038 et
3499 2999 3660 3052 quem,
3681 2984 3789 3049 qnasi

604 3080 708 3135 sub
732 3089 882 3151 typo,
926 3076 1384 3132 demonstrabant
1409 3074 1779 3130 sacerdotium
1827 3083 1882 3128 et
1924 3074 2069 3143 regia
2117 3080 2372 3143 potestas.
2432 3070 2583 3142 Opus
2620 3081 2738 3126 erat
2768 3073 2987 3126 lavacro
3031 3075 3469 3141 regenerationis
3516 3072 3697 3140 paranti
3736 3073 3791 3123 iu-

603 3170 778 3241 gretli.
802 3170 856 3223 in
891 3166 1090 3221 Sancta
1137 3174 1478 3226 sanctorum,
1516 3163 1725 3217 scilicet
1765 3162 1819 3215 in
1858 3161 2271 3215 tabernaculum
2308 3177 2521 3225 verum,
2577 3160 2723 3232 quod
2766 3162 2882 3215 fixit
2915 3162 3211 3228 Dominus,
3241 3170 3301 3216 et
3338 3177 3446 3216 non
3493 3162 3654 3215 homo.
3687 3159 3790 3225 Qua-

602 3264 831 3329 propter
872 3256 1055 3309 Aaron
1102 3268 1244 3323 aqua
1282 3253 1403 3306 viva
1434 3251 1589 3321 prius
1622 3250 1912 3303 irroratur.
1952 3248 2021 3302 At
2064 3250 2198 3303 odor
2229 3250 2310 3304 vel
2345 3265 2514 3319 vapor
2544 3250 2952 3321 thymiamatis,
3000 3250 3161 3320 quasi
3220 3252 3371 3305 nube
3416 3250 3671 3318 obtegebat
3703 3262 3791 3317 pro-

603 3345 969 3414 piti’atorium.
1009 3341 1290 3411 Siquidem
1341 3338 1595 3394 Christus
1643 3338 1961 3391 immolatus
2011 3345 2094 3390 est
2140 3346 2199 3391 ut
2248 3339 2457 3393 vitulus
2504 3346 2607 3392 :et
2650 3353 2751 3392 ceu
2800 3336 3187 3393 holocaustum
3232 3340 3429 3394 arietis
3472 3339 3694 3392 incensus
3716 3343 3785 3389 est.

607 3433 824 3505 Spargit
857 3430 923 3486 de
961 3445 1023 3486 se
1054 3428 1453 3484 suavissimum
1488 3427 1745 3492 odorem,
1780 3431 1840 3479 ut
1876 3433 2038 3479 tenue
2087 3434 2144 3478 et
2178 3427 2378 3481 subtile
2418 3426 2733 3496 thymiama,
2765 3435 2817 3481 et
2845 3426 3029 3496 explet
3063 3426 3390 3497 fragrantia,
3418 3442 3533 3497 quae
3572 3426 3787 3480 intellectu

605 3521 931 3591 percipitur,
966 3527 1221 3572 sanctum
1276 3515 1718 3580 tabernaculnm,
1751 3528 1947 3582 nempe
1979 3513 2301 3569 Ecclesium.
2348 3512 2586 3567 Proinde
2622 3512 2866 3568 Ecclesia
2903 3514 3190 3569 Christum
3236 3517 3480 3586 appellat
3511 3516 3587 3570 his
3619 3514 3782 3567 verbis:

612 3628 631 3661 ς
664 3606 1011 3679 Unguentum
1042 3605 1275 3659 effusum
1305 3618 1501 3657 nomen
1535 3612 1690 3655 tuum
1733 3610 1837 3655 est.
1903 3601 2252 3671 Quapropter
2314 3601 2751 3656 adulescentula:
2791 3601 3099 3657 dilexerunt
3137 3612 3210 3665 te,
3253 3605 3313 3658 in
3350 3605 3512 3659 odore
3548 3608 3783 3670 unguento-

605 3713 727 3753 rum
774 3707 993 3749 tuorum
1026 3707 1314 3747 curremus
1338 3692 1402 3743 ¹⁸.
1449 3711 1466 3742 ι
1508 3690 1573 3744 Et
1615 3690 1729 3744 haec
1759 3690 1978 3760 quidem
2022 3689 2370 3760 pertinebant
2406 3689 2473 3746 ad
2512 3690 2881 3755 sacriﬁcium,
2914 3706 3025 3761 quo
3061 3707 3121 3747 se
3152 3693 3415 3763 expiabat
3453 3692 3635 3745 Aaron.
3664 3688 3783 3741 Caele.

606 3802 726 3842 rum
760 3798 860 3855 pro
890 3782 1075 3853 populi
1111 3781 1329 3835 delictis
1374 3778 1747 3849 poscebantur
1778 3778 1888 3832 duo
1934 3778 2072 3831 hirci
2114 3792 2239 3831 cum
2272 3778 2473 3844 ariete,
2505 3778 2597 3847 qui
2644 3778 2898 3849 explebat
2944 3780 3359 3836 holocaustum.
3407 3780 3558 3835 Sorte
3599 3792 3701 3832 vero
3733 3789 3777 3827 et

606 3874 779 3928 hircis
826 3870 1151 3939 eligebatur,
1198 3870 1289 3940 qui
1340 3866 1733 3945 immolandos,
1761 3874 1814 3920 et
1845 3867 1941 3935 qui
1980 3865 2344 3920 dimittendus
2374 3867 2428 3920 in
2462 3868 2819 3923 solitudinem
2859 3880 3071 3925 vastam
3116 3880 3282 3925 esset.
3317 3871 3538 3937 Quidam
3568 3867 3778 3939 perhibent

608 3962 838 4016 alterum
876 3958 1118 4023 hircum,
1139 3958 1231 4027 qui
1264 3956 1673 4019 dirnittebatur,
1698 3953 2012 4009 consecrari
2044 3952 2275 4006 daemoni
2309 3953 2528 4008 cuidam
2562 3956 2950 4025 ApOpompaeo.
2985 3956 3087 4012 Sed
3118 3959 3231 4012 haec
3259 3960 3453 4028 Opinio
3471 3955 3776 4026 superstitione

609 4047 753 4102 haud
775 4053 951 4108 vacat,
979 4045 1260 4113 legemque
1286 4043 1591 4105 insimulat,
1628 4041 1787 4112 quasi
1810 4040 2257 4110 superstitionem
2293 4041 2517 4107 doceat;
2538 4060 2663 4098 cum
2693 4052 2874 4098 tamen
2905 4045 3140 4099 summis
3172 4046 3387 4102 viribus
3415 4045 3465 4100 id
3489 4053 3681 4100 conetur
3706 4043 3775 4097 let.

608 4144 668 4191 ut
686 4149 787 4189 nos
808 4132 1221 4188 abidololatriae
1240 4132 1455 4184 insania
1477 4131 1693 4185 liberet.
1726 4128 1872 4183 lleus
1897 4129 2098 4183 etenim
2123 4129 2275 4183 solus
2305 4130 2541 4199 ignoscit
2565 4139 2619 4184 et
2649 4132 2879 4185 remittit
2898 4132 3091 4187 delicta
3114 4141 3202 4198 ;et
3221 4134 3544 4189 sacrificium
3566 4130 3685 4201 quod
3704 4129 3773 4180 im-

610 4224 849 4278 molatur
879 4220 1013 4283 Deo,
1038 4220 1163 4289 quis
1184 4218 1403 4285 negabit
1427 4233 1548 4272 esse
1569 4216 1853 4272 sanctum?
1874 4215 2029 4282 Quod
2054 4230 2184 4270 vero
2201 4230 2558 4272 consecratur
2582 4218 2711 4284 Deo,
2742 4219 2796 4273 id
2820 4221 2950 4274 nulli
2969 4222 3058 4275 alii
3089 4232 3172 4276 est
3190 4221 3774 4279 addicendum.Si(a:tera

611 4310 910 4375 sacriﬁcia,
946 4309 1152 4378 quibus
1205 4307 1555 4362 immolantes
1584 4322 1681 4361 sua
1724 4317 1940 4377 peccata
1974 4306 2283 4376 imponunt,
2316 4314 2447 4360 sunt
2477 4315 2691 4371 sancta,
2720 4315 2871 4362 certe
2906 4309 3044 4364 satis
3075 4310 3244 4379 liquet
3272 4319 3437 4366 etiam
3468 4311 3600 4365 illum
3620 4307 3771 4360 hircum

615 4409 870 4455 sanetum
903 4395 1143 4451 censeri.
1168 4394 1367 4448 Verum
1402 4395 1704 4450 necessitas
1729 4394 2055 4460 postulabat,
2087 4402 2148 4447 ut
2177 4394 2563 4449 ostenderetur
2590 4395 2753 4448 Deum
2786 4395 3092 4464 imperasse
3124 4406 3183 4450 ut
3215 4399 3320 4453 sibi
3352 4400 3507 4453 etiam
3534 4394 3755 4449 oﬁerrrtur

611 4486 824 4551 hircus,
871 4483 966 4554 qui
1000 4482 1423 4551 deportahatur.
1465 4482 1523 4536 ld
1554 4481 1776 4552 quidem
1814 4481 1971 4537 facile
1998 4483 2229 4552 probatu
2260 4491 2366 4537 est.
2413 4480 2551 4535 Nam
2617 4482 2795 4550 inquit
2828 4500 2840 4535 :
2877 4501 2896 4533 ‹
2931 4483 3183 4551 Accipies
3216 4485 3432 4541 hircum
3458 4485 3615 4539 vivum
3639 4490 3768 4533 coram

610 4572 866 4637 Domino,
891 4579 951 4626 ut
977 4570 1218 4640 expiatio
1246 4586 1341 4641 per
1370 4585 1493 4624 eutn
1511 4571 1623 4631 ﬁat.
1647 4570 2051 4640 etrelegeturin
2072 4570 2374 4626 desertum.
2396 4587 2415 4620 ι
2438 4568 2592 4635 Quod
2614 4569 2833 4638 quidem
2861 4571 3253 4641 interpretatus
3278 4584 3367 4629 est
3384 4574 3585 4641 Aquilas
3609 4570 3650 4621 in
3672 4566 3769 4618 hunc

610 4659 834 4717 modum
860 4700 876 4726 ,
917 4666 978 4712 ut
1017 4658 1326 4713 referantur
1358 4657 1617 4725 pra2dit'ta
1650 4657 1816 4711 verba
1854 4659 1907 4711 in
1941 4657 2155 4711 hircum
2178 4697 2193 4723 ,
2223 4656 2317 4727 qui
2351 4658 2403 4711 in
2439 4656 2789 4712 solitudinem
2816 4658 3196 4713 emittebatur.
3232 4661 3304 4716 Ut
3348 4675 3516 4715 autem
3540 4658 3604 4711 rei
3628 4654 3767 4708 veritas

617 4750 1011 4813 cognoscatur,
1059 4742 1378 4796 memineris
1406 4740 1620 4795 duabus
1652 4741 1895 4795 sortibus
1934 4742 2118 4797 hircos
2151 4742 2274 4799 illos
2310 4745 2483 4801 fuisse
2523 4746 2818 4801 discretos.
2851 4746 3019 4803 Alteri
3081 4748 3479 4805 inscribebatur
3508 4767 3520 4802 :
3550 4743 3764 4798 Dominus;

614 4833 771 4886 alteri
812 4852 824 4886 :
852 4830 1261 4899 Apopompwus.
1291 4829 1396 4895 Qui
1430 4829 1667 4883 habebat
1703 4828 2119 4898 inscriptionem
2159 4830 2399 4899 Domini,
2424 4834 2762 4901 caedebatur,
2785 4842 2839 4889 et
2868 4837 3229 4891 consecrabat
3252 4854 3357 4894 suo
3383 4852 3560 4894 cruore
3586 4834 3763 4887 intimum

614 4918 1059 4983 tabernaculum,
1087 4926 1142 4971 et
1174 4917 1349 4971 altare
1376 4916 1509 4971 foris
1540 4917 1728 4970 situm.
1768 4918 2173 4986 Apopompaeus
2216 4920 2599 4976 dimittebatur
2630 4923 2688 4977 in
2713 4932 2928 4977 vastam
2966 4924 3341 4992 solitudinem,
3373 4934 3423 4981 et
3444 4926 3647 4983 inviam,
3679 4927 3760 4968 cum

614 5009 776 5081 prius
810 5007 1074 5063 sacerdos
1107 5014 1337 5078 peccata
1391 5009 1563 5062 totius
1596 5006 1783 5077 populi
1837 5008 1892 5061 in
1935 5007 2115 5077 ipsius
2158 5018 2323 5078 caput
2367 5009 2679 5065 effudisset.
2718 5009 2960 5081 Uterque
2989 5025 3117 5066 vero
3168 5013 3357 5069 hircus
3414 5012 3647 5068 Christum
3673 5015 3763 5073 prae

614 5096 914 5168 ﬁgurabat.
956 5092 1092 5149 Nam
1156 5094 1380 5150 occisus
1436 5103 1521 5150 est
1584 5102 1644 5148 ut
1705 5094 1920 5160 homo,
1977 5095 2070 5164 qu-i
2138 5096 2301 5151 nobis
2353 5104 2711 5166 peccatorum
2771 5100 2989 5153 veniam
3052 5099 3390 5169 impetraret.
3444 5099 3567 5154 idem
3611 5099 3761 5163 (ιυοιιυα

614 5185 923 5243 sanctiﬁcat
952 5182 1113 5254 357
1149 5182 1482 5249 Ecclesiam,
1518 5180 1665 5253 quod
1700 5183 1831 5237 inde
1864 5182 2221 5253 intelligitur,
2252 5187 2401 5254 quod
2428 5186 2551 5255 ejus
2590 5186 2823 5255 sanguis
2860 5186 2917 5240 in
2952 5185 3153 5241 Sancta
3183 5198 3485 5244 sanctorum
3515 5191 3585 5240 est
3615 5181 3759 5233 illatus.

613 5274 728 5329 lmo
767 5274 1124 5329 sanctitatem
1163 5272 1589 5342 impertiebatur
1620 5277 1675 5325 et
1704 5270 1813 5335 his,
1847 5269 1943 5340 qui
1980 5271 2089 5327 sub
2121 5272 2239 5342 lege
2266 5281 2452 5327 erant.
2490 5272 2606 5328 Hoc
2639 5275 2819 5343 ipsum
2852 5275 3203 5344 signiﬁcabat
3239 5278 3410 5333 altare
3444 5274 3559 5329 foris
3587 5266 3756 5323 colloca-

614 5372 754 5417 tum.
786 5360 923 5416 Nam
954 5360 1096 5417 citra
1130 5375 1350 5416 omnem
1378 5358 1906 5427 contradictionem,
1947 5360 2093 5429 quod
2135 5360 2321 5415 minus
2359 5370 2446 5415 est
2475 5376 2507 5414 a
2544 5361 2755 5431 majore
2790 5362 3165 5419 benedicitur.
3197 5363 3333 5419 Cum
3366 5364 3586 5420 Christus
3614 5345 3758 5408 sancti'

615 5458 782 5504 tatem
818 5456 1073 5519 praestet,
1100 5448 1357 5520 profecto
1390 5447 1613 5502 videtur
1639 5446 1728 5502 lex
1755 5446 2241 5518 inepialaborare,
2266 5464 2369 5503 nec
2402 5464 2569 5518 posse
2589 5450 3020 5507 sanctimoniam
3047 5453 3203 5507 dare.
3236 5453 3369 5508 Nam
3400 5453 3449 5506 in
3473 5439 3755 5504 huncmodum

615 5536 779 5592 docet
810 5535 1016 5594 Paulus
1056 5556 1069 5592 :
1107 5556 1125 5588 ι
1159 5536 1440 5601 Scientes,
1463 5534 1614 5604 quod
1641 5549 1750 5589 non
1772 5534 2302 5604 justiﬁcaturhomo
2330 5552 2397 5591 ex
2420 5537 2683 5606 operibus
2711 5537 2872 5609 legis,
2909 5539 3017 5595 nisi
3043 5556 3141 5610 per
3173 5541 3336 5596 lidun
3387 5539 3497 5595 Jesu
3523 5520 3753 5590 Christiﬂ

612 5638 717 5681 nos
750 5622 807 5678 in
831 5624 1115 5682 Christum
1149 5623 1339 5682 Jesum
1372 5622 1714 5681 credidimus
1748 5623 1813 5680 ¹⁷.
1857 5642 1877 5677 ι
1899 5622 2036 5680 Cum
2069 5626 2238 5697 igitur
2270 5642 2370 5697 pro
2404 5627 2566 5681 nobis
2594 5643 2843 5684 amarum
2881 5630 3213 5699 supplicium
3248 5643 3522 5702 perpessus
3548 5627 3675 5681 esseh
3697 5624 3753 5667 το·

687 5798 730 5833 ⁸⁸
763 5801 785 5855 l
817 5798 945 5857 Cor.
1002 5815 1099 5869 xu,
1146 5802 1199 5855 7.
1279 5801 1320 5836 "
1349 5799 1510 5860 Joan.
1563 5816 1692 5891 μιν,
1727 5801 1783 5860 6.
1826 5802 1918 5888 μί’.
1944 5802 2105 5862 Cant.
2172 5819 2213 5874 ι,

1972 5804 2105 5861 Iant.
2172 5819 2221 5874 ι,
2272 5804 2330 5872 2,
2357 5808 2412 5871 5.
2493 5806 2539 5841 ¹⁷
2592 5805 2752 5865 Rom.
2820 5823 2902 5877 ιιι,
2960 5807 3094 5876 20.;
3150 5808 3329 5867 Galat.
3362 5827 3395 5877 ι,
3428 5808 3498 5863 l6.
