4038 6512
265 344 377 412 749
1338 347 1872 411 COMMENTARII
1914 346 1995 407 IN
2030 345 2469 408 LEVITICUM.
3439 351 3546 413 750

260 460 431 527 vixit,
463 467 518 516 et
554 459 609 516 in
633 460 819 518 locum
855 462 1180 519 hominibus
1205 463 1587 529 inaccessum,
1610 477 1806 541 nempe
1823 462 2025 517 cmlum
2066 461 2352 531 proiectus
2383 469 2494 524 est,
2516 469 2750 531 portans
2780 469 2834 516 et
2868 461 3129 533 bajulans
3160 463 3323 533 quasi
3351 474 3540 520 nostra

260 559 525 622 peccata.
568 552 695 622 Ipse
737 555 915 618 enim,
977 562 1038 609 ut
1083 554 1382 626 Scriptura
1442 553 1721 615 monet“.
1767 558 1992 622 peccata
2039 557 2232 605 nostra
2277 549 2431 615 tulit,
2470 560 2524 605 et
2579 566 2681 621 pro
2714 551 2875 607 nobis
2928 552 3290 623 gravissimos
3326 554 3547 610 dolores

265 642 569 697 sustinuit.
597 640 668 698 Ut
706 640 878 713 igitur
908 658 996 699 res
1020 652 1169 699 esset
1204 642 1524 709 dilucidior,
1575 640 1944 713 Symmachus
1977 638 2061 693 sic
2087 650 2418 707 praesentem
2456 638 2636 694 locum
2670 641 2956 695 transtulit
2986 659 2999 694 :
3042 640 3251 696 Sortem
3286 659 3449 697 unam
3475 646 3544 698 ad

257 732 483 786 hircum
515 732 824 786 abeuntem.
858 731 996 786 Nam
1027 733 1289 788 Christus
1325 732 1695 786 transmissus
1721 742 1828 795 est,
1856 729 2017 799 quasi
2048 746 2113 784 ex
2147 728 2312 784 nobis
2342 727 2395 779 in
2427 727 2811 781 cmlicolarum
2851 728 3068 791 urbem,
3106 736 3164 781 ut
3194 740 3457 799 appareat
3490 732 3544 785 in

255 831 581 890 conspectu
628 819 722 875 Dei
762 828 815 875 et
852 829 1104 876 nostram
1137 836 1365 875 causam
1416 820 1720 888 suscipiat,
1769 826 1824 873 et
1857 833 1955 886 pro
1995 818 2159 872 nobis
2202 817 2371 870 dicat.
2439 814 2654 869 Idcirco
2687 816 2760 868 ait
2794 814 3039 872 Joannes
3078 834 3090 869 :
3126 836 3143 866 ι
3186 816 3389 883 Filioli,
3433 820 3548 873 haec

254 908 461 964 scribo
493 908 676 972 vobis,
700 914 759 961 ut
801 922 909 961 non
934 910 1201 978 peccetis.
1233 908 1298 962 Et
1333 909 1379 964 si
1407 910 1537 979 quis
1578 906 1919 978 peccaverit,
1948 904 2277 959 advocatum
2310 910 2364 958 et
2385 910 2681 972 patronum
2716 902 2987 960 habemus
3022 905 3165 975 apud
3199 904 3420 961 Patrem
3459 906 3549 963 Je-

254 1013 397 1053 sum
430 996 711 1052 Christum
734 996 950 1067 justum
987 1017 1001 1053 :
1035 1007 1089 1053 et
1116 999 1236 1069 ipse
1267 1011 1352 1055 est
1389 998 1711 1069 propitiatio
1745 1009 1844 1067 pro
1871 994 2116 1063 peccatis
2147 993 2379 1053 nostris,
2424 1005 2524 1045 nec
2545 993 2725 1044 solum
2758 994 3128 1061 pronostris,
3165 994 3263 1048 sed
3292 1010 3392 1064 pro
3420 1012 3549 1066 pec-

254 1091 413 1141 catis
451 1085 623 1141 totius
672 1086 863 1140 mundi
897 1088 962 1141 '9.
1001 1105 1020 1139 ι
1078 1086 1235 1153 Nam,
1280 1096 1336 1141 ut
1385 1090 1553 1142 habet
1606 1084 1981 1140 testimonium
2025 1079 2180 1134 Pauli
2205 1081 2273 1143 '°,
2340 1094 2654 1149 praecursor
2683 1095 2785 1149 pro
2835 1081 2997 1137 nobis
3042 1081 3328 1151 ingressus
3367 1093 3450 1139 est
3491 1085 3546 1138 in

254 1175 501 1238 emtum,
546 1183 601 1228 et
659 1173 781 1244 ipse
820 1175 981 1229 nobis
1037 1177 1254 1245 paravit
1296 1177 1438 1231 viam
1486 1187 1764 1232 recentem
1803 1178 1857 1226 et
1908 1171 2088 1223 vivam
2145 1170 2518 1224 introeuntem
2580 1169 2723 1222 intra
2779 1170 2982 1224 velum.
3041 1169 3229 1241 Itaque
3290 1174 3447 1242 quasi
3494 1175 3546 1227 in

258 1264 454 1319 forma
506 1263 649 1318 hirci
695 1274 875 1334 portat
930 1275 1153 1336 peccata
1202 1274 1414 1323 nostra.
1466 1265 1601 1319 Nam
1662 1264 1853 1317 hircus
1898 1272 1996 1328 pro
2052 1256 2295 1327 peccatis
2353 1255 2588 1312 cadebat
2652 1256 2901 1311 violima.
2961 1256 3204 1313 Duorum
3265 1261 3544 1316 hircorum

260 1354 569 1421 aqualitas
596 1354 854 1425 subtypo
884 1353 1611 1411 demonstravitChristum.
1650 1352 1769 1407 Non
1788 1350 1933 1406 enim
1962 1348 2167 1403 licebat
2214 1362 2419 1403 caesum
2462 1348 2677 1404 hircum
2728 1350 3083 1405 reviviscere.
3138 1350 3358 1422 Alioqui
3408 1354 3548 1408 nihil

257 1444 434 1498 Visus
498 1451 647 1498 esset
713 1441 937 1499 differre
984 1458 1013 1496 a
1070 1453 1310 1514 spectro.
1386 1444 1455 1499 At
1511 1441 1658 1497 Deus
1733 1438 1902 1497 nullis
1962 1436 2137 1490 utitur
2206 1436 2545 1507 praestigiis,
2614 1451 2740 1491 cum
2798 1438 2987 1491 omnia
3041 1439 3218 1509 possit
3281 1441 3547 1511 singulari

264 1526 519 1596 quadam
552 1526 865 1580 oeconomia
897 1528 1149 1597 exsequi.
1202 1525 1349 1582 Hirci
1377 1526 1693 1598 deliguntur
1734 1525 1844 1582 duo
1874 1535 1927 1581 et
1956 1524 2197 1595 aequales
2223 1524 2277 1579 in
2302 1525 2503 1593 quibus
2535 1525 2673 1579 nihil
2708 1525 2841 1580 vitio
2869 1533 3084 1582 vertere
3121 1528 3207 1582 vel
3234 1530 3547 1598 improbare

267 1615 484 1684 possis.
520 1614 670 1668 Idem
720 1615 808 1667 hic
830 1613 1063 1678 accidit,
1120 1615 1266 1685 quod
1298 1616 1352 1670 in
1388 1616 1770 1687 puriﬁcatione
1798 1614 2023 1685 leprosi.
2058 1610 2194 1666 Nam
2244 1611 2370 1667 istic
2398 1628 2504 1667 una
2543 1613 2757 1668 avicula
2788 1629 3012 1685 quoque
3049 1615 3463 1680 immolabatur,
3494 1628 3548 1673 et

265 1705 452 1758 altera
474 1702 898 1773 permittebatur
930 1704 1173 1759 avnlare.

355 1793 458 1856 Ὃς
485 1788 563 1843 ἄν
588 1789 796 1859 σφάξῃ
820 1790 1061 1859 μόσχον
1075 1789 1110 1859 ἢ
1125 1792 1423 1859 πρόϐατον
1443 1791 1480 1861 ἢ
1498 1792 1653 1864 αἶγα.
1675 1793 1748 1847 Τὸ
1766 1794 1864 1864 μὲν

2042 1791 2358 1861 Quicunque
2395 1792 2708 1845 mactaverit
2736 1790 2984 1857 vitulum,
3018 1800 3112 1845 aut
3146 1808 3311 1857 ovem,
3341 1810 3371 1845 α
3417 1802 3550 1845 tra-

287 1878 579 1952 Ἕόραῖκὸν
608 1878 708 1950 τὴν
739 1878 1026 1949 παροῦσαν
1062 1879 1175 1950 ἔχει
1207 1881 1369 1953 ῥῆσιν
1423 1882 1563 1952 μετὰ
1594 1882 1695 1954 τὴν
1729 1882 1859 1953 περὶ

265 1970 374 2026 τοῦ
396 1972 814 2043 ἀποπομπαίου,
848 1972 917 2025 τὰ
956 1972 1013 2025 δὲ
1045 1973 1201 2026 κοινὰ
1234 1974 1545 2046 ἀντίγραφα
1578 1975 1679 2046 τὴν
1727 1976 1860 2048 περὶ

263 2063 371 2118 τοῦ
435 2063 688 2135 ἱλασμοῦ.
756 2064 1119 2136 Ἀπαγορεύει
1159 2064 1215 2119 δὲ
1263 2066 1456 2122 θυσίαν
1516 2068 1750 2138 ἀλλαχοῦ
1782 2068 1857 2139 μὴ

265 2154 526 2224 γενεσθαι
574 2154 672 2222 τῆς
718 2156 946 2224 σκηνῆς,
982 2154 1079 2222 τῆς
1113 2154 1432 2221 Αἰγυπτίων
1485 2154 1681 2218 αὐτοὺς
1722 2155 1859 2207 ἀπο-

268 2246 463 2318 φέρων
498 2244 812 2308 πολυθεῖας.
849 2245 924 2297 Τὸ
956 2245 1064 2317 γὰρ
1092 2243 1178 2296 ἐπ’
1205 2245 1391 2308 ἀδείας
1417 2246 1566 2300 θύειν
1593 2246 1859 2315 σφαλερὸν

275 2338 363 2399 εἰς
396 2335 702 2398 εὐσέϐειαν,
738 2335 835 2389 καὶ
855 2335 1095 2407 παρέχον
1123 2334 1374 2401 ἐξουσίαν
1400 2336 1493 2389 τοῦ
1542 2337 1691 2390 θύειν
1743 2332 1861 2390 οἷσι

271 2445 385 2499 περ
416 2428 481 2482 ἂν
506 2427 737 2491 ἕλοιντο,
757 2430 899 2482 κατᾶ
928 2428 990 2481 τὸ
1011 2428 1299 2497 ποιητικὸν
1326 2430 1387 2482 τὸ
1415 2429 1574 2498 λέγον
1599 2448 1611 2461 ο
1642 2431 1863 2497 Ἄλλος

268 2520 449 2585 ἄλλῳ
484 2520 654 2588 ἔρεξε
690 2517 842 2575 θεῶν
871 2520 1008 2588 (15).
1072 2518 1237 2572 Ὅθεν
1264 2519 1341 2584 ὡς
1369 2518 1550 2590 ψυχὴν
1602 2523 1863 2593 ἁναιροῦν

269 2615 341 2666 ὲν
374 2614 477 2685 ῐσῳ
510 2613 674 2684 φόνου
705 2612 818 2684 ἔχει
848 2614 908 2666 τὸ
935 2612 1195 2684 ἔγκλημα

1966 1896 2141 1951 pram,
2181 1890 2292 1935 etr.
2338 1880 2524 1953 [XVIL
2560 1881 2638 1955 5.]
2670 1880 2939 1937 Hebraeus
2978 1882 3235 1938 relationi
3287 1898 3550 1954 apOpom-

1966 1974 2068 2046 pati
2105 1972 2293 2028 subdit
2316 1974 2477 2029 modo
2501 1976 2732 2030 recitata
2746 1975 2935 2030 verba.
2963 1974 3070 2031 Sed
3093 1976 3341 2046 quaedam
3367 1992 3550 2032 exem-

1965 2069 2141 2140 plaria
2193 2068 2543 2138 subiungunt
2591 2070 2930 2140 expiationis
2981 2078 3036 2126 et
3077 2071 3551 2127 reconciliationis

1966 2162 2161 2217 ritum.
2188 2162 2460 2219 Caeterum
2502 2163 2870 2235 prohibentur
2888 2163 3062 2220 Judaei
3096 2165 3250 2233 alibi,
3285 2181 3448 2235 quam
3482 2166 3551 2220 ad

1968 2254 2391 2311 tabernaculum
2415 2257 2673 2311 victimas
2706 2254 2916 2311 credere
2947 2276 2959 2310 :
2994 2268 3047 2311 et
3068 2259 3120 2311 in
3143 2258 3291 2312 hunc
3326 2258 3549 2313 modum

1970 2343 2040 2398 ab
2073 2343 2460 2415 Egyptiorum
2501 2343 2819 2397 idololatria
2858 2358 2953 2397 eos
2988 2342 3312 2399 dehortatur
3348 2343 3550 2402 Moses.

1964 2432 2104 2488 Nam
2151 2434 2198 2488 si
2234 2433 2324 2486 cui
2358 2431 2687 2486 conceditur
2724 2431 3049 2487 immolandi
3084 2435 3243 2504 plena
3279 2443 3550 2504 potestas,

1966 2525 2133 2580 lacile
2170 2524 2423 2594 proiecto
2453 2522 2780 2593 prolabetur
2826 2523 2883 2577 in
2922 2525 3147 2579 vetitam
3200 2525 3550 2595 religionem,

2000 2623 2022 2671 ι
2052 2617 2333 2673 exorietur
2366 2616 2503 2671 illud
2550 2624 2726 2686 poeta:
2764 2634 2776 2668 ε
2819 2617 2973 2671 Alius
3010 2618 3110 2671 alii
3144 2616 3361 2672 deorum
3392 2636 3551 2672 sacra

1973 2709 2228 2763 faciebat.
2251 2708 2605 2780 Quapropter
2625 2710 2722 2780 qui
2754 2708 2991 2763 animam
3010 2710 3334 2783 exstinguit,
3356 2710 3550 2766 eodem

1971 2802 2228 2864 crimine,
2264 2818 2372 2872 quo
2403 2801 2705 2866 homicida,
2743 2808 2983 2856 tenetur.

355 2884 411 2938 Si
445 2894 627 2939 autem
664 2889 826 2954 typus
853 2888 938 2935 est
973 2879 1183 2935 Christi
1224 2879 1436 2936 vitulus
1460 2897 1559 2951 pro
1581 2896 1808 2953 peccato
1832 2894 2137 2949 sacerdotis
2167 2894 2487 2963 ignoranter
2513 2904 2849 2963 perpetrato,
2882 2894 3018 2950 satis
3040 2894 3398 2952 manifestum
3428 2910 3555 2954 esse

270 2974 523 3029 arbitror
552 2973 609 3027 in
630 2973 765 3028 solis
792 2971 1172 3026 tabernaculis
1203 2974 1439 3037 sanctis,
1474 2987 1670 3044 nempe
1709 2978 1967 3035 ecclesiis
2013 2982 2386 3053 peragendum
2428 2995 2557 3036 esse
2594 2981 2801 3036 Christi
2834 2984 3184 3053 mysterium.
3222 2982 3358 3037 Nam
3391 2991 3442 3040 et
3482 2987 3552 3040 de

272 3078 430 3134 agno
458 3060 704 3132 paschali
741 3067 1075 3131 praeceptum
1108 3068 1204 3114 est
1243 3076 1257 3113 :
1296 3079 1314 3111 ι
1354 3059 1412 3113 1η
1452 3076 1562 3114 una
1608 3062 1773 3117 domo
1804 3065 2093 3124 edatur“.
2129 3090 2147 3123 ι
2188 3069 2308 3123 Non
2340 3068 2488 3124 enim
2541 3070 2881 3124 sacriﬁcium
2921 3071 3056 3126 illud
3097 3071 3437 3127 eﬂ'erendum
3467 3080 3552 3127 est

271 3154 340 3207 in
372 3151 763 3205 haereticorum
800 3146 999 3202 domos
1036 3163 1049 3200 :
1086 3148 1199 3202 imo
1250 3147 1648 3203 haereticorum
1690 3157 2076 3213 conventicula
2104 3158 2366 3230 fugienda
2402 3167 2559 3213 sunt.
2600 3156 2711 3212 Nec
2740 3160 3005 3213 convenit
3044 3173 3269 3229 quoque
3302 3158 3554 3213 dividere

269 3253 428 3300 eum,
461 3237 558 3307 qui
591 3252 686 3306 per
713 3251 773 3290 se
800 3233 1161 3289 indivisibilis
1200 3242 1308 3290 est.

365 3329 427 3383 Ἠ
448 3329 559 3398 γὰρ
586 3327 759 3397 ψυχὴ
798 3326 1003 3395 πάσης
1031 3327 1263 3397 σαρκὸς
1291 3325 1437 3399 αἷμα
1477 3332 1666 3387 αὑτοῦ
1708 3333 1863 3390 ἐστι.

273 3421 347 3475 Εἰ
366 3437 433 3473 πε
442 3421 496 3492 pl.
522 3420 634 3473 τῶν
657 3419 992 3491 ἐσθιομένων
1021 3423 1049 3474 ὁ
1077 3421 1254 3490 λόγος,
1275 3421 1433 3492 δῆλον
1458 3422 1535 3487 ὡς
1558 3424 1656 3490 τὴν
1681 3424 1863 3499 ψυχὴν

273 3513 392 3569 τῶν
424 3514 634 3583 ἀλόγων
692 3509 832 3586 αἷμα
880 3514 1054 3577 καλεῖ,
1090 3514 1169 3578 ὡς
1193 3515 1613 3587 προηγούμενον
1671 3521 1863 3590 σχῆμα

279 3606 385 3675 τῆς
439 3606 580 3659 κατὰ
627 3605 730 3675 τὴν
781 3605 991 3659 τοιάνδε
1040 3606 1244 3676 κρᾶσιν
1291 3607 1610 3675 ἀναλογίας,
1639 3609 1707 3663 δι’
1738 3606 1860 3683 ἦςή

288 3698 491 3751 τούτων
538 3697 711 3768 ψυχή.
768 3698 1071 3770 Τοιγαροῦν
1120 3698 1572 3754 ἀντιδιαστέλλων
1623 3705 1690 3773 τῇ
1755 3703 1865 3756 τῶν

283 3789 610 3861 ἀνθρώπων,
635 3790 771 3860 φησί
790 3805 803 3818 ·
837 3808 854 3841 ι
876 3791 983 3842 Καὶ
1012 3790 1123 3861 ἐγὼ
1140 3790 1315 3844 ἔδωκα
1340 3793 1469 3862 ὑμῖν
1492 3793 1623 3846 αὐτὸ
1648 3796 1742 3848 ἐπὶ
1772 3796 1865 3849 τοῦ

278 3884 678 3955 θυσιαστηρίου
749 3882 1134 3947 ἐξιλάσκεσθαι
1188 3885 1321 3955 περὶ
1384 3884 1495 3937 τῶν
1554 3886 1742 3956 ψυχῶν
1802 3889 1865 3942 ὑ-

281 3978 469 4049 μῶν,›
505 3976 583 4040 ὡς
643 3972 936 4040 ἀθανάτοις
993 3975 1193 4045 ψυχαῖς
1237 3975 1673 4041 ἀντιδιαστείλας
1736 3978 1867 4051 θνη-

285 4070 413 4134 τάς.

2048 3340 2194 3396 Nam
2243 3343 2424 3397 anima
2473 3344 2644 3396 omnis
2695 3341 2872 3394 carnis
2899 3341 3119 3411 sanguis
3150 3340 3265 3409 ejus
3314 3349 3411 3404 est,
3444 3348 3554 3395 etc.

1976 3432 2115 3507 [l0.]
2159 3434 2214 3489 Si
2271 3435 2523 3505 disputat
2566 3448 2716 3487 nunc
2776 3432 2845 3488 de
2892 3432 3263 3495 animalibus,
3316 3447 3552 3502 quorum

1970 3542 2102 3583 esus
2146 3527 2512 3597 permittitur,
2557 3526 2824 3581 nimirum
2866 3524 3130 3580 omnibus
3173 3531 3321 3593 patet
3364 3523 3554 3579 Mosen

1971 3632 2172 3672 vocare
2211 3617 2539 3687 sanguinem
2579 3618 2864 3670 brutorum
2914 3614 3238 3668 animalium
3286 3615 3554 3668 animam.

1985 3708 2226 3779 Sanguis
2259 3710 2537 3779 siquidem
2584 3716 2673 3765 est.
2706 3708 2984 3779 quoddam
3019 3708 3179 3776 quasi
3215 3705 3554 3771 vehiculum,

1972 3816 2084 3872 quo
2106 3801 2327 3854 illorum
2352 3801 2551 3854 animae
2578 3798 2885 3855 secundum
2915 3799 3326 3868 proportionem
3359 3812 3557 3867 quam-

1974 3889 2102 3944 dam
2155 3889 2456 3944 vehuntur.
2497 3887 2658 3943 Velut
2690 3900 2887 3943 caetera
2918 3888 3183 3941 animalia
3214 3887 3284 3942 ab
3314 3887 3558 3941 homini-

1977 3985 2083 4040 bus
2119 3983 2431 4053 distinguat
2460 3992 2515 4038 et
2548 3992 2829 4049 secernat,
2866 3984 3049 4052 inquit
3080 4000 3092 4037 :
3139 4001 3157 4034 ι
3206 3984 3271 4036 Ει
3296 3999 3397 4053 ego
3432 3983 3558 4037 dedi

1975 4075 2137 4128 vobis
2164 4078 2373 4143 ipsum,
2400 4081 2461 4127 ut
2494 4073 2545 4126 in
2574 4074 2732 4127 altari
2758 4072 2994 4142 expietis
3028 4074 3239 4128 animas
3267 4080 3504 4137 vestras,
3536 4092 3554 4125 ι

1976 4166 2193 4223 scilicet
2227 4181 2533 4237 segregans
2571 4166 2838 4221 mortales
2871 4166 2941 4221 ab
2990 4166 3396 4221 immortalibus
3441 4165 3562 4219 ani-

1980 4258 2195 4313 mabus.

356 4350 493 4418 Qua:
524 4365 676 4407 enim
721 4351 865 4405 ratio
909 4350 1144 4422 patitur,
1187 4358 1250 4405 ut
1293 4350 1548 4407 divinum
1578 4351 1921 4424 spiraculum
1958 4366 2071 4408 non
2094 4354 2169 4410 sit
2205 4353 2563 4410 immortale?
2591 4352 2886 4423 Inspiravnt
2929 4366 3169 4422 namque
3216 4360 3437 4407 terreno
3464 4349 3563 4422 ﬁg-

277 4450 471 4498 mento
526 4442 655 4497 vitae
706 4441 1047 4512 spiraculum
1077 4455 1263 4497 rerum
1295 4440 1482 4511 Opitex
1504 4458 1779 4498 summus.

351 4530 516 4595 Τινὲς
551 4530 611 4585 δέ
635 4547 826 4600 φασιν,
862 4530 940 4595 ὡς
991 4531 1165 4587 τύπον
1206 4533 1307 4604 τῆς
1334 4532 1628 4606 ἀνθρώπου
1683 4535 1867 4608 ψυχῆς

273 4622 470 4677 τδτῶν
500 4622 655 4688 ζώων
686 4624 1034 4696 παρείληφεν
1060 4620 1201 4695 αἷμα
1227 4642 1240 4657 υ
1278 4624 1340 4678 τὸ
1376 4627 1474 4697 μὲν
1504 4626 1613 4680 τῶν
1662 4628 1868 4698 ἱερουρ-

2054 4532 2295 4600 Quidam
2344 4535 2620 4590 aﬂirmant
2655 4532 2826 4589 Deum
2878 4545 2998 4588 loco
3036 4546 3293 4587 numante
3341 4546 3557 4597 anime,

1982 4626 2099 4683 sive
2133 4627 2191 4682 in
2231 4636 2361 4699 typo
2389 4627 2645 4681 humanae
2683 4626 2941 4694 accipere
2972 4624 3301 4693 sanguinem
3341 4623 3560 4677 anima-

274 4714 569 4785 γουμένων
625 4714 801 4785 ζώων,
856 4716 1269 4787 προσχεόμενον
1309 4715 1389 4787 τῷ
1434 4716 1864 4792 θυσιαστηρίῳ·

1979 4718 2141 4782 lium,
2170 4720 2375 4790 quibus
2402 4717 2687 4784 litabatur,
2722 4728 2776 4771 et
2802 4729 3039 4786 quorum
3059 4714 3286 4783 sanguis
3314 4713 3535 4769 aliunde

274 4808 342 4861 τὸ
371 4808 431 4861 δὲ
459 4806 571 4862 τῶν
602 4809 781 4871 ἄλλως
834 4808 1140 4881 θυομένων,
1190 4809 1572 4882 κρυπτόμενον
1604 4811 1711 4865 ὑπὸ
1744 4814 1869 4883 γῆς.

278 4896 547 4967 Σύμϐολα
575 4894 694 4965 τοῦ,
723 4899 772 4952 εἰ
797 4900 893 4953 καὶ
914 4900 970 4952 ὲν
996 4898 1126 4971 ᾅδου
1200 4900 1565 4971 τυγχάνουσιν
1594 4903 1651 4955 αἱ
1677 4901 1870 4972 ψυχαὶ,

282 4989 363 5060 μὴ
392 4989 602 5060 ὁμοίως
632 4990 711 5062 τῷ
756 4990 976 5063 σώματι
1028 4990 1362 5046 διαλύεσθαι.
1393 4993 1468 5046 Οὐ
1514 4993 1626 5065 γὰρ
1676 4988 1790 5048 οἷόν
1815 5010 1876 5047 τε

276 5076 350 5153 ἦν
375 5081 441 5134 τὸ
482 5082 613 5135 ἴδιον
671 5084 773 5155 τῆς
824 5082 1119 5155 ἀνθρώπου
1187 5082 1367 5154 ψυχῆς
1389 5085 1762 5156 ξπαραστῆσαι
1808 5084 1876 5138 δι’

277 5174 520 5245 αἵματος
567 5176 917 5246 ἀνθρωπίνου
951 5192 965 5206 ⁸
1007 5178 1147 5251 ὅπερ
1185 5178 1261 5252 μὴ
1304 5179 1587 5250 ὲκχεῖσθαι
1612 5179 1873 5246 διέταξεν.

292 5266 383 5331 Ὠς
403 5266 502 5322 οὖν
550 5267 613 5321 σύ
622 5268 826 5339 μεολον
849 5269 1077 5342 χωρίζει
1106 5272 1201 5325 τοῦ
1226 5271 1503 5343 σώματος.

357 5572 402 5604 ³⁸
433 5570 541 5630 Isa.
572 5589 690 5641 uti,
722 5576 777 5629 4.
856 5576 897 5608 ¹⁹
923 5573 1130 5631 IJoan.
1164 5592 1226 5643 ιι,
1262 5578 1313 5643 1,
1347 5578 1402 5631 2.

1978 4808 2145 4863 batur
2175 4823 2307 4864 arte.
2340 4807 2544 4865 Verum
2583 4808 2874 4871 animalia,
2915 4806 2963 4863 si
3000 4806 3204 4875 alioqui
3231 4806 3557 4861 mactaban-

1977 4906 2090 4963 tur,
2127 4911 2322 4951 eorum
2366 4895 2598 4967 sanguis
2621 4895 2983 4951 occulebatur
3014 4902 3187 4948 terra.
3220 4891 3330 4948 Sed
3362 4908 3425 4949 ea
3473 4909 3559 4949 res

1983 4972 2322 5058 symbolum,
2385 4987 2493 5042 etsi
2536 4986 2591 5041 lu
2630 4985 2852 5041 inferno
2879 4984 3046 5056 358
3083 4984 3196 5041 sint
3227 4986 3443 5049 animae,
3478 4995 3559 5039 ta-

1980 5095 2107 5135 men
2133 5095 2229 5136 eas
2256 5094 2370 5133 non
2400 5094 2467 5135 eo
2498 5079 2684 5142 modo.
2724 5094 2835 5149 quo
2860 5092 3116 5148 corpora.
3160 5078 3407 5132 interire.
3440 5076 3561 5132 Non

1983 5172 2133 5226 enim
2183 5171 2388 5225 licebat
2437 5170 2830 5241 proprietatem
2881 5170 3141 5224 humana:
3174 5169 3561 5225 aninmuobis

1979 5273 2427 5318 commonstrare
2477 5278 2577 5333 per
2630 5263 2958 5333 sanguinem
3000 5263 3347 5329 humanum,
3394 5277 3557 5331 quem

1977 5355 2214 5411 fundere
2243 5357 2390 5411 Deus
2408 5355 2717 5426 prohibuit.
2745 5354 2980 5426 Separat
2998 5353 3184 5424 itaque
3207 5352 3559 5424 sanguinem,

1978 5457 2037 5503 ut
2060 5448 2394 5522 symbolum,
2427 5463 2456 5501 a
2497 5462 2752 5517 corpore.

1479 5580 1525 5610 ²⁰
1572 5577 1733 5633 llebr.
1767 5597 1845 5648 vl,
1882 5581 1968 5647 i9,
1999 5584 2089 5639 20.
2167 5585 2208 5615 "
2253 5582 2430 5637 Exod.
2472 5598 2568 5647 xu,
2601 5581 2709 5651 μθ.

1792 5699 2031 5758 NOT/E.

353 5811 472 5882 (15)
520 5809 582 5864 Ὅ
618 5810 825 5884 Ὅμηρ.
869 5777 1091 5885 ἐνστίχ.
1127 5818 1174 5864 υ⁹
1218 5813 1315 5883 τῆς
1346 5811 1390 5885 β’
1422 5814 1552 5886 ραψ.
1584 5816 1681 5887 τῆς
1731 5817 1911 5874 Ίλιάδ.
