3864 6496
509 347 613 417 7m
1813 339 2167 402 PROCOPII
2208 339 2455 400 GAZJEI
3124 340 3132 346 ν
3646 340 3735 402 τδε

588 463 747 531 Quod
781 462 1027 517 dicitur:
1064 460 1140 516 Ut
1208 460 1362 515 olera
1403 459 1672 531 graminis
1709 457 1891 515 edetis
1920 461 1989 523 “,
2025 478 2041 509 ι
2069 467 2221 525 etc.;
2260 458 2409 513 hunc
2446 457 2607 512 babel
2647 472 2875 514 sensum
2911 458 3071 513 :vult
3112 458 3492 513 demonstrare
3527 457 3731 523 Noaeho.

514 552 662 625 quod
702 566 929 622 gramen
958 550 1029 604 sit
1061 558 1210 603 terra
1245 557 1301 603 et
1337 564 1405 603 ex
1438 557 1584 603 terra
1628 555 1975 619 prorumpat.
2011 546 2163 612 Quod
2197 561 2329 601 vero
2356 547 2710 616 sanguinem,
2747 545 2843 615 qui
2869 561 3095 616 quoque
3124 562 3187 601 ex
3233 553 3385 599 terra
3424 546 3735 614 proveniat:

515 640 846 710 corporibus
872 637 1282 708 segregandum
1321 637 1635 706 praecipiat,
1664 636 1718 690 id
1748 635 1871 689 ideo
1898 634 2043 697 ﬁeri,
2074 642 2134 687 ut
2158 634 2389 705 sanguis
2424 636 2496 688 sit
2528 634 2689 703 quasi
2728 635 3043 705 synfbolum
3070 634 3272 688 animae
3301 632 3563 686 humanae.
3598 632 3735 687 Simul

516 743 738 801 quoque
766 726 1104 791 declaratur,
1141 723 1291 795 quod
1332 734 1689 793 comparatur
1723 724 1905 778 brutis
1940 722 2296 787 animalibus,
2343 730 2599 792 respectu
2638 725 2871 786 mortis.
2911 722 3078 777 homo
3104 765 3117 789 ,
3162 723 3297 775 licet
3335 720 3512 790 quoad
3544 733 3739 774 mentem

519 820 679 888 longe
704 817 796 870 illa
831 814 1151 869 antecedat.
1187 814 1287 868 Sin
1331 824 1513 867 autem
1545 823 1733 883 spreta
1764 820 1948 866 mente
1976 820 2243 881 sequatur
2265 810 2621 864 turbulentos
2650 808 2902 877 allectus,
2933 826 3033 881 per
3062 810 3255 864 omnia
3286 808 3617 863 assimilalur
3652 808 3743 863 bel-

519 907 646 962 luis.
677 902 814 959 Nam
849 903 1034 973 qualis
1066 910 1151 957 est
1178 916 1328 956 mors
1359 901 1602 963 illarum,
1634 900 1817 971 inquit
1848 899 2162 971 Scriptura,
2199 900 2326 954 talis
2356 910 2442 954 est
2475 914 2627 953 mors
2658 899 2831 953 illius.

590 1013 695 1081 Qui
742 1026 877 1068 vero
927 1010 1081 1065 nullo
1129 1010 1345 1065 delectu
1395 1009 1610 1073 habito,
1662 1024 1764 1064 nec
1812 1024 2111 1079 perpessus

2296 1008 2358 1061 '0
2384 1007 2439 1060 δὲ
2469 1007 2649 1072 ὲξίσου
2673 1012 2787 1071 τοῖς
2820 1009 3017 1080 κρέασι
3047 1026 3140 1063 και
3162 1009 3239 1081 τῷ
3272 1008 3470 1078 αἵματι
3494 1005 3748 1077 χρώμενος,

520 1109 640 1178 lege
670 1104 861 1161 divina
890 1114 998 1157 tam
1032 1103 1299 1158 carnibus
1331 1118 1496 1172 quam
1528 1104 1802 1173 sanguine
1824 1102 2046 1157 victitav

2228 1098 2666 1170 ἑξολοθρεύεται,
2728 1100 3016 1154 τουτέστιν
3062 1103 3088 1155 ὁ
3132 1100 3428 1170 γινόμενος
3478 1099 3631 1168 σὰρξ.
3684 1103 3754 1151 καὶ

521 1198 615 1264 rit,
666 1195 1069 1260 eradicabitur,
1129 1194 1181 1249 id
1214 1204 1318 1260 est,
1367 1195 1465 1264 qui
1506 1194 1733 1265 penitus
1782 1195 2047 1265 exsequitl

2228 1190 2460 1261 φθείρων
2512 1192 2591 1255 είς
2653 1192 2834 1262 σάρκα
2862 1193 2922 1245 ’τὸ
2961 1192 3174 1264 νοερὸν,
3232 1192 3329 1245 καὶ
3382 1191 3441 1243 τὸ
3489 1190 3754 1259 ἐμφυσηθὲν

523 1292 803 1345 dictamen
836 1288 1046 1352 carnis,
1082 1302 1193 1357 qua
1228 1288 1400 1357 impie
1430 1286 1667 1343 suﬁ‘ocat
1699 1298 1938 1342 mentem
1964 1287 2049 1342 div

2229 1284 2289 1346 ;l;
2324 1283 2438 1335 ἴσον
2468 1281 2546 1352 τῷ
2573 1282 2868 1336 πλασθέντι
2926 1283 3237 1347 καθέλκων,
3275 1284 3370 1335 καὶ
3395 1281 3619 1347 δοξάζων
3645 1282 3755 1333 οὕτω

523 1386 680 1438 nitus
704 1382 1057 1453 inspiratam,
1097 1396 1220 1451 quae
1250 1390 1335 1435 est
1363 1380 1546 1450 imago
1580 1378 1674 1435 Dei
1707 1380 1809 1448 (sic
1830 1381 1977 1433 enim
2012 1396 2045 1434 n

2226 1375 2345 1446 περὶ
2385 1374 2588 1444 ψυχῆς.
2625 1375 2684 1428 'O
2716 1375 2826 1447 γὰρ
2872 1375 3014 1429 κατά
3040 1378 3223 1446 σάρκα
3278 1375 3391 1439 ζῶν
3423 1373 3752 1432 ἀποθανεῖται,

526 1473 679 1543 loqui
716 1470 783 1527 de
808 1470 992 1525 anima
1026 1470 1229 1539 decet),
1264 1484 1501 1538 eamque
1534 1468 1849 1522 contemnit
1880 1475 1933 1521 et
1961 1468 2049 1539 ign

2227 1468 2290 1531 ὣς
2313 1472 2379 1538 τῇ
2409 1467 2605 1521 ἑαυτοῦ
2654 1469 2799 1540 ψυχῇ
2851 1470 3019 1539 τιμὴν
3058 1469 3135 1540 μὴ
3173 1468 3383 1530 διδούς.
3415 1468 3571 1530 "litt;
3592 1467 3684 1519 οὐδ’
3708 1468 3753 1519 ἂν

528 1567 765 1621 miniose
793 1562 1388 1634 tractat,is,inquam,
1423 1562 1713 1626 morietur,
1741 1570 1801 1616 ut
1829 1562 1921 1631 qui
1955 1577 2054 1617 sua

2231 1564 2493 1636 ἐχωρίσθη
2519 1564 2614 1619 τοῦ
2647 1563 2921 1636 σώματος,
2945 1569 2993 1619 εί
3024 1567 3100 1637 μὴ
3122 1566 3211 1619 διὰ
3236 1566 3343 1634 τῆς
3407 1564 3613 1631 ἀπάτης
3638 1562 3757 1629 τεθή-

530 1662 826 1714 dedecoret
867 1666 921 1711 et
959 1656 1291 1711 dehonestet
1325 1656 1592 1709 animam.
1626 1653 1737 1708 Nec
1770 1654 1886 1710 haec
1918 1671 2056 1712 exce;

2230 1675 2403 1729 ρευτο.
2462 1658 2551 1711 Διὸ
2616 1659 2709 1711 καὶ
2774 1660 2904 1729 περὶ
2959 1659 3330 1729 θηρευμάτων
3390 1656 3645 1725 ἐπήνεγκε
3686 1654 3756 1721 τὴν

530 1753 696 1807 sisset
727 1764 988 1819 corpore,
1020 1749 1065 1803 si
1110 1762 1218 1801 non
1246 1746 1409 1816 quasi
1450 1747 1734 1802 venatoris
1775 1762 1942 1817 opera
1974 1746 2051 1801 fui

2226 1749 2511 1822 ἀνθρώτίτου
2590 1751 2807 1822 ψυχὴν,
2874 1751 2975 1823 τὴν
3047 1750 3424 1822 θηρευθεῖσαν
3488 1744 3752 1813 αἰνιττόμε-

530 1851 615 1899 set
636 1849 817 1912 capta.
853 1838 1209 1907 Quapropter
1246 1837 1391 1889 inter
1424 1834 1540 1896 illa,
1575 1849 1699 1903 quae
1730 1835 1985 1889 venando
2022 1849 2112 1889 ac-
2222 1859 2333 1905 νος,

528 1933 854 2003 quirunlur,
885 1926 1376 1985 collocavitetiam
1410 1926 1653 1982 hominis
1675 1926 1919 1981 animam
1956 1927 2242 2001 indagine,
2288 1939 2536 2014 inquam,
2604 1940 2845 1993 cinctum
2885 1947 2942 1993 ει
3012 1953 3066 1991 ιιι
3129 1935 3425 1990 venatoris
3494 1940 3759 2002 potestatem

530 2029 830 2083 redactam.

600 2122 754 2190 Quod
792 2122 867 2175 ait
906 2138 920 2175 :
957 2139 975 2172 ι
1017 2119 1193 2175 Homo
1226 2118 1294 2175 de
1328 2118 1458 2176 ﬁliis
1493 2118 1665 2175 Israel
1705 2128 1760 2174 et
1800 2119 2115 2191 proselyto-

2297 2122 2374 2175 Δι’
2414 2117 2487 2175 ὧν
2524 2138 2712 2192 φησιν,
2755 2140 2773 2172 ι
2810 2119 3136 2191 ’Δνθρωπος
3170 2117 3283 2172 τῶν
3324 2116 3459 2169 υἱῶν
3475 2112 3669 2185 Ἰσραὴλ
3695 2112 3762 2161 κεῖ

529 2235 678 2283 rum,
715 2236 733 2269 ι
764 2226 896 2280 etc.,
942 2214 1224 2286 signiﬁcat
1260 2214 1506 2284 gentium
1541 2230 1669 2270 cum
1714 2214 1990 2270 Israelitis
2024 2230 2055 2269 si

2234 2216 2332 2270 τῶν
2362 2216 2745 2287 προσηλύτων,
2779 2234 2795 2266 ι
2824 2214 3054 2283 τὴντῶν
3082 2212 3257 2267 ἐθνῶν
3298 2210 3440 2281 πρὸς
3476 2208 3562 2261 τὸν
3593 2204 3760 2273 Ἰσραὴλ

530 2310 790 2365 cietatem
824 2316 878 2363 et
911 2306 1391 2361 communionem.
1435 2304 1571 2359 Nam
1600 2315 1653 2360 et
1685 2305 1951 2362 lsraelita:
1983 2306 2056 2360 oli

2235 2310 2515 2364 κοινωνίαν
2540 2310 2707 2375 δηλοῖ,
2737 2304 2812 2361 ὧν
2842 2304 2983 2380 ἦσαν
3020 2308 3177 2361 αὐτοὶ
3206 2306 3495 2377 πρότεροι.
3520 2302 3603 2355 Διὸ
3630 2300 3761 2366 λέγει,

532 2401 691 2457 fuere
732 2402 799 2456 de
830 2415 1067 2470 corpore
1098 2400 1411 2470 gentilium.
1465 2396 1814 2468 Quapropter
1843 2398 2011 2454 infert
2039 2417 2052 2453 :

2234 2422 2251 2456 ‹
2278 2402 2399 2455 Τῶν
2428 2401 2841 2472 προσκειμένων
2868 2403 2926 2454 ὲν
2954 2400 3106 2469 ὑμῖν.
3138 2418 3156 2451 ι
3196 2400 3315 2452 Καὶ
3342 2398 3425 2450 ὅτι
3453 2394 3544 2449 τοῦ
3593 2390 3760 2460 Ἰσραὴλ

534 2494 638 2561 Qui
670 2500 966 2548 versantur
1000 2493 1146 2547 inter
1164 2508 1264 2548 vos
1295 2490 1583 2561 religionis
1607 2492 1806 2563 gratia.
1851 2510 1870 2543 ι
1933 2491 2060 2562 Siqu

2233 2495 2357 2558 ἴδιος
2384 2497 2416 2563 ὴ
2448 2455 2678 2561 vineam:
2700 2490 2761 2545 οὒ
2791 2493 2888 2545 καὶ
2948 2455 3004 2544 αῖ
3046 2490 3335 2561 διαθῆκαι,
3395 2486 3543 2557 δηλοῖ
3589 2455 3759 2548 λέγων·

534 2588 661 2643 dem
719 2602 847 2641 vera
882 2584 997 2654 ,Dei
1045 2584 1245 2638 notitia
1285 2584 1427 2638 inter
1458 2584 1610 2639 solos
1654 2582 1759 2637 fuit
1811 2581 2060 2639 lsraelita

2232 2587 2378 2640 ιΚαὶ
2408 2582 2538 2638 εἶπα
2570 2588 2685 2648 τοῖς
2708 2587 2846 2647 υἱοῖς
2891 2584 3112 2655 Ἰσραὴλ
3136 2624 3149 2646 ,
3178 2579 3337 2653 Αἷμα
3375 2580 3553 2650 πάσης
3602 2577 3758 2645 σαρκὸς

535 2694 771 2750 quorum
808 2688 862 2733 et
893 2684 1227 2732 testamenta
1257 2674 1435 2731 fuere.
1472 2674 1690 2731 ldcirco
1718 2674 1904 2745 inquit
1944 2694 1956 2730 :
2001 2693 2019 2726 ι
2059 2674 2061 2727 ξ

2232 2680 2281 2732 ab
2327 2677 2591 2747 φάγεσθε,
2626 2698 2642 2729 ι
2682 2679 2740 2729 ὲν
2790 2678 3085 2750 προσθήκῃ
3115 2678 3181 2729 τὰ
3212 2676 3352 2746 ἔθνη
3388 2673 3573 2728 ποιῶν.
3597 2672 3696 2722 ’Ότι

536 2772 653 2826 dixi
686 2770 814 2826 liliis
863 2767 1056 2832 lsrael,
1089 2766 1422 2837 Sanguinem
1455 2766 1638 2822 omnis
1668 2766 1863 2821 carnis
1891 2782 1998 2821 non
2030 2782 2057 2821 c

2226 2771 2422 2843 ἤμελλε
2478 2775 2789 2842 προτερεῖν,
2852 2772 2947 2823 καὶ
3002 2770 3163 2823 τοῦτο
3206 2769 3506 2838 δηλοῦται,
3554 2764 3673 2819 κατὰ
3700 2762 3752 2825 τὶ,

537 2862 815 2929 medetis,
872 2880 890 2912 ι
938 2867 1075 2923 etc.,
1114 2860 1218 2916 sub
1256 2860 1465 2929 quibus
1506 2859 1697 2915 verbis
1745 2859 2062 2930 signiﬁcatu

2232 2864 2467 2916 ιἜσται
2507 2865 2535 2916 ὁ
2568 2862 2911 2933 προσήλυτος
2967 2863 3025 2913 ἐν
3080 2864 3211 2931 ὑμῖν
3274 2864 3357 2925 εἰς
3410 2857 3653 2927 κεφαλὴν,
3692 2854 3758 2905 nl

536 2968 729 3031 gentes
777 2956 938 3027 quasi
985 2953 1424 3009 additamentum
1476 2952 1758 3023 quoddam
1798 2953 2062 3024 obrepsis

2232 2957 2381 3028 ὑμεῖς
2405 2957 2596 3010 ἔσεσθε
2626 2958 2707 3019 εἰς
2727 2957 2915 3026 οὐράν.
2938 2974 2956 3005 ι
3006 2956 3138 3008 Ἰδοὺ
3173 2956 3289 3026 γὰρ
3315 2954 3409 3007 νῦν
3428 2955 3456 3006 ὁ
3488 2952 3580 3022 μὲν
3594 2944 3758 3019 Ἰσραὴλ

539 3051 645 3123 legi
673 3049 896 3105 divinas.
939 3046 1096 3116 Quod
1130 3062 1260 3101 vero
1290 3047 1502 3117 primas
1540 3046 1687 3101 inter
1717 3044 1943 3102 Judaeos
1985 3062 2065 3119 ger

2233 3050 2369 3104 κατὰ
2401 3050 2582 3119 σάρκα
2605 3050 2696 3119 ζῇ,
2729 3049 2798 3101 τὰ
2826 3048 2885 3101 δὲ
2912 3046 3039 3116 ἔθνη
3074 3047 3217 3100 κατὰ
3245 3046 3494 3117 πνεῦμα.
3528 3045 3687 3113 Σάρκα
3701 3040 3759 3104 δὲ,

539 3151 625 3199 tes
674 3147 861 3198 essent
900 3140 1196 3203 habiturae,
1232 3139 1542 3195 ostendunt
1585 3139 1874 3209 sequentia
1907 3140 2065 3195 verba

2232 3139 2381 3208 φασὶ,
2404 3140 2559 3192 καλεί
2578 3140 2668 3191 τὸν
2689 3138 2997 3212 ἄνθρωπον,
3024 3139 3251 3191 καθόλου
3284 3139 3464 3207 λέγων
3487 3138 3601 3207 περὶ
3625 3134 3758 3199 ζώων·

546 3254 565 3289 ι
597 3233 717 3289 Erit
750 3233 1088 3304 proselytus,
1121 3230 1217 3301 qui
1264 3231 1408 3284 inter
1439 3246 1538 3285 vos
1571 3238 1682 3295 est,
1724 3232 1778 3284 in
1818 3239 1986 3300 caput
2026 3248 2072 3285 :1

2232 3233 2261 3302 ἢ
2293 3232 2403 3302 γὰρ
2430 3231 2577 3302 ψυχὴ
2612 3232 2791 3303 πάσης
2831 3232 3034 3303 σαρκὸς
3061 3226 3203 3301 αἷμα
3233 3233 3410 3286 αὑτοῦ
3448 3234 3588 3284 ἐστιν
3617 3247 3627 3257 ·
3656 3226 3758 3280 ἀλλὰ

540 3343 642 3384 vos
679 3326 836 3381 eritis
880 3326 937 3378 in
969 3322 1216 3392 .caudam
1245 3324 1311 3378 ”.
1352 3343 1371 3376 ι
1407 3321 1681 3378 Praeterea
1705 3323 2039 3388 etiamnum,

2233 3326 2326 3379 καὶ
2355 3325 2533 3395 ψυχὴν
2551 3325 2640 3377 τὸν
2665 3324 2973 3396 ἄνθρωπον.
3016 3343 3034 3375 ‹
3064 3326 3366 3396 Πᾶσαλγάρ
3395 3325 3535 3394 ψυχὴ
3556 3323 3662 3393 ἥτις
3683 3322 3759 3389 φά-

542 3420 857 3491 ειοιηριιιιιι
887 3416 1283 3472 conferendum
1314 3426 1422 3481 est,
1452 3416 1623 3472 lsrael
1656 3416 1791 3471 vivit
1821 3417 2068 3473 secundu

1684 3416 1791 3471 ivit
1821 3417 2125 3473 secundum
2234 3434 2392 3486 γεται
2426 3417 2771 3488 θνησιμαῖον,
2795 3434 2811 3465 ι
2850 3416 2945 3468 καὶ
2967 3416 3034 3468 τά
3064 3417 3210 3487 ἑξῆς.

544 3536 768 3578 carnem
813 3536 827 3572 :
869 3527 925 3573 at
974 3526 1168 3588 gentes
1216 3518 1413 3573 vivunt
1480 3520 1789 3574 secundum
1840 3520 2121 3590 spiritum.
2162 3522 2433 3591 Inquiunt
2464 3521 2713 3592 quidam,
2744 3522 2849 3575 hoc
2879 3520 3000 3573 loco
3032 3531 3257 3572 carnem
3333 3522 3445 3568 dlCl
3505 3509 3761 3577 nominem;

548 3629 670 3685 qua
734 3626 869 3667 caro
909 3610 1308 3665 universaliter
1360 3610 1430 3665 de
1520 3613 1783 3669 omnibus
1828 3614 2167 3684 praedicatur
2241 3616 2643 3671 animantibus.
2704 3613 2841 3668 Nam
2889 3614 3076 3668 anima
3121 3610 3309 3665 omnis
3364 3606 3544 3662 carnis
3585 3599 3761 3668 sanguis

547 3708 670 3780 ejus
700 3718 809 3765 est.
844 3706 1041 3761 Anima
1071 3716 1335 3777 praaterea
1382 3708 1695 3776 appellatur
1732 3709 1921 3766 homo.
1955 3709 2089 3765 Nam
2118 3729 2132 3767 :
2179 3729 2198 3763 ι
2230 3710 2424 3768 Omnis
2446 3715 2651 3775 anima,
2680 3728 2802 3783 quae
2825 3711 3000 3766 ederit
3033 3709 3292 3771 cadaver,
3340 3724 3359 3759 ι
3395 3712 3501 3758 etc.

623 3828 717 3884 Sic
748 3829 802 3883 in
835 3826 981 3882 libro
1020 3824 1300 3881 Geneseos
1334 3824 1535 3895 legitur
1562 3844 1574 3880 :
1610 3844 1628 3877 ι
1662 3825 1729 3880 Et
1764 3836 1923 3883 erant
1954 3843 2150 3885 omnes
2195 3830 2396 3887 anima:
2420 3873 2437 3901 ,
2467 3847 2592 3904 quae
2625 3848 2688 3887 ex
2718 3831 2890 3886 Jaenb
2927 3844 3241 3901 pregressa:
3265 3834 3451 3890 erant,
3474 3814 3757 3889 septuaginta

551 3918 796 3988 quinque
826 3914 894 3968 “.
932 3933 949 3965 ι

624 4030 757 4099 Quae
790 4046 919 4085 vero
964 4028 1229 4083 dicuntur
1272 4030 1337 4081 de
1373 4028 1664 4084 amucndis
1708 4030 1980 4095 vestibus,
2029 4033 2135 4087 buc

2320 4035 2383 4088 Ἢ
2413 4036 2609 4100 πλύσις
2629 4036 2736 4090 τῶν
2760 4036 2995 4107 ἱματίων
3025 4035 3120 4087 καὶ
3144 4034 3176 4104 ἡ
3205 4031 3415 4095 λοῦσις,
3444 4026 3540 4097 τὴν
3582 4022 3672 4078 ἀπὸ
3697 4033 3756 4069 νε-

553 4126 852 4198 pcrtinent,
899 4130 958 4177 ut
997 4124 1251 4178 eluamus
1296 4122 1582 4178 mortifera
1628 4140 1820 4193 opera,
1866 4125 1961 4195 qui
2014 4141 2079 4195 pu

2236 4127 2386 4198 κρῶν
2408 4127 2587 4198 ἔργων
2628 4127 2899 4198 κάθαρσιν
2926 4126 3103 4197 δηλοῖ,
3149 4123 3245 4195 τὴν
3278 4123 3374 4177 διὰ
3395 4114 3607 4188 λουτροῦ
3658 4113 3756 4165 ἁπι-

556 4218 903 4289 reperiatnur
947 4216 1000 4269 in
1034 4215 1229 4269 futuro
1269 4217 1499 4271 saeculo.
1537 4215 1669 4270 Nam
1706 4217 1927 4287 inquit:
1969 4236 1987 4269 ι
2027 4218 2082 4271 lu

2234 4220 2567 4292 τελουμένην
2619 4223 2698 4284 είς
2747 4221 2840 4273 τὸν
2881 4220 3146 4289 μέλλοντα
3196 4216 3397 4269 αίῶνα.
3429 4231 3448 4265 ‹
3488 4206 3755 4274 Ἀκάθαρτος

553 4325 731 4381 purus
769 4308 877 4364 erit
920 4322 1101 4375 usque
1146 4305 1217 4360 ad
1263 4320 1573 4375 vesperam,
1630 4318 1682 4361 et
1726 4324 1897 4377 purus
1938 4310 2068 4364 erit.

2234 4312 2363 4383 γὰρ,
2425 4315 2613 4382 φησὶν,
2657 4312 2813 4366 ἔσται
2873 4312 2979 4375 ἕως
3036 4312 3344 4381 ἑσπέρας.»
3393 4304 3613 4372 Ἐςπέρα
3643 4297 3687 4350 δὲ
3714 4292 3755 4343 τὸ

554 4398 804 4470 Vespera
894 4397 1185 4468 portendit
1284 4398 1854 4453 consummationem.
1929 4399 2080 4453 Idcirn

2242 4404 2415 4469 τέλος.
2451 4406 2562 4477 (14)
2587 4406 2694 4460 Καὶ
2722 4409 2750 4459 ὁ
2782 4412 2857 4476 μὴ
2884 4403 3239 4472 λουσάμενος,
3310 4399 3448 4470 μηδὲ
3490 4395 3579 4465 τὴν
3605 4392 3652 4444 ὲν
3674 4384 3754 4454 (15)

554 4506 732 4564 agnus
760 4489 1153 4546 immolabatur
1175 4488 1282 4543 sub
1314 4503 1599 4558 vesperam
1630 4491 1843 4545 mundi.
1871 4490 1974 4557 Qui
2008 4508 2080 4547 vel

2111 4507 2139 4547 0
2244 4495 2514 4567 πνεύματι
2536 4495 2718 4549 λαϐὼν
2750 4496 2978 4565 ἐσθῆτα,
3021 4494 3250 4565 λήψεται
3281 4492 3381 4563 τὴν
3413 4487 3637 4557 ἀνομίαν.

556 4599 668 4640 non
704 4584 873 4639 fuerit
896 4583 1071 4646 lotus,
1097 4580 1195 4636 sed
1228 4580 1551 4634 immundus
1579 4582 1788 4645 illuvie,
1821 4600 1919 4637 nec
1944 4584 2182 4640 indueri'
2211 4588 2554 4659 splendidum
2590 4590 2877 4654 vestitum,
2912 4590 3127 4645 scilicet
3188 4588 3245 4641 in
3316 4585 3531 4655 spiritu,
3589 4581 3646 4637 is.
3694 4573 3754 4625 in-

553 4693 741 4753 quam,
768 4677 1004 4748 accipiet
1043 4689 1201 4733 suam
1226 4673 1596 4744 iniquitatem.

626 4793 759 4849 ldeo
789 4791 967 4847 fertur
1003 4808 1018 4845 :
1061 4810 1078 4842 ι
1115 4788 1223 4856 Qui
1259 4804 1368 4843 non
1413 4788 1578 4842 fuerit
1606 4797 1769 4841 natus
1801 4788 1855 4841 in
1887 4804 2028 4861 aqua
2058 4802 2111 4846 el
2137 4794 2363 4864 spiritu,
2391 4794 2449 4850 in
2480 4810 2708 4868 regnum
2742 4795 2979 4851 caeleste
3005 4808 3115 4849 non
3148 4792 3491 4863 ingredietur
3520 4788 3589 4849 ¹⁸;
3624 4802 3638 4835 ι
3667 4779 3753 4851 qui-

555 4884 660 4939 bus
690 4879 877 4937 verbis
903 4879 1289 4950 percelluntur
1320 4876 1479 4947 impii
1504 4884 1559 4931 et
1595 4875 1889 4931 increduli.

630 4991 701 5047 Et
728 4992 783 5045 in
802 4990 1047 5060 legitimis
1066 5005 1247 5043 eorum
1273 5004 1373 5042 non
1404 4987 1774 5053 ambulabilis,
1795 4968 1903 5044 etc.
1924 4988 2139 5062 [XVIIL

2313 4996 2513 5069 Πορεία
2565 4998 2673 5066 γάρ
2704 5014 2789 5061 τις
2845 4995 3255 5068 εκτετριμμένη
3316 4995 3416 5064 τῆς
3473 4977 3748 5069 εὐσεσείαςθ

558 5084 641 5160 5.]
681 5083 819 5139 Nam
856 5082 1065 5137 malitia
1106 5082 1223 5136 sive
1262 5090 1551 5150 peceatum
1597 5089 1684 5135 est
1733 5083 1837 5135 iter
1865 5084 2081 5153 quodda

2242 5090 2498 5161 πονηρία,
2533 5090 2603 5159 ἢν
2636 5091 2857 5154 ἑαυτοῖς
2917 5090 3219 5158 ἐπενόησαν
3270 5089 3551 5157 ἄνθρωποι,
3586 5077 3665 5144 τήν
3682 5066 3748 5121 τοῦ

557 5178 777 5242 tritum,
822 5173 971 5245 quod
1013 5171 1295 5227 exorbitat
1328 5187 1355 5223 a
1388 5178 1539 5225 recta
1574 5179 1631 5225 et
1667 5171 1819 5242 regia
1860 5175 1967 5227 via.
2001 5172 2083 5228 illi

2248 5181 2384 5235 Θεοῦ
2418 5182 2645 5255 πορείαν
2669 5183 2763 5235 καὶ
2786 5182 2926 5234 κατὰ
2975 5180 3137 5249 φύσιν
3166 5180 3418 5248 ἀφέντες,
3442 5174 3529 5229 καὶ
3548 5168 3629 5238 τὴν
3650 5161 3748 5255 ίόἱιιν

558 5273 665 5329 iter
692 5268 1084 5339 excogitarunt
1109 5274 1163 5320 et
1198 5266 1528 5319 invenerunt
1557 5262 1665 5319 sibi
1695 5263 1970 5334 homines,
2009 5268 2084 5321 rel

2251 5276 2837 5346 ἀντινομοθετήσαντες
2872 5274 2932 5339 ἐξ
2983 5273 3327 5335 ἀποστασίας
3374 5263 3746 5346 ἀρξαμένην

558 5372 649 5421 cta
702 5362 894 5418 divina
937 5367 991 5416 et
1026 5356 1273 5414 naturali
1318 5355 1428 5410 via.
1461 5354 1704 5411 Proinde
1746 5356 1983 5428 ingrcssi
2012 5374 2084 5414 su

2250 5368 2394 5421 κατὰ
2420 5342 2510 5422 τὸν
2547 5342 2738 5440 Ἀδάμ.
2778 5368 2870 5421 Διὸ
2899 5366 3083 5432 ξένους
3121 5365 3229 5421 τῶν
3255 5368 3312 5418 ὲν
3341 5358 3616 5432 ἀνθρώποις
3643 5342 3743 5400 ὲθῶν

632 5480 675 5510 “
731 5478 870 5534 Gen.
923 5493 1001 5541 ιιι,
1035 5474 1090 5531 3.
1169 5472 1215 5503 "
1262 5470 1421 5527 Deut.
1457 5484 1652 5536 xxvm,
1679 5469 1766 5525 44.
1844 5470 1891 5502 ’⁸
1930 5470 2066 5528 Gen.
2099 5490 2225 5541 xxv,
2262 5476 2312 5531 7.
2388 5476 2619 5532 "Joan.
2671 5495 2752 5545 nr,
2790 5478 2842 5532 5.

2062 5563 2295 5621 ΝΟΤΑΞ.

666 5662 752 5744 Ml
784 5660 1032 5744 Ἐσπέρα
1048 5658 1243 5744 Itiro-ro
1281 5656 1462 5744 ’τέλοςλ
1485 5654 1576 5744 fit?)
1606 5654 1701 5744 καὶ.
1726 5656 1924 5744 θάμνρς
1957 5656 2145 5741 ἐθύετο
2326 5662 2454 5744 (15).
2616 5662 2849 5744 φαιᾷρὰν
2877 5661 3092 5744 ὲσθῃῆτα-
3116 5656 3429 5744 μεταλαριῦν
3446 5650 3538 5738 τὴν
3556 5647 3607 5700 ἂν
3627 5630 3739 5696 πνεύ-

564 5726 1333 5869 πρδςοὲσῖεέῗῖίγτοῦὦόσμου
1358 5726 1568 5780 παθών·
1636 5726 1693 5781 Ὀ
1719 5726 1776 5780 δὲ
1809 5730 1883 5801 μὴ
1909 5728 2140 5799 λουσάμο
2256 5726 2669 5805 ματι,’λήψεται
2698 5726 2796 5805 τῆν
2816 5726 3048 5804 ἀνομίαν
3082 5726 3271 5785 αυτοῦ.
3319 5728 3374 5783 ’0
3404 5726 3511 5781 αὐτ.

566 5819 655 5859 κτ.
762 5819 860 5873 της
939 5820 966 5854 υ
1015 5838 1029 5855 .
1059 5817 1093 5853 κ
1174 5841 1188 5855 .
