4038 6576
227 471 339 535 733
1245 480 1782 543 COMMENTARII
1817 482 1899 541 IN
1942 481 2385 544 LEVITICUM.
3267 419 3281 442 ⁸
3408 485 3514 549 75‘.

224 587 361 650 τοὺς
392 589 556 657 ἰδίους
592 599 754 662 ποιεῖ,
787 597 1118 671 ἀποτρέπων
1138 593 1261 651 ὁδοῦ
1287 593 1396 649 τῶν
1425 594 1551 649 ὅθεν
1573 591 1813 663 ἐξῆλθον,

1881 616 1899 657 ι
1928 594 2036 648 iter
2077 595 2423 650 contrarium
2459 594 2662 651 divinae
2688 596 2830 665 viae;
2863 604 2917 653 et
2956 596 3103 654 istud
3130 598 3313 654 secuti
3356 607 3511 665 sunt,

226 682 331 733 καὶ
368 685 449 747 εἰς
477 684 570 751 οὓς
595 691 1032 762 εἰδπορεύονται.

1923 686 2070 741 facto
2100 687 2263 741 initio
2297 702 2326 741 a
2361 688 2611 757 primaevi
2644 689 2888 745 hominis
2931 690 3159 747 delicto.
3205 689 3332 747 Ideo
3366 689 3512 746 Deus

226 781 484 835 ostendit
513 798 641 838 suas
669 785 1100 840 consuetudines
1128 781 1425 853 plurimum
1455 779 1676 837 diti‘erre
1702 797 1731 835 a
1770 780 2272 837 consuetudinibus
2304 780 2614 847 hominum,
2650 782 3085 855 adhortaturque
3110 796 3167 839 ttt
3194 785 3421 841 redeant
3452 785 3508 840 in

226 873 404 938 viam,
444 889 511 928 ex
551 890 659 945 qua
697 873 1031 931 deﬂexerant
1064 874 1252 945 impie,
1280 887 1442 943 quam
1472 873 1566 943 qui
1601 873 1685 929 ire
1717 872 1982 939 instituit,

228 988 437 1059 inquit,
468 1000 525 1043 ut
551 990 784 1045 habetur
817 992 872 1045 in
906 989 1130 1046 Psalmo
1162 1010 1175 1046 :
1212 1010 1231 1043 ι
1267 991 1407 1047 Vide
1434 1007 1503 1046 an
1531 992 1617 1045 via
1647 990 1961 1061 iniquitatis
2004 991 2075 1045 sit
2106 990 2160 1044 in
2192 1006 2299 1055 me,
2338 998 2393 1045 et
2419 990 2529 1046 duc
2562 1007 2649 1047 me
2680 993 2735 1048 in
2774 995 2971 1049 semita
2999 1001 3206 1051 aeterna
3239 996 3308 1051 “.
3348 994 3505 1049 Part-

227 1078 322 1132 bit
350 1078 495 1134 enim
527 1079 823 1149 impiorum
852 1079 939 1133 via
972 1079 1016 1110 ’⁷
1048 1097 1061 1132 :
1095 1099 1113 1131 ο
1149 1090 1201 1134 et
1231 1080 1380 1143 illos,
1406 1079 1499 1149 qui
1540 1094 1636 1149 per
1658 1081 1800 1133 hanc
1830 1080 2113 1145 incedunt,
2132 1079 2337 1135 Paulus
2370 1090 2531 1135 vocat
2556 1081 2792 1151 perditos
2828 1083 3077 1150 ".cQuaa
3111 1084 3321 1140 faciens
3346 1086 3508 1139 homo

228 1168 388 1221 vivet
418 1169 471 1221 in
498 1168 604 1229 eis,
632 1187 650 1219 ι
679 1178 789 1222 etc.
821 1166 958 1221 Nam
989 1178 1047 1222 et
1098 1170 1181 1222 lex
1229 1184 1452 1238 quoque
1492 1168 1663 1221 vitam
1709 1168 2005 1240 pollicetur
2038 1187 2051 1222 :
2084 1176 2138 1221 et
2185 1165 2445 1222 Salvator
2486 1170 2757 1239 quaerenti
2803 1172 2973 1225 vitam
3024 1173 3337 1242 praescribit
3379 1170 3512 1242 legis

230 1272 436 1327 opera.
469 1257 769 1322 Caeterum,
822 1264 881 1311 ut
912 1273 1013 1312 nos
1054 1258 1124 1312 ab
1160 1258 1265 1311 hac
1302 1258 1412 1312 vita
1440 1257 1494 1311 in
1527 1266 1790 1311 aeternam
1838 1254 2080 1310 deducat
2114 1254 2491 1319 Christus,ita
2519 1259 2767 1326 loquitur
2806 1277 2819 1313 :
2863 1275 3012 1323 eum,
3036 1276 3197 1330 quem
3235 1275 3344 1315 non
3368 1260 3509 1315 libe-

228 1363 365 1401 rum
414 1347 607 1402 fecerit
635 1345 835 1411 Filius,
875 1363 983 1401 non
1017 1362 1243 1400 manere
1277 1347 1330 1400 in
1363 1347 1525 1401 domo
1567 1348 1621 1400 in
1661 1344 1826 1417 359
1857 1354 2126 1399 aeternum
2156 1343 2224 1397 ³³.
2264 1342 2550 1414 Siquidem
2588 1361 2786 1401 servus
2811 1346 2902 1409 sit,
2949 1356 3003 1402 et
3028 1349 3208 1403 adhuc
3254 1356 3510 1404 teneatur

228 1446 293 1491 et
332 1436 665 1491 sollicitetur
698 1435 885 1490 servili
926 1444 1074 1490 metu
1108 1452 1122 1489 :
1163 1435 1577 1505 plurimumque
1612 1434 1891 1503 discrepet
1927 1449 1957 1486 a
1987 1432 2123 1497 ﬁlio,
2156 1431 2249 1502 qui
2278 1433 2534 1488 libertate
2564 1440 2618 1488 et
2658 1434 2898 1489 veritate
2924 1434 3153 1490 fruitur.

316 1524 514 1582 Nullus
535 1529 604 1582 ad
622 1530 973 1597 propinquum
995 1529 1172 1582 carnis
1191 1545 1300 1584 suae
1318 1528 1555 1592 accedat,
1578 1537 1684 1581 etc.
1708 1524 1923 1599 [XVIIL
1941 1524 2022 1598 6.]
2045 1525 2170 1581 Vult
2202 1535 2262 1579 ut
2291 1527 2559 1597 sanguine
2585 1527 2749 1583 nobis
2780 1529 3097 1599 conjunctis
3133 1530 3387 1600 personis
3414 1545 3514 1586 sua

230 1617 557 1671 reverentia
593 1627 646 1670 et
679 1616 923 1685 gravitas
952 1624 1326 1672 conservetur
1359 1616 1595 1671 illibata.
1633 1614 1907 1669 Praeterea
1955 1613 2253 1684 diligenter
2291 1616 2424 1685 agit,
2470 1626 2530 1669 ιιι
2575 1617 2795 1688 singula
2828 1633 3028 1688 genera
3072 1634 3182 1672 non
3213 1618 3515 1689 deturpen-

233 1713 340 1757 tur
362 1703 714 1765 confusione,
773 1704 994 1760 scilicet
1034 1719 1102 1758 ne
1157 1702 1305 1759 filius
1354 1704 1427 1759 sit
1458 1703 1711 1773 ejusdem
1744 1703 1962 1765 matris,
2010 1704 2171 1771 cujus
2224 1702 2371 1757 filius
2421 1713 2529 1766 est,
2586 1706 2756 1759 etiam
2811 1707 3093 1762 maritus:
3129 1717 3184 1762 et
3221 1723 3289 1762 ne
3318 1708 3388 1771 is,
3420 1706 3514 1777 qui

236 1800 406 1863 pater
432 1801 512 1846 est
547 1792 794 1861 alicujus
819 1792 966 1856 filiae,
993 1792 1243 1861 ejusdem
1278 1792 1403 1847 filiae
1436 1808 1657 1862 quoque
1687 1792 1760 1846 sit
1804 1791 2063 1845 maritus.
2101 1790 2225 1846 Haec
2251 1800 2305 1847 ct
2339 1792 2425 1846 his
2457 1792 2659 1847 similia
2701 1794 2998 1863 generibus
3029 1810 3283 1866 magnam
3314 1795 3517 1865 impor-
3583 1858 3587 1865 Α

235 1888 368 1933 tant
402 1880 804 1945 confusionem,
835 1895 959 1933 cum
995 1878 1260 1934 decorum
1296 1895 1406 1934 non
1440 1882 1798 1935 observatur.
1851 1877 1988 1933 Nam
2033 1895 2197 1935 nemo
2229 1890 2518 1937 reveretur
2548 1882 2672 1936 illas
2714 1898 3006 1951 personas,
3041 1899 3167 1938 cum
3195 1885 3397 1954 quibus
3423 1899 3524 1953 per

238 1968 425 2036 stupri
460 1968 920 2023 consuetudinem
948 1967 1348 2022 commiscetur
1381 1985 1395 2023 :
1437 1967 1548 2022 imo
1591 1968 1770 2036 pudor
1799 1975 1855 2022 et
1890 1968 2201 2023 reverentia
2234 1970 2418 2023 omnis
2465 1969 3037 2025 evanescit.*Etiamsi
3069 1971 3196 2041 quis
3227 1971 3520 2038 concedat,

235 2065 299 2108 ut
328 2055 455 2124 quis
492 2070 603 2108 rem
636 2054 856 2118 habeat,
892 2055 988 2110 sed
1023 2054 1090 2109 ad
1117 2055 1281 2110 breve
1312 2062 1551 2125 tempus,
1591 2070 1717 2109 cmn
1778 2055 2010 2109 muliere
2042 2070 2232 2109 severa
2263 2064 2317 2109 et
2349 2056 2550 2125 pudica
2601 2074 2614 2111 :
2654 2056 3026 2113 nihilominus
3074 2058 3256 2129 pudor
3286 2066 3342 2115 et
3366 2073 3525 2113 reve-

236 2144 421 2197 rentia
452 2144 904 2213 exstinguuntur.
937 2143 1057 2208 Quo
1080 2143 1231 2198 circa
1268 2141 1480 2199 Paulus
1520 2142 1926 2198 continentiam
1950 2136 2250 2213 ‘nuncupat
2283 2143 2571 2200 honestam
2598 2144 2665 2199 '°.
2704 2142 2775 2200 Ut
2821 2156 3008 2201 autem
3045 2147 3252 2203 timore
3279 2146 3523 2219 quodam

235 2233 602 2287 inhibeantur
635 2232 703 2287 ab
735 2232 1020 2302 impudico
1057 2232 1151 2286 illo
1176 2233 1502 2295 concubitu,
1539 2232 1695 2287 addit
1732 2251 1745 2287 :
1784 2251 1803 2283 ι
1834 2233 1948 2302 Ego
1983 2230 2269 2287 Dominus.
2309 2252 2326 2284 ι

314 2349 389 2402 Tb
412 2350 469 2402 δὲ
494 2348 595 2419 τῆς
621 2347 967 2418 ὁμοπατρίας
992 2346 1252 2419 ἀδελφῆς.
1286 2347 1363 2411 ὡς
1386 2347 1476 2401 διὰ
1528 2347 1813 2418 συνήθειαι

1881 2339 1903 2391 ι
2000 2348 2132 2416 Qua:
2162 2349 2457 2404 traduntur
2486 2350 2555 2405 de
2606 2365 2800 2407 sorore
2836 2366 2905 2406 ex
2938 2350 3135 2407 eodem
3185 2358 3343 2421 patre
3381 2358 3526 2419 orta,

235 2442 706 2513 καταφρονεῖσθαι
732 2441 1061 2512 δυνάμενον·
1084 2441 1166 2495 διὸ
1196 2443 1289 2495 καὶ
1310 2441 1498 2510 ἔλεγεν
1545 2441 1813 2513 Ἀϐραὰμ

1940 2439 2089 2493 hunc
2143 2438 2448 2509 prmferunt
2500 2454 2748 2506 sensum,
2795 2441 2955 2510 quasi
3009 2442 3184 2512 ipsam
3233 2442 3360 2511 quis
3400 2456 3531 2497 con-

236 2554 257 2586 c
306 2533 538 2604 Ἀδελφὴ
586 2532 696 2602 γάρ
757 2532 858 2601 μού
900 2533 1017 2586 ἐστι
1051 2531 1190 2603 πρὸς
1213 2532 1443 2601 πατρὸς,
1471 2532 1531 2585 οὐ
1561 2531 1698 2605 πρὸς
1730 2549 1813 2602 μηι

1941 2540 2190 2586 temnere
2221 2532 2396 2608 possit
2427 2540 2653 2603 propter
2684 2531 3023 2603 quotidiana:
3064 2534 3189 2587 vitae
3228 2540 3531 2588 consuetu-

227 2627 390 2696 τρός.
448 2645 466 2677 ι
526 2625 801 2696 ῐῐροῦταξὲ
852 2642 913 2679 τε
963 2626 1065 2696 τῆς
1133 2626 1263 2695 περὶ
1312 2625 1420 2695 τῆς
1499 2626 1639 2696 πρὸς
1717 2641 1813 2695 μη·

1940 2624 2147 2679 dinem.
2199 2622 2379 2678 Nimia
2433 2623 2707 2694 siquidem
2769 2623 3119 2680 familiaritas
3156 2632 3529 2693 contemptum

225 2718 371 2785 τρδς
423 2716 1135 2789 ἀδελφῆςβπαγορεύσεωξ
1171 2760 1185 2784 ,
1246 2717 1341 2770 καὶ
1387 2716 1596 2770 προῖὼν
1654 2718 1813 2771 ἐπαν-

1942 2716 2110 2785 parit.
2147 2715 2363 2771 Idcirco
2395 2716 2678 2771 Abraham
2710 2716 2929 2771 dicebat
2962 2735 2975 2771 :
3008 2716 3178 2771 Soror
3205 2730 3326 2771 mea
3356 2722 3533 2771 estex

230 2808 435 2862 έλαὸε.

1944 2818 2126 2878 patre,
2160 2817 2214 2863 at
2244 2824 2351 2864 non
2376 2824 2445 2863 ex
2473 2818 2651 2863 matre
2681 2809 2748 2862 ³ο.
2785 2828 2804 2861 ι
2854 2810 3127 2866 Caeterum
3161 2810 3267 2865 hoc
3303 2808 3533 2864 interdi-

229 2910 422 2964 Clum,
463 2899 509 2953 si
536 2898 790 2953 ordinem
851 2896 1148 2968 reSpicias,
1189 2897 1373 2967 priore
1398 2909 1518 2950 IOCO
1547 2895 1755 2966 posuit,
1787 2901 1841 2949 et
1879 2894 2054 2965 legem
2086 2897 2289 2952 de‘non
2335 2897 2587 2953 ducenda
2662 2912 2857 2953 sorore
2910 2913 2975 2954 ex
3064 2907 3243 2955 matre
3291 2897 3533 2955 secundo

233 2993 373 3047 loco
407 2993 681 3047 locavitet
717 2992 866 3047 illam
900 2991 955 3046 in
994 2990 1354 3062 sequentibus
1385 2988 1660 3058 repetivit.

315 3107 460 3177 Περὶ
485 3108 748 3174 γυναικὸς
778 3106 1087 3177 ἀλλοτρίας,
1119 3107 1195 3169 ὡς
1227 3105 1491 3176 ἀκριϐοῦς
1546 3104 1813 3176 μολυσμοῐ

2017 3102 2149 3156 Cum
2186 3117 2319 3157 vero
2355 3102 2521 3158 vellet
2552 3106 2847 3162 ostendere
2876 3108 3153 3163 hominem
3208 3110 3376 3179 pollui
3412 3128 3535 3184 gra'

236 3197 583 3269 προσέθηκε,
610 3198 705 3251 τοῦ
731 3195 1095 3267 ὲκμιανθῆναι
1126 3196 1264 3267 πρὸς
1292 3196 1483 3265 αὐτήν.

1941 3193 2192 3255 vissimc,
2233 3194 2278 3249 si
2314 3193 2547 3251 alterius
2596 3211 2719 3251 cum
2770 3214 2942 3253 uxore
2990 3201 3346 3269 concumbat,
3381 3203 3536 3260 addi-

1945 3286 2024 3341 dit
2054 3304 2066 3340 :
2105 3304 2123 3337 ‹
2159 3284 2231 3341 Ut
2273 3285 2559 3357 polluatur
2593 3304 2720 3344 cum
2754 3305 2841 3347 ea.
2871 3311 2889 3343 ι

335 3374 700 3445 Ἀπαγορεύει
734 3375 871 3447 μηδὲ
894 3373 1004 3428 δύω
1024 3375 1295 3427 συνοικεῖν
1318 3372 1435 3442 ἅμα
1452 3370 1729 3439 ἀδελφαῖς*
1760 3369 1813 3421 ὡς

2014 3376 2281 3434 Prohibet
2317 3394 2560 3451 quoque,
2611 3397 2679 3437 ne
2724 3383 2852 3453 quis
2897 3383 3088 3439 eodem
3126 3392 3369 3456 tempore
3400 3385 3537 3441 duas

245 3469 331 3539 μὴ
367 3467 426 3520 τὸ
462 3466 792 3519 οἰκειότατον
821 3463 1233 3536 πολεμιώτατον
1261 3464 1348 3516 διὰ
1393 3463 1557 3534 ζήλου
1578 3462 1795 3531 γένοιτο

1948 3487 2172 3528 sorores
2204 3472 2256 3526 in
2288 3474 2645 3529 matrimonio
2676 3476 2875 3531 habeat
2907 3494 2920 3533 :
2948 3494 3016 3533 ne
3046 3478 3262 3535 scilicet
3297 3496 3537 3548 sorores,

244 3560 373 3630 (l6)
409 3560 589 3613 καὶτὸ
622 3562 687 3630 τῇ
722 3556 1103 3631 καθαιρομένῃ
1134 3560 1398 3624 συνεῖναι,
1427 3558 1515 3610 ἵνα
1542 3556 1642 3627 τὴν
1674 3554 1813 3627 φύσιε

1949 3582 2183 3636 quarum
2214 3575 2299 3623 cst
2328 3574 2387 3621 ut
2418 3568 2529 3624 sint
2564 3569 2709 3624 inter
2740 3585 2799 3626 se
2831 3571 3335 3643 conjunctissimae,
3366 3589 3539 3629 aemu-

265 3655 355 3725 μὴ
385 3650 816 3724 ἀπογυμνώσειε.

1949 3658 2157 3714 latione
2188 3666 2505 3730 provocatae
2532 3660 2844 3721 inimicitiis
2885 3666 3112 3721 ardeant
3147 3680 3163 3720 :
3197 3664 3263 3720 Et
3298 3681 3367 3722 ne
3416 3668 3542 3737 quis

1881 3745 1924 3799 Β
1954 3766 2080 3805 cum
2122 3760 2464 3807 menstruata
2514 3756 2848 3812 concumbat
2882 3766 2943 3813 ut
2975 3773 3086 3815 non
3134 3757 3413 3815 reveletur
3447 3775 3542 3815 na-

1953 3852 2097 3896 tura.

336 3934 693 4005 Ἆπαγορεύει
742 3935 842 4007 τὴν
872 3935 1012 4008 πρὸς
1065 3934 1240 4003 ἄλογα
1296 3933 1467 4005 μῖξιν,
1492 3932 1569 3995 ὡς
1611 3928 1808 3985 αὐτόοε

2025 3935 2331 3990 Damnatur
2360 3944 2415 3991 et
2443 3940 2688 3994 mascula
2723 3938 2935 4006 Venus,
2974 3950 3034 3997 ut
3068 3958 3161 3998 res
3198 3941 3538 3999 absurdissi-

248 4028 481 4090 ἄτοπον,
512 4030 606 4081 καὶ
658 4029 865 4084 ἀτόπου
902 4029 1124 4101 τρόπων
1184 4026 1494 4082 ἀλλοκότων
1552 4023 1809 4079 κοινωνία

1954 4043 2041 4082 ma
2068 4037 2122 4084 et
2160 4029 2531 4100 pessimorum
2560 4048 2774 4088 morum
2808 4035 3048 4107 signum.

248 4139 317 4191 ση
327 4124 620 4191 μαντικήν.
2110 4192 2113 4195 ,

345 4222 491 4291 Lege
531 4224 800 4289 praeterea
832 4224 1081 4280 cavetur,
1124 4221 1186 4267 ut
1229 4211 1549 4267 abstineant
1585 4208 1881 4264 connubiis
1925 4210 2386 4283 alienigenarum,
2423 4228 2492 4268 ne
2535 4213 2593 4269 in
2635 4216 2959 4271 servitutem
2997 4216 3172 4272 dediti
3220 4217 3544 4273 inliciantur

251 4311 683 4384 peregrinarum
714 4304 1175 4375 superstitionum
1211 4302 1491 4370 contagio.
1523 4298 1710 4354 Genus
1756 4298 2091 4355 Hebraicum
2146 4300 2427 4372 quondam
2461 4302 2633 4357 coluit
2667 4304 2833 4373 impie
2860 4304 3075 4360 Moloch
3114 4305 3349 4361 idolum.
3385 4305 3544 4362 Vetat

253 4418 323 4456 ne
354 4398 572 4454 Hebraei
608 4410 741 4451 suos
784 4394 993 4448 liberos
1036 4391 1174 4446 huic
1228 4389 1379 4444 idolo
1410 4394 1757 4449 consecrent,
1794 4393 1849 4440 et
1903 4401 2203 4442 sacrorum
2250 4388 2539 4444 ministros
2584 4394 2954 4445 constituant.
3007 4391 3147 4447 Nam
3184 4402 3413 4463 propter
3444 4393 3539 4448 illa

252 4492 493 4562 ﬂagitia,
529 4486 735 4557 inquit,
779 4494 930 4539 terra
963 4482 1256 4551 indigenas
1289 4478 1557 4534 evomuit.
1594 4475 1881 4547 Siquidem
1939 4476 1995 4530 id
2020 4517 2034 4543 ,
2093 4478 2241 4547 quod
2298 4486 2499 4548 ιιι-αξιοι·
2526 4488 2785 4534 naturam
2824 4491 2932 4545 est,
2986 4491 3048 4536 ut
3078 4498 3279 4538 causas
3313 4483 3536 4537 morbo-

253 4597 410 4644 rum,
444 4584 648 4632 natura
682 4583 737 4629 et
769 4587 996 4628 suarum
1020 4576 1406 4624 creaturarum
1442 4567 1727 4636 inspector
1759 4564 1903 4619 Deus
1936 4565 2184 4635 expellit.
2219 4565 2338 4623 Non
2370 4567 2621 4623 rationali
2654 4568 2892 4638 quadam
2932 4569 3151 4624 ratione
3186 4578 3331 4624 terra
3351 4577 3539 4625 extrue.

250 4669 331 4721 dit
366 4664 571 4728 malos,
616 4661 713 4717 sed
761 4661 876 4729 ipse
914 4656 1060 4714 Deus
1111 4656 1240 4711 illos
1273 4654 1426 4725 ejicit
1476 4652 1682 4721 majore
1704 4652 1976 4725 quadam,
2010 4668 2175 4724 quam
2206 4654 2463 4710 rationali
2500 4656 2575 4719 vi,
2614 4671 2738 4709 cum
2791 4656 2864 4711 sit
2910 4658 3130 4711 occulta
3182 4658 3433 4727 quedam
3483 4665 3538 4713 et

249 4753 566 4811 ineﬂ'abilis
598 4750 776 4821 ipsius
804 4748 935 4804 boni
966 4754 1187 4802 natura.
1218 4743 1338 4799 Non
1371 4743 1540 4813 igitur
1588 4757 1729 4811 opus
1761 4741 1929 4796 habet
1980 4742 2064 4797 vel
2117 4740 2516 4798 deliberatione
2565 4744 2648 4799 vel
2684 4742 2921 4799 ratione.
2958 4743 3094 4799 Nam
3144 4744 3220 4809 td,
3261 4744 3408 4815 quod
3436 4761 3539 4801 sua

249 4852 461 4900 natura
504 4850 558 4895 et
588 4854 688 4912 per
732 4852 793 4894 se
831 4837 1040 4892 bonum
1080 4841 1189 4897 est,
1237 4833 1391 4887 novit
1430 4839 1686 4911 potenter
1716 4831 2003 4885 destruere
2045 4830 2280 4884 malum.
2326 4829 2552 4885 Terram
2585 4831 2852 4901 pollutam
2887 4846 3011 4887 esse
3047 4832 3181 4887 dicit
3212 4832 3358 4896 ideo,
3406 4833 3539 4904 quia

250 4931 505 5001 suscipit
530 4928 740 4995 omnia,
780 4940 905 4997 quas
930 4925 985 4978 in
1010 4923 1131 4994 ipsa
1165 4921 1325 4976 fiunt.
1361 4919 1456 4974 Sic
1497 4919 1666 4974 etiam
1704 4917 1945 4973 mundus
1988 4918 2333 4988 inquinatur,
2368 4918 2602 4989 proinde
2646 4935 2869 4990 quoque
2914 4920 3296 4977 innovabitur.
3331 4920 3537 4978 Verum

254 5023 411 5077 Deus
444 5033 557 5073 non
589 5016 884 5087 polluitur.
913 5013 1038 5069 Non
1078 5011 1224 5067 enim
1261 5010 1316 5064 in
1359 5010 1480 5079 ipso
1524 5015 1675 5074 sunt,
1712 5021 1835 5077 quae
1869 5006 2039 5075 impie
2078 5014 2131 5061 et
2184 5007 2328 5061 male
2369 5018 2658 5078 geruntur,
2696 5007 2792 5063 sed
2828 5017 2982 5061 extra
3030 5008 3220 5079 ipsum
3270 5017 3423 5065 sunt.
3471 5011 3539 5064 At

256 5109 528 5164 Salvator
564 5114 758 5161 noster
787 5116 913 5157 cum
958 5116 1069 5155 non
1101 5098 1270 5154 fuerit
1300 5097 1623 5169 inquinatus
1653 5104 1709 5152 et
1738 5103 2149 5163 conspurcatus
2176 5095 2641 5163 quemadmodum
2675 5095 2862 5150 caeteri
2894 5095 3173 5161 homines,
3219 5096 3402 5152 effecit
3435 5111 3542 5153 sun

254 5196 547 5267 exemplo,
587 5202 647 5248 ut
690 5193 973 5247 hominem
1010 5196 1066 5244 et
1115 5186 1383 5241 mundum
1425 5195 1648 5239 maneat
1698 5194 1851 5240 certa
1884 5182 2189 5237 innovatio.
2231 5180 2300 5236 Ut
2350 5191 2613 5252 appareat
2645 5183 2812 5237 Deum
2842 5197 2955 5238 non
2994 5193 3317 5256 respectum
3378 5200 3540 5255 agerc

255 5298 662 5357 personarum,
707 5280 997 5335 minitatur
1027 5274 1234 5332 Judaeis
1272 5274 1495 5330 easdem
1529 5288 1746 5344 poenas,
1774 5288 1913 5343 quas
1940 5282 2177 5341 expertae
2205 5283 2365 5325 erant
2400 5281 2587 5341 gentes
2618 5270 2881 5342 profanae.
2912 5272 3097 5327 Primo
3124 5273 3327 5329 etenim
3354 5274 3535 5338 docet,

258 5374 473 5430 deinde
497 5371 680 5441 punit.
718 5388 736 5421 ι
764 5367 958 5423 Sancti
987 5372 1188 5429 estote,
1238 5364 1370 5433 quia
1404 5370 1460 5417 et
1489 5377 1589 5433 ego
1614 5369 1839 5417 sanctus
1882 5376 2003 5418 sum
2031 5361 2100 5426 ³³,
2139 5368 2247 5415 etc.
2308 5358 2434 5415 Vult
2471 5370 2531 5415 ut
2568 5361 2733 5416 nobis
2787 5359 3142 5416 familiaritas
3174 5369 3383 5418 sancta
3415 5377 3544 5417 cum

263 5464 412 5535 ipso,
449 5460 549 5532 qui
576 5468 661 5516 est
693 5469 949 5519 sanctus,
983 5451 1297 5510 intercedat
1331 5470 1345 5505 :
1377 5459 1434 5507 et
1456 5451 1574 5505 haec
1606 5458 1813 5506 servat.

370 5644 418 5673 ’⁸
453 5640 605 5695 Psa..
634 5653 908 5695 cxxxvm.
941 5638 1033 5692 ‘24.
1141 5637 1185 5669 "
1218 5634 1372 5690 Psal.
1410 5650 1450 5699 ι,
1502 5633 1557 5689 6.
1660 5634 1707 5665 ’⁸
1741 5633 1783 5689 ll

1885 5648 2014 5689 ICSS.
2060 5649 2122 5700 ιι,
2174 5634 2226 5688 5.
2333 5635 2377 5665 '9
2415 5632 2610 5688 Matth.
2654 5648 2745 5687 vm
2773 5674 2786 5698 ,
2830 5632 2898 5689 56
3026 5632 3069 5663 ³ο
3102 5630 3266 5687 Hebr.
3303 5646 3421 5688 xm.
3478 5628 3533 5686 4.

264 5715 305 5745 ⁹¹
341 5712 484 5768 Gen.
518 5728 612 5774 xx,
656 5710 744 5763 η.
820 5710 867 5742 ³³
900 5707 1080 5764 Levit.
1107 5724 1183 5772 χι,
1226 5707 1315 5761 44.

1798 5819 2030 5877 NOTAE.

339 5942 455 6012 (lti)
516 5940 597 5995 Τὰ
642 5938 886 6011 ἑπόμενα
928 5941 984 5994 ὲν
1034 5935 1113 6011 τῷ
1185 5936 1288 6009 τῆς
1327 5938 1466 6007 Αὑγ.
1534 5934 1668 5990 κώδ.
1717 5936 1777 5990 οὐ
1831 5938 2033 5993 κεῖται.
