3864 6506
571 421 679 487 755
1612 438 1621 449 ‘
1888 424 2170 485 PROCOP

2273 425 2516 485 GAZIEI
3674 425 3753 485 ’156

656 531 1029 603 Unusquisque
1090 548 1243 588 suum
1283 540 1490 603 patrem
1546 542 1595 587 et
1633 550 1787 587 suam
1823 543 2047 588 matrem
2089 534 2160 587 ti-
2191 543 2237 600 Α

579 638 719 681 meat
775 626 971 699 [ΧΙΧ,
1032 626 1137 699 3.],
1192 636 1302 681 etc.
1359 626 1573 698 Singuli
1626 635 1979 682 revereantur
2027 642 2158 681 suos

580 724 861 785 parentes,
894 717 1358 788 quemadmodum
1393 732 1711 772 reveremur
1748 719 1922 787 ipsum
1950 716 2157 784 Deum;

580 817 951 879 parentesque
1001 810 1162 866 nobis
1193 818 1355 879 typus
1388 810 1521 872 sint,
1555 810 1777 863 amandi
1822 809 2075 863 videlicet.
2103 818 2159 864 et

583 902 795 956 colendi
828 902 999 957 Deum
1032 920 1045 956 :
1073 922 1089 954 ι
1127 901 1196 956 Ει
1220 903 1460 957 Sabbata
1494 917 1613 956 mea
1636 901 2154 967 custodietis,»ete.,

2340 536 2648 601 ’Ἕκαστος
2694 532 2802 587 τὸν
2825 530 3048 589 ἑαυτοῦ
3098 527 3322 597 πατέρα
3355 527 3447 581 καί
3469 527 3659 597 μητέρα
3735 558 3755 571 .

2266 627 2505 693 σείσθω,
2534 626 2608 690 ὼς
2635 627 2693 678 ὲν
2722 624 2881 695 τύπῳ
2950 623 3106 677 Θεοῦ.
3144 642 3162 674 ι
3188 621 3298 676 Καὶ
3326 621 3392 674 τὰ
3428 621 3647 676 Σάϐϐατά
3683 641 3755 693 μου

2269 716 2572 787 φυλάξεσθε
2596 736 2614 768 ι
2646 717 2725 779 είς
2752 718 2978 786 σημεῖον
3004 712 3280 782 ἁγιασμοῦ
3301 711 3393 765 τοῦ
3416 714 3470 765 ὲν
3500 712 3757 784 πλησιασμῷ

2265 809 2426 873 Θεοῦ,
2457 810 2533 873 ὡς
2581 808 2779 874 ἐπάγει
2809 824 2822 837 ·
2877 826 2894 859 ι
2937 806 3079 874 Ἐγὼ
3132 805 3385 876 Κύριοςὸ
3412 805 3534 869 Θεὸς
3575 806 3695 877 ὑμῶν
3739 809 3759 859 ὁ

2265 900 2512 971 ἁγιάζων
2540 900 2771 975 δηλαδή.
2801 921 2820 954 ι

580 998 862 1053 scilicetin
900 999 1115 1068 signum
1150 997 1569 1064 familiaritatis,
1598 1013 1701 1067 qua
1732 998 1868 1051 mihi
1910 996 2264 1053 familiariter
2284 998 2463 1070 juncti
2493 999 2650 1066 estis,
2676 1000 2746 1054 ob
2770 1012 2940 1069 quam
2979 995 3144 1051 infert
3174 1013 3189 1049 :
3225 1012 3244 1046 ι
3271 993 3385 1063 Ego
3405 991 3642 1046 Dominus
3661 989 3764 1045 Deus

584 1098 788 1154 vester,
818 1091 1081 1144 nimirum
1126 1091 1483 1146 sanctificans
1518 1105 1633 1143 vos.
1670 1109 1689 1141 ι

652 1181 775 1237 Νοη
807 1183 1086 1253 sequimini
1108 1182 1276 1249 idola,
1297 1190 1403 1238 etc.
1439 1181 1544 1255 [4.]
1578 1180 1885 1237 Simulacra
1925 1190 1979 1237 et
2007 1182 2153 1237 idola

582 1284 855 1327 vocantur
908 1274 1177 1345 imagines
1212 1274 1429 1329 illarum
1480 1289 1685 1339 rerum,
1737 1290 1858 1342 qua:
1908 1274 2153 1343 ipsorum

584 1366 953 1421 obversantur
986 1367 1181 1421 oculis.
1214 1366 1352 1422 Deos
1381 1376 1561 1424 autem
1584 1370 1834 1439 appellat,
1869 1384 1978 1422 non
2010 1367 2157 1437 quod

585 1458 697 1515 sint
741 1460 838 1521 dii.
881 1461 978 1515 sed
1018 1460 1163 1530 quod
1222 1460 1300 1514 illi
1351 1461 1516 1516 stulte
1569 1462 1861 1531 Opinentur
1901 1461 1991 1514 illa
2037 1475 2162 1515 esse

586 1552 743 1608 deos.
781 1553 1014 1607 Stultam
1058 1554 1254 1608 horum
1292 1554 1603 1624 opinionem
1637 1553 1887 1625 infringit
1935 1554 2158 1619 Paulus,

586 1645 716 1699 dum
764 1646 841 1699 ait
873 1647 917 1677 ³³
955 1646 1125 1701 Deum
1188 1661 1295 1701 non
1350 1662 1472 1702 esse
1515 1647 1807 1715 imaginem
1864 1647 1951 1701 vel
1986 1646 2161 1700 simu-

586 1738 839 1803 lacrum,
908 1753 1009 1793 nec
1075 1738 1404 1802 materiam,
1467 1754 1590 1808 quae
1651 1737 1898 1792 funditttr
1956 1737 2160 1806 liquata

586 1832 732 1900 igne,
788 1846 967 1902 neque
1013 1846 1140 1887 esse
1182 1845 1343 1900 opus,
1381 1830 1528 1899 quod
1577 1830 1877 1885 conficiant
1936 1828 2157 1884 humani
2191 1819 2234 1873 Β

587 1922 761 1992 digiti.
816 1954 833 1980 \

2333 1183 2456 1237 Οὐκ
2504 1176 3033 1245 ἐπακολουθήσετε
3072 1175 3366 1241 εἰδώλοις.
3398 1174 3477 1227 Τὰ
3514 1172 3765 1243 ὁμοιώματι

2259 1275 2371 1329 τῶν
2422 1274 2796 1343 ἐπιφανέντων
2829 1272 3015 1333 αὐτοῖς
3071 1269 3213 1322 κατὰ
3268 1267 3367 1337 τὴν
3402 1266 3517 1335 ὅφιν
3576 1267 3764 1318 Enum-

2262 1368 2486 1431 θέντων,
2548 1364 2861 1432 εἰκάσματα
2922 1357 3151 1414 καλοῦσι
3206 1357 3303 1411 καὶ
3328 1355 3546 1410 εἴδωλα·
3583 1353 3707 1416 θεοὺς
3728 1354 3766 1406 δέ

2266 1475 2453 1531 φησιν’
2481 1457 2556 1521 ὡς
2585 1455 2723 1527 πρὸς
2768 1454 2869 1523 τὴν
2919 1453 3145 1506 ἐκείνων
3188 1447 3477 1517 ὑπόληψιν.
3508 1442 3574 1500 Οὖ
3608 1448 3767 1513 ἀναιρε-

2266 1552 2417 1606 τικδν
2441 1550 2522 1615 τὸ,
2577 1549 2714 1620 μήτε
2776 1545 3031 1616 ὁμοίωμα
3093 1543 3239 1595 θεῖον
3284 1536 3443 1605 εἶναι,
3471 1539 3540 1601 ὡς
3570 1536 3768 1598 bna-316,-

2269 1661 2402 1715 φησι
2435 1642 2568 1713 (Π),
2616 1641 2753 1712 μήτε
2796 1637 2929 1709 ὓλην
2968 1635 3119 1690 θείαν
3167 1633 3440 1704 χεομένην
3487 1631 3636 1702 πυρὶ,
3664 1632 3761 1700 μήτε

2268 1733 2615 1804 κατασκευὴν
2639 1733 2703 1787 δι’
2719 1729 3078 1802 ἀνθρωπίνων
3096 1726 3401 1780 δακτύλων.

658 2041 821 2111 360
861 2040 920 2094 Si
953 2039 1080 2110 quid
1132 2039 1406 2094 residuum
1452 2039 1705 2093 manserit
1753 2055 1916 2110 usque
1961 2040 2017 2092 in
2071 2038 2209 2118 diem
2269 2040 2502 2103 tertium,
2555 2038 2673 2108 igne
2726 2032 3178 2093 concremabitur,
3228 2036 3341 2085 etc.
3395 2022 3495 2099 [6.]
3554 2020 3639 2076 Hic
3671 2018 3766 2072 ritus

589 2131 897 2199 symbolum
927 2138 1011 2185 est
1040 2128 1246 2185 Christi
1275 2127 1552 2198 corporis,
1589 2127 1733 2198 quod
1765 2109 1865 2197 pro
1896 2127 2059 2183 nobis
2095 2109 2441 2181 immolatum
2494 2136 2601 2189 est,
2648 2133 2708 2179 ut
2743 2122 2981 2178 mundus
3008 2116 3371 2175 conscientia
3396 2127 3517 2168 vera
3561 2109 3767 2163 frueretur

588 2233 745 2288 pace.

659 2310 797 2365 Nam
833 2311 1063 2381 paetﬁca
1110 2310 1401 2367 verissime
1452 2311 1915 2377 reprazsentarrmt
1960 2303 2164 2361 Christi

590 2403 836 2459 salutare
864 2402 1225 2457 sacrificium.
1268 2401 1386 2455 Sub
1432 2400 1537 2453 hoc
1572 2408 1700 2469 typo
1738 2397 2004 2451 docemur
2026 2411 2167 2465 quo-

590 2509 719 2563 que,
749 2508 816 2548 ne
848 2494 974 2563 quis
1009 2492 1175 2561 impie
1227 2498 1388 2560 neget
1427 2488 1887 2544 resurrectionem
1919 2494 2168 2541 mortuo-

590 2602 738 2649 rum,
772 2585 902 2640 dum
929 2586 1094 2639 tertio
1119 2584 1207 2639 die
1244 2598 1351 2637 non
1391 2582 1723 2652 permittitur
1753 2594 1883 2634 esus
1915 2579 2167 2634 carnium

591 2677 846 2732 sacriﬁcii
880 2693 983 2732 ceu
1025 2676 1229 2731 mortui
1261 2696 1275 2731 :
1305 2674 1400 2730 sed
1444 2675 1567 2746 igne
1611 2674 1666 2727 in
1696 2687 1825 2727 aera
1875 2673 2165 2727 transmit-

592 2782 785 2824 tuntur
823 2770 928 2824 illa:
959 2785 1175 2824 carnes.

661 2859 851 2929 Itaque
905 2860 1186 2914 interitum
1238 2858 1526 2913 minitatur
1554 2856 1662 2922 illi,
1707 2856 1802 2926 qui
1853 2855 1942 2909 die
2000 2855 2166 2910 tertio

592 2951 1172 3007 volueritsacrificium
1201 2966 1310 3005 non
1336 2964 1460 3004 esse
1489 2949 1697 3012 vivum,
1734 2946 1827 3002 sed
1856 2954 2159 3011 mortuum,

590 3047 749 3114 quasi
793 3060 902 3100 non
939 3045 1012 3099 sit
1062 3043 1265 3098 domita
1302 3058 1473 3108 mors,
1515 3056 1679 3112 quam
1731 3040 2037 3109 patiuntur,
2068 3038 2164 3108 qui

592 3146 790 3208 putant
825 3138 1107 3192 Christum
1139 3136 1315 3191 solum
1342 3150 1466 3190 esse
1499 3133 1801 3195 hominem,
1834 3146 1936 3187 nec
1961 3131 2165 3186 habere

590 3227 1019 3284 resurrectionis
1048 3225 1392 3280 facultatem.

2341 2308 2629 2377 Ειρηνικον
2678 2307 3049 2379 ἑρμηνεύεται
3104 2308 3132 2375 ἡ
3185 2300 3284 2355 τοῦ
3341 2294 3595 2367 σωτηρίου
3641 2293 3764 2344 eum.

2270 2400 2577 2454 Αίνίττεται
2597 2398 2693 2451 οὖν
2719 2400 2777 2451 τὸ
2803 2399 2877 2468 μὴ
2930 2393 3287 2450 ἀπιστεῖσθαι
3338 2390 3439 2459 τὴν
3463 2388 3519 2440 ὲν
3550 2380 3767 2454 τριημέρφ

2270 2491 2565 2545 ἀναστάσει
2606 2489 2755 2559 ζωὴν
2789 2492 2847 2541 ὲν
2880 2488 2957 2559 τῷ
2981 2487 3056 2557 μὴ
3091 2482 3377 2538 ἐσθίεσθαι
3400 2481 3456 2532 ὲν
3482 2478 3543 2545 τῇ
3576 2474 3705 2542 τρίτῃ
3725 2468 3769 2520 τί

2270 2583 2411 2654 κρέα·
2459 2581 2554 2635 τοῦ
2612 2582 2851 2651 θύματος
2881 2580 2958 2643 ὡς
2992 2578 3088 2631 ἐπὶ
3138 2573 3370 2646 νεκροῦ,
3403 2567 3533 2625 ἀλλὰ
3556 2564 3767 2635 πυρὶὰνα-

2273 2673 2649 2746 λαμὸάνεσθαι
2670 2674 2749 2737 είς
2783 2671 2875 2724 τὸν
2907 2669 3067 2740 ἀέρα.

2353 2857 2413 2910 'O
2441 2856 2552 2926 γὰρ
2578 2855 2635 2907 ὲν
2667 2851 2882 2922 νεκροῖς
2928 2846 3101 2909 τιθεὶς
3131 2844 3192 2898 τὺ
3230 2842 3383 2913 θῦμα
3440 2838 3567 2909 μετὰ
3613 2830 3765 2926 spirat.

2273 2949 2348 3012 ὡς
2389 2921 2465 3019 μη
2510 2921 2953 3015 καταργηθέντος
3014 2936 3110 2990 τοῦ
3166 2934 3437 2993 θανάτου,
3469 2926 3707 2983 ἀπολεῖται
3729 2921 3768 2970 ὲν

2273 3016 2512 3109 θανάτίρ.
2538 3037 2709 3091 Τοῦτο
2725 3035 2782 3090 δὲ
2814 3030 3062 3087 ποιοῦσιν
3088 3030 3137 3082 οἱ
3174 3027 3268 3081 τὸν
3291 3022 3521 3096 Χριστὸν
3544 3016 3768 3089 ἡγούμενοι

2273 3133 2429 3203 ψιλὸν
2450 3129 2545 3186 ἇνθ
2556 3144 2758 3201 ρωπον.

668 3322 730 3376 lli
764 3338 875 3376 non
916 3321 1105 3375 colunt
1157 3319 1472 3385 Christum,
1505 3334 1610 3373 nec
1660 3317 1970 3372 liberantur
2011 3316 2273 3387 peccatis,
2322 3329 2424 3371 nec
2457 3318 2698 3383 possunt
2729 3307 2958 3363 hilarem
2996 3302 3138 3357 hanc
3186 3299 3358 3355 edere
3393 3303 3606 3348 vocem:
3639 3305 3654 3336 ι
3700 3283 3771 3381 Ite-

600 3412 892 3469 suscitabit
924 3427 1026 3467 nos
1059 3409 1236 3479 (Oscae
1268 3411 1383 3464 haec
1432 3410 1598 3463 verba
1652 3407 1803 3477 sunt)
1842 3406 1931 3461 die
1983 3382 2172 3473 tertio,
2223 3382 2278 3461 et
2324 3382 2576 3460 vivemus
2610 3414 2795 3456 coram
2829 3412 2895 3453 eo
2924 3395 2992 3449 “.
3020 3414 3037 3446 ο
3077 3391 3218 3446 Nam
3251 3385 3465 3444 Christi
3511 3382 3769 3437 resurrectio

594 3503 748 3556 nullo
773 3508 933 3571 pacto
962 3499 1189 3553 inscribi
1221 3509 1274 3551 et
1306 3495 1563 3565 insculpi
1601 3502 1783 3565 potest
1823 3494 2030 3547 animis
2060 3493 2500 3548 incredulorum.

663 3590 780 3646 Nox
816 3592 930 3651 illa,
965 3591 1019 3644 in
1061 3604 1166 3659 qua
1196 3589 1427 3644 caeditur
1474 3603 1649 3657 agnus
1692 3586 1994 3656 paschalis,
2023 3585 2171 3640 desi-
2198 3591 2244 3649 ρ

594 3693 726 3755 gnat
759 3684 1045 3747 mundum,
1085 3690 1208 3752 post
1241 3697 1404 3751 quem
1437 3680 1585 3734 nulla
1629 3679 1839 3747 reliqua
1871 3676 1976 3731 erit
2008 3691 2171 3729 mor-

594 3777 666 3831 tis
707 3775 989 3829 memoria.
1035 3772 1380 3843 Quapropter
1408 3772 1475 3826 de
1515 3770 1637 3839 agni
1672 3768 1955 3840 paschalis
1986 3769 2171 3821 carni-

594 3867 699 3921 bus
749 3864 888 3919 nihil
936 3862 1266 3934 relinquitur
1314 3876 1490 3931 usque
1529 3860 1583 3913 in
1638 3858 1974 3913 matutinum
2026 3863 2166 3911 tem-

594 3973 719 4028 pus.

668 4047 805 4102 Huic
836 4063 945 4101 non
984 4047 1249 4103 dissimile
1277 4054 1382 4110 est,
1414 4044 1558 4115 quod
1587 4044 1664 4099 ait
1700 4060 1714 4097 :
1774 4060 1793 4094 ι
1827 4040 1885 4096 Si
1915 4039 2168 4095 immola-

595 4142 743 4197 veris
774 4141 1133 4199 sacrificium.
1164 4146 1345 4193 votum
1374 4138 1591 4199 laetitiae,
1625 4135 1857 4190 Domino
1879 4135 1946 4197 ³⁸,
1990 4153 2007 4184 ι
2034 4140 2169 4195 etc.,

598 4235 796 4290 deinde
846 4233 1034 4288 subdit
1081 4248 1094 4284 :
1157 4250 1175 4283 ‹
1224 4230 1341 4285 Non
1398 4228 1718 4299 relinquetis
1780 4229 1847 4281 de
1901 4225 2168 4280 carnibus

600 4341 776 4396 usque
806 4326 861 4379 in
889 4324 1217 4378 matutinum
1247 4330 1465 4392 tempus
1488 4321 1554 4376 ³⁸.
1593 4339 1611 4371 ι
1662 4318 1825 4383 Nam,
1858 4317 2021 4373 sicuti
2070 4332 2166 4371 no-

596 4417 685 4472 bis
714 4424 1055 4486 compertum
1104 4423 1210 4479 est,
1272 4412 1561 4484 Scriptura
1616 4426 1773 4466 sacra
1820 4411 1874 4464 in
1920 4409 2033 4463 duo
2084 4409 2171 4463 vel

597 4510 707 4564 tria
753 4507 1016 4579 temporis
1048 4507 1336 4562 intervalla
1378 4513 1531 4561 secat
1588 4512 1822 4572 tempus.
1873 4503 1985 4555 Aut
2026 4501 2173 4556 enim

602 4603 659 4657 in
686 4601 820 4673 legis
856 4602 935 4657 vel
977 4600 1168 4672 gratiae
1196 4608 1443 4669 tempora
1479 4598 1742 4652 dividitur
1772 4603 1991 4663 tempus
2028 4612 2041 4647 :
2078 4603 2174 4648 aut

601 4704 818 4765 tempus
845 4696 1257 4765 pr0phetarum,
1310 4690 1458 4761 quod
1496 4691 1810 4744 interventu
1858 4701 1955 4740 suo
2002 4686 2173 4754 legem

601 4794 656 4842 et
687 4787 915 4856 gratiam
937 4786 1249 4856 distinguit,
1278 4792 1759 4840 commemoratur.
1788 4778 1928 4833 Nam
1953 4779 2173 4833 divinus

604 4878 808 4941 cultus,
856 4880 951 4948 qui
983 4878 1285 4934 antecessit
1333 4876 1585 4947 gratiam,
1620 4889 1760 4928 unus
1808 4871 1914 4926 fuit
1962 4870 2018 4925 et
2056 4885 2179 4938 Spe-

607 4924 808 4941 -ις---υι
858 4924 951 4948 νη
984 4924 1285 4934 mw“--.-
1333 4924 1585 4947 υ--------,
1625 4924 1755 4928 π---ν
1976 4924 1983 4925 κ
2089 4924 2102 4938 .

604 4970 773 5025 ctavit
800 4971 868 5023 ad
898 4970 1092 5040 legem,
1126 4986 1227 5025 nec
1257 4984 1361 5023 non
1389 4978 1647 5039 typorum
1679 4962 1980 5019 involucris
2008 4962 2170 5017 exsti-

2285 4924 2507 5028 τροπος.
2540 4949 2803 5021 Βδελυρὸν
2835 4946 2892 4999 δὲ
2919 4946 3027 4998 εἴτε
3080 4940 3286 5012 χθιζὸν,
3307 4939 3414 4990 εἴτε
3471 4924 3769 5040 τριταῖονι

605 5063 671 5117 tit
723 5075 952 5131 opacus.
988 5059 1145 5114 Mane
1173 5068 1355 5115 autem
1391 5058 1557 5122 facto,
1610 5058 1665 5111 id
1697 5066 1803 5122 est,
1840 5054 2003 5111 tertio
2041 5060 2184 5106 tem-

604 5169 741 5225 pore
770 5161 1120 5219 coruscante,
1162 5167 1270 5207 non
1305 5152 1539 5222 amplius
1588 5157 1847 5220 acceptus
1881 5158 1964 5203 est
1995 5145 2184 5215 pristi-

605 5263 713 5304 nus
741 5245 958 5302 colendi
984 5247 1145 5311 ritus,
1176 5258 1342 5314 quem
1373 5244 1458 5298 lex
1486 5241 1845 5313 praescripsit.
1886 5237 2187 5293 Abomina-

2357 3584 2446 3639 Ἐν
2472 3584 2532 3638 δὲ
2584 3579 2664 3652 τῷ
2721 3579 2917 3647 Πάσχα
2952 3575 2984 3644 ἡ
3022 3572 3119 3639 νὺξ
3162 3573 3222 3625 ὲν
3344 3567 3548 3627 θύεται,
3586 3548 3770 3652 τὺνινῦν

2276 3681 2481 3749 κόσμον
2522 3645 2773 3732 ¹ὲνιςυποῖ,
2973 3664 3031 3717 ὃν
3081 3663 3181 3715 οὐκ
3224 3661 3306 3713 ἔτι
3357 3656 3576 3711 θανάτου
3602 3645 3769 3749 Δμνήμη·

2276 3742 2500 3839 Διδνούχ
2525 3763 2911 3821 ὑπολέλειπται
2936 3758 3043 3812 τῶν
3074 3754 3255 3826 κρεῶν
3286 3753 3366 3814 είς
3394 3749 3454 3803 τὸ
3489 3742 3636 3816 πρωϊ.

2346 4034 2601 4089 Τοιοῦτον
2634 4031 2729 4084 καὶ
2753 4027 2832 4089 τὸ,
2874 4046 2891 4076 ι
2924 4022 3049 4077 Ἐὰν
3085 4018 3259 4090 θύσῃς
3294 4013 3484 4069 θυσίαν
3512 4004 3652 4077 eam
3678 4015 3768 4101 παρ’⁸

2280 4128 2519 4202 μοσύνης
2551 4122 2628 4194 τῷ
2663 4119 2875 4190 Κυρίῳ.
2918 4134 2936 4167 ι
2976 4109 3107 4167 Εἶτα
3163 4109 3397 4177 ἐπάγει·
3427 4123 3445 4155 ι
3473 4101 3539 4156 Οὐ
3578 4090 3770 4202 ,καταλεξ-

2274 4184 2405 4291 ιξκετε
2436 4184 2543 4273 ἀέτέδ
2569 4184 2678 4270 τίῖιν
2705 4184 2882 4282 κρεῶν
2911 4208 2988 4268 είς
3012 4204 3073 4257 τὸ
3104 4201 3273 4267 πρωῒ.
3308 4219 3325 4251 ι
3363 4194 3516 4252 Καθὰ
3537 4190 3629 4291 rep
3652 4184 3772 4291 εἶνωῗ

2280 4274 2379 4385 μεν
2399 4310 2677 4370 πολλάκις,
2708 4274 2785 4365 είς
2801 4302 2949 4373 τρεῖς
2973 4297 3006 4367 ἢ
3039 4294 3148 4348 δύω
3177 4290 3385 4346 κατατέ
3397 4304 3511 4359 μνει
3533 4283 3611 4334 τὸν
3630 4274 3771 4385 ξρὸνξν

2277 4370 2458 4477 Σίιθεία
2481 4400 2693 4472 Γραφή.
2731 4393 2801 4446 Ἤ
2826 4370 2933 4461 τὰρ
2980 4391 3059 4450 είς
3111 4384 3203 4437 τὸν
3246 4381 3340 4436 τοῦ
3386 4381 3543 4477 νόμου
3586 4370 3664 4425 καὶ
3705 4370 3772 4427 τῆς

2276 4467 2590 4567 ὶίάριτοςίῆ
2627 4488 2718 4543 καὶ
2774 4484 2977 4557 μεταξὺ
3010 4479 3099 4533 τὸν
3130 4476 3239 4531 τῶν
3291 4467 3577 4567 Προφητων
3610 4471 3771 4562 παρεμ-

2278 4561 2463 4644 έὰλλει
2492 4585 2713 4657 καιρόν·
2758 4579 2871 4634 ἀλλ’
2907 4579 3054 4647 ὅμως
3094 4573 3128 4643 ἡ
3178 4570 3287 4641 πρὸ
3338 4568 3435 4637 τῆς
3476 4561 3771 4659 -χάριτοῗβλσ-

2277 4682 2433 4752 τρεία
2462 4679 2558 4749 μία
2590 4643 2749 4747 μόνον
2794 4643 3059 4741 ύπῆράεν,
3087 4667 3121 4734 ἡ
3167 4662 3373 4734 νομικὴ
3408 4657 3497 4710 καὶ
3564 4643 3762 4752 σκιὼξη-ςο

2279 4735 2496 4843 Ιίρωῒοίς
2515 4735 3080 4836 δίγενομένηξξνητοι
3128 4757 3222 4810 τοῦ
3270 4754 3447 4826 τρίτου
3479 4738 3642 4843 καιροῦ
3663 4735 3758 4843 ita:

2278 4820 2633 4933 Haesit“:
2666 4820 2766 4910 οὐκ
2957 4820 3144 4914 δεκτὸς
3196 4820 3318 4917 τῆς,
3352 4843 3475 4913 πρὶν
3518 4820 3762 4933 λατξείαξέ

2366 5007 2514 5114 θῦμα
2547 5007 2923 5112 παρὲιικαιρὸν
2975 5007 3443 5105 προσφερόμενον,
3479 5022 3559 5114 iis:
3587 5007 3769 5114 σκιῖξειῖσ⁴

2282 5094 2676 5206 καὶνίζῖημίανιὸ
2702 5094 2908 5191 Παῦλος
2961 5094 3213 5180 καλεῖ
3263 5094 3405 5174 κατὰ
3450 5094 3770 5206 νόμον-.

2293 5194 2495 5296 pﬁmi;-
2516 5222 2605 5275 διὰ
2629 5221 2689 5272 τὸ
2714 5218 2985 5288 ὑπερέχον
3036 5214 3137 5284 τῆς
3184 5210 3433 5275 γνώσεως
3466 5198 3550 5254 τοῦ
3580 5194 3771 5296 Δξριστινδ

608 5287 713 5304 ...η
741 5287 958 5302 ww"...
984 5287 1145 5311 .......,
1177 5287 1342 5314 νυ...
1373 5287 1458 5298 ..,..
1486 5287 1845 5313 μηνυτῇ-.
1886 5287 2155 5293 ---νηηη

608 5336 716 5391 bile
744 5350 876 5391 vero
902 5343 987 5392 est
1019 5333 1382 5398 sacriﬁcium,
1418 5332 1464 5387 si
1493 5333 1574 5387 vel
1616 5332 1670 5403 in
1705 5332 1937 5386 alterum
1967 5328 2050 5383 vel
2076 5337 2170 5382 ter-

2289 5287 2384 5372 τοῦ
2410 5287 2676 5377 είπόντος,
2718 5331 2736 5363 ι
2760 5287 2962 5363 Θυσίαν
2981 5307 3076 5360 καὶ
3095 5300 3407 5375 προσφορὰν
3431 5298 3522 5350 οὐκ
3543 5287 3766 5360 ἠθέλησας,

608 5427 746 5482 tium
770 5428 938 5483 fuerit
968 5436 1356 5483 conservatum
1393 5424 1560 5480 diem.
1594 5424 1734 5490 Quia
1765 5438 1956 5493 parum
1983 5434 2186 5490 oppor-

2296 5410 2458 5480 σῶμα
2485 5407 2542 5460 δὲ
2560 5401 2874 5474 κατηρτίσω
2911 5416 3019 5470 μοι.
3043 5417 3062 5450 ι

611 5462 746 5482 nu...
770 5462 938 5483 me...
968 5462 1356 5483 υυιιδιυαιυ...
1596 5462 1734 5490 κα...
1803 5462 1955 5476 ........
1984 5462 2013 5474 υ
2094 5462 2145 5474 ν.
2304 5462 2347 5464 ρ
2382 5462 2394 5480 ,
2688 5462 2721 5474 .,
2911 5462 2924 5470 .

609 5524 741 5573 tune
791 5519 1124 5574 immolatur.
1176 5516 1387 5573 Idcirco
1437 5515 1641 5571 Paulus
1702 5462 2154 5568 excrementaret
2220 5505 2481 5560 damnum
2513 5502 2732 5566 reputat
2752 5493 2864 5557 illa,
2892 5490 3095 5561 quibus
3126 5486 3424 5543 secundum
3484 5478 3625 5546 legem
3676 5462 3761 5533 ΡΝ·

682 5673 727 5705 ⁸³
754 5672 906 5727 Rom.
946 5691 983 5737 ι,
1018 5672 1110 5727 23.
1188 5671 1232 5703 ³⁵
1265 5669 1403 5726 Osee
1458 5686 1534 5734 vi,
1570 5668 1623 5722 6.
1700 5668 1743 5699 ³⁵
1780 5667 1937 5720 Deut.
1974 5678 2106 5725 χχιι,
2140 5659 2170 5712 Ξ

2308 5656 2352 5687 ³⁸
2380 5652 2514 5709 ibid.
2547 5650 2639 5707 30.

2119 5774 2351 5831 NOTAE.

687 5877 798 5950 (Π)
826 5877 923 5932 "la.
967 5878 1029 5930 ὲκ
1053 5877 1145 5931 τοῦ
1171 5884 1276 5946 κγ,
1304 5877 1381 5930 ὲδ.
1404 5876 1498 5930 τοῦ
1526 5884 1572 5928 α’
1613 5892 1737 5945 κεφ.
1764 5875 1864 5944 τῆς
1896 5872 2030 5945 πρὸς
2070 5872 2241 5941 Ῥωμ.
2281 5866 2511 5938 ἐλήφθη.
