4038 6494
224 384 334 449 757

1248 368 1788 434 COMMENTARII
1831 367 1913 428 IN
1953 361 2400 428 LEVITICUM.

225 502 424 555 rimum
459 511 520 552 se
548 494 747 553 ell'erre
790 498 1004 563 posset,
1079 498 1305 561 propter
1342 488 1708 543 excellentem
1756 483 2133 554 cognitionem
2185 476 2395 535 Christi
2432 476 2504 542 ³⁷,
2554 473 2647 545 qui
2724 472 2863 529 dicit
2916 489 2930 528 :

3406 346 3514 414 ’158

2979 489 2997 525 ι
3053 467 3405 526 Sacriﬁcium
3457 472 3514 521 et

223 593 553 649 oblationem
607 604 718 644 non
796 584 1045 639 voluisti.
1102 584 1172 635 At
1233 597 1434 637 cornus
1494 580 1699 650 aptasti
1740 578 1877 632 mihi
1903 577 2023 631 ³⁸.)

293 707 566 761 Praeterea
599 719 702 775 per
746 703 887 773 legis
917 700 1128 756 cultum
1163 714 1328 754 nemo
1361 697 1507 752 venit
1546 696 1613 751 ad
1647 694 1893 750 Patrem.
1938 690 2216 759 Quocirca
2284 684 2467 756 inquit
2508 700 2521 736 :
2573 701 2591 735 ι
2632 680 2805 738 Nemo
2837 678 2993 736 venit
3042 676 3110 732 ad
3142 673 3363 729 Patrem
3404 670 3511 731 nisi

227 813 325 867 per
358 810 449 849 me
473 794 544 849 “.
590 812 610 845 ι

292 910 403 966 Καὶ
451 911 528 963 τὰ
589 909 1011 964 ἀποπίπτοντα
1069 904 1178 958 τοῦ
1230 902 1520 971 θερισμοῦ
1577 916 1697 956 σου
1734 900 1808 953 οὐ

1988 891 2041 946 Ν
2046 908 2113 946 an
2133 887 2479 946 vindemiabis
2498 883 2667 959 βίης,
2684 882 2785 955 9.],
2803 892 2911 939 etc.
2931 877 3340 935 Meminerimus
3361 888 3514 932 com-

224 1000 577 1068 συλλέξας.
644 1000 763 1053 Ἵνα
805 998 867 1051 τὸ
896 996 1157 1051 κοινωνὸν
1212 997 1314 1065 τῆς
1366 994 1583 1062 φύσεως
1628 994 1814 1061 ἐπιγι-

223 1095 505 1155 νώσκωσι.
532 1092 674 1147 κατὰ
698 1092 760 1145 τὸ
785 1090 1008 1145 δυνατὸν
1042 1088 1432 1151 κοινωνοῦντες
1460 1090 1573 1151 τοῖς
1596 1086 1813 1140 δίκαιον

222 1186 516 1250 κοινωνίας
547 1184 648 1237 οὐκ
682 1182 889 1254 ἔχουσι,
916 1180 1057 1254 πλὴν
1084 1180 1178 1235 τοῦ
1215 1179 1359 1234 κατὰ
1389 1179 1580 1251 φύσιν,
1605 1182 1687 1234 ὃτι
1720 1180 1817 1236 ἄν·

222 1278 461 1349 θρωποι.

299 1459 383 1511 Οὐ
429 1456 715 1525 κλέψετε.
774 1457 1012 1521 Δούλων,
1062 1456 1164 1509 οὐκ
1221 1453 1526 1526 ἐλευθέρων
1580 1452 1650 1507 τὰ
1697 1456 1821 1507 Em-

224 1552 508 1619 τάγματα.
572 1550 636 1603 Ἥ
692 1549 751 1603 δὲ
800 1550 962 1620 χάρις
1013 1548 1153 1618 μετὰ
1216 1546 1478 1618 μέμψεως
1540 1548 1819 1617 παραινεῖ.

236 1645 431 1696 «Διατί
475 1645 534 1697 δὲ
565 1644 688 1713 οὐχι
748 1640 957 1712 μᾶλλον
1003 1642 1317 1707 ἀδικεῖσθες
1354 1660 1379 1694 ι
1406 1642 1586 1711 Ὅπερ
1624 1641 1715 1694 τοῦ
1745 1639 1820 1710 μὴ

233 1737 442 1792 ἀδικεῖν
466 1736 647 1806 πολλῷ
670 1736 1027 1805 τελειότερον.

317 1915 374 1968 '0
402 1915 501 1984 μὲν
556 1914 721 1984 νόμος
775 1913 876 1983 τὴν
916 1912 1223 1984 ἐπιορκίαν,
1253 1913 1286 1982 ή
1314 1910 1370 1964 δὲ
1399 1910 1563 1981 χάρις
1606 1911 1818 1979 ἀπαγο-

230 2010 381 2077 ρεύει
404 2009 497 2062 τὸν
528 2008 714 2079 ὅρκον,
748 2007 919 2078 τιμῆς
944 2006 1112 2060 ἓνεκα
1136 2005 1386 2077 μείζονος
1412 2003 1517 2076 τῆς
1555 2004 1694 2075 πρὸς
1728 2004 1821 2058 τδν

232 2101 386 2155 Θεόν.

1926 982 2319 1041 municandum
2375 994 2499 1035 esse
2537 975 2854 1032 necessitati
2908 986 3234 1043 pauperum,
3266 966 3516 1039 quamvis

1924 1077 2077 1133 nullo
2098 1080 2387 1131 contractu
2421 1072 2506 1127 his
2538 1072 2712 1126 simus
2742 1064 3180 1123 obstricti.Satis
3210 1058 3516 1131 argumenti

1924 1178 2009 1225 est
2040 1183 2151 1239 quo
2206 1164 2586 1221 convincimnr
2646 1159 2979 1231 pauperibus
3026 1153 3516 1213 benefaciendum,

1926 1262 2072 1333 quod
2097 1260 2261 1315 etiam
2285 1257 2542 1313 homines
2573 1262 2724 1322 sunt,
2753 1249 3253 1308 communicatione
3309 1252 3519 1300 natura:

1926 1369 2028 1411 nos
2051 1354 2346 1423 attingunt.

2003 1446 2127 1502 Non
2161 1445 2503 1517 furabimini,
2545 1452 2655 1499 etc.
2686 1440 2826 1515 [lL]
2863 1440 2987 1495 Haec
3022 1437 3204 1493 edicta
3243 1448 3355 1488 non
3383 1430 3523 1486 libe-

1933 1556 2044 1602 ros,
2073 1538 2169 1594 sed
2208 1552 2401 1593 servos
2432 1542 2796 1591 conceruunt.
2828 1530 2962 1586 Nam
2988 1531 3075 1585 lex
3105 1527 3294 1599 gratia:
3322 1524 3522 1578 itaim-

1930 1641 2087 1703 perat
2108 1646 2232 1685 cum
2266 1629 2700 1700 reprehensione
2733 1646 2746 1681 :
2784 1646 2801 1678 ι
2829 1626 3019 1692 Quare
3057 1639 3167 1677 non
3203 1619 3389 1691 potius
3434 1616 3523 1669 in-

1924 1722 2126 1792 juriam
2159 1722 2409 1792 accipitis
2439 1723 2483 1759 ιο
2521 1722 2545 1774 ?
2580 1740 2597 1773 ι
2627 1718 2910 1789 Siquidem
2956 1714 3217 1785 injuriam
3251 1709 3523 1780 accipere,

1927 1830 2093 1886 quam
2122 1813 2325 1879 facere,
2354 1814 2531 1867 multo
2562 1811 2948 1883 praestabilius
2987 1815 3093 1863 est.

1998 1910 2109 1964 Lex
2148 1909 2405 1980 prohibet
2454 1908 2761 1979 pcrjurium
2815 1926 2828 1961 :
2874 1914 2930 1959 at
2958 1905 3045 1959 lex
3077 1902 3274 1975 gratiae
3313 1896 3527 1953 inhibet

1922 2005 2105 2072 ipsum
2156 2002 2578 2075 jusjurandum,
2639 2015 2750 2072 quo
2808 1999 2985 2071 magis
3038 1998 3343 2053 honoretur
3405 1990 3528 2061 ipse

1931 2095 2102 2150 Deus.

304 2215 435 2270 Non
476 2216 811 2286 pernoctabit
860 2232 1056 2270 merces
1113 2214 1430 2269 mercenarii
1462 2214 1606 2284 apud
1638 2222 1685 2269 te
1721 2228 1883 2282 usque
1913 2210 1981 2264 ad
2029 2222 2236 2281 tempus
2306 2209 2631 2264 matutinum
2667 2206 2830 2280 [15.],
2881 2215 2991 2263 etc.
3040 2203 3317 2274 Prospicit
3356 2201 3521 2257 etiam

232 2306 576 2375 pauperibus
605 2314 658 2360 et
682 2305 873 2375 egenis
907 2303 1074 2365 Dens,
1110 2318 1181 2358 ne
1208 2301 1606 2358 defraudentur
1637 2302 1891 2357 dimenso
1919 2309 1975 2356 et
2010 2299 2263 2357 mercede
2312 2314 2432 2365 sua,
2462 2312 2560 2367 pro
2601 2312 2707 2368 qua
2750 2296 3020 2351 laborant.
3056 2291 3338 2364 Siquidem
3383 2289 3528 2347 Deus
3590 2290 3596 2297 ”

234 2395 443 2449 victum
473 2395 745 2465 elargitur
777 2392 1182 2449 esurientibus.

298 2512 388 2564 Οὐ
416 2509 619 2575 κακῶς
646 2509 802 2577 ἐρεῖς
840 2508 1064 2577 κωφόν.
1121 2506 1363 2578 Κήδεται
1410 2505 1520 2559 τῶν
1549 2505 1624 2577 μὴ
1663 2506 1824 2560 δυνα-

2005 2504 2131 2560 Νοη
2181 2503 2468 2558 maledices
2543 2510 2721 2565 muto,
2773 2510 2880 2554 etc.
2932 2492 3076 2568 [ιι]
3137 2492 3338 2547 Curam
3391 2489 3531 2560 gerit

235 2604 427 2673 μένων
477 2602 693 2672 βοηθεῖν
719 2602 955 2663 ἑαυτοῖς.
1016 2598 1174 2653 Οὕτω
1200 2600 1312 2661 τοῖς
1343 2597 1466 2650 καθ’
1497 2598 1713 2670 ἡμέραν
1735 2598 1830 2670 ἐρ-

229 2711 357 2761 γοις
380 2692 670 2763 ἄνθρωπος
703 2688 943 2755 ἐθίζεται
961 2688 1255 2760 γινώσκειν
1277 2687 1437 2743 Θεόν.

304 2960 394 3012 Οὐ
446 2957 729 3023 ποιήσετε
782 2955 994 3011 ἄδικον
1037 2957 1107 3009 ἐν
1156 2950 1375 3025 κρίσειῖ
1453 2955 1528 3007 Τὸ
1598 2953 1698 3023 μὲν
1749 2970 1833 3022 γι-

231 3050 479 3104 νώσκειν
507 3051 568 3104 τὸ
604 3050 835 3112 δίκαιον,
864 3050 927 3102 ἐκ
961 3048 1179 3118 φύσεώς
1205 3065 1265 3100 τε
1316 3046 1411 3100 καὶ
1447 3046 1613 3115 νόμου
1636 3059 1649 3073 θ
1686 3044 1747 3097 τὸ
1778 3044 1836 3096 δὲ

1942 2599 2087 2655 Deus
2143 2599 2308 2653 etiam
2362 2597 2619 2657 illorum,
2677 2592 2770 2663 qui
2828 2597 3111 2660 nequeunt
3152 2586 3259 2641 sibi
3318 2582 3529 2637 auxilio

1942 2707 2087 2747 esse.
2131 2690 2198 2744 Et
2246 2691 2313 2743 ad
2362 2689 2511 2742 hunc
2543 2686 2766 2740 modum
2802 2681 3077 2738 assuescit
3126 2679 3297 2733 homo
3337 2674 3531 2745 cogni-

1943 2784 2079 2838 tioni
2131 2782 2262 2847 Dei,
2312 2795 2477 2851 quam
2526 2778 2676 2849 capit
2721 2792 2784 2831 ex
2838 2774 3177 2845 quotidiana:
3220 2768 3347 2825 vitae
3390 2766 3531 2822 acti-

1944 2875 2069 2929 bus.

2023 2963 2143 3017 Non
2189 2963 2353 3033 facies
2404 2962 2668 3031 injustam
2717 2957 2976 3030 quiddam
3024 2957 3080 3009 in
3130 2952 3373 3025 judicio,
3420 2957 3529 3005 ctc.

1937 3055 2081 3129 [15.]
2113 3053 2291 3109 Nosse
2322 3057 2503 3124 ipsum
2532 3052 2748 3121 justum
2786 3066 2892 3104 non
2928 3050 3295 3103 humanarum
3333 3041 3530 3096 virium

232 3142 563 3211 φυλάττειν,
592 3142 656 3195 ὲκ
705 3140 800 3194 τοῦ
831 3140 905 3210 μὴ
938 3140 1109 3193 εἴκειν
1176 3137 1317 3191 αἰδοῖ
1374 3138 1469 3189 καὶ
1528 3135 1679 3203 ἐλέῳ.
1724 3134 1833 3187 Καὶ

1945 3154 2062 3199 est:
2097 3144 2192 3197 sed
2239 3143 2477 3197 discitur
2518 3159 2585 3194 ex
2636 3140 3007 3211 inspiratione
3057 3136 3244 3191 divina
3293 3141 3347 3187 et
3392 3132 3527 3201 lege.

232 3236 397 3307 παρᾶ
427 3234 548 3305 Θεῷ
583 3234 659 3297 δὲ,
702 3234 791 3287 ὅτε
842 3233 1047 3305 κρίσις,
1101 3233 1202 3286 οὐκ
1255 3232 1335 3285 ἔτι
1367 3230 1537 3295 ἔλεος,
1590 3230 1708 3283 ἀλλ’
1742 3229 1835 3299 ἕρ-

1935 3233 2210 3290 Przeterea
2231 3234 2484 3302 ejusdem
2518 3232 2608 3287 Dei
2646 3246 2850 3286 munus
2882 3238 2991 3294 est,
3038 3241 3203 3298 posse
3238 3223 3534 3279 observare

232 3347 352 3396 γων
385 3326 500 3396 (18)
555 3326 825 3390 ἀντίδοσις
860 3342 875 3356 ·
912 3324 1103 3395 ὥσπερ
1144 3323 1261 3389 νῦν,
1302 3323 1391 3376 ὅτε
1447 3322 1628 3393 χάρις,
1681 3322 1833 3378 οὔπω

1945 3330 2181 3393 iustum,
2228 3335 2287 3380 ιιι
2338 3341 2438 3380 nec
2494 3327 2669 3395 gratia
2721 3326 2808 3379 vel
2855 3318 3244 3378 misericordia
3280 3331 3533 3372 corrum-

235 3420 446 3491 κρίσις,
481 3419 649 3491 ἀλλ’ἢ
680 3419 819 3489 πρὸς
847 3418 909 3470 τὸ
941 3416 1246 3477 παιδεύειν.

1938 3420 2111 3491 paris.
2147 3420 2241 3475 Sic
2278 3420 2420 3489 apud
2467 3418 2636 3471 Deum
2676 3432 2799 3471 cum
2830 3416 3069 3488 judicat,
3106 3411 3333 3467 facessit
3364 3410 3532 3464 mise-

233 3509 525 3576 ricordia,
586 3518 641 3562 et
688 3509 991 3579 unicuique
1048 3507 1242 3562 tribuit
1292 3506 1598 3561 secundum
1646 3522 1836 3577 opera.
1879 3509 1973 3566 Sic
2016 3512 2183 3565 etiam
2239 3526 2412 3574 nunc,
2468 3526 2593 3565 cum
2636 3510 2811 3581 gratia
2856 3517 3070 3580 regnat,
3142 3510 3326 3559 cessat
3386 3500 3532 3572 judi-

247 3601 426 3663 cium,
474 3602 582 3656 nisi
637 3601 892 3657 fortassis
942 3600 1199 3654 instituat
1251 3614 1356 3654 nos
1406 3600 1607 3655 docere
1636 3608 1690 3655 et
1724 3603 1973 3661 erudire.

324 3697 461 3753 Nam
491 3696 631 3749 Deus
662 3709 771 3748 non
816 3694 964 3748 misit
992 3691 1193 3747 Filium
1234 3704 1293 3747 ut
1320 3692 1531 3761 jndicet
1562 3695 1851 3758 mundun,
1890 3697 1984 3752 sed
2017 3706 2077 3751 ut
2110 3697 2352 3752 mundus
2388 3704 2648 3751 servetur
2690 3709 2786 3765 per
2817 3694 3025 3764 ipsum.

311 3791 440 3843 Οὐκ
461 3788 855 3857 ἐπισυστήσῃ
888 3787 978 3856 ἐφ’
997 3787 1250 3856 αἵματος
1267 3787 1374 3840 τοῦ
1400 3786 1672 3853 πλησίον
1686 3805 1823 3844 σου.

2009 3790 2135 3845 Νοη
2158 3790 2324 3845 stabis
2372 3790 2628 3844 adversus
2668 3790 2983 3858 sanguinem
3024 3785 3259 3856 proximi
3291 3784 3392 3849 tui,
3420 3793 3530 3839 etc.

249 3880 578 3949 Ἀποτεμὼν
610 3881 811 3943 αὐτοὺς
840 3881 947 3934 τῶν
969 3880 1143 3934 ἄλλων
1171 3879 1363 3943 ὲθνῶν,
1388 3879 1458 3932 τὰ
1482 3880 1617 3949 πρὸς
1664 3881 1829 3954 ἀλλή-

233 3974 369 4039 λους
397 3975 583 4038 αὐτοῖς
606 3972 781 4043 ὁρίζει
803 3972 987 4027 δίκαια
1015 3986 1030 4003 ⁸
1063 3974 1212 4043 ἡμᾶς
1235 3971 1292 4024 δὲ
1326 3972 1600 4042 ἀναμίξας
1624 3972 1827 4039 ἔθνεσι,

234 4069 383 4139 πρὸς
417 4067 630 4129 πάντας
659 4062 874 4119 κελεύει
904 4062 1196 4133 φυλάττειν
1224 4063 1282 4116 τὸ
1310 4062 1543 4131 δίκαιον,
1571 4064 1674 4120 κᾶν
1694 4058 1828 4121 ὦσιν

235 4159 572 4231 ἑτερόδοξοι.

1941 3882 2081 3956 [l6.]
2135 3885 2275 3950 Quia
2336 3884 2479 3938 Deus
2534 3882 2891 3937 Hebraeorum
2938 3889 3158 3953 gentem
3248 3877 3409 3951 quasi
3469 3877 3538 3931 ab

1938 3977 2165 4047 reliquis
2206 3976 2465 4047 gentibus
2500 3975 2739 4030 abscidit
2764 3981 2820 4030 et
2850 3972 3188 4045 segregavit,
3242 3979 3303 4026 ut
3352 3977 3406 4025 et
3454 3969 3536 4024 le-

1938 4068 2098 4138 gibus
2151 4068 2220 4123 ab
2256 4068 2366 4123 illis
2395 4077 2758 4123 secernantur
2792 4066 2992 4131 sancit,
3035 4079 3179 4135 quas
3220 4063 3364 4118 inter
3413 4075 3537 4117 sese

1937 4160 2086 4231 leges
2122 4162 2421 4217 observare
2459 4160 2718 4215 debeant.
2761 4158 2874 4216 Nos
2909 4167 3092 4214 autem
3136 4156 3268 4211 dum
3328 4153 3538 4211 admis-

232 4256 358 4311 cuit
410 4252 691 4323 gentibus,
750 4248 923 4319 jubet,
975 4256 1032 4302 ut
1081 4260 1206 4301 cum
1249 4244 1506 4302 omnibus
1550 4244 1821 4315 justitiam
1862 4252 2263 4317 observantes,
2297 4267 2524 4324 agamus
2562 4252 2834 4323 quidquid
2920 4250 3240 4324 egerimus,
3312 4246 3527 4303 etiamsi

234 4350 323 4412 hi,
352 4362 479 4402 cum
515 4345 718 4416 quibus
753 4342 911 4413 361
948 4340 1107 4396 nobis
1138 4340 1531 4394 commercium
1564 4348 1671 4405 est,
1726 4356 2033 4413 sequamur
2071 4348 2350 4403 diversam
2379 4346 2726 4416 religionem,

343 4484 431 4536 Οὐ
476 4477 769 4549 μισήσεις
824 4474 933 4532 τὸν
986 4471 1255 4541 ἀδελφόν
1301 4485 1418 4525 σου
1464 4471 1538 4541 τῇ
1595 4474 1837 4544 διανοίᾳ

2012 4479 2135 4535 Non
2166 4481 2289 4536 odio
2308 4480 2523 4535 habebis
2543 4482 2766 4551 fratrem
2796 4491 2946 4533 tuum
2982 4480 3037 4532 in
3064 4487 3232 4532 mente
3268 4488 3382 4541 tua,
3423 4485 3531 4533 etc.

232 4594 386 4632 σου.
415 4574 572 4642 Μήτε
604 4571 782 4641 μισεῖν
824 4566 885 4632 ἐξ
927 4564 1166 4635 ὑποψίας
1216 4564 1481 4633 διδάσκει,
1518 4567 1655 4636 μήτε
1729 4567 1833 4639 μὴν

1945 4571 2077 4643 λη.
2100 4572 2266 4627 Docet
2302 4588 2403 4628 nos
2429 4588 2496 4627 ne
2535 4572 2861 4627 leviusculis
2880 4569 3296 4640 suspicionibus
3332 4569 3535 4636 impul-

233 4667 603 4740 ἁμαρτόντας
661 4660 998 4734 ἀμύνασθαι.
1051 4658 1214 4729 Ἦμῖν
1266 4658 1323 4711 δὲ
1370 4659 1465 4711 καὶ
1516 4659 1652 4728 πρὸς
1699 4660 1837 4712 πάιν-

232 4780 346 4823 τας
399 4761 612 4822 ταῦτα,
664 4758 746 4810 ὅτι
811 4754 905 4809 καὶ
959 4752 1179 4807 πάντων
1238 4751 1363 4822 ἥκει
1422 4751 1612 4822 Σωτὴρ
1643 4752 1838 4823 ὁΧρι-

237 4854 397 4916 στάς.

324 5025 435 5081 Καὶ
460 5025 801 5095 ἀγαπήσεις
819 5024 927 5078 τὸν
968 5023 1240 5091 πλησίον
1291 5038 1407 5077 σου
1441 5023 1518 5089 ὡς
1552 5024 1838 5078 σεαυτόν.

256 5119 414 5189 Ἐγὼ
444 5120 658 5186 Κύριος
695 5121 727 5172 ό
761 5118 908 5185 Θεὸς
974 5118 1165 5187 ὑμῶν.
1228 5117 1461 5179 Φυσικὸς
1495 5119 1522 5170 ὁ
1553 5116 1836 5187 λογισμὸς,

1934 4666 2004 4727 si,
2033 4664 2319 4720 oderimus
2348 4666 2632 4734 proximos
2673 4672 2917 4718 nostros.
2967 4663 3075 4717 Nec
3111 4661 3250 4725 vult,
3288 4668 3348 4714 nt
3394 4660 3540 4714 ulci-

1943 4772 2164 4811 scamnr
2193 4772 2310 4820 eos,
2350 4758 2443 4827 qni
2489 4757 2651 4811 nobis
2685 4757 2945 4825 injuriam
2979 4754 3235 4809 fecerint.
3266 4752 3326 4807 In
3383 4753 3536 4807 hune
3559 4792 3581 4804 α

1945 4848 2163 4902 modum
2190 4866 2318 4917 erga
2342 4866 2535 4905 omnes
2570 4866 2670 4906 nos
2697 4848 2927 4904 allectos
2959 4863 3084 4905 esse
3109 4848 3298 4904 docet.
3344 4847 3541 4919 Siqui-

1941 4939 2064 4995 dem
2090 4951 2145 4994 et
2171 4943 2421 4997 Christus
2450 4942 2708 4997 omnibus
2741 4942 3000 5010 ignoscit.

2016 5033 2216 5104 Diliges
2240 5036 2541 5099 proximum
2572 5046 2719 5089 tuum
2744 5042 2803 5089 ut
2835 5036 3080 5104 teipsum.
3129 5033 3241 5105 Ego
3273 5048 3395 5088 sum
3428 5031 3538 5085 Do-

1942 5124 2138 5186 minus,
2171 5134 2280 5177 etc.
2313 5123 2451 5197 [18.]
2485 5122 2745 5182 Naturale
2764 5130 2857 5196 jus
2883 5126 2987 5181 hoc
3010 5125 3184 5181 dictat
3213 5133 3305 5180 :et
3342 5124 3397 5178 in
3431 5122 3539 5177 hoc

241 5218 329 5278 εἰς
360 5215 424 5267 ὃν
456 5215 550 5266 καὶ
576 5214 753 5267 πάντα
774 5215 801 5267 ὁ
828 5212 1021 5284 Σωτὴρ
1067 5210 1607 5281 ἁνεκεφαλαιιὶισατο,
1646 5212 1833 5266 είπὼν·

1945 5217 2032 5286 jus
2068 5233 2165 5271 ceu
2197 5216 2403 5271 fontem
2431 5218 2726 5286 quemdam
2770 5219 2995 5274 reduxit
3041 5216 3226 5273 omnia
3274 5215 3536 5270 Salvator

254 5328 273 5359 ι
312 5304 524 5369 Καθὼς
575 5305 782 5373 θέλετε,
814 5307 901 5360 ἵνα
943 5304 1175 5359 ποιῶσιν
1222 5304 1353 5374 ὑμῖν
1387 5304 1437 5356 ot
1491 5304 1833 5375 ἆνθρωποι,ι

1945 5308 2101 5379 quasi
2147 5308 2201 5363 in
2242 5308 2654 5377 compendium,
2689 5310 2881 5364 dicens
2922 5326 2939 5363 :

246 5400 353 5454 καὶ
386 5397 460 5452 τὰ
495 5398 641 5470 ἑξῆς.

2989 5329 3008 5360 ι
3047 5306 3541 5376 Quemadmodum

1950 5400 2138 5467 vultis,
2172 5407 2236 5455 ut
2263 5399 2419 5455 vobis
2448 5397 2655 5455 iaciant
2685 5400 2940 5456 homines
2964 5400 3030 5465 “,
3065 5420 3081 5452 ι
3110 5410 3215 5456 ctc.

329 5578 374 5610 ³⁷
403 5576 646 5647 Philipp.
690 5591 775 5641 tn,
806 5575 860 5632 8.
938 5574 983 5607 ³⁸
1012 5572 1161 5631 Psal.
1195 5589 1385 5640 xxxix,
1416 5572 1471 5629 6.
1546 5574 1589 5607 ⁸⁹
1624 5573 1786 5630 Joan.
1818 5591 1931 5642 xiv,
1960 5577 2014 5631 6.
2089 5578 2135 5611 δ’
2163 5577 2182 5634 l
2211 5579 2339 5637 Cor.
2367 5598 2443 5649 vr,
2473 5583 2525 5636 7.
2606 5578 2649 5611 “
2676 5576 2872 5634 Matth.
2914 5592 3011 5639 vn,
3044 5576 3130 5630 l2.

1804 5710 2039 5770 NOTAE.

338 5825 453 5897 (i8)
504 5824 662 5881 Ἀλλὰ
730 5825 871 5880 κατᾶ
918 5824 987 5879 τὰ
1049 5822 1207 5896 ἔργα.
1281 5823 1368 5879 Ἐν
1396 5822 1471 5895 τῷ
1512 5822 1613 5892 τῆς
1658 5822 1793 5893 Αὑγ.
1822 5822 1952 5878 κώδ.
