4038 6544
250 359 348 426 751
1257 360 1795 422 COMMENTARII
1836 359 1917 419 IN
1960 357 2400 420 LEVITICUM.
3378 354 3505 432 "762

253 482 389 533 bene
416 484 669 550 purgata,
692 477 908 533 scilicet
938 476 1109 544 Mose,
1141 474 1312 534 Josue
1335 489 1386 534 et
1421 478 1713 534 iudicibus
1746 478 2125 549 regnantibus.
2159 476 2372 542 Quarta
2397 484 2581 542 astate,
2609 493 2731 548 quae
2758 480 3156 551 prapbetarum
3182 489 3287 547 est,
3316 484 3384 538 ab
3416 486 3506 542 his

250 576 480 621 sanctus
514 574 599 620 est
649 567 999 627 decantatus,
1029 564 1494 634 quemadmodum
1533 567 1811 620 memoria:
1860 565 2137 634 proditum
2169 573 2254 618 est
2287 582 2299 618 :
2334 565 2402 618 ab
2435 563 2639 621 Judaeis
2681 576 3051 635 contemptus,
3081 568 3174 643 sed
3211 570 3508 628 manifeste

250 654 619 709 annuntiatus
647 662 735 708 est
768 654 1045 708 Christus.
1074 652 1362 724 Prophetis
1386 654 1601 708 vicinus
1626 652 1729 705 fuit
1763 668 2072 721 praacnrsor
2100 654 2323 719 Christi,
2349 655 2445 725 qui
2468 657 2537 709 ita
2566 658 3033 712 concionabatur:
3072 676 3090 709 ι
3118 659 3507 715 Paenitentiam

249 748 417 813 agite.
474 745 626 812 Nam
660 762 885 818 regnum
934 747 1202 802 cmlorum
1256 746 1717 816 apprOpinquavit
1752 745 1817 798 “.
1881 763 1899 796 ι
1943 742 2067 797 Fuit
2102 742 2326 812 quidem
2365 752 2590 797 sanctus
2618 760 2811 814 nempe
2853 746 3112 802 Christus
3140 757 3193 801 et
3226 750 3278 802 in
3311 759 3506 819 quarta

251 846 442 899 artate,
479 845 864 890 verumtamen
927 836 1123 905 quinta
1174 836 1394 889 demum
1437 844 1594 890 aztate
1622 835 1739 889 esui
1804 834 2037 888 idoneus
2084 844 2220 888 erat.
2258 833 2600 904 Quapropter
2627 835 2678 888 in
2731 840 2985 906 praesenti
3017 850 3166 894 textu
3221 842 3454 897 habetur
3490 863 3503 899 τ

263 943 282 975 ι
320 925 388 978 Ει
421 924 610 978 licebit
639 924 804 978 vobis
833 938 1192 994 congregare.
1224 942 1259 973 Ὶ
1285 921 1419 976 Nam
1455 932 1658 994 praeter
1690 922 2042 993 Evangelinm
2076 924 2237 976 etiam
2272 923 2377 987 lex,
2419 924 2461 976 si
2487 926 2851 992 spiritualiter
2880 940 3208 996 exponatur,
3242 931 3393 986 utilis
3422 941 3509 987 est

245 1015 593 1070 Christianis
614 1024 669 1068 et
691 1014 798 1081 piis
834 1015 1176 1068 hominibus.
1213 1013 1566 1083 Quapropter
1594 1014 1856 1069 Christus
1886 1014 1962 1066 sic
1988 1011 2133 1066 fatur
2167 1030 2179 1065 :
2223 1031 2240 1063 ι
2279 1013 2471 1067 Omnis
2495 1014 2675 1067 scriba
2706 1015 2902 1071 doctus
2926 1018 2992 1071 ad
3030 1034 3258 1089 regnum
3287 1021 3509 1078 cceleste

245 1102 453 1157 similis
483 1110 568 1157 est
602 1101 811 1155 homini
844 1102 1152 1171 opulento,
1175 1104 1268 1170 qui
1303 1100 1579 1169 depromit
1604 1116 1671 1154 ex
1707 1104 1974 1154 thesauro
2010 1112 2111 1150 suo
2141 1104 2323 1149 vetera
2354 1104 2405 1149 et
2435 1112 2569 1149 nova
2601 1097 2670 1161 ⁸⁷,
2710 1117 2727 1148 ι

331 1213 428 1279 Μὴ
472 1213 683 1266 ἕσθετε
708 1212 803 1265 ἐπὶ
838 1211 955 1265 τῶν
999 1212 1203 1280 ὀρέων.
1238 1231 1256 1264 ι
1304 1212 1381 1265 Οὐ
1424 1211 1670 1264 δύνασθε
1700 1195 1910 1285 ’δρα-Α

2020 1202 2144 1257 Non
2169 1204 2451 1258 comedetis
2490 1206 2543 1257 in
2568 1205 2850 1270 montibus,
2882 1215 2991 1263 etc.
3021 1207 3190 1280 [XIX,
3220 1210 3314 1283 26]
3347 1230 3364 1262 ι
3391 1210 3507 1266 Non

245 1302 426 1372 πέζης
460 1303 662 1372 Κυρίου
693 1303 966 1371 μετέχειν,
1016 1304 1111 1355 καὶ
1158 1302 1441 1373 τραπέζης
1466 1302 1778 1371 δαιμονίων.
1808 1319 1825 1351 ι

1941 1299 2170 1365 potestis
2218 1313 2419 1351 mensae
2450 1297 2667 1351 Domini
2707 1300 3002 1368 participes
3039 1317 3181 1363 esse,
3215 1310 3267 1356 et
3310 1318 3510 1356 mensae

259 1394 355 1446 Ἐν
380 1396 488 1465 γὰρ
520 1397 633 1457 τοῖς
662 1395 849 1463 ὄρεσιν
876 1394 933 1448 ει)
946 1394 1279 1466 ρησκεύοντο
1308 1395 1586 1464 δαίμονες.

1936 1388 2328 1442 daemoniorum
2352 1390 2417 1441 ⁸⁸.
2452 1408 2470 1440 ι
2504 1389 2638 1444 Nam
2686 1389 2740 1444 in
2802 1392 3076 1447 montibus
3109 1406 3267 1447 sacra
3315 1392 3512 1446 lichant

1939 1480 2239 1535 daemoniis.

330 1578 449 1627 Οὐκ
485 1575 808 1639 olm-£7668,
856 1574 998 1629 οὐδὲ
1059 1574 1674 1642 ορνιθοσκοπήσεσθε.
1722 1570 1830 1626 Τοῦ

2016 1570 2136 1623 Νοη
2193 1570 2521 1635 divinabitis,
2568 1589 2731 1644 neque
2782 1575 3007 1641 auguria
3059 1576 3369 1644 captabitis,
3402 1584 3510 1631 etc.

243 1669 362 1737 γὰρ
392 1670 574 1721 Λάΰαν
600 1672 661 1721 τὸ
684 1669 887 1737 λέγειν,
917 1688 935 1719 ι
958 1670 1313 1739 υἱωηλισὰμην
1342 1669 1408 1721 ἂν
1437 1669 1530 1721 ἐπὶ
1564 1668 1643 1738 τῷ
1674 1666 1829 1721 παιδί

1942 1661 2077 1715 Nam
2103 1660 2284 1716 Laban
2316 1666 2455 1717 solet
2490 1664 2674 1718 dicere
2709 1683 2721 1718 :
2760 1684 2777 1715 ι
2806 1669 3124 1735 Auguratus
3150 1684 3270 1721 sum
3319 1669 3371 1721 in
3402 1668 3511 1721 lilio

252 1779 354 1815 σου
384 1762 515 1830 (20).
536 1783 554 1814 ι
579 1763 825 1815 Μάταιον
873 1762 982 1831 γὰρ
1004 1761 1080 1831 τῷ
1112 1761 1255 1814 κατὰ
1286 1762 1603 1831 συντυχίαν,
1635 1760 1710 1823 ὡς
1745 1763 1830 1813 αἰ·

1942 1764 2034 1808 ιιιο
2070 1754 2137 1808 ".
2182 1774 2199 1805 ι
2230 1753 2537 1809 Vanissima
2574 1756 2846 1825 siquidem
2882 1759 3210 1826 superstitio
3249 1768 3333 1814 est
3363 1759 3508 1813 acci-

253 1855 363 1924 τεῳ
403 1854 725 1925 προσέχειν·
768 1854 902 1909 ἀλλὰ
949 1854 1046 1909 καὶ
1089 1855 1364 1928 δαιμόνων
1391 1856 1447 1910 αἱ
1480 1856 1559 1918 εἰς
1606 1852 1831 1926 ὄρνιθας

1932 1847 2085 1901 denti
2136 1847 2254 1900 sive
2304 1846 2534 1900 fortuito
2570 1856 2830 1917 tanquam
2868 1851 3194 1905 certissimae
3222 1858 3510 1905 eventuum

251 1946 554 2018 ἐνέργειαι,
1931 1954 2115 1994 causae
2142 1939 2386 1993 animum
2418 1939 2680 2007 adjicere.
2711 1940 2984 1998 Praeterea
3017 1944 3366 2012 operationes
3399 1942 3512 1996 daa-
3541 1988 3547 1999 .

1937 2045 2186 2093 monum,
2220 2029 2424 2099 quibus
2458 2045 2563 2087 nos
2600 2032 2959 2090 ludificantur
3009 2044 3063 2091 et
3105 2035 3410 2105 decipiunt,
3454 2047 3515 2089 se

1940 2137 2159 2193 quoque
2194 2122 2497 2176 extendunt
2538 2124 2592 2177 in
2636 2139 2786 2179 aves.

330 2230 455 2284 Non
487 2230 689 2285 radetis
720 2232 774 2285 in
798 2231 972 2286 orbem
995 2232 1198 2286 vultum
1236 2231 1430 2300 capitis
1456 2230 1637 2284 vestri.
1683 2229 1823 2301 [27.]
1852 2229 1975 2285 Haec
2007 2232 2386 2299 interpretatio
2426 2245 2510 2288 est
2550 2235 2890 2304 Symmachi.
2925 2235 2995 2288 At
3044 2234 3398 2306 Septuaginta
3426 2237 3515 2292 in-

247 2328 528 2390 terpretes
549 2325 622 2375 ita
651 2322 997 2392 interpretati
1022 2329 1152 2377 sunt
1185 2328 1511 2390 praesentem
1540 2335 1759 2373 versum
1793 2338 1805 2373 :
1842 2317 1965 2373 Non
1992 2319 2045 2372 in
2078 2321 2362 2372 rotundum
2390 2322 2736 2375 attondebitis
2772 2338 3001 2386 comam,
3026 2333 3133 2377 etc.
3170 2322 3511 2394 Capillorum

248 2409 485 2473 ablatio,
522 2409 750 2463 honoris
780 2422 832 2463 ct
868 2410 1055 2479 gloriae
1107 2410 1384 2478 signiﬁcat
1421 2407 1776 2461 ablationem.
1818 2407 1911 2460 Sic
1941 2405 2084 2461 Deus
2114 2408 2487 2461 couuninatur
2530 2425 2628 2478 per
2657 2408 2854 2464 Isaiam
2892 2425 2951 2465 se
2993 2422 3161 2479 caput
3188 2418 3243 2465 et
3284 2412 3513 2467 barbam

246 2495 474 2565 Assyrii
502 2510 778 2549 rasurnm.
808 2495 971 2551 Jubet
1012 2508 1277 2566 praeterea
1305 2496 1522 2549 tonderi
1549 2504 1604 2550 et
1645 2494 1764 2547 radi
1787 2491 2092 2548 Jerusalem
2130 2496 2197 2549 ob
2233 2497 2377 2548 mala
2409 2498 2477 2561 ⁸ο,
2511 2514 2632 2567 qua:
2652 2498 2774 2567 ejus
2806 2498 2960 2553 urbis
2994 2498 3148 2553 cives
3178 2498 3364 2555 essent
3394 2516 3518 2570 per-

256 2584 515 2653 pessuri.
545 2584 816 2639 Cancrum
851 2585 1099 2640 Nazara-i
1146 2594 1198 2640 et
1240 2585 1477 2639 Samson
1521 2588 1603 2654 (ut
1654 2591 1838 2654 pateat
1871 2582 2107 2649 gloriam
2141 2581 2373 2637 indicari
2424 2601 2518 2655 per
2549 2586 2860 2656 caesariem)
2898 2587 3104 2640 nullam
3146 2587 3517 2643 admittebant

244 2673 609 2727 novaculam.
892 2660 911 2677 ’

326 2783 439 2835 Καὶ
460 2780 797 2850 ἐντομίδας.
827 2779 1193 2848 Λυμαινονται
1225 2777 1334 2848 γὰρ
1363 2776 1455 2829 καὶ
1480 2779 1593 2839 τοῖς
1634 2776 1822 2845 σῶμα·
1855 2780 1897 2836 Β

1996 2775 2065 2829 Ει
2091 2780 2375 2844 incisurae,
2405 2792 2509 2837 etc.
2550 2782 2664 2855 [9.3]
2717 2783 3000 2840 Daemones
3064 2786 3269 2840 etenim
3308 2786 3362 2840 in
3411 2787 3514 2843 hoc

242 2893 345 2928 σιν
400 2876 452 2928 οἱ
497 2878 618 2937 ταῖς
649 2873 849 2942 ψυχαῖς
905 2870 1297 2939 λυμαινόμενοι
1348 2868 1626 2938 δαίμονες.
1672 2869 1730 2920 '0
1777 2870 1834 2922 δὲ

1942 2878 2091 2934 sunt,
2125 2880 2182 2923 ut
2215 2888 2322 2926 non
2355 2875 2528 2927 solum
2561 2889 2762 2943 corpus
2795 2885 3071 2939 evastent,
3110 2878 3207 2933 sed
3240 2891 3297 2932 ut
3330 2879 3500 2950 depo-

240 2968 390 3030 Θεὺς
422 2969 659 3038 ἄτμητον
686 2964 864 3035 ψυχὴν
911 2964 1005 3016 καὶ
1040 2964 1197 3032 σῶμα
1230 2962 1511 3031 φυλάττει.
1555 2960 1834 3024 Ἐνὼσεως

1941 2961 2200 3029 putentur
2225 2973 2277 3018 et
2303 2965 2560 3019 animam.
2592 2966 2788 3021 Verum
2819 2968 2961 3024 Deus
2983 2979 3092 3023 tam
3118 2986 3321 3039 corpus
3352 2988 3513 3041 quam

238 3060 365 3128 γὰρ
397 3057 425 3108 ὁ
450 3056 602 3119 Θεὸς,
632 3056 704 3118 ὡς
730 3055 984 3124 δαίμονες
1016 3051 1109 3105 τοῦ
1148 3050 1478 3123 σκεδασμοῦ.

1943 3053 2182 3107 animam
2216 3064 2508 3110 conservat
2542 3057 2836 3127 integram.
2875 3059 3206 3115 Concordiae
3241 3062 3513 3131 siquidem

1944 3155 2135 3199 auctor
2174 3146 2334 3212 Deus,
2368 3156 2422 3202 at
2463 3150 2761 3205 seditionis
2791 3153 3016 3206 molitor
3047 3164 3132 3207 est
3168 3154 3445 3211 diabolus.

342 3230 771 3299 Ἐκπορνεῦσαι
812 3228 1027 3295 αὐτήν.
1075 3227 1132 3279 '0
1174 3227 1336 3297 νόμος
1387 3226 1447 3279 τὸ
1484 3226 1628 3280 κατὰ
1675 3226 1837 3295 φύσιν

2020 3235 2086 3291 Ut
2127 3249 2408 3304 scorletur,
2441 3250 2547 3296 etc.
2606 3242 2714 3297 Lex
2784 3244 2989 3298 etenim
3051 3244 3145 3299 Dei
3193 3249 3391 3316 quaerit
3424 3250 3522 3318 jus

241 3327 436 3394 ζητεῖ.
470 3326 546 3377 Οὐ
579 3322 721 3375 κατὰ
762 3321 925 3391 φύσιν
966 3321 1025 3374 δὲ
1060 3322 1092 3392 ὴ
1121 3319 1370 3391 πορνεία.
1404 3319 1539 3374 Οὐδὲ
1588 3319 1696 3392 γὰρ
1744 3319 1836 3373 ἐπὶ

1944 3336 2217 3389 naturale.
2254 3335 2395 3390 lluic
2431 3338 2699 3391 scortatin
2733 3338 3059 3394 reluctatur.
3091 3338 3227 3394 Nam
3261 3356 3372 3396 non
3406 3357 3523 3398 ser-

247 3417 603 3487 παιδογονέᾳ.

1948 3426 2023 3479 vit
2046 3426 2341 3480 liberorum
2376 3429 2747 3497 procreationi
2782 3431 3073 3485 scortatio.

337 3515 471 3567 ἰνα
494 3510 578 3578 μὴ
624 3507 1006 3575 ἐκπορνεύσῃ
1044 3505 1081 3573 ἡ
1116 3503 1214 3576 γῆ,
1269 3506 1365 3559 καὶ
1411 3504 1661 3574 πλησθῇ
1703 3506 1841 3559 ἀνο-

2026 3516 2106 3572 Νε
2144 3529 2292 3572 terra
2315 3528 2592 3574 scortetur
2617 3531 2668 3574 et
2721 3523 2989 3589 repleatur
3032 3525 3341 3592 iniquitate,
3417 3535 3527 3584 etc.

250 3606 425 3675 μίας.
453 3603 650 3673 Τρέχει
687 3602 796 3671 γὰρ
832 3602 914 3662 εἰς
956 3598 1164 3669 πλῆθος
1214 3598 1528 3670 ἀρξάμενον
1559 3597 1620 3651 τὸ
1648 3598 1839 3652 κακόν.

1949 3607 2081 3663 Nam
2112 3614 2520 3682 quamprimum
2551 3622 2714 3682 caput
2749 3616 3013 3670 extulerit
3050 3616 3347 3686 iniquitas,
3390 3633 3524 3673 con-

267 3697 369 3750 Διδ
396 3698 489 3748 καὶ
516 3697 548 3767 ή
577 3694 725 3765 ἀρχὴ
756 3692 1072 3756 κολάζεται.

1950 3704 2104 3759 ιίηιιο
2147 3708 2587 3776 quamplurimos
2627 3709 2993 3763 contaminat.
3031 3710 3385 3785 Quapropter
3416 3711 3524 3766 ini-

1949 3797 2177 3866 quitatis
2216 3800 2541 3870 principium
2568 3800 2717 3854 illico
2752 3804 2933 3870 poenis
2967 3804 3165 3872 subjici
3202 3806 3428 3874 satagit.

336 3916 519 3971 Facile
551 3915 694 3970 enim
728 3914 993 3969 scortatio
1023 3926 1121 3966 sua
1159 3910 1401 3980 pomeria
1434 3918 1740 3980 promovet,
1775 3909 1821 3966 si
1846 3924 1953 3963 non
1983 3909 2054 3963 sit
2091 3926 2251 3971 uxor,
2287 3925 2414 3965 cum
2450 3926 2556 3979 qua
2597 3914 3051 3969 eoncumbamus.
3102 3914 3234 3968 Nam
3269 3915 3526 3972 Salomon

256 4004 445 4075 inquit
475 4021 489 4057 :
524 4022 542 4055 ι
574 4003 1012 4072 Mulierem,quae
1029 4008 1111 4056 est
1140 4000 1370 4069 laqueus
1394 4009 1447 4053 et
1508 4009 1621 4053 rete
1652 3999 1819 4054 corde
1843 4002 1950 4054 'suo
1981 4000 2047 4052 ".
2084 4019 2102 4051 ι
2137 4001 2374 4055 Sabbata
2429 4018 2547 4055 mea
2580 4002 3026 4067 custodietis,elc.
3064 4003 3203 4078 [30.]
3227 4005 3329 4061 Sed
3359 4023 3529 4078 quare

254 4102 397 4150 sunt
428 4090 768 4147 observanda
797 4090 820 4142 ?

337 4204 451 4274 (Si)
488 4201 628 4255 Οὔτε
672 4202 735 4254 τὸ
768 4200 1038 4255 σάϐϐατον
1072 4200 1149 4262 ὡς
1187 4196 1467 4266 ὠφέλιμον
1515 4194 1685 4263 αὐτῷ,
1718 4193 1842 4248 οὔτε
1872 4215 1914 4273 α

2022 4193 2245 4263 Pr0pter
2277 4198 2522 4266 symbola
2566 4216 2579 4251 :
2618 4209 2672 4252 ct
2703 4201 2866 4254 etiam
2905 4213 3131 4272 propter
3173 4204 3287 4260 haec
3331 4206 3521 4261 obser-

256 4297 324 4351 τὸ
386 4298 657 4367 ἁγίασμα,
716 4298 763 4349 et
815 4296 888 4365 μὴ
936 4293 1079 4347 κατὰ
1133 4290 1419 4360 σύμόολον.
1476 4288 1600 4350 Τοῖς
1659 4288 1842 4357 μέντοι

1946 4288 2123 4341 vanda
2161 4297 2310 4352 sunt,
2338 4299 2396 4342 ut
2428 4291 2732 4346 serviamus
2781 4294 2881 4362 ipsi
2935 4294 3065 4349 Deo.
3102 4297 3170 4351 At
3202 4297 3291 4367 qui
3344 4288 3520 4352 Deum

256 4388 401 4441 Θεὸν
430 4388 602 4441 αὑτὸν
652 4387 886 4457 ἔχουσιν,
927 4386 988 4438 οὐ
1038 4382 1198 4455 χρεία
1230 4380 1319 4434 διὰ
1356 4378 1562 4432 τούτων
1607 4377 1844 4431 οἰκειοῦ-

1948 4377 2126 4446 ipsum
2180 4379 2403 4446 habent,
2456 4381 2505 4433 hi
2542 4397 2649 4435 non
2682 4398 2908 4438 necesse
2939 4386 3160 4451 habent,
3205 4397 3265 4440 ut
3295 4403 3393 4456 per
3423 4389 3514 4442 illa

259 4480 413 4535 σθαι.
1949 4470 2075 4525 huic
2103 4471 2426 4541 jungantur,
2473 4490 2596 4527 cum
2636 4476 2839 4545 alioqui
2872 4478 2981 4531 sint
3004 4479 3469 4548 conjunctissimi.

338 4574 468 4629 Non
508 4575 795 4635 respicietis
831 4582 946 4641 post
978 4569 1250 4640 pythones,
1290 4582 1452 4636 neque
1487 4564 1722 4619 hariolos
1769 4565 2069 4634 inquiretis,
2106 4574 2216 4621 etc.
2246 4565 2387 4639 [51.]
2424 4566 2567 4623 Nam
2624 4572 3023 4628 lue-vanitates
3057 4582 3322 4643 separant
3362 4592 3463 4631 nos
3486 4592 3518 4631 a

263 4664 405 4727 Deo,
440 4663 567 4716 licet
606 4663 843 4716 habeant
872 4658 1176 4727 quidpiam,
1209 4654 1357 4722 quod
1393 4654 1549 4707 nobis
1591 4652 1923 4707 blandiatur.
1965 4652 2162 4708 Verum
2210 4655 2335 4709 illas
2385 4658 2813 4725 superstitiones
2854 4675 3020 4714 nemo
3050 4671 3320 4731 sequatur
3355 4661 3518 4717 Chri-

258 4752 502 4810 stianus,
532 4750 622 4803 cui
661 4763 787 4817 spes
837 4759 1028 4801 omnes
1089 4756 1331 4812 opesque
1364 4741 1418 4793 in
1470 4740 1586 4794 solo
1646 4741 1756 4793 Deo
1792 4740 1912 4794 sitae
1946 4750 2094 4796 sunt.
2134 4739 2198 4794 Et
2244 4743 2289 4796 si
2323 4758 2427 4798 non
2472 4743 2619 4798 illico
2660 4746 2832 4800 sentis
2912 4750 3176 4802 auxilium
3239 4749 3482 4804 divinum
3508 4793 3525 4816 ,

261 4842 401 4911 quid
443 4850 557 4893 tum
589 4839 612 4892 ?
640 4837 904 4908 patientia
938 4848 1077 4904 opus
1108 4840 1213 4887 est.
1241 4828 1349 4883 Nec
1374 4829 1703 4882 currendum
1739 4826 1804 4881 ad
1840 4829 1961 4881 illas
1991 4828 2433 4894 superstitiones,
2464 4832 2564 4884 etsi
2609 4833 2870 4886 auxilium
2908 4835 3003 4889 tibi
3064 4850 3303 4907 praesens
3365 4838 3527 4907 polli-

262 4937 525 4983 ceantur.
566 4926 769 4982 Verum
797 4924 1003 4978 malitia
1033 4920 1287 4973 omnibus
1314 4916 1624 4981 allubescit,
1656 4917 1851 4981 virtus,
1885 4932 2005 4985 qua:
2035 4916 2307 4971 laboriosa
2348 4927 2471 4979 est,
2503 4918 2785 4988 plerisque
2839 4923 3049 4978 sordet.
3083 4923 3148 4976 Et
3190 4924 3238 4979 si
3274 4925 3530 4995 quando-

260 5034 373 5087 que
391 5015 815 5069 vanissimarum
835 5009 1283 5079 superstitionum
1300 5006 1540 5058 cultores
1556 5019 1680 5058 vera
1698 5003 2065 5073 praedixerint,
2092 5023 2198 5059 non
2217 5014 2501 5074 propterea
2525 5008 2657 5062 lides
2676 5014 3147 5069 accommodanda
3165 5025 3270 5071 est.
3299 5016 3519 5071 Imitare

258 5104 581 5167 Christum,
617 5104 710 5173 qui
745 5095 1174 5170 reprehendebat
1203 5094 1505 5156 daemones,
1537 5094 1786 5162 quamvis
1820 5093 1999 5162 ipsum
2029 5092 2335 5145 vocitarent
2369 5091 2567 5149 Filium
2604 5094 2719 5152 Dei.
2744 5097 2881 5155 Nam
2912 5102 3015 5157 sub
3045 5104 3277 5157 veritate
3326 5105 3515 5158 occul-

262 5202 384 5246 tum
419 5199 617 5262 gerunt
656 5187 1025 5249 mendacium,
1057 5198 1163 5236 non
1196 5195 1357 5236 secus
1393 5195 1457 5233 ac
1490 5179 1536 5234 si
1563 5181 1686 5249 quis
1720 5179 1878 5233 melle
1910 5188 2177 5249 perungat
2214 5180 2492 5249 poculum,
2519 5182 2572 5236 in
2608 5200 2720 5254 quo
2756 5203 3027 5243 venenum
3080 5199 3229 5245 esset
3264 5192 3525 5261 propina-

264 5290 451 5333 turus.
495 5278 766 5332 Praeterea
807 5273 1062 5329 diabolus
1094 5271 1211 5340 ipsa
1252 5267 1482 5323 veritate
1512 5267 1883 5321 calumniatur
1917 5266 2085 5321 Deum
2125 5267 2254 5322 dum
2288 5270 2570 5326 veritatem
2602 5274 2840 5344 profert,
2866 5295 2987 5348 quae
3028 5278 3140 5334 Deo
3168 5280 3271 5334 soli
3304 5295 3527 5349 compe-

262 5367 354 5422 tit.
379 5367 518 5419 Dum
548 5365 696 5420 enim
724 5362 948 5417 simulat
978 5358 1209 5412 veritate
1244 5353 1438 5420 Deum,
1470 5353 1725 5408 incautos
1759 5354 2045 5410 mendacio
2081 5354 2134 5408 in
2164 5354 2394 5411 exitium
2426 5357 2602 5414 illicit.
2644 5362 2924 5429 Attamen,
2955 5366 3225 5437 objiciunt
3271 5367 3519 5438 quidam,

378 5521 424 5552 “
450 5520 647 5579 Matth.
679 5534 761 5587 ιιι,
788 5518 846 5571 2.
921 5519 966 5548 "'
1004 5514 1194 5569 Matth.
1228 5527 1353 5579 xm,
1389 5510 1477 5565 52.
1558 5510 1605 5544 ’⁵⁸
1655 5511 1673 5565 l
1710 5512 1839 5570 Cor.
1880 5514 2050 5580 κει.
2125 5514 2171 5547 ⁸⁸
2200 5514 2336 5571 Gen.
2368 5532 2498 5583 xxx,
2534 5515 2628 5569 27.
2703 5516 2749 5549 ⁵ο
2777 5516 2880 5573 lsa.
2910 5534 2998 5585 xv,
3030 5520 3087 5585 2,
3110 5520 3165 5579 5.
3274 5521 3320 5555 ⁸⁸
3353 5520 3517 5581 Prov.

266 5606 325 5655 "
363 5591 420 5642 2'
1796 5646 2023 5709 now.

486 5730 591 5852 2ιέ
610 5726 986 5867 fﬁciam.
1013 5790 1109 5844 Διά
1137 5791 1269 5847 Θεὸν
1291 5790 1348 5843 δὲ
1368 5789 1460 5843 καὶ
1488 5786 1680 5843 ταῦτα.
1714 5787 1838 5854 Τοῖς
1875 5789 2079 5859 μέντοι,
2120 5806 2206 5845 κτ.
2245 5789 2303 5845 '0
2328 5792 2428 5862 τῆς
2452 5790 2587 5863 Λῦγ.
2620 5790 2748 5846 κώδ.
