4090 6536
549 361 658 429 763
1918 367 2226 428 ROCOPII
2261 367 2509 430 GAZ/BI
3719 369 3818 437 764

553 485 814 540 invocant
850 481 1114 537 Sabaoth.
1153 480 1296 549 Quid
1320 491 1436 537 tum
1465 483 1490 536 ?
1521 482 1690 554 impie
1741 486 1846 540 hoc
1901 486 2132 544 faciunt.
2170 485 2306 543 Nam
2343 491 2490 544 illam
2545 489 2974 561 appellationem
3018 505 3128 544 non
3183 487 3318 554 Deo,
3351 491 3442 546 sed
3481 491 3820 552 daemonibus

555 572 824 627 tribuunt.
853 569 918 624 Et
953 571 1115 642 363
1145 571 1469 640 plerumque
1502 571 1576 625 illi
1614 572 1940 628 daemoniaci
1983 577 2146 645 impie
2177 587 2443 648 usurpant
2487 579 2709 632 nomina
2739 578 2951 644 divina,
2991 578 3125 632 dum
3158 594 3223 634 ea
3256 590 3598 649 componunt
3627 585 3820 638 dieillo-

554 661 753 727 nihus,
786 676 1018 731 quorum
1052 661 1336 716 ambitioni
1392 662 1721 718 inserviunt.
1779 663 1834 718 Si
1873 674 2054 720 autem
2098 665 2336 720 confidis
2375 666 2455 721 illi
2483 665 2717 731 nomini,
2747 666 2881 736 quin
2918 676 2972 720 ιιι
3007 666 3214 722 accede
3251 667 3445 734 Deum,
3472 668 3579 722 hoc
3607 672 3820 727 nomine

560 749 742 819 ipsum
779 750 1058 820 appellato
1081 789 1096 813 ,
1131 758 1185 803 et
1217 751 1508 805 sanitatem
1543 752 1734 820 petito.
1758 751 1874 807 lmo
1917 755 2096 809 satius
2121 762 2227 816 est,
2255 762 2315 806 ut
2338 755 2660 823 acquiescas
2683 755 2810 808 huic
2839 753 3108 809 consilio:
3137 771 3156 806 ι
3187 755 3506 808 Inlirmatur
3533 756 3660 825 quis
3685 756 3820 814 inter

556 851 654 893 vos
679 837 702 890 ?
723 846 971 892 accersat
999 837 1350 908 presbyteros
1371 838 1654 904 Ecclesiae,
1681 848 1736 894 et
1777 849 1936 895 orent
1961 856 2131 912 super
2163 857 2290 895 eum
2318 842 2387 906 ",
2421 851 2528 895 etc.

624 951 668 1004 Α
700 951 835 1021 facie
860 953 1077 1007 canitiei
1093 969 1397 1023 consurges.
1420 953 1584 1026 [XIX,
1611 954 1730 1028 32.]
1753 955 1808 1010 Si
1829 972 1955 1012 vere
1980 968 2138 1014 tene-

2325 957 2460 1010 Ἀπὸ
2507 955 2836 1026 προσώπου
2886 957 3104 1013 πολιοῦ
3151 958 3575 1028 ἐξαναστήσῃ.
3609 960 3719 1029 (22)
3761 962 3821 1017 Ti

558 1057 682 1098 mus
737 1042 1051 1108 Dominum,
1099 1045 1266 1098 etiam
1313 1045 1544 1100 senibus
1593 1045 1857 1102 honorem
1918 1046 2138 1104 defere-

557 1149 702 1189 mus.
732 1134 1014 1206 Siquidem
1059 1135 1204 1192 Deus
1233 1136 1352 1207 ipse
1405 1146 1695 1194 senectute
1739 1139 1922 1194 omnia
1959 1143 2141 1197 excel-

562 1227 646 1281 lit.
701 1225 972 1282 Praaterea
1016 1243 1192 1284 canus
1245 1229 1397 1284 visus
1431 1237 1514 1285 est
1569 1228 1804 1295 Danieli,
1845 1241 1907 1287 ut
1941 1248 2002 1288 ex
2037 1233 2142 1288 hu-

560 1320 651 1389 jus
679 1318 964 1389 prophetia
1003 1333 1341 1390 c0gnoscere
1381 1321 1566 1376 datur.

639 1407 709 1463 Ut
752 1411 1002 1481 indigena
1052 1413 1129 1466 sic
1165 1414 1265 1466 erit
1313 1414 1620 1482 peregrinus
1675 1414 1816 1468 inter
1866 1432 1981 1479 vos,
2033 1425 2142 1472 etc.

564 1500 684 1556 Alia
717 1512 901 1557 autem
939 1505 1079 1558 ratio
1111 1513 1231 1560 erat
1287 1508 1713 1575 peregrinorum
1744 1509 1891 1577 apud
1926 1520 2141 1579 gentes.

566 1591 702 1646 Nam
730 1593 1006 1663 peregrini
1044 1609 1273 1664 prorsus
1306 1597 1448 1666 apud
1487 1606 1677 1667 gentes
1710 1602 2147 1656 contemneban-

568 1692 678 1747 tur,
720 1694 780 1738 ut
817 1687 960 1755 apud
1006 1687 1377 1743 Athenienses
1418 1697 1472 1742 et
1525 1689 1747 1745 Persas.
1782 1692 1853 1744 At
1886 1689 2148 1762 Spartani

568 1789 800 1844 prorsus
843 1790 873 1831 θ
912 1791 1011 1831 sua
1065 1780 1288 1848 regione
1337 1779 1744 1833 submovebant
1795 1784 2146 1850 peregrinos.

570 1863 695 1918 Haec
746 1874 926 1919 autem
980 1866 1065 1920 lex
1097 1867 1190 1936 jus
1239 1867 1496 1921 naturale
1548 1868 1805 1937 respicit,
1847 1878 1902 1923 et
1929 1879 2152 1923 natura-

568 1951 672 2007 lem
699 1954 1014 2022 aequitatem
1046 1956 1316 2010 continet.
1368 1953 1548 2008 llomo
1585 1957 1731 2010 enim
1768 1972 1879 2011 non
1931 1959 2152 2012 vilescit

568 2051 791 2112 propter
861 2043 1081 2109 locum,
1131 2045 1226 2099 sed
1309 2045 1616 2099 honoratur
1682 2055 1909 2115 propter
1988 2056 2150 2102 natu-

567 2147 709 2187 ram.
766 2133 1055 2203 Praeterea,
1088 2136 1134 2191 si
1177 2137 1302 2208 quis
1340 2153 1451 2192 rem
1478 2139 1721 2207 penitins
1754 2138 2038 2208 inspiciat,
2069 2141 2151 2192 vi-

567 2223 716 2280 dehit
769 2229 1120 2297 peregrinum
1184 2229 1396 2298 aequari
1441 2229 1732 2298 indigenae.
1770 2228 1908 2284 Nam
1949 2239 2003 2286 et
2045 2232 2149 2302 ipsi

572 2317 792 2372 fuerant
834 2321 1108 2390 peregrini
1139 2319 1194 2375 in
1235 2319 1497 2391 zEgypto.
1548 2320 1786 2386 Etenim,
1823 2322 1870 2376 si
1904 2324 2147 2377 animum

2245 1050 2417 1114 ἐστιν,
2463 1070 2482 1103 ι
2520 1052 2652 1106 Ἀπὸ
2691 1051 2991 1124 προσώπου
3016 1052 3207 1106 πολιοῦ
3257 1053 3643 1126 ἐξαναστήσῃ,
3678 1073 3698 1106 ι
3732 1058 3821 1110 καὶ

2245 1140 2314 1194 τὰ
2351 1141 2513 1212 ἐξῆς;
2555 1144 2711 1197 Ἐπεὶ
2753 1145 2886 1208 Θεὸς
2934 1146 2996 1198 τὸ
3045 1145 3463 1217 πρεσϐύτατον,
3516 1147 3614 1199 καὶ
3647 1147 3823 1212 πολιὸς

2245 1233 2303 1284 ὲν
2332 1232 2569 1306 ὀπτασίᾳ
2601 1234 2715 1305 (25)
2745 1234 3054 1309 ὲθεωρήθη.

2331 1405 2428 1472 Ὠς
2459 1407 2771 1477 αὐτόχθων
2809 1410 2877 1463 ἐν
2918 1410 3060 1480 ὑμῖν
3095 1411 3266 1464 ἔσται
3310 1412 3346 1466 ό
3373 1410 3761 1479 προσήλυτοι*
3792 1418 3822 1469 ὀ

2247 1503 2817 1568 προσπορευόμενος
2866 1501 3017 1570 πρὸς
3064 1501 3240 1572 ὑμᾶς.
3286 1502 3526 1572 Ἑτέρως
3569 1504 3718 1572 παρὰ
3761 1505 3824 1559 τὰ

2247 1589 2400 1662 ἔθνη.
2461 1593 2736 1649 Ἐλάττων
2793 1596 2904 1666 γὰρ
2961 1596 3115 1668 παρὰ
3169 1599 3284 1660 τοῖς
3341 1596 3532 1658 ἄλλοις
3587 1599 3615 1651 ὁ
3665 1598 3822 1664 ξένος,

2263 1683 2572 1754 Ἀθηναίοις
2609 1687 2772 1756 τυχὸν
2820 1688 2915 1740 καὶ
2944 1688 3180 1758 Πέρσαις
3204 1706 3217 1719 °
3247 1689 3351 1742 ὑπὸ
3387 1689 3445 1741 δὲ
3498 1690 3824 1760 Λακεδαιμο-

2247 1772 2378 1826 νίων
2414 1774 2704 1844 ἠλαύνετο.
2750 1777 3015 1830 Ἐνταῦθα
3052 1774 3144 1831 οὖν
3182 1780 3243 1830 τὸ
3294 1781 3437 1832 κατὰ
3471 1779 3656 1847 φύσιν,
3706 1780 3822 1835 ξ’·θα

2249 1863 2540 1934 ἄνθρωπος
2565 1868 2664 1921 οὐκ
2697 1867 3012 1922 ἐλαττοῦται
3045 1870 3337 1942 ἀνθρώπου
3369 1870 3462 1924 διὰ
3490 1871 3674 1933 τόπον,
3705 1871 3826 1928 ἀλλὰ

2248 1959 2478 2027 τιμᾶται
2526 1961 2616 2014 διὰ
2652 1962 2836 2029 φύσιν,
2866 1963 3024 2016 ἔτιδὲ
3069 1965 3333 2018 καὶκατὰ
3362 1963 3463 2033 τὴν
3515 1964 3612 2017 τοῦ
3659 1967 3824 2036 πρᾶγ·

2255 2067 2427 2119 ματος
2480 2056 2768 2108 κοιιωνίαν
2813 2056 3128 2121 ἐξισοῦται·
3182 2061 3276 2113 κα).
3320 2059 3482 2113 αὐτοὶ
3522 2060 3633 2128 γὰρ
3696 2054 3824 2129 ἦσαν

2254 2151 2312 2203 ὲν
2348 2149 2611 2218 Αἰγύπτῳ
2652 2150 3015 2221 προσήλυτοιο
3057 2151 3195 2205 ἀλλὰ
3243 2152 3338 2206 καὶ
3378 2151 3521 2205 κατὰ
3565 2150 3662 2220 τὴν
3710 2168 3827 2231 προ-

2256 2242 2473 2312 αίρεσιν
2508 2243 2600 2296 τὸν
2633 2243 2796 2296 αὑτὸν
2818 2243 2950 2296 Θεὸν
2980 2242 3178 2308 ὑπιὼν,
3207 2245 3282 2307 ὡς
3315 2246 3349 2316 ὴ
3379 2243 3542 2298 Ῥοὺθ
3568 2243 3654 2296 διὰ
3683 2243 3828 2296 τοῦτο

2253 2332 2482 2400 ἐτιμᾶτο
2516 2333 2666 2403 παρᾶ
2699 2331 2792 2385 τοῦ
2830 2334 2983 2396 Βοός.
3015 2335 3116 2404 Εῖη
3143 2334 3189 2389 δ’
3226 2335 3294 2390 ἂν
3322 2335 3419 2388 κα).
3447 2335 3529 2399 εἰς
3555 2334 3622 2388 τὰ
3653 2333 3826 2406 ἔθνηή

569 2412 911 2476 consideres,
941 2413 1192 2468 eumdem
1225 2415 1416 2470 colunt
1447 2415 1643 2480 Deum,
1681 2415 2149 2486 quemadmodum

2251 2426 2586 2496 προφητεία,
2619 2425 2888 2494 μέλλοντα
2915 2426 3233 2492 ἐξισοῦσθαι
3260 2426 3338 2498 τῷ
3384 2425 3606 2497 Ἰσραὴλ
3633 2425 3719 2480 διὰ
3746 2425 3828 2479 τὸν

571 2501 741 2568 Ruth,
801 2520 921 2575 qua:
979 2516 1267 2576 propterea
1343 2509 1642 2565 honorifice
1715 2512 2068 2566 tractabatur
2119 2527 2150 2566 a

2250 2513 2472 2569 πάντων
2499 2514 2767 2585 ὲξισωτὴν
2798 2517 3058 2586 Χριστὸν,
3092 2519 3140 2569 εἰ
3173 2517 3268 2570 καὶ
3304 2515 3366 2582 ὲξ
3397 2515 3830 2586 εἰδωλολατρείας

573 2593 738 2648 Booz.
776 2594 872 2650 Vel
907 2596 1022 2652 haec
1067 2599 1229 2681 verba
1269 2601 1577 2668 praedicunt
1621 2602 1946 2671 prophetico
1999 2617 2152 2657 more

2250 2605 2527 2677 ἔρχονται.
2559 2603 2744 2662 Ἦσαν
2775 2608 2883 2681 γὰρ
2919 2608 3312 2680 εἰδωλολάτραι
3378 2611 3477 2666 καὶ
3512 2609 3751 2680 Ἑϐραῖοι
3776 2608 3829 2661 ὲν

578 2695 773 2756 gentes
825 2689 1125 2759 aliquando
1174 2676 1230 2744 iri
1261 2693 1581 2747 societatem
1631 2703 1893 2748 venturas
1925 2691 2146 2748 lsraeli-
2257 2676 2545 2768 Αἰγύπτῳ.

577 2769 756 2835 tarum
788 2799 884 2852 per
916 2783 1222 2850 Christum,
1272 2787 1362 2856 qui
1389 2801 1583 2842 omnes
1609 2801 1674 2839 ex
1714 2803 1871 2857 aequo
1900 2788 2297 2858 complectitur,
2329 2793 2375 2847 si
2413 2795 2670 2848 nimirum
2713 2796 2900 2850 relicta
2949 2795 3259 2850 idololatria
3297 2797 3365 2851 ad
3400 2797 3581 2866 ipsum
3618 2803 3828 2852 conten-

575 2874 729 2930 dant.
784 2876 919 2931 Nam
955 2889 1008 2933 et
1040 2877 1254 2934 Hebraei
1291 2881 1344 2933 in
1379 2879 1616 2951 Egypto
1652 2880 1872 2935 fuerant
1913 2882 2237 2938 idololatrae.

648 2966 772 3022 Non
818 2970 1029 3039 facietis
1074 2973 1334 3042 iniustum
1380 2974 1636 3043 quiddam
1691 2975 1744 3028 in
1769 2975 2002 3040 judicio,
2037 2986 2146 3030 etc.

577 3057 718 3133 [35.]
768 3060 862 3118 Dei
905 3062 1040 3133 justi
1096 3067 1368 3120 maximus
1408 3065 1587 3119 honor
1627 3075 1712 3122 est
1741 3067 1982 3138 justitia.
2021 3083 2148 3140 quae

577 3153 632 3208 in
657 3153 869 3224 judicio
899 3165 953 3212 et
984 3160 1368 3214 contractibus
1417 3175 1525 3214 non
1564 3162 1803 3215 violatur

2330 2983 2413 3036 Οὺ
2434 2982 2720 3050 ποιήσετε
2749 2983 2962 3037 ἄδικον
2987 2983 3058 3036 ἐν
3086 2953 3301 3053 κρίσει.
3344 2985 3412 3038 Ἦ
3436 2984 3494 3037 ὲν
3535 2983 3709 3055 κρίσει
3744 3001 3829 3038 και

2263 3071 2618 3142 συμϐολαίοις
2647 3072 2962 3145 δικαιοσύνη
2983 3074 3140 3141 Θεοῦ,
3174 3073 3309 3146 τιμὴ
3339 3074 3436 3128 τοῦ
3475 3073 3706 3128 δικαίου.

649 3267 994 3340 Quapropter
1043 3271 1371 3342 subjungit:
1428 3293 1446 3326 ι
1504 3273 1616 3343 Ego
1659 3289 1780 3329 sum
1830 3275 2094 3330 Dominus
2124 3273 2268 3330 Deus
2317 3280 2518 3328 vester.
2557 3291 2575 3324 ι
2608 3283 2744 3326 nam
2775 3281 3070 3344 propterea
3103 3272 3316 3328 secrevi
3373 3287 3476 3330 vos
3530 3287 3561 3327 a
3597 3273 3814 3343 reliquis

579 3355 899 3410 nationibus
931 3365 988 3412 et
1041 3358 1280 3426 populis,
1332 3367 1392 3412 ut
1451 3372 1560 3412 non
1599 3358 1722 3412 loco
1769 3361 1971 3426 solum,
2002 3361 2094 3416 sed
2125 3363 2287 3416 etiam
2334 3361 2582 3417 moribus
2614 3373 2666 3416 et
2695 3361 2909 3432 legibus
2957 3363 3025 3417 ab
3060 3363 3145 3416 his
3189 3363 3312 3418 sitis
3361 3363 3663 3434 segregati.
3723 3361 3824 3420 Nos

581 3450 788 3506 autem,
819 3445 913 3514 qui
943 3445 1268 3502 festinamus
1329 3445 1393 3500 ad
1453 3445 1872 3516 perfectionem,
1937 3463 2044 3501 non
2076 3458 2296 3518 separat
2332 3464 2362 3502 a
2395 3449 2622 3518 reliquis
2660 3449 2803 3515 loco,
2855 3449 2948 3504 sed
3009 3451 3134 3504 vitae
3173 3451 3486 3519 proposito,
3525 3450 3736 3504 scilicet
3765 3457 3820 3502 ut

583 3535 636 3588 in
665 3536 821 3590 nobis
853 3537 1140 3604 impleatur
1163 3537 1376 3606 justitia
1409 3537 1571 3608 legis,
1622 3539 1675 3591 in
1703 3539 1883 3600 nobis,
1918 3539 2167 3608 inquam,
2201 3538 2292 3607 qui
2325 3553 2430 3591 non
2458 3536 2766 3590 secundum
2804 3552 3028 3592 carnem
3069 3537 3455 3592 ambulamus.
3497 3537 3564 3591 Et
3598 3535 3810 3606 quidem

585 3622 685 3686 illi,
732 3623 826 3694 qui
884 3624 1245 3689 dissidebant,
1290 3625 1512 3680 abducti
1565 3634 1695 3680 sunt
1761 3642 1789 3679 a
1827 3626 2164 3696 reliquorum
2206 3627 2490 3682 consortio
2538 3626 2593 3679 in
2648 3640 2818 3679 unum
2868 3626 3074 3687 locum,
3128 3625 3395 3680 videlicet
3441 3624 3822 3694 promissionis

586 3722 812 3768 terram.
846 3712 957 3770 Nos
983 3731 1132 3781 vero,
1166 3717 1258 3786 qui
1313 3716 1457 3770 inter
1501 3717 1703 3786 impios
1740 3717 2003 3781 vivimus,
2056 3718 2124 3771 ab
2179 3716 2269 3770 his
2315 3715 2683 3784 sejungimur.
2728 3712 2942 3767 Statera
2973 3720 3028 3768 et
3079 3711 3322 3782 pondera
3354 3713 3506 3781 iusta
3537 3723 3665 3768 sunt
3693 3728 3826 3784 sym-

587 3801 709 3855 bola
747 3812 800 3858 et
828 3801 1030 3857 indicia
1061 3803 1328 3858 bonorum
1356 3820 1589 3858 morum.
1625 3803 1806 3859 Vincit
1838 3813 2020 3860 autem
2071 3806 2243 3876 legem
2274 3803 2469 3873 gratia,
2506 3801 2785 3869 justitiam
2823 3799 3107 3870 siquidem
3135 3808 3370 3870 superat
3403 3800 3588 3870 ipsum
3618 3800 3827 3855 bonum.

586 3889 855 3958 Quocirca
910 3893 1087 3962 inquit
1119 3891 1411 3949 SalVator:
1452 3912 1470 3946 ‹
1527 3892 1642 3949 Nisi
1691 3893 2054 3948 abundaverit
2087 3904 2267 3950 vestra
2307 3892 2524 3962 justitia
2575 3892 2700 3962 plus
2734 3905 2901 3961 quam
2955 3888 3283 3945 Scribarum
3312 3896 3369 3945 et
3399 3889 3826 3957 Pharisaeorum,

587 3996 931 4052 nequaquam
961 3982 1257 4036 introibitis
1292 3983 1344 4036 in
1400 3997 1626 4053 regnum
1655 3983 1920 4038 cmlorum
1948 3981 2056 4036 ⁵³.»

660 4069 969 4138 Quicunque
1005 4069 1208 4123 dederit
1249 4070 1312 4123 de
1351 4073 1548 4124 semine
1592 4087 1688 4125 suo
1719 4071 1968 4138 principi,
1998 4078 2106 4124 etc.
2165 4067 2312 4142 [ΚΧ.
2342 4068 2423 4142 2.]
2465 4068 2746 4124 Fortassis
2798 4067 3022 4133 accidit,
3060 4074 3121 4122 ut
3155 4067 3284 4137 quis
3327 4074 3519 4123 motus
3571 4064 3828 4137 dignitate

588 4168 640 4212 et
689 4157 896 4212 divitiis
933 4157 1169 4228 alicujus
1205 4159 1545 4229 alienigenas,
1585 4160 1632 4214 ei
1670 4175 1827 4214 suam
1878 4159 2087 4213 locaret
2135 4159 2323 4220 ﬁliam.
2355 4174 2478 4228 que
2503 4158 2864 4213 assuetudine
2907 4155 3034 4210 vita:
3063 4154 3290 4209 tandem
3327 4156 3384 4211 in
3424 4153 3828 4214 idololatriam.

590 4261 755 4316 quam
813 4253 1054 4299 sectatur
1112 4249 1366 4312 maritus,
1424 4246 1580 4301 facile
1612 4248 1997 4302 abduceretur.
2032 4245 2189 4302 Tunc
2229 4248 2441 4301 eveniet
2467 4245 2622 4308 illud,
2681 4245 2827 4315 quoi
2878 4244 2932 4297 in
2989 4242 3289 4313 Evazigelio
3348 4245 3640 4312 scriptum
3709 4247 3827 4295 est:

596 4353 614 4384 ‹
655 4331 795 4398 Quid
847 4331 1092 4400 proderit
1141 4333 1368 4397 homini,
1409 4335 1454 4387 si
1497 4343 1669 4387 totum
1720 4335 1984 4388 mandunt
2033 4335 2279 4388 lucratus
2323 4333 2506 4397 fuerit,
2543 4343 2596 4387 et
2621 4333 2818 4386 anime
2849 4346 2962 4386 sua:
2993 4331 3267 4398 jacturam
3302 4329 3617 4388 fecerit“?
3659 4347 3678 4381 ι
3736 4327 3830 4381 Lex

593 4422 760 4492 igitur
783 4421 1094 4476 balbutiens
1112 4421 1297 4476 mimis
1353 4423 1612 4492 explicat,
1645 4423 1791 4492 quod
1827 4421 2030 4477 Paulus
2061 4419 2479 4492 comprehendit
2523 4420 2733 4488 paucis.
2774 4417 3030 4486 Praecipit
3057 4417 3205 4472 enim
3239 4419 3589 4488 parentibus.
3627 4425 3680 4470 ut
3743 4429 3822 4468 se-

591 4507 830 4563 cundum
854 4509 1230 4578 praescriptum
1287 4507 1499 4562 Domini
1552 4510 1753 4564 liberos
1805 4510 2058 4564 elucent.
2092 4508 2363 4564 Ceterum
2409 4508 2491 4561 les
2523 4508 2741 4561 elocuta
2774 4515 2860 4560 est
2901 4505 2993 4559 illa
3024 4503 3095 4558 ad
3124 4521 3244 4570 eos,
3279 4506 3376 4576 qui
3409 4504 3674 4575 temporis
3740 4517 3821 4555 ra-

595 4597 743 4651 tione
771 4595 949 4651 adhuc
992 4612 1183 4666 parum
1233 4596 1408 4650 solide
1441 4597 1695 4651 tenebant
1727 4611 1869 4650 verre
1908 4597 2189 4666 religionis
2233 4596 2450 4650 callem.
2503 4591 2762 4648 Nondum
2791 4593 2958 4649 etiam
2989 4601 3110 4647 erat
3139 4591 3387 4662 Spiritus
3423 4601 3673 4653 sanctus.
3749 4587 3828 4659 qui

594 4683 742 4752 ipsos
799 4682 1158 4739 coriirmaret.
1222 4681 1503 4753 Siquidem
1565 4681 1760 4746 Iesus,
1823 4690 1882 4736 ut
1939 4683 2096 4738 docet
2149 4682 2393 4739 Joannes
2449 4682 2782 4752 evangelista
2814 4681 2898 4746 ",
2963 4681 3209 4736 nondum
3270 4687 3392 4735 erat
3497 4678 3830 4749 glorificatus.

595 4769 937 4840 Quapropter
985 4773 1188 4825 Paulus
1239 4768 1362 4824 forti
1406 4770 1592 4823 animo
1646 4769 1786 4822 nihil
1824 4777 2073 4824 metuens
2105 4769 2420 4839 pralictam
2467 4769 2659 4837 legem,
2694 4768 2776 4822 sic
2815 4766 3024 4822 docet:
3065 4784 3084 4817 ι
3127 4767 3186 4821 Si
3224 4767 3353 4837 quis
3389 4769 3619 4820 maritus
3691 4761 3830 4816 habet

599 4873 826 4913 uxorem
875 4859 1234 4923 incredulam,
1285 4872 1341 4914 et
1387 4859 1507 4929 ipsa
1561 4875 1670 4913 non
1732 4858 1923 4913 abnuit
1971 4860 2222 4913 habitare
2252 4873 2378 4914 cum
2411 4873 2498 4923 eo,
2550 4872 2621 4912 ne
2651 4855 2906 4912 demittat
2930 4871 3074 4911 eam.
3123 4854 3184 4911 Si
3223 4870 3348 4927 qua:
3380 4869 3526 4910 uxor
3562 4852 3721 4907 habet
3751 4846 3826 4902 vi-

601 4963 720 5001 rum
753 4946 820 5010 ⁵⁸,
861 4966 880 4998 ι
916 4957 1024 5003 etc.
1065 4947 1199 5002 Nam
1230 4948 1322 5019 qui
1351 4947 1709 5018 conjungitur
1741 4956 1936 5002 sancto
1970 4946 2349 5002 sanctificatur
2377 4955 2433 5000 et
2465 4947 2605 5015 ipse.

671 5039 809 5112 Gens
841 5066 994 5112 terra:
1050 5056 1316 5127 lapidibus
1365 5075 1484 5112 eum
1525 5061 1729 5120 obruet,
1765 5067 1873 5112 etc.
1911 5055 2056 5128 [XX,

2359 5055 2428 5108 Td
2456 5055 2634 5120 ἔθνος
2668 5069 2732 5107 το
2762 5053 2862 5108 ἐπὶ
2909 5053 3019 5122 τῆς
3045 5051 3157 5124 γῆς
3193 5054 3700 5118 λιθοϐοαησουσιν
3725 5061 3822 5098 av-

602 5146 851 5217 Magnam
900 5149 1063 5205 habet
1107 5149 1399 5204 utililatem
1452 5158 1512 5204 ut
1565 5150 1801 5220 populus
1835 5149 1950 5204 suis
1993 5152 2152 5202 mani-

2288 5150 2395 5202 τὸν
2422 5149 2492 5201 ἐν
2537 5148 2754 5214 λίθοις.
2800 5147 3088 5216 Ὠφέλιμον
3117 5146 3180 5198 τὸ
3221 5143 3539 5214 αὐτοχειρία
3581 5135 3826 5199 κολάζειν.

604 5242 706 5296 bus
733 5251 918 5298 sontes
948 5244 1159 5311 puniat.
1193 5241 1328 5297 Nam
1362 5243 1429 5297 ad
1459 5259 1584 5298 eum
1637 5244 1853 5298 modum
1895 5241 2046 5297 Deus
2077 5241 2145 5296 Ju

2289 5241 2576 5309 Διατίοησι
2599 5240 2708 5308 γὰρ
2731 5240 2865 5310 πρὸς
2885 5240 2947 5292 τὸ
2965 5240 3174 5292 δίκαιον
3197 5236 3338 5307 ὑπὲρ
3360 5230 3421 5290 οὗ
3449 5233 3640 5306 ήδίκη.
3667 5229 3828 5284 Μετα-

605 5333 752 5390 dreos
791 5335 1028 5404 instruit,
1072 5344 1130 5390 ut
1158 5335 1372 5392 discant
1434 5343 1581 5392 recte
1627 5343 1682 5391 et
1727 5333 1877 5406 juste
1916 5349 2152 5390 exerceri

2289 5331 2506 5385 δίδωσιν
2533 5329 2626 5385 οὖν
2654 5331 2734 5402 τῷ
2753 5330 2868 5400 λαῷ
2882 5330 2980 5400 τῆς
3002 5329 3098 5384 τοῦ
3119 5329 3330 5383 δικαίου
3353 5327 3620 5398 πράξεως,
3645 5321 3701 5375 ού
3725 5314 3826 5372 δεό-

707 5517 754 5549 "
776 5513 895 5569 Jac.
925 5532 976 5581 ν,
1003 5516 1090 5570 14.
1166 5516 1213 5549 ⁸³
1246 5515 1433 5573 Matth.
1463 5531 1516 5580 v,
1542 5514 1634 5569 20.
1707 5515 1754 5547 ”
1791 5513 1979 5568 Mitth.
2029 5529 2138 5579 κνι,

2250 5555 2257 5568 ,
2334 5514 2380 5547 ⁵⁵
2406 5511 2566 5567 Joau.
2608 5527 2703 5573 vn,
2737 5508 2826 5564 39.
2903 5508 2950 5541 "
2985 5508 3005 5562 1
3037 5507 3167 5562 Cor.
3203 5524 3305 5574 vn,
3363 5506 3447 5573 l2,
3493 5504 3574 5560 15.

2131 5629 2357 5688 NOTAE.

709 5725 800 5795 22)
829 5726 944 5796 aia
984 5725 1118 5779 Θεοῦ
1139 5727 1303 5795 φόϐον
1327 5728 1423 5779 καὶ
1469 5725 1528 5778 τὸ
1554 5723 1925 5796 πρεσϐύτερον
1959 5723 2238 5795 τιμητέον.
2275 5723 2431 5777 Ἐπεὶ
2459 5722 2612 5789 Θεὸς,
2649 5738 2732 5776 κτ.
2786 5720 2844 5774 '0
2878 5720 2978 5792 τῆς
3001 5720 3139 5788 Αύγ.
3174 5717 3285 5772 κώδ

709 5725 800 5795 22)
847 5726 944 5778 Διὰ
984 5725 1118 5779 Θεοῦ
1139 5727 1303 5795 φόϐον
1327 5728 1423 5779 καὶ
1469 5725 1528 5778 τὸ
1554 5725 1925 5796 πρεσϐύτερον
1959 5725 2238 5795 τιμητέον.
2275 5725 2431 5777 Ἐπεὶ
2459 5725 2612 5789 Θεὸς,
2649 5738 2732 5776 κτ.
2786 5725 2844 5774 '0

688 5725 799 5868 £25)
826 5795 914 5851 Ἐν
940 5796 1171 5868 ὀπτασίᾳ
1203 5797 1294 5850 τοῦ
1315 5795 1532 5867 Δανιὴλ.
1570 5795 1627 5847 ’0
1646 5796 1767 5847 αὐτ.
2865 5845 2870 5852 _
