4090 6552
324 403 436 468 765
1352 422 1895 485 (ἸΟΜΜΕΝΤΑΒΙῙ
1934 424 1939 483 ἶ

2057 426 2497 493 LEVITICUM.
3485 424 3596 489 766
3663 468 3665 472 ι

317 531 485 623 ξενος
518 521 721 580 αὐτῶν.
772 526 1082 598 Τοιγαροῦν
1118 549 1282 604 φησι*
1326 554 1345 587 ι
1376 536 1487 590 Καὶ
1506 537 1905 608 μὴςποιούντων

2001 543 2482 615 jurisdictionem.
2515 544 2727 618 Populo
2756 552 2941 602 autem
2981 544 3199 602 honesti
3230 542 3379 598 illius
3404 540 3593 623 operis

313 607 511 709 ξπάξω
537 616 843 690 τὴνδίκην.
877 621 1037 676 Οὕτω
1072 626 1165 678 καὶ
1185 626 1314 689 τοὺς
1343 607 1641 697 πολεμίους
1664 629 1909 703 φθείρειν

2013 637 2429 694 exsecutionem
2484 639 2799 705 demandat,
2838 653 2948 694 non
2999 638 3157 709 quasi
3194 638 3314 708 ipse
3347 612 3588 706 nequeat

310 698 613 801 irritatus,
654 710 791 780 πρὸς
820 712 880 765 τὸ
919 714 1061 787 ὑπὲρ
1102 716 1389 782 εὐσεϐείας
1433 698 1807 787 ἀγωνίζεσθαί
1839 724 1903 794 τῇ

2016 728 2308 785 maleﬁcos
2356 731 2670 801 capitaliter
2724 731 2986 801 plectere.
3016 698 3172 784 .Nam
3208 698 3477 784 continuo
3504 725 3591 779 in-

309 792 497 869 φθορᾷ
523 800 635 854 τῶν
658 803 896 873 ἀσεϐῶν,
926 807 1191 875 πολλάκις
1212 811 1309 864 καὶ⁵
1336 812 1507 883 χωρὶς
1536 814 1717 867 αὐτῶν
1745 792 1905 869 τοῦτο

2013 816 2160 877 fert:
2195 839 2214 873 ι
2253 820 2308 875 Si
2356 836 2457 875 vos
2490 824 2594 877 hoc
2632 821 2814 877 facere
2861 820 3229 891 neglexeritis,
3266 834 3368 889 ego
3395 830 3588 888 poenas

304 890 509 983 ςτοιῶν.
2010 911 2090 965 illi
2124 913 2374 968 malelico
2409 914 2693 983 irrogabo.
2730 932 2748 965 ι
2790 914 2871 967 Ad
2920 913 3178 968 eumdem
3217 907 3587 979 modumjus-

302 982 383 1037 sit
416 984 609 1043 hostes
640 992 946 1061 trucidare,
1003 1003 1065 1050 ut
1110 996 1463 1054 decertantes
1498 1017 1600 1070 pro
1632 1001 1899 1071 religione
1957 1005 2333 1074 exstirparent
2395 982 2738 1060 idololatras.
2797 1003 3012 1075 Saepius
3068 1004 3188 1074 ipse
3254 1002 3406 1058 solus
3456 1000 3588 1056 abs-

300 1090 418 1146 que
454 1079 701 1139 humano
733 1086 1049 1143 ministerio
1093 1090 1295 1160 impios
1327 1096 1504 1162 paruis
1535 1095 1865 1163 capitalibus
1904 1098 2152 1168 subjicit.

376 1190 454 1245 Τδ
489 1194 786 1264 πρόσωπόν
844 1212 1012 1270 φησιν
1050 1202 1371 1275 ἐπιστήσειν
1392 1223 1405 1237 ο
1439 1200 1482 1274 ᾧ
1509 1208 1689 1261 πάντα
1717 1224 1893 1261 κατα-

2069 1211 2120 1266 ls
2150 1226 2304 1275 vero,
2360 1212 2450 1266 cui
2507 1227 2693 1266 omnia
2736 1211 3031 1268 manifesta
3086 1217 3247 1275 sunt,
3305 1208 3489 1276 inquit
3519 1222 3582 1265 se

302 1286 451 1375 φανῆ
488 1285 558 1339 τὰ
592 1290 943 1361 πραττόμενα
967 1310 980 1324 ο
1018 1295 1142 1348 ἐπεὶ
1176 1298 1271 1349 καὶ
1306 1298 1392 1350 ἐπ’
1450 1296 1759 1370 ἀνθρώπων
1793 1316 1868 1371 φη

2003 1302 2199 1357 faciem
2257 1320 2412 1359 suam
2455 1304 2768 1375 positurum
2829 1302 2993 1375 364
3044 1310 3238 1357 contra
3280 1300 3455 1363 illum,
3506 1299 3585 1355 si-

302 1374 430 1429 σίνο
494 1398 513 1430 ι
553 1378 682 1434 Ἐὰν
728 1382 1029 1454 ὑπερίδωσι
1087 1392 1203 1453 τοῖς
1260 1390 1563 1460 ὀφθαλμοῖς
1613 1391 1815 1447 αὐτῶν.
1870 1411 1888 1443 ι

2000 1396 2221 1466 quidem
2242 1408 2294 1451 et
2315 1398 2383 1452 de
2406 1374 2725 1452 hominibus
2753 1374 2913 1450 dicite
2939 1414 2956 1445 ι
2983 1394 3039 1448 Si
3065 1392 3423 1463 despexerint
3444 1405 3581 1446 ocu-

300 1466 489 1560 "Dmp
519 1472 619 1524 οὐκ
652 1472 853 1542 ὅψεως,
886 1476 1023 1532 ἀλλὰ
1068 1479 1310 1543 διανοίας
1357 1480 1527 1535 ἐστίν.
1571 1481 1891 1546 Ἐπίστασις

1998 1490 2066 1543 lis
2090 1490 2229 1553 suis,
2274 1509 2291 1542 ι
2333 1498 2441 1545 etc.
2487 1491 2556 1544 At
2598 1491 2892 1560 despectus
2937 1503 3046 1543 non
3101 1488 3391 1541 oculorum
3444 1498 3574 1554 proo

298 1554 398 1613 οῦν
443 1562 741 1633 προσώπου
775 1569 807 1638 ἡ
841 1568 1115 1642 ἐποπτικὴ
1150 1571 1403 1641 δύναμις.
1442 1572 1626 1625 Δεινὸν
1656 1571 1765 1642 γὰρ
1799 1592 1897 1627 κα-

2004 1583 2145 1651 prie,
2174 1581 2269 1636 sed
2298 1582 2495 1638 mentis
2535 1592 2640 1637 est.
2694 1554 2777 1636 Sit
2814 1581 2999 1652 itaque
3049 1577 3253 1649 positio
3277 1575 3466 1631 vultus
3496 1575 3580 1629 vel

296 1651 557 1745 ταλιπεῖν
588 1658 760 1725 ἁγίων
813 1662 1145 1730 συγγένειαν
1177 1664 1211 1734 ἢ
1258 1664 1526 1729 δουλείαν,
1574 1666 1670 1719 καὶ
1722 1683 1894 1736 προσ-

2002 1673 2160 1728 faciei
2214 1676 2453 1745 potentia
2506 1675 2597 1729 Dei
2656 1651 2961 1743 inspectrix
3010 1660 3285 1731 omnium,
3316 1682 3439 1739 quae
3487 1681 3580 1736 ge-

298 1743 600 1800 κολλᾶσθαι
635 1751 912 1819 ἀπίστοις,
960 1757 1103 1809 κατὰ
1160 1756 1242 1820 τὸ,
1295 1759 1527 1828 «Δημᾶς
1577 1774 1645 1828 με
1696 1761 1896 1826 ἐγκατ-

2002 1775 2220 1820 runtur.
2252 1765 2642 1822 Periculosum
2704 1775 2789 1823 est
2842 1766 3100 1820 deserere
3133 1770 3456 1818 sanctorum
3488 1773 3582 1813 co-

296 1834 514 1903 ἐλιπεν,
551 1840 851 1915 ἀγαπήσας
881 1846 971 1899 τὸν
997 1846 1093 1900 νῦν
1137 1848 1347 1902 αίῶνα·
1375 1868 1394 1901 ι
1433 1850 1547 1911 καὶ,
1592 1868 1609 1901 ι
1648 1850 1712 1902 Ei
1748 1853 1894 1903 κατὰ

2001 1859 2319 1928 gnationem
2351 1870 2403 1913 et
2437 1859 2790 1923 servitutem,
2816 1865 2870 1913 et
2898 1872 2957 1913 se
2982 1855 3213 1927 iungere
3269 1849 3576 1908 incredulis

297 1926 484 1997 σάρκα
511 1928 664 2001 ζῆτε,
699 1935 922 2005 μέλλετε
953 1939 1347 2011 ἀποθνήσκειν.
1370 1960 1388 1992 ι
1415 1941 1534 1995 Κᾶν
1563 1942 1887 2013 ἀναγκασθῇ

1999 1951 2301 2005 secundum
2348 1950 2483 2004 illud
2524 1950 2676 2004 Pauli
2712 1968 2725 2003 :
2765 1969 2782 2000 ι
2830 1949 3028 2004 Demas
3062 1962 3148 2002 me
3168 1945 3413 2015 reliquit,
3459 1957 3574 1995 am-

293 2017 353 2071 δέ
383 2038 470 2087 τις
507 2026 567 2079 ἐν
594 2027 876 2083 Βαϐυλῶνι
909 2031 1207 2097 δουλεύειν,
1247 2033 1629 2105 ἐλευθεριάσαι
1680 2033 1763 2088 δεῖ
1812 2034 1890 2105 τῷ

1998 2039 2191 2107 plexus
2225 2054 2465 2109 praesens
2498 2039 2765 2094 sacculum
2795 2039 2870 2101 ⁵⁷,
2916 2056 2934 2089 ι
2968 2047 3022 2092 et
3056 2037 3257 2091 iterum
3288 2053 3299 2087 :
3336 2053 3355 2086 ι
3394 2032 3450 2085 Si
3488 2046 3576 2086 se-

296 2114 613 2185 φρονήματι
640 2119 795 2190 παρὰ
833 2123 1155 2194 προαίρεσιν
1187 2125 1556 2196 ὑπομένοντα.

1993 2130 2232 2183 cundum
2265 2145 2486 2184 carnem
2531 2131 2805 2191 vixeritis,
2874 2128 3185 2185 moriemini
3216 2126 3284 2181 ³⁸.
3321 2144 3340 2177 ι
3381 2123 3435 2179 Si
3474 2139 3576 2177 au-

291 2209 405 2257 tem
437 2208 563 2275 quis
612 2220 847 2283 cogatur
897 2214 953 2269 in
988 2215 1268 2288 Babylone
1328 2219 1563 2284 servire,
1622 2218 1667 2272 is
1696 2216 1887 2272 animo
1926 2219 2001 2274 sit
2048 2236 2177 2275 vere
2225 2222 2466 2292 ingenuo
2519 2231 2577 2277 et
2664 2221 2863 2286 libero,
2928 2219 3229 2275 omniaoue
3309 2215 3579 2288 patienter

297 2294 459 2350 ferat.

361 2432 473 2486 Kal
501 2426 853 2502 φυλάξεσθε
873 2458 947 2495 τα
972 2444 1405 2514 προστάγματά
1427 2465 1568 2517 μου,
1592 2449 1689 2503 καὶ
1714 2449 1887 2517 ποιή-

2064 2449 2135 2504 Ει
2188 2446 2502 2502 custodietis
2549 2454 2816 2516 praecepta
2862 2461 2979 2499 mea
3001 2451 3052 2498 et
3096 2443 3313 2512 facietis
3341 2459 3426 2497 ea.
3461 2442 3574 2517 Ego

287 2537 431 2576 σετε
463 2525 637 2580 αὑτά.
676 2528 826 2598 Ἐγὼ
858 2532 1076 2600 Κύριος
1098 2537 1133 2589 ὁ
1176 2535 1322 2602 Θεὸς
1353 2540 1386 2590 ὁ
1415 2536 1671 2606 ἁγιάζων
1701 2538 1879 2609 ὑμᾶς.

1991 2541 2252 2596 Dominus
2278 2541 2370 2609 qui
2393 2540 2671 2608 sancti/ica
2693 2554 2802 2605 vos,
2824 2544 2932 2592 etc.
2968 2534 3112 2608 [XX,
3138 2533 3217 2608 8.]
3252 2535 3308 2591 Si
3342 2535 3572 2595 iacimus

299 2618 390 2669 Ἑν
415 2615 497 2686 τῷ
527 2624 706 2675 ποιεῖν
744 2624 811 2677 τὰ
866 2627 960 2679 τοῦ
990 2627 1149 2695 Θεοῦ,
1195 2631 1228 2700 ἡ
1280 2630 1442 2701 χάρις
1482 2631 1515 2700 ἡ
1562 2631 1718 2703 παρὰ
1744 2632 1879 2686 Θεοῦ

1988 2647 2073 2697 ca,
2109 2646 2228 2701 qua:
2272 2628 2418 2685 Deus
2464 2629 2718 2699 imperat,
2762 2626 2941 2698 gratia
2977 2625 3092 2691 Dei,
3157 2641 3283 2695 quae
3308 2640 3411 2681 nos
3445 2641 3572 2683 san-

289 2711 611 2782 βεϐαιοῦται
642 2717 676 2787 ἡ
720 2716 1039 2785 ἁγιάξουσα.

1031 2761 1039 2775 -
1985 2723 2216 2785 ctiﬁcat,
2259 2720 2646 2775 conﬁrmatur.

358 2828 504 2886 Vera
532 2832 807 2902 siquidem
837 2834 1208 2893 sanctiﬁcatio
1237 2848 1319 2894 est
1354 2838 1600 2909 Spiritus
1643 2848 1823 2897 sancti
1862 2837 2108 2908 largitio,
2147 2850 2311 2904 quem
2345 2834 2439 2888 dat
2470 2832 2625 2886 nobis
2658 2830 2838 2894 Pater,
2882 2838 2940 2884 ut
2965 2829 3352 2898 adipiscamur
3394 2840 3565 2887 aeter-

284 2935 413 2975 nam
438 2923 633 2978 vitam.
670 2922 805 2978 Nam
838 2927 920 2979 sic
958 2926 1139 2995 inquit
1174 2946 1187 2981 :
1220 2926 1387 2984 Pater
1420 2946 1451 2984 e
1500 2932 1642 2986 caelo
1690 2930 1845 2985 dabit
1895 2926 2166 2995 Spiritum
2217 2932 2470 2977 sanctmn
2529 2921 2635 2983 his,
2688 2920 2783 2987 qui
2825 2920 3008 2988 ipsum
3043 2927 3257 2986 petunt.
3291 2918 3368 2972 Ita
3408 2920 3564 2974 enim

282 3009 333 3064 is
365 3008 745 3078 adoptionem,
805 3028 913 3082 qua
962 3014 1054 3083 jus
1088 3014 1331 3069 ﬁliorum
1385 3017 1726 3083 invenimus,
1782 3017 2029 3071 divinam
2079 3012 2327 3076 roborat,
2358 3016 2418 3063 ut
2449 3015 2770 3078 permaneat
2804 3006 2858 3060 in
2893 3016 3189 3087 aeternum.
3226 3005 3433 3078 Typica
3462 3021 3566 3061 au-

281 3104 391 3149 tem
421 3096 796 3151 sanctiﬁcatio
844 3108 928 3154 est
964 3116 1072 3170 qua
1107 3102 1274 3155 etiam
1324 3104 1649 3175 alienigena:
1701 3104 2042 3175 quandoque
2093 3100 2269 3155 sancti
2322 3105 2672 3166 reputantur.
2706 3092 2845 3147 Nam
2878 3095 2971 3164 qui
3007 3094 3105 3149 Dei
3139 3095 3424 3164 particeps
3454 3105 3560 3159 est,

279 3192 333 3237 et
365 3182 415 3236 ei
454 3191 602 3239 totus
628 3186 848 3242 dicatus
904 3188 1121 3243 ratione
1175 3190 1470 3247 ministerii
1522 3195 1606 3249 vel
1648 3194 1833 3249 cultus
1886 3191 1971 3244 vel
2026 3185 2334 3243 inferendae
2384 3200 2581 3256 paenae.
2610 3184 2657 3238 is
2690 3198 2914 3253 quoque
2948 3182 3295 3238 sanctiﬁcari
3333 3183 3561 3238 dicitur.

280 3268 547 3342 Exemplo
596 3272 668 3327 sit
722 3274 902 3329 illud:
948 3294 967 3327 ι
1032 3277 1379 3333 Sanctiﬁcati
1436 3290 1587 3347 sunt,
1634 3289 1689 3335 et
1726 3295 1827 3351 ego
1859 3280 2005 3334 duco
2030 3294 2149 3341 eos,
2191 3296 2210 3330 ι
2260 3285 2396 3337 etc.,
2429 3290 2553 3344 quae
2582 3274 2751 3327 verba
2779 3278 3168 3326 memorantur
3232 3272 3301 3326 de
3363 3270 3561 3337 Medis,

279 3360 371 3430 qui
396 3359 513 3429 jam
549 3361 811 3417 destinati
844 3371 1024 3428 erant,
1061 3375 1117 3421 ut
1149 3367 1555 3424 ulciscerentur
1600 3371 1954 3442 Babylonios.
1997 3366 2333 3422 Sicillorum
2366 3378 2486 3424 rex,
2518 3361 2780 3415 videlicet
2804 3359 3005 3430 Cyrus,
3042 3371 3283 3415 vocatus
3332 3366 3419 3415 est
3451 3375 3555 3414 un-

281 3457 403 3503 ctus
433 3448 551 3504 Dei.
607 3450 700 3506 Sic
726 3451 893 3507 Azael
925 3463 1123 3509 unctus
1172 3464 1258 3512 est
1303 3467 1365 3511 ut
1413 3468 1564 3522 esset
1606 3474 1699 3514 rex
1742 3457 2013 3530 Syrorum
2063 3464 2119 3512 et
2168 3468 2364 3525 poenas
2407 3455 2637 3508 meritas
2673 3450 2956 3520 inﬁigeret
2989 3449 3220 3505 Judmis.
3255 3448 3421 3505 Jubet
3448 3449 3556 3519 igi-

280 3543 369 3589 tur
399 3537 572 3602 Deus,
633 3546 691 3593 ut
742 3538 942 3608 Judaai,
976 3543 1137 3611 quasi
1173 3547 1444 3616 segregati
1482 3554 1537 3602 et
1587 3548 1903 3602 consecrati
1931 3546 2120 3601 divino
2164 3541 2362 3607 cultui,
2401 3555 2538 3595 suas
2576 3546 2961 3607 exsequantur
3022 3539 3197 3609 leges.
3252 3537 3556 3607 Postquam

282 3632 562 3694 sumptum
612 3634 700 3682 est
742 3629 1078 3699 supplicium
1118 3632 1192 3687 de
1222 3632 1331 3696 bis,
1385 3633 1479 3703 qui
1518 3633 1613 3689 Dei
1656 3650 1855 3689 nomen
1881 3632 2365 3705 ~profanavcrant.
2419 3627 2601 3699 poenis
2652 3626 2819 3682 ferire
2866 3626 3047 3699 pergit
3078 3642 3198 3692 eos,
3231 3626 3328 3698 qui
3356 3632 3558 3682 contu-

289 3712 515 3769 meliose
545 3721 790 3769 tractant
822 3731 956 3774 suos
987 3727 1266 3790 parentes,
1299 3736 1534 3791 quorum
1582 3737 1751 3793 opera
1789 3723 1843 3777 in
1892 3723 2035 3777 hanc
2083 3734 2286 3775 venere
2322 3717 2518 3773 vitam.

355 3849 469 3903 Καὶ
501 3849 561 3904 τὺ
613 3853 858 3923 μητρυιᾷ
904 3854 999 3907 καὶ
1050 3853 1239 3927 νύμφῃ
1282 3856 1573 3927 μίγνυσθαι
1620 3854 1866 3922 κολάζει,
1897 3841 1943 3898 ί)

1942 3888 1943 3893 η
2049 3854 2215 3908 Punit
2247 3853 2559 3907 adulterum
2608 3867 2730 3905 cum
2773 3851 3045 3905 adultera.
3101 3849 3360 3906 Prohibet
3398 3850 3557 3907 ince-

282 3940 374 3993 καὶ
406 3940 505 4012 τὴν
535 3943 946 4016 ἀρῤενομιξίαν.
977 3947 1114 4018 Περὶ
1143 3949 1254 4020 γὰρ
1290 3948 1390 4020 τὴν
1422 3949 1587 4019 φύσιν
1617 3950 1651 4021 ἡ
1679 3965 1864 4022 παρα-

1978 3958 2119 4005 stus.
2176 3947 2411 4003 Damnat
2456 3946 2759 4002 masculam
2810 3943 3105 4000 Venerem.
3156 3941 3379 3997 Natura:
3408 3941 3553 3998 enim

291 4034 493 4104 τροπή.

1979 4038 2395 4093 subversionem
2448 4036 2688 4106 pariunt.

343 4148 448 4217 Qui
475 4151 694 4208 duxerit
726 4171 950 4214 uxorem
983 4159 1214 4231 alicujus
1242 4159 1495 4226 ﬁliam,et
1528 4160 1692 4230 hujus
1728 4166 1977 4223 matrem,
2002 4156 2254 4212 videlicet
2293 4167 2680 4215 socrum,cum
2712 4152 2800 4208 his
2820 4150 3257 4208 concremandus
3294 4150 3552 4208 edicitur.

275 4241 520 4314 Corpora
566 4246 785 4303 illorum
838 4265 870 4304 e
910 4251 1090 4306 medio
1137 4252 1328 4307 tollere
1356 4252 1531 4322 jubet,
1566 4263 1625 4305 ut
1666 4250 1930 4305 memoria
1964 4249 2085 4319 ejus
2121 4245 2383 4301 foeditatis
2425 4244 2734 4298 aboleatur.

337 4374 460 4428 Οὐκ
482 4374 679 4441 ἔσται,
712 4381 899 4449 φησὶν,
930 4381 1146 4451 ἀνομία
1173 4380 1241 4434 ἐν
1262 4381 1428 4451 ὑμῖν,
1460 4381 1652 4451 ὥσπερ
1683 4381 1852 4434 ἐκκα-

2024 4374 2093 4429 Ει
2123 4390 2227 4428 non
2255 4375 2355 4428 erit
2398 4372 2660 4441 iniquitas
2722 4371 2777 4425 in
2809 4371 2979 4436 vobis,
3010 4377 3116 4426 etc.
3155 4369 3296 4443 [14.]
3335 4370 3546 4426 Videli-

274 4460 622 4535 θαιρομένοις
660 4468 737 4539 τῷ
767 4470 926 4541 πυρί.

1957 4476 2044 4523 cet
2068 4467 2134 4520 ad
2164 4480 2289 4522 eum
2324 4465 2546 4518 modum
2582 4462 2831 4533 purgatis
2876 4473 2932 4519 et
2960 4464 3194 4534 expiatis
3260 4464 3406 4533 igne.

340 4575 519 4631 Etiam
561 4595 679 4643 eos,
716 4582 811 4651 qui
842 4582 1220 4651 iumentorum
1254 4584 1448 4640 illicito
1498 4586 1797 4643 concubitu
1831 4581 2173 4655 polluuntur,
2210 4595 2239 4635 e
2309 4577 2496 4633 medio
2548 4578 2667 4633 tolli
2715 4578 2893 4648 jubet,
2930 4592 2998 4632 ne
3023 4576 3146 4647 ejus
3177 4576 3550 4635 abominatio‘

273 4663 357 4721 nis
389 4665 500 4720 ulla
529 4678 778 4724 recurset
810 4671 1099 4725 memoria.

343 4782 560 4853 Ἕνοχοι
589 4783 667 4854 τῷ
700 4784 1008 4856 βδελυγμῷ.
1034 4788 1108 4840 Οὐ
1140 4787 1248 4858 γάρ
1277 4787 1586 4861 ἐγκλήματι
1617 4789 1679 4844 τὸ
1718 4790 1844 4845 ἄλο-

2016 4782 2152 4839 Nam
2214 4781 2437 4838 obnoxii
2504 4788 2633 4838 sunt
2692 4781 2903 4836 scilicet
2948 4781 3368 4839 abominationi.
3410 4780 3532 4838 Non

269 4886 365 4937 γον
396 4869 844 4943 ὲξολοθρεύεσθαι
874 4876 1111 4931 κελεύει.

1950 4878 2097 4932 enim
2127 4875 2363 4930 crimine
2395 4881 2614 4929 tenetur
2647 4873 2855 4927 animal
2883 4873 3226 4928 irrationale.

341 4962 617 5030 Ὀνειδός
644 4966 836 5021 ἐστιν.
886 4968 1034 5022 Ἀντὶ
1066 4970 1176 5039 γάρ
1213 4970 1306 5025 τοῦ
1338 4972 1605 5042 τιμᾶσθαι
1627 4972 1688 5026 τὸ
1712 4971 1850 5044 πρὸς

2027 4966 2383 5038 Opprobrium
2411 4974 2510 5031 est,
2558 4974 2665 5021 etc.
2719 4963 2857 5037 [17.]
2895 4963 3029 5018 Nam
3066 4979 3192 5019 cum
3226 4974 3321 5020 tuo
3348 4966 3537 5037 generi

269 5052 430 5119 γένος
484 5055 691 5126 τίμιον,
747 5057 815 5111 δι’
866 5059 1066 5130 ἡδονῆς
1116 5063 1465 5133 ἀτιμάζεται.
1514 5065 1623 5118 Καὶ
1672 5064 1849 5118 ταῦτα

1957 5060 2221 5116 honorem
2256 5069 2311 5116 et
2352 5061 2712 5115 reverentiam
2764 5057 2982 5113 deferre
3014 5057 3266 5124 deberes,
3307 5060 3542 5129 turpiter

269 5144 578 5219 δυναμένην
596 5149 803 5219 ἑτέρως
832 5150 1173 5224 πληροῦσθαι
1195 5154 1283 5209 διὰ
1303 5155 1410 5209 τῶν
1430 5157 1488 5210 οὐ
1513 5157 1849 5229 προσγενοῦς

1954 5155 2032 5222 id,
2083 5164 2306 5211 secutus
2350 5169 2635 5210 veneream
2691 5153 3053 5223 voluptatem,
3087 5154 3440 5209 debonestas.
3471 5152 3531 5208 Si

270 5236 579 5307 σωμάτων
633 5238 823 5313 ὥσπερ
873 5244 970 5296 καὶ
1021 5242 1229 5308 δούλοις
1276 5245 1338 5299 οὐ
1396 5249 1509 5311 τοῖς
1556 5243 1885 5319 ὁμογενέσι]

1917 5256 2141 5319 lcaptas
2196 5248 2355 5303 istam
2423 5247 2783 5316 voluptatem,
2827 5252 3014 5316 quaere
3076 5259 3372 5313 personam
3434 5245 3532 5302 tibi

268 5330 576 5400 κεχρῆσθαι
625 5332 862 5402 πρέπον,
902 5333 1040 5387 ἀλλὰ
1068 5338 1183 5399 τοῖς
1224 5338 1613 5408 ἑτερογενέσιν.
1658 5340 1847 5412 Ἐδόθη

1956 5342 2104 5396 nulla
2139 5338 2427 5408 sanguinis
2466 5338 2876 5395 necessitudine
2928 5338 3174 5408 junctam
3214 5354 3229 5392 :
3273 5352 3439 5408 quam
3476 5337 3533 5394 in

268 5420 314 5472 δ’
347 5415 443 5473 οὖν
480 5439 613 5475 ποτε
648 5423 740 5476 καὶ
774 5426 1046 5497 ὁμογενὴς
1079 5428 1159 5490 είς
1194 5428 1440 5482 δουλείαν
1475 5431 1532 5498 ἐξ
1573 5433 1844 5503 ἀνάγκης,

1954 5438 2061 5486 tam
2093 5448 2289 5504 magna
2343 5434 2498 5502 copia
2556 5431 2714 5486 facile
2758 5430 2942 5501 quibis
2978 5430 3248 5485 invenire.
3287 5429 3368 5483 Ad
3401 5444 3526 5485 eum

272 5506 385 5561 ἀλλ’
413 5509 801 5582 ἐλευθεροῦται
832 5514 891 5566 ὲν
923 5514 999 5583 τῷ
1026 5514 1242 5585 ἑϐδόμῳ
1264 5515 1393 5571 ἔτει.
1436 5519 1593 5573 Οῦτω
1626 5522 1721 5574 καὶ
1748 5522 1841 5590 γά-

1952 5524 2174 5578 modum
2228 5539 2449 5594 quoque
2486 5523 2777 5578 honestum
2819 5530 2905 5577 est
2949 5523 3029 5576 uti
3077 5521 3254 5577 servis
3291 5522 3386 5591 qui
3436 5521 3533 5577 tibi

276 5615 371 5665 μος
400 5598 637 5669 ἀδελφῆς
665 5600 724 5652 ὲν
755 5602 869 5663 τοῖς
903 5600 1144 5671 πρώτοις
1181 5602 1515 5676 ἀνθρώποις,
1550 5607 1649 5659 οὐκ
1678 5606 1846 5677 οῦσης

1952 5629 2057 5668 ηοιι
2094 5615 2205 5669 sint
2230 5616 2521 5686 propinqui
2557 5614 2643 5669 vel
2672 5613 3093 5684 consanguinei,
3127 5613 3221 5669 sed
3250 5612 3438 5684 potius
3464 5629 3530 5668 ex

273 5688 452 5759 ἄλλης,
492 5690 585 5743 καὶ
619 5691 651 5761 ἡ
681 5689 776 5744 τοῦ
807 5693 1014 5763 πατρὸς
1044 5693 1300 5748 συνουσία
1329 5697 1685 5770 συνεχωρήθη
1720 5702 1842 5765 ταῖς

1951 5706 2056 5760 alia
2090 5714 2252 5778 gente
2276 5707 2461 5764 acciti.
2495 5705 2840 5778 Quandoque
2872 5707 3035 5763 etiam
3072 5714 3370 5777 cognatum
3399 5719 3524 5761 cor-

340 5867 384 5897 "
419 5865 457 5921 ll
492 5867 632 5924 Tim.
685 5886 758 5935 iV,
792 5871 878 5927 10.
964 5874 1008 5907 ⁸⁸
1039 5872 1199 5931 Rom.
1225 5892 1341 5945 νιιι,
1372 5878 1459 5934 15.
