4090 6526
618 376 732 444 767
1698 406 1707 429 λ
1929 396 2293 460 PROCOPII
2331 393 2577 455 GAZ/EI
3809 384 3906 452 768

624 512 730 566 pus
762 499 815 553 in
858 497 1179 555 servitutem
1228 501 1506 559 dabatur:
1562 519 1752 562 verum
1798 509 2033 577 septimo
2064 524 2213 563 anno

2315 505 2461 560 οὕτω
2496 506 2797 577 μιγείσαις,
2830 503 2908 567 ὡς
2951 502 3053 556 οὐκ
3100 500 3253 565 ὄντος
3301 500 3509 571 ἑτέρου
3558 499 3773 570 ἀνδρός.
3803 502 3905 572 Τῆς

627 590 988 661 recuperabat
1021 592 1318 661 pristinam
1340 596 1671 655 libertatem.
1700 597 1793 656 Sic
1814 600 1959 657 inter
1987 602 2200 672 primae-

2315 601 2424 670 γὰρ
2464 598 2805 671 εὐπρεπείας
2860 596 3325 668 προύργιαίτερον
3362 596 3398 665 ἡ
3446 593 3790 665 δημιουργία
3825 595 3903 650 διὰ

624 695 724 735 vos
760 681 1010 738 homines
1038 684 1252 739 sororis
1276 686 1483 755 nuptiae
1516 704 1623 743 non
1658 700 1815 745 erant
1843 692 2046 757 vetitae,
2079 706 2204 746 cum

1843 692 2046 757 vetitae,
2079 706 2204 746 cum
2313 690 2415 759 τῆς
2456 688 2759 760 ὑπουργίας
2780 688 3083 757 τελουμένη
3112 687 3207 741 τοῦ
3234 688 3452 757 γάμου.

626 772 774 825 nulla
812 772 918 824 alia
943 784 1111 840 esset,
1144 792 1270 830 cum
1307 792 1415 845 qua
1452 780 1882 835 contraheretur
1915 780 2350 834 matrimonium.
2418 779 2591 834 Venia
2657 779 2785 834 data
2832 787 2917 832 est
3002 777 3240 842 filiabus,
3295 791 3429 846 quas
3499 778 3902 833 concubuerant

624 875 749 916 cum
782 876 885 917 suo
938 875 1183 931 parente,
1245 879 1371 919 cum
1422 875 1685 935 putarent
1740 877 1919 924 totum
1974 869 2210 924 mortale
2248 884 2421 938 genus
2482 869 2783 923 interiisse.
2845 866 2968 937 Ipsa
2998 868 3143 922 enim
3191 867 3431 932 creatio,
3506 880 3635 935 qua:
3707 882 3904 936 peragi-

625 964 712 1011 tur
766 958 1082 1013 interventu
1118 961 1478 1028 matrimonii,
1520 964 1701 1031 potior
1743 972 1827 1017 est
1858 964 1974 1031 ipsa
2020 966 2322 1017 honestate.

696 1050 967 1106 Caeterum
1031 1054 1281 1123 loquitur
1326 1055 1395 1110 de
1449 1057 1693 1125 moribus
1729 1057 2036 1119 hominum,
2070 1057 2161 1124 qui
2210 1070 2317 1109 non
2347 1054 2602 1109 velabant
2649 1054 2910 1109 mulieres
2963 1062 3249 1109 menstrua
3295 1054 3612 1124 patientes,
3662 1069 3783 1125 qua:
3825 1075 3903 1118 res

625 1139 733 1194 illis
769 1140 999 1195 honesta
1031 1142 1321 1199 videbatur
1353 1152 1407 1199 et
1439 1143 1639 1198 decora
1680 1154 1906 1215 propter
1962 1144 2338 1215 prodigiosum
2381 1140 2923 1203 libidinem.,Priore
2963 1141 3131 1212 igitur
3176 1142 3296 1197 loco
3328 1142 3495 1212 ponit
3546 1158 3635 1208 ea,
3687 1159 3807 1214 quae
3842 1152 3899 1205 ad

624 1224 793 1281 Deum
827 1220 1199 1299 pertinebant.
1240 1230 1356 1287 Illis
1413 1242 1617 1295 autem,
1650 1233 1745 1301 qui
1793 1234 1898 1288 sibi
1942 1231 2298 1286 matrimonio
2344 1232 2607 1301 copulent
2650 1231 2875 1285 amitam
2926 1231 3011 1284 vel
3052 1240 3447 1296 materteram,
3474 1232 3563 1285 vel
3599 1236 3778 1302 patrui
3828 1239 3902 1293 vel

625 1314 814 1371 fratris
846 1333 1096 1385 uxorem,
1132 1327 1191 1372 ut
1223 1319 1316 1389 qui
1372 1319 1428 1374 in
1481 1336 1637 1376 suam
1675 1320 2001 1391 delinquant
2042 1331 2283 1391 gentem,
2321 1321 2620 1374 orbitatem
2673 1320 2987 1384 minitatur,
3017 1336 3181 1389 quam
3216 1320 3657 1375 matrimonium
3690 1335 3897 1381 contra-

624 1403 819 1459 hentes
853 1406 1128 1477 praecipue
1159 1406 1399 1478 eﬂ‘ugere
1436 1421 1650 1478 parant.
1684 1408 1910 1465 Orbitas
1941 1424 2075 1463 vero
2126 1408 2364 1462 maxima
2414 1424 2582 1478 paena
2611 1415 2697 1464 est
2725 1407 2937 1462 homini
2965 1418 3214 1463 sensato.
3260 1407 3480 1462 Verum
3516 1409 3685 1465 hodie
3714 1425 3896 1482 cessat,

624 1508 726 1547 nec
755 1494 859 1547 vim
898 1494 1157 1564 importat
1190 1498 1271 1551 vel
1315 1498 1703 1552 necessitatem
1742 1496 2206 1567 quemadmodum
2249 1506 2515 1552 aeternum
2557 1497 2911 1567 supplicium.
2967 1496 3078 1550 lmo
3111 1507 3168 1551 ut
3200 1496 3568 1554 abundemus
3610 1499 3798 1555 liberis
3827 1506 3897 1559 vel

624 1584 798 1638 simus
831 1586 1006 1638 orbati
1043 1596 1233 1640 nostro
1265 1587 1607 1657 permittitur
1642 1587 1890 1642 arbitrio.
1925 1585 2042 1652 Qua
2080 1587 2216 1640 moti
2260 1586 2362 1652 illi,
2410 1586 2502 1658 qui
2533 1586 2599 1640 ad
2629 1585 3024 1656 perfectionem
3078 1586 3458 1649 contendunt,
3516 1587 3729 1642 nullius
3768 1599 3897 1645 rele-

623 1680 759 1740 gunt
812 1675 1238 1742 turpitudinem.
1319 1674 1670 1745 Quapropter
1738 1676 1944 1729 Paulus
2002 1676 2079 1728 ait
2146 1676 2412 1745 virginem
2487 1688 2609 1729 esse
2688 1674 3059 1728 venerandam
3124 1674 3424 1729 cultricem
3502 1674 3737 1731 Christi.
3796 1676 3893 1733 Nec

622 1761 803 1816 obstat
832 1763 1159 1833 quidquam,
1195 1765 1343 1833 quod
1379 1780 1487 1818 non
1521 1764 1684 1835 365
1718 1779 1938 1834 operam
1968 1764 2059 1817 dat
2090 1762 2459 1833 procreationi
2508 1763 2806 1817 liberorum
2852 1776 2962 1831 quo
2995 1778 3167 1832 genus
3202 1764 3504 1818 hominum
3544 1764 3620 1819 sit
3653 1767 3891 1835 amplius.

622 1849 903 1920 Siquidem
938 1866 1036 1905 nec
1065 1849 1315 1906 Jeremize
1346 1853 1695 1906 commodum
1729 1860 1848 1906 erat
1885 1862 2108 1922 prepter
2149 1852 2553 1922 impendentem
2587 1851 2954 1906 calamitatem
2997 1867 3226 1907 uxorem
3261 1853 3497 1919 ducere,
3538 1852 3654 1908 Deo
3683 1852 3895 1923 iubente

621 1948 679 1993 ut
714 1939 1068 1994 matrimonio
1099 1940 1403 1995 abstineret
1431 1942 1502 1993 ⁸⁸.
1534 1940 1771 2007 Quidam
1808 1942 1892 1996 sic
1929 1942 2369 2011 interpretantur
2404 1941 2555 1995 hunc
2613 1940 2834 1994 locum:
3458 1948 3459 1951 ‘

695 2071 714 2104 ι
760 2050 893 2105 Orbi
950 2051 1273 2117 morientur,
1326 2069 1344 2102 ι
1383 2050 1433 2105 id
1466 2062 1571 2115 est,
1617 2052 1817 2107 Semen
1848 2070 2042 2108 eorum
2096 2070 2203 2109 non
2243 2039 2283 2095 Β

2279 2049 2283 2088 ί
2386 2073 2403 2106 ι
2438 2055 2687 2108 Ἀτεκνοι
2716 2052 3119 2107 ἀποθανοῦνται
3153 2054 3319 2125 (24),:
3354 2056 3485 2109 ἀντὶ
3515 2053 3639 2119 τοῦ,
3674 2057 3735 2110 οὐ
3765 2057 3894 2126 λογι-

618 2146 1000 2202 resensebitur
1044 2146 1190 2200 inter
1243 2146 1469 2209 liberos,
1519 2148 1668 2216 quod
1709 2148 1926 2217 quidem
1967 2147 2204 2202 Romani

2314 2146 2578 2218 σοήσεται
2618 2146 2678 2199 τὸ
2713 2145 2938 2217 σπέρμα
2976 2145 3145 2199 αὑτοῦ
3178 2150 3257 2211 εἰς
3289 2148 3492 2202 τέκνα.
3530 2149 3712 2219 Ὅπερ
3750 2152 3837 2204 καὶ
3868 2155 3891 2205 6

618 2248 924 2294 sanxerunt
972 2238 1379 2294 observandum
1441 2240 1494 2292 in
1553 2241 1813 2295 oniuihus
1850 2242 2063 2312 nuptiis
2120 2243 2203 2295 in-

2311 2242 2420 2294 τῶν
2457 2240 2749 2311 Ῥωμαίων
2778 2239 3116 2310 ἀπαγορεύει
3146 2240 3312 2312 νόμος
3347 2243 3448 2295 ἐπὶ
3486 2242 3675 2313 πάσης
3714 2242 3889 2314 ἀθεμι-

617 2333 806 2387 eestis.

2310 2331 2601 2402 τογαμίας.

690 2427 824 2491 Qum
854 2427 1121 2495 segregavi
1152 2426 1296 2479 vobis
1323 2428 1376 2480 in
1404 2428 1772 2482 immunditia.
1807 2424 1948 2497 [XX,
1983 2425 2075 2498 24]
2106 2424 2222 2479 Νοη
2281 2427 2457 2481 dixit:
2488 2427 2622 2492 Quae
2672 2442 2773 2498 ego
2806 2427 2907 2484 feci
2957 2430 3012 2484 in
3062 2427 3441 2484 immunditia.
3480 2424 3632 2481 Nihil
3667 2425 3805 2480 enim
3832 2444 3887 2481 ex

618 2517 878 2584 Operihus
911 2515 1001 2570 Dei
1031 2516 1305 2585 impurum
1339 2532 1434 2571 seu
1478 2516 1819 2575 immundum
1852 2525 1955 2570 est.
1988 2514 2122 2568 Nam
2173 2530 2348 2583 usque
2371 2515 2437 2568 ad
2476 2515 2605 2569 illud
2635 2523 2850 2586 tempus
2886 2526 3127 2572 nondum
3161 2514 3553 2570 erantmunda
3573 2513 3644 2567 ab
3666 2513 3884 2568 immun-

619 2603 706 2659 dis
732 2603 1017 2667 distincta,
1057 2604 1167 2658 imo
1199 2603 1420 2658 Noacho
1448 2604 1678 2674 ejusque
1722 2604 2015 2672 nepotibus
2061 2604 2261 2658 tradita
2293 2610 2453 2659 erant
2481 2603 2665 2658 omnia
2694 2614 2755 2659 ut
2785 2606 2935 2661 olera
2972 2605 3262 2676 graminis.
3296 2603 3466 2658 Nunc
3494 2618 3630 2657 vero
3661 2603 3880 2657 discreta

620 2702 751 2746 sunt
784 2692 1069 2747 immunda
1098 2693 1166 2747 ab
1195 2693 1440 2758 mundis,
1488 2709 1557 2747 ne
1595 2700 2034 2756 eontrectentur,
2077 2700 2135 2745 ut
2182 2691 2294 2746 sint
2324 2690 2573 2762 symbola
2605 2708 2797 2747 earum
2833 2694 3243 2763 impuritatum,
3278 2708 3307 2746 a
3340 2692 3557 2762 quibus
3592 2689 3875 2745 cavendum

618 2791 727 2845 est,
762 2796 885 2849 quae
916 2781 1160 2834 animum
1193 2780 1467 2851 polluunt.
1507 2780 1641 2834 Nam
1676 2782 1878 2836 mentis
1922 2780 2272 2849 impuritates
2317 2798 2425 2835 non
2479 2782 2740 2837 accidunt
2768 2793 2999 2839 auctore
3054 2784 3184 2841 Deo.
3240 2782 3524 2840 Caeterum
3582 2782 3708 2836 illas
3765 2794 3876 2850 per-

620 2885 847 2925 manere
876 2870 1031 2931 sinit,
1063 2869 1239 2924 donec
1270 2878 1432 2941 typos
1468 2871 1800 2941 transgressi
1839 2869 2184 2925 deducamur
2230 2868 2283 2921 in
2324 2869 2498 2939 ipsam
2536 2872 2843 2926 veritatem.
2877 2870 3074 2927 Omnia
3111 2871 3254 2925 facta
3282 2878 3420 2925 sunt
3460 2885 3599 2941 pura
3635 2868 3788 2940 puris
3816 2867 3872 2932 “,

619 2958 727 3013 nisi
759 2959 887 3028 quis
922 2958 1014 3012 illa
1049 2966 1356 3013 contrectet
1386 2959 1850 3027 intemperanter.
1887 2956 2045 3011 Tunc
2070 2957 2216 3010 enim
2260 2972 2365 3010 non
2400 2956 2561 3011 facile
2594 2958 2801 3011 vitatur
2829 2958 3227 3014 immundities.

692 3048 985 3115 Lapidibus
1023 3048 1257 3104 obructis
1299 3066 1411 3112 eos.
1467 3058 1573 3105 etc.
1608 3048 1748 3121 [εδ-7.]
1780 3049 1855 3114 ls,
1889 3049 1980 3118 qui
2018 3048 2191 3103 instar
2235 3043 2436 3114 lapidis
2476 3045 2723 3116 obriguit
2753 3045 2819 3099 ad
2856 3048 3138 3110 virtutem,
3178 3046 3380 3101 merito
3414 3045 3702 3117 lapidibus
3729 3045 3875 3117 puni-

619 3144 731 3192 tur.
760 3136 895 3192 Nam
958 3137 1138 3207 magia
1184 3138 1366 3193 caedes
1420 3146 1721 3208 perpetrat,
1775 3137 2027 3206 sepulcra
2064 3133 2323 3206 perfodit,
2380 3135 2591 3187 animas
2649 3134 2929 3187 hominum
2970 3136 3281 3203 perturbat.
3321 3134 3470 3206 Magi
3528 3134 3732 3190 etenim
3762 3141 3875 3189 sunt

620 3225 894 3287 hmnincs.
927 3226 1019 3295 qui
1050 3234 1305 3281 naturam
1338 3226 1636 3280 humanam
1684 3234 2072 3295 corrumpunt.
2135 3221 2251 3276 Non
2309 3231 2490 3275 autem
2526 3222 2594 3275 ab
2625 3237 2682 3275 re
2734 3220 2877 3278 Deus
2905 3224 3158 3279 homines
3188 3224 3343 3294 prius
3374 3225 3543 3295 quasi
3576 3224 3698 3278 viva
3730 3239 3869 3285 voce,

620 3313 736 3384 iege
766 3313 1044 3377 videlicet,
1081 3312 1354 3369 reformat
1393 3333 1406 3368 :
1442 3321 1497 3369 et
1526 3329 1677 3368 more
1702 3312 1992 3368 brutorum
2026 3315 2299 3367 viventem
2326 3311 2485 3381 prius
2534 3314 2783 3365 moribus
2819 3310 3038 3367 decoris
3077 3322 3329 3379 exornat,
3360 3321 3425 3367 ut
3456 3313 3637 3382 gratia
3682 3310 3871 3365 Christi

620 3402 803 3457 locum
837 3402 1107 3459 inveniat.
1158 3402 1296 3472 Ejus
1327 3403 1473 3456 enim
1510 3410 1670 3462 antea
1706 3416 1901 3472 parum
1955 3400 2196 3456 fuissent
2242 3414 2496 3468 capaces,
2529 3415 2654 3451 cum
2706 3414 2773 3453 ne
2808 3400 3058 3455 homines
3089 3400 3339 3470 quidem,
3376 3400 3489 3456 nisi
3523 3408 3785 3470 quantum
3814 3400 3871 3453 ad

619 3492 881 3559 speciem,
923 3493 1292 3549 exstitissent.
1337 3489 1528 3546 Gratia
1566 3492 1782 3545 veniam
1832 3490 2027 3544 tribuit
2077 3490 2275 3543 delicta
2322 3486 2778 3555 agnoscentibus.
2816 3488 2883 3539 At
2917 3487 3194 3551 homines,
3224 3505 3348 3544 cum
3384 3489 3790 3558 delinquerent,
3821 3503 3871 3544 se

620 3578 801 3633 facere
833 3596 953 3648 qua:
986 3581 1263 3648 placerent
1291 3578 1423 3643 Deo,
1453 3579 1665 3633 scilicet
1690 3577 1925 3647 justitia:
1947 3593 2137 3644 opera,
2178 3575 2498 3630 credebant.
2526 3575 2770 3629 Proinde
2812 3576 3121 3631 necessitas
3159 3577 3509 3645 postulabat,
3543 3586 3600 3632 ut
3632 3578 3712 3633 lex
3755 3591 3870 3647 pec-

619 3677 799 3721 catum
832 3684 997 3737 quam
1033 3667 1270 3722 maxime
1299 3666 1657 3721 manifestum
1694 3665 1919 3730 faceret,
1956 3674 2007 3720 et
2064 3665 2248 3718 locum
2308 3669 2529 3733 pararet
2562 3662 2772 3731 gratiae.
2807 3662 3002 3718 Omnis
3039 3665 3186 3718 enim
3221 3682 3358 3734 gens
3409 3682 3581 3737 opera
3615 3665 3744 3736 legis
3768 3663 3868 3719 Μο-

619 3756 784 3809 saicae
833 3755 1095 3823 cognovit
1127 3763 1437 3824 peccatum.
1470 3754 1535 3806 Et
1568 3753 1940 3824 cognitionem
1976 3752 2207 3821 peccati,
2239 3766 2406 3821 quam
2459 3749 2850 3818 suppeditabat
2885 3752 2991 3817 lex,
3028 3754 3314 3821 proximus
3364 3769 3591 3824 semper
3641 3753 3867 3823 proximo

618 3843 952 3901 transmisit.
986 3841 1053 3896 Et
1084 3843 1139 3897 in
1170 3843 1316 3897 hunc
1342 3842 1566 3897 modum
1601 3840 1779 3911 gratia
1810 3840 2123 3910 penetravit
2170 3841 2235 3894 ad
2283 3855 2498 3894 omnes.
2536 3837 2740 3894 Verum
2796 3841 2925 3910 quia
2964 3842 3216 3911 plerique
3254 3844 3525 3899 mortales
3557 3844 3731 3896 instar
3764 3840 3864 3894 hel-

619 3930 831 3984 luarum
866 3931 1143 3997 vivebant,
1177 3946 1286 3985 non
1318 3932 1580 3985 omnibus
1607 3945 1675 3985 ex
1709 3928 1965 3999 professo
2000 3928 2084 3982 lex
2118 3928 2244 3982 data
2287 3936 2395 3982 est.
2432 3926 2538 3983 Sed
2576 3928 2668 3981 uni
2708 3929 2911 3997 populo
2945 3930 3088 3984 hanc
3118 3932 3402 3987 concessit
3440 3949 3455 3985 :
3494 3946 3602 4001 qua
3630 3930 3674 3983 is
3704 3941 3861 3997 popu-

619 4020 705 4075 lus
753 4020 1060 4075 instructus
1116 4019 1346 4088 reliquis
1396 4019 1498 4088 pia:
1533 4018 1659 4072 vitae
1687 4016 1847 4087 quasi
1890 4017 1948 4070 in
1980 4016 2133 4070 edito
2166 4017 2507 4072 constitutus
2547 4020 2879 4086 exemplum,
2940 4019 3007 4073 ad
3060 4020 3207 4090 quod
3263 4036 3463 4076 omnes
3523 4018 3858 4088 respicerent.

616 4108 783 4163 foret.
815 4110 1164 4179 Quapropter
1195 4108 1329 4163 Sion
1385 4107 1608 4176 specula
1659 4106 2002 4169 nominatur,
2043 4113 2100 4159 ut
2122 4113 2271 4175 patet
2317 4122 2384 4161 ex
2434 4106 2522 4161 his
2551 4105 2859 4163 Ezechielis
2888 4108 3073 4164 verbis
3106 4126 3121 4164 :
3162 4129 3180 4161 ι
3219 4108 3636 4179 Speculatorem
3669 4104 3782 4161 dedi
3813 4112 3858 4157 te

617 4198 874 4251 omnibus
908 4198 1163 4266 gentibus
1204 4197 1271 4251 ⁶¹.
1313 4217 1332 4250 ι
1369 4199 1649 4252 Praeterea
1677 4193 1971 4251 Judaicum
2002 4195 2264 4265 populum
2313 4195 2488 4249 fcrttm
2541 4203 2596 4250 et
2628 4196 3039 4253 intractabilem
3087 4198 3467 4270 quadraginta
3519 4195 3679 4252 annis
3709 4190 3858 4247 variis

618 4286 905 4340 miraculis
957 4284 1195 4340 erudivit
1246 4292 1305 4339 ut
1363 4292 1806 4349 mansuesceret,
1858 4292 1913 4338 et
1958 4284 2243 4347 duritiem,
2284 4299 2450 4354 quam
2510 4284 2738 4354 reliquae
2790 4287 3040 4340 nationes
3074 4295 3285 4349 tenent,
3319 4286 3643 4356 deponeret.
3676 4282 3851 4338 Verum

617 4371 951 4427 laboriosum
990 4371 1185 4428 fuisset
1218 4372 1496 4426 universis
1530 4371 1790 4441 gentibus
1838 4370 2116 4425 diﬂicilem
2155 4371 2303 4425 illam
2343 4380 2399 4426 et
2453 4372 2787 4427 laboriosam
2815 4373 3109 4427 admovere
3141 4373 3525 4441 disciplinam.
3562 4373 3693 4426 Cum
3722 4366 3850 4421 enim
3942 4426 3945 4429 δ

619 4462 946 4516 adventante
975 4462 1175 4532 gratia,
1231 4478 1354 4531 quae
1404 4462 1619 4515 nullum
1651 4460 1844 4531 jugum
1879 4460 2140 4530 imponit,
2198 4460 2295 4516 sed
2339 4465 2553 4529 jugum,
2588 4476 2699 4532 quo
2728 4462 3045 4532 premimur,
3096 4462 3240 4517 levat
3273 4472 3627 4532 peccatorum
3656 4456 3845 4512 veniam

614 4551 775 4612 dans,
835 4550 1055 4619 plurimi
1111 4550 1316 4619 reperti
1345 4549 1458 4604 sint
1487 4551 1581 4620 qui
1629 4550 1746 4619 lege
1774 4548 2160 4605 edocebantur
2193 4556 2247 4603 et
2294 4558 2483 4603 tamen
2517 4548 2572 4602 in
2614 4548 2985 4603 inobedientia
3015 4564 3407 4619 permansere,
3454 4549 3588 4621 quid
3641 4541 3847 4614 reliquis

612 4640 951 4694 accidisset?
982 4647 1116 4709 quot
1143 4638 1527 4693 inobedientes
1558 4638 1761 4693 inventi
1790 4645 1979 4693 essent
2032 4638 2175 4692 inter
2202 4645 2411 4690 tantam
2450 4637 2741 4690 hominum
2773 4636 3235 4693 multitudinem?

680 4727 854 4797 Super
884 4729 1164 4783 animabus
1192 4744 1295 4781 non
1326 4727 1653 4795 polluantur,
1690 4733 1799 4780 etc.
1828 4724 1999 4798 [XXL
2034 4724 2110 4798 1.]
2145 4723 2202 4779 Si
2246 4732 2503 4779 naturam
2562 4724 2773 4786 mortis,
2804 4741 2900 4795 per
2927 4740 2988 4780 se
3017 4726 3286 4792 intueare,
3325 4728 3601 4784 rescisces
3635 4728 3843 4778 mortem

612 4832 722 4869 non
754 4816 1044 4884 inquinare
1090 4830 1453 4885 quemquam.
1516 4814 1716 4869 Verum
1774 4815 1879 4868 hoc
1926 4812 2248 4884 praecipitur
2298 4814 2403 4869 sub
2463 4813 2717 4883 symbolo
2764 4813 3027 4882 quodam,
3065 4824 3123 4867 ut
3156 4817 3424 4879 vitentur,
3456 4830 3576 4886 quae
3607 4827 3700 4867 nos
3730 4822 3841 4863 con-

611 4913 900 4975 spurcant,
938 4904 1226 4959 mortifera
1259 4919 1447 4973 opera.
1483 4903 1666 4975 Exigit
1698 4904 1867 4974 igitur
1900 4901 2067 4967 Deus,
2105 4912 2163 4957 ut
2194 4916 2482 4958 sacrorum
2523 4901 2776 4955 minister
2820 4902 3063 4973 refugiat
3094 4902 3348 4957 lethifera
3388 4920 3582 4974 opera,
3616 4901 3840 4953 horreat-

610 4992 832 5063 queilla
861 5002 1096 5063 patrare.
1131 4993 1235 5059 Qui
1285 4993 1434 5047 enim
1494 4993 1716 5064 attingit
1749 4993 1926 5062 picem
1963 4992 2369 5061 inquinabitur.
2406 4989 2541 5045 Cum
2595 5001 2776 5043 autem
2809 4990 2878 5046 de
2909 4992 3174 5062 symbolis
3226 4993 3341 5047 sive
3373 4994 3516 5065 typis
3550 4992 3622 5045 illi
3648 4988 3714 5041 sit
3741 4996 3839 5038 ser-

608 5096 721 5147 mo,
752 5097 821 5135 ne
871 5083 997 5152 quis
1046 5081 1365 5137 sacerdotes
1419 5089 1637 5154 reputet
1670 5080 1907 5146 ferreos,
1943 5080 1998 5133 in
2032 5095 2172 5149 quos
2218 5081 2403 5137 nullus
2437 5082 2599 5136 cadat
2654 5081 2857 5145 luctus,
2894 5085 3089 5137 statuit
3119 5084 3183 5137 ad
3221 5100 3363 5155 quas
3407 5095 3667 5155 personas
3700 5086 3836 5129 acce-

607 5171 736 5226 dere
769 5169 850 5225 fas
881 5171 974 5235 sit,
1010 5172 1286 5243 praecipue
1313 5186 1439 5225 cum
1475 5172 1563 5225 lex
1592 5171 1741 5226 dicat
1778 5188 1790 5224 :
1829 5187 1847 5220 ι
1889 5169 2111 5224 Honora
2142 5176 2351 5239 patrem
2391 5180 2542 5224 tuum
2597 5178 2652 5225 et
2712 5182 2942 5225 matrem
2987 5179 3135 5225 tuam
3169 5173 3236 5226 θ’.
3275 5192 3293 5225 ›
3332 5171 3667 5228 Permittitur
3703 5163 3834 5218 adire

606 5268 662 5316 et
687 5260 753 5315 ad
785 5276 1054 5324 sororem,
1082 5261 1242 5330 cujus
1271 5260 1456 5314 adhuc
1504 5260 1795 5326 virginitas
1848 5259 1921 5314 sit
1950 5258 2186 5313 illibata.
2227 5256 2509 5316 Fortassis
2552 5259 2660 5313 hoc
2689 5259 2874 5313 datum
2904 5268 2990 5314 est
3022 5259 3361 5329 qu0tidiana:
3397 5263 3523 5315 vita:
3551 5258 3824 5313 consuetu-

606 5348 742 5403 dini.
779 5348 938 5402 Modo
991 5357 1453 5403 commemoratas
1526 5362 1794 5418 personas
1847 5347 2141 5400 lamentari
2178 5347 2306 5402 licet
2358 5350 2672 5415 sacerdoti;
2711 5349 2958 5418 reliquos
3011 5365 3121 5404 non
3166 5351 3376 5419 lugebit
3426 5348 3696 5407 sacerdos.
3746 5336 3826 5409 qui

607 5438 894 5495 institutus
926 5446 1010 5494 est
1037 5447 1098 5492 ut
1132 5436 1432 5501 sacrilicia,
1467 5437 1670 5507 quibus
1712 5450 1860 5490 mors
1901 5436 2279 5505 propulsetur,
2316 5434 2532 5490 offerat.
2582 5434 2719 5491 Nam
2755 5438 2951 5494 mortis
2985 5437 3297 5496 destructio
3329 5449 3414 5496 est
3453 5434 3647 5497 Cht‘iSll
3678 5440 3825 5491 ιῐιοΐεν

672 5592 949 5649 "Jerem.
994 5596 1187 5661 xvt,2.
1265 5595 1311 5627 °°
1340 5592 1451 5647 Tit.
1488 5610 1526 5660 ι,
1567 5593 1653 5648 15.
1733 5594 1773 5625 ⁶¹
1830 5590 2029 5649 Ezech.
2078 5611 2159 5654 nt.
2201 5596 2285 5649 l7.

1265 5595 1311 5627 σθ
1340 5592 1451 5647 Tit.
1488 5610 1526 5660 ι,
1567 5593 1653 5648 15.
1733 5594 1773 5625 ⁶¹
1830 5590 2029 5649 Ezech.
2078 5611 2159 5654 ut.
2201 5596 2285 5649 l7.
2363 5597 2406 5628 θ’
2445 5594 2616 5651 Exod.
2654 5611 2745 5660 xx,
2782 5596 2869 5653 12.

2148 5735 2377 5795 NOTAE.

671 5842 789 5916 (2.1)
808 5842 986 5908 Τινὲς,
1012 5841 1073 5897 τὸ
1098 5843 1315 5901 ἄτεκνοι
1350 5845 1702 5917 ἀπολοῦνται,
1726 5848 1845 5902 ἀντὶ
1872 5865 1989 5917 του,
2028 5865 2111 5903 κτ.
2157 5849 2213 5903 '0
2253 5849 2352 5920 τῆς
2378 5850 2512 5919 Aw.
2547 5848 2677 5904 κώδ.
