4090 6520
313 339 424 403 Ἱδ9
1311 331 1852 392 COMMENTARII
1895 331 1976 390 IN
2018 327 2459 390 LEVITICUM.
2717 389 2735 403 ο
3064 387 3072 394 ,
3476 331 3582 394 770

312 471 444 527 quae
471 458 853 524 representata
902 457 988 506 est
1022 465 1118 520 per
1146 449 1351 504 caedem
1397 451 1584 504 ovium
1637 458 1693 503 et
1728 449 2048 504 vitulorum.
2089 445 2323 501 Divinas
2353 441 2655 514 Apostolus
2686 440 2870 514 inquit
2896 457 2912 497 :
2953 461 2975 497 ι
3006 444 3176 518 366
3197 443 3378 500 Nolite
3407 447 3584 502 mole-

316 555 402 601 ste
435 542 584 598 ferre
639 548 878 596 mortem
939 549 999 594 ut
1042 537 1265 608 reliqui.
1294 538 1388 608 (lui
1423 553 1573 606 spem
1608 553 1721 591 non
1773 537 1978 591 habent
2009 536 2073 590 °'.
2107 555 2125 588 ι
2165 535 2443 591 Caeterum
2505 531 2651 588 Deus
2692 530 2910 602 lugendi
2975 533 3291 601 przescribit
3331 536 3580 600 modum,

316 633 454 687 dum
497 628 752 699 prohibet
782 625 898 681 ﬁeri
931 625 1253 680 evulsiones
1299 626 1629 694 capillorum
1659 636 1712 680 et
1757 625 2062 679 incisiones
2103 622 2378 692 corporis.
2417 639 2433 671 ι
2471 618 2666 673 Omnia
2699 620 2872 685 enim,
2911 620 3092 690 inquit
3124 622 3348 685 Paulus,
3376 623 3580 679 decen-

322 736 406 779 ver
440 729 648 775 etcum
684 717 882 771 ordine
909 715 1044 770 ﬁant
1072 714 1138 768 °".
1176 733 1194 766 ι
1226 712 1400 769 Nobis
1436 723 1622 768 autem
1655 712 1985 782 imperatur,
2035 719 2094 764 ut
2125 709 2357 778 majoris
2392 707 2666 763 faciamus
2699 705 2893 773 Deum,
2926 724 3095 779 quam
3130 720 3413 780 parentes.
3439 709 3576 766 Nam

318 809 415 879 qui
444 815 593 862 amat
619 814 828 876 patrem
861 812 956 858 aut
986 811 1215 858 matrem
1251 817 1421 872 super
1458 818 1566 866 me,
1605 817 1718 857 non
1750 811 1837 856 est
1881 816 1968 853 me
2005 799 2232 867 dignus.
2539 857 2550 867 ,

394 895 675 949 Mulierem
705 891 1040 957 repudiatam
1071 909 1104 944 a
1140 893 1254 945 viro
1286 907 1390 945 non
1409 890 1690 958 accipient,
1713 896 1821 944 etc.
1841 886 2006 960 [XXL
2048 887 2157 959 14.}
2182 885 2302 940 Non
2332 885 2478 942 enim
2515 883 2690 939 solum
2720 884 3026 941 sacerdotis
3055 893 3173 947 est,
3194 895 3253 940 ut
3277 887 3582 958 fugiatma-

323 983 530 1038 nil'esta
559 982 726 1046 mala,
765 989 826 1035 ut
853 979 1244 1034 scortatiouem
1272 996 1284 1032 :
1327 979 1423 1034 sed
1451 978 1694 1032 declinet
1735 977 1828 1030 illa
1859 977 2022 1042 mala,
2055 991 2176 1043 quae
2211 974 2411 1028 famam
2446 985 2692 1027 nostram
2721 973 3042 1044 suggillant.
3079 975 3360 1045 Siquidem
3384 992 3582 1047 suspe-

321 1083 414 1126 cta
445 1079 530 1127 est
563 1070 761 1124 mulier
811 1067 1120 1138 repudiata.
1178 1066 1378 1122 Verum
1431 1067 1534 1120 sub
1582 1065 1687 1118 hoc
1744 1063 2032 1118 involucro
2072 1063 2489 1118 demonstratur
2517 1059 2832 1116 Judatorum
2890 1061 3223 1134 Synagoga:
3278 1065 3396 1120 sive
3429 1065 3579 1134 quod

321 1166 578 1213 scortata
613 1165 697 1211 est
731 1171 855 1209 cum
914 1155 1236 1224 pastoribus
1293 1153 1507 1216 multis,
1541 1161 1601 1206 ut
1648 1151 1813 1206 habet
1841 1150 2129 1222 Scriptura
2157 1155 2224 1219 ⁸³,
2277 1153 2394 1208 sive
2428 1152 2578 1222 quod
2616 1151 2793 1222 ipsam
2827 1152 3102 1220 repulsam
3136 1161 3191 1208 et
3236 1155 3579 1224 repudiatam

323 1263 438 1300 non
467 1245 754 1299 admiserit
786 1244 839 1296 in
870 1243 1214 1312 spiritualem
1247 1242 1566 1296 societatem
1599 1241 1857 1296 Christus
1890 1250 2286 1297 sacrosanctus
2315 1240 2586 1311 pontifex.

399 1337 466 1390 Et
501 1336 618 1404 ﬁlia
678 1334 972 1388 sacerdotis
1003 1335 1050 1387 si
1097 1333 1390 1401 profanata
1451 1332 1637 1400 fuerit.
1670 1339 1776 1387 etc.‘
1827 1328 1931 1403 [9.]
1977 1329 2109 1382 Nam
2146 1329 2254 1398 igni
2303 1329 2613 1398 mancipata
2646 1336 2730 1383 est
2755 1326 3075 1382 Iudaeorum
3109 1328 3423 1402 SynagOga,
3458 1347 3581 1402 qua

324 1425 662 1495 sequebatur
711 1423 911 1492 placita
948 1421 1269 1476 Scribarum
1316 1430 1371 1475 et
1397 1419 1829 1481 Pharisaeorum,
1859 1426 1912 1473 et
1941 1415 2258 1470 adhaerebat
2299 1416 2588 1485 praeceptis
2617 1415 2894 1470 humanis.
2932 1416 3144 1471 Idcirco
3176 1415 3348 1474 Isaias
3379 1421 3583 1475 excla-

323 1523 482 1566 mat:
521 1529 538 1562 ι
578 1508 865 1576 Quomodo
915 1514 1060 1563 laeta
1116 1516 1202 1564 est
1244 1508 1511 1562 meretrix
1563 1507 1694 1562 urbs
1739 1507 1918 1560 ﬁdelis
1960 1505 2094 1558 Sion
2142 1505 2208 1558 “.
2245 1522 2264 1554 ι
2303 1502 2478 1570 Quam
2505 1504 2802 1572 deplorans
2838 1503 3108 1562 Jeremias
3150 1507 3374 1575 inquit:
3414 1527 3433 1560 ι
3469 1509 3584 1565 Oli.

324 1614 453 1653 vam
482 1596 824 1662 frondosam,
858 1597 1148 1666 pulchram
1191 1593 1374 1649 fructu
1405 1603 1459 1650 et
1509 1595 1694 1664 specie
1729 1593 1952 1649 vocavit
2004 1593 2273 1647 Dominus
2306 1607 2505 1647 nomen
2536 1599 2716 1658 tuum,
2737 1601 2806 1648 'et
2835 1607 2961 1646 cum
2993 1608 3127 1648 voce
3159 1596 3341 1665 magni
3377 1599 3580 1652 lumul~

325 1699 423 1744 tus
454 1688 634 1742 hostis
674 1685 919 1740 incendit
952 1684 1133 1752 ignem
1175 1684 1230 1736 in
1257 1699 1320 1737 ea
1355 1684 1420 1743 ⁸⁷,
1462 1701 1480 1734 ι
1515 1691 1624 1737 etc.

403 1776 578 1847 Caput
609 1793 765 1830 suum
789 1792 892 1829 non
927 1773 1172 1839 nudabit,
1208 1775 1316 1828 sive
1345 1774 1572 1842 infulam
1604 1774 1940 1841 pontiﬁcium
1989 1789 2092 1826 non
2147 1771 2388 1840 deponet,
2440 1781 2551 1824 etc.
2586 1768 2724 1843 [ια]
2757 1769 2858 1826 llic
2888 1786 3084 1827 versus
3125 1772 3582 1832 manifestissime

323 1865 676 1921 demonstrat
705 1863 1015 1918 Christum.
1067 1860 1203 1914 Nam
1250 1860 1533 1922 Christus,
1576 1869 1635 1914 ut
1685 1861 1846 1914 docet
1899 1860 2208 1928 Scriptura,
2269 1867 2473 1913 unctus
2520 1857 2731 1928 Spiritu
2789 1869 2985 1915 sancto
3025 1870 3208 1932 gestat
3254 1879 3446 1918 verum
3491 1881 3579 1920 sa-

322 1953 560 2008 cerdotii
594 1952 866 2012 habitum,
899 1967 1062 2019 quem
1090 1965 1372 2019 nunquam
1408 1950 1657 2017 ahjiﬁiet.
1696 1948 1856 2012 Nam,
1897 1967 1914 1999 ι
1943 1947 2047 2015 Tu,
2085 1948 2288 2019 inquit,
2317 1947 2580 2002 sacerdos
2605 1963 2666 2003 es
2696 1948 2750 2001 in
2779 1957 3051 2003 :eternum
3092 1954 3396 2008 secundum
3425 1955 3577 2010 ordi-

321 2057 454 2098 nem
488 2039 892 2097 Melcbisedech
931 2039 1001 2094 ⁸⁸.
1039 2058 1058 2092 ι
1097 2038 1210 2093 Hoc
1234 2039 1401 2109 igitur
1441 2037 1575 2093 illud
1599 2047 1702 2102 est,
1737 2037 1885 2105 quod
1915 2037 2130 2106 inquit:
2160 2056 2176 2087 ι
2214 2035 2332 2090 Non
2373 2035 2870 2104 deponesinl‘ulam
2901 2037 3260 2105 pontiliciam.
3297 2057 3316 2089 ι
3357 2041 3416 2095 Si
3445 2057 3578 2097 vero

323 2131 598 2200 scriptum
635 2138 826 2184 esset:
859 2126 1078 2182 Mitram
1115 2143 1224 2182 non
1267 2127 1537 2197 depones,
1587 2134 1698 2182 etc.
1745 2125 2212 2181 intellexissemus
2251 2124 2374 2194 ejus
2420 2139 2644 2195 quoque
2691 2140 2923 2194 regnum
2959 2140 3084 2180 esse
3116 2136 3443 2198 perpetuum
3478 2147 3579 2187 uec

322 2233 572 2289 unquam
611 2217 935 2273 ﬁniendum.

415 2306 480 2361 Et
505 2314 668 2360 vestes
698 2321 824 2359 suas
862 2321 964 2359 non
993 2303 1274 2359 laccrabit.
1302 2302 1512 2359 Luctus
1545 2303 1693 2358 enim
1727 2302 1820 2373 qui
1853 2301 2192 2373 impenditur
2225 2309 2445 2356 mortuo
2472 2301 2601 2356 vita:
2631 2302 2950 2357 contrarius
2984 2312 3107 2360 est:
3145 2319 3245 2360 nec
3274 2305 3574 2376 quidquam

329 2405 607 2449 mortuum
636 2393 896 2461 congruit
923 2393 1070 2448 vitae.
1104 2392 1216 2446 Imo
1251 2391 1360 2445 vita
1394 2391 1672 2446 destruxit
1705 2399 1760 2446 et
1789 2399 2045 2445 mortem.
2078 2389 2142 2442 Et
2179 2408 2197 2440 ι
2232 2389 2376 2445 Deus
2409 2405 2518 2443 non
2555 2396 2642 2444 est
2673 2399 3025 2445 mortuorum
3060 2391 3227 2457 Deus,
3263 2393 3360 2448 sed
3391 2394 3578 2448 viven-

323 2485 464 2538 tium
500 2484 614 2552 ⁶⁹.ξ›
645 2481 997 2552 QuaprOpter
1023 2482 1279 2537 Christus
1314 2480 1574 2550 obiurgat
1613 2480 1760 2545 illos,
1786 2480 1878 2551 qui
1912 2478 2359 2533 lamentabantur
2389 2476 2614 2531 ﬁliolam
2650 2476 2918 2546 principis
2952 2476 3276 2549 Synagogm,
3307 2489 3578 2550 praesente

322 2587 417 2633 eo,
443 2570 538 2640 qui
565 2579 684 2626 erat
718 2570 853 2624 vita.
885 2569 1042 2638 Quod
1078 2585 1211 2625 vero
1254 2569 1528 2640 lacrymas
1563 2567 1713 2624 dedit
1761 2567 2019 2623 Christus
2072 2565 2282 2620 Lazaro
2308 2564 2593 2628 defuncto,
2625 2565 2837 2620 amoris
2865 2564 3327 2636 significationem
3363 2566 3574 2624 habuit.

318 2657 568 2713 Proinde
598 2668 654 2714 et
705 2657 992 2714 moderate
1037 2658 1401 2729 lacrymabal.
1454 2657 1790 2727 Deplorabat
1829 2655 2006 2726 magis
2062 2654 2356 2708 humanam
2387 2662 2668 2718 naturam,
2706 2653 2750 2707 si
2787 2669 2902 2706 rem
2951 2653 3076 2723 quis
3123 2655 3445 2725 diligentius
3492 2657 3579 2713 in-

321 2747 537 2817 quirat,
583 2761 704 2815 qua:
752 2746 1076 2814 subiacebat
1108 2745 1428 2802 saevissima:
1490 2745 1686 2800 mortis
1740 2741 2038 2815 tyrannidi.
2094 2741 2266 2811 Igitur
2312 2739 2582 2794 continuo
2627 2738 3029 2793 demonstravit
3079 2743 3237 2812 quasi
3280 2745 3382 2798 sub
3421 2755 3573 2816 typo,

322 2850 456 2890 cum
494 2833 618 2888 vita:
653 2834 975 2888 restitueret
1018 2844 1292 2888 mortuam
1341 2833 1664 2903 puellulam,
1715 2829 2146 2888 resurrectionis
2181 2827 2522 2899 mysterium.
2559 2824 2684 2880 Ideo
2716 2827 2822 2886 lex.
2857 2842 2980 2894 qua:
3010 2829 3228 2882 caeteris
3260 2832 3576 2885 sacerdoti-

323 2922 437 2978 bus
468 2921 736 2992 permittit
765 2921 954 2990 lugere
977 2919 1305 2990 conjunctas
1333 2934 1601 2990 personas
1653 2919 1906 2973 alludcns
1952 2918 2018 2972 ad
2050 2917 2384 2988 symbolum,
2425 2916 2572 2987 quod
2613 2914 3074 2970 manifestissime
3099 2923 3578 2978 commonstrabat

320 3011 612 3068 Christum
646 3009 958 3079 pontiﬁcem
989 3024 1178 3076 suum,
1213 3009 1266 3062 in
1300 3023 1366 3064 eo
1398 3010 1604 3063 luctum
1649 3007 1910 3062 inhibuit.
1950 3007 2132 3074 Quare
2163 3006 2372 3060 studuit
2417 3020 2574 3059 suam
2612 3003 2956 3072 majestatem
3016 3020 3354 3064 conservare
3401 3010 3575 3081 typis,

322 3100 531 3155 nolens
559 3113 628 3153 ne
666 3097 721 3151 in
752 3096 964 3152 umbris
995 3096 1217 3166 quidem
1253 3096 1464 3150 violare
1497 3095 1803 3160 veritatem,
1844 3109 2008 3164 quam
2060 3095 2282 3164 quidem
2323 3101 2381 3147 ut
2429 3093 2654 3147 doceret
2679 3109 2802 3148 esse
2839 3093 3102 3161 solidam,
3144 3093 3353 3150 ﬁrmam
3387 3107 3441 3152 et
3473 3100 3576 3153 im-

324 3189 616 3253 mobilem,
651 3187 886 3257 imperat
918 3186 1192 3256 pontiﬁci,
1227 3201 1298 3240 ne
1333 3185 1659 3257 egrediatur
1699 3184 2041 3238 sanctuario.
2097 3179 2570 3248 Quemadmodum
2601 3189 2816 3251 oportet
2842 3182 3186 3236 sacerdotem
3221 3183 3418 3240 oﬁ'erre
3463 3185 3574 3241 Deo

326 3290 584 3337 munera,
612 3291 732 3343 quae
762 3275 997 3346 populus
1027 3272 1187 3328 aﬁ'ert
1212 3314 1226 3336 ,
1277 3273 1352 3328 ita
1402 3287 1678 3328 summum
1733 3271 2050 3339 pontiﬁcem
2107 3279 2326 3338 oportet
2367 3285 2465 3323 sua
2505 3271 2746 3339 puritate
2777 3269 3080 3334 defectum,
3117 3273 3210 3341 qni
3239 3273 3380 3330 inest
3408 3285 3576 3331 ,εἱειε-

325 3365 408 3420 ris
440 3363 855 3426 sacerdutibus,
889 3361 1127 3431 replere,
1158 3376 1371 3430 eosque
1403 3360 1764 3416 reconciliare
1803 3358 1932 3413 Deo.
1987 3357 2226 3411 Proinde
2265 3358 2418 3412 solus
2453 3360 2756 3426 quotannis
2809 3359 2982 3412 intrat
3013 3358 3068 3413 in
3101 3357 3304 3416 Sancta
3353 3374 3577 3421 sancto-

323 3467 478 3516 rum,
512 3458 573 3505 ut
602 3451 782 3520 placet
813 3449 1050 3514 Numen,
1076 3464 1144 3503 ne
1170 3449 1314 3503 forte
1350 3463 1641 3504 sacrorum
1696 3447 1986 3501 ministros
2033 3444 2245 3514 puniat.
2280 3444 2483 3498 Iterum
2515 3459 2734 3514 quoque
2762 3446 3008 3501 ostendit
3043 3445 3360 3504 Iudaeorum
3395 3452 3578 3524 Synao

325 3555 525 3610 gogam
568 3539 804 3593 alienam
835 3553 960 3593 esse
990 3552 1019 3589 a
1050 3537 1300 3592 Christo.
1354 3535 1489 3590 Nam
1528 3535 1710 3604 ejecta
1757 3543 1840 3589 est
1883 3533 1952 3587 ab
1985 3534 2215 3598 unitate,
2249 3547 2357 3602 qua
2417 3532 2495 3586 illi
2531 3533 2705 3602 ipsam
2747 3533 3106 3604 conjunctam
3140 3552 3263 3594 esse
3291 3539 3526 3596 docebat
3559 3559 3572 3596 :

329 3631 500 3698 idque
529 3638 766 3684 testatur
792 3628 1108 3698 propheta:
1169 3648 1187 3680 ι
1225 3626 1368 3694 Quia
1415 3627 1532 3695 ipsa
1570 3641 1681 3680 non
1715 3632 1798 3679 est
1838 3638 1979 3677 uxor
2029 3637 2172 3686 mea,
2203 3637 2307 3675 nec
2336 3636 2436 3688 ego
2471 3622 2709 3678 maritus
2755 3623 2874 3692 ejus
2903 3625 2972 3680 ⁷ο.
3010 3643 3028 3675 ι
3064 3625 3134 3679 At
3163 3625 3468 3684 Ecclesiam
3507 3647 3574 3688 ex

340 3718 592 3788 gentibus
615 3717 910 3771 conﬂatam
963 3715 1172 3771 Paulus
1212 3715 1506 3785 despondit
1538 3724 1600 3767 ut
1628 3713 1886 3768 exhibeat
1931 3725 1989 3765 se
2021 3709 2286 3780 virginem
2323 3717 2534 3764 castam
2579 3718 2634 3765 et
2664 3711 3206 3781 irreprehensibilem
3259 3717 3480 3772 Christo
3505 3719 3573 3774 ⁷⁸.

341 3803 540 3859 Verum
570 3804 775 3873 alioqui
807 3802 1066 3858 Christus
1101 3820 1215 3857 non
1271 3801 1652 3872 dcspondetur
1712 3799 1916 3854 animis
1981 3796 2214 3865 impuris
2243 3813 2256 3848 :
2309 3796 2466 3865 puris
2499 3806 2679 3852 autem
2719 3805 2779 3851 ut
2825 3799 3136 3868 virginibus
3170 3801 3531 3874 conjungitur
3560 3827 3574 3864 ;

333 3906 461 3946 cum
494 3891 697 3961 quibus
748 3891 1098 3954 cohabitans,
1145 3906 1241 3945 eos
1286 3889 1550 3960 gravidos
1597 3888 1750 3964 facit,
1796 3896 1855 3940 ut
1901 3883 2185 3940 abundent
2213 3883 2377 3938 bonis
2422 3884 2709 3954 operibus,
2744 3899 2952 3954 eosque
2992 3886 3136 3940 inter
3168 3904 3300 3944 suos
3351 3895 3580 3964 propin-

331 3995 480 4049 quos
513 3981 767 4034 collocat.
818 3979 954 4034 Nam
988 3979 1210 4049 inquit:
1271 3997 1288 4030 ι
1330 3978 1657 4046 Quicunque
1705 3974 1896 4029 iecerit
1936 3971 2271 4026 voluntatem
2333 3969 2512 4028 Patris
2546 3973 2673 4038 mei,
2709 3972 2801 4042 qui
2833 3980 2919 4028 est
2959 3971 3015 4027 in
3056 3975 3234 4041 cmlis,
3265 3975 3356 4032 hic
3387 3991 3440 4033 et
3473 3979 3581 4035 l‘ra-

329 4075 418 4122 ter
453 4083 631 4132 meus,
686 4077 741 4122 et
773 4083 934 4122 soror
967 4076 1021 4121 et
1062 4076 1236 4122 mater
1278 4075 1383 4123 est.
1426 4086 1445 4118 ›
1491 4064 1762 4119 Οιιξιειιιιιιι
1785 4060 1950 4116 nobis
1997 4065 2228 4114 honesta
2256 4066 2338 4113 est
2376 4059 2816 4114 necessariorum
2850 4060 3125 4127 societas;
3161 4071 3216 4116 at
3246 4079 3440 4134 parum
3476 4084 3580 4123 nos

329 4153 494 4209 decet
551 4152 905 4209 familiaritas
941 4153 1384 4220 incredulorum,
1435 4153 1541 4208 nisi
1594 4150 1850 4206 fortassis
1883 4147 2010 4218 quis
2059 4155 2477 4216 praeoccupatus
2510 4146 2581 4200 sit
2619 4146 2975 4200 matrimonio
3015 4147 3270 4221 conjugis
3316 4152 3582 4224 religione

331 4240 600 4311 disparis.
638 4241 707 4294 At
739 4240 1122 4311 hujuscemodi
1161 4256 1412 4312 personae
1459 4240 1622 4294 nobis
1667 4237 1962 4307 jungendte
2013 4239 2141 4288 sunt
2194 4231 2318 4287 ﬁde.
2377 4231 2641 4298 Quamvis
2691 4232 2915 4288 mulieri
2967 4249 3074 4290 non
3110 4238 3487 4306 permittatur,
3525 4249 3582 4295 ut

333 4327 571 4383 docendi
606 4327 867 4396 fungatur
897 4342 1165 4383 munere:
1211 4335 1453 4382 attamen
1511 4343 1610 4397 pro
1634 4327 1758 4380 vitae
1796 4325 2054 4379 instituto
2095 4335 2149 4379 et
2181 4324 2411 4379 honesta
2461 4323 2622 4395 367
2669 4324 3091 4380 conversatione
3122 4329 3342 4383 studeat
3374 4330 3580 4385 lucrari

337 4415 625 4469 maritum.
665 4414 863 4470 Verum
902 4430 1109 4486 sponsa
1141 4413 1349 4470 Christi
1386 4431 1508 4484 qua:
1541 4431 1608 4469 ex
1648 4428 1789 4468 nova
1843 4413 1969 4468 inde
2015 4411 2433 4482 regeneratione
2456 4411 2561 4480 ipsi
2599 4412 2869 4482 desponsa
2903 4421 3010 4475 est.
3043 4413 3168 4483 ejus
3192 4417 3359 4471 simul
3387 4433 3584 4474 cense-

337 4513 435 4559 tur
464 4514 516 4558 et
548 4504 659 4557 ﬁlia
695 4514 752 4560 et
800 4506 1043 4574 conjunx
1093 4513 1147 4560 et
1191 4504 1432 4575 perfecta
1482 4504 1731 4558 columba
1773 4510 2095 4572 regenerata
2142 4516 2237 4570 per
2269 4499 2688 4554 renovationem
2725 4499 2962 4569 Spiritus
3001 4505 3203 4557 sancti.
3247 4502 3579 4575 Legitimum

338 4593 529 4660 igitur,
575 4607 676 4646 nec
722 4593 1098 4648 adulterinum
1145 4593 1353 4648 Christi
1383 4608 1554 4661 genus
1591 4602 1695 4654 est,
1733 4599 1922 4660 utpote
1965 4589 2210 4657 legitimo
2246 4588 2850 4642 matrimonioeditum.
2889 4589 3235 4659 Quapropter
3273 4605 3466 4648 sumus
3522 4595 3584 4648 ﬁ-

335 4679 395 4734 lii
433 4678 548 4745 Dei,
583 4679 833 4734 divinum
860 4697 1051 4737 semen
1107 4680 1160 4734 in
1197 4682 1355 4734 nobis
1388 4689 1804 4744 conservantes,
1829 4677 2130 4733 secundum
2162 4674 2430 4730 Joannem
2479 4675 2549 4740 ⁷⁸,
2587 4675 2804 4728 scilicet
2838 4677 3106 4745 Spiritum
3165 4687 3445 4747 sanctum,
3489 4683 3580 4751 qui

338 4783 443 4822 nos
478 4783 589 4822 non
623 4777 810 4824 cessat
857 4769 913 4822 in
947 4783 1144 4822 novam
1187 4767 1442 4838 efﬁngere
1476 4775 1812 4822 creaturam.
1858 4764 1952 4818 llla
1987 4772 2172 4818 autem
2218 4764 2479 4818 meretrix
2509 4762 2669 4832 cujus
2700 4771 2867 4832 typus
2903 4773 3025 4817 erat
3077 4778 3162 4830 ea,
3227 4779 3350 4836 qua:
3383 4784 3586 4839 nupse-

337 4860 427 4906 rat
461 4852 636 4919 Oseaz,
670 4869 779 4909 una
815 4869 940 4908 cum
977 4853 1186 4918 liberis,
1223 4869 1362 4924 quos
1387 4855 1441 4908 in
1484 4853 1851 4908 fornicatione
1886 4861 2196 4922 pepererat,
2226 4850 2511 4918 repudiata
2554 4859 2608 4904 et
2649 4851 2868 4905 viduata
2903 4861 2985 4906 est
3015 4850 3085 4906 ".

412 4939 479 4994 In
537 4958 845 5012 quocunque
868 4942 1032 5012 fuerit
1072 4937 1481 5014 reprehensibile
1515 4940 1789 5012 quiddam,
1818 4959 1920 4996 non
1946 4937 2153 4995 accedet
2188 4945 2244 4989 ut
2279 4935 2479 5005 offerat
2515 4937 2657 4990 dona
2692 4936 2822 5003 Deo,
2852 4947 2956 4993 etc.
2987 4937 3178 5011 [XXI],
3201 4937 3283 5013 2.]
3305 4939 3582 5008 Quantum

333 5027 624 5098 conjicere
652 5046 906 5100 possum,
940 5031 992 5086 ei
1021 5047 1204 5086 sermo
1243 5041 1325 5086 est
1360 5032 1426 5087 de
1465 5032 1640 5095 vitiis,
1670 5046 1792 5101 qua:
1818 5032 2062 5084 animum
2117 5041 2218 5080 suo
2248 5032 2511 5080 contactu
2556 5024 2860 5091 oﬁendunt,
2889 5026 3072 5096 qualia
3121 5038 3250 5082 sunt
3302 5028 3393 5082 illa
3428 5030 3581 5091 vitia,

335 5118 540 5186 quibus
569 5117 795 5173 obnoxii
826 5127 962 5174 sunt
994 5119 1096 5186 illi,
1126 5136 1266 5189 quos
1299 5119 1588 5189 Scriptura
1621 5134 1816 5173 vocare
1840 5113 2083 5172 assuevit
2105 5112 2391 5183 ψυχικοῦς,
2425 5112 2606 5178 idest.
2629 5113 2918 5168 animales-
2950 5111 3084 5168 Nam
3106 5113 3302 5169 νίῑίιιῐη
3337 5117 3586 5182 corporis

338 5205 614 5268 naturale,
668 5205 813 5276 quod
859 5216 1054 5276 przeter
1086 5216 1332 5261 nostram
1392 5209 1756 5270 voluntatem,
1789 5206 1886 5261 sed
1935 5201 2192 5260 nascendi
2242 5201 2359 5271 lcgc
2390 5201 2549 5256 nobis
2574 5201 2818 5261 obvenit.
2858 5217 3204 5273 nequaquam
3235 5204 3395 5259 nobis
3452 5204 3585 5257 vitio

341 5297 668 5346 vertendum
713 5308 957 5360 censeo;
1005 5294 1277 5361 quamvis,
1311 5294 1355 5348 si
1393 5295 1529 5350 velis
1573 5295 1864 5348 litteralcm
1903 5291 2052 5360 sequi
2101 5307 2348 5354 sensum,
2388 5304 2580 5360 parum
2612 5290 2684 5344 sit
2733 5289 2995 5344 decorum
3054 5291 3352 5346 sacerdotii
3393 5292 3582 5345 munia

337 5375 495 5432 obire
533 5378 810 5432 hominem
857 5377 1060 5432 vitioso
1098 5392 1352 5447 corpore,
1407 5387 1597 5448 utpote
1647 5380 2073 5441 claudicantem,
2103 5377 2187 5432 vel
2220 5393 2368 5445 eum,
2402 5378 2496 5448 qui
2539 5385 2775 5449 nequeat
2809 5379 2927 5434 siue
2958 5379 3104 5434 duce
3137 5375 3418 5434 incedere.
3476 5377 3584 5432 Vc-

338 5473 649 5519 rumtamen
683 5479 804 5534 quae
855 5463 944 5518 hic
984 5463 1281 5518 traduntur
1326 5465 1536 5535 majora
1583 5467 1828 5537 quaedam
1868 5466 2328 5536 complectuntur,
2379 5473 2433 5520 et
2481 5465 2548 5520 ad
2600 5466 2770 5519 animi
2795 5467 2924 5520 vitia
2955 5466 3281 5539 porrigenda
3339 5473 3487 5532 sunt,
3526 5479 3584 5521 ut

412 5617 457 5687 ⁶Α³
484 5613 687 5687 Thrcn.
740 5615 926 5687 mile.
970 5616 1014 5649 “
1043 5614 1063 5669 ῐ
1091 5615 1218 5671 Cor.
1243 5632 1354 5683 xtv,
1383 5617 1472 5672 40.
1525 5685 1540 5687 _
1580 5618 1624 5651 ⁸⁸
1653 5615 1854 5672 Jerem.
1891 5633 1970 5678 ut,
1998 5619 2019 5671 1

1966 5619 2049 5675 ,1.
2125 5616 2295 5674 “lsa.
2327 5617 2480 5680 1,21.
2560 5618 2602 5650 ⁸⁷
2635 5618 2835 5674 Jerem.
2868 5635 2943 5679 ιιι,
2975 5619 3059 5673 16.
3137 5619 3182 5652 ⁸⁸
3212 5620 3355 5675 Psal.
3388 5637 3499 5687 cur,
3527 5622 3581 5686 ις

341 5679 514 5738 Hebr.
549 5702 600 5750 v,
639 5684 692 5740 6.
748 5679 999 5742 “Matth
1055 5703 1191 5753 χχιι,
1225 5679 1349 5741 52(
1432 5687 1475 5720 ⁷⁸
1509 5685 1651 5743 Osee
1683 5705 1742 5756 ιι,
1775 5687 1830 5743 2.
1944 5690 1954 5720 ²

339 5751 389 5786 ’⁵
427 5752 568 5810 Osee
628 5771 690 5824 ιι,
739 5756 793 5815 5.

1974 5690 1988 5718 ⁸
2031 5688 2069 5741 ιι
2102 5689 2236 5744 Cor.
2270 5679 2424 5756 111,2.
2467 5689 2512 5722 "
2546 5687 2739 5744 Matth.
2773 5705 2872 5755 xu,
2911 5689 3000 5744 50.
3077 5689 3172 5744 "l
3207 5689 3367 5759 Joan,
3411 5679 3582 5761 “3'4;
