4090 6504
659 325 762 395 771
1963 321 2320 383 PROCOPII
2360 320 2605 381 GAZEI
3820 327 3910 389 ’ἷἹὲ

659 439 871 508 integer
899 446 950 493 et
978 445 1194 494 erectus
1223 436 1299 492 sit
1332 432 1425 491 Dei
1456 434 1619 489 homo
1643 440 1697 489 et
1728 432 1793 487 ad
1827 448 1990 488 omne
2020 448 2163 504 opus
2201 434 2407 489 bonum
2438 441 2669 503 paratus
2699 438 2755 487 et
2792 432 3085 504 expeditus
3107 474 3121 499 ,
3158 432 3237 488 uti
3266 432 3522 505 praecipit
3543 434 3755 493 divinus
3777 439 3905 511 Apo-

660 535 858 590 stolus.
880 532 1025 587 Idem
1054 545 1279 602 quoque
1309 530 1499 594 tradit,
1520 528 1730 596 requiri
1757 534 1812 579 ut
1832 528 2132 598 episeOpus
2163 528 2284 582 sine
2314 527 2548 581 crimine
2572 527 2664 581 sit.
2699 524 2773 581 De
2796 527 3059 582 omnibus
3078 542 3231 590 vero,
3257 544 3383 599 qua:
3407 527 3637 595 Paulus,
3662 532 3716 584 ni
3745 532 3903 603 fallor,

661 630 937 682 recenset,
968 618 1154 675 Moses
1188 618 1383 672 ordine
1404 617 1574 687 legem
1608 616 1871 685 explicat,
1904 615 2118 669 dicens:
2164 635 2183 667 ‹
2224 614 2299 668 Ex
2324 631 2526 684 genere
2559 627 2649 671 tuo
2674 616 2727 670 in
2759 617 3152 687 generationes
3184 628 3426 675 vestras.
3470 640 3489 672 ι
3524 620 3757 675 Aaronis
3778 628 3902 681 enim

658 725 833 780 genus
866 707 1086 760 duravit
1114 720 1291 775 usque
1339 704 1407 758 ad
1453 704 1842 771 generationes
1885 701 2198 772 spiritualis
2243 704 2506 769 Aaronis,
2538 705 2627 759 cui
2663 705 2851 776 agnati
2889 721 3085 761 sumus
3111 714 3341 776 propter
3375 706 3645 776 Spiritum
3680 722 3904 767 sanctum

657 797 1017 866 ejusdemque
1046 804 1330 850 consortes
1354 802 1584 857 natura),
1617 791 1684 845 de
1711 792 1914 861 quibus
1948 792 2022 845 ita
2062 792 2314 861 profatur
2344 809 2357 846 :
2399 809 2417 842 ι
2459 791 2600 846 Ecce
2634 808 2759 861 ego,
2795 802 2849 848 et
2894 793 3054 848 liberi
3084 808 3226 863 quos
3264 793 3402 848 mihi
3441 794 3599 848 dedit
3632 794 3769 851 Deus
3792 800 3852 855 ".
3884 821 3899 854 ι

656 885 873 941 Czecum
915 885 1083 939 dubio
1118 884 1309 952 procul
1345 881 1593 935 nominat
1624 879 1805 934 Moses
1833 891 2104 933 amentem
2138 887 2192 932 et
2225 880 2477 934 stultum.
2533 882 2746 935 Oculus
2776 882 2925 935 enim
2955 882 3009 935 in
3059 896 3295 950 corpore
3330 882 3636 951 respondet
3675 888 3829 939 menti
3861 890 3904 942 in

657 973 867 1038 animo,
892 988 1014 1042 qua
1052 987 1213 1026 mens
1248 970 1524 1039 spirituali
1577 968 1784 1021 lumine
1837 966 1987 1023 Solis
2017 968 2248 1037 justitia:
2278 968 2617 1033 illuminata,
2669 970 2827 1023 novit
2866 970 3148 1040 respicere
3200 968 3265 1023 ad
3294 969 3644 1039 splendorem
3678 988 3904 1031 verorum

656 1060 992 1133 dogmatutn,
1045 1058 1508 1131 quemadmodum
1554 1057 1606 1109 in
1659 1056 1968 1111 Proverbiis
2025 1056 2259 1109 habetur
2299 1074 2312 1108 :
2350 1076 2368 1109 ι
2410 1058 2565 1112 Oculi
2625 1059 2701 1112 ttti
2737 1070 2884 1114 recta
2920 1061 3189 1113 videant:
3227 1067 3279 1114 et
3312 1060 3595 1130 palpebra:
3618 1068 3721 1115 tua:
3761 1077 3909 1121 nuant

652 1150 803 1221 justa
836 1148 899 1204 ⁷⁸.
937 1168 955 1201 ι
996 1147 1343 1219 Synagogam
1368 1143 1884 1200 autemJudteorum
1910 1146 1989 1199 sic
2016 1145 2354 1213 alloquitur:
2391 1165 2409 1197 ‹
2447 1146 2584 1200 Ecce
2614 1162 2721 1200 non
2747 1157 2876 1202 sunt
2908 1150 3054 1202 oculi
3091 1148 3192 1208 tui.
3225 1165 3324 1202 nec
3340 1162 3441 1202 cor
3462 1159 3619 1202 tuum
3648 1151 3902 1220 pulchrum

654 1249 739 1295 est
766 1240 877 1294 ".t
910 1238 1108 1292 Verum
1144 1246 1196 1291 et
1234 1238 1410 1298 illttm,
1453 1236 1768 1303 cuicunque
1816 1235 2019 1303 aliquid
2052 1234 2172 1287 vitii
2201 1234 2344 1288 inest
2368 1236 2565 1299 oculis,
2594 1237 2832 1304 repellit,
2875 1246 2931 1290 ut
2969 1236 3024 1290 in
3055 1237 3423 1305 sequentibus
3442 1251 3507 1289 ex
3535 1236 3678 1305 lippo
3700 1243 3901 1309 patebit,

652 1326 791 1383 Nam
827 1329 882 1382 in
914 1326 1295 1383 sacerdotibus
1318 1325 1652 1395 particulare
1683 1324 1874 1375 vitium
1912 1324 2226 1393 aequipollet
2258 1324 2582 1378 universali.
2617 1325 2697 1377 Ad
2741 1339 2865 1379 eum
2900 1325 3122 1378 modum
3157 1325 3419 1395 reprobat
3454 1324 3733 1391 claudum,
3769 1329 3896 1385 vide.

653 1418 787 1473 licet
815 1433 965 1481 eum,
1000 1416 1222 1487 quinon
1259 1422 1410 1467 recto
1445 1411 1579 1483 pede
1612 1412 1817 1465 incedit
1852 1412 1918 1464 ad
1950 1426 2114 1481 opera
2140 1412 2303 1476 bona,
2346 1427 2445 1465 nec
2482 1421 2734 1481 prompte
2795 1415 2962 1465 vitam
2998 1412 3110 1481 agit
3141 1427 3204 1465 ex
3236 1414 3576 1482 praescripto
3610 1412 3829 1480 Domini,
3850 1420 3903 1474 de

654 1524 763 1578 quo
797 1506 962 1577 digne
1008 1506 1119 1561 dici
1157 1511 1343 1575 posset
1379 1522 1392 1557 :
1424 1522 1441 1553 ι
1477 1503 1754 1557 Rohorate
1800 1516 1998 1554 manus
2062 1503 2347 1560 remissas.
2393 1509 2446 1555 et
2492 1501 2734 1554 labantia
2788 1515 2966 1571 genua
2992 1499 3060 1552 ’⁸.
3104 1519 3123 1551 ι
3170 1500 3241 1556 De
3259 1499 3554 1555 Judaeisin
3586 1502 3896 1561 Psalntorum

653 1595 798 1651 lihro
826 1597 907 1649 sic
950 1594 1171 1649 fertur:
1208 1613 1225 1643 ι
1264 1591 1384 1645 Filii
1424 1591 1590 1646 alieni
1634 1590 1849 1644 mentiti
1905 1596 2033 1644 sunt
2068 1590 2225 1653 mihi,
2274 1587 2368 1642 filii
2402 1588 2568 1643 alieni
2608 1588 2881 1657 antiquati
2954 1595 3104 1649 sunt,
3142 1596 3196 1641 et
3229 1587 3689 1642 claudicaverunt
3730 1590 3783 1643 in
3816 1594 3899 1647 viis

650 1684 768 1737 suis
797 1684 863 1738 ".
899 1700 917 1733 ›
978 1679 1369 1736 Verumtamen
1425 1679 1481 1733 in
1541 1676 1901 1746 sequentibus
1944 1677 2123 1746 rejicit
2181 1692 2399 1732 omnem
2461 1677 2547 1730 cui
2594 1691 2690 1745 pes
2714 1677 2787 1731 sit
2820 1676 3060 1731 afﬂictus
3085 1684 3139 1730 et
3162 1680 3467 1730 contritus.
3518 1675 3569 1729 ls
3630 1677 3716 1730 cui
3761 1693 3900 1735 nasus

651 1770 948 1839 depressus
980 1776 1088 1833 est,
1120 1767 1401 1838 significat
1434 1767 1738 1832 hominem,
1763 1766 1852 1819 cui
1879 1780 1989 1819 non
2020 1776 2108 1820 est
2141 1765 2459 1820 intellectus
2495 1763 2735 1829 validus,
2766 1772 2823 1818 ttt
2856 1774 3023 1834 queat
3044 1764 3367 1819 discernere
3399 1764 3550 1817 inter
3582 1764 3893 1834 spiritualem

650 1856 1009 1926 fragrantiam
1036 1864 1092 1910 et
1123 1863 1474 1924 peccatorum
1514 1854 1768 1907 fetorem.
1805 1851 1940 1905 Nam
1974 1852 2085 1908 illis
2112 1852 2205 1922 qui
2244 1853 2446 1908 fuerint
2468 1853 2617 1919 simi,
2651 1869 2761 1926 non
2794 1861 2924 1909 sunt
2958 1853 3095 1907 recti
3149 1850 3395 1908 olfactus
3429 1862 3668 1908 meatus.
3700 1852 3896 1923 Oportet

650 1925 833 1998 autem
872 1959 993 2008 nos,
1030 1944 1207 1998 instar
1237 1943 1360 1995 boni
1396 1942 1695 2011 trapezitae,
1731 1942 1968 2011 probare
2000 1944 2205 2007 omnia,
2239 1954 2292 1995 et
2320 1950 2509 1998 tenere
2534 1925 2915 2013 quatrhonum
2949 1950 3056 1998 est.

720 2034 880 2086 Auris
904 2032 1171 2096 mutilata,
1187 2030 1521 2103 etc.,[XXll,
1536 2028 1652 2103 9.3.]
1690 2031 1783 2085 His
1812 2030 1994 2085 verbis
2010 2030 2279 2085 feriuntur
2309 2030 2409 2095 illi,
2430 2031 2520 2099 qui
2543 2046 2651 2084 non
2671 2046 2767 2100 per
2783 2031 2967 2084 omnia
2986 2029 3596 2085 asseutiunturcmlesti
3621 2030 3888 2087 doctrina:

652 2130 749 2177 aut
779 2122 874 2192 qui
909 2138 1019 2176 non
1053 2132 1323 2191 usurpant
1353 2121 1585 2174 auribus
1614 2120 1859 2189 perfecte
1893 2133 1947 2174 et
1976 2136 2117 2190 pure
2154 2120 2371 2175 divinos
2399 2134 2707 2174 sermones.
2734 2117 2900 2174 Tales
2930 2128 3083 2184 sunt,
3115 2120 3209 2190 qui
3241 2120 3595 2176 declinantes
3621 2136 3648 2172 a
3672 2124 3889 2183 veritate,

649 2213 780 2267 dum
816 2213 899 2267 eis
945 2226 1109 2266 aures
1148 2211 1426 2282 pruriunt,
1467 2209 1749 2264 adhaerent
1775 2209 2067 2278 spiritibus
2103 2208 2531 2279 impostoribus.
2577 2207 2855 2262 Contritio
2894 2222 3093 2262 manus
3124 2216 3228 2271 est,
3270 2207 3404 2263 dum
3444 2223 3641 2263 manus
3669 2224 3889 2262 corruat-

648 2301 800 2371 pitur
828 2316 897 2356 ne
929 2299 1170 2370 perfecte
1202 2310 1389 2368 pergat
1424 2297 1493 2351 ad
1546 2314 1713 2368 opera
1751 2299 1916 2362 bona,
1968 2299 2130 2352 sicuti
2164 2308 2217 2353 et
2252 2299 2319 2353 de
2364 2299 2502 2370 pede
2547 2314 2715 2370 supra
2761 2300 3019 2354 dedimus
3045 2300 3417 2355 claudicante.
3454 2298 3590 2354 Nam
3655 2303 3887 2371 propheta

646 2390 964 2444 exclamat:
1001 2406 1017 2439 ι
1058 2385 1150 2441 Vae
1177 2388 1305 2449 illis,
1342 2388 1435 2456 qui
1461 2402 1629 2456 opera
1657 2385 1869 2439 Domini
1889 2388 2231 2441 exercituum
2263 2386 2473 2442 faciunt
2501 2388 2865 2460 negligenter,
2903 2407 2923 2442 ι
2970 2390 3119 2445 sive:
3151 2408 3170 2439 ‹
3206 2390 3313 2454 Qui
3355 2390 3538 2459 ipsum
3583 2391 3781 2457 justum
3807 2404 3891 2443 non

644 2478 807 2550 justis
840 2478 1150 2532 rationibus
1180 2486 1517 2543 sectantur,»
1555 2485 1612 2530 ut
1639 2478 1906 2545 scriptum
1937 2477 2104 2531 est".
2139 2477 2441 2532 Gihbosum
2472 2494 2599 2533 eum
2635 2477 2910 2541 nominat,
2935 2478 3029 2545 qui
3059 2476 3287 2544 respicit
3318 2479 3675 2532 solummodo
3707 2487 3889 2534 terrena

645 2576 701 2624 et
741 2568 1016 2631 carnalia,
1050 2582 1151 2621 nec
1187 2581 1427 2636 unquam
1459 2565 1693 2635 erigitur
1728 2565 1793 2618 ad
1847 2565 2278 2635 speculationem
2318 2580 2501 2618 rerum
2552 2568 2887 2623 caelestium.
2930 2570 2979 2622 ls
3005 2569 3176 2622 etiam
3224 2568 3335 2624 illis
3362 2570 3695 2624 criminibus
3730 2572 3889 2638 impli-

646 2644 829 2722 cattfr,
865 2672 986 2727 qua:
1016 2656 1269 2710 feruntur
1301 2653 1369 2709 de
1409 2652 1657 2708 Judzeis:
1720 2672 1738 2703 ι
1769 2652 2215 2707 Obtenebrcntur
2266 2654 2411 2707 oculi
2444 2669 2635 2708 eorum
2678 2670 2745 2710 ne
2784 2666 3035 2723 cernant,
3082 2665 3137 2711 et
3160 2664 3378 2727 tergum
3436 2657 3653 2711 illorum
3706 2672 3890 2727 semper

647 2745 875 2799 incurva
910 2744 1006 2796 Μ.»
1042 2742 1305 2797 Pnstnlas
1336 2744 1540 2797 habere
1576 2743 1780 2795 dicitur
1816 2743 1870 2795 in
1917 2741 2122 2805 fronte,
2173 2744 2265 2811 qui
2298 2744 2736 2802 inflammatione
2769 2749 3115 2817 pustularttm
3161 2764 3478 2819 respersam
3516 2749 3707 2804 faciem
3752 2752 3883 2819 gerit.

649 2831 885 2887 Pustulaa
906 2838 1089 2885 autem
1129 2830 1236 2884 illae
1259 2832 1406 2884 inter
1440 2829 1667 2883 morbos
1689 2837 2192 2884 connumerantur.
2220 2828 2412 2888 Solent
2433 2836 2578 2889 enim
2614 2835 2835 2890 fuscare
2862 2836 3006 2891 cutis
3030 2838 3409 2907 superficiem.
3435 2839 3558 2893 Tali
3584 2836 3767 2891 morbo
3787 2848 3887 2891 sunt

646 2924 919 2994 impediti,
941 2925 1036 2995 qui
1074 2932 1359 2994 nequeunt
1401 2936 1540 2993 puro
1565 2922 1721 2975 vultu
1757 2921 1961 2975 intueri
1994 2922 2316 2985 Dominum,
2348 2939 2449 2977 nec
2474 2935 2707 2992 possunt
2728 2926 2897 2979 etiam
2935 2941 3034 2980 sua
3068 2927 3355 2981 occultare
3405 2926 3697 2981 dedecora.
3730 2925 3881 2981 Minus

644 3023 826 3068 autem
880 3024 1113 3083 peccant
1152 3014 1226 3071 hi.
1270 3028 1437 3081 quam
1476 3011 1582 3075 illi,
1616 3010 1712 3080 qui
1749 3010 1967 3079 penitus
2010 3008 2192 3065 fronte
2238 3021 2463 3077 carent,
2513 3023 2568 3067 et
2598 3012 2832 3068 eﬂ'renes
2884 3014 2938 3067 in
2989 3028 3157 3069 omne
3212 3030 3393 3085 genus
3452 3015 3676 3069 sceleris
3726 3023 3883 3068 ruunt.

643 3099 854 3171 Lippus
883 3110 967 3157 est
1001 3101 1071 3166 is,
1099 3101 1195 3170 qui
1224 3099 1393 3171 368
1423 3098 1716 3169 prudentia
1751 3100 1968 3168 quidem
2008 3099 2176 3163 valet,
2206 3099 2276 3153 ab
2302 3099 2595 3157 aﬂ‘ectibus
2627 3118 2758 3157 vero
2797 3104 3062 3166 vincitur,
3094 3102 3188 3173 qui
3223 3104 3402 3173 ipsius
3433 3102 3671 3156 animum
3700 3105 3877 3173 saepius

642 3207 672 3244 a
704 3195 931 3245 veritate
974 3197 1232 3251 avocant,
1282 3200 1336 3243 et
1394 3188 1606 3242 accedit
1651 3185 1852 3241 deinde
1908 3186 2130 3254 adjutor
2160 3187 2432 3244 litereticis
2474 3191 2767 3260 dogmatis,
2820 3190 3290 3261 quemadmodum
3333 3189 3512 3246 Judaei
3560 3201 3613 3246 et
3646 3192 3877 3255 haeretici,

640 3279 735 3347 qui
765 3278 985 3348 quidem
1020 3277 1259 3331 credunt
1296 3275 1467 3331 Deum
1519 3290 1645 3331 esse
1684 3273 1928 3339 Patrem,
1983 3276 2204 3329 interim
2242 3274 2441 3330 Filium
2483 3279 2604 3347 ejus
2639 3276 2826 3333 Jesum
2868 3278 3154 3333 Christum
3204 3278 3491 3349 rejiciunt.
3544 3279 3789 3345 Proinde,
3836 3291 3882 3333 ut

639 3374 877 3422 testatur
918 3365 1195 3436 Propheta
1236 3365 1304 3430 ⁸⁸,
1343 3384 1361 3417 ‹
1392 3364 1595 3420 Oculos
1628 3363 1834 3417 habent
1866 3370 1921 3417 et
1949 3378 2060 3415 non
2092 3362 2301 3418 vident.
2336 3385 2354 3418 ι
2394 3366 2741 3439 Pruriginem
2783 3380 2943 3425 vocat
2990 3371 3246 3440 corporis
3280 3370 3595 3441 voluptates
3637 3381 3688 3426 et
3740 3372 3879 3424 vitam

641 3458 863 3527 penitus
893 3454 1183 3511 affectibus
1215 3453 1485 3520 dicatam,
1535 3453 1696 3522 cujus
1725 3452 1911 3506 exitus
1958 3460 2043 3505 est
2089 3453 2249 3506 dolor
2292 3463 2347 3508 et
2378 3456 2659 3527 lacrymze.
2702 3456 2830 3512 Haec
2883 3457 3077 3514 eadem
3124 3461 3235 3513 vita
3278 3460 3519 3528 plurima
3552 3460 3685 3514 mala
3730 3461 3878 3513 instar

642 3544 1019 3599 inundationis
1053 3543 1267 3597 invehit
1312 3542 1432 3597 suis
1472 3540 1806 3596 cultoribus.
1851 3539 2085 3604 Quidam
2138 3542 2286 3595 enim
2322 3544 2673 3600 solummodo
2728 3556 3068 3617 superantur
3126 3546 3196 3601 ab
3230 3546 3525 3602 affectibus
3559 3554 3612 3603 et
3664 3546 3876 3617 graviter

640 3643 929 3705 mgrotant.
961 3634 1069 3687 Alii
1100 3648 1232 3688 vero
1262 3633 1328 3686 ad
1364 3646 1641 3686 summum
1675 3632 1930 3685 vitiorum
1962 3630 2243 3701 fastigium
2280 3633 2545 3701 provecti,
2581 3650 2689 3687 non
2738 3634 2842 3689 sibi
2878 3643 3192 3705 temperant
3220 3651 3249 3688 a
3276 3636 3605 3700 sceleribus,
3640 3649 3752 3704 qua:
3791 3633 3876 3702 ipsi

640 3725 1005 3780 adversantur
1048 3733 1277 3777 naturae.
1312 3720 1584 3776 Cmterum
1629 3720 1721 3773 illa
1754 3720 1885 3773 vitia
1915 3729 2316 3788 comparantur
2349 3720 2493 3775 haud
2534 3720 2771 3775 absurde
2790 3722 2938 3777 cutis
2970 3721 3284 3792 asperitati,
3312 3740 3441 3793 qua:
3472 3722 3700 3778 subinde
3725 3722 3869 3776 latius

639 3814 834 3882 serpit.
862 3810 1137 3865 Vitiorum
1186 3811 1405 3864 illorum
1435 3824 1759 3879 progressus
1788 3814 1906 3862 erat
1934 3808 2272 3863 inhibendus
2299 3808 2457 3877 juxta
2495 3809 2631 3863 illud
2665 3827 2678 3864 :
2724 3828 2742 3860 ι
2778 3809 2835 3864 Si
2873 3812 3106 3881 spiritus
3148 3811 3270 3881 ejus
3318 3813 3416 3883 qui
3456 3813 3555 3867 tibi
3588 3814 3705 3881 imp.
3728 3812 3871 3864 ritate

638 3905 813 3972 cupit,
871 3901 1185 3957 ascenderit
1234 3900 1300 3954 ad
1344 3909 1418 3962 te,
1451 3914 1587 3953 cave
1655 3898 1835 3951 locum
1892 3905 2049 3951 tuum
2105 3897 2352 3953 deseras.
2382 3897 2521 3962 Quia
2590 3898 2863 3951 medicina
2906 3901 3191 3970 couSOpiet
3242 3912 3471 3970 peccata
3530 3916 3716 3971 magna
3746 3899 3805 3952 ⁸³.
3847 3916 3862 3947 ι

638 3990 909 4061 Μόνορχις
943 3989 1146 4042 dicitur
1180 3988 1264 4041 vir
1291 3985 1653 4041 effeminatus
1679 3996 1733 4039 et
1777 3984 2155 4056 androgynus,
2198 3988 2289 4055 qui
2332 3988 2531 4055 partim
2568 3988 2669 4050 vir,
2703 3989 2903 4058 partim
2932 3989 3135 4043 mulier
3185 4000 3476 4045 censetur.
3518 3993 3585 4045 At
3620 3989 3779 4043 dehis
3806 3989 3864 4039 ita

639 4076 887 4145 loquitur
916 4076 1243 4145 Scriptura:
1288 4093 1306 4125 ι
1348 4073 1535 4142 Neque
1571 4080 1911 4126 scortatores
1944 4089 2120 4142 neque
2169 4076 2363 4132 molles
2390 4092 2618 4147 regnum
2652 4078 2744 4132 Dei
2799 4079 3207 4141 hiereditabunt
3231 4080 3299 4135 ⁸³.
3336 4101 3354 4133 ι
3401 4081 3500 4136 Vel
3548 4082 3645 4136 sub
3679 4081 3758 4132 illa
3794 4076 3863 4130 di-

638 4166 824 4219 ctione
857 4164 1163 4234 capiendus
1203 4169 1289 4217 est
1321 4160 1393 4226 is,
1423 4162 1519 4230 qui
1565 4176 1677 4215 non
1710 4160 1868 4213 firmo
1891 4161 2027 4229 pede
2061 4162 2271 4216 accedit
2301 4166 2366 4219 ad
2396 4165 2677 4221 virtutem.
2716 4164 2945 4237 Oportet
2976 4168 3163 4233 enim,
3207 4178 3267 4222 ut
3301 4182 3489 4224 monet
3517 4169 3777 4239 Scriptura
3804 4164 3858 4227 ",

638 4251 871 4306 viriliter
899 4266 1060 4322 agere
1084 4261 1139 4305 et
1181 4249 1381 4305 fortem
1415 4264 1537 4304 esse
1567 4264 1720 4314 eum,
1743 4249 1837 4319 qui
1866 4248 2081 4304 accedit
2104 4251 2172 4304 ad
2210 4250 2408 4310 Deum.
2442 4254 2523 4307 llli
2549 4255 2719 4325 igitur
2751 4256 3109 4311 interdicitur
3160 4258 3500 4324 Sacerdotio,
3537 4259 3623 4327 qui
3665 4255 3782 4307 vitio
3814 4260 3858 4305 et

637 4342 1072 4411 reprehensione
1111 4355 1223 4394 non
1255 4346 1436 4392 vacat.
1466 4335 1579 4391 Nec
1609 4346 1791 4390 tamen
1818 4338 2257 4406 prohibebantur
2280 4342 2457 4397 sacris
2496 4342 2751 4411 dapibus,
2780 4360 3019 4413 quarum
3051 4362 3149 4403 esu
3183 4346 3390 4401 infirmi
3418 4344 3663 4402 nonnihil
3692 4340 3853 4412 purifi-

635 4440 854 4492 cantur,
881 4429 1008 4483 dum
1050 4435 1250 4483 necant
1295 4426 1554 4497 corporis
1603 4423 1840 4479 affectus
1885 4441 2105 4494 pravos.
2141 4430 2209 4482 At
2240 4430 2358 4485 sani
2394 4430 2700 4485 redduntur
2746 4432 3025 4491 firmiores
3078 4437 3134 4490 in
3172 4438 3319 4491 bono
3354 4437 3485 4490 dum
3518 4432 3767 4488 accedunt
3799 4426 3853 4481 ad

634 4536 779 4575 aras.
810 4518 943 4574 Nam
979 4533 1079 4589 per
1120 4516 1331 4572 Christi
1383 4530 1610 4571 carnem
1662 4522 1717 4569 et
1745 4517 2068 4586 sanguinem
2111 4533 2446 4574 renovamur
2470 4520 2702 4591 expulso
2726 4522 2902 4577 senio.
2943 4521 2993 4578 ls
3027 4532 3113 4578 est
3154 4539 3295 4579 nova
3348 4532 3630 4586 creatura,
3660 4522 3744 4590 qui
3796 4512 3849 4568 ad

631 4624 756 4664 eum
791 4608 1016 4663 modum
1046 4614 1207 4660 exuta
1240 4612 1467 4659 senecta
1492 4602 1822 4672 juvenescit.

708 4697 775 4751 Et
809 4697 1155 4752 immnnditia
1184 4695 1299 4762 eius
1340 4710 1498 4764 super
1521 4696 1657 4759 ipso,
1695 4701 1806 4748 etc.
1840 4692 1964 4749 Haec
2002 4696 2201 4751 scribit
2234 4695 2303 4751 de
2335 4695 2465 4759 illis,
2511 4711 2747 4766 quorum
2787 4697 3070 4770 ingenium
3096 4698 3410 4755 insanabile
3448 4705 3552 4762 est,
3601 4702 3654 4750 et
3701 4703 3846 4758 usque

632 4786 901 4841 inhaerent
930 4786 1099 4838 vitiis.
1130 4782 1481 4854 Quapropter
1530 4790 1681 4837 recte
1722 4796 1819 4837 eos
1851 4791 2006 4837 arcet
2051 4783 2386 4839 sacerdotio.
2430 4781 2589 4838 Nunc
2613 4799 2739 4840 vero
2776 4794 2976 4856 purgat
3008 4801 3205 4841 sacros
3255 4786 3570 4850 ministros,
3601 4789 3846 4837 removens

630 4875 945 4930 communia
973 4885 1029 4928 et
1062 4872 1369 4928 mediocria
1395 4872 1557 4937 vitia,
1597 4870 1646 4925 si
1676 4869 1821 4926 forte
1851 4869 2079 4940 quidam
2104 4870 2194 4925 bis
2228 4871 2431 4927 fuerint
2456 4872 2704 4941 impediti
2733 4891 2746 4926 :
2782 4889 2992 4943 eosque
3014 4874 3180 4945 erigit
3217 4882 3272 4930 et
3295 4874 3629 4936 cohortatur,
3669 4876 3721 4922 ut
3752 4864 3842 4919 sint

632 4962 802 5017 fortes
826 4971 881 5016 et
921 4969 1187 5031 przecepta
1222 4958 1437 5014 Domini
1471 4969 1708 5015 servent.
1750 4977 1768 5009 ‹
1818 4957 1957 5029 Ego,
1987 4958 2190 5029 inquit,
2233 4958 2499 5013 Dominus
2528 4958 2674 5016 Deus
2706 4970 2892 5017 vester
2914 5000 2930 5026 ,
2972 4981 2991 5013 ι
3030 4962 3083 5016 id
3123 4968 3230 5027 est,
3260 4978 3370 5017 non
3405 4963 3541 5015 falso
3571 4960 3842 5013 nominatus

631 5048 798 5115 Deus,
835 5065 996 5119 quem
1034 5047 1191 5102 facile
1240 5048 1314 5103 sit
1365 5056 1742 5103 contemnere.
1774 5045 1979 5102 Deinde
2028 5047 2311 5119 subjuugit
2363 5048 2431 5104 de
2469 5049 2711 5118 leproso,
2753 5050 2858 5105 sub
2906 5065 3015 5121 quo
3050 5047 3305 5121 intelligit
3340 5047 3617 5117 illum,qui
3650 5052 3839 5112 prorsuS

628 5146 780 5196 caret
810 5140 1031 5203 virtute,
1069 5146 1121 5192 et
1172 5139 1395 5207 penitus
1437 5144 1691 5192 mortuus
1731 5145 1840 5199 est,
1875 5137 1921 5191 si
1955 5137 2183 5192 virtutis
2224 5148 2540 5209 respectum
2582 5153 2738 5208 agas.
2774 5138 2975 5193 Verum
3007 5140 3073 5193 de
3096 5140 3201 5195 hoc
3238 5155 3409 5209 supra
3453 5140 3506 5193 in
3544 5136 3693 5203 lepra:
3720 5126 3838 5182 rela-

630 5228 780 5285 tione
806 5228 971 5283 verba
1008 5225 1265 5282 fecimus.
1297 5226 1570 5279 Similiter
1602 5225 1831 5281 disserit
1871 5224 1938 5280 de
1971 5241 2060 5289 eo,
2096 5226 2189 5295 qui
2219 5230 2429 5297 patitur
2459 5228 2839 5298 importunum
2884 5228 3120 5285 seminis
3154 5228 3389 5291 fluxum,
3421 5227 3520 5282 sub
3547 5240 3649 5295 quo
3679 5217 3833 5271 τιιάηιο⁸

626 5333 823 5373 nemur
849 5318 988 5387 ejus,
1018 5314 1109 5384 qui
1165 5315 1367 5369 mentis
1424 5317 1569 5369 vires
1599 5316 1805 5383 patitur
1835 5314 2105 5369 inutiliter
2135 5314 2385 5381 efﬂuere,
2418 5328 2520 5368 nec
2553 5316 2621 5371 iis
2652 5314 2828 5368 utitur
2858 5314 2927 5369 ad
2955 5331 3052 5370 eas
3086 5330 3198 5380 res,
3231 5330 3370 5383 quas
3393 5315 3643 5367 ltonvstas
3667 5314 3713 5360 et
3738 5303 3834 5373 pia!

625 5407 898 5460 novimus.
938 5404 1144 5459 Deinde
1194 5404 1452 5457 additur:
1511 5422 1529 5454 ε
1569 5402 1675 5468 Qui
1723 5403 1947 5473 attingit
1989 5418 2154 5457 omne
2181 5404 2399 5475 reptile,
2431 5423 2450 5456 ι
2490 5413 2598 5461 etc.
2631 5404 2848 5472 Quibus
2889 5405 3077 5461 verbis
3128 5404 3471 5473 significatur
3500 5402 3563 5463 is,
3592 5396 3675 5467 qui
3699 5402 3834 5483 vene:

530 5552 535 5556 ,
623 5494 1027 5564 numaspidum
1053 5492 1192 5563 gerit
1222 5492 1277 5545 itt
1307 5491 1470 5547 labiis
1519 5492 1663 5557 suis,
1705 5498 1761 5546 et
1816 5491 2250 5560 simplicioribus
2295 5492 2646 5548 fraudulente
2688 5493 2945 5563 imponit.
2992 5492 3236 5547 Cadaver
3266 5508 3377 5562 pra:
3409 5507 3465 5546 se
3497 5489 3592 5543 fert
3617 5498 3725 5539 eum
3755 5489 3831 5547 qut

694 5651 741 5683 "
785 5648 895 5703 lsa.
928 5665 1050 5713 xttt,
1082 5647 1188 5713 l8;
1231 5646 1400 5701 Hebr.
1426 5663 1488 5713 tt,
1526 5648 1611 5703 15.
1689 5648 1736 5681 ⁷⁸
1770 5646 1932 5704 Prov.
2011 5664 2086 5709 tv,
2117 5648 2207 5703 ‘25.
2291 5651 2309 5682 ⁷

2291 5650 2337 5682 ⁷⁷
2376 5647 2480 5704 lsa.
2508 5666 2659 5713 κων,
2704 5650 2790 5703 l8.
2870 5648 2918 5681 ’⁸
2960 5647 3127 5703 Hebr.
3162 5663 3266 5713 xu,
3306 5648 3374 5703 12
3466 5646 3508 5677 7°
3539 5638 3670 5697 Psal.
3718 5644 3825 5713 xtl}.

622 5720 712 5775 te.
789 5700 1093 5774 easeas.
1128 5700 1137 5701 “
1175 5700 1502 5781 ’χικιιιέίοζ
1532 5700 1624 5751 ’θοι
1655 5700 2025 5787 Ρευίξιξκεῖιιιξ
2046 5700 2237 5774 tofi1

623 5791 669 5825 ⁸³
696 5789 869 5848 lCor.
900 5807 1015 5852 ut.
1055 5788 1124 5844 15
1145 5796 1201 5844 et
1242 5788 1394 5843 alibi.

2209 5722 2250 5753 θ’
2287 5700 2658 5789 Ρυεὲἱζᾘιῖἰίξ
2854 5721 2901 5753 ⁸³
2936 5700 3123 5777 reae;
3164 5700 3371 5785 ait."
3413 5719 3456 5751 ει
3482 5715 3500 5771 ι
3529 5714 3643 5769 Cor.
3669 5721 3729 5770 vt.
3758 5700 3824 5753 10-
