3864 6568
152 490 243 740 Ε

148 740 219 837 [ἶ

137 837 221 1103 ε

131 1103 221 1214 [1

121 1214 219 1460 Ιὲ

220 1460 296 1495 quo

109 1460 298 1743 Eg

220 1712 298 1743 BQN

88 1919 140 2239 Ι

150 2770 153 2797 l

58 2415 153 2919 ἑ

188 341 259 407 Ῑῖᾁί
1046 331 1557 395 COMMENTARI
1566 335 1590 393 Ι
1638 334 1714 395 ΙΝ

1789 337 2190 401 .EVITICUM
2202 390 2214 401 .
3206 353 3315 421 77L

254 466 329 509 itus
352 450 546 511 refrixit,
573 464 668 502 nec
698 448 946 506 fervidus
971 451 1167 519 spiritu
1204 453 1581 523 cognoscitur.
1622 454 1667 506 Α
1697 454 1873 511 bestia
1922 466 2122 527 captus
2170 459 2504 532 intelligitur
2531 462 2601 527 is,
2639 465 2731 533 qui
2768 465 2976 523 diaboli
3014 468 3199 528 factus
3222 484 3311 530 est

210 550 299 599 ibus.
324 539 411 595 llos
428 552 596 593 omnes
618 535 769 608 fugat
804 540 888 594 lex
922 538 1106 593 divina
1140 554 1168 591 a
1204 541 1401 595 sacris.
1432 538 1593 603 Nam,
1635 550 1693 595 ut
1742 543 1904 597 docet
1942 545 2188 600 Paulus:
2227 565 2244 598 ι
2285 546 2611 619 Quicunque
2640 551 2815 607 ederit
2839 570 3041 625 corpus
3100 558 3308 616 Christi

228 634 370 688 biberit
388 632 614 700 poculum
640 631 891 700 indigne,
930 631 1034 685 sibi
1062 631 1461 700 ipsijudicium
1498 633 1611 688 edit
1635 642 1690 688 et
1726 634 1867 689 bibit
1896 634 1964 688 ⁸⁸.
1990 654 2007 686 ι
2049 633 2210 690 Tales
2247 636 2522 692 habentur
2552 641 2604 693 in
2629 645 3311 704 numeroimmundorum.

222 726 404 777 lluuntur
424 730 468 773 et
501 721 571 783 bi,
602 723 694 790 qui
729 722 820 775 his
845 720 1195 775 familiariter
1221 722 1559 791 junguntur.
1589 724 1727 777 Nam
1759 739 1856 793 per
1886 734 2199 777 contactum
2234 726 2584 798 intelligenda
2613 741 2693 785 est
2727 731 3092 790 familiaritas.
3126 756 3143 787 (
3174 740 3312 792 Cor-

210 820 346 878 npunt
378 810 615 877 siquidem
664 826 853 865 mores
885 811 1065 864 bonos
1094 811 1376 880 colloquia
1430 827 1597 881 prava
1622 814 1691 865 ⁸⁷.
1729 832 1747 864 ι
1777 813 1841 866 Ει
1864 829 1985 882 quae
2014 830 2141 883 pars
2170 816 2312 869 ﬁdeli
2344 832 2465 871 cum
2499 820 2825 875 incredulo?
2862 822 3063 879 Contra
3107 836 3308 894 autem,

186 901 295 957 icum
318 906 479 952 sancto
509 899 881 962 convcrseris,
908 906 967 951 tu
992 914 1213 966 quoque
1241 899 1660 955 sanctiﬁcabere
1683 900 1750 953 ⁸⁸.
1777 900 1931 966 Quod
1957 917 2089 956 vero
2111 904 2176 956 de
2208 904 2522 961 hominibus
2540 922 2845 963 sermonem
2871 910 3064 966 habeat
3096 915 3311 969 abunde

224 992 314 1048 icat,
353 986 479 1054 quod
533 987 666 1040 dicit
694 1004 707 1039 :
759 1007 778 1037 ι
813 989 1034 1051 Anima,
1065 1005 1188 1057 qua:
1242 987 1509 1057 attigerit.
1543 1007 1561 1040 ι
1599 987 1733 1042 Cum
1760 992 1939 1043 taline
1964 990 2146 1043 cibum
2179 991 2395 1060 quidem
2452 995 2773 1064 capiendum
2804 1012 2925 1053 esse
2954 1014 3133 1055 monet
3163 1001 3308 1057 Pau-

232 1076 275 1125 ⁸³.
303 1074 357 1126 At
386 1072 618 1127 Christus
650 1074 759 1127 sub
811 1090 1095 1144 vesperam
1124 1075 1366 1137 advenit,
1405 1086 1461 1128 nt
1488 1076 1852 1131 illiusccmodi
1882 1078 2132 1132 homines
2161 1081 2469 1148 apeccatis,
2498 1097 2619 1150 qua
2651 1083 2928 1139 immunda
2950 1099 3095 1149 sunt,
3126 1091 3309 1145 absol-

216 1162 727 1230 .Proindejuhentur
796 1162 969 1219 Judaei
1029 1166 1136 1220 sub
1195 1180 1479 1233 vesperam
1516 1180 1716 1234 agnum
1751 1168 1961 1221 ca-dere
1997 1168 2333 1237 paschalem,
2372 1180 2431 1223 ut
2466 1172 2569 1225 sub
2609 1172 2714 1225 hoc.
2759 1184 2886 1244 typo
2915 1178 3309 1247 praesigniﬁce-

192 1262 412 1319 ttempus,
465 1266 571 1320 quo
606 1252 959 1308 adventurus
992 1253 1064 1307 sit
1119 1253 1400 1308 Christus.
1442 1254 1601 1307 Venit
1640 1256 1803 1323 igitur
1833 1256 2089 1312 Christus
2123 1259 2387 1313 extremis
2421 1261 2788 1329 temporibus,
2845 1264 2961 1318 sole
2994 1265 3309 1323 declinante

226 1342 335 1407 poris
362 1356 661 1394 mensuram
716 1342 786 1394 ad
814 1358 1120 1411 vesperam.
1153 1342 1229 1396 Eo
1261 1354 1506 1412 tempore
1539 1344 1700 1397 nobis
1737 1344 1922 1397 divino
1953 1360 2181 1398 munere
2212 1346 2408 1415 obtigit
2447 1358 2836 1404 sacrosanctus
2871 1352 3194 1421 baptismus.
3231 1355 3309 1408 Eo

220 1442 296 1495 que
336 1435 560 1496 tempore
614 1429 768 1496 paSti
806 1445 998 1485 sumus
1028 1445 1191 1500 pane,
1222 1429 1315 1498 qui
1346 1446 1375 1484 e
1412 1429 1555 1483 cmlo
1587 1428 1895 1497 descendit,
1930 1446 2091 1501 quem
2143 1434 2323 1486 oratio
2373 1432 2654 1489 Dominica
2711 1439 2958 1492 nominat
3013 1442 3310 1511 supersub-

202 1518 391 1570 ntisletn.

308 1606 470 1661 Omnis
497 1607 921 1674 alicnigenanon
950 1618 1182 1664 vescetur
1199 1611 1420 1674 sanctis,
1442 1618 1548 1664 etc.
1579 1608 1768 1680 [XXIL
1796 1607 1906 1680 10.]
1932 1607 2102 1663 Taxat
2132 1612 2234 1664 hoc
2264 1610 2383 1664 loco
2421 1611 2645 1682 impium
2667 1621 2719 1668 et
2747 1629 2775 1668 a
2805 1615 2907 1671 ﬁde
2934 1617 3305 1690 alienum,qui

352 1713 365 1747 ς
392 1698 456 1750 sit
487 1698 555 1751 ab
585 1697 844 1752 Ecclesia
876 1698 989 1752 Dei.
1019 1696 1137 1751 Non
1169 1698 1315 1752 enim
1367 1698 1625 1751 convenit
1678 1706 1736 1751 ut
1777 1698 1969 1752 demus
2015 1697 2160 1767 quod
2192 1708 2442 1753 sanctum
2480 1708 2564 1754 est
2594 1702 2827 1759 canibus
2858 1724 2871 1758 :
2905 1721 3009 1759 nec
3033 1706 3211 1773 decet,
3246 1717 3306 1763 ut

186 1785 376 1853 jicianius
426 1786 613 1852 porcis
649 1787 989 1855 margaritas
1032 1788 1100 1840 ⁸⁸.
1152 1784 1292 1839 lluic
1323 1786 1639 1840 adnectitur
1691 1785 1923 1848 advena,
1962 1786 2056 1854 qui
2088 1786 2352 1855 operibus
2384 1802 2493 1856 pra:
2521 1804 2580 1842 se
2614 1786 2719 1843 fert
2754 1792 2931 1845 civem
2960 1796 3171 1861 mundi,
3208 1798 3305 1867 qui

200 1874 317 1925 udum
346 1887 490 1925 suam
516 1874 833 1927 arbitratur
864 1873 1117 1942 patriam.
1149 1871 1350 1926 Verum
1382 1873 1564 1927 verbis
1595 1880 1647 1927 et
1681 1874 1823 1927 nuda
1854 1873 1956 1927 (ide
1982 1874 2145 1927 etiam
2178 1873 2436 1929 Ecclesia:
2478 1876 2713 1931 incolam
2760 1893 2820 1934 se
2869 1880 3117 1938 simulat.
3152 1882 3303 1939 Prte-

140 1958 231 2011 trra:
253 1962 593 2014 mercenarius
647 1961 1005 2015 existimatur
1051 1960 1118 2024 is,
1150 1960 1240 2029 qui
1274 1960 1589 2029 religionem
1634 1966 1903 2027 qumstum
1946 1958 2269 2025 arbitratur,
2306 1966 2359 2011 et
2402 1968 2636 2013 conatur
2672 1978 2886 2016 summa
2938 1980 3041 2035 ope
3090 1970 3305 2036 placere

147 2048 326 2109 ﬁdelibus,
357 2062 587 2116 quorum
634 2051 944 2103 auctoritas
988 2057 1040 2102 et
1093 2048 1298 2102 divitia:
1335 2048 1628 2117 plurimum
1662 2046 1907 2115 pollent:
1960 2054 2019 2097 ut
2066 2044 2195 2099 hinc
2230 2062 2389 2100 suum
2440 2057 2721 2116 comparet
2767 2051 3142 2109 commodum.
3190 2053 3302 2110 Hos

132 2136 299 2187 .lrxnihil
344 2136 559 2189 dill‘erre
593 2137 666 2189 ab
717 2136 1037 2204 alienigenis
1085 2135 1318 2204 judicat.
1361 2134 1429 2187 At
1484 2134 1873 2189 liliuslamilias
1921 2133 2100 2187 sacris
2134 2135 2378 2187 vescitur
2423 2135 2585 2188 cibis.
2618 2133 2751 2189 Nam
2805 2138 2851 2191 is
2886 2139 3029 2193 lilius
3067 2142 3117 2194 in
3176 2142 3284 2199 ﬁde

138 2224 315 2289 genuinus
344 2231 393 2275 et
422 2239 589 2277 verus
616 2234 729 2285 est,
767 2234 821 2277 et
853 2224 1194 2293 propinquus
1226 2224 1502 2292 spiritui.¢
1538 2222 1603 2275 Et
1631 2237 1739 2276 tere
1771 2231 2007 2290 emptus,
2028 2241 2044 2270 ι
2077 2229 2186 2274 etc.
2214 2221 2468 2275 Christus
2494 2221 2641 2275 enim
2671 2239 2769 2278 nos
2801 2225 3029 2280 redemit
3065 2244 3129 2283 ex
3166 2230 3300 2301 legis

126 2310 423 2364 maledictione
450 2312 581 2364 dum
618 2328 725 2380 pro
750 2312 907 2367 nobis
939 2312 1254 2365 maledictio
1284 2310 1463 2365 lactus
1501 2324 1604 2364 e5t.

174 2395 215 2447 Et
238 2399 328 2463 ﬁJia
355 2400 651 2455 sacerdotis
677 2403 725 2454 si
759 2401 995 2469 nupserit
1032 2399 1366 2469 alienigenis,
1395 2408 1502 2454 etc.
1534 2397 1679 2470 [ἱὲ]
1720 2399 2198 2466 Quemadmodum
2228 2400 2297 2464 is,
2335 2402 2428 2471 qui
2461 2402 2632 2471 tangit
2659 2402 2933 2473 leprosum
2966 2414 3019 2458 et
3046 2422 3297 2475 sperma-

142 2486 405 2554 isprotluvio
437 2492 813 2557 laborantem,
846 2493 936 2545 illo
965 2499 1169 2544 attactu
1206 2492 1540 2552 incestatur,
1610 2490 1708 2549 ita,
1748 2490 1874 2542 licet
1903 2489 2030 2557 quis
2061 2488 2405 2559 prOpinquus
2438 2490 2505 2543 sit
2542 2489 2685 2550 lidei,
2707 2492 3113 2560 quamprimum
3146 2510 3299 2549 com-

156 2575 307 2627 ercium
335 2577 591 2633 habuerit
618 2595 749 2634 cum
783 2579 1102 2638 incredulis,
1139 2578 1336 2631 horum
1370 2575 1669 2629 violabitur
1694 2584 1749 2630 et
1780 2576 2013 2645 profana
2037 2576 2185 2629 bitur
2218 2576 2616 2629 familiaritate.
2651 2576 2841 2630 Filiam
2876 2580 3178 2636 sacerdotis
3206 2600 3303 2636 no-

158 2664 236 2714 inat
260 2666 475 2719 animam
508 2677 896 2737 regeneratam
943 2681 1008 2721 ex
1044 2680 1186 2734 aqua
1219 2672 1273 2718 et
1314 2663 1513 2732 spiritu
1546 2682 1559 2717 :
1607 2681 1793 2718 verum
1825 2666 2075 2733 junctam
2128 2666 2414 2719 incredulo
2463 2675 2684 2736 prOpter
2721 2668 3183 2725 incredulitatem.
3214 2673 3297 2728 ld-

138 2749 215 2803 ircu
241 2751 493 2823 Sapientia
546 2756 805 2826 praecipit
845 2774 859 2809 :
902 2773 920 2805 ι
970 2752 1094 2819 Fili,
1147 2770 1215 2806 ne
1259 2762 1309 2806 te
1344 2752 1779 2806 circumveniant
1808 2755 1909 2807 viri
1946 2754 2097 2822 impii
2124 2755 2191 2809 ⁹¹.
2234 2773 2252 2805 ι
2295 2753 2411 2807 Non
2463 2756 2605 2807 enim
2641 2765 2858 2824 Oportet
2884 2774 2981 2812 nos
3011 2762 3295 2817 attendere

116 2840 326 2902 spiritibus
355 2841 784 2913 impostoribus,
822 2857 886 2895 ac
926 2839 1198 2895 doctrinis
1236 2838 1658 2901 daemoniorum,
1709 2856 1803 2909 per
1838 2840 2251 2894 simulationem
2290 2839 2734 2910 falsiloquorum,
2763 2847 3009 2921 cauterio
3046 2858 3291 2903 notatam

116 2924 352 2983 habentium
391 2934 820 2988 conscientiam.

162 3012 206 3065 Et
233 3017 335 3084 ﬁlia
378 3023 682 3078 sacerdotis
708 3026 754 3079 si
804 3026 965 3095 fuerit
1002 3027 1159 3080 vidua
1198 3025 1389 3095 ejecta,
1446 3031 1554 3077 etc.
1604 3020 1858 3075 Animam
1896 3018 2011 3071 haec
2068 3015 2234 3071 verba
2279 3015 2667 3071 demonstrant
2717 3018 3057 3076 deﬁcientem
3104 3037 3131 3075 a
3166 3022 3297 3090 Deo,

112 3100 250 3157 deinde
271 3123 353 3173 per
370 3114 761 3178 pmnitentiam
797 3123 1055 3170 renovata
1092 3116 1325 3169 liberata
1378 3112 1546 3167 fuerit
1580 3108 1801 3165 semine
1822 3104 2139 3175 peregrino,
2169 3104 2329 3174 cujus
2358 3105 2593 3173 impulsu
2620 3107 2672 3159 in
2708 3109 2946 3177 perﬁdia:
2977 3110 3295 3167 barathrum

113 3189 283 3247 adducta
321 3195 509 3254 fuerat.
550 3201 667 3254 Aut
701 3211 755 3256 et
790 3202 835 3256 si
882 3201 1169 3273 repudiata
1222 3199 1389 3253 fuerit
1416 3214 1445 3251 a
1500 3197 1611 3252 Deo
1660 3209 1853 3249 carens
1903 3192 2122 3246 virtutis
2154 3190 2359 3254 fructu,
2391 3206 2554 3259 quam
2585 3192 2844 3247 ocissime
2890 3204 3201 3251 revertatur
3228 3199 3294 3253 ad

112 3275 229 3332 Dt'llln
264 3293 305 3335 et
332 3297 550 3357 accepta
599 3289 731 3342 erit.
763 3287 966 3344 Eadem
998 3288 1161 3343 verba
1196 3288 1300 3341 sub
1334 3296 1465 3357 typo
1499 3282 1737 3353 quodam
1787 3287 2187 3350 reprmscntant
2241 3276 2584 3349 Synagogam
2617 3277 2955 3335 Jttdworuni.
2987 3281 3109 3338 Haec
3152 3286 3299 3339 enim

111 3365 337 3429 PetMosen
367 3390 525 3428 sacro
551 3378 744 3447 generi
783 3376 1081 3447 desponsa,
1128 3390 1253 3429 cum
1295 3373 1548 3444 plurimis
1594 3372 1679 3439 (ut
1730 3376 1970 3424 testatur
2002 3365 2295 3435 Jeremias)
2329 3366 2647 3435 pastoribus
2677 3375 2918 3422 seortata
2950 3378 3054 3426 est.
3093 3368 3292 3427 Novis-

110 3456 205 3510 sime
225 3470 375 3516 autem
412 3467 958 3535 praetulitpraccepta
990 3464 1309 3519 Scribarum
1342 3471 1397 3517 et
1427 3459 1832 3515 Pharisazorum
1874 3455 2082 3509 Christi
2118 3453 2413 3509 doctrinae.
2449 3452 2721 3509 Caeterum
2770 3455 2951 3511 denuo
2984 3460 3294 3523 vocabitur,

110 3552 147 3595 et
169 3547 309 3601 audiet
347 3553 666 3608 doctrinam
697 3553 929 3609 Christi.
966 3553 1125 3619 Nam,
1196 3562 1249 3605 ut
1284 3552 1489 3605 habent
1539 3545 1846 3619 prophetia:
1878 3544 2071 3608 verba,
2118 3561 2135 3592 ι
2170 3540 2374 3597 Diebus
2407 3542 2659 3613 plurimis
2708 3544 2973 3600 sedebunt
3008 3545 3101 3601 ﬁlii
3130 3547 3296 3603 Israel

118 3633 258 3702 absque
275 3653 409 3710 rege,
449 3643 576 3697 sive
615 3642 867 3712 principe
900 3643 945 3673 "
969 3684 984 3708 ,
1027 3660 1045 3693 ι
1084 3650 1195 3696 etc.
1233 3639 1439 3694 Deinde
1469 3638 1749 3696 subnectit
1782 3655 1795 3691 :
1828 3656 1847 3688 ι
1874 3635 2305 3700 Convertentur,
2339 3645 2393 3690 et
2443 3635 2737 3705 exquirent
2783 3636 3072 3692 Dominum
3123 3639 3292 3694 Deum

122 3732 241 3776 Sillim.
261 3745 276 3777 ι

220 1711 307 1765 θεξι

313 1712 365 1748 IIS

165 3834 400 3899 Oriaderit
438 3853 638 3896 sancta
684 3844 1010 3914 ignoranter,
1035 3848 1144 3898 etc.
1176 3841 1316 3915 [ιι]
1356 3840 1529 3898 Caesis
1560 3842 1801 3897 victimis
1828 3851 1882 3898 et
1912 3844 2138 3909 oblatis,
2173 3843 2241 3895 de
2270 3857 2444 3907 more,
2479 3840 2748 3910 quidquid
2787 3851 3095 3911 supererat,
3130 3845 3292 3901 cede-

108 3917 168 3973 bat
189 3930 566 3995 sacerdotibus,
605 3943 797 4001 utpote
828 3940 993 3998 caput
1027 3940 1082 3985 et
1114 3931 1301 4000 pedes.
1355 3929 1412 3983 Si
1446 3930 1569 3999 quis
1612 3939 1792 3986 autem
1826 3932 2091 4001 ignorans
2122 3931 2330 3983 edisset
2358 3929 2426 3982 de
2454 3930 2559 3991 his,
2590 3944 2712 3997 qua:
2735 3928 3130 3998 oll'crebantur,
3164 3948 3289 4002 pro-

105 4006 205 4063 lecto
242 4030 412 4082 ptenas
459 4020 847 4089 incogitantia:
909 4019 1116 4073 luebat.
1168 4017 1471 4087 Oportebat
1522 4020 1690 4083 enim,
1726 4026 1782 4072 ut
1825 4018 1986 4073 docet
2045 4015 2253 4071 Paulus
2305 4016 2387 4078 ",
2422 4015 2648 4071 edentes
2682 4016 2949 4071 sacriﬁcia
2992 4021 3286 4091 participes

102 4094 184 4149 ﬁeri
212 4102 421 4160 altaris:
459 4122 568 4161 nec
619 4110 827 4169 omnia,
860 4122 981 4176 qua:
1033 4106 1485 4169 immolabantur,
1517 4107 1602 4162 sui
1640 4107 1785 4176 juris
1822 4104 2029 4161 facere.
2081 4106 2226 4159 ldem
2258 4104 2361 4157 hoc
2401 4102 2677 4158 iaciebant
2728 4104 2821 4159 ﬁlii
2861 4103 2978 4159 Heli
3009 4110 3282 4164 consulto.

101 4182 374 4261 Quapropter
402 4201 638 4251 meritas
664 4200 877 4265 experti
926 4203 1055 4250 sunt
1086 4208 1299 4263 poenas.

146 4295 227 4360 Qui
252 4302 482 4357 attulerit
522 4303 697 4357 dona.
720 4319 843 4368 sua,
897 4311 1005 4356 etc.
1057 4300 1203 4373 [l8.]
1234 4300 1538 4355 Masculum
1582 4315 1704 4355 esse
1733 4310 1949 4371 oportet
1998 4307 2053 4353 et
2084 4298 2377 4352 admodum
2412 4299 2568 4354 virile
2608 4299 2683 4363 id,
2713 4300 2858 4371 quod
2891 4300 3118 4355 oﬁ'ertur
3151 4303 3278 4357 Deo.

96 4378 309 4443 Praeterea
334 4408 569 4448 necesse
606 4400 712 4458 est,
746 4401 805 4445 ut
845 4398 1030 4444 careat
1060 4392 1207 4444 omni
1240 4390 1395 4441 vitio.
1448 4386 1544 4443 His
1572 4389 1756 4443 verbis
1792 4387 2135 4457 signiﬁcatur
2185 4386 2439 4441 Christus
2482 4386 2576 4441 Dei
2610 4390 2875 4457 potentia,
2912 4391 3003 4457 qui
3055 4404 3280 4458 prorsus

96 4483 114 4518 α
144 4479 313 4538 peccati
349 4481 573 4534 macula
601 4487 655 4533 et
685 4479 804 4531 labe
832 4478 934 4531 fuit
980 4474 1263 4531 immitnis.
1296 4476 1574 4531 Masculus
1609 4491 1825 4545 semper
1854 4484 2015 4545 typus
2049 4483 2134 4528 est
2177 4473 2545 4543 imperatoria:
2572 4476 2848 4545 potentiae.
2881 4475 2971 4529 Sic
3000 4476 3277 4543 Christus,

96 4564 290 4623 quamvis
341 4568 641 4621 humanam
687 4576 938 4620 naturam
992 4567 1356 4635 assumpserit
1378 4574 1429 4619 et
1462 4566 1646 4619 ovium
1681 4579 1912 4618 numero
1958 4565 2028 4619 sit
2064 4563 2309 4626 habitus,
2342 4572 2583 4617 attamen
2618 4566 2848 4632 imperat
2879 4566 3154 4620 omnibus.
3190 4566 3277 4618 Vi-

94 4647 232 4713 clima,
278 4668 389 4721 qua:
425 4656 598 4709 fuerit
633 4668 805 4718 caeca,
844 4653 1191 4724 reprobatur.
1248 4653 1336 4706 Sic
1367 4653 1683 4721 quicunque
1720 4652 1922 4706 divina:
1968 4652 2249 4721 sapientiae
2289 4650 2494 4706 fuerint
2544 4659 2800 4719 expertes
2834 4667 2934 4706 nec
2969 4657 3277 4722 receperint

95 4731 489 4798 illtuninatinnem
522 4743 754 4804 Christi,
792 4758 913 4812 qua:
950 4743 1074 4797 ﬁdei
1108 4743 1417 4796 interventu
1442 4741 1685 4804 obvenit,
1725 4740 1921 4794 merito
1950 4740 2327 4810 repudiantur.
2371 4737 2527 4801 Nam,
2580 4745 2639 4791 ιιι
2685 4745 2916 4791 testatur
2964 4738 3274 4813 Scriptura,

95 4818 173 4874 «Si
213 4840 308 4880 non
339 4829 713 4893 credideritis,
746 4844 1088 4899 nequaquam
1126 4828 1441 4897 intelligetis
1468 4828 1535 4882 “.
1576 4845 1596 4879 ι
1634 4826 1941 4882 Contritum
1966 4836 2220 4881 censetur
2252 4826 2383 4879 illud
2431 4824 2653 4891 animal,
2695 4826 2839 4894 quod
2872 4840 3095 4895 prorsus
3129 4843 3277 4882 mor-

92 4906 238 4963 bosum
266 4913 441 4972 fuerit.
473 4918 548 4972 De
583 4918 785 4971 talibus
818 4916 997 4987 inquit
1030 4917 1319 4986 propheta,
1344 4916 1410 4969 de
1438 4916 1665 4980 talibus,
1694 4916 1941 4984 inquam,
1974 4915 2067 4983 qui
2101 4916 2205 4969 sub
2236 4914 2495 4969 morboso
2525 4914 2747 4968 animali
2774 4923 3272 4985 repraesentantur:

94 5009 106 5040 α
142 4992 255 5052 Ecce
289 5017 383 5073 ego
410 5003 615 5057 induco
648 5019 814 5073 super
843 5004 1100 5072 populutn
1134 5003 1281 5056 hunc
1328 5001 1725 5063 inﬁrmitatem,
1766 5010 1817 5055 et
1859 5017 1922 5056 ea
1978 5002 2309 5056 laborabunt
2335 5008 2521 5071 patres
2549 5012 2602 5056 et
2635 5002 2729 5056 lilii
2762 5020 2775 5056 :
2812 5004 3026 5058 vicinus
3073 5006 3279 5075 pariter

92 5089 129 5132 et
152 5087 403 5151 proximus
436 5091 561 5158 ejus
592 5092 851 5159 peribunt
889 5090 956 5141 ".
996 5108 1014 5140 ι
1054 5087 1155 5154 Qui
1190 5104 1319 5143 vero
1348 5089 1633 5157 justiﬁcati
1667 5088 1872 5142 fuerint
1912 5089 2219 5142 interventu
2276 5088 2398 5143 ﬁdei
2434 5097 2641 5143 canunt
2675 5106 2688 5142 :
2731 5108 2749 5140 ι
2788 5088 3065 5145 Benedicit
3095 5094 3276 5147 anima

91 5180 179 5221 mea
204 5172 493 5243 Dominum,
527 5178 620 5247 qui
649 5186 806 5232 sanat
845 5191 1037 5231 omnes
1086 5176 1307 5230 morbos
1357 5188 1514 5239 tuos;
1546 5176 1638 5245 qui
1672 5176 1891 5230 redimit
1934 5190 1998 5229 ex
2040 5177 2393 5246 corruptione
2422 5176 2586 5230 vitam
2617 5186 2767 5231 tuam
2808 5179 2874 5231 θ’.
2912 5198 2930 5230 ι
2965 5178 3279 5234 Balbutiens

88 5254 371 5330 intelligitur,
404 5266 498 5334 qui
544 5266 732 5334 nequit
766 5263 1012 5333 proloqui
1047 5262 1270 5317 verbum
1306 5262 1431 5317 ﬁdei
1488 5263 1633 5332 quod
1669 5265 2086 5318 annuntiamus.
2136 5263 2408 5320 Caeterum
2464 5264 2629 5336 37o
2681 5265 2937 5321 Christus
2982 5277 3034 5320 et
3064 5266 3164 5320 hoc
3196 5268 3279 5321 vi-

98 5340 204 5397 lium
236 5352 535 5406 emendavit
568 5361 625 5404 ut
660 5359 898 5405 testatur
945 5348 1255 5419 propheta:
1303 5367 1321 5399 ι
1368 5347 1434 5401 Ει
1468 5350 1667 5418 linguae
1705 5350 2077 5404 balbutientes
2103 5350 2251 5407 brevi
2285 5354 2501 5409 discent
2542 5355 2689 5423 loqui
2720 5368 2906 5423 pacem
2940 5355 3021 5419 "',
3065 5373 3084 5405 ι
3114 5354 3164 5407 id
3196 5366 3281 5410 est

96 5427 350 5493 Christum.
388 5439 743 5504 Formicatio,
778 5438 1056 5506 impetigo,
1092 5444 1145 5491 et
1182 5436 1450 5507 asperitas
1485 5438 1631 5491 cutis
1664 5437 1981 5507 signiﬁcant
2020 5440 2187 5493 animi
2222 5441 2351 5493 vitia
2374 5481 2389 5506 ,
2424 5456 2544 5509 quae
2573 5440 2814 5509 quotidie
2850 5454 3150 5511 augescunt
3181 5460 3281 5499 nec

96 5519 387 5581 minuuntur.
426 5528 637 5581 Animal
671 5527 921 5581 mutilum
960 5525 1006 5579 si
1034 5526 1117 5580 vel
1149 5525 1381 5579 caudam
1426 5525 1513 5580 vel
1560 5526 1835 5581 auriculas
1871 5526 2159 5596 respicias,
2191 5542 2299 5597 pra,
2332 5542 2391 5582 se
2443 5527 2548 5582 fert
2587 5528 2985 5584 inobedientem
3007 5571 3020 5596 ,
3055 5547 3153 5587 nec
3200 5540 3279 5585 ta-

132 5695 199 5773 °il
224 5701 337 5760 Cor.
370 5724 440 5773 ιι,
469 5709 559 5765 27.
642 5708 726 5761 ⁸⁷1
758 5706 885 5761 Cor.
918 5721 1006 5767 xv,
1030 5706 1117 5760 55.
1195 5705 1241 5735 ⁸³
1259 5701 1402 5757 Psal.
1424 5718 1557 5765 xvtt,
1594 5702 1683 5773 27.
1761 5704 1805 5736 ⁸⁹
1841 5702 2012 5757 lCor.
2045 5721 2098 5765 v,
2121 5705 2209 5759 il.
2242 5772 2245 5773 ν
2286 5705 2331 5735 ⁹⁰
2361 5702 2549 5756 Matth.
2586 5721 2681 5768 vn,
2710 5708 2760 5759 6.
2829 5707 2871 5738 9‘
2894 5708 3061 5762 Eccli.
3095 5724 3205 5770 xvi,
3232 5709 3268 5765 Ι,

93 5764 258 5829 "Osee
286 5792 380 5845 ut,
418 5764 471 5836 ᾖ.
548 5764 594 5814 ’³
633 5778 807 5835 lCor.
836 5795 890 5843 ι,
930 5764 1017 5831 18⁷.
1095 5776 1139 5807 ³⁵
1172 5776 1275 5831 lsa.
1314 5791 1408 5841 ιιι,
1444 5774 1497 5829 9.
1548 5764 1619 5805 ⁷⁸⁸

1653 5772 1852 5830 Jcrcm.
1881 5792 1955 5841 VI,
1987 5775 2079 5828 ﬁl.
2155 5776 2201 5806 ’°
2232 5772 2375 5828 Psal.
2407 5788 2481 5827 Cll
2504 5813 2517 5839 ,
2558 5776 2612 5830 4.
2671 5764 2731 5808 ’⁸⁷
2766 5776 2869 5831 lsa.
2904 5794 3048 5834 usit
3126 5780 3179 5831 4.
