4090 6502
621 334 729 401 ’175
1942 330 2233 391 PROCOP

2270 329 2297 389 Ι
2333 327 2578 389 ῦΑΖᾹΞΙ
3785 333 3878 400 775

628 460 750 500 men
787 457 886 516 per
916 442 1101 497 omnia
1153 439 1447 512 pulchrum
1475 446 1530 494 et
1563 438 1879 496 honestum.
1916 434 2192 509 Rejicitur
2239 436 2446 491 animal
2496 444 2694 490 natura
2720 435 3056 501 masculum,
3091 436 3138 490 si
3170 433 3354 490 ofﬁcio
3394 437 3568 493 maris
3603 439 3747 511 fungi
3793 457 3882 495 ne.

628 536 772 605 quit,
805 539 997 603 utpote
1029 529 1075 584 si
1124 528 1294 582 fuerit
1339 528 1529 583 sterile
1561 528 1644 581 vel
1680 527 1896 581 aridum
1929 538 2024 581 aut
2062 529 2174 581 alio
2206 524 2447 596 quodam
2495 526 2657 580 modo
2699 532 3029 579 castratum.
3064 523 3181 578 IIoe
3214 524 3367 579 enim
3406 525 3685 597 signiﬁcat
3721 543 3882 584 eunu-

628 626 857 679 chorum
908 618 1145 691 species.
1182 616 1329 670 Varii
1363 617 1509 671 enim
1538 618 1699 672 nobis
1745 616 2015 671 inluerent
2042 615 2297 677 amictus,
2328 617 2420 687 qui
2456 615 2645 669 multis
2687 615 2868 669 modis
2905 630 3009 669 nos
3054 616 3120 669 ad
3156 614 3537 670 inﬁrmitatem
3589 617 3878 686 impellunt.

627 711 783 777 Quod
821 709 936 763 ait:
977 726 997 760 ι
1048 705 1151 761 Per
1179 721 1402 759 manum
1440 706 1760 775 alienigenae
1794 719 1902 757 non
1937 701 2180 757 oﬂeretis
2212 704 2357 759 dona
2380 745 2395 769 ,
2432 725 2449 757 ι
2497 713 2641 768 etc.,
2676 704 3141 774 signiﬁcationem
3186 704 3379 769 habet,
3414 706 3566 775 quod
3597 720 3690 774 per
3716 709 3879 763 solum

627 800 909 855 Christum
944 796 1235 851 adeundus
1266 796 1337 851 sit
1366 793 1551 855 Pater,
1588 811 1615 847 a
1655 809 1767 862 quo
1796 792 2018 846 adducti
2068 807 2262 848 sumus
2304 793 2369 848 ad
2404 793 2621 847 Patrem
2656 794 2712 847 in
2748 791 2982 862 Spiritu.

697 913 765 968 Et
796 913 895 966 erit
924 919 1121 979 septem
1154 908 1338 963 diebus
1358 909 1451 961 sub
1470 900 2362 973 matresna,etc.[XXII,27.]Qua:
2383 910 2641 971 spectant
2677 900 2744 955 ad
2776 902 3297 972 interpretationem
3332 900 3507 969 hujus
3542 916 3753 964 versus.
3789 918 3880 959 sae.

628 1018 754 1074 plus
786 1000 1120 1056 tradidimus
1154 999 1211 1053 in
1245 998 1403 1057 locis,
1449 1010 1573 1063 qua:
1608 1010 1718 1047 non
1754 993 2145 1062 discrepabant
2201 992 2269 1045 ab
2312 993 2441 1046 hoc.
2499 991 2634 1047 Nam
2689 993 2793 1048 sub
2824 993 2927 1046 hoc
2962 993 3250 1047 involucro
3284 993 3449 1046 nobis
3504 993 3678 1061 aperit
3723 993 3880 1051 Moses

626 1108 777 1156 eum,
818 1091 912 1161 qui
948 1088 1132 1142 adhuc
1175 1096 1261 1141 est
1294 1084 1481 1139 infans
1517 1096 1569 1140 et
1601 1083 1858 1137 inﬁrmus
1892 1094 1943 1137 et
1980 1082 2139 1136 lactis
2198 1088 2327 1150 potu
2377 1080 2559 1135 adhuc
2598 1098 2739 1152 opus
2774 1083 2959 1145 habet,
3018 1090 3076 1134 ut
3114 1091 3240 1136 utar
3268 1082 3460 1136 verbis
3522 1080 3674 1135 Pauli
3706 1082 3780 1136 ⁸⁸.
3825 1086 3882 1138 At

626 1182 779 1235 hunc
812 1178 1123 1249 perfectum
1161 1174 1402 1230 reddidit
1433 1173 1693 1227 Christus
1734 1188 1830 1241 per
1880 1187 2034 1225 suam
2088 1172 2575 1226 resurrectionem.
2632 1170 2766 1225 Nam
2819 1179 3048 1225 octavus
3083 1171 3201 1226 dies
3233 1170 3491 1225 succedit
3523 1173 3771 1239 septimo,
3800 1176 3878 1243 qui

627 1270 877 1323 continet
918 1274 1135 1334 tempus
1181 1263 1317 1332 legis
1358 1270 1413 1317 et
1462 1261 1746 1315 carnalem
1785 1260 2018 1313 cultum.
2060 1259 2404 1328 Quapropter
2439 1260 2609 1313 dicit:
2666 1277 2684 1310 t
2729 1260 2863 1312 Cum
2906 1260 3185 1313 exaltatus
3237 1258 3397 1313 fuero
3444 1268 3676 1322 eterra,
3708 1276 3881 1318 omnes

632 1358 845 1411 traham
876 1355 946 1408 ad
980 1370 1066 1408 me
1096 1353 1165 1408 θ’.
1198 1372 1217 1405 ι
1250 1350 1315 1404 Ει
1352 1368 1365 1404 :
1404 1370 1421 1402 ι
1466 1350 1579 1404 Nisi
1626 1365 1861 1419 granum
1908 1348 2171 1403 frumenti
2221 1347 2275 1401 in
2325 1357 2471 1401 terra
2498 1356 2799 1402 ‘tnortuum
2839 1348 3029 1410 fuerit,
3066 1349 3247 1418 ipsum
3288 1350 3545 1402 manebit
3577 1349 3746 1402 solum
3795 1350 3826 1404 ⁸.
3859 1371 3874 1404 i

629 1444 697 1498 Et
736 1441 1207 1513 quemadmodum
1243 1440 1409 1495 etiam
1447 1437 1759 1493 Jndzcorum
1804 1441 2092 1508 Synagoga
2128 1438 2307 1491 noluit
2340 1437 2571 1491 interire
2608 1454 2714 1490 tina
2749 1452 2873 1490 cum
2907 1436 3025 1491 suis
3068 1436 3473 1490 sectatoribus.
3505 1432 3641 1488 Nam
3684 1438 3879 1491 univcr-

627 1550 725 1591 sus
757 1532 923 1588 Israel
957 1532 1193 1586 salutem
1243 1536 1616 1598 consequetur
1655 1538 1778 1595 pust
1820 1527 2203 1595 impletionem
2246 1524 2518 1595 gentium.
2567 1522 2916 1577 Demonstrat
2957 1537 3178 1592 quoque
3223 1532 3481 1576 mutuam
3519 1524 3758 1588 illorutn,
3800 1528 3876 1595 qui

627 1622 809 1678 adhuc
858 1620 1192 1688 superstites
1225 1627 1373 1679 sunt,
1412 1616 1833 1671 successionem
1882 1614 2124 1682 generis,
2156 1628 2223 1666 ne
2268 1627 2467 1667 omnes
2500 1626 2609 1665 una
2648 1612 2855 1682 pariter
2889 1612 3187 1666 intereant.
3231 1609 3368 1665 Nam
3421 1612 3614 1665 tnundi
3676 1630 3877 1681 genera-

628 1712 815 1766 tiones
856 1708 1133 1765 salutares
1190 1714 1342 1760 sunt.
1406 1704 1676 1758 Caaterum
1760 1706 1866 1755 ista
1922 1701 2109 1754 omnia
2161 1712 2486 1772 congruunt
2546 1700 2793 1765 Christo,
2857 1717 2955 1772 per
3007 1716 3171 1771 quem
3211 1700 3449 1754 humani
3500 1702 3718 1770 generis
3777 1717 3879 1755 ror-

631 1807 797 1869 rupta
846 1797 1008 1852 radix
1065 1795 1264 1851 iterum
1312 1790 1558 1846 refloruit
1603 1791 1668 1844 ad
1717 1790 1975 1846 salutem.

698 1911 823 1967 Non
856 1910 1163 1980 relinquetis
1185 1910 1248 1961 de
1272 1909 1521 1961 carnibus
1554 1923 1717 1977 usque
1742 1907 1794 1959 in
1822 1906 2271 1967 crastinum,elc.
2314 1901 2508 1975 [XXI],
2544 1900 2660 1973 50.]
2698 1899 3044 1972 Scripturam
3074 1917 3287 1958 sacram
3324 1902 3475 1956 haud
3525 1899 3666 1972 fugit
3702 1902 3875 1972 duplex

621 2001 709 2055 vel
758 2000 959 2069 triplex
1012 2013 1139 2051 esse
1202 2006 1445 2064 tempus,
1506 1994 1678 2047 sicuti
1751 1993 2077 2062 przcdictum
2126 2000 2233 2055 est,
2268 1994 2524 2047 videlicet
2565 1992 2703 2061 legis
2769 2001 2822 2045 et
2855 1992 3091 2055 Christi,
3122 2001 3175 2047 et
3214 1993 3623 2062 prephetarum
3668 2003 3875 2060 tempuS,

625 2089 771 2160 quod
827 2089 880 2141 in
942 2085 1128 2141 medio
1201 2085 1337 2153 legis
1364 2090 1420 2137 et
1466 2082 1672 2136 Christi
1706 2080 1974 2135 decurrit.
2008 2078 2211 2133 Verum
2260 2097 2402 2135 unus
2450 2079 2554 2133 fuit
2599 2079 2785 2134 cultus
2810 2087 2921 2132 tam
2963 2080 3099 2151 legis
3132 2096 3296 2150 quam
3339 2082 3761 2150 prephetarum,
3794 2085 3871 2149 qui

623 2178 852 2246 quidem
886 2175 1077 2230 cultus
1132 2172 1545 2243 reprobabatur
1577 2169 1862 2222 exoriente
1891 2166 2138 2233 Christo,
2165 2169 2258 2236 qui
2291 2169 2609 2223 intellectus
2644 2168 2735 2220 lux
2774 2175 2882 2222 est.
2922 2166 3205 2238 I’ra-cepit,
3248 2178 3327 2231 ut,
3361 2169 3527 2221 sicuti
3557 2183 3746 2221 carnes
3771 2170 3874 2237 agni

624 2265 902 2335 paschalis
935 2276 1045 2315 uno
1088 2260 1464 2314 absumuntur
1506 2257 1615 2321 die,
1649 2258 1730 2309 sic
1769 2256 1938 2310 etiam
1976 2257 2214 2310 victima:
2251 2257 2429 2311 laudis
2458 2273 2566 2309 uno
2597 2254 2835 2309 edantur
2865 2256 2976 2316 die.
3012 2273 3192 2325 neque
3234 2257 3546 2326 quidquam
3595 2268 3877 2310 reservetur

622 2354 681 2408 in
711 2352 1039 2407 crastinum.
1075 2347 1220 2401 Laus
1262 2346 1531 2416 siquidem
1565 2344 1658 2399 Dei
1696 2354 1780 2399 est
1811 2344 1945 2412 vita,
1990 2362 2112 2416 qua:
2152 2345 2410 2401 Obveniet
2466 2346 2519 2399 in
2563 2344 2748 2399 futuro
2785 2343 3009 2411 saeculo,
3050 2344 3106 2399 in
3150 2360 3259 2416 qua
3298 2347 3514 2399 nullum
3550 2347 3874 2400 mortalitatis

626 2440 868 2497 exstabit
912 2436 1149 2508 amplius
1181 2435 1495 2504 vestigium.

696 2547 764 2602 In
795 2551 968 2616 primo
1002 2560 1175 2599 mense
1208 2553 1257 2597 et
1282 2545 1488 2597 decimo
1512 2555 1703 2614 quarto
1734 2544 1841 2607 die,
1872 2551 1981 2598 etc.
2028 2541 2220 2616 [XXIII
2243 2585 2257 2610 ,
2303 2541 2381 2614 5.]
2413 2541 2485 2597 De
2519 2541 2808 2598 Paschatis
2840 2541 2983 2597 festo
3015 2555 3119 2597 nec
3150 2556 3260 2596 non
3294 2540 3533 2612 reliquis
3567 2541 3873 2597 celebritati-

625 2639 729 2693 bus
768 2635 1173 2705 disputavimus
1204 2634 1392 2689 multis
1432 2633 1486 2687 in
1520 2632 1730 2688 Exodo.
1760 2633 1865 2688 Sed
1903 2633 2029 2703 quia
2064 2634 2152 2686 hic
2178 2634 2426 2702 qmedam
2459 2639 2784 2695 occurrunt,
2824 2647 2949 2702 quae
2990 2632 3265 2702 pertinent
3302 2631 3373 2686 ad
3412 2632 3718 2687 secundum
3751 2639 3869 2684 tem-

625 2742 751 2796 pus,
778 2739 841 2779 ea
876 2724 1055 2779 obiter
1087 2720 1409 2792 exponenda
1441 2729 1628 2787 erunt,
1660 2721 2043 2775 antecedentia
2075 2722 2313 2776 breviter
2339 2722 2797 2792 perstringemus.
2835 2719 2972 2773 Nam
3037 2720 3293 2776 Christus
3347 2720 3604 2789 primitiaa
3647 2734 3871 2774 censean-

623 2820 901 2869 renovatae
941 2811 1325 2875 humanitatis,
1352 2811 1445 2880 qui
1507 2810 1682 2864 instar
1718 2810 1982 2879 manipuli
2027 2810 2245 2864 oblatus
2278 2819 2381 2863 est.
2416 2808 2474 2862 In
2531 2809 2651 2878 ipso
2682 2810 2827 2863 enim
2865 2806 3218 2864 relloruimus
3252 2816 3306 2863 et
3341 2810 3652 2863 revisimus
3713 2808 3870 2863 instar

624 2902 942 2961 aristarum,
977 2897 1044 2953 de
1073 2898 1274 2967 quibus
1325 2899 1397 2951 ita
1450 2897 1740 2967 loquitur:
1780 2916 1797 2948 t
1856 2897 2100 2967 Aspicite
2151 2899 2419 2967 regiones,
2454 2897 2583 2965 quia
2632 2896 2769 2950 albae
2803 2905 2935 2950 sunt
2985 2896 3053 2950 ad
3112 2912 3349 2951 messem
3384 2898 3427 2951 ’.
3469 2916 3489 2948 ι
3535 2897 3652 2966 Ipse
3676 2911 3868 2967 quoque

622 2987 880 3043 Christus
907 2994 991 3041 est
1020 2985 1420 3056 primogenitus
1451 3001 1519 3040 ex
1564 2986 1820 3048 mortuis,
1848 2986 1941 3055 qui
1976 2986 2224 3040 ascendit
2259 2986 2309 3038 in
2341 2987 2563 3049 CtBlllII],
2596 2994 2656 3039 ut
2683 2993 2943 3054 precetur
2980 3000 3081 3054 pro
3112 2986 3272 3041 nobis
3299 2984 3549 3049 Patrem,
3582 3000 3679 3055 pro
3710 2985 3867 3050 nobis,

622 3077 873 3147 inquam,
914 3089 1053 3145 quos
1086 3074 1286 3142 dignos
1330 3074 1492 3128 Pater
1517 3074 1810 3143 judicavit,
1864 3084 1921 3127 ut
1961 3090 2063 3144 pro
2093 3076 2253 3129 nobis
2296 3074 2661 3128 intercederet
2687 3074 2973 3129 Christus.
3019 3073 3288 3129 Caeterum
3325 3074 3412 3128 lex
3445 3074 3609 3127 etiam
3650 3085 3869 3127 resurre-

622 3165 822 3221 ctionis
852 3171 1067 3233 tempus
1101 3163 1259 3218 nobis
1293 3162 1612 3217 delineavit.
1648 3160 1903 3217 Crastino
1946 3165 2090 3217 enim
2122 3163 2209 3217 die
2242 3163 2346 3217 diei
2383 3162 2569 3232 primi,
2600 3163 2698 3217 ait.
2741 3164 2810 3216 At
2844 3165 3040 3219 tertius
3077 3163 3218 3227 dies,
3267 3164 3319 3217 in
3364 3179 3531 3234 quem
3563 3160 3868 3217 resurrectio

623 3253 858 3309 incurrit
881 3293 894 3313 ,
932 3251 1130 3305 tertius
1161 3251 1300 3316 dies,
1338 3266 1439 3306 nec
1463 3252 1741 3307 crastinus
1777 3268 1804 3305 a
1830 3252 2007 3321 primo
2034 3261 2137 3307 est.
2168 3252 2343 3307 Simili
2376 3254 2587 3307 ratione
2619 3254 2664 3307 is
2692 3254 2809 3309 dies
2836 3254 3198 3309 adumbratur
3240 3269 3337 3324 per
3370 3254 3688 3323 praedictum
3724 3265 3867 3305 noro-

621 3358 744 3399 rum
819 3339 1099 3394 fructuum
1157 3349 1397 3410 tempus,
1459 3355 1570 3409 quo
1637 3340 1874 3410 primum
1936 3342 2146 3409 peccati
2206 3352 2479 3396 senectam
2534 3344 2689 3397 exuit
2740 3344 2926 3399 homo.
2984 3342 3223 3399 Proinde
3291 3343 3474 3413 inquit
3511 3360 3525 3396 :
3560 3361 3579 3393 ι
3644 3341 3865 3395 Exsultct

623 3430 807 3484 anima
844 3443 962 3481 mea
993 3429 1048 3481 in
1098 3426 1233 3481 Deo.
1297 3426 1483 3481 Induit
1516 3429 1664 3482 enim
1721 3444 1807 3481 me
1839 3440 1988 3483 veSte
2038 3431 2255 3493 salutis,
2304 3438 2359 3482 et
2412 3428 2599 3482 tunica
2663 3431 2863 3486 laetitia:
2919 3432 2975 3498 ⁸;
3012 3450 3031 3483 ι
3071 3432 3274 3501 quibus
3332 3432 3523 3487 verbis
3583 3430 3866 3485 ostenditur

622 3518 1013 3573 immortalitas
1059 3556 1073 3579 ,
1152 3532 1317 3585 quam
1406 3516 1841 3571 resurrectionis
1930 3516 2196 3571 beneficio
2273 3520 2691 3588 consequimur.
2765 3522 2970 3575 Iterum
3053 3522 3334 3593 appellare
3410 3522 3540 3576 licet
3614 3520 3862 3575 Christum

623 3607 916 3677 primitias.
994 3604 1223 3670 Rapitur
1288 3603 1435 3658 enim
1504 3619 1568 3658 ex
1626 3618 1788 3673 grege
1858 3613 1917 3657 ut
1981 3596 2102 3660 ovis
2173 3606 2308 3661 vitio
2362 3622 2558 3662 carens
2630 3610 2746 3664 sive
2815 3610 3341 3677 irreprehensibilis.
3410 3609 3641 3678 Rapitur
3715 3606 3851 3676 371

622 3702 807 3749 autem
860 3709 926 3747 ex
964 3707 1129 3762 grege
1180 3691 1304 3745 vivo
1356 3691 1409 3744 in
1442 3691 1777 3762 pinguedine
1810 3693 1998 3762 gratiae
2025 3704 2080 3747 et
2114 3693 2298 3749 laztitia
2337 3696 2589 3765 spiritus.
2637 3697 2982 3767 QuaprOpter
3012 3698 3210 3764 simila,
3244 3700 3427 3753 oleum
3459 3700 3742 3765 vinumque
3772 3708 3853 3747 una

620 3794 746 3834 cum
775 3794 876 3834 ove
893 3778 1224 3832 offeruntur.
1256 3776 1503 3833 Offertur
1534 3788 1717 3834 autem
1738 3781 1897 3849 quasi
1928 3781 1982 3835 in
2011 3797 2149 3850 pane
2174 3791 2229 3836 et
2252 3783 2423 3853 spicis
2453 3784 2635 3839 frixis.
2667 3784 2817 3839 Nova
2842 3786 3115 3857 siquidem
3140 3800 3221 3841 est
3256 3802 3528 3857 compeis
3553 3804 3602 3847 ο,
3634 3788 3856 3850 adquam

622 3882 727 3923 nos
758 3865 1147 3929 reformantur,
1178 3875 1336 3922 vetus
1365 3863 1697 3922 Iermentum
1728 3868 2087 3938 deponentes,
2118 3881 2175 3923 ut
2208 3872 2382 3927 simus
2415 3888 2555 3926 nova
2596 3874 2923 3942 conSpcrsio
2958 3874 3000 3927 ⁸.
3030 3873 3172 3928 Idem
3210 3874 3556 3931 demonstrat
3585 3873 3751 3944 panis,
3779 3866 3854 3937 qni

618 3956 849 4010 offertur
881 3971 947 4010 ex
985 3956 1143 4009 novis
1176 3953 1449 4009 fructibus
1474 3956 1838 4025 compositus.
1866 3956 2121 4012 Christus
2152 3959 2358 4014 etenim
2395 3963 2609 4031 paravit
2640 3964 2802 4018 nobis
2837 3964 2980 4017 viam
3003 3974 3299 4031 recentem,
3325 3966 3487 4035 cujus
3513 3975 3716 4031 tempus
3743 3962 3853 4013 dum

618 4052 1010 4113 exspectamus
1040 4057 1149 4097 non
1186 4042 1313 4097 licet
1346 4044 1505 4097 novis
1538 4043 1686 4098 vesci
1718 4043 2016 4110 fructibus,
2048 4046 2223 4103 donec
2254 4050 2573 4115 manipulus
2618 4052 2905 4108 offeratur.
2948 4052 3087 4107 Tum
3126 4053 3347 4108 demum
3395 4054 3687 4123 poterimus
3718 4061 3852 4102 nunc

618 4132 919 4201 participes
945 4132 1059 4185 ﬁeri
1091 4132 1233 4185 vitae.
1271 4130 1596 4186 Dinumerat
1625 4147 1844 4202 quoque
1876 4133 2056 4189 Moses
2096 4146 2351 4191 sanctum
2390 4139 2749 4196 Pentecostes
2787 4140 2990 4196 festum
3025 4158 3053 4195 a
3086 4145 3499 4198 resurrectione
3529 4148 3735 4210 sumpto
3759 4136 3849 4189 iui-

620 4220 719 4273 tio.
753 4216 888 4271 Nam
919 4218 1343 4272 resurrectionis
1380 4226 1602 4289 tempus
1633 4220 1899 4275 transfert
1936 4223 2311 4278 sanctiﬁcatos
2342 4226 2397 4281 in
2444 4229 2642 4285 soiritu
2674 4243 2760 4292 eo,
2799 4237 2858 4284 ut
2893 4230 3105 4300 possint
3140 4229 3353 4284 fructus
3386 4232 3527 4286 ferre
3554 4228 3655 4283 Deo
3686 4227 3733 4279 iu
3763 4239 3847 4278 no-

617 4320 684 4361 va
720 4309 853 4360 vita.
887 4304 1066 4361 Panes
1100 4306 1209 4361 duo
1242 4315 1422 4372 erant,
1475 4309 1568 4378 qui
1600 4308 1984 4366 conflabantur
2012 4329 2078 4367 ex
2105 4315 2263 4370 novis
2292 4314 2589 4371 fructibus.
2626 4317 2720 4373 Sic
2772 4318 2881 4372 duo
2915 4330 3043 4372 sunt
3086 4318 3294 4387 pepuli,
3325 4320 3424 4389 qui
3470 4317 3689 4373 salutem
3737 4318 3845 4367 sunt

615 4394 827 4464 adepti,
868 4403 923 4449 et
948 4394 1015 4448 ad
1042 4395 1165 4449 fidei
1195 4396 1462 4451 unitatem
1496 4398 1723 4452 adducti
1747 4410 1875 4455 sunt
1906 4416 2004 4471 per
2035 4402 2344 4468 Christum,
2377 4403 2474 4459 sed
2525 4404 2933 4475 quodammodo
2970 4414 3100 4461 sunt
3142 4406 3452 4460 fermentati
3487 4411 3726 4461 cessante
3752 4400 3843 4452 fer-

616 4493 806 4538 mento
845 4483 1037 4537 veteri.
1068 4482 1204 4538 Nam
1249 4483 1538 4555 Scriptura
1568 4502 1724 4542 sacra
1753 4490 1904 4543 novit
1938 4491 2105 4545 etiam
2132 4492 2335 4547 bonum
2371 4493 2729 4559 fermentum,
2764 4495 2846 4549 sic
2896 4495 3223 4566 appellitans
3263 4497 3568 4551 doctrinam
3600 4488 3841 4559 evangeli-

614 4588 735 4626 cam
772 4591 786 4627 :
834 4592 853 4624 ι
901 4572 1093 4628 Simile
1136 4574 1280 4627 enim
1311 4584 1398 4629 est
1428 4591 1655 4645 regnum
1689 4580 1956 4632 caelorum
1999 4578 2295 4646 fermento,
2328 4583 2471 4651 quod
2508 4583 2796 4637 abscondit
2836 4585 3034 4639 mulier
3065 4585 3117 4638 in
3154 4585 3341 4639 farinae
3382 4595 3497 4639 sala
3534 4583 3655 4639 tria.
3688 4580 3837 4632 donec

613 4667 788 4714 totum
829 4661 1188 4715 l'ertnentetur
1209 4664 1251 4715 ⁸.
1292 4681 1310 4715 ι
1352 4661 1483 4717 Nam
1522 4666 1885 4722 transformat
1912 4668 1977 4721 ad
2022 4684 2177 4724 suam
2216 4671 2606 4740 proprietatem
2635 4671 2810 4740 ipsam
2838 4672 3104 4736 animam,
3137 4684 3410 4742 quatenus
3447 4674 3596 4727 decet
3629 4669 3837 4722 fermen-

614 4750 719 4803 tari
760 4748 900 4803 duos
933 4752 1188 4819 populos.
1223 4752 1300 4805 Ex
1326 4750 1540 4809 duabus
1570 4765 1752 4810 autem
1812 4758 2050 4811 sumitur
2078 4757 2327 4821 decimis,
2381 4768 2487 4812 etc.
2524 4756 2807 4828 Siquidem
2857 4759 3105 4814 binarius
3138 4761 3345 4815 indicat
3378 4771 3611 4815 nostram
3645 4755 3837 4810 institu-

612 4838 839 4892 tionem.
876 4836 1011 4891 Nam
1038 4839 1325 4894 erudimur
1354 4842 1473 4910 lege
1501 4852 1557 4897 et
1582 4842 1879 4915 Evangelia
1909 4853 2169 4916 tanquam
2204 4845 2521 4901 sacerdotes
2548 4846 2600 4899 in
2660 4849 2785 4900 vitae
2820 4848 3119 4902 novitatem
3153 4856 3526 4904 transeuntes.
3556 4846 3613 4899 Et
3648 4845 3739 4897 hoc
3764 4848 3831 4893 est

609 4926 759 4995 quod
800 4926 1005 4981 dicitur
1040 4945 1059 4977 ι
1100 4929 1298 4983 Scriba
1338 4932 1431 4999 qui
1462 4930 1737 5001 depromit
1762 4949 1828 4987 ex
1869 4934 2132 4988 thesauro
2166 4950 2267 4989 suo
2299 4942 2485 4988 vetera
2519 4941 2572 4987 ct
2603 4948 2741 4987 nova
2763 4935 2805 4987 °.
2852 4956 2869 4986 ι
2909 4934 3128 5005 Septem
3155 4939 3279 5007 agni
3315 4929 3829 5008 reprtesentantﬁdeo

614 5014 751 5069 lium
786 5029 1005 5085 gregem
1035 5016 1198 5085 quasi
1246 5017 1430 5073 adhuc
1463 5019 1729 5075 infantem
1760 5021 1812 5074 in
1839 5021 2085 5077 Christo.
2115 5022 2190 5075 At
2213 5024 2258 5078 is
2282 5037 2415 5093 grex
2454 5023 2505 5075 in
2537 5021 2857 5078 fortitudine
2889 5026 3166 5094 spiriluali
3198 5028 3445 5095 procedit
3470 5025 3532 5079 ad
3575 5018 3827 5093 perfectio-

609 5115 735 5155 nem
787 5108 841 5155 et
873 5101 941 5155 ad
996 5117 1317 5158 mensuram
1350 5106 1527 5159 aetatis
1569 5106 1928 5175 plenitudinis
1963 5109 2231 5163 Christi'.
2260 5111 2530 5165 Caeterum
2567 5111 2877 5181 symbolum
2921 5110 3279 5182 perfectionis
3321 5126 3377 5169 et
3406 5108 3727 5169 fortitudinis
3758 5107 3828 5155 cst

607 5189 853 5255 vitulus;
914 5188 1171 5259 perfectae
1218 5207 1350 5247 vero
1380 5194 1558 5247 aetatis
1584 5196 1889 5265 symbolum
1927 5205 2119 5265 putato
2148 5198 2369 5254 arietes.
2405 5199 2540 5253 Nam
2584 5200 2770 5255 ﬁdeles
2803 5200 3021 5255 fortiter
3053 5211 3269 5257 terrena
3298 5210 3613 5274 superantes
3635 5195 3693 5248 ad
3719 5205 3823 5261 ρετ·

608 5274 903 5331 fectionem
938 5277 1311 5333 Christianam
1361 5281 1615 5335 tendunt.
1646 5281 1771 5336 Haec
1800 5294 1981 5337 autem
2014 5284 2284 5355 perfectio
2318 5287 2578 5343 consistit
2610 5289 2666 5342 in
2708 5304 2877 5358 opere
2908 5300 2962 5343 et
2994 5291 3214 5353 notitia,
3270 5294 3430 5345 sicuti
3457 5287 3822 5343 demonstratur

606 5364 710 5419 sub
771 5366 1023 5437 sytnbolo
1086 5366 1324 5420 duorum
1359 5367 1662 5425 hircorum.
1698 5368 1832 5424 Nam
1873 5372 1952 5426 ait
1986 5389 1998 5425 :
2036 5392 2054 5424 ‹
2092 5373 2195 5440 Qui
2246 5376 2437 5431 fecerit
2464 5385 2519 5430 et
2576 5376 2848 5443 docuerit,
2884 5377 2975 5434 ille
3007 5395 3238 5449 magnus
3271 5378 3549 5433 vocabitur
3576 5373 3625 5426 in
3681 5376 3821 5434 regno

604 5454 877 5509 etelorum
904 5454 950 5509 ³.
985 5473 1006 5506 ι
1055 5452 1224 5510 Tales
1265 5455 1566 5510 comitatur
1589 5458 1800 5524 laetitia,
1834 5476 1997 5530 quam
2030 5463 2191 5517 nobis
2222 5464 2276 5517 in
2312 5472 2548 5520 mentem
2582 5475 2781 5519 vocant
2817 5467 3078 5523 libamina
3119 5469 3255 5523 vini.
3292 5467 3435 5522 Dicit
3464 5464 3598 5522 enim
3635 5451 3813 5509 David:

521 5550 524 5552 ⁷
607 5558 629 5595 ι
665 5540 869 5598 Vinum
925 5542 1168 5599 Izntiﬁcat
1192 5558 1288 5599 cor
1317 5544 1564 5600 hominis
1593 5548 1636 5601 ν.
1676 5564 1694 5597 ι
1730 5545 1834 5602 Per
1878 5549 2091 5605 hircum
2127 5554 2288 5607 nobis
2322 5555 2652 5624 proponitur
2683 5555 2939 5610 Christus
2972 5571 3172 5612 CJ:SIIS.
3219 5555 3325 5612 Pro
3360 5551 3591 5628 peccatis
3620 5542 3797 5600 nostris

752 5737 916 5821 Ilebr.
956 5754 1009 5806 v,
1038 5739 1157 5821 ΛΤ).
1208 5811 1226 5821 Δ
1259 5738 1494 5821 ffIJpa‘n‘.
1529 5740 1790 5821 mitti?“
1891 5744 1909 5775 ί
1959 5745 2093 5821 ibid.
2128 5746 2266 5821 QI.__
2326 5746 2543 5821 ’Jnan.
2582 5766 2656 5814 iv,
2689 5751 2778 5805 '55.
2890 5754 2910 5785 ³
2941 5753 3046 5808 Isa.
3085 5770 3201 5815 LXI.
3257 5757 3344 5813 I0.
3447 5757 3469 5789 ⁸
3498 5754 3519 5810 Ι
3544 5751 3657 5807 Cor.
3687 5757 3734 5806 ν,
3766 5735 3808 5791 τι

601 5808 623 5841 ⁸
651 5808 849 5865 Matth.
876 5825 995 5883 sit},
1038 5810 1128 5866 53.
1207 5811 1394 5868 ‘ibid.
1423 5811 1511 5865 52.
1592 5812 1610 5844 ⁷
1652 5811 1857 5883 Ephes.
1892 5832 1942 5883 v,
2012 5817 2093 5872 I3.
2171 5820 2192 5850 ⁸
2220 5817 2415 5875 Matth.
2479 5838 2532 5885 v,
2575 5808 2655 5878 l9.
2733 5824 2754 5855 ⁹
2804 5824 2949 5881 Psal.
2983 5808 3106 5894 cvv,
3140 5808 3225 5883 13.
