4090 6506
230 374 356 435 777
1106 376 1118 389 ’
1268 372 1809 433 COMMENTARII

1890 372 1929 430 N
1978 372 2417 434 LEVITICUM.
3402 376 3505 437 778

224 496 293 538 ut
334 484 490 539 nobis
516 484 873 540 fundamenta
908 500 1061 538 novze
1088 486 1304 554 jaceret
1329 486 1452 539 vita:
1492 497 1543 540 et
1573 502 1769 541 novam
1798 500 1899 539 nos
1949 484 2159 538 faceret
2190 484 2642 555 conspersionem
2703 484 2934 554 dcpniso
2990 486 3163 540 veteri
3211 485 3503 548 fermento.

220 572 373 626 Nam
407 589 531 626 cum
560 574 781 628 duobus
808 575 1045 643 panibus
1074 574 1326 627 offertur.
1363 573 1648 643 Siquidem
1681 591 1699 623 ι
1732 573 2051 642 Consepulti
2079 588 2273 627 smnus
2304 588 2429 626 cum
2459 587 2526 627 eo
2560 588 2655 643 per
2676 573 3007 644 baptismum
3048 575 3101 627 in
3135 586 3391 641 mortem,
3422 587 3503 642 ut,
3540 582 3571 635 ii
3604 585 3611 590 ’

217 661 703 731 quemadmodum
768 664 1047 717 excitatus
1083 670 1169 717 est
1222 662 1478 716 Christus
1516 677 1612 731 per
1642 661 1870 730 gloriam
1907 661 2113 724 Patris,
2137 661 2218 715 sic
2237 670 2295 716 et
2327 675 2431 715 nos
2457 661 2511 715 in
2562 663 2809 717 novitate
2843 661 2969 717 vitze
2998 663 3347 719 ambulemus
3374 666 3437 719 ⁸⁸.
3479 686 3499 718 ι
3542 650 3549 655 ’

218 748 354 803 Non
392 758 573 804 tamen
627 759 712 805 est
748 760 807 804 ut
842 752 1122 819 intelligas
1155 760 1440 803 externam
1487 750 1845 819 sepulturam.
1902 747 2161 804 Necanda
2194 756 2325 804 sunt
2361 749 2630 809 membra,
2668 764 2791 818 quae
2815 759 2942 804 sunt
2973 766 3139 819 super
3165 761 3334 807 terra.
3368 751 3504 810 Vide

220 836 426 906 igitur,
465 838 658 893 occiso
691 839 849 893 hirco
907 838 1321 893 interficiuntur
1372 846 1428 891 et
1460 838 1609 905 agni,
1640 852 1859 905 tntaque
1905 836 2213 893 offeruntur
2239 852 2419 907 panes
2442 837 2496 892 in
2521 838 2745 891 odorem
2781 837 2938 892 bona:
2975 837 3313 907 fragrantiae.
3366 841 3504 898 Nam

217 926 575 979 consecratio
620 926 825 981 Christi
863 926 1270 994 quodammodo
1301 936 1453 995 grata
1492 932 1546 978 et
1578 934 1805 993 accepta
1822 926 2072 991 est,dum
2107 925 2403 995 respondet
2428 926 2667 996 passioni
2688 926 2830 993 ejus.
2856 927 2912 981 Si
2947 943 3055 981 una
3073 943 3200 985 cum
3235 929 3332 984 illo
3360 931 3505 999 pati-

218 1030 378 1080 mur,
409 1030 515 1068 una
542 1031 667 1069 cum
702 1015 797 1069 illo
826 1015 1199 1085 regnabimus.
1231 1015 1287 1068 Si
1314 1030 1421 1068 una
1452 1030 1574 1068 cum
1599 1014 1690 1066 illo
1719 1015 2009 1081 morimur,
2050 1030 2158 1069 una
2204 1031 2330 1069 cum
2356 1015 2450 1069 illo
2482 1014 2751 1069 vivemus.
2782 1013 3127 1086 Quapmpter
3168 1018 3504 1071 sacrilicium

216 1102 333 1158 hoc
398 1113 625 1159 vocatur
684 1105 905 1160 salutis.
956 1103 1127 1158 Porro
1162 1105 1252 1156 hin
1285 1111 1371 1159 est
1401 1118 1660 1156 mensura
1692 1118 1786 1158 sex
1810 1104 2154 1171 cyathorum.

294 1189 369 1244 In
394 1209 567 1245 mense
597 1192 820 1259 septimo
848 1193 903 1245 in
931 1208 1035 1245 uno
1062 1190 1279 1253 mensis,
1310 1191 1413 1243 erit
1437 1188 1579 1242 vobis
1617 1190 1840 1259 requies,
1864 1199 1969 1242 etc.
1992 1186 2109 1259 {24]
2137 1184 2368 1241 Videtur
2390 1188 2495 1242 hoc
2529 1188 2650 1240 loco
2674 1186 2973 1257 praedicere
2997 1187 3503 1242 consummationis

219 1283 477 1347 tempus.
512 1293 622 1347 quo
682 1280 926 1348 quilibet
964 1278 1478 1333 remunerationem
1537 1276 1773 1343 au-ipiet
1831 1290 2021 1328 eorum
2072 1292 2193 1345 quae
2247 1276 2333 1328 hic
2378 1285 2638 1344 Operatns
2666 1284 2770 1329 est.
2824 1274 2977 1329 Tum:
3010 1277 3211 1329 recedit
3238 1275 3502 1345 opcramli

216 1372 471 1435 tempus.
504 1375 558 1419 et
590 1366 791 1435 judicii
821 1374 1121 1435 tempestas
1149 1362 1389 1428 accedit,
1422 1365 1477 1417 in
1507 1379 1614 1432 qua
1648 1363 1781 1416 nihil
1817 1364 2054 1431 amplius
2085 1364 2304 1431 operari
2341 1364 2552 1423 licebit.
2586 1364 2681 1417 illo
2709 1372 2956 1431 tempore
2986 1363 3145 1417 nobis
3175 1365 3229 1417 in
3258 1374 3501 1417 mentem

218 1454 415 1507 Veniet
449 1452 579 1506 illud
599 1454 803 1508 Christi
827 1473 842 1509 :
863 1473 881 1505 ι
910 1452 1090 1508 Nolite
1123 1453 1279 1507 vobis
1310 1452 1576 1523 colligere
1608 1464 1901 1504 thesauros
1934 1451 1987 1503 in
2026 1460 2192 1516 terra,
2226 1451 2314 1505 ubi
2356 1452 2501 1507 tinea
2531 1460 2584 1505 et
2609 1466 2795 1519 aerugo
2829 1451 3089 1520 furesque
3116 1461 3503 1520 corrumpunt,

217 1542 322 1596 sed
364 1544 419 1595 in
468 1542 625 1597 coalis
651 1542 753 1596 ‘°".
781 1561 800 1595 ι
834 1541 1275 1596 ltecordabimur
1297 1541 1464 1595 etiam
1498 1540 1780 1608 discipuli,
1817 1537 1912 1607 qui
1963 1540 2261 1593 clamavit:
2299 1558 2317 1590 ι
2355 1539 2728 1595 Novissimmn
2762 1547 2974 1608 tempus
3002 1545 3086 1593 est
3118 1537 3181 1591 “.
3213 1557 3231 1590 ι
3264 1537 3506 1609 Requies

218 1631 420 1699 itaque
466 1630 718 1700 obtinget
769 1630 878 1691 his.
910 1631 1005 1701 qui
1043 1630 1136 1684 illa
1174 1630 1363 1684 omnia
1395 1629 1750 1684 arbitrantur
1792 1635 2152 1681 monumenta
2184 1639 2445 1682 extrema:
2475 1628 2641 1683 tuba.
2676 1626 2831 1681 Tuba
2866 1626 3038 1691 enim,
3079 1626 3283 1697 inquit,
3319 1639 3502 1690 canet,

215 1724 274 1768 et
308 1718 518 1770 mortui
570 1717 997 1772 suscitabuntur
1026 1717 1089 1771 ".
1130 1735 1149 1769 ι
1181 1715 1306 1772 Haec
1340 1716 1641 1771 celebritas
1672 1716 1919 1769 omnium
1983 1714 2300 1769 clarissima
2334 1715 2574 1771 habetur
2606 1733 2618 1768 :
2654 1714 2722 1768 ad
2754 1730 2919 1785 quam
2950 1715 3045 1782 qui
3106 1714 3375 1770 festinant
3428 1715 3504 1771 ita

220 1803 536 1860 instructos
568 1820 695 1861 esse
723 1806 1006 1869 convenit,
1031 1813 1092 1860 ut
1120 1805 1387 1860 habentes
1415 1819 1617 1858 uxores
1648 1805 1729 1857 sic
1761 1803 1872 1857 sint
1894 1804 2147 1869 animati,
2178 1805 2339 1874 quasi
2362 1821 2469 1862 non
2503 1805 2741 1861 habeant
2770 1821 2782 1856 :
2814 1812 2869 1861 et
2906 1805 2998 1875 qui
3029 1815 3263 1861 utuntur
3298 1806 3505 1862 mundo

218 1891 354 1955 hoc,
399 1893 565 1962 quasi
596 1907 706 1946 non
728 1901 980 1950 utantur.

294 1978 552 2035 Decimus
585 1981 778 2035 mensis
806 1981 1018 2048 septimi
1049 1980 1208 2050 hujus
1230 1981 1364 2041 dies.
1402 1988 1481 2033 est
1514 1978 1836 2041 expiationis
1855 1981 1935 2035 rel
1963 1981 2439 2048 reconciliationis,
2466 1990 2575 2037 etc.
2605 1980 2747 2054 [9.7.]
2780 1980 2946 2037 Parat
2975 1998 3079 2039 nos
3101 1984 3169 2038 ad
3193 1992 3500 2043 extremum

218 2069 527 2139 judicimn,
566 2072 729 2141 quasi
775 2071 828 2125 in
864 2087 933 2125 eo
956 2071 1044 2126 die
1076 2070 1127 2125 id
1160 2069 1555 2139 accipiendum
1612 2069 1706 2122 sit.
1750 2065 1989 2123 Proinde
2014 2068 2312 2123 affectuum
2348 2070 2777 2125 trucidationem
2810 2085 2907 2140 per
2932 2070 3206 2141 jejunium
3235 2073 3500 2142 suggerit.

222 2156 294 2212 Ur
320 2174 458 2213 νετο
493 2174 723 2228 prorsus
757 2160 935 2213 simus
963 2158 1275 2215 consecrati
1306 2158 1413 2211 beo
1446 2156 1501 2210 in
1531 2156 1759 2210 odorem
1788 2155 1944 2210 bona:
1970 2155 2257 2227 fragantias
2302 2156 2462 2213 docet
2500 2172 2599 2227 per
2637 2158 2983 2212 holocausta.
3046 2157 3114 2213 Ut
3141 2159 3210 2213 ab
3241 2159 3503 2214 absurdis

220 2254 275 2299 et
304 2246 475 2300 malis
498 2247 765 2315 operibus
794 2246 960 2318 372
988 2259 1281 2300 cessemus
1315 2256 1371 2297 et
1401 2243 1737 2297 desistamus
1775 2243 2053 2313 significat
2085 2260 2180 2314 per
2203 2245 2443 2314 quietem
2490 2244 2609 2300 sive
2635 2245 2833 2300 otium.
2871 2244 3000 2303 Haec
3052 2246 3327 2315 siquidem
3354 2261 3503 2301 sem-

224 2348 324 2402 per
380 2349 644 2389 etercere
673 2345 891 2403 oportet
941 2349 1067 2388 eum
1121 2334 1218 2402 qui
1253 2346 1463 2385 memor
1493 2339 1578 2385 est
1606 2338 1869 2384 extremae
1898 2331 2045 2384 illius
2080 2332 2241 2385 tubae.
2307 2332 2655 2401 Quapropter
2682 2332 2829 2386 haud
2867 2333 3143 2387 immerito
3173 2335 3502 2388 reconcilia-
3542 2332 3546 2336 ’

228 2424 374 2477 tioni
416 2424 674 2477 attribuit
702 2423 901 2493 jejunii
932 2424 1102 2477 diem.
1130 2420 1233 2488 Qui
1268 2436 1399 2475 vero
1434 2420 1653 2474 diversa
1709 2430 2019 2488 sequuntur
2049 2418 2257 2477 studia.
2294 2419 2405 2473 illis
2453 2421 2824 2475 comminatus
2856 2428 2946 2476 est
2970 2432 3239 2478 aeternum
3288 2422 3501 2489 suppli-

224 2512 404 2567 cium.
440 2511 597 2578 Quod
633 2527 768 2566 vero
794 2512 887 2566 illo
919 2521 1166 2579 tempore
1216 2507 1517 2578 perfectam
1552 2517 1605 2561 et
1633 2507 1940 2560 absolutam
1965 2507 2231 2573 quietem,
2257 2507 2309 2560 in
2338 2523 2445 2577 qua
2477 2507 2811 2564 desistemus
2841 2507 2911 2562 ab
2927 2508 3188 2563 omnibus
3212 2508 3500 2578 operibus,

225 2599 410 2654 simus
441 2600 821 2659 consecuturi,
855 2598 995 2652 satis
1024 2595 1238 2658 docuit,
1276 2596 1404 2649 dmn
1440 2593 1572 2647 illud
1607 2603 1821 2663 tempus
1856 2595 2164 2647 nominavit
2191 2594 2429 2649 Sabbata
2462 2594 2859 2650 Sabbatorum.

299 2685 370 2742 Et
416 2688 678 2753 accipietis
712 2687 851 2740 vobis
870 2686 924 2739 in
953 2684 1038 2739 die
1070 2686 1242 2749 primo
1277 2683 1507 2752 fructum
1540 2682 1668 2749 ligni
1691 2683 1980 2751 magniﬁci,
2004 2683 2215 2751 frondes
2235 2682 2559 2749 palmarum,
2583 2693 2691 2738 etc.
2714 2682 2827 2755 [50]
2849 2683 2946 2738 Ubi
2972 2688 3502 2755 comportaverimus

229 2776 439 2843 singuli
477 2776 531 2829 in
564 2790 697 2829 suos
748 2774 1044 2827 thesauros
1096 2779 1264 2842 opera
1291 2780 1477 2825 nostra
1507 2770 1871 2837 subsequitur
1905 2771 2261 2842 ScenOpegia:
2292 2773 2590 2827 celebritas
2625 2773 2679 2827 in
2724 2785 2967 2829 mentem
3002 2789 3271 2833 revocans
3304 2776 3498 2837 vitam,

226 2879 397 2934 quam
424 2864 478 2918 in
508 2862 764 2933 paradiso
792 2872 1023 2932 egerunt
1052 2860 1404 2931 protoplasti.
1435 2859 1778 2928 Seenopegia
1814 2861 1960 2915 enim
2001 2872 2095 2914 est
2144 2860 2461 2928 assumptio
2492 2860 2608 2915 sive
2636 2861 2689 2914 in
2719 2862 2921 2916 ctelum
2948 2863 3241 2918 translatio
3282 2874 3501 2919 nostro.

228 2971 351 3009 rum
391 2968 712 3023 corporum,
740 2952 785 3007 si
818 2952 1097 3006 fuerimus
1128 2951 1409 3020 a’quitatis
1426 2959 1480 3003 et
1518 2950 1738 3019 pietatis
1761 2947 2022 3011 studiosi,
2053 2948 2593 3003 etimmortalitatem
2626 2949 2993 3004 induerimus.
3032 2948 3158 3006 Haec
3184 2967 3311 3007 vero
3339 2956 3502 3024 quies

227 3042 584 3097 demonstrat
637 3047 857 3109 tempus
935 3037 1085 3108 quod
1132 3038 1419 3107 praecessit
1453 3036 1953 3107 transgressionem
1979 3041 2032 3087 et
2066 3031 2277 3102 peccati
2309 3045 2473 3087 onus.
2505 3031 2776 3089 Similiter
2806 3042 2861 3090 et
2900 3034 3019 3089 dies
3055 3037 3327 3107 septimus
3358 3038 3500 3092 idem

230 3130 503 3190 insinuat,
535 3130 586 3181 in
647 3142 810 3197 quem
845 3126 1096 3181 excurrit
1125 3126 1252 3179 finis
1287 3125 1444 3194 legis.
1476 3122 1611 3178 lluie
1642 3123 1891 3178 succedit
1945 3122 2062 3175 dics
2096 3121 2551 3186 resurrectionis,
2584 3122 2640 3176 in
2677 3137 2788 3192 quo
2818 3123 3020 3183 iterum
3059 3123 3417 3181 liberabimur
3447 3138 3503 3182 et

230 3220 587 3274 absolvemur
618 3218 687 3270 ab
715 3216 863 3270 omni
896 3221 1122 3286 peccato
1149 3213 1204 3267 in
1240 3214 1513 3282 integrum
1552 3212 1812 3267 restituti.
1844 3209 2192 3279 Quapropter
2223 3208 2299 3262 ait
2322 3208 2583 3265 Christus
2617 3226 2630 3262 :
2663 3229 2681 3262 ι
2709 3209 2906 3266 Venite
2933 3212 2999 3266 ad
3036 3227 3123 3269 me
3153 3227 3367 3282 omnes,
3405 3217 3500 3287 qui

230 3308 497 3363 laboratis
527 3314 583 3359 et
627 3304 837 3359 onerati
864 3304 1020 3365 estis,
1046 3310 1099 3356 et
1134 3318 1236 3372 ego
1268 3301 1588 3356 rel'oeillabo
1616 3316 1716 3354 vos
1739 3299 1805 3353 ¹³.
1840 3318 1858 3349 ι
1888 3298 2035 3352 idem
2067 3300 2120 3352 in
2159 3298 2307 3353 hunc
2336 3298 2559 3353 modum
2578 3301 2873 3370 compellat
2904 3301 3210 3357 latronem:
3246 3321 3264 3357 ι
3301 3306 3498 3370 Amen,

230 3411 392 3451 amen
420 3393 544 3447 dico
574 3393 691 3453 tibi,
728 3391 890 3445 hodie
920 3393 1032 3445 eris
1063 3404 1279 3443 mecmn
1307 3387 1358 3441 in
1398 3387 1656 3456 paradiso
1684 3386 1749 3439 ιι.
1794 3405 1812 3437 ι
1849 3385 2204 3457 Βεεηοιιεεὶεε
2234 3392 2417 3442 autem
2451 3386 2651 3442 festum
2684 3388 2987 3442 adornatur
3020 3402 3085 3442 ex
3113 3387 3317 3460 plantis
3350 3406 3501 3445 sem-

228 3501 324 3554 per
359 3484 681 3538 virentibus.
734 3481 921 3537 Gratia
978 3480 1247 3550 siquidem
1301 3478 1563 3549 perennis
1610 3486 1714 3532 est.
1752 3474 1884 3530 Nam
1909 3489 2135 3529 suorum
2172 3490 2460 3530 munerum
2488 3482 2542 3529 et
2570 3474 2839 3530 donorum
2870 3476 3014 3531 haud
3044 3478 3271 3547 poenitet
3305 3478 3499 3535 Deum.

231 3572 499 3626 Similiter
558 3586 657 3625 nec
704 3569 1014 3625 vocationis
1038 3568 1186 3637 piget
1212 3565 1527 3626 Dominum,
1556 3560 2016 3635 quemadmodum
2041 3560 2205 3615 docet
2226 3562 2507 3615 evidenter
2534 3561 2843 3635 Scriptura.
2866 3563 3039 3620 lsaias
3068 3580 3287 3635 quoque
3306 3567 3498 3621 vatici—

233 3670 397 3713 natur
423 3676 436 3712 :
464 3677 481 3709 ι
520 3657 726 3712 Laetitia
758 3658 1015 3724 perennis
1037 3656 1139 3710 erit
1164 3669 1328 3724 super
1354 3661 1518 3720 caput
1540 3667 1731 3706 eorum
1758 3667 1772 3716 ;
1806 3651 1925 3703 laus
1952 3659 2007 3703 et
2038 3649 2222 3702 laetitia
2255 3662 2513 3720 perpetua
2553 3651 2925 3721 apprehendet
2952 3668 3079 3721 eos;
3109 3654 3316 3725 fugient
3344 3655 3503 3709 dolor

234 3747 455 3800 tristitia
493 3756 544 3799 et
576 3744 810 3815 gemitus
837 3744 901 3797 ιθ.
932 3762 950 3793 ι
981 3741 1054 3797 De
1093 3752 1335 3796 torrente
1371 3749 1634 3810 petuntur
1654 3738 1807 3791 rami.
1841 3736 1977 3790 Nam
2009 3737 2264 3792 Christus
2295 3740 2455 3809 aquis
2490 3739 2605 3794 sive
2633 3740 2952 3796 ﬂuruinibus
2990 3743 3211 3799 cwlitus
3243 3743 3502 3801 demissis

234 3836 423 3905 irrigat
454 3837 668 3905 piorum
697 3833 926 3888 animas.
958 3830 1502 3901 Quapropterinquit
1536 3846 1631 3898 per
1662 3828 1962 3897 prophetas
1994 3842 2007 3876 :
2044 3844 2062 3874 ί
2102 3823 2241 3879 Ecce
2262 3840 2362 3895 ego
2387 3826 2593 3881 inclino
2616 3828 2668 3881 in
2695 3843 2812 3892 eos,
2838 3829 2995 3898 quasi
3030 3827 3255 3885 ﬂuvium
3282 3846 3497 3901 paCem,

232 3932 284 3977 et
310 3925 473 3995 quasi
503 3931 801 3977 torrentem
836 3922 1215 3983 inundantem,
1251 3920 1486 3990 gloriam
1522 3917 1768 3989 gentium
1805 3916 1847 3947 ¹⁶

1902 3933 1920 3964 ι
1961 3912 2226 3969 Praeterea
2261 3924 2314 3968 et
2347 3915 2401 3969 in
2443 3912 2679 3971 Psalmis
2709 3918 2857 3971 canit
2887 3934 2900 3969 :
2930 3936 2949 3969 ι
3001 3919 3270 3975 Torrente
3306 3923 3495 3991 volup-

233 4017 359 4066 tatis
398 4021 503 4065 tuae
533 4013 750 4082 potabis
776 4026 871 4066 eos
899 4010 963 4062 ".
1007 4030 1025 4061 ι
1070 4009 1334 4064 Universa
1375 4022 1510 4078 gens
1560 4007 1895 4060 conveniens
1932 4001 2240 4056 Jerusalem
2267 4002 2377 4071 agit
2400 4003 2598 4057 festum
2626 4005 2772 4059 diem
2806 4006 2979 4070 hunc,
3007 4008 3087 4062 sic
3128 4024 3349 4071 onmes,
3397 4013 3495 4081 qui

235 4103 460 4157 honeste
490 4116 546 4157 et
594 4102 682 4174 pie
702 4101 1017 4156 vixerintin
1065 4098 1327 4169 supernis
1375 4096 1760 4151 mansionibus
1795 4093 2269 4149 concelebrabunt
2300 4108 2623 4166 perpetuam
2674 4098 3055 4155 celebritatem
3096 4116 3221 4165 cum
3249 4101 3495 4167 Christo,

230 4189 590 4243 Contrarium
643 4188 927 4257 continget
976 4187 1105 4247 illis,
1143 4185 1235 4255 qui
1263 4200 1374 4238 non
1427 4182 1782 4253 apparuerint
1832 4181 1884 4234 in
1918 4197 1983 4236 eo
2010 4181 2175 4248 festo,
2205 4184 2371 4237 sicuti
2423 4185 2761 4240 vaticinatur
2793 4186 3096 4245 Zacharias
3125 4191 3356 4246 dicens:
3387 4212 3404 4243 ι
3435 4195 3500 4248 Et

234 4280 359 4344 erit,
399 4288 455 4331 ut
485 4280 668 4333 omnis
697 4276 791 4347 qui
820 4276 1046 4331 relictus
1084 4274 1250 4327 fuerit
1282 4290 1347 4328 ex
1374 4272 1635 4325 omnibus
1660 4269 1915 4339 gentibus
1943 4270 2296 4326 venientibus
2326 4282 2521 4327 contra
2552 4270 2882 4341 Jerusalem,
2926 4279 3229 4333 ascendant
3258 4282 3327 4345 ab
3350 4296 3497 4335 anno

237 4367 286 4419 in
314 4382 522 4421 annum
555 4366 623 4420 ad
663 4365 1005 4419 adorandum
1057 4377 1239 4432 regem
1286 4360 1577 4413 Dominum
1616 4360 1982 4420 exercituum,
2017 4366 2071 4411 et
2115 4358 2182 4411 ad
2214 4359 2608 4414 celebrandum
2647 4362 3059 4419 solemnitatem
3086 4364 3498 4424 Tabernaculo-

237 4470 376 4509 rum.
408 4456 476 4510 Et
504 4456 632 4521 erit,
678 4462 739 4509 ut
768 4454 863 4524 qui
892 4468 999 4505 non
1024 4450 1341 4506 ascenderit
1360 4449 1428 4503 de
1457 4446 1885 4517 cognationibus
1908 4453 2071 4501 terra:
2105 4446 2159 4500 in
2187 4445 2494 4504 Jerusalem
2526 4449 2594 4505 ad
2622 4450 2966 4509 adorandum
3000 4470 3181 4524 regem
3204 4456 3494 4514 Dominum

234 4545 593 4609 exercituum,
650 4559 758 4597 non
807 4542 997 4597 futura
1030 4541 1102 4594 sit
1151 4554 1318 4608 super
1342 4553 1438 4593 eos
1476 4538 1681 4607 pluvia.
1719 4534 1783 4588 Et
1820 4535 1863 4589 si
1903 4532 2109 4587 familia
2135 4531 2523 4605 Egyptiorum
2561 4554 2671 4592 non
2716 4540 3024 4596 ascenderit
3051 4557 3231 4611 neque
3258 4549 3494 4609 venerit,

235 4644 337 4682 non
365 4630 471 4683 erit
498 4630 677 4696 pluvia
710 4642 874 4697 super
899 4642 1018 4688 eos,
1048 4624 1144 4679 sed
1169 4626 1273 4679 erit
1306 4626 1486 4693 plaga,
1524 4638 1631 4691 qua
1666 4623 1937 4691 percutiet
1967 4621 2232 4677 Dominus
2278 4633 2471 4694 gentes
2520 4640 2644 4694 quae
2692 4642 2802 4680 non
2832 4630 3203 4685 ascenderunt
3246 4631 3313 4686 ad
3347 4634 3495 4688 cele-

234 4715 499 4768 brandum
559 4716 908 4770 feStivitatem
952 4712 1459 4766 Tabernaculorum
1492 4709 1557 4762 η.
1599 4728 1617 4760 ι
1666 4708 1782 4764 Hoc
1842 4710 1966 4762 loco
2021 4710 2247 4764 silentio
2299 4712 2545 4780 praeterit
2578 4713 2804 4767 modum
2843 4715 3233 4786 victimarum,
3291 4723 3495 4790 quibus

234 4803 501 4857 litandum
527 4812 609 4856 est
634 4804 690 4856 in
720 4799 1241 4856 hiscelehritatibus
1272 4813 1285 4849 :
1328 4813 1454 4850 nam
1481 4797 1535 4851 in
1570 4798 1716 4852 libro
1748 4797 2117 4852 Numerorum
2150 4797 2328 4855 fusius
2375 4800 2489 4854 ba'c
2518 4802 2704 4856 omnia
2730 4805 3031 4860 enarravit.

297 4912 455 4974 Τινὲς
486 4903 724 4981 (25)1:i)v
759 4909 868 4963 τῶν
901 4908 1220 4976 σαλπίγγων
1256 4906 1451 4978 ἑορτὴν
1501 4907 1562 4960 τὸ
1606 4907 1803 4977 μέλλον
1833 4921 1876 4975 Α

1976 4906 2208 4971 Quidam
2229 4916 2487 4963 asserunt
2522 4909 2716 4964 festum
2742 4911 3001 4969 tubarum
3037 4914 3494 4986 significationem

232 5001 441 5071 δηλοῦν.
472 5004 560 5056 Ἐν
590 5000 739 5072 αὐτῷ
760 5001 868 5070 γὰρ
897 4998 1099 5071 ἤμελλε
1123 4998 1203 5069 τῷ
1238 4998 1369 5069 μηνὶ
1395 5000 1427 5068 ἡ
1460 4999 1612 5069 φωνὴ
1646 4997 1806 5068 βοῶν-

1914 5000 2113 5055 habere
2151 5000 2343 5056 futuri.
2377 5003 2432 5057 In
2479 5018 2545 5059 eo
2577 5004 2722 5058 enim
2751 5022 2939 5063 mense
2980 5024 3081 5067 vox
3117 5012 3406 5069 clamantis
3442 5016 3495 5069 iu

233 5112 317 5159 τος
347 5097 407 5150 ὲν
430 5099 497 5166 τῇ
522 5096 718 5165 ἐρήμῳ
742 5092 1236 5161 συλλαμϐάνεσθαι.
1265 5090 1354 5143 Διὸ
1376 5091 1469 5143 καὶ
1492 5093 1549 5143 ἐν
1577 5094 1803 5161 σκηναῖς

1911 5093 2128 5149 deserto
2156 5096 2518 5165 concipienda
2547 5106 2685 5152 erat.
2740 5099 3081 5173 Quapropter
3106 5104 3403 5165 desiderat.
3439 5118 3498 5161 ut

237 5188 481 5258 βούλεται
509 5190 719 5256 διάγειν
760 5188 851 5241 τὸν
882 5185 1103 5257 Ἰσραὴλ
1152 5185 1246 5249 τὰς
1280 5184 1419 5238 ἑπτὰ
1453 5185 1689 5255 ἡμέρας,
1724 5186 1804 5247 εἰς

1916 5186 2084 5238 Israel
2131 5195 2338 5256 septem
2369 5188 2567 5244 diebus
2614 5191 2667 5244 in
2701 5194 3078 5253 tabernaculis
3113 5209 3237 5267 agat
3272 5215 3285 5250 :
3327 5213 3498 5267 quare

235 5281 396 5334 τύπον
425 5279 521 5333 τοῦ
555 5281 824 5350 μονήρους
864 5277 1002 5347 βίου,
1043 5271 1105 5332 οὗ
1136 5275 1351 5347 πρῶτος
1392 5276 1487 5327 καὶ
1526 5276 1802 5345 Ἰωάννης.

1914 5289 2339 5345 repraesentatur
2361 5281 2471 5337 vita
2511 5283 2783 5348 solitaria,
2818 5286 2977 5355 cujus
3011 5298 3253 5343 sectator
3284 5293 3497 5360 prinms

235 5371 340 5423 Καὶ
366 5369 544 5434 ἔξοδον
577 5369 747 5439 αὐτὴν
775 5368 953 5431 καλεῖ,
979 5367 1068 5422 διὰ
1103 5367 1206 5437 τὴν
1236 5366 1346 5419 ἀπὸ
1393 5366 1489 5418 τοῦ
1525 5368 1693 5437 νόμου
1724 5367 1809 5431 ἔξ-

1916 5370 2127 5423 exstitit
2176 5368 2439 5430 Joannes.
2496 5372 2804 5432 Celebritas
2860 5378 2955 5434 illa
3016 5388 3247 5435 vocatur
3291 5383 3494 5449 exitus,

295 5552 335 5580 ιο
365 5548 518 5623 Rom.
552 5566 626 5613 vn,
657 5548 713 5601 4.
896 5546 1084 5623 Matth.
1114 5562 1188 5602 vI.
1222 5544 1308 5599 19.
1374 5546 1432 5623 ᾖ]
1469 5544 1485 5597 l
1516 5542 1672 5623 ,ξφ-ῃ.
1708 5558 1768 5623 tt,
1802 5545 1886 5599 l8.
1968 5548 2047 5623 "_I
2081 5548 2328 5623 (lor._xv,
2358 5553 2447 5607 52.
2530 5554 2573 5586 η
2609 5554 2800 5613 Matth,
2834 5575 2909 5623 χι,
2932 5559 3021 5614 (28,
3104 5564 3302 5623 ub,“
3340 5584 3473 5623 Hm

236 5620 317 5672 43.
396 5621 436 5652 ¹⁸
466 5622 569 5674 lsa.
611 5610 774 5682 ξω,
808 5617 895 5671 10.
974 5618 1016 5647 ¹⁶
1043 5617 1148 5671 lsa.
1187 5633 1330 5681 vat,
1370 5615 1453 5668 1‘2.
1532 5616 1570 5644 ”
1608 5613 1755 5669 Psal.
1808 5631 1967 5679 xxxv,
2006 5620 2057 5673 9.
2140 5618 2182 5651 ¹⁸
2221 5610 2451 5678 Zacltar.
2488 5610 2909 5693 limiti-liis“,
2942 5610 3021 5614 ἡ·
3343 5610 3496 5632 nm"

1736 5701 1967 5763 NOTAE.

299 5807 409 5875 (“25)
434 5804 748 5873 Ἐννοητέον
773 5803 851 5868 τὸ,
878 5802 1028 5871 φασι.

566 5904 835 5963 Ριτιιοι..
892 5900 1007 5958 Gn.
1078 5898 1446 5958 LXXXVII.

1403 5899 1446 5958 Ι.
2942 5908 3018 5964 '25
