4090 6508
614 370 720 430 7ῗο
1908 364 2258 425 PROCOPII
2293 364 2536 424 GAZEEI
3756 370 3848 431 780

608 488 744 554 quia
775 483 846 535 ub
878 482 978 535 hac
1016 476 1358 549 egredientes
1402 475 1630 532 veniunt
1660 477 1728 532 ad
1759 478 2010 548 gratiam.
2062 479 2197 532 Sab—

2231 484 2272 539 Α
2299 477 2418 529 οδον
2442 478 2531 528 ἐπὶ
2551 478 2649 546 τὴν
2682 477 2843 546 χάριν
2863 494 2876 507 ο
2909 477 3000 529 καὶ
3030 477 3280 531 Σάίόατα
3313 476 3630 543 Σιϐὁάτων,
3658 479 3740 532 διὰ
3764 484 3846 550 τὴν

620 580 745 631 bata
780 573 1148 628 Sabbatormu
1181 569 1538 624 nominantur
1567 578 1793 640 propter
1827 568 2193 623 Sabhatorum

2297 565 2501 620 ’καῦσιν
2554 565 2660 619 τῶν
2690 568 3005 621 Σαὸὄάτων.
3043 570 3192 621 Καί·
3234 588 3249 618 ι
3286 568 3687 635 Ταπεινὼσετε,
3712 577 3846 643 φησὶ.

619 669 913 737 quietem.r
943 662 1335 725 Humiliabitis,
1368 662 1567 731 inquit,
1630 662 1845 717 animas
1884 670 2116 723 vestras,
2170 679 2190 711 ι

2296 658 2397 716 τὰς
2439 656 2617 725 ψυχὰς
2666 658 2844 727 ὑμῶν.
2891 678 2909 709 ι
2966 660 3264 729 Μονονουχὶ
3321 660 3391 712 τὰ
3442 661 3688 714 Ἰωάννου
3739 664 3849 734 βοᾷ·

620 773 741 828 quse
788 755 1005 827 quidem
1063 752 1233 808 Musis
1264 752 1427 807 verba
1476 751 1788 806 alliuitatem
1838 752 2041 805 habent
2070 765 2195 805 cum

2306 764 2324 796 ι
2354 748 2684 801 Μετανοεῖτε
2704 765 2718 779 ’
2746 749 2943 819 ήγτικε
2966 751 3074 819 γὰρ
3097 752 3130 821 ἡ
3152 749 3407 819 βασιλεία
3433 750 3543 803 τῶν
3566 751 3810 821 οὐρανῶν.
3834 776 3847 805 ι

622 851 731 913 his,
763 864 883 919 quae
911 844 1151 901 Joannes
1185 844 1533 914 proloquitur
1564 843 1842 897 clamans:
1872 860 1889 893 ι
1924 840 2198 895 Paeniten-

2302 839 2393 891 Διό
2436 840 2534 893 καὶ
2570 840 2866 911 ὲξιλασμοῦ
2908 843 3066 894 καλεῖ
3090 844 3190 911 τὴν
3240 843 3480 913 ἡμέραν.
3527 844 3686 906 Τέλος
3714 848 3855 914 γὰρὸ

622 937 755 991 tiam
814 934 979 1004 agite.
1038 931 1510 1002 Appropinquavit
1552 931 1697 984 enim
1749 945 1975 1000 regnum
2029 930 2199 985 cmlo-

2303 926 2561 997 Ἰωάννης
2601 929 2701 998 τῆς
2738 931 3005 997 Παλαιᾶς,
3038 933 3129 984 καὶ
3168 933 3313 1003 ἀρχὴ
3355 936 3460 1003 τῆς
3489 934 3715 1002 Καινῆς,
3744 935 3807 996 ὡς
3838 941 3857 989 ὁ

624 1044 744 1082 rum
772 1029 837 1081 ".
874 1046 892 1079 ι
929 1025 1141 1080 Idcirco
1175 1024 1506 1094 expiationis
1553 1038 1748 1077 nomen
1781 1023 1859 1077 illi
1892 1023 2198 1077 celebritati

2305 1018 2604 1089 ἑωσφόρος.
2655 1020 2738 1074 Τὰ
2781 1021 2838 1075 δὲ
2888 1023 3202 1094 κάλλυντρα
3268 1023 3380 1075 τῶν
3436 1024 3723 1092 φοινίκων,
3780 1030 3858 1077 καὶ

624 1129 707 1175 est
755 1119 1010 1174 inditum.
1048 1116 1328 1184 Siquidem
1358 1113 1597 1170 Joannes
1631 1113 1754 1170 linis
1783 1122 1867 1168 est
1908 1112 2120 1168 Veteris
2146 1119 2200 1164 et

2305 1110 2473 1164 τᾶλλα
2500 1111 2569 1165 τὰ
2596 1113 2882 1183 εἰρημένα,
2918 1116 3074 1185 φέρει
3114 1115 3212 1169 τοῦ
3253 1116 3534 1187 Ἰορδάνου
3577 1116 3610 1182 ἡ
3658 1117 3856 1186 ἔρημος·

627 1212 843 1266 initium
873 1207 1007 1264 Novi
1039 1207 1403 1262 Testamenti.
1434 1206 1703 1260 Caeterum
1735 1204 1957 1261 frondes
1989 1205 2199 1275 palma-

2306 1207 2364 1257 ὲν
2452 1207 2720 1276 ἐκήρυττε
2756 1208 2852 1260 καὶ
2878 1207 3061 1278 διῆγεν
3113 1208 3143 1261 ὁ
3187 1208 3533 1278 Βαπτιστὴς,
3551 1208 3655 1270 ἓως
3677 1208 3860 1277 ἡμέρας

628 1320 747 1359 rum
806 1311 861 1357 et
924 1302 1163 1372 reliquas
1216 1300 1444 1354 arbores
1497 1298 1755 1367 producit
1798 1296 2037 1353 solitudo
2080 1310 2203 1365 qua:

1909 1296 2037 1351 tudo
2080 1310 2203 1365 qua:
2309 1296 2634 1361 ἀναδείξεως
2666 1298 2854 1360 αὐτοῦ,
2888 1299 3049 1367 δῆλον
3084 1299 3160 1363 ὡς
3184 1302 3242 1352 ὲν
3264 1302 3524 1368 σκηναῖς.

628 1392 1109 1466 adjacctJordani,
1144 1392 1197 1445 in
1235 1404 1339 1459 qua
1397 1388 1692 1444 solitudine
1730 1388 2093 1443 conciouatus
2123 1392 2208 1441 est
2245 1382 2482 1442 Joannes
2533 1386 2847 1457 ibidemque
2894 1388 3058 1441 vitam
3134 1388 3245 1458 egit
3291 1390 3455 1459 quasi
3527 1390 3581 1441 in
3643 1388 3862 1455 entoriis,

632 1490 806 1543 donec
863 1484 1075 1539 veniret
1122 1491 1345 1551 tempus
1410 1494 1521 1549 quo
1550 1487 1669 1535 erat
1720 1476 2202 1535 demoustrandus.

703 1628 885 1703 [373
918 1625 986 1680 Et
1018 1625 1281 1688 accipiant
1309 1624 1478 1677 oleum
1501 1619 1945 1692 olivarum,etc.]
1969 1619 2263 1674 Sincerum
2286 1614 2558 1703 siquidem
2584 1616 2773 1669 lumen
2795 1624 2850 1670 et
2880 1615 3181 1684 genuinum
3213 1615 3268 1669 in
3293 1613 3552 1669 Ecclesia
3586 1615 3766 1685 ﬂagret
3785 1633 3867 1672 nc-

631 1701 849 1774 cessum
885 1723 990 1769 cst.
1028 1731 1046 1764 ι
1092 1710 1201 1766 Vos
1235 1712 1405 1774 enim,
1440 1708 1648 1780 inquit,
1681 1708 1822 1764 estis
1860 1707 1956 1761 lux
1993 1705 2187 1761 mundi
2214 1706 2286 1758 ".
2336 1721 2355 1754 ι
2386 1701 2455 1755 Et
2484 1703 2686 1757 iterum
2719 1720 2734 1758 :
2778 1720 2796 1754 ι
2845 1703 2972 1757 Sint
3003 1712 3202 1758 vestrm
3245 1706 3497 1758 lucerna:
3530 1717 3788 1769 accensae,
3822 1720 3866 1762 et

632 1822 734 1862 vos
768 1804 978 1860 similes
1006 1800 1326 1854 hominibus
1360 1797 1825 1868 exspectantibus
1863 1794 2159 1850 Dominum
2206 1808 2369 1849 suum
2402 1793 2470 1844 “.
2508 1811 2527 1843 ι
2562 1790 2891 1847 Ostenditur
2936 1792 3043 1848 sub
3073 1793 3182 1847 hoc
3211 1803 3343 1864 typo
3367 1833 3384 1857 ,
3435 1801 3498 1845 ut
3534 1808 3868 1849 coruscemus

637 1894 692 1948 in
720 1889 907 1945 mundi
940 1886 1185 1941 tenebris
1217 1885 1451 1939 scientia
1482 1895 1537 1938 et
1567 1884 1695 1938 vita:
1731 1883 2045 1947 honestate,
2083 1889 2142 1935 ut
2178 1880 2436 1949 intrepidi
2468 1894 2736 1950 apparere
2769 1880 3051 1950 possimus
3084 1881 3138 1933 in
3163 1892 3421 1935 extremo
3453 1880 3548 1935 die
3578 1894 3699 1935 cum
3730 1882 3868 1936 adre-

636 1980 780 2033 nerit
814 1976 1084 2031 Dominus
1108 1972 1418 2042 judicatum
1454 1974 1613 2027 vivos
1656 1981 1711 2026 et
1746 1978 2023 2026 mortuos.
2062 1968 2349 2024 Moriemur
2394 1982 2640 2038 quoque,
2679 1976 2739 2020 ut
2772 1976 2935 2022 caute
2976 1968 3354 2030 ambulemus,
3399 1983 3473 2022 ne
3518 1982 3619 2022 ceu
3654 1967 3737 2023 fur
3767 1969 3867 2024 dies

637 2068 729 2121 ille
769 2066 826 2119 in
860 2062 1155 2117 nocturnis
1194 2059 1448 2115 tenebris
1479 2075 1584 2114 nos
1613 2059 1978 2130 opprimat“.
2013 2059 2362 2128 Quapropter
2414 2056 2569 2111 addit
2605 2074 2618 2110 :
2658 2074 2676 2107 ι
2712 2054 2780 2109 Et
2824 2063 3118 2125 componet
3166 2058 3283 2112 sive
3317 2070 3371 2110 οι
3388 2056 3611 2110 dinahit
3636 2056 3863 2111 lucernas

635 2168 819 2205 roram
844 2148 1073 2203 Domino
1092 2161 1265 2217 usque
1290 2161 1468 2209 mane,
1492 2165 1509 2198 ι
1538 2145 1589 2201 id
1614 2155 1721 2211 est,
1744 2162 1917 2217 usque
1938 2146 2004 2199 ad
2037 2144 2283 2199 futurqu
2316 2143 2460 2200 diem
2490 2143 2705 2214 judieii.
2738 2144 2800 2199 Et
2821 2146 2967 2214 quod
2999 2144 3075 2198 ait
3099 2162 3113 2198 :
3142 2163 3161 2197 ι
3188 2144 3386 2199 Coram
3415 2144 3674 2204 Domino,
3704 2163 3721 2195 ι
3748 2153 3861 2206 ctc..

637 2239 901 2294 indicium
962 2235 1093 2290 facit
1130 2234 1327 2289 divinae
1383 2234 1525 2298 vitae,
1566 2248 1731 2305 quam
1774 2234 1829 2288 in
1903 2234 2129 2288 caeleste
2192 2244 2419 2301 regnum
2460 2231 2711 2285 translati
2744 2232 3010 2287 vivemus.
3061 2230 3196 2285 Nam
3254 2232 3403 2286 oculi
3460 2230 3676 2284 Domini
3727 2246 3869 2300 super

641 2330 845 2399 justos.
872 2326 1007 2379 Cum
1039 2338 1173 2378 vero
1212 2337 1319 2377 nos
1365 2322 1569 2377 fratres
1610 2322 1972 2393 appellaverit
2004 2330 2057 2377 et
2082 2322 2137 2375 in
2170 2334 2325 2375 suam
2359 2319 2686 2373 societatem
2721 2318 3033 2385 admiserit,
3066 2334 3422 2389 nequaquam
3466 2320 3773 2372 mirandum
3802 2322 3862 2379 si.

640 2432 767 2470 cum
797 2415 873 2470 sit
905 2414 1022 2475 lux,
1063 2410 1229 2464 etiam
1262 2410 1425 2464 nobis
1450 2410 1589 2466 lucis
1615 2411 1939 2479 dignitatem
1982 2408 2441 2468 commodaverit,
2472 2408 2591 2461 suis
2622 2421 2723 2459 nos
2750 2408 3028 2461 extollens
3070 2406 3404 2462 honoribus.
3434 2406 3589 2460 Intra
3621 2408 3760 2460 enim
3788 2421 3865 2459 re-

648 2505 758 2556 lum
784 2509 871 2557 est
912 2513 1049 2569 pura
1075 2497 1331 2561 lucerna,
1362 2495 1415 2551 id
1447 2506 1554 2560 est,
1594 2496 1874 2561 Christus,
1912 2497 2125 2553 habens
2146 2502 2353 2566 septem
2386 2495 2665 2559 lucernas,
2695 2495 2901 2564 quibus
2925 2494 2991 2549 ad
3017 2510 3076 2550 se
3113 2495 3471 2550 venientibus
3498 2494 3771 2564 copiosam
3798 2498 3865 2546 iu-

645 2590 829 2644 fundit
861 2588 1060 2641 lucem.
1091 2582 1227 2638 Nam
1256 2584 1375 2638 ait:
1414 2602 1433 2635 r
1467 2582 1751 2647 Accedite,
1785 2592 1840 2638 et
1878 2585 2265 2639 illumiuetuiui
2294 2584 2360 2637 ".
2403 2604 2421 2635 ›
2468 2583 2628 2650 Quod
2670 2600 2803 2642 vero
2827 2585 2971 2656 apud
3004 2586 3184 2655 ipsum
3219 2586 3614 2641 accenduntur
3653 2586 3868 2641 lucerna!

643 2678 809 2731 docet
843 2672 1242 2728 incarnationis
1276 2680 1514 2741 tempus,
1544 2686 1653 2741 qua
1683 2679 1838 2727 totus
1876 2674 2194 2729 illustratus
2232 2680 2315 2728 est
2348 2671 2556 2742 fugatis
2607 2674 2859 2728 tenebris
2903 2674 3170 2729 mundus.
3211 2673 3431 2728 Idcirco
3464 2675 3639 2743 inquit
3678 2672 3825 2726 David
3853 2697 3861 2727 :

651 2784 669 2816 ε
705 2762 863 2817 Mane
896 2774 1088 2814 vocem
1116 2772 1293 2813 meam
1318 2756 1589 2811 exaudies
1622 2758 1692 2810 ".
1727 2756 1877 2812 i‘Vcl
1912 2759 2021 2813 sub
2057 2762 2301 2828 puritate
2336 2759 2582 2813 lucerna:
2613 2768 3019 2814 commonstrat
3050 2759 3385 2823 Ecclesiam,
3444 2762 3499 2815 iu
3537 2775 3644 2829 qua
3701 2775 3868 2814 corus-

643 2858 736 2907 cat
764 2851 857 2905 lux
886 2848 1137 2910 sniritus,
1169 2860 1291 2916 quae
1322 2854 1587 2901 coruscat
1626 2853 1680 2901 et
1716 2847 1862 2901 vires
1889 2862 2025 2903 suas
2050 2848 2227 2903 exerit
2259 2848 2313 2902 in
2352 2854 2559 2914 septem
2588 2846 2753 2900 donis
2790 2846 3032 2916 Spiritus
3064 2847 3270 2903 sancti.

719 2985 1000 3041 Sincerum
1030 2993 1076 3037 et
1108 2996 1301 3051 purum
1328 2980 1523 3043 oleum,
1552 2989 1660 3037 etc.
1699 2978 1920 3052 [XXlV,
1952 2979 2039 3052 2.]
2081 2982 2225 3037 Pura
2252 2980 2531 3051 siquidem
2564 2996 2731 3051 opera
2771 2981 3108 3035 conveniunt
3131 2980 3332 3035 divina:
3364 2980 3500 3035 luci.
3537 2979 3612 3033 Ex
3644 2980 3795 3033 olivis
3824 2977 3868 3031 id

652 3073 840 3143 colligi
874 3072 1057 3141 jubet,
1088 3081 1147 3124 ut
1172 3070 1517 3124 demonstret
1542 3083 1665 3135 eos,
1702 3068 1794 3138 qui
1830 3066 2274 3122 misericordiam
2319 3070 2432 3125 sint
2457 3068 2767 3125 consecuti.
2811 3087 2829 3120 r
2866 3067 3037 3123 Extra
3069 3070 3524 3134 tabernaculum,
3569 3090 3587 3121 ι
3620 3077 3725 3123 etc.
3753 3067 3867 3120 Nam

653 3162 881 3216 interna
909 3157 1203 3229 splendent
1231 3165 1285 3211 et
1324 3156 1674 3211 illustrantur
1703 3155 1913 3211 cmlesti
1938 3155 2085 3220 luce,
2107 3171 2231 3225 qua:
2259 3172 2427 3228 supra
2455 3172 2643 3211 arcam
2676 3158 3026 3226 conspicitur
3058 3165 3117 3211 ut
3144 3158 3391 3213 cmlestis
3420 3158 3560 3212 lucis
3587 3158 3659 3211 sit
3690 3156 3866 3224 imago.

653 3258 707 3303 at
738 3246 986 3301 crelestis
1022 3246 1111 3299 lux
1152 3243 1412 3299 Christus
1442 3250 1549 3299 est.
1594 3243 1722 3297 Hmc
1759 3258 1892 3297 vero
1920 3243 2010 3297 lux
2044 3244 2304 3313 apparuit
2331 3259 2440 3298 nou
2480 3243 2764 3297 hominum
2804 3244 2992 3298 labore
3024 3254 3354 3314 praeparata,
3397 3244 3496 3299 sed
3535 3244 3788 3297 divinitus
3822 3251 3865 3292 et

652 3335 876 3390 coalitus
908 3333 1075 3386 allata
1110 3340 1216 3386 est.
1252 3329 1309 3384 ln
1343 3330 1530 3400 priore
1569 3329 1935 3384 tabernaculo
1965 3341 2089 3384 erat
2130 3331 2364 3386 lucerna
2400 3330 2625 3385 ardens.
2654 3328 2788 3383 Nam
2824 3346 2924 3385 nec
2951 3332 3091 3385 citra
3132 3331 3376 3385 divinam
3412 3332 3591 3387 lucem
3623 3330 3868 3400 degebant

653 3422 760 3485 illi,
784 3436 925 3486 quos
958 3420 1047 3474 lex
1087 3418 1396 3482 erudiebat,
1437 3425 1491 3472 et
1524 3416 1595 3471 ab
1639 3418 2137 3487 superstitionibus
2171 3418 2225 3472 in
2271 3418 2442 3473 unius
2477 3419 2572 3473 Dei
2622 3418 2832 3473 cultum
2867 3419 3249 3489 rapiebantur.
3280 3419 3557 3475 Caeterum
3601 3419 3865 3473 admodum

653 3522 850 3578 parum
878 3505 1068 3559 aderat
1097 3504 1220 3573 ejus
1254 3502 1395 3557 lucis
1418 3519 1541 3574 quae
1573 3504 1629 3558 in
1672 3504 1900 3559 Christo
1932 3504 2185 3561 emicuit.
2213 3506 2388 3561 Mosis
2425 3504 2701 3576 siquidem
2730 3506 2819 3559 lux
2861 3515 3077 3563 tantum
3107 3507 3291 3563 differt
3318 3522 3347 3561 a
3384 3524 3514 3563 vera
3548 3508 3686 3571 luce,
3709 3519 3865 3575 quau-

663 3607 777 3647 tum
802 3592 971 3645 distat
1000 3590 1193 3644 umbra
1218 3604 1247 3643 a
1279 3589 1595 3660 splendore.
1626 3590 1690 3645 Et
1728 3590 2193 3662 quemadmodum
2220 3589 2501 3662 discrepat
2542 3607 2654 3647 una
2668 3608 2818 3664 gens
2841 3595 2909 3648 ab
2937 3594 3196 3649 omnibus
3227 3595 3398 3650 totius
3425 3595 3580 3650 orbis
3603 3594 3863 3665 gentibus:

658 3680 733 3733 ita
760 3678 987 3733 lucerna
1020 3676 1278 3731 humanis
1306 3676 1563 3732 manibus
1596 3685 1860 3747 apparata
1891 3676 2074 3732 differt
2098 3692 2274 3733 avera
2304 3688 2357 3734 et
2381 3680 2571 3737 divina
2596 3682 2741 3737 luce.
2770 3680 2867 3736 Vel
2894 3681 3154 3737 fortassis
3182 3682 3274 3736 illa
3303 3684 3530 3737 lucerna
3563 3680 3864 3751 praenuntia-

660 3769 755 3820 hat
790 3764 1059 3821 Joannem
1094 3764 1418 3835 Baptistam.
1454 3765 1751 3820 Duodecim
1793 3780 1964 3835 panes
1994 3766 2309 3838 significant
2344 3784 2569 3824 sacrum
2613 3767 2905 3823 duodecim
2944 3771 3328 3839 apostolorum
3356 3770 3610 3824 chorum.
3642 3766 3767 3822 Nam
3796 3768 3863 3817 lu-

660 3869 828 3907 cerna
858 3850 1228 3923 praeveniebat
1252 3851 1390 3907 solis
1420 3860 1703 3906 exortum.
1730 3851 1805 3907 De
1835 3852 1939 3907 hoc
1982 3853 2067 3908 ita
2106 3855 2351 3925 loquitur
2381 3856 2547 3911 Pater
2580 3875 2593 3912 :
2628 3875 2646 3908 ι
2693 3856 2887 3910 Paravi
2920 3857 3203 3912 lucernam
3241 3857 3475 3912 Christo
3500 3871 3616 3911 meo
3642 3856 3705 3904 ".
3739 3872 3755 3904 ι
3790 3852 3863 3903 Si-

661 3942 863 3995 militer
903 3947 958 3995 et
984 3937 1248 3994 Christus
1289 3939 1513 4008 inquit:
1555 3959 1572 3990 ‹
1614 3937 1723 3997 Vos
1758 3941 2017 3998 voluistis
2049 3943 2114 3996 ad
2147 3950 2364 4015 tempus
2403 3945 2690 3999 exsultare
2721 3944 2777 3998 in
2812 3944 2933 3999 luce
2957 3944 3079 4013 ejus
3118 3945 3185 3997 “.
3231 3963 3249 3995 ι
3284 3944 3420 3997 Nam
3470 3946 3522 3998 in
3569 3940 3858 3997 memoriam

661 4028 857 4097 redigit
891 4028 1024 4090 illis,
1064 4027 1156 4096 qui
1186 4027 1329 4099 legis
1361 4026 1548 4084 studio
1578 4029 1751 4084 dediti
1784 4037 1966 4092 erant,
1993 4031 2307 4096 lucernam,
2338 4048 2463 4101 quae
2494 4032 2676 4087 fuerat
2706 4032 2761 4085 iu
2805 4031 2985 4102 primo
3010 4032 3393 4087 tabernaculo.
3433 4031 3696 4086 Caeterum
3720 4027 3859 4094 legis-

662 4116 805 4169 lator
835 4114 1011 4169 voluit
1037 4113 1187 4169 illam
1212 4115 1499 4169 lucernam
1540 4130 1664 4170 esse
1697 4131 2021 4185 perennent.
2054 4119 2123 4171 At
2152 4118 2232 4172 illi
2260 4118 2414 4175 brevi
2435 4119 2631 4174 saltem
2665 4128 2913 4188 tempore
2957 4118 3159 4188 gravisi
3190 4118 3282 4171 illa
3318 4119 3546 4173 lucerna
3571 4114 3863 4171 accedentes

663 4203 728 4256 ad
760 4203 880 4273 ejus
919 4202 1277 4270 baptismum.
1312 4200 1519 4257 Verum
1550 4203 1810 4273 deinceps
1841 4218 1950 4258 non
1975 4215 2313 4276 exceperunt
2340 4222 2490 4269 eum,
2522 4206 2618 4275 qui
2654 4206 2724 4259 ab
2768 4206 2864 4259 illo
2901 4205 3327 4276 praedicabatur.
3357 4204 3423 4258 Et
3450 4208 3555 4259 hoc
3593 4213 3701 4258 erat
3730 4198 3860 4257 illud,

662 4292 807 4360 quod
830 4291 965 4345 dicit
993 4290 1211 4345 scilicet
1238 4289 1535 4360 repudiare
1572 4291 1773 4347 lucem.
1806 4292 2057 4362 Apostoli
2090 4300 2274 4349 autem
2317 4302 2449 4349 sunt
2482 4309 2682 4364 panes,
2708 4301 2985 4363 quatenus
3014 4293 3223 4348 similes
3256 4302 3385 4347 sunt
3418 4296 3514 4349 uni
3551 4291 3667 4364 pani
3698 4302 3862 4355 nempe

662 4379 907 4443 Christo,
939 4379 1150 4433 alentes
1172 4392 1274 4433 nos
1306 4378 1362 4432 in
1399 4379 1622 4448 pietate,
1668 4388 1723 4435 et
1765 4380 2092 4451 ignorantiae
2124 4383 2512 4452 propulsantes
2537 4380 2760 4435 famem.
2803 4378 3009 4435 Verum
3042 4381 3115 4433 ita
3145 4380 3517 4447 collocantur,
3544 4390 3601 4434 ut
3638 4378 3738 4432 duo
3765 4376 3858 4427 sint

664 4472 883 4525 illorum
917 4468 1142 4525 ordines
1166 4470 1221 4523 in
1258 4484 1495 4540 quorum
1527 4470 1707 4525 medio
1730 4471 2018 4541 ponendus
2044 4472 2119 4527 sit
2152 4473 2337 4542 panis,
2366 4473 2458 4542 qui
2481 4488 2513 4527 e
2545 4473 2691 4525 caelo
2721 4471 3033 4526 descendit.
3072 4469 3146 4524 Ex
3178 4470 3391 4525 duabus
3422 4470 3648 4526 decimis
3682 4465 3857 4534 singuli

661 4566 1071 4626 componuntur
1121 4557 1277 4626 quasi
1330 4557 1656 4626 postuletur,
1689 4566 1750 4611 ut
1792 4557 1967 4616 simus
2011 4559 2160 4613 dicto
2198 4565 2254 4613 et
2296 4558 2442 4613 facto
2501 4558 2760 4629 perfecti.
2796 4556 3027 4624 Quidam
3056 4561 3367 4611 'autumant
3400 4559 3540 4614 duos
3570 4556 3773 4613 ordines
3816 4562 3861 4605 et

662 4646 802 4699 duas
828 4644 1077 4700 decimas
1106 4643 1425 4713 signiﬁcare
1464 4642 1606 4700 duos
1632 4646 1867 4718 papulos
1886 4649 1989 4703 sub
2022 4649 2246 4705 Christo
2266 4646 2321 4700 in
2353 4645 2710 4701 concordiam
2738 4644 3152 4699 reconciliatos.
3178 4643 3332 4700 Thus
3357 4656 3541 4701 autem
3564 4656 3615 4701 et
3640 4644 3713 4699 sal
3734 4656 3857 4711 sym-

662 4735 789 4789 bola
822 4741 955 4787 sunt
980 4732 1316 4803 fragrantize,
1344 4748 1465 4802 quae
1500 4750 1665 4803 quam
1712 4735 2031 4803 longissime
2067 4737 2348 4807 spargitur
2377 4755 2389 4790 :
2423 4744 2479 4789 et
2505 4734 2731 4797 salutis,
2762 4748 2884 4803 qua:
2919 4750 3017 4787 nos
3048 4748 3078 4787 e
3106 4737 3487 4804 corruptionis
3520 4732 3746 4807 periculo
3766 4727 3856 4781 eri.

662 4820 764 4889 pit.
799 4819 934 4873 Nam
974 4817 1273 4888 fragrantia
1320 4819 1496 4874 thuris
1530 4835 1694 4890 quam
1735 4821 2007 4877 latissime
2038 4822 2388 4877 diffunditur.
2432 4820 2703 4876 Praeterea
2755 4838 2986 4892 corpora
3031 4822 3123 4875 diu
3150 4835 3553 4878 conservantur
3595 4824 3781 4887 integra
3816 4814 3852 4866 si

666 4912 1109 4974 conspergautur
1138 4906 1272 4960 sale.
1307 4904 1576 4961 Praeterea
1611 4908 1694 4963 sal
1724 4910 1993 4978 optimum
2021 4910 2276 4965 ciborum
2306 4918 2391 4964 est
2430 4907 2871 4963 condimentum.
2908 4905 3044 4962 Nam
3078 4919 3401 4963 sanctorum
3432 4924 3613 4965 sermo
3634 4904 3787 4975 gratia
3811 4908 3855 4952 et

666 4993 782 5048 sale
805 4992 1064 5047 conditus
1092 5003 1197 5056 est,
1230 4994 1693 5063 quemadmodum
1735 5005 1921 5052 monet
1957 4998 2272 5067 Scriptura.
2306 4996 2384 5051 De
2418 4996 2504 5052 his
2538 4997 2613 5051 ita
2642 4996 2850 5051 dicitur
2889 5014 2902 5047 :
2942 5015 2960 5047 ι
2998 4995 3111 5051 Vos
3145 4998 3281 5053 estis
3315 4998 3397 5051 sal
3428 5009 3583 5053 terra:
3615 4997 3676 5048 ”.
3712 5012 3728 5045 ι
3771 4990 3849 5043 νϐ’
3898 5006 3904 5017 ’

667 5095 789 5134 rum
816 5080 872 5133 in
908 5079 1152 5134 Sabbato
1183 5089 1592 5150 proponuntur,
1641 5090 1702 5138 ut
1733 5085 2017 5155 aperiatur
2055 5096 2171 5139 tum
2205 5084 2423 5139 demum
2470 5083 2752 5138 Christum
2801 5086 3148 5138 incarnatum
3178 5085 3272 5150 iri,
3310 5101 3435 5139 eum
3469 5085 3685 5141 mortale
3708 5091 3853 5153 genus

665 5168 925 5223 maximis
957 5166 1122 5238 374
1146 5175 1200 5221 et
1225 5167 1482 5237 plurimis
1504 5178 1725 5225 auctum
1763 5170 1933 5227 fuerit
1955 5172 2339 5227 incrementis.
2362 5170 2460 5225 Vel
2484 5171 2529 5225 si
2569 5170 2660 5225 hic
2686 5171 2867 5240 magis
2895 5172 3142 5226 arriserit
3171 5187 3394 5239 sensus,
3420 5169 3717 5227 memineris
3741 5164 3852 5219 Sab-

669 5255 781 5311 bati
825 5265 1043 5325 tempus
1078 5256 1182 5309 hoc
1224 5270 1371 5319 esse,
1402 5271 1511 5327 quo
1536 5257 1863 5313 demandata
1901 5268 1986 5315 est
2031 5259 2299 5330 apostolis
2336 5258 2679 5329 prmdicaudi
2712 5258 2864 5312 verbi
2904 5258 3073 5312 divini
3122 5260 3433 5329 provincia,
3469 5268 3529 5314 ut
3567 5253 3852 5313 annuntient

664 5344 877 5400 Christi
905 5346 1225 5409 adventum,
1264 5359 1426 5414 quem
1466 5360 1591 5400 cum
1623 5362 1733 5401 non
1772 5348 2135 5403 admitterent
2174 5346 2458 5412 lsraelitze,
2502 5345 2687 5413 inquit
2718 5342 2924 5399 Paulus
2954 5363 2968 5398 ε
3006 5364 3023 5396 ι
3056 5344 3228 5414 Igitur
3254 5346 3581 5414 relinquitur
3618 5337 3853 5397 sabbatis-

666 5447 789 5485 mus
810 5431 1009 5502 pepulo
1040 5430 1137 5485 Dei
1157 5430 1223 5483 ".
1258 5449 1275 5482 ι
1322 5429 1380 5483 In
1404 5442 1706 5501 conspectu
1738 5432 1955 5487 Domini
1984 5449 2106 5503 pro,
2131 5440 2381 5487 onuntur
2400 5447 2591 5502 panes.
2618 5431 2758 5497 Quia
2794 5433 2882 5485 hic
2919 5432 3159 5487 libenter
3183 5433 3365 5487 cernit
3395 5440 3633 5495 sanctos,
3660 5424 3741 5496 qui
3767 5433 3849 5476 ceu

644 5518 977 5588 .cxemplum
999 5517 1270 5588 propositi
1304 5524 1438 5571 sunt
1469 5517 1708 5585 caeteris,
1746 5526 1807 5572 ut
1841 5534 2035 5575 eorum
2072 5520 2217 5574 facta
2242 5520 2554 5575 imitentur.

743 5698 785 5728 “
814 5695 1004 5767 Matth.
1032 5710 1113 5767 Itt,
1243 5764 1254 5767 _
1279 5697 1325 5727 "
1356 5694 1551 5753 Matth.
1584 5714 1640 5763 v,
1674 5696 1757 5767 μ.
1874 5699 1917 5729 ’⁸
1947 5697 2084 5753 Luc.
2121 5716 2220 5763 xu,
2245 5700 2335 5753 55.

2245 5700 2335 5753 35.
2444 5701 2487 5729 ”
2518 5699 2533 5751 l
2573 5698 2771 5754 Thess.
2798 5716 2854 5764 v,
2956 5700 3013 5763 2,
3047 5705 3158 5763 4;ι
3193 5701 3339 5755 Petr.
3378 5717 3452 5767 tv,
3492 5701 3575 5755 15.
3667 5695 3707 5729 ’⁸
3732 5685 3847 5767 P53]-

661 5782 873 5833 axxtu,
920 5765 974 5820 6.
1049 5757 1281 5821 “'Psal.
1324 5783 1376 5832 v,
1433 5767 1487 5822 4.
1601 5757 1819 5824 ’⁵Ρεοὶ.
1870 5784 2056 5835 cxxxt,
2118 5757 2217 5826 Π(
2313 5772 2358 5801 ¹⁶
2419 5769 2580 5823 Joau.
2639 5786 2705 5835 v,
2760 5757 2852 5825 55.
2926 5757 3170 5825 "Matth.
3204 5786 3257 5836 v,
3293 5772 3379 5825 l3.
3440 5757 3680 5824 "'llebr.
3721 5757 3846 5824 ",9.
