4090 6522
294 378 409 444 ’ῖ31

1338 373 1881 435 COMMENTARII
1910 373 1990 432 ΙΝ
2010 366 2475 432 ΙιΕῊΤΙΟΗΜ.

3474 372 3595 436 782

389 488 454 543 Ει
482 486 901 543 ετιιηινιιανοηὶε
924 495 975 538 et
1001 485 1241 552 ﬁliorum
1271 486 1410 554 ejus,
1444 496 1493 540 et
1523 486 1680 540 edent
1707 502 1819 545 eos,
1846 493 1954 538 etc.
1995 483 2100 555 [9.]
2129 484 2400 538 Omnibus
2428 484 2577 538 enim
2622 483 2799 538 instar
2830 484 3141 555 Spiritualis
3170 486 3437 551 convivii,
3473 502 3568 556 ap-

298 581 512 649 posita:
540 584 675 628 sunt
706 573 1029 644 apostolicae
1061 572 1397 644 Scriptum.
1423 573 1696 627 Praeterea
1734 574 1855 627 loco
1892 571 1985 626 Dei
2026 572 2235 625 utimur
2269 571 2595 627 doctoribus
2628 572 3031 628 sacerdotibus.
3067 572 3341 630 Caeterum
3371 576 3569 631 Chris-

296 675 406 724 tus
438 684 601 722 suum
639 670 822 729 cibum
859 674 1023 721 vocat
1068 665 1235 720 tidem
1271 666 1521 731 illorum,
1554 666 1649 735 qui
1698 673 2014 719 servantur.
2054 660 2201 715 Dicit
2247 660 2398 715 enim
2432 676 2447 712 :
2482 679 2500 711 ι
2544 660 2656 731 Ego
2694 662 2879 716 cibum
2924 663 3100 718 habeo
3146 665 3563 730 comedendum,

295 770 477 825 quem
504 770 601 810 vos
624 756 854 811 nescitis
883 756 952 809 ”.
989 774 1008 806 ι
1040 754 1097 807 In
1128 751 1523 809 ditIerentibns
1560 762 1745 808 autem
1779 749 2160 805 tabernaculis
2185 756 2409 803 exstant
2438 748 2653 803 Christi
2689 756 2745 803 et
2775 758 3096 805 sanctorum
3133 752 3269 822 typi.
3303 750 3438 806 Nam
3466 752 3575 808 Deo

296 854 375 895 se
412 842 709 910 plurimum
748 842 916 895 homo
952 840 1286 895 insinuavit.
1323 839 1451 895 Sive
1476 839 1741 902 Joannes,
1782 839 1876 907 qui
1920 839 2193 908 processit
2226 852 2288 891 ex
2321 835 2553 901 Iudaeis,
2591 844 2647 889 et
2675 837 2918 906 apostoli
2959 853 3054 906 per
3080 839 3217 909 legis
3247 842 3454 894 cultum
3496 843 3576 895 si-

297 926 672 993 gniﬁcantur.
695 925 963 982 Caeterum
994 927 1231 981 duorum
1256 926 1762 982 tabernaculorqu
1790 924 2157 981 differentiam
2185 921 2637 978 edocuitPauius
2660 924 2850 979 dicens
2887 940 2899 978 :
2940 944 2957 975 ι
2996 924 3053 979 In
3076 927 3314 995 primum
3348 928 3575 997 quidem

301 1015 735 1069 tabernaculum
778 1029 997 1083 semper
1038 1012 1422 1083 ingrediuntur
1471 1012 1796 1069 sacerdotes
1830 1014 1896 1078 ³ο,
1939 1032 1958 1065 ι
1994 1021 2101 1069 etc.
2137 1011 2427 1080 lPrtelerea
2458 1012 2603 1081 quod
2644 1012 2755 1082 typi
2799 1013 3128 1066 transierint
3171 1016 3237 1068 ad
3285 1016 3575 1072 veritatem

316 1115 497 1169 supra
522 1102 844 1167 edisseruit,
868 1100 1063 1154 dicens
1090 1118 1102 1153 :
1136 1118 1155 1150 ι
1190 1100 1478 1153 Sacriﬁcia
1507 1109 1560 1155 et
1584 1099 1894 1154 oblationes
1929 1109 1982 1154 et
2016 1101 2340 1153 holocausta
2371 1114 2472 1168 pro
2500 1106 2729 1168 peccato
2762 1099 2986 1154 noluisti
3019 1099 3088 1165 ³¹,
3127 1119 3146 1153 ι
3172 1110 3278 1156 etc.

400 1186 461 1240 Et
490 1190 623 1241 exiit
671 1190 818 1257 ﬁlius
862 1185 1109 1241 mulieris
1146 1184 1506 1250 Israelitidis,
1555 1195 1663 1241 etc.
1704 1185 1847 1258 [l0.]
1880 1186 1961 1241 Ex
1992 1184 2259 1257 Egyptio
2287 1186 2451 1240 Patre
2480 1196 2706 1239 creatus
2748 1196 2836 1240 est
2875 1188 3232 1257 blasphemus
3265 1191 3376 1244 ille.
3428 1190 3582 1256 Qua-

311 1285 547 1345 propter
577 1275 887 1345 segregavit
919 1275 988 1328 ab
1025 1274 1362 1343 alienigenis
1396 1273 1679 1329 Israelitas
1710 1277 1850 1329 Deus
1885 1274 2154 1330 inducens
2183 1289 2279 1330 eos
2312 1273 2377 1327 ad
2411 1273 2669 1345 pietatem
2698 1273 2885 1326 statim
2932 1274 3001 1327 ab
3033 1274 3172 1344 ipsis
3201 1277 3574 1329 incunabulis.

315 1362 385 1417 In
416 1363 651 1434 [Egypto
686 1379 836 1419 more
872 1364 1165 1434 gentilium
1193 1364 1474 1419 vixerunt.

408 1474 466 1527 '0
494 1474 627 1527 Θεὸν
665 1474 1081 1546 καταρώμενος,
1114 1474 1235 1528 τινα
1270 1473 1490 1527 κελεύει
1529 1473 1665 1527 Θεὸν
1712 1472 1898 1543 ἕτερον
1928 1506 1932 1515 ς

2074 1469 2177 1536 Qui
2242 1484 2374 1524 vero
2432 1479 2764 1527 exsecratur
2813 1468 3025 1533 Deum,
3076 1485 3238 1532 quem
3295 1468 3580 1526 invocabit

315 1565 406 1629 εἰς
450 1566 549 1636 τὴν
584 1567 684 1635 τῆς
733 1568 875 1637 ἀρᾶς
927 1566 1258 1637 βεϐαίωσινς
1294 1568 1365 1619 Ἦ
1400 1565 1562 1634 δῆλον
1610 1566 1692 1619 ὃτι
1738 1566 1905 1618 αὐτὸν

317 1658 449 1711 καθ’
478 1657 696 1712 ἑαυτοῦ.
736 1659 936 1729 Ἐχρῆν
980 1658 1079 1730 μὲν
1114 1656 1210 1713 οὖν
1254 1659 1554 1730 παρεῖσθαι
1597 1656 1697 1711 τοῦ
1738 1656 1904 1726 φθεγ-

318 1754 563 1821 ξαμένου
598 1755 698 1826 τὴν
740 1753 1019 1822 γλῶσσαν.
1053 1754 1288 1827 Προνοίᾳ
1331 1756 1388 1808 δὲ
1423 1755 1521 1823 τῆς
1561 1755 1741 1824 δίκης,
1778 1752 1903 1807 οὔτε

318 1845 533 1912 ἀγαθὸν
564 1843 924 1913 ὑπερϐάλλον,
951 1843 1079 1898 οὔτε
1130 1845 1301 1899 κακὸν
1347 1843 1729 1908 ὲπισκιάζεται
1765 1844 1904 1913 πρὸς

322 1937 556 2006 ἔλεγχον
589 1936 851 2008 ἀρετῆςῆ
900 1936 1135 1999 κακίας’
1177 1936 1264 1988 ἵνα
1300 1934 1399 2004 τὴν
1442 1935 1561 2004 μὲν,
1596 1933 1868 2004 ἀποδοχῆς
1890 1951 1903 1964 ·

321 2028 428 2098 τὴν
456 2027 531 2090 δὲ,
562 2025 839 2096 τιμωρίας
875 2024 1106 2097 ἀξιώσῃ.

2010 1562 2180 1616 Deum
2223 1560 2293 1615 ad
2330 1561 2771 1615 confirmandam
2826 1563 3446 1619 exsecrationemHmo
3494 1581 3580 1620 se-

2009 1656 2309 1722 metipsum
2352 1662 2673 1708 exsecratur
2717 1652 2829 1710 ille.
2882 1652 3081 1710 Verum
3128 1672 3354 1712 necesse
3403 1656 3617 1713 fuerat-

2010 1754 2070 1798 ut
2103 1745 2191 1800 ille
2224 1745 2388 1800 homo
2414 1745 2655 1816 elinguis
2680 1754 2842 1800 natus
2868 1756 3037 1812 esset,
3070 1763 3139 1802 ne.
3170 1748 3224 1803 in
3261 1749 3365 1804 hoc
3397 1753 3582 1820 prola-

2009 1835 2232 1893 beretur
2261 1837 2466 1891 scelus.
2496 1836 2564 1889 At
2590 1836 2938 1907 providentia
2972 1854 3149 1908 paenae
3171 1856 3349 1911 neque
3379 1844 3581 1896 bonum

2009 1927 2290 1982 excellens
2326 1942 2428 1981 nec
2464 1928 2631 1982 etiam
2664 1930 2869 1983 malutn
2902 1930 3253 1998 obscuratur,
3286 1934 3584 2003 quominus

2010 2016 2328 2071 declaretur
2352 2016 2439 2071 vel
2473 2016 2655 2071 virtus
2681 2017 2765 2072 vel
2782 2018 2977 2073 vitium
3002 2037 3015 2085 ;
3040 2020 3220 2077 virtus
3243 2023 3296 2076 in
3320 2024 3421 2078 hoc
3442 2040 3586 2078 com-

2011 2119 2202 2181 parata
2236 2118 2345 2175 est,
2386 2118 2446 2163 ut
2473 2111 2776 2181 recipiatur
2803 2128 2818 2167 :
2850 2120 2905 2167 at
2932 2113 3124 2167 vitium
3158 2115 3339 2189 paenis
3366 2116 3584 2173 feritur.

404 2229 512 2283 Lex
542 2228 693 2282 nulla
716 2208 896 2298 posita
936 2224 1143 2289 iuerat,
1176 2240 1286 2294 qua
1322 2225 1700 2295 plecterentur
1734 2222 2062 2295 blasphemi,
2089 2222 2201 2279 Deo
2235 2223 2359 2294 ipso
2377 2238 2488 2278 non
2515 2223 2653 2278 citra
2675 2238 2832 2279 suain
2861 2225 3266 2296 providentiam
3285 2227 3574 2283 dit'l‘ercnte

330 2318 488 2371 illam
522 2331 768 2385 ptenam,
802 2323 859 2367 ut
888 2311 1141 2382 exemplo
1172 2310 1477 2372 horrendo,
1516 2311 1610 2381 qui
1639 2311 1841 2381 reliqui
1888 2318 2034 2367 metu
2083 2310 2546 2381 percellerentur,
2583 2325 2703 2366 eam
2733 2311 2907 2382 legem
2960 2314 3225 2368 sanciret.
3261 2314 3585 2371 Secundum

332 2404 670 2460 sententiam
708 2400 801 2457 Dei
840 2401 1152 2456 sceleratus
1188 2399 1283 2454 ille
1325 2399 1547 2470 ejicitnr
1581 2400 1809 2466 castris,
1862 2400 2069 2470 quibus
2100 2397 2263 2468 quasi
2313 2398 2471 2453 oneri
2506 2397 2700 2453 fuerit.
2754 2397 2826 2453 Ut
2862 2400 3131 2470 populum
3169 2401 3590 2458 consuefaceret

330 2491 401 2544 ad
438 2492 718 2560 pietatem,
759 2488 805 2541 ei
837 2488 1097 2556 impetat,
1130 2494 1190 2540 ut
1227 2486 1345 2542 suis
1380 2486 1637 2542 manibus
1666 2487 1819 2543 illum
1859 2487 2158 2558 perimant.
2179 2483 2316 2550 Quia
2348 2500 2479 2539 vero
2520 2486 2567 2542 is
2595 2487 2892 2555 eratquasi
2926 2486 3064 2556 lapis
3085 2496 3139 2541 et
3165 2487 3429 2557 lapideus,
3468 2504 3587 2544 mc-

332 2581 444 2633 rito
469 2578 746 2647 lapidibus
770 2575 1050 2630 obruitur.
1087 2574 1360 2629 Praeterea
1395 2573 1481 2629 lex
1519 2575 1692 2629 edicit
1722 2575 2006 2639 omnibus,
2050 2589 2119 2629 ne
2160 2575 2287 2645 quis
2316 2574 2664 2645 blaspliemet
2704 2574 2874 2630 Deum
2927 2591 3093 2646 quem
3126 2577 3279 2640 colit,
3309 2579 3525 2632 etiamsi
3558 2594 3590 2633 ε

332 2665 479 2719 l‘also
502 2664 910 2718 nominatorum
943 2660 1090 2716 Deus
1123 2661 1218 2715 ille
1248 2662 1323 2717 sit
1359 2676 1610 2715 numero.
1638 2660 1774 2715 Nam
1809 2677 1965 2718 mens
1995 2662 2293 2733 delinquit,
2328 2662 2494 2717 etiam
2529 2663 2659 2716 dum
2691 2662 2783 2717 Dei
2814 2679 3018 2718 nomen
3052 2664 3164 2718 illis
3188 2664 3318 2730 diis,
3350 2667 3442 2736 qui
3478 2683 3589 2722 non

331 2761 489 2815 sunt,
522 2750 739 2805 tribuit.
775 2748 979 2804 Deinde
1008 2756 1203 2818 peccat
1235 2763 1399 2803 mens
1421 2748 1569 2818 quod
1593 2764 1720 2802 cum
1745 2763 1846 2802 nec
1879 2750 2079 2805 debeat
2109 2752 2233 2806 illos
2263 2751 2514 2806 venerari
2567 2752 2703 2808 deos
2730 2762 2782 2807 et
2812 2762 2992 2807 tamen
3036 2763 3335 2809 veneratur
3370 2772 3384 2809 :
3410 2763 3467 2810 et
3509 2757 3592 2811 iu-
3636 2736 3645 2747 ’

331 2840 497 2894 terim
536 2852 755 2906 quoque
792 2839 940 2908 quod
994 2835 1122 2891 lllos
1154 2835 1529 2903 blasphemat.
1570 2832 1967 2891 Verumtamen
1990 2837 2126 2892 tales
2162 2852 2271 2891 non
2310 2839 2487 2908 punit,
2518 2838 2614 2892 sed
2659 2839 2882 2909 reliquit
2914 2844 2966 2892 in
3002 2840 3145 2894 mala
3186 2841 3407 2897 illorum
3452 2858 3591 2899 con—

335 2927 574 2982 scientia
605 2925 754 2981 istud
780 2924 1071 2989 delictum,
1098 2937 1202 2978 nos
1239 2923 1595 2978 solummodo
1631 2922 2029 2988 assuefaciens,
2067 2940 2135 2979 ne
2159 2924 2232 2978 im
2254 2926 2341 2995 pie
2369 2925 2663 2994 loquamur
2686 2926 2754 2981 de
2780 2924 2910 2983 Deo.
2937 2924 3041 2993 Qui
3075 2942 3207 2983 vero
3236 2929 3591 2997 blaspheme.

334 3017 449 3067 rint
481 3028 671 3068 verum
705 3011 897 3078 Deum,
936 3011 1067 3066 illos
1089 3011 1241 3066 haud
1274 3010 1410 3066 sivit
1440 3010 1580 3065 hanc
1610 3011 1947 3079 impietatem
1983 3008 2219 3063 auferre
2242 3009 2493 3065 inultam.

408 3122 483 3175 Τὺ
520 3120 829 3192 ὀνομάζειν
853 3122 974 3176 ἀντὶ
1008 3122 1102 3176 τοῦ
1143 3121 1549 3191 καταρᾶσθαι·
1613 3124 1783 3195 1ἤγουν
1818 3141 1910 3177 κου

2089 3114 2388 3171 Nominare
2430 3117 2534 3172 hoc
2588 3118 2708 3171 loco
2746 3119 2975 3188 ponitur
3014 3136 3113 3189 pro
3158 3123 3450 3177 exsecrari.
3492 3119 3586 3177 Vel

333 3211 495 3276 λάζει
534 3213 630 3266 καὶ
672 3212 734 3264 τὸ
781 3211 1027 3281 ἀκαίρως
1056 3212 1221 3266 αὐτοῦ
1269 3211 1609 3281 φθέγξασθαι
1653 3213 1910 3285 τοῦνομα.

2019 3206 2197 3276 pinnis
2235 3208 2457 3277 subjicit
2500 3208 2662 3262 etiam
2715 3208 2890 3274 illum,
2936 3211 3028 3281 qui
3069 3227 3176 3265 non
3218 3213 3274 3266 in
3317 3220 3587 3280 tempore,

336 3304 498 3369 Τινὲς
526 3305 584 3358 δὲ
619 3304 935 3374 ὀνομάσαι,
966 3305 1026 3358 τὸ
1079 3304 1375 3376 σαφηνίσαι
1433 3306 1564 3373 φασὶ
1605 3306 1675 3376 ,τὸ
1715 3323 1915 3376 τετρα-

2020 3301 2115 3354 sed
2145 3308 2351 3356 temere
2375 3302 2553 3370 ipsius
2589 3317 2790 3356 nomen
2819 3304 3092 3358 sonuerit.
3118 3303 3229 3361 Nec
3249 3308 3473 3369 desunt,
3496 3306 3591 3373 qui

337 3395 676 3464 γράμματον
701 3392 834 3463 παρ’
874 3392 1151 3463 Ἐϐραῑοις
1178 3392 1369 3462 ὄνομα.
1650 3436 1665 3441 ,.

2019 3392 2122 3446 sub
2167 3392 2335 3447 verbo
2399 3394 2696 3460 nominare,
2749 3398 2937 3450 volunt
2984 3396 3323 3467 significari,
3364 3413 3433 3452 ne
3467 3399 3592 3466 quis

2023 3482 2378 3554 aggrediatur
2420 3486 2641 3554 aperire
2677 3493 2732 3539 et
2775 3487 3087 3555 patefacere
3136 3502 3333 3543 nomen
3370 3486 3464 3543 Dei
3515 3496 3596 3542 te-

2025 3580 2499 3643 tragrammatum.

421 3685 486 3739 Et
515 3687 693 3751 homo,
719 3686 809 3755 qui
842 3686 1165 3753 percusserit
1211 3699 1419 3737 onmem
1455 3684 1696 3737 animant
1732 3683 1987 3748 hominis,
2014 3696 2120 3741 etc.
2160 3687 2301 3759 [17.]
2336 3689 2717 3760 Blasphemiaa,
2761 3707 2869 3762 qua
2917 3700 3221 3747 lcmeratur
3253 3693 3416 3756 Deus,
3462 3710 3597 3749 con-

338 3774 529 3842 jungit
560 3772 938 3825 homicidium.
986 3771 1098 3824 Nec
1126 3771 1488 3839 blasphemus
1517 3770 1771 3839 punitur,
1805 3778 1865 3824 ut
1907 3772 2003 3841 qui
2043 3776 2299 3829 inStituat
2342 3776 2780 3846 blasphemando
2812 3794 3020 3834 nocere
3053 3779 3185 3844 Deo,
3220 3782 3479 3848 quamvis
3510 3797 3596 3835 re-

344 3877 475 3915 vera
507 3875 665 3914 nemo
688 3858 1258 3928 mortalisquidquam
1291 3857 1488 3912 laedere
1524 3857 1698 3927 possit
1718 3854 1955 3913 Numen.
1991 3861 2068 3915 Ita
2094 3863 2187 3931 qui
2213 3862 2572 3917 homicidium
2596 3866 2913 3930 committit,
2942 3867 3205 3921 damnum
3238 3869 3334 3921 dat
3356 3870 3405 3925 ei
3432 3884 3595 3937 quem

347 3948 635 4004 interﬁcit.
662 3947 799 4001 Cum
835 3949 1003 4016 igitur
1035 3955 1145 4000 tam
1180 3946 1489 4014 blasphemi
1523 3960 1688 4015 quam
1732 3945 2025 4003 homicidas
2070 3949 2212 4004 idem
2252 3949 2323 4005 sit
2356 3952 2576 4005 animus
2610 3953 2867 4021 idemque
2904 3954 3271 4024 propositum,
3304 3956 3504 4011 merito
3539 3957 3597 4010 in

348 4037 697 4106 legislatione
728 4036 1165 4104 conjunguntur.
1204 4033 1473 4089 Similiter
1499 4050 1529 4089 a
1558 4034 1867 4101 contrario,
1898 4049 2021 4090 cum
2068 4041 2226 4092 docet
2267 4039 2609 4105 diligendum
2650 4039 2844 4107 Deum,
2885 4040 3149 4096 charitati
3194 4041 3288 4097 Dei
3317 4044 3601 4113 c0pu-lavit

353 4126 683 4178 sbaritatem
722 4122 984 4193 proximi.

420 4237 530 4292 Καὶ
562 4236 631 4301 ὃς
660 4234 735 4289 ἂν
768 4231 1006 4300 πατάξῃ
1051 4230 1296 4297 κτῆνος,
1323 4231 1421 4285 καὶ
1449 4229 1745 4299 ἀποθάνῃ,
1772 4232 1923 4284 ἀπο-

351 4328 573 4383 τισάτω
607 4324 825 4395 ψυχὴν
863 4324 997 4379 ἀντὶ
1036 4322 1267 4392 ψυχῆς.
1329 4321 1519 4390 Δῆλον,
1556 4322 1638 4374 ὅτι
1691 4322 1924 4391 κτήνους

348 4421 551 4491 ψυχὴν,
573 4418 715 4471 ὥστε
750 4415 1058 4470 ἀντιδοῦναι
1098 4415 1318 4484 κτῆνος.
1352 4412 1464 4483 (26)
1502 4412 1622 4482 Ἰση
1652 4408 1746 4465 οὖν
1778 4414 1811 4484 ἡ
1843 4413 1918 4465 δι-

350 4510 614 4578 καιοσύνη
640 4508 775 4578 πρὸς
805 4506 902 4576 τὴν
938 4506 1164 4575 φονικὴν
1194 4503 1537 4575 προαίρεσιν.

2107 4233 2172 4287 Et
2195 4235 2487 4304 quicunque
2523 4238 2838 4303 percusserit
2871 4238 3185 4303 iumentum,
3220 4238 3333 4293 luat
3361 4240 3599 4294 animam

2029 4337 2124 4389 pro
2160 4325 2340 4377 anima
2362 4324 2612 4393 jumenti.
2651 4323 3056 4396 [l8.]Aiiiniam
3094 4328 3329 4395 scilicet,
3364 4337 3596 4386 utcont-

2029 4424 2220 4484 penset
2247 4416 2521 4486 jacturam
2550 4415 2806 4485 iumenti.

430 4621 495 4675 Et
524 4623 613 4691 qui
638 4621 840 4675 dederit
868 4620 1135 4674 maculam
1161 4619 1429 4686 proximo,
1464 4629 1572 4673 etc.
1619 4618 1762 4691 [19.]
1795 4617 1949 4672 llaud
1983 4618 2414 4688 incongruentcr
2450 4619 2731 4673 homicidii
2765 4620 2867 4689 legi
2895 4621 3184 4675 subnectit
3234 4620 3408 4690 legem
3453 4622 3599 4692 inju-

353 4711 587 4764 riarum.
631 4710 774 4764 Idem
796 4709 887 4778 jus
930 4709 1038 4762 erit
1090 4707 1382 4777 peregrino
1411 4714 1466 4762 et
1492 4707 1786 4777 indigenae.
1834 4706 1967 4761 Nam
1992 4720 2095 4776 ego
2126 4705 2391 4761 Dominus
2421 4706 2563 4763 Deus
2598 4716 2802 4771 vester,
2833 4709 2929 4777 qui
2959 4707 3222 4763 videlicet
3262 4723 3388 4762 amo
3418 4711 3593 4780 ipsam

349 4800 622 4869 justitiam
658 4799 810 4853 nullo
845 4798 1035 4851 habito
1064 4811 1430 4866 personarum
1457 4804 1738 4865 respectu.
1783 4794 1946 4867 375
1986 4813 2004 4845 ι
2036 4794 2092 4849 Si
2123 4795 2250 4864 quis
2286 4795 2602 4849 vendiderit
2631 4794 2857 4850 domum
2888 4795 2942 4848 in
2973 4795 3110 4850 urbe
3137 4796 3412 4852 moenibus
3444 4798 3593 4852 cinc-

352 4898 431 4953 ta,
465 4889 595 4942 licet
626 4888 674 4941 ei
712 4885 992 4939 venditam
1035 4884 1260 4937 domum
1312 4884 1458 4938 intra
1498 4899 1705 4938 annum
1738 4884 2033 4938 redimere.
2071 4900 2089 4933 ι
2121 4884 2187 4935 At
2219 4881 2421 4951 prtedia
2459 4880 2664 4935 rustica
2710 4880 2827 4937 sive
2861 4881 3057 4936 domos
3099 4883 3340 4938 rusticas
3384 4899 3600 4954 semper

357 4976 491 5030 licet
535 4973 810 5028 redimere
851 4972 1147 5026 venditori.
1174 4971 1272 5023 Cui
1315 4985 1449 5025 vero
1490 4986 1599 5024 non
1630 4979 1798 5024 tanta:
1830 4976 1962 5024 sunt
1994 4967 2307 5033 facultates,
2336 4975 2397 5022 ut
2426 4968 2608 5038 possit
2640 4967 2916 5023 redimere
2943 4968 3238 5023 aedilicium
3269 4971 3418 5041 quod
3460 4988 3596 5028 ven-

354 5064 518 5130 didit,
554 5078 701 5117 anno
735 5060 1207 5130 quinquagesimo
1245 5059 1385 5112 citra
1410 5059 1570 5128 pretii
1604 5058 2052 5114 numerationem
2078 5063 2373 5125 recuperat
2404 5053 2684 5108 venditam
2704 5056 3142 5125 possessionem.
3173 5054 3310 5111 Nam
3335 5058 3599 5113 diuturna

355 5150 449 5203 illa
484 5150 761 5219 possessio
790 5163 887 5217 pro
949 5148 1123 5216 pretio
1152 5152 1460 5214 reputatur.
1499 5146 1649 5199 Bona
1684 5154 1862 5199 autem
1896 5144 2211 5199 Levitarum
2257 5157 2475 5212 semper
2511 5158 2541 5196 a
2572 5142 2779 5198 Levitis
2804 5142 2998 5197 redimi
3033 5154 3284 5214 possunt.
3328 5145 3429 5211 Qui
3454 5148 3598 5201 enim

355 5238 698 5309 privilegium
731 5235 951 5305 aliquod
990 5249 1019 5286 a
1056 5233 1164 5287 Deo
1194 5232 1427 5300 accepit,
1485 5242 1540 5285 et
1588 5242 1740 5286 recte
1770 5247 1895 5302 erga
1924 5232 2055 5288 illud
2093 5232 2328 5287 aﬂicitur
2356 5240 2415 5286 ut
2450 5234 2599 5301 quod
2637 5247 2666 5285 a
2712 5230 2822 5287 Deo
2861 5234 3157 5301 acceperit,
3192 5234 3486 5303 nullojure
3507 5251 3601 5288 ex-

355 5325 599 5379 cluditur
636 5325 706 5378 ab
738 5322 858 5388 ejus
881 5321 1255 5389 redemptione
1291 5326 1519 5390 propter
1576 5334 1733 5374 suam
1794 5320 2186 5374 constantiam.
2237 5318 2331 5374 Sic
2378 5317 2572 5385 David,
2615 5319 2867 5389 quamvis
2918 5333 3017 5374 sua
3054 5321 3407 5390 possessione
3438 5324 3597 5391 quasi

356 5411 522 5467 domo
551 5410 837 5474 exciderit,
868 5409 1132 5463 continuo
1155 5408 1222 5461 ad
1248 5407 1417 5461 Deum
1453 5422 1707 5463 reversus
1751 5414 1858 5474 est,
1893 5422 1996 5463 nec
2022 5408 2274 5478 privatus
2306 5413 2390 5463 est
2426 5406 2634 5463 honore
2655 5415 2709 5464 et
2740 5406 3028 5478 dignitate,
3062 5408 3231 5465 veluti
3259 5409 3600 5477 haereditate,

433 5570 478 5600 ’θ
517 5568 678 5622 Joau.
726 5583 797 5631 Iv,
824 5567 913 5621 52.
991 5566 1037 5596 ³⁸
1115 5564 1283 5619 Hebr.
1312 5579 1391 5631 Ix,
1420 5563 1473 5618 6.
1553 5564 1593 5595 "
1640 5563 1784 5619 Psal.
1823 5580 2012 5631 xutx,
2043 5564 2099 5617 7.

1864 5674 2096 5734 NOTAE.

432 5771 539 5844 (26)
571 5773 653 5826 Τὰ
682 5773 919 5839 ἑπόμενα
949 5770 1009 5823 οὐ
1036 5770 1212 5824 κεῖται
1236 5770 1294 5824 ἐν
1318 5767 1395 5841 τῷ
1413 5769 1510 5841 τῆς
1541 5769 1676 5836 Αὐγ.
1707 5768 1837 5823 κώδ.
