4090 6508
597 369 701 432 783
1923 368 2276 428 PROCOPII
2323 366 2567 426 GAZ/EI
3746 357 3839 422 781

597 501 762 555 quam
787 484 931 555 apud
967 482 1136 537 Deum
1164 483 1379 539 habuit.
1411 482 1518 549 Qui
1550 496 1688 537 vero
1728 496 1837 537 non
1870 483 2126 536 habuerit
2156 483 2322 536 talem
2350 481 2773 552 proprietatem,
2822 477 3042 548 qualem
3073 475 3263 540 David,
3292 474 3407 529 nisi
3448 474 3559 526 cito
3589 472 3770 527 redeat
3790 476 3839 527 in

600 576 767 637 viam,
801 587 957 628 suam
995 572 1385 642 proprietatem
1434 570 1667 636 amittit,
1716 569 2184 641 quemadmodum
2218 569 2375 631 Sani,
2409 569 2527 639 qui,
2560 582 2687 622 cum
2742 581 2850 622 non
2878 566 3140 621 continuo
3175 571 3554 619 reverteretur
3583 560 3647 614 ad
3688 560 3841 616 Deum

601 668 888 730 postquam
916 674 1028 713 non
1069 668 1362 715 exsecutus
1393 669 1514 713 erat
1579 658 1840 713 mandata
1893 658 2011 725 Dei,
2046 656 2253 712 decidit
2295 672 2486 727 regno.
2523 655 2734 712 Nactus
2786 664 2969 709 autem
3004 662 3091 709 est
3127 667 3491 708 successores
3521 665 3729 714 servos,
3758 650 3844 715 qui

596 767 659 803 ex
688 750 793 802 alia
823 756 979 803 erant
1010 748 1159 802 tribu
1196 748 1437 803 oriundi.
1461 747 1572 802 lloc
1595 747 1735 801 idem
1756 748 2123 818 significatur,
2149 746 2281 800 dum
2311 745 2548 800 dicitur:
2574 764 2594 795 ι
2629 743 3015 812 Suhjiciuntur
3046 740 3253 795 sanctis
3280 748 3481 809 gentes
3504 738 3575 792 ”.
3614 756 3633 789 ι
3662 736 3724 791 Et
3757 739 3846 792 ite-

493 888 499 894 .
597 851 717 890 rum
752 852 766 889 :
812 855 831 887 ι
867 834 1115 905 Subjecit
1141 835 1299 892 nobis
1323 836 1579 905 populos,
1613 843 1667 891 et
1695 845 1888 906 gentes
1919 836 2025 890 sub
2056 834 2224 905 pedes
2252 839 2475 888 nostros
2502 832 2569 885 ³⁸.
2609 849 2628 883 ι
2659 830 2825 885 Tales
2861 838 3019 883 erant
3044 828 3393 883 Gabaonitaz.

665 946 936 1011 Czeterum
966 963 1087 1018 quae
1114 949 1257 1003 ratio
1291 950 1582 1020 permittit,
1611 957 1670 1003 ut
1706 951 1916 1004 urbana
1941 951 2168 1005 mdificia

2346 949 2473 1012 Πῶς
2494 949 2549 1002 δὲ
2580 949 2647 1002 τά
2687 949 2787 1018 μὲν
2821 948 2878 1000 ἐν
2918 948 3072 1001 ἄστει
3104 945 3299 1015 μέχρις
3344 944 3505 1003 ἔτους
3536 939 3671 1003 ἐνὸς,
3710 940 3773 993 τά
3798 941 3846 995 δὲ

596 1038 746 1092 intra
769 1054 978 1094 annum
1020 1040 1461 1101 redimantur,et
1485 1041 1629 1094 villae
1659 1049 1924 1110 perpetuo
1958 1041 2173 1095 redem-

596 1131 805 1200 ptionis
866 1130 1109 1202 gaudent
1152 1132 1324 1203 jure?
1386 1133 1587 1187 Verum
1649 1132 1930 1203 legislator
1978 1148 2172 1203 parum

596 1232 757 1280 curat
788 1223 1113 1279 historicum
1146 1238 1366 1279 sensum
1408 1222 1634 1294 quando
1682 1223 1908 1278 disserit
1934 1222 2004 1277 de
2059 1223 2175 1293 spi-

594 1317 917 1373 ritualibus.
953 1317 1058 1383 Qui
1093 1319 1147 1370 in
1182 1320 1332 1386 agris
1362 1316 1478 1371 sive
1508 1330 1637 1369 rure
1670 1322 1843 1385 agunt
1889 1315 2050 1370 facile
2081 1331 2175 1369 ca-

594 1408 828 1478 piuntur
858 1422 982 1461 cum
1015 1406 1185 1461 nullis
1220 1413 1516 1460 teneantur
1550 1403 1748 1457 muniti
1780 1406 1976 1459 nturis.
2007 1403 2176 1475 Oppi-

594 1500 724 1554 dani
758 1499 1067 1554 civiliorem
1120 1506 1406 1554 sectantur
1469 1497 1593 1551 vitae
1644 1498 1940 1561 rationent,
1986 1506 2175 1568 utpote

593 1590 776 1661 legum
811 1591 1046 1647 scientia
1069 1590 1302 1661 praediti.
1338 1588 1552 1643 Rustici
1596 1588 1815 1658 quidem
1864 1588 2175 1646 fortissime

594 1698 696 1753 pro
725 1694 783 1738 se
813 1697 1057 1753 pugnare
1088 1682 1286 1739 solent.
1313 1682 1381 1735 At
1413 1680 1674 1751 oppidani
1710 1682 1905 1737 melius
1946 1684 2171 1737 consul-

594 1778 713 1826 tant
740 1770 810 1825 de
845 1772 1023 1826 salute
1067 1771 1352 1842 magisque
1412 1770 1608 1824 muniti
1659 1778 1809 1824 sunt.
1863 1771 1999 1825 Cum
2046 1787 2173 1826 vero

590 1861 786 1917 rustici
818 1877 920 1916 nec
955 1863 1190 1918 consilio
1233 1864 1471 1927 valeant,
1506 1877 1607 1916 nec
1665 1864 1875 1917 munita
1927 1865 2044 1918 loca
2090 1866 2173 1917 itt-

591 1952 793 2017 celant,
830 1954 875 2007 si
899 1952 967 2007 ab
992 1953 1247 2009 hostibus
1288 1952 1655 2021 debellentur,
1703 1954 1881 2022 magis
1936 1953 2169 2007 comini-

591 2044 926 2099 seratiouem
974 2052 1027 2100 et
1076 2044 1293 2099 veniam
1336 2055 1642 2111 merentur,
1675 2061 1840 2116 quam
1878 2045 2167 2115 oppidatti.

590 2134 864 2204 Oppidani
901 2150 1027 2189 cum
1085 2135 1138 2188 in
1180 2136 1316 2192 tntis
1372 2146 1658 2191 morentur
1698 2137 1861 2201 locis,
1896 2149 1949 2192 et
1981 2138 2171 2190 omnia

587 2226 982 2281 administrent
1018 2226 1177 2282 bonis
1213 2228 1484 2292 consiliis,
1519 2228 1563 2283 si
1610 2228 1929 2294 vincantur,
1964 2229 2169 2282 nullam

2277 1041 2398 1095 κατ’
2451 1039 2622 1111 ἀγρὸν
2668 1038 2965 1100 διαπαντὸς
3032 1036 3318 1105 λυτρωτά;
3386 1032 3533 1085 Ἀλλ’
3566 1031 3736 1093 οὐδεὶς
3782 1034 3848 1101 τῷ

2276 1130 2548 1201 νομοθέτῃ
2580 1129 2682 1199 τῆς
2718 1128 2960 1200 ἱστορίας
2992 1128 3147 1182 ἐσται
3177 1126 3357 1193 λόγος,
3388 1122 3506 1176 ἐστ’
3534 1121 3599 1176 ἂν
3629 1122 3695 1174 ἴοι
3725 1125 3848 1176 κατὰ

2279 1220 2409 1294 ῥοῦν
2444 1220 2592 1292 αὐτῷ
2638 1221 2708 1274 τὰ
2751 1219 3123 1289 πνευματικά.
3157 1217 3438 1271 Εὺάλωτοι
3485 1214 3666 1266 τοίνυν
3707 1215 3750 1265 οἰ
3798 1214 3847 1265 ἐν

2276 1316 2470 1385 ἀγροῖς
2511 1313 2805 1376 διαζῶντες
2830 1312 3149 1380 ἀτείχιστοι.
3175 1309 3320 1363 Ζῶσι
3348 1309 3409 1361 δέ
3450 1306 3658 1378 μᾶλλον
3697 1308 3849 1359 ἐπιει-

2277 1405 2389 1467 κῶς
2422 1405 2481 1459 ἐν
2515 1405 2718 1475 εἰδήσει
2768 1405 2951 1473 νόμιον
2984 1405 3032 1455 οἰ
3077 1401 3314 1456 ἀστικοί.
3350 1400 3470 1452 Καὶ
3532 1402 3582 1451 οἰ
3636 1399 3730 1468 μὲν
3763 1400 3847 1451 ἀν-

2276 1495 2555 1567 δρίσαιντο
2583 1496 2650 1549 ἂν
2676 1494 2817 1563 ὑπὲρ
2842 1492 3054 1547 ἑαυτῶν
3081 1492 3439 1563 μαχούμενοι,
3464 1491 3515 1543 οἱ
3541 1489 3597 1541 δέ
3623 1492 3847 1559 κρεῖττον

2276 1586 2405 1656 περί
2434 1585 2710 1656 σωτηρίας
2758 1583 3164 1654 βουλεύσαιντο.
3206 1581 3320 1634 Kal.
3363 1583 3485 1643 τοῖς
3532 1578 3632 1649 μὲν
3678 1579 3848 1631 ἁλοῦσι

2276 1678 2342 1730 δι’
2371 1676 2540 1748 ἄμφω
2581 1674 2904 1747 συγγνώμη,
2938 1676 2986 1727 οἰ
3034 1674 3215 1727 δὲκαὶ
3262 1672 3466 1741 τειχῶν
3522 1673 3616 1723 καὶ
3669 1669 3848 1740 βουλῇς

2281 1768 2603 1837 μετέχοντες
2662 1765 2908 1835 ἀγαθῆς,
2943 1763 3304 1835 ἡττηθέντες,
3334 1761 3739 1830 ἀσύγγνωστοι.
3793 1763 3849 1814 0i

2279 1860 2377 1930 μὲν
2410 1855 2503 1912 οὖν
2532 1858 2777 1912 Ἰουδαῖοι
2797 1858 2898 1928 τὴν
2929 1857 3094 1925 ἁγίαν
3122 1856 3277 1910 πόλιν
3294 1854 3582 1918 οἰκοῦντες
3603 1871 3616 1883 ·
3643 1855 3765 1924 περὶ
3791 1849 3849 1926 ἧς

2276 1968 2441 2021 φησιν
2478 1950 2505 2002 ὁ
2534 1950 2685 2013 Θεός.
2740 1968 2758 2000 r
2802 1950 2911 2002 Καὶ
2954 1948 3064 2016 ἐγὼ
3090 1948 3286 2017 ἔσομαι
3316 1946 3460 2017 αὐτῇ
3495 1986 3512 2009 ,
3545 1945 3697 2011 λέγει
3749 1945 3847 1997 Κύο

2276 2059 2414 2113 ριος,
2450 2044 2629 2111 τεῖχος
2663 2040 2833 2111 πυρὸς
2882 2040 3168 2103 κυκλόθεν,
3201 2038 3294 2093 καὶ
3351 2039 3435 2100 εἰς
3479 2036 3642 2100 δόξαν
3674 2036 3848 2105 ἔσομαι

2274 2136 2333 2187 ἐν
2369 2133 2521 2203 μέσῳ
2556 2133 2725 2202 αὐτῆς
2746 2150 2760 2164 ο
2801 2152 2820 2185 ι
2853 2131 2944 2184 καὶ
2975 2132 3161 2201 νόμοις
3192 2130 3504 2202 τραφέντες
3527 2170 3543 2191 ,
3576 2128 3846 2198 τοιγαροῦν

2275 2226 2370 2278 καὶ
2421 2224 2691 2293 ἔφασκον·
2755 2222 3080 2293 «Μακάριοι
3136 2223 3309 2293 ἐσμεν
3359 2219 3613 2291 Ἰσραὴλ,
3667 2220 3746 2272 ὅτι
3786 2219 3846 2272 τὰ

588 2317 885 2372 inveniunt
938 2333 1092 2387 spem
1150 2318 1348 2373 veniae.
1378 2320 1551 2373 Judaei
1584 2319 1776 2388 igitur,
1799 2321 1894 2388 qui
1922 2329 2167 2375 sanctam

2277 2286 2482 2388 ἀρεστά
2505 2315 2695 2386 Κυρίῳ
2730 2314 2953 2383 γνωστὰ
2976 2286 3111 2384 ημῖν
3134 2286 3271 2369 ἐστι.
3323 2331 3343 2365 ι
3381 2286 3514 2375 Πῶς
3539 2286 3634 2366 οὖν
3663 2311 3759 2364 οὐκ
3786 2311 3845 2365 ἂν

587 2407 873 2463 incoluere
897 2407 1110 2469 urbem,
1177 2407 1245 2463 de
1279 2424 1386 2476 qua
1439 2408 1521 2462 sic
1564 2407 1811 2478 loquitur
1833 2407 2119 2478 Scriptura
2157 2428 2169 2463 :

600 2509 620 2543 ι
652 2491 720 2547 Ει
738 2507 841 2563 ego
869 2506 966 2547 ero
1005 2493 1080 2554 ei,
1108 2494 1246 2547 dicit
1287 2493 1573 2557 Dominus,
1595 2511 1785 2551 murus
1821 2497 1965 2565 ignis
1988 2500 2039 2551 in
2066 2499 2175 2553 cir-

588 2582 767 2646 cuitu,
801 2588 857 2636 et
886 2582 942 2636 in
979 2582 1207 2649 gloriam
1234 2599 1330 2639 ero
1367 2585 1421 2638 itt
1456 2584 1638 2639 medio
1667 2586 1790 2655 ejus
1821 2586 1905 2649 ³⁸;
1948 2606 1965 2639 ι
2003 2595 2057 2642 et
2093 2590 2174 2643 le-

572 2674 746 2753 .gibus
765 2673 967 2729 eruditi
996 2674 1241 2745 optimis,
1276 2690 1382 2730 non
1408 2676 1667 2731 dicebant
1696 2693 1708 2729 :
1745 2697 1763 2729 ι
1795 2677 1946 2733 Beati
1976 2697 2172 2735 sumus

587 2765 781 2833 lsrael,
796 2766 925 2836 quia
942 2780 1065 2836 quae
1081 2767 1301 2835 placent
1319 2765 1570 2833 Domino,
1596 2777 1722 2823 nota
1742 2770 1903 2825 nobis
1921 2772 2167 2825 811111³⁸.»

587 2856 879 2924 Quomodo
909 2857 1078 2927 igitur
1109 2857 1379 2914 illiJudzei
1415 2872 1446 2913 a
1469 2860 1813 2916 ditentonihns
1846 2869 1977 2915 sunt
2002 2863 2169 2933 capti,

585 2956 640 3002 et
691 2946 1046 3003 vecordiores
1108 2961 1333 3002 evasere
1372 2950 1649 3018 gentibus,
1702 2966 1824 3019 quae
1871 2961 2173 3007 caruerunt

585 3038 721 3102 illis,
750 3052 871 3107 qua:
921 3038 1084 3093 modo
1113 3038 1490 3101 recitavimns.
1532 3040 1856 3094 beneficiis?
1881 3039 2171 3095 Verumta-

583 3145 708 3185 men
744 3130 1007 3185 obstinati
1068 3130 1147 3184 illi
1200 3128 1400 3195 Judmi,
1450 3132 1555 3187 nisi
1593 3147 1653 3186 se
1702 3132 1937 3187 laverint
1982 3145 2034 3188 et
2070 3149 2169 3188 co-

582 3232 914 3292 gnoscentes
950 3237 1065 3278 sua:
1100 3223 1324 3278 malitiae
1382 3223 1711 3279 fermentum
1752 3226 2038 3281 attulerint
2082 3242 2169 3281 re-

581 3312 916 3383 demptionis
967 3314 1205 3384 pretium
1267 3329 1376 3383 quo
1425 3329 1563 3385 epus
1591 3327 1695 3380 est,
1727 3330 1792 3369 eo
1836 3316 1958 3386 ipso
1992 3331 2165 3384 anno,

2275 2407 2501 2469 εἰκότως
2526 2403 2669 2478 ἦσαν
2697 2406 2803 2459 ὑπὸ
2846 2405 3120 2475 δαιμόνων
3143 2405 3454 2469 ἀνάλωτοι;
3484 2403 3846 2473 εὐπαράφοροι

2273 2500 2329 2552 δέ
2358 2498 2559 2568 μᾶλλον
2583 2498 2694 2551 τῶν
2726 2497 2894 2551 ἐθνῶν
2925 2498 2974 2550 οἰ
3008 2497 3146 2562 λαοὶ,
3177 2496 3481 2568 μηδετέρου
3518 2494 3841 2566 μετέχοντες.

2287 2590 2606 2659 ’Δὶλῖὅμως
2639 2590 2687 2641 εἰ
2730 2590 2803 2660 μὴ
2834 2588 3107 2658 νήψαντες
3137 2590 3357 2653 ἐκεῖνοι,
3397 2588 3497 2641 καὶ
3522 2588 3623 2657 τῆς
3653 2584 3845 2640 ἑαυτῶν

2275 2680 2480 2749 ζημίας
2502 2679 2759 2743 λαθόντες
2793 2678 3049 2748 αἴσθησιν
3083 2679 3523 2749 ἀνακομίσαιντο
3556 2675 3624 2731 τά
3660 2678 3842 2737 οἰκεῖα,

2272 2770 2368 2824 τοῦ
2399 2774 2495 2843 τῆς
2523 2770 2849 2842 λυτρώσεως
2890 2772 3248 2839 ἐνεστηκότος
3280 2769 3562 2833 ἐνιαυτοῦ,
3586 2767 3705 2822 καθ’
3739 2768 3792 2820 ὃν
3820 2766 3845 2817 ὀ

2273 2864 2467 2934 Σωτὴρ
2498 2863 2835 2934 ἐπεδήμησε,
2865 2864 3132 2933 διηνεκῶς
3166 2862 3562 2916 ὑποκείσονται
3592 2860 3669 2930 τῷ
3698 2876 3843 2929 πρια-

2276 2957 2442 3027 μένῳ,
2480 2955 2726 3009 τουτέστι
2758 2954 2836 3025 τῷ
2875 2956 3111 3027 Σατανᾷ.
3156 2976 3174 3008 ι
3214 2954 3347 3008 ’ἰδοῦ
3379 2954 3519 3027 γὰρ,
3558 2953 3709 3023 φησι,
3739 2953 3842 3012 ταῖς

2272 3047 2531 3117 ἀνομίαις
2560 3047 2714 3117 ὑμῶν
2747 3046 3051 3119 ἐπράθητε,
3086 3046 3182 3100 καὶ
3211 3050 3332 3111 ταῖς
3362 3045 3674 3117 ἁμαρτίαις
3705 3040 3843 3111 ὑμῶν

2272 3139 2639 3204 ἐξαπέστειλα
2663 3140 2763 3211 τὴν
2801 3139 3016 3211 μητέρα
3063 3139 3238 3211 ὑμῶν.
3271 3156 3289 3190 ι
3331 3139 3395 3191 Ἦ
3439 3138 3499 3192 δέ
3537 3136 3646 3190 τῶν
3690 3134 3841 3189 ἐθνῶν

2269 3233 2443 3304 ἀγέλη
2475 3232 2913 3305 ἀνεπικούρητος
2937 3226 3094 3297 οὖσα,
3112 3232 3406 3295 διαπαντός
3435 3232 3556 3283 ἐστι
3586 3226 3837 3298 λυτρωτῄ

2270 3323 2380 3376 Καὶ
2410 3324 2786 3393 οἰκτείραντος
2819 3322 2979 3387 Θεοῦ,
3014 3325 3107 3376 τὸν
3163 3323 3295 3376 ἴδιον
3337 3321 3681 3393 ἀπολήψεται
3719 3318 3838 3386 κλῆ-

580 3418 691 3473 quo
758 3403 1017 3460 Christus
1046 3405 1294 3470 advenit,
1336 3420 1555 3475 semper
1580 3407 1804 3461 obnoxii
1844 3418 1899 3462 et
1929 3408 2163 3478 subjecti

2273 3432 2386 3486 ρον,
2427 3415 2745 3486 κεκλημένη
2802 3416 2940 3485 πρὸς
2990 3415 3308 3486 ἐλευθερίαν
3362 3418 3423 3468 ἐν
3482 3414 3559 3485 τῷ
3607 3414 3712 3466 ἔτει
3752 3411 3840 3479 τῆς

578 3500 743 3547 erunt
777 3494 1036 3562 emptori,
1096 3494 1150 3547 id
1179 3503 1287 3556 est,
1318 3491 1576 3549 Satanae:
1613 3513 1630 3545 ‹
1679 3494 1819 3549 Ecce
1857 3497 2026 3561 enim,
2066 3497 2162 3562 ait,

2273 3503 2543 3571 ἀφέσεως,
2560 3505 2650 3557 ὅτε
2682 3508 2865 3559 πᾶσαν
2895 3506 2995 3577 τὴν
3027 3507 3119 3576 ὑφ’
3146 3507 3284 3576 ἡλίῳ
3310 3508 3410 3576 τῆς
3435 3508 3546 3559 τῶν
3572 3504 3827 3572 δαιμόνων

577 3592 806 3651 propter
856 3584 1181 3653 iniquitates
1237 3592 1448 3639 vestras
1522 3586 1822 3640 venundati
1881 3588 2060 3655 estis,
2107 3599 2161 3643 et

2273 3595 2586 3662 πλεονεξίας
2623 3597 2796 3667 ἀνῆκε
2827 3599 3086 3670 Χριστὸς,
3113 3599 3190 3668 τῷ
3216 3599 3331 3669 ἰδίῳ
3368 3598 3595 3668 σταυρῷ
3636 3598 3694 3649 τὸ
3728 3594 3835 3649 καθ’

580 3684 806 3742 propter
820 3684 1041 3744 peccata
1059 3685 1242 3732 vestra
1263 3677 1544 3747 repudiavi
1566 3686 1794 3733 matrem
1811 3688 2049 3735 vestram
2065 3682 2129 3735 ³⁸.
2144 3702 2161 3734 ι

2276 3685 2435 3757 ἡμῶν
2469 3688 2832 3757 καταργήσας
2861 3688 3249 3759 χειρόγραφον.

577 3767 846 3824 Caeterum
872 3786 1002 3840 grex
1037 3772 1349 3842 gentilium,
1400 3775 1493 3843 qui
1523 3773 1773 3829 custodia
1809 3782 1864 3830 et
1885 3776 2144 3846 praesidio
2181 3788 2354 3847 caret,
2392 3795 2609 3850 semper
2671 3782 2764 3851 jus
2821 3783 3219 3854 redemptionis
3247 3784 3432 3849 habet,
3469 3794 3525 3841 et
3564 3800 3630 3840 ex
3680 3784 3830 3836 mise-

585 3863 827 3921 ricordia
857 3872 913 3918 et
936 3866 1421 3921 commiseratione
1444 3866 1631 3921 divina
1683 3882 1843 3922 suum
1890 3871 2433 3940 recipitdominium,
2466 3882 2698 3929 vocatus
2747 3873 2813 3929 ad
2869 3876 3179 3931 libertatem
3228 3876 3285 3930 in
3362 3891 3511 3930 anno
3578 3875 3830 3931 remissio-

576 3958 687 4022 nis,
714 3974 838 4013 cum
865 3973 1057 4013 omnes
1093 3958 1365 4024 homines,
1415 3973 1557 4030 quos
1590 3959 1833 4014 intuetur
1861 3961 1966 4028 sol,
2002 3965 2307 4021 asseruerit
2369 3981 2434 4021 ex
2485 3967 2793 4022 daemonum
2856 3970 3124 4026 servitute
3185 3970 3440 4025 Christus
3484 3984 3651 4025 cruce
3722 3983 3829 4029 sua,

578 4049 794 4104 irritum
859 4048 1071 4105 faciens
1095 4051 1551 4121 chirographum,
1606 4052 1753 4123 quod
1804 4064 1927 4109 erat
1962 4066 2155 4111 contra
2196 4073 2319 4115 nos.

649 4160 809 4216 Nullo
834 4162 995 4217 modo
1013 4170 1197 4218 autem
1222 4163 1536 4218 alienantur
1555 4163 1797 4220 Levitica
1829 4168 1992 4222 bona.
2024 4169 2158 4223 Nam

2334 4173 2700 4242 Ἀνεκποίητα
2754 4173 2916 4227 δὲτά
2958 4174 3223 4228 Λευῖτικὰ
3274 4178 3386 4239 τοῖς
3446 4174 3826 4249 ἐρηρεισμένην

576 4253 681 4315 illi,
718 4253 811 4322 qui
843 4254 1063 4322 penitus
1095 4253 1279 4308 devoti
1304 4262 1433 4309 sunt
1470 4253 1602 4320 Deo,
1652 4257 1859 4311 nullam
1913 4259 2161 4314 sentiunt

2273 4264 2447 4334 ἔχουσι
2475 4265 2573 4338 τὴν
2596 4265 2811 4319 ἐλπίδα.
2852 4266 2963 4319 Καὶ
2992 4266 3122 4335 γοῦν
3161 4267 3254 4321 ἐπὶ
3292 4270 3358 4339 τῇ
3397 4267 3823 4341 φιλομαθέστάτῃ

578 4344 968 4399 alienationem
1007 4352 1196 4414 utpote
1226 4344 1445 4419 firmam
1499 4345 1767 4403 habentes
1797 4364 1972 4419 spent.
2008 4351 2157 4416 Qua-

2273 4357 2494 4427 11αριὰμ
2526 4356 2629 4427 ἔφη
2649 4374 2753 4424 που
2789 4359 2816 4410 ὁ
2848 4359 3101 4428 Χριστὸς,
3136 4361 3218 4413 ὅτι
3254 4379 3271 4412 ι
3302 4360 3412 4432 Τὴν
3438 4362 3612 4433 καλὴν
3648 4358 3820 4430 μερίδα

578 4446 802 4508 propter
823 4438 891 4491 de
924 4437 1261 4504 Maria,quae
1318 4437 1577 4492 audiendi
1624 4440 1854 4495 verbum
1903 4441 1994 4497 Dei
2030 4458 2157 4513 per-

575 4529 774 4600 cupida
792 4539 929 4593 erat,
962 4529 1142 4598 inquit
1170 4530 1425 4585 Salvator
1454 4547 1466 4583 :
1508 4551 1528 4584 ι
1555 4531 1758 4586 Bonam
1795 4544 2004 4602 partem
2040 4536 2153 4590 ele-

575 4622 674 4691 git,
707 4636 830 4691 quae
858 4636 968 4675 non
1028 4619 1318 4677 auferatur
1380 4622 1449 4677 ab
1493 4637 1557 4679 ea
1602 4624 1669 4677 ⁸⁷.
1708 4642 1727 4676 ι
1764 4623 2155 4683 Verumtamen

572 4712 821 4767 omnium
851 4712 1186 4768 universalis
1235 4712 1486 4778 libertas,
1558 4730 1679 4784 quae
1734 4730 1829 4785 per
1876 4716 2154 4771 Christum

572 4803 791 4872 obtigit,
833 4804 963 4859 licet
992 4805 1065 4859 sit
1114 4804 1311 4873 major,
1357 4812 1595 4860 attamen
1650 4806 1914 4872 Hebraeis,
1950 4810 1994 4864 si
2048 4818 2159 4864 tar-

2257 4446 2563 4513 ἐξελέξατο,
2596 4448 2719 4518 ἥτις
2756 4447 2855 4501 οὐκ
2880 4449 3317 4521 ἀφαιρεθήσεται
3350 4452 3548 4522 αὐτῆς.
3584 4471 3602 4505 ›
3630 4448 3761 4519 Πλὴν
3788 4449 3815 4514 ἡ

2264 4539 2488 4595 πάντων
2530 4540 2813 4612 ἐλευθερία
2852 4542 2941 4597 διὰ
2968 4544 3207 4614 Χριστοῦ
3232 4585 3246 4609 ,
3284 4547 3331 4598 εί
3379 4547 3474 4598 καὶ
3502 4545 3670 4616 μείζω
3711 4538 3817 4593 καθ’

2277 4631 2547 4704 Ἐϐραίων
2590 4635 2871 4705 ἐπήρτησε
2920 4634 3105 4703 φόϐον,
3142 4636 3218 4707 μὴ
3270 4635 3465 4690 θᾶττον
3530 4631 3813 4691 ἐπανιοῦσιν

2265 4722 2349 4791 (οὐ
2382 4723 2491 4792 γὰρ
2548 4723 2612 4793 δὴ
2649 4724 2918 4795 φήσομεν,
2979 4725 3054 4789 ὡς
3104 4724 3439 4779 κεκώλυνται
3483 4726 3621 4796 μετά
3664 4719 3813 4774 ταῦτα
3878 4744 3885 4747 -

2266 4813 2430 4867 πάλιν
2488 4816 2850 4886 ἐπανελθεῖν),
2897 4817 3014 4871 ἀλλ’
3057 4820 3138 4881 εἰς
3194 4818 3433 4888 ἔμφασιν
3468 4818 3677 4891 εἴρηται
3726 4806 3803 4864 τοῦ

572 4895 701 4950 dius
731 4902 1162 4959 reverterentur,
1192 4896 1427 4950 incussit
1446 4904 1673 4951 metum.
1701 4895 1819 4951 Non
1850 4899 1995 4953 enim
2028 4900 2166 4955 dici-

2273 4905 2571 4973 ΰφείλοντός
2601 4926 2659 4961 τε
2687 4912 2783 4963 καὶ
2812 4910 3135 4981 πρέποντος.

577 5002 718 5051 mus,
747 4986 895 5056 quod
924 4986 1035 5041 illis
1073 4985 1284 5041 reditus
1314 4988 1386 5041 sit
1426 5001 1552 5057 spes
1587 4990 1771 5045 omnis
1804 4990 2076 5060 adempta.
2101 4991 2301 5048 Verum
2332 4996 2425 5051 illa
2492 5000 2845 5068 pronuntiata
2884 5010 3012 5056 sttut
3079 5002 3254 5073 magis
3298 5002 3474 5073 gratia
3510 5003 3646 5072 ejus,
3683 4991 3807 5068 quoll

573 5080 694 5133 fieri
726 5087 783 5133 et
809 5078 1008 5133 debeat
1037 5088 1093 5133 et
1130 5080 1448 5133 conveniat.

644 5171 867 5224 Interim
904 5177 1087 5225 tamen
1123 5179 1445 5226 sanctorum
1480 5173 1773 5230 haereditas
1805 5185 1857 5231 et
1889 5186 2070 5234 sortes
2099 5179 2324 5235 illibatae
2352 5188 2779 5245 conservantur,
2818 5195 2921 5235 nec
2971 5181 3188 5235 illarum
3227 5181 3473 5237 dominia
3498 5177 3803 5236 transferun-

574 5267 685 5314 tur.
708 5256 891 5323 Quare
918 5257 1086 5326 igitur
1119 5258 1304 5328 inquit
1327 5257 1584 5316 Ezechiel
1618 5278 1632 5313 ι
1674 5280 1691 5314 ι
1730 5262 1786 5317 Si
1851 5263 2063 5321 dederit
2113 5268 2371 5337 princeps
2434 5269 2658 5323 domum
2720 5270 2811 5322 uni
2860 5285 2924 5323 ex
2962 5270 3090 5323 filiis
3136 5269 3254 5323 suis
3290 5269 3359 5335 ³⁸,
3398 5287 3416 5321 ι
3456 5278 3596 5334 etc.,
3628 5262 3803 5335 quibus

574 5348 757 5402 verbis
780 5346 1073 5401 erudimur
1100 5346 1147 5401 si
1174 5346 1301 5417 quis
1326 5347 1594 5418 pontifex,
1631 5351 1726 5420 qui
1760 5368 1826 5407 eo
1858 5353 2152 5423 dignitatis
2183 5363 2268 5410 est
2291 5365 2539 5422 evectus,
2570 5365 2628 5412 ut
2670 5357 2934 5428 p0pulum
2969 5358 3263 5427 gubernet,
3292 5358 3360 5413 de
3384 5358 3503 5414 suis
3534 5355 3682 5413 bonis
3708 5348 3803 5404 filio

573 5432 796 5488 domum
821 5435 1208 5505 assignaverit,
1244 5434 1365 5505 ejus
1398 5436 1707 5493 dominium
1744 5449 2010 5511 perpetuo
2037 5444 2180 5512 apud
2214 5442 2383 5499 filium
2421 5460 2872 5514 permansurum.
2913 5446 3064 5498 Bona
3095 5445 3319 5515 quidem
3354 5445 3629 5515 puntificia
3654 5449 3801 5494 trans-

509 5577 514 5580 .
575 5519 834 5575 feruntur
861 5532 914 5576 et
944 5522 1371 5593 usueapiuntur,
1399 5526 1493 5581 sed
1525 5542 1634 5582 non
1666 5529 2025 5599 egrediuntur
2053 5530 2146 5585 illa
2181 5531 2355 5587 tribu.
2379 5529 2476 5587 Sin
2514 5546 2646 5587 vero
2670 5531 2895 5587 domum
2921 5531 3133 5587 dederit
3156 5532 3322 5604 376
3351 5548 3532 5599 servo,
3565 5541 3697 5587 anno
3726 5536 3800 5576 η-

650 5699 693 5774 ς]
724 5696 870 5774 Ps_al.
903 5702 1135 5774 κυνικέ.
1213 5701 1260 5732 ⁸³
1301 5702 1469 5757 Eccli.
1509 5720 1579 5769 tv,
1612 5705 1701 5760 15.
1781 5705 1826 5736 ⁸⁵
1858 5706 2090 5760 Zachar.
2120 5722 2168 5759 ll.

2345 5708 2390 5740 ⁸·
2419 5708 2662 5763 Baruch.
2702 5724 2775 5773 tv,
2812 5708 2868 5762 4.
2942 5709 2989 5740 ³⁸
3022 5712 3128 5764 lsa.
3178 5727 3228 5774 ι,
3264 5710 3315 5764 1.
3430 5711 3476 5744 ³⁷
3502 5710 3628 5766 Luc.
3651 5719 3699 5765 x,
3723 5689 3795 5752 49-

572 5767 621 5802 ³⁸
648 5766 844 5822 Ezech.
872 5783 1018 5833 xui,
1060 5770 1147 5836 lii.
