4090 6538
234 404 344 468 785
1224 421 1763 482 COMMENTARII
1818 423 1901 482 IN
1945 423 2201 485 LEVITI
2207 423 2388 484 CUM.
3394 420 3502 482 786

234 519 522 577 missionis
551 522 645 579 illa
683 528 1105 598 recuperabitur
1130 537 1186 584 et
1223 530 1279 585 in
1333 532 1614 601 integrum
1676 532 2024 586 restituetur.
2065 531 2339 587 Creterum
2387 531 2719 603 gravissime
2763 529 3123 586 interdictum
3157 537 3267 597 est,
3312 545 3383 585 ne
3408 531 3499 585 cui

234 608 481 674 illorum,
512 624 655 681 quos
689 612 926 685 imperio
965 618 1124 688 regit,
1164 618 1437 674 violenter
1473 620 1651 689 rapiat
1696 636 1855 675 suam
1911 631 2119 676 sortem
2157 623 2240 676 vel
2285 619 2684 675 hereditatem.
2708 619 2777 673 At
2808 618 3089 684 Christus,
3123 635 3267 674 unus
3303 618 3415 673 dux
3447 628 3503 673 et

231 697 498 767 princeps
536 699 758 754 illorum
824 705 920 771 qui
980 704 1082 759 fide
1121 704 1525 773 justifieautur,
1580 708 1791 763 habens
1831 716 1944 761 tum
1977 721 2139 762 suam
2188 722 2314 761 cum
2359 706 2542 762 Patris
2581 714 2783 762 sortem
2823 704 3029 775 (omnia
3061 705 3207 760 enim
3242 720 3362 758 mea
3406 712 3502 757 tua

230 793 387 849 sunt,
419 794 473 839 et
503 795 594 840 tua
629 799 758 844 sunt
789 806 910 846 mea
939 794 1030 863 "),
1066 803 1128 847 ιιι
1159 794 1214 848 in
1247 794 1468 848 Psalmo
1499 798 1720 849 canitur
1748 811 1761 847 :
1803 814 1822 847 ‹
1856 795 2123 851 Ascendit
2159 795 2212 849 in
2246 795 2417 850 altum
2480 803 2533 849 et
2580 794 2855 865 captivam
2898 793 3058 849 duxit
3096 793 3500 862 captivitatem,

227 880 285 923 et
313 870 455 924 dona
479 871 629 928 dedit
654 876 799 930 inter
820 878 1075 935 homines
1103 880 1170 933 ‘°.
1216 900 1233 933 ι
1272 913 1338 922 -
1375 901 1392 933 ι
1423 881 1706 949 Quosdam
1754 884 1900 939 enim
1955 886 2008 939 in
2040 885 2291 941 Ecclesia
2336 884 2543 955 posuit,
2586 884 2768 954 primo
2796 884 3103 952 apostolos,
3136 882 3337 937 deinde
3371 896 3500 952 pro-
3527 867 3537 873 ’

228 958 449 1024 phetas,
487 960 688 1018 deinde
713 964 975 1021 doctores
1010 968 1078 1030 δι,
1111 976 1222 1023 etc.
1257 967 1532 1025 Praeterea
1570 970 1663 1023 illa
1694 969 1839 1025 dona
1879 984 2205 1041 permanent
2240 973 2396 1026 firma
2435 973 2610 1027 sacris
2650 970 2925 1026 ministris
2974 978 3031 1024 et
3088 971 3142 1024 in
3193 971 3500 1024 libertatem

227 1048 487 1102 assertis.
518 1046 839 1116 AtJudzeis,
872 1054 967 1121 qui
1004 1055 1192 1109 servili
1231 1057 1521 1125 agitantur
1546 1058 1768 1127 spiritu,
1792 1067 1845 1113 et
1873 1061 2063 1127 fidem,
2093 1076 2217 1130 qua
2249 1060 2558 1115 libertatem
2604 1058 2797 1122 donat,
2836 1057 3125 1127 rejiciunt,
3159 1059 3326 1111 etiam
3370 1056 3505 1111 sub-

228 1135 472 1189 trahitur
499 1138 675 1206 gratia
707 1153 805 1209 per
841 1138 1030 1196 Mosen
1075 1143 1225 1209 data,
1282 1159 1404 1214 quae
1436 1144 1501 1199 ad
1532 1145 1821 1200 veritatem
1855 1147 2032 1218 ipsam
2061 1163 2161 1202 ceu
2210 1146 2543 1218 paedagogus
2576 1144 2850 1215 quispiam
2900 1158 3003 1199 nos
3068 1145 3219 1199 ducit
3252 1160 3267 1196 :
3309 1161 3328 1196 ι
3365 1142 3503 1197 Nam

230 1227 460 1279 habenti
499 1228 743 1294 dabitur,
778 1239 833 1286 et.
864 1233 1171 1291 abundabit
1202 1253 1218 1290 :
1257 1238 1326 1293 ah
1373 1252 1462 1302 eo,
1517 1239 1611 1308 qui
1653 1253 1762 1292 non
1796 1236 1983 1297 habet,
2022 1234 2189 1289 etiam
2221 1233 2369 1304 quod
2398 1240 2555 1303 putat
2581 1247 2641 1287 se
2680 1231 2907 1293 habere.
2931 1229 3184 1286 aufertur
3208 1231 3276 1285 “.
3304 1248 3322 1281 ι
3361 1229 3509 1284 Sane

229 1314 358 1379 quis
392 1314 540 1368 dicat
584 1332 596 1367 :
632 1314 702 1372 Ut
731 1319 856 1388 quis
886 1322 1142 1391 pr0prias
1175 1323 1378 1380 habeat
1412 1325 1826 1394 possessiones,
1884 1322 2211 1392 neutiquam
2256 1321 2551 1375 honestum
2602 1317 2842 1372 videtur.
2889 1317 3182 1385 Siquidem
3235 1317 3507 1372 bonorum

230 1403 550 1471 proprietas
574 1407 714 1459 solet
771 1408 1058 1463 concitare
1115 1410 1259 1465 bella
1294 1418 1347 1465 et
1397 1412 1725 1472 seditiones.
1759 1422 1813 1466 et
1848 1420 1936 1466 est
1970 1412 2127 1480 quasi
2176 1410 2398 1464 initium
2432 1406 2622 1463 omnis
2660 1405 2951 1475 iujustitize
2985 1412 3041 1460 et
3075 1404 3310 1459 fraudis.
3345 1403 3511 1457 Com-

228 1491 421 1545 munis
444 1492 713 1546 bonorum
744 1511 901 1560 usus,
936 1498 1119 1567 qualis
1146 1499 1201 1552 in
1236 1499 1502 1570 paradiso
1523 1508 1670 1562 erat.
1705 1499 1882 1568 magis
1914 1497 2227 1553 laudandus
2279 1496 2440 1550 foret.
2476 1493 2681 1551 Verum
2714 1504 2770 1549 et
2802 1493 2934 1548 huic
2970 1491 3267 1561 objectioni
3306 1505 3510 1545 occur-

232 1579 599 1633 ratur.Scito
629 1580 721 1633 illa
754 1583 919 1644 mala,
968 1600 1090 1652 qua:
1144 1600 1208 1639 ex
1244 1586 1516 1642 bonorum
1578 1586 1845 1641 douiiniis
1900 1586 2182 1649 oriuntur,
2219 1584 2511 1640 emendata
2557 1598 2684 1638 esse
2724 1580 3116 1635 communione
3147 1588 3204 1635 et
3245 1578 3512 1635 societate

233 1668 570 1734 apostolica,
602 1670 826 1739 quando
860 1671 1162 1729 Christiani
1196 1677 1335 1730 bona
1366 1677 1551 1731 omnia
1584 1677 1859 1731 habebant
1883 1674 2225 1729 communia.
2278 1673 2347 1726 At
2397 1681 2647 1742 tempore
2686 1671 3067 1740 apostolorum
3091 1666 3202 1724 'illa
3234 1668 3523 1724 bonorum.

231 1755 558 1808 communio
622 1759 978 1822 censebatur,
1030 1769 1257 1831 propter
1312 1764 1557 1833 inopiam
1620 1764 1987 1833 quorumdam
2054 1763 2145 1817 cui
2202 1761 2638 1818 subveniebatur
2686 1759 2908 1814 virtutis
2972 1758 3301 1829 praeclarum
3346 1770 3510 1826 opus.

233 1840 507 1897 Caeterum
531 1844 586 1897 in
604 1843 790 1900 futuro
829 1848 1030 1903 saeculo
1060 1847 1149 1902 illa
1185 1852 1506 1905 communio
1526 1858 1582 1907 et
1616 1853 1861 1907 societas
1893 1850 2114 1905 llorcbit
2148 1864 2277 1905 cum
2312 1849 2463 1903 omni
2506 1847 2809 1902 afﬂuentia.

312 1987 470 2051 Ἕως
524 1986 810 2043 ἐνιαυτοῦ
863 1988 972 2057 τῆς
1024 1989 1303 2061 ἀφέσεως
1362 1990 1603 2061 ἐργᾶται
1665 1992 1860 2060 «apd

2008 1988 2184 2060 Usque
2213 1989 2281 2042 ad
2312 2003 2512 2042 annum
2543 1983 2898 2048 remissionis,
2930 1989 3038 2039 etc.
3087 1979 3333 2051 Septimo
3367 1990 3513 2032 anno

237 2078 364 2132 σοι.
396 2076 488 2148 Τῷ
526 2080 744 2152 ἑϐδόμῳ
788 2081 1025 2153 ἐνιαυτῷ
1072 2084 1282 2136 ἀνεῖναι
1336 2082 1688 2154 προστάττει,
1732 2082 1825 2135 τὸν

1964 2082 2314 2138 emissionem
2350 2080 2467 2136 fieri
2504 2079 2762 2151 imperat,
2802 2084 2862 2132 ut
2906 2076 2971 2130 ad
3002 2090 3126 2130 eum
3158 2073 3381 2129 modum
3417 2088 3513 2126 ve»

238 2171 346 2238 τῆς
391 2170 649 2224 ἁπάντων
700 2172 953 2241 ἀφέσεως
981 2173 1258 2245 τιμῶντας
1297 2175 1512 2243 καιρὸν,
1544 2173 1643 2243 τὴν
1692 2173 1831 2246 Χρι-

1964 2183 2199 2229 ιετεηιιιι·
2249 2173 2496 2229 omnium
2556 2170 2911 2228 remissionis
2971 2175 3192 2239 tempus
3259 2166 3516 2222 videlicet

245 2261 378 2313 στοῦ
423 2262 765 2332 παρουσίαν·
816 2264 876 2328 ὃς
913 2266 1056 2337 ὑπὲρ
1110 2266 1270 2338 ἡμῶν
1319 2266 1579 2334 ἀποδοὺς,
1609 2265 1669 2319 τὸ
1708 2263 1833 2319 καθ’

1969 2268 2229 2322 dventum
2258 2262 2491 2329 Christi,
2517 2265 2612 2337 qui
2652 2280 2752 2336 pro
2804 2260 2966 2318 nobis
3014 2259 3253 2314 traditus
3291 2256 3520 2314 sustulit

244 2352 408 2422 ἡμῶν
437 2352 609 2423 ἀνῆκε
640 2356 1031 2427 χειρόγραφον.

1970 2368 1988 2413 ι
2017 2358 2229 2415 remisit
2264 2358 2696 2431 chirographum
2733 2363 2937 2412 contra
2972 2366 3073 2408 nos
3093 2354 3385 2422 scriptum.
3495 2349 3502 2355 ’

317 2486 460 2543 Nam
492 2488 779 2563 Scriptura
816 2507 977 2549 sacra
1002 2492 1320 2563 septenario
1349 2503 1640 2566 comparat
1675 2510 1920 2565 praesens
1951 2496 2241 2560 saeculum,
2274 2495 2421 2567 quod
2457 2509 2525 2550 eo
2553 2491 2825 2564 temporis
2852 2490 3038 2563 spatio
3069 2503 3288 2558 semper
3317 2484 3383 2539 ad
3418 2498 3519 2538 sua

247 2574 413 2630 initia
465 2580 824 2633 revolvantur
865 2581 1009 2635 dies.
1062 2580 1200 2635 Nam
1252 2584 1577 2651 septimanae
1634 2585 1760 2640 linis
1807 2593 1893 2640 est
1945 2583 2251 2639 Sabbatum
2290 2583 2621 2640 :etvicinus
2648 2581 2767 2637 dies
2795 2590 3025 2637 octavus
3070 2577 3304 2632 alterius
3329 2574 3519 2629 saeculi

253 2663 591 2733 principium
624 2678 734 2731 est,
768 2683 899 2737 quo,
930 2668 1244 2723 interventu
1279 2672 1731 2735 resurrectionis,
1790 2671 1860 2726 ab
1901 2671 2163 2728 omnibus
2199 2671 2501 2727 liberamur
2528 2669 2754 2724 debitis.
2794 2667 2934 2722 Hinc
2976 2667 3056 2731 iit,
3089 2673 3149 2719 ut
3177 2663 3341 2718 etiam
3371 2675 3524 2715 com—

251 2766 520 2820 paremur
542 2769 650 2810 tere
679 2756 860 2810 alieno
882 2757 1203 2824 oppressis:
1238 2775 1256 2809 ι
1284 2757 1400 2812 Duo
1456 2758 1738 2814 debitores
1790 2768 1953 2814 erant
1986 2759 2198 2813 homini
2237 2758 2330 2813 uni
2361 2758 2430 2812 ⁸³.
2468 2777 2488 2810 ι
2527 2758 2801 2813 Prmterea
2843 2755 2899 2810 in
2936 2755 3190 2809 oratione
3239 2748 3525 2805 Dominica

253 2838 502 2894 dicimus
532 2860 545 2895 :
583 2859 601 2892 ι
640 2839 702 2895 Et
737 2841 956 2898 remitte
990 2843 1150 2898 nobis
1182 2843 1365 2899 debita
1385 2854 1575 2901 nostra
1610 2848 1677 2900 ιδ.
1714 2866 1732 2899 ι
1766 2845 2088 2902 Postulabat
2119 2846 2285 2917 igitur
2330 2845 2466 2915 legis
2502 2845 2831 2907 necessitas,
2877 2851 2938 2896 ut
2972 2855 3121 2895 anno
3175 2836 3527 2893 remissionis

255 2926 467 2993 singuli
501 2926 569 2982 ad
593 2929 832 2984 amissas
864 2929 1115 2985 redirent.
1142 2945 1299 3001 opes.
1335 2931 1606 2987 Ceterum
1665 2934 1933 2992 Dominus
1967 2936 2020 2990 in
2054 2937 2329 3008 integrum
2376 2935 2781 2991 restitutionem
2812 2933 3103 3003 pollicetur
3163 2930 3249 2983 his
3276 2926 3372 2997 qui
3405 2926 3528 2996 pul-

255 3014 395 3065 ειη-ε
417 3012 932 3070 administraverint
964 3017 1017 3070 in
1051 3017 1155 3072 hoc
1175 3020 1379 3073 mundo
1416 3020 1597 3075 aliena
1633 3039 1646 3075 τ
1681 3021 1764 3076 sic
1792 3020 1862 3077 de
1910 3025 2209 3080 contrariis
2235 3024 2400 3079 verba
2441 3022 2650 3079 faciens
2679 3040 2692 3075 :
2725 3040 2743 3073 ‹
2777 3020 2835 3075 Si
2879 3020 2936 3074 in
2972 3019 3155 3073 alieno
3195 3016 3385 3070 ﬁdeles
3416 3030 3525 3067 non

255 3096 473 3165 fuistis,
511 3109 753 3155 vestrum
786 3104 912 3171 quis
955 3104 1117 3159 vobis
1141 3105 1297 3161 dabit
1320 3106 1411 3159 δεῖν
1442 3126 1459 3159 ι
1491 3107 1621 3174 Quae
1654 3117 1838 3165 autem
1871 3123 2128 3182 spectant
2153 3112 2219 3167 ad
2259 3111 2574 3174 Hebrreum,
2612 3108 2707 3180 qui
2739 3107 3062 3165 servitutem
3092 3102 3365 3168 servierit,
3398 3100 3532 3155 satis

256 3195 523 3241 enarrata
562 3198 692 3243 sunt
725 3190 778 3243 in
813 3189 1025 3245 Exodo.

332 3318 456 3389 (27)
491 3317 658 3373 Ὅθεν
702 3321 736 3391 ἡ
774 3319 918 3391 ἁρχὴ
957 3321 1052 3375 τοῦ
1094 3323 1346 3378 ἐνιαυτοῦ
1378 3326 1530 3397 παρὰ
1564 3328 1678 3390 τοῖς
1716 3326 1847 3380 Ἰου-

2024 3329 2258 3397 Quidam
2308 3330 2408 3393 ait,
2462 3326 2594 3382 anni
2639 3325 2858 3382 initium
2904 3324 3047 3394 apud
3093 3322 3312 3379 Judaeos
3375 3327 3531 3377 certo

259 3412 437 3474 δαίοις
470 3413 785 3482 νενόμισται
818 3413 927 3466 ἀπὸ
961 3415 1059 3485 τῆς
1124 3417 1302 3487 ἀρχῆς
1328 3416 1420 3470 τοῦ
1452 3418 1700 3472 ἐνιαυτοῦ
1747 3419 1846 3490 τῆς

262 3506 540 3573 ἀφέσεως,
576 3506 695 3577 ἦτοι
744 3506 852 3561 ἀπὸ
894 3508 993 3578 τῆς
1036 3509 1214 3581 ἀρχῆς
1261 3510 1355 3564 τοῦ
1386 3511 1615 3581 ἑϐδόμου
1654 3512 1844 3584 μηνὸς,

264 3601 322 3649 ἐν
349 3592 397 3667 ᾦ
424 3599 457 3670 ἡ
481 3599 645 3670 ἑορτὴ
662 3598 755 3653 τοῦ
791 3599 1091 3670 ὲξιλασμοῦ
1121 3602 1450 3658 ὲπετελεῖτο.
1480 3604 1618 3658 Καθ’
1646 3607 1711 3676 ἢν
1735 3604 1849 3673 (28)

266 3694 441 3763 μόνην
466 3692 641 3764 εἰσῄει
668 3694 698 3746 ὁ
748 3694 925 3763 ἱερεὺς
951 3696 1030 3759 εἰς
1057 3695 1127 3748 τὰ
1163 3697 1333 3764 ’Ἀγια
1380 3696 1487 3750 τῶν
1524 3698 1713 3765 ἁγίων.
1750 3699 1849 3753 Διὰ

268 3786 429 3838 τοῦτο
505 3787 714 3857 κυρίως
774 3787 908 3840 αὐτὸ
983 3788 1245 3842 καλοῦσιν
1304 3791 1353 3842 oi.
1408 3789 1659 3844 Ἰουδαῖοι
1723 3792 1851 3858 ρεσ-

268 3875 413 3929 σαθὰ
448 3876 585 3945 (29),
615 3879 898 3932 τουτέστιν
922 3879 1064 3951 ἀρχὴ
1098 3880 1208 3932 τῶν
1238 3879 1297 3945 ἓξ
1324 3880 1640 3934 ὑπολοίπων
1668 3882 1853 3952 μηνῶν

268 3966 367 4018 τοῦ
397 3968 672 4022 ἐνιαυτοῦ.
698 3968 921 4039 Κυρὶως
945 3970 1054 4038 γὰρ
1079 3969 1112 4038 ἡ
1143 3969 1287 4038 ἁρχὴ
1319 3969 1430 4039 (50)
1460 3967 1555 4022 τοῦ
1582 3967 1852 4031 ἐνιαυτοῦ,

271 4059 373 4110 καὶ
405 4060 434 4111 ὁ
470 4059 687 4129 πρῶτος
725 4061 834 4131 μὴν
856 4062 884 4113 ὁ
912 4058 1125 4114 Νισσᾶν
1158 4062 1328 4126 ἐστιν,
1362 4061 1483 4132 ἦτοι
1508 4062 1535 4113 ὁ
1562 4058 1853 4125 Ξανθικὸς,

269 4148 299 4199 ὁ
350 4148 452 4200 καὶ
487 4148 786 4220 ’Δπρίλιος.
840 4150 981 4203 Ἀλλ’
1028 4149 1263 4221 ἐπείπερ
1309 4151 1560 4205 ἐνιαυτὸν
1602 4150 1723 4204 ὅλον
1769 4168 1861 4203 κε-

270 4240 526 4296 λεύονται
553 4242 902 4307 σαϐϐατίζειν
928 4242 1026 4315 τὴν
1058 4243 1185 4313 γῆν,
1217 4244 1442 4314 ἄρχεται
1464 4244 1519 4296 δὲ
1545 4242 1861 4310 ἀναγκαίως

272 4336 303 4385 ὀ
331 4332 711 4405 σαϐϐατισμὸς
742 4335 851 4389 ἀπὸ
878 4335 973 4389 τοῦ
1002 4336 1196 4407 καιροῦ
1228 4335 1322 4389 τοῦ
1357 4336 1583 4407 σπόρου,
1604 4335 1663 4388 οὐ
1694 4334 1774 4387 δεῖ
1807 4333 1863 4387 δὲ

277 4426 531 4496 σπείρειν
557 4428 785 4492 εἰκότως
810 4428 923 4481 ἀπὸ
955 4427 1046 4481 τοῦ
1078 4428 1310 4499 ἑϐδόμου
1348 4428 1538 4499 μηνὸς,
1571 4430 1628 4480 ὲν
1655 4419 1699 4495 ᾧ
1735 4428 1869 4481 σπό-

280 4535 439 4589 ριμος
470 4521 498 4573 ὁ
536 4519 748 4590 καιρὸς,
774 4518 873 4591 τὴν
912 4520 1087 4591 ἀρχὴν
1138 4521 1419 4574 ποιοῦνται
1468 4519 1562 4573 τοῦ
1612 4518 1864 4574 ἐνιαυτοῦ

1954 3431 2232 3478 constare.
2254 3420 2388 3476 Nam
2422 3420 2638 3475 initium
2669 3417 3016 3475 remissionis
3042 3416 3109 3472 ab
3134 3415 3292 3470 initio
3315 3416 3531 3483 septimi

1956 3513 2161 3583 petitur
2189 3513 2420 3576 mensis,
2456 3510 2511 3565 in
2572 3524 2737 3581 quem
2786 3507 3019 3564 incurrit
3067 3504 3396 3575 expiationis
3441 3518 3532 3557 so—

1957 3604 2216 3660 lemnitas
2248 3621 2263 3657 :
2297 3618 2408 3675 quo
2458 3611 2706 3673 tempore
2761 3600 2881 3656 solo
2921 3597 3167 3671 pontifici
3212 3594 3297 3651 fas
3329 3603 3415 3649 est
3449 3593 3534 3647 in-

1959 3705 2109 3753 trare
2146 3698 2201 3752 in
2257 3696 2459 3752 Sancta
2509 3704 2853 3752 sanctorum.
2909 3694 3258 3764 Quapmptcr
3314 3689 3537 3760 proprie

1955 3786 2128 3842 Judaai
2160 3796 2356 3842 vocant
2381 3787 2515 3841 illud
2542 3797 2758 3856 tempus
2795 3784 3189 3847 Rhesseththa,
3214 3782 3267 3836 id
3297 3788 3404 3845 est,
3431 3780 3538 3832 ini-

1959 3880 2096 3932 tium
2145 3893 2243 3934 sex
2306 3879 2651 3934 residuorum
2707 3877 3004 3933 mensium.
3043 3873 3377 3943 Principium
3407 3870 3536 3924 anui

1960 3972 2153 4028 incidit
2207 3973 2262 4027 in
2292 3971 2660 4037 Xanthicum,
2701 3986 2863 4040 quem
2904 3968 3076 4023 Judaei
3109 3971 3310 4022 vocant
3341 3961 3534 4023 Nisan.

1961 4073 2017 4119 at
2044 4062 2276 4119 Romani
2298 4064 2563 4134 Aprilem.
2589 4061 2786 4118 Verum
2808 4062 2935 4131 quia
2972 4059 3270 4114 Sabbatum
3294 4070 3538 4110 annuum

1963 4157 2226 4212 indicitur
2261 4165 2441 4221 terra},
2485 4155 2804 4212 necessario
2857 4152 3156 4209 Sabbatum
3186 4148 3320 4204 illud
3346 4146 3543 4217 incipit

1964 4264 1993 4303 a
2024 4256 2271 4319 tempore
2301 4248 2566 4305 sementis
2595 4265 2608 4300 :
2639 4263 2743 4303 nec
2779 4254 2963 4300 tamen
2996 4242 3261 4300 sementis
3291 4240 3541 4295 facienda

1965 4347 2071 4394 est.
2147 4339 2299 4394 Haud
2360 4342 2663 4410 incongrue
2692 4338 2810 4395 sive
2843 4338 3025 4407 inepte
3047 4335 3379 4407 principium
3416 4332 3544 4385 anni

1968 4428 2315 4485 remissionis
2337 4431 2684 4485 constituunt
2718 4446 2748 4483 a
2794 4428 3030 4499 septimo
3059 4440 3267 4489 mense,
3298 4423 3352 4478 in
3380 4437 3545 4492 quem

1967 4523 2234 4579 coincidit
2263 4524 2546 4581 sententis.

278 4615 381 4683 τῆς
409 4614 677 4684 ἀφέσεως.
717 4614 808 4667 Διὸ
849 4616 945 4668 καὶ
976 4614 1230 4669 Σάϐϐατα
1272 4614 1569 4669 Σαϐϐάτων
1611 4612 1860 4667 καλεῖται
1896 4616 2185 4688 ἡτοιαύτη
2257 4617 2443 4687 ἑορτὴ,
2487 4616 2610 4670 καθ’
2662 4617 2752 4686 ἢν,
2833 4616 2908 4676 ὡς
2955 4613 3193 4683 εἴρηται,
3244 4607 3469 4677 ἔμελλεν
3517 4606 3546 4655 ὁ

280 4706 385 4777 τῆς
417 4706 667 4776 ἀφέσεως
698 4709 792 4762 καὶ
819 4707 918 4778 τῆς
954 4708 1241 4778 μετανοίας
1274 4708 1539 4781 ἄρχεσθαι
1577 4709 1790 4780 καιρός.

352 4844 611 4901 Σάϐϐατα
662 4845 960 4899 Σαϐϐἀτων
1010 4847 1258 4900 καλεῖται
1309 4847 1341 4916 ἡ
1384 4847 1569 4917 ἑορτὴ,
1633 4846 1757 4899 καθ’
1798 4848 1860 4916 ἣν

2041 4844 2255 4898 Idcirco
2279 4841 2515 4897 Sabbata
2561 4839 2925 4893 Sabbatorum
2965 4834 3289 4889 nominatur
3324 4830 3546 4892 festum,

284 4938 513 5005 ἔμελλεν
538 4938 568 4990 ὁ
602 4939 704 5009 τῆς
751 4938 1002 5006 ἀφέσεως
1044 4938 1144 4992 καὶ
1185 4938 1287 5007 τῆς
1337 4938 1629 5009 μετανοίας
1683 4938 1871 5007 καιρὸς

284 5030 556 5101 ἄρχεσθαι
593 5029 685 5083 διὰ
717 5030 832 5098 (51)
880 5031 981 5099 τῆς
1023 5030 1341 5100 συλλήψεως
1386 5030 1480 5083 τοῦ
1526 5030 1869 5100 Προδρόμου.

288 5123 452 5175 Ὅθεν
502 5123 597 5175 καὶ
656 5124 781 5175 κατ’
839 5122 1202 5191 ὲτυμολογίαν
1237 5121 1331 5175 τοῦ
1388 5121 1670 5175 Σαϐϐάτου
1724 5121 1875 5175 ἐστιν

362 5299 407 5329 ³⁸
437 5296 601 5351 Joan.
655 5312 796 5357 xvtt,
842 5296 930 5350 10.
1035 5296 1078 5325 ⁵ο
1109 5295 1255 5350 [’sal.
1314 5311 1482 5359 ωινιι,
1535 5295 1618 5350 19.

291 5369 335 5398 “
364 5367 555 5421 Matth.
590 5383 665 5433 vt,
720 5367 807 5421 1‘2.
885 5366 929 5398 ⁸⁸
968 5364 1107 5419 Luc.
1150 5382 1263 5425 xvi.
1300 5365 1381 5419 1:2.

1722 5294 1764 5324 “
1799 5291 2007 5365 Ephes.
2048 5310 2121 5358 tv,
2180 5294 2263 5346 ll.

1976 4938 2030 4991 in
2053 4953 2165 5006 quo
2188 4936 2403 4989 initium
2440 4941 2786 5002 sumpturum
2816 4939 2933 4984 erat
2966 4926 3310 4983 remissionis
3342 4934 3395 4979 et
3436 4938 3552 4993 pm-

1978 5028 2224 5083 nitentiaa
2247 5033 2491 5094 tempus,
2528 5021 2780 5076 videlicet
2813 5019 2881 5073 ab
2900 5032 2967 5073 eo
2986 5025 3253 5085 tempore,
3289 5026 3400 5083 quo
3425 5026 3553 5066 con-

1977 5130 2171 5190 ceptus
2221 5124 2306 5173 est
2332 5115 2653 5170 Prtecursor
2707 5110 2940 5167 Christi.
2993 5107 3134 5163 Hinc
3171 5106 3335 5162 etiam
3367 5102 3546 5173 colligi

2363 5290 2408 5322 ’δ’
2444 5290 2634 5344 Matth.
2688 5303 2807 5348 xm,
2868 5285 2952 5339 12.
3064 5284 3111 5315 “
3142 5282 3275 5338 Luc.
3315 5295 3412 5346 vn,
3456 5280 3545 5333 ll.

1832 5476 2062 5534 NOTAE.

371 5572 480 5640 (27)
501 5571 640 5641 Φησὶ
664 5569 721 5623 δέ
742 5585 825 5630 τις
850 5568 923 5630 ὡς
952 5566 1158 5641 ’ἀρχὴ
1188 5569 1279 5641 τοῦ
1315 5569 1565 5641 ἐνιαυτοῦ
1591 5569 1742 5641 παρᾲ
1762 5574 1872 5634 τοῖς

298 5638 578 5707 Ἰουδαίοις
599 5641 933 5709 νενόμισται,
969 5638 1091 5691 ὅθεν
1113 5638 1157 5708 ’ὴ
1198 5639 1341 5709 ἀρχὴ
1366 5643 1459 5693 τοὺ
1496 5638 1745 5692 ἐνιαυτοῦ
1778 5642 1874 5708 τῆς

297 5715 544 5797 dessem;
585 5711 693 5765 ἀπὸ
723 5710 820 5777 τῆς
856 5709 1033 5778 ἀρχῆς
1073 5710 1169 5765 τοῦ
1200 5709 1313 5766 ὲϐδ.
1366 5728 1450 5765 κτ.
1494 5712 1553 5764 '0
1592 5713 1688 5779 τῆς
1736 5712 1871 5779 Αὑγ.

300 5798 485 5921 κωέὃ)
507 5854 633 5906 Ὅτε
663 5854 820 5924 μόνον
852 5854 987 5925 βατὰ
1009 5854 1086 5924 τῷ
1124 5852 1259 5921 ἱερεῖ
1292 5852 1359 5905 τὰ
1391 5852 1542 5921 ἅγια,
1569 5853 1732 5909 κτ.Ὀ
1752 5850 1874 5904 αὐτ.

1130 6068 1177 6081 ..η

2052 5554 2165 5635 (29')
2191 5566 2546 5639 frameas.
2570 5568 2627 5621 'o
2649 5569 2770 5639 αὐτ.

2045 5627 2160 5707 (5οδ
2189 5627 2356 5708 Ἀρᾷίὴ
2388 5640 2495 5708 γὰρ
2524 5637 2677 5708 ἔτους
2775 5632 3059 5708 Ξανθικδς.
3097 5630 3269 5708 Νισὰν
3310 5627 3543 5708 λεγόμες

1981 5697 2070 5797 νας
2102 5697 2234 5779 παρ’
2257 5697 2483 5770 Hdie-ig"
2540 5697 2691 5777 παρὰ
2724 5707 2779 5759 δὲ
2821 5704 3131 5775 Ῥωμαίοις.
3165 5697 3380 5768 Ἀπριλ.
3412 5697 3557 5758 κτλ.)

1977 5797 2103 5833 αυτ.

2056 5851 2171 5919 (51)
2208 5848 2361 5906 Ὑπᾶ.
2409 5847 2466 5901 Ὀ
2496 5846 2617 5902 αὐτ.
