3864 6502
478 5246 506 5309 ι

530 363 635 429 787

532 478 735 547 poterit
817 476 1039 535 Sabhati
1105 480 1439 540 benedictio.

532 583 754 637 quoque
784 569 987 624 dicitur
1045 560 1386 629 Sabachtha.
1445 576 1790 635 Consecrant
1812 592 1993 636 autem
2019 597 2109 637 re-

534 659 853 714 missionem
912 660 1165 727 Domino,
1206 665 1323 719 sive
1370 667 1516 736 quod
1580 671 1810 739 septima
1846 680 1950 734 est,
1987 686 2109 741 quae

533 751 782 807 innuitur
814 768 911 823 per
941 753 1271 825 dictionem;
1301 756 1503 814 Sabaa.

1829 380 2182 441 PROCOPII
2223 386 2466 445 GAZ/EI

1524 485 1808 557 Siquidem
1862 490 2106 545 remissus

2223 494 2353 548 ἰδεῖν
2397 496 2511 564 (52)
2562 498 2646 549 ὅτι
2702 496 2963 551 Σάὸακθα
3010 497 3124 565 (55)
3178 497 3433 551 καλεῖται
3488 496 3521 564 ἡ
3576 495 3759 564 ἄφεσις.

3672 382 3762 444 ἲ88

2226 587 2447 655 Ἀφιᾶσι
2470 587 2528 641 δὲ
2556 587 2728 656 αὐτὴν
2761 586 2912 657 ἱερὰν
2934 588 3012 658 τῷ
3043 588 3248 659 κυρίῳ,
3278 589 3366 641 δτι
3400 586 3597 656 ἑϐδόμη
3622 586 3764 649 ἑστιν,

2214 680 2240 730 ὃ
2270 680 2385 732 ἐστι
2410 679 2595 733 Σα6αὰ
2622 681 2756 749 (54).

608 866 677 924 Et
710 869 955 925 redibitis
990 875 1353 946 unusquisque
1373 878 1443 931 ad
1464 882 1855 948 possessionem
1884 898 2038 936 suam
2072 892 2121 936 et
2152 883 2205 934 in
2233 880 2470 948 patriam
2498 896 2675 941 suam,
2714 886 2822 933 etc.
2853 879 2993 950 [41.]
3022 879 3160 946 Quia
3193 877 3457 949 plurima:
3493 876 3775 929 mansiones

534 965 665 1010 aunt
696 959 839 1026 apud
874 959 1065 1024 Deum,
1100 969 1155 1016 et
1189 966 1577 1036 unusquisque
1610 985 1764 1022 suam
1796 970 2084 1024 sortietur.
2112 968 2244 1034 Qua:
2277 984 2406 1023 vero
2452 982 2559 1021 non
2593 966 2937 1036 fuerintjure
2968 968 3253 1029 restituta,
3284 965 3557 1020 videlicet
3585 967 3776 1033 propin-

534 1061 645 1107 quo
680 1062 787 1100 non
819 1046 1127 1103 reditnente
1176 1050 1362 1106 bona:
1395 1054 1489 1108 ubi
1533 1055 1937 1111 usumfructum
1990 1056 2307 1125 aliquandiu
2370 1056 2623 1109 habuerit
2668 1064 2903 1124 emptor,
2957 1055 3179 1109 tandem
3240 1068 3397 1109 anno
3456 1053 3779 1107 remissionis

534 1142 707 1195 gratis
735 1148 831 1187 ceu
858 1149 1060 1191 munus
1078 1137 1242 1207 377
1272 1138 1388 1203 Dei,
1418 1142 1601 1196 reddit
1632 1144 1882 1212 pristinis
1909 1145 2326 1213 possessoribus
2356 1144 2499 1199 bona
2535 1144 2646 1197 illa.
2674 1142 2810 1197 Nam
2862 1156 3068 1197 terram
3113 1142 3515 1213 promissionis
3561 1157 3626 1195 ex
3657 1140 3779 1194 dono

535 1218 725 1274 divino
762 1222 1124 1290 possederunt
1146 1222 1341 1282 Judaei.
1380 1227 1649 1284 Praeterea
1682 1241 1734 1284 et
1759 1231 1863 1299 ipsi
1892 1231 2115 1285 fuerunt
2149 1234 2293 1287 servi
2350 1232 2443 1287 Dei
2503 1230 2767 1301 redempti
2800 1238 2853 1285 et
2890 1232 2953 1284 ad
3004 1230 3313 1284 libertatem
3346 1228 3541 1283 vocati
3574 1228 3782 1297 septimo

536 1317 591 1361 et
617 1310 1074 1381 quinquagesimo
1104 1329 1272 1370 anno.
1312 1315 1521 1372 Idcirco
1553 1319 1771 1389 inquit:
1820 1338 1837 1370 ι
1872 1318 2026 1374 Servi
2064 1320 2189 1385 mei,
2218 1335 2359 1389 quos
2408 1318 2575 1372 eduxi
2608 1326 2807 1371 eterra
2831 1315 3077 1387 Egypti.
3114 1336 3132 1369 ι
3168 1316 3458 1370 Ceterum
3494 1315 3637 1368 servi
3673 1322 3782 1367 sunt

536 1396 750 1452 Christi
784 1399 970 1452 cuncti
1002 1402 1262 1456 mortales
1296 1403 1512 1459 liberati
1550 1404 1618 1459 ab
1642 1420 1707 1459 eo
1735 1406 1967 1459 servitio
1998 1407 2230 1461 molesto
2254 1405 2467 1461 mundi.
2502 1405 2687 1474 lnquit
2715 1404 2860 1458 enim
2885 1402 3178 1474 Scriptura
3214 1424 3229 1458 :
3275 1423 3291 1455 ι
3328 1401 3440 1457 Cui
3479 1400 3783 1456 dedideritis

537 1499 636 1539 vos
659 1501 850 1542 servos
882 1490 948 1541 ad
983 1488 1373 1556 obediendum,
1406 1492 1549 1547 servi
1586 1492 1707 1562 ejus
1728 1495 1883 1558 estis,
1911 1514 1930 1547 ι
1949 1494 2063 1549 sive
2082 1506 2308 1563 peccato
2335 1493 2747 1563 obtemperatis,
2774 1493 2983 1561 peccati
3008 1492 3140 1546 estis
3166 1490 3309 1545 servi
3337 1508 3353 1556 ;
3378 1490 3503 1544 sive
3538 1488 3785 1542 obedien-

537 1576 628 1629 tia:
657 1576 723 1630 ad
752 1576 1047 1645 justitiam.
1087 1578 1338 1649 Seipsnm
1371 1589 1494 1650 post
1526 1582 1832 1636 libertatem
1865 1599 1894 1637 a
1934 1584 2156 1639 Christo
2208 1583 2392 1636 datam
2426 1582 2612 1635 denuo
2643 1581 2697 1633 in
2734 1581 3061 1635 servitutem
3096 1578 3351 1647 eonjieit,
3389 1576 3441 1630 si
3491 1586 3711 1645 peccato
3737 1592 3786 1631 se

538 1665 850 1734 eonjungit,
885 1666 1350 1735 quemadmodum
1384 1667 1650 1724 llebraaus
1681 1668 1943 1741 Egyptio
1965 1671 2190 1726 servitio
2220 1675 2443 1738 ereptus
2471 1669 2516 1723 si
2539 1682 2600 1723 se
2623 1669 2822 1721 iterum
2856 1666 2911 1719 in
2937 1667 3261 1721 servitutem
3295 1672 3540 1733 propter
3572 1678 3786 1732 panper-

538 1763 703 1807 tatem
728 1755 935 1809 vendit.
958 1753 1160 1810 Verum
1191 1756 1473 1811 servitutis
1506 1758 1811 1813 necessitas
1838 1759 2224 1814 remittebatur
2259 1757 2487 1811 Hebraeo
2520 1756 2775 1810 libenter.
2800 1753 2917 1807 Non
2944 1754 3091 1808 enim
3125 1760 3337 1807 tantum
3364 1752 3521 1805 valet
3546 1752 3785 1820 pretium,

538 1840 687 1909 quod
723 1857 823 1911 pro
855 1842 1078 1898 vendito
1116 1855 1460 1911 ntuneratur,
1487 1854 1547 1901 ut
1581 1847 1810 1901 fratrem
1844 1856 2105 1917 perpetua
2142 1846 2420 1917 Opprimat
2456 1845 2745 1900 servitute.
2801 1843 2988 1911 lnquit
3040 1842 3187 1896 enim
3224 1858 3237 1892 :
3275 1840 3333 1895 Si
3378 1846 3785 1909 praeoccupatus

538 1928 889 1991 fuerithomo
917 1931 969 1983 in
993 1931 1181 1999 aliquo
1201 1931 1423 1992 delicto.
1467 1948 1587 1997 vos,
1636 1935 1733 2003 qui
1796 1932 2116 2004 spirituales
2154 1934 2311 1995 estis,
2347 1940 2655 1987 restaurate
2687 1931 2844 1985 illum
2884 1931 2942 1985 in
2978 1930 3176 2000 spiritu
3220 1927 3707 1983 mansuetudinis.
3735 1924 3788 1977 Et

537 2016 653 2071 haec
685 2025 814 2071 sunt
848 2018 936 2072 illa
961 2018 1185 2080 delicta,
1215 2036 1337 2090 quae
1364 2021 1706 2076 orationibus
1731 2021 2040 2083 hominum,
2063 2030 2298 2091 possunt
2326 2021 2554 2075 dissolvi
2586 2034 2684 2090 per
2714 2020 2944 2090 gratiam
2975 2018 3206 2083 Christi,
3231 2018 3325 2087 qui
3354 2017 3534 2071 solvit
3560 2022 3784 2084 peccata,

538 2119 661 2173 qua:
685 2104 866 2158 sancti
903 2105 993 2158 hic
1030 2107 1082 2159 in
1123 2116 1267 2160 terra
1303 2108 1593 2161 solverint.
1625 2108 1722 2163 Sin
1753 2125 1882 2163 vero
1910 2109 2205 2179 peregrino
2235 2110 2318 2163 vel
2352 2107 2578 2164 advenat
2606 2108 2660 2163 in
2682 2108 3000 2163 servitutem
3025 2107 3190 2162 datus
3212 2106 3403 2167 fuerit,
3436 2101 3786 2174 quemadmoo

537 2191 668 2247 dum
702 2192 797 2245 ille
842 2192 937 2260 qui
962 2193 1033 2247 ob
1064 2194 1290 2247 vetitam
1328 2193 1748 2249 fornicationem
1786 2195 2025 2249 traditus
2058 2205 2177 2250 erat
2202 2196 2445 2261 Satanae,
2486 2200 2557 2260 is,
2595 2197 2843 2266 inquam,
2886 2196 3123 2266 pretium
3176 2190 3595 2263 redemptionis
3621 2187 3784 2242 refun-

538 2276 652 2343 det,
682 2279 939 2335 videlicet
968 2282 1229 2353 operibus
1262 2283 1380 2338 suis
1412 2284 1679 2339 abolendo
1710 2293 1961 2355 peccata,
2009 2294 2233 2354 propter
2277 2300 2399 2353 quae
2448 2286 2503 2337 in
2557 2283 2843 2338 servitutis
2876 2284 3264 2338 necessitatem
3295 2281 3560 2335 devenit.
3612 2278 3681 2331 De
3704 2277 3783 2329 illo

538 2364 687 2420 fatur
713 2367 1010 2435 Apostolus
1050 2386 1063 2422 :
1101 2386 1117 2418 ι
1156 2368 1234 2422 Ne
1270 2370 1672 2425 ahundantiorc
1712 2372 1791 2425 vel
1834 2372 2039 2440 majore
2086 2372 2312 2426 tristitia
2366 2372 2730 2427 absorbeatur
2764 2370 2889 2424 talis
2923 2389 2941 2421 ι
2971 2379 3029 2425 ιιι
3073 2372 3164 2441 qui
3202 2386 3316 2425 suae
3355 2366 3698 2439 paenitentiae
3735 2368 3781 2416 et

538 2454 923 2509 conversionis
955 2457 1092 2510 satis
1114 2456 1341 2512 evidens
1362 2458 1648 2525 specimen
1673 2456 1910 2521 dederit,
1941 2467 1996 2513 et
2034 2474 2134 2513 suo
2164 2458 2442 2515 desiderio
2474 2467 2704 2515 testetur
2748 2469 2963 2529 tempus
2992 2474 3135 2523 esse,
3180 2468 3239 2512 ut
3265 2458 3582 2528 recipiatur
3613 2455 3664 2507 in
3692 2452 3781 2507 Ec-

538 2540 717 2598 clesiae
747 2557 989 2611 gregem,
1025 2557 1055 2596 a
1082 2559 1191 2613 quo
1222 2545 1484 2599 exclusus
1512 2543 1709 2599 fuerat.

608 2652 711 2703 Aut
749 2667 885 2704 unus
910 2667 975 2704 ex
1004 2651 1270 2720 fratribus
1301 2653 1414 2723 ejus
1451 2656 1669 2709 redimet
1704 2671 1843 2718 sinu,
1882 2653 2022 2727 [48.]
2054 2654 2186 2710 Jurc
2218 2653 2613 2723 redemptionis
2645 2653 2885 2722 gaudent
2934 2653 3010 2708 illi
3052 2653 3145 2723 qui
3178 2667 3276 2708 sua
3302 2652 3532 2721 justitia
3559 2658 3613 2704 et
3637 2646 3773 2702 fami-

535 2738 794 2799 liaritate,
826 2755 946 2809 qua:
979 2741 1111 2809 ipsis
1141 2753 1223 2796 est
1250 2758 1374 2796 cum
1411 2751 1722 2813 peccatore,
1755 2751 1988 2813 possunt
2028 2744 2175 2798 illius
2205 2742 2509 2796 dissolvere
2528 2742 2735 2807 debita,
2766 2741 3231 2811 quemadmodum
3256 2740 3358 2801 illi,
3392 2740 3493 2808 qui
3524 2744 3765 2807 apporta-

537 2836 671 2879 baut
696 2825 760 2877 ad
791 2824 1073 2879 Christum
1110 2829 1491 2899 paralyticum,
1524 2838 1745 2899 propter
1801 2828 1959 2882 Iidem
2020 2844 2175 2883 suam
2236 2831 2605 2900 impetrarunt
2642 2831 2863 2883 inﬁrmo
2906 2831 3224 2883 sanitatem.
3267 2828 3547 2881 Cmterum
3598 2822 3772 2877 fortior

536 2924 590 2967 et
629 2913 856 2967 validior
888 2923 973 2969 cst
1010 2916 1318 2983 spiritualis
1348 2918 1693 2987 conjunctio,
1732 2933 1897 2985 quam
1931 2918 2173 2970 amicitia
2206 2919 2322 2982 illa,
2353 2934 2473 2987 qua:
2506 2918 2690 2972 oritur
2745 2933 2811 2970 ex
2862 2917 3207 2987 praecedente
3237 2912 3616 2969 beneﬁcentia
3658 2922 3770 2976 erga

537 3001 840 3057 beneﬁcos.

609 3140 665 3194 Si
700 3152 878 3198 autem
916 3143 1171 3201 Hebraeus
1200 3147 1289 3202 ille
1312 3164 1421 3204 non
1452 3148 1769 3222 redemptus
1808 3151 1968 3208 fuerit,
2001 3168 2106 3222 quo

2283 3148 2345 3199 Εἰ
2378 3145 2437 3199 δὲ
2467 3146 2563 3199 καὶ
2597 3145 2672 3217 μὴ
2714 3143 2802 3197 διὰ
2838 3141 3163 3214 λυτρώσεως
3200 3140 3428 3210 δυνηθῇ,
3475 3142 3536 3193 ὲν
3576 3134 3653 3205 τῷ
3678 3134 3769 3184 ἐνε-

533 3228 772 3287 diximus
805 3234 984 3300 modo,
1018 3251 1162 3293 anno
1180 3238 1575 3310 redemptionis
1606 3244 1891 3312 pristinam
1914 3245 2110 3313 recipit

535 3323 867 3381 libertatem.
891 3326 1085 3383 Frater
1107 3331 1251 3384 enim
1284 3347 1392 3387 non
1424 3333 1621 3388 liberat
1650 3336 1729 3401 “;
1766 3348 1819 3391 at
1857 3336 2111 3391 Christus

536 3431 635 3469 nos
665 3417 873 3473 liberali
905 3434 1072 3474 causa
1133 3423 1329 3477 asserit
1361 3418 1573 3477 'manu.
1608 3424 1672 3477 Et
1700 3442 1860 3493 quem
1904 3425 2108 3495 judicis

534 3507 806 3560 sententia
831 3523 1047 3561 servum
1090 3512 1427 3578 pronuntiat,
1472 3513 1600 3567 huic
1648 3514 1821 3580 gratia
1880 3513 2107 3568 Iiberta-

536 3608 643 3651 tem
710 3600 924 3654 tribuit.
952 3598 1008 3654 lu
1070 3600 1188 3671 lege
1240 3618 1399 3657 nemo
1457 3606 1774 3673 pociebatur
1829 3606 2105 3670 libertate,

536 3691 642 3745 nisi
690 3692 875 3755 oblato
939 3693 1096 3763 prius
1173 3697 1370 3764 pretio.
1426 3696 1494 3749 At
1555 3697 1659 3753 sub
1715 3698 1939 3753 Christo
1997 3713 2105 3753 non

535 3783 811 3839 sulliciunt
875 3785 957 3839 vel
1037 3793 1282 3841 nostrum
1358 3788 1628 3857 pretium,
1708 3789 1790 3844 vel
1871 3790 2103 3860 pretium

534 3876 678 3945 quod
710 3878 801 3931 alii
854 3893 952 3948 pro
992 3878 1148 3933 nobis
1187 3879 1497 3949 persolvere
1529 3882 1701 3951 parati
1722 3888 1884 3945 sunt,
1916 3896 2104 3951 quem-

535 3966 830 4021 admodum
899 3984 997 4023 nec
1024 3967 1187 4023 Josiae
1212 3970 1423 4039 justitia
1455 3970 1662 4043 profuit
1702 3973 1901 4042 populo
1929 3971 2108 4028 Israe-

536 4058 711 4111 litico.
747 4057 947 4113 Verum
1011 4058 1174 4115 Mosis
1217 4061 1394 4117 virtus
1447 4062 1617 4115 valuit
1677 4063 1930 4118 nonnihil
2008 4079 2107 4137 pro

535 4151 739 4219 populo
778 4160 1027 4206 reccnter
1085 4162 1297 4220 vocato,
1365 4155 1458 4224 qui
1519 4155 1781 4225 nequibat
1818 4158 2107 4212 commode

534 4260 598 4299 ea
647 4250 970 4311 tempestate
1008 4244 1211 4312 puniri.
1262 4245 1608 4316 Quapropter
1652 4247 1827 4316 gratia
1887 4248 2109 4304 admisit

534 4334 703 4389 Musis
745 4334 1041 4405 justitiam,
1079 4337 1151 4391 ob
1184 4352 1347 4407 quam
1377 4348 1693 4407 pacaretur,
1742 4347 1965 4409 propter
2009 4357 2106 4395 co-

532 4427 871 4497 gnationem,
919 4443 1041 4499 quae
1078 4427 1157 4483 illi
1203 4444 1328 4483 cum
1382 4428 1487 4483 ista
1526 4438 1685 4499 gente
1715 4428 1912 4484 fuerat.
1958 4428 2105 4484 Nihil

533 4523 735 4581 dicitur
796 4524 865 4579 de
922 4523 1129 4579 Levitis
1176 4524 1229 4578 in
1284 4523 1604 4580 servitutem
1652 4524 1964 4594 rapiendis,
2026 4524 2108 4579 vel

534 4634 563 4668 a
621 4617 942 4686 propinquis
975 4618 1027 4669 in
1058 4617 1365 4671 libertatem
1424 4616 1785 4671 vindicandis.
1812 4614 1930 4669 Non
1958 4615 2104 4670 enim

2212 3238 2359 3309 αυτῷ
2388 3239 2490 3308 τῆς
2524 3238 2771 3306 ἀφέσεως
2795 3236 3013 3301 ἔξεισιν.
3053 3233 3308 3303 Ἀδελφὸς
3337 3232 3442 3302 γὰρ
3476 3231 3539 3283 οὐ
3568 3222 3769 3295 λυτροῦσ

2210 3349 2322 3396 ται,
2362 3328 2703 3401 λυτρὼσεται
2726 3328 2953 3399 Κύριος.
2985 3327 3096 3380 Καὶ
3129 3324 3157 3378 ὃ
3188 3324 3368 3394 κρίσει
3408 3323 3486 3393 μὴ
3521 3312 3765 3418 λύεται,οὴ

2210 3426 2368 3495 χάρις
2393 3423 2617 3493 ἀφίησιν
2639 3436 2653 3451 ⁸
2698 3422 2755 3473 ἐν
2788 3420 2889 3489 μὲν
2924 3418 3001 3488 τῷ
3026 3418 3199 3487 νόμῳ,
3248 3415 3324 3486 μὴ
3367 3413 3658 3483 διδομένων
3684 3404 3763 3456 λύ·

2209 3533 2388 3587 στρων·
2415 3516 2473 3567 ὲν
2502 3514 2558 3567 δὲ
2594 3512 2672 3583 τῷ
2701 3512 2945 3581 Χριστῷ,
2971 3510 3045 3581 μὴ
3067 3508 3440 3579 ἐξαρκούντων
3469 3504 3507 3558 ἃ.
3528 3520 3610 3566 τις
3639 3497 3762 3562 ὑπὲρ

2210 3606 2427 3669 ἑαυτοῦ,
2454 3606 2489 3676 ἢ
2519 3606 2678 3669 ἀλλος
2699 3604 2841 3675 ὑπὲρ
2870 3603 3035 3656 αὐτοῦ
3065 3599 3353 3670 καταθείη.
3385 3595 3472 3660 Ὠς
3496 3598 3595 3650 οὐκ
3619 3594 3759 3661 ἦρκε-

2211 3702 2359 3770 σενή
2402 3698 2609 3751 Ἰωσίου
2665 3695 2984 3762 δικαιοσύνη
3036 3694 3176 3764 ὑπὲρ
3212 3691 3307 3745 τοῦ
3334 3689 3592 3758 Ἰσραήλ·
3635 3686 3665 3753 ἡ

2209 3768 2488 3850 Μωῦσὲως
2514 3788 2769 3857 ἴσχυσεν,
2808 3786 2936 3854 ἄρτι
2983 3782 3077 3836 τοῦ
3111 3781 3244 3835 λαοῦ
3283 3778 3644 3849 κεκλημένου,
3680 3768 3755 3822 καὶ

2209 3879 2404 3951 καιρὸν
2428 3878 2528 3932 οὐκ
2557 3878 2770 3949 ἔχοντος
2797 3876 3015 3939 τελείας
3055 3874 3355 3941 κολάσεως.
3390 3870 3484 3926 Διὸ
3519 3870 3617 3939 τὴν
3644 3863 3753 3919 Μω-

2210 3976 2349 4036 σέως
2376 3970 2722 4039 δικαιοσύνην
2775 3970 2915 4039 ὑπὲρ
2957 3966 3052 4021 τού
3090 3966 3223 4021 λαοῦ
3265 3964 3354 4018 διὰ
3402 3951 3753 4030 συγγένειανή

2208 4066 2369 4136 χάρις
2409 4063 2643 4133 ἐδέχετο.
2680 4063 2906 4114 Λευΐτου
2934 4060 2993 4113 δὲ
3046 4060 3106 4113 οὐ
3141 4058 3293 4126 λέγει
3345 4056 3624 4113 δούλωσιν,
3652 4044 3751 4102 οὐδὲ

2208 4156 2478 4227 λύτρωσιν
2521 4154 2661 4224 ὑπὲρ
2689 4151 2837 4225 [ὑπὸ.
2887 4148 3175 4220 ὀρθότερ.]
3214 4147 3531 4217 συγγενοῦς.
3566 4145 3635 4197 Οὐ
3666 4138 3753 4207 γὰρ

2208 4247 2324 4299 ἐστι
2355 4246 2481 4309 τοὺς
2518 4245 2716 4315 ἑτέρων
2753 4242 3150 4315 ὲλευθερωτὰς,
3178 4242 3379 4303 αὐτοὺς
3432 4240 3513 4301 ei;
3538 4231 3750 4289 δουλείαν

2210 4340 2413 4403 πεσεῖν,
2450 4340 2544 4390 καὶ¹
2596 4336 2663 4389 δι’
2711 4335 2914 4407 ἑτέρων
2961 4333 3325 4405 λυτρωθῆναι.
3375 4330 3522 4385 Ἐὰν
3569 4327 3667 4396 γὰρ
3701 4317 3749 4371 τὸ
3796 4352 3801 4353 ν

2211 4431 2363 4497 ἅλας
2387 4426 2664 4498 μωρανθῇ
2672 4468 2686 4489 ,
2706 4428 2776 4481 ἐν
2802 4428 2917 4480 τινι
2946 4426 3340 4491 ἁλισθήσεται
3362 4439 3381 4487 ;
3410 4423 3503 4474 Δεῖ
3524 4416 3612 4473 οὖν
3636 4415 3748 4486 ἔχειν

2212 4523 2272 4578 τὸ
2320 4522 2697 4575 ἀνέκπτωτον·
2731 4521 2780 4573 ει
2830 4519 2887 4573 δὲ
2924 4520 3021 4589 μὴ,
3072 4518 3150 4581 ὡς
3209 4517 3449 4577 ἀνιάτως
3487 4514 3651 4583 ἔχων,
3691 4504 3749 4563 ὡς

2214 4614 2461 4684 ἔμπηρος
2487 4610 2880 4676 ἁποὸἁλλεται,
2909 4610 3165 4679 καθάπερ
3199 4606 3549 4678 ἐγνώκαμεν.

530 4708 660 4762 licet
708 4717 769 4762 ut
832 4710 932 4772 illi,
985 4710 1077 4778 qui
1134 4709 1359 4778 reliquis
1403 4709 1709 4762 libertatem
1757 4715 2070 4776 procurant,
2127 4706 2182 4759 in
2232 4707 2553 4761 servitutem
2593 4704 2975 4766 detrahantur,
3007 4710 3062 4757 et
3091 4690 3289 4756 deinde
3325 4699 3394 4753 ab
3463 4696 3583 4751 aliis
3635 4686 3746 4745 redi-

531 4810 770 4852 mantur.
802 4800 859 4853 Si
914 4802 1059 4854 enim
1112 4803 1190 4853 sal
1226 4800 1531 4857 infamatus
1565 4799 1753 4859 fuerit,
1794 4814 1906 4868 quo
1932 4800 2160 4853 satietur
2190 4797 2231 4828 ⁵⁷
2260 4798 2283 4850 ?
2315 4797 2530 4851 Levitas
2578 4796 2745 4865 igitur
2802 4794 2876 4855 ita
2909 4794 3067 4848 decet
3124 4806 3255 4847 esse
3298 4788 3507 4844 solidos
3570 4787 3619 4839 in
3679 4793 3743 4833 ι’θο

531 4889 757 4957 ligionis
789 4892 1027 4959 negotio,
1059 4900 1116 4944 ut
1144 4909 1422 4961 utinquam
1488 4892 1553 4947 ad
1593 4893 1846 4947 servilem
1915 4890 2239 4959 redigantur
2316 4888 2710 4943 conditionem.

2794 4885 2891 4940 Sin
2952 4886 3109 4940 aliter
3163 4883 3389 4946 fuerint,
3449 4874 3744 4935 insanabiles

532 4994 628 5035 eos
670 4996 793 5035 esse
818 4988 872 5032 et
912 4981 1132 5035 mutilos
1161 4990 1399 5035 constat.
1434 4981 1671 5039 Proinde
1707 4981 1871 5035 sicuti
1904 4996 2098 5036 omnes
2138 4988 2366 5041 norunt,
2393 4979 2740 5047 abjiciculur.

604 5112 663 5166 Si
696 5112 866 5179 frater
889 5120 1013 5165 tuus
1038 5112 1108 5164 ad
1145 5114 1380 5182 inopiam
1403 5114 1650 5168 redactus
1692 5115 1879 5183 fuerit,
1905 5124 1951 5168 et
1977 5114 2232 5181 impotens
2277 5111 2438 5180 fuerit
2460 5126 2645 5164 nmnus
2674 5109 2791 5178 ejus
2821 5108 2965 5176 apud
2999 5119 3067 5170 te,
3095 5106 3368 5160 subvenies
3396 5106 3464 5205 ei,
3504 5112 3604 5158 etc.

531 5202 607 5254 Ex
630 5200 834 5269 quibus
863 5200 1043 5253 verbis
1085 5202 1300 5268 patelit,
1333 5201 1492 5255 fenus
1526 5210 1580 5255 et
1622 5216 1843 5254 usuram
1879 5217 1945 5254 ex
1989 5201 2272 5270 impietate
2320 5199 2523 5253 exoriri
2570 5204 2625 5252 et
2670 5212 2890 5251 omnem
2937 5197 3140 5265 pellere
3184 5195 3601 5249 humanitatem.
3645 5188 3735 5240 Non

532 5299 715 5342 autem
750 5289 1039 5355 imperavit
1074 5287 1236 5350 licus,
1276 5298 1336 5340 ut.
1365 5288 1513 5342 illam
1548 5287 1967 5342 beneﬁcentiam
2001 5287 2053 5341 in
2077 5297 2292 5344 exteras
2321 5292 2649 5343 exercerent
2687 5293 2900 5355 gentes.
2938 5283 3125 5343 Voluit
3160 5284 3309 5339 enim
3334 5293 3394 5337 ut
3416 5281 3579 5337 Judaei
3612 5288 3735 5333 exte-

532 5376 613 5443 ris
650 5376 909 5447 gentibus
932 5385 1117 5439 essent
1153 5357 1358 5438 infesti,
1386 5377 1646 5445 nulloque
1669 5377 2001 5432 commercio
2033 5376 2117 5430 his
2139 5377 2504 5431 sociarentur.
2541 5373 2683 5439 Quia
2726 5375 2925 5429 barum
2951 5375 3209 5431 convictu
3243 5366 3737 5444 plurimumludw

604 5531 648 5561 “
676 5531 821 5586 Psal.
870 5546 1059 5591 vaut.
1087 5532 1139 5584 8.
1246 5532 1285 5561 "
1326 5530 1517 5585 Matth.
1556 5548 1608 5597 v,
1653 5532 1745 5587 l5.

2045 5619 2271 5677 ΝΟΤΑΞ.

609 5714 721 5777 (3Q)
747 5714 933 5765 Ἔστιν
966 5714 1277 5767 ὑπολαϐεῖν.
1316 5716 1375 5765 ’0
1410 5716 1525 5768 αὐτ.

609 5784 719 5851 (55)
760 5783 1034 5853 Σαεαχθὰ.
1082 5785 1139 5837 Ὀ
1170 5786 1290 5839 αὐτ.

2281 5717 2389 5789 (54)
2413 5715 2615 5771 Σαϐσά.
2664 5716 2720 5770 Ὀ
2760 5715 2997 5780 Ἀλεξαν.
3037 5716 3161 5770 κώδ.
