4090 6504
251 374 359 433 789
1238 374 1772 436 COMMENTARII
1818 375 1896 434 ΙΝ
1926 374 2368 435 LEVITICUM.
3417 372 3520 434 790

250 497 378 535 rum
416 482 608 551 religio
633 482 954 539 labefactari
981 493 1035 539 et
1066 484 1186 539 laedi
1219 498 1428 554 posset.
1454 485 1613 543 Nunc
1658 502 1788 542 vero
1819 488 2140 540 humanitas
2169 494 2226 538 et
2255 484 2621 539 beneﬁcentia
2649 485 2994 540 ostendenda
3026 491 3111 539 est
3142 496 3270 553 erga
3301 497 3511 537 omnes.

250 566 392 622 Nam
431 584 625 623 omnes
648 570 715 625 ad
748 572 1005 631 salutem,
1039 586 1164 648 qua:
1197 573 1253 626 in
1281 574 1503 628 Christo
1530 575 1776 637 obvenit,
1819 581 2108 627 vocantur.
2150 571 2411 641 Majorem
2442 572 2609 640 igitur
2640 572 2850 641 flagitat
2878 573 3069 643 gratiae
3095 581 3311 640 tempus
3338 569 3516 624 virtu-

250 668 391 709 tem.
434 654 709 725 imprimis
745 667 931 712 tamen
959 657 1414 713 benefaciendum
1447 676 1572 715 esse
1602 661 1727 712 lidei
1758 660 2081 715 domesticis
2114 666 2306 714 monet
2360 657 2669 730 Scriptura.
2706 659 2841 713 Nam
2879 660 3051 714 multo
3100 657 3401 713 absurdius
3433 664 3518 711 est

254 759 369 797 non
401 742 729 799 benefacere
760 743 931 808 fideli,
960 759 1127 814 quam
1167 746 1424 815 populari
1464 755 1518 800 et
1548 747 1855 801 domestico
1886 745 1943 799 in
1992 747 2131 816 legis
2155 747 2343 817 politia
2375 747 2568 802 veteri.
2603 747 2770 818 378
2819 748 3023 803 Omnes
3064 747 3210 802 enim
3252 760 3399 800 nunc
3419 743 3519 799 (ἰὼ

252 833 477 888 mestici
522 848 816 890 censemur
842 836 914 890 ob
941 837 1313 902 vocationem,
1339 852 1444 905 qua
1496 836 1561 890 ad
1598 837 1759 890 (idem
1784 835 2141 905 impellimur.
2175 833 2447 889 Caeterum
2498 836 2727 888 avaritia
2764 850 2873 889 non
2901 833 3227 903 obsequitur
3257 833 3386 902 legi,
3418 846 3522 887 nec

256 927 551 975 reveretur
589 921 849 990 gratiam.
905 920 1256 992 Quapropter
1299 938 1409 976 non
1458 922 1739 977 immerito
1773 922 2005 976 avaritia
2041 920 2354 990 appellatur
2394 921 2732 975 idololatria.
2781 920 3066 990 Siquidem
3105 920 3282 983 illum,
3317 920 3408 990 qui
3466 919 3521 974 in

256 999 383 1076 lege
424 1008 592 1062 vitam
636 1009 787 1078 agit,
821 1024 930 1064 non
977 1018 1191 1077 oportet
1225 1011 1509 1079 aspernari
1544 1025 1704 1064 suum
1733 1009 1957 1065 fratrem
1994 1026 2007 1061 ε
2038 1011 2189 1063 illum
2232 1026 2362 1065 vero
2397 1010 2491 1082 qtti
2525 1011 2715 1080 gratia:
2764 1026 2824 1067 sc
2867 1010 3137 1081 permisit,
3170 1025 3276 1065 non
3306 1016 3526 1080 oportet

264 1095 555 1148 hominem
585 1095 834 1163 ejusdem
862 1107 1075 1151 natura:
1095 1106 1405 1151 consortem
1429 1096 1736 1165 despicere.

335 1183 456 1236 Non
495 1182 707 1251 facietis
742 1183 886 1236 vobis
916 1182 1242 1238 idolumnec
1268 1183 1563 1252 sculptilia,
1595 1191 1702 1237 etc.
1733 1179 1952 1253 [XXVL
1995 1179 2068 1253 l.]
2096 1181 2356 1237 Prohibet
2407 1182 2513 1239 hoc
2557 1184 2701 1248 loco,
2738 1200 2807 1239 ne
2834 1184 2962 1254 quis
2997 1191 3211 1240 Statuas
3242 1182 3325 1236 vel
3353 1180 3523 1246 ldola,

262 1284 390 1340 qua:
411 1270 614 1325 divinis
649 1271 953 1325 honoribus
984 1270 1153 1335 colat,
1187 1271 1445 1324 fabricari
1473 1271 1753 1325 instituat.
1784 1269 2246 1325 Caeterumludati
2274 1270 2405 1326 hinc
2436 1273 2735 1327 occasione
2757 1279 2996 1342 sumpta,
3032 1286 3264 1342 prorsus
3287 1284 3316 1324 e
3344 1267 3525 1323 medio

262 1359 473 1411 tollunt
509 1358 808 1427 imaginum
830 1358 1184 1412 etidolorum
1215 1359 1766 1428 compositionetn,et
1799 1367 1973 1414 artem
2014 1375 2123 1430 qua
2153 1369 2576 1426 construuntur,
2614 1362 2868 1417 fortassis
2903 1362 3034 1416 moti
3081 1361 3183 1415 bac
3227 1376 3293 1416 ex
3334 1374 3523 1423 causa,

263 1447 418 1516 quod
446 1446 696 1501 homines
722 1446 883 1501 facile
911 1447 1043 1501 hinc
1074 1446 1184 1500 labi
1215 1453 1440 1514 possent
1473 1447 1527 1498 in
1562 1446 1918 1514 impietatem,
1949 1447 2373 1518 inciperentque
2419 1451 2601 1504 colere
2637 1450 2844 1505 divinis
2873 1450 3180 1504 honoribus
3230 1463 3320 1503 res
3354 1447 3526 1501 inani-

265 1541 471 1588 mutas.
498 1532 729 1587 Ponitur
759 1534 983 1603 quidem
1021 1534 1317 1595 terminus,
1349 1533 1443 1602 qui
1473 1533 1616 1600 lupis
1647 1539 1753 1594 est,
1786 1534 2020 1603 inagro,
2056 1544 2114 1587 ut
2136 1529 2344 1605 praedia
2383 1537 2693 1607 distinguat
2725 1546 2779 1592 et
2812 1547 3082 1605 secernat,
3122 1553 3233 1592 non
3281 1546 3338 1590 ut
3391 1534 3524 1591 ado-

263 1628 446 1679 retur.
477 1620 558 1673 Ad
615 1636 739 1674 eum
788 1621 1007 1674 modum
1065 1619 1299 1689 legimus
1358 1620 1543 1672 leones
1570 1618 1779 1673 ellictos
1806 1636 1925 1675 esse
1970 1622 2041 1676 ab
2069 1621 2383 1687 Salomone,
2415 1640 2559 1694 quos
2590 1625 2880 1680 collocavit
2913 1624 2979 1679 ad
3025 1625 3216 1679 sellam
3267 1622 3472 1694 regiam
3510 1640 3523 1675 :

267 1707 353 1763 sic
382 1707 682 1762 Cherubim
708 1706 986 1771 formavit,
1016 1706 1097 1762 sic
1128 1706 1337 1777 palmas
1372 1706 1550 1777 pinxit
1582 1707 1636 1759 in
1672 1708 1894 1777 templo,
1921 1717 1989 1763 etv
2024 1711 2244 1765 interim
2270 1726 2428 1767 nemo
2460 1714 2812 1783 reprehendit
2841 1714 2937 1767 illa
2967 1727 3159 1784 opera.

345 1820 455 1874 Kal
518 1819 691 1875 δώσω
736 1820 843 1874 τὸν
881 1820 1061 1876 ὑετὸν
1105 1820 1247 1890 ὑμῖν
1298 1820 1369 1873 ἐν
1412 1818 1597 1888 καιρῷ
1640 1819 1847 1874 αὑτοῦ.
1880 1811 1927 1867 Α

1915 1839 1927 1867 ι
2028 1822 2179 1879 Dabo
2202 1825 2433 1893 pluviam
2464 1825 2606 1880 vobis
2632 1827 2684 1881 in
2713 1836 2943 1894 tempore
2982 1834 3234 1892 auo,petc.
3267 1823 3374 1897 [5.]
3403 1822 3530 1878 llaec

270 1910 671 1981 Μεταληπτέον
720 1911 893 1967 ταῦτα
934 1912 1342 1981 πνευματικῶς,
1388 1910 1483 1965 τοῦ
1515 1910 1651 1965 Θεοῦ
1696 1911 1853 1979 δίκην

1957 1916 2320 1984 spiritualiter
2374 1920 2687 1987 accipienda
2726 1919 2937 1987 judico.
3004 1917 3137 1971 Nam
3171 1917 3313 1971 Deus
3356 1917 3529 1969 instar

270 2002 381 2070 γῆς
411 2002 651 2071 λιπαρᾶς
682 2001 780 2065 τὰς
810 2001 918 2055 τῶν
943 2001 1092 2073 αὐτῷ
1119 2001 1459 2070 πειθομένων
1490 2002 1852 2073 κατάρδοντος

1962 2005 2213 2061 fecundae
2239 2019 2295 2061 et
2322 2007 2523 2064 feracis
2563 2016 2722 2064 terra:
2765 2024 2990 2065 suorum
3045 2008 3262 2062 animos
3311 2006 3530 2061 coalitus

272 2090 489 2146 ἄνωθεν
514 2090 713 2161 ψυχὰς,
750 2090 825 2155 ὡς
857 2092 1262 2162 ἀνελλιπῆῐτὸν
1300 2093 1396 2163 τῆς
1428 2091 1714 2155 εὐσεϐείας
1760 2091 1856 2161 φέ-

1960 2096 2102 2165 rigat
2126 2108 2181 2152 et
2206 2098 2508 2164 humectat,
2529 2108 2590 2154 ut
2620 2115 2889 2169 perennes
2913 2099 3138 2169 pietatis
3159 2098 3373 2152 fructus
3403 2112 3529 2167 pro;

277 2200 400 2252 ρειν
432 2183 664 2255 καρπὸν,
702 2184 799 2236 καὶ
832 2182 1066 2247 διδόντος
1103 2183 1255 2236 θείαν
1292 2185 1538 2254 εἰρήνην.
1572 2183 1709 2253 Περὶ
1735 2179 1803 2252 ἦς
1829 2184 1857 2235 ὁ

1962 2184 2160 2240 ferant.
2218 2186 2475 2257 Largitur
2531 2202 2753 2257 quoque
2794 2188 2911 2242 suis
2960 2201 3178 2255 pacem,
3229 2185 3297 2240 de
3331 2197 3441 2254 qua
3472 2183 3528 2237 in

275 2273 497 2337 Παῦλος
535 2290 737 2346 φησιν·
780 2294 799 2326 ι
840 2274 905 2329 Ἡ
938 2275 1132 2345 εἰρήνη
1182 2273 1276 2327 τοῦ
1326 2271 1563 2343 Χριστοῦ
1622 2275 1654 2344 ἡ
1687 2274 1859 2346 ὑπερ-

1962 2277 2110 2331 hunc
2139 2277 2359 2331 modum
2390 2277 2618 2333 disserit
2653 2278 2858 2334 Paulus
2887 2295 2900 2330 :
2931 2296 2949 2330 ι
3007 2275 3116 2331 Pax
3149 2276 3379 2338 Christi,
3408 2290 3530 2344 qua:

278 2371 486 2439 ἔχουσα
516 2370 695 2423 πάντα
726 2368 850 2424 νοῦν
881 2369 1181 2440 φρουρήσει
1204 2369 1301 2432 τὰς
1325 2369 1555 2439 καρδίας
1582 2367 1737 2437 ὑμῶν
1766 2367 1862 2420 καὶ

1962 2377 2258 2438 exsuperat
2278 2382 2495 2423 omnem
2524 2368 2885 2432 intellectum,
2935 2366 3209 2422 custodiet
3239 2365 3406 2419 corda
3438 2378 3529 2418 ve-

274 2459 346 2511 τὰ
389 2462 638 2528 νοήματα
676 2458 852 2527 ὑμῶν,
896 2457 1099 2521 παντὸς
1140 2457 1361 2528 ἐχθροῦ,
1395 2458 1488 2511 καὶ
1531 2456 1711 2528 πάσης
1748 2456 1863 2510 δια-

1963 2468 2101 2524 stra,
2161 2468 2215 2514 et
2267 2474 2464 2516 sensus
2520 2470 2757 2523 vestros,
2791 2467 2850 2515 ut
2889 2473 2992 2514 nec
3021 2456 3273 2513 diabolus
3297 2455 3380 2511 vel
3439 2454 3536 2507 illa

276 2550 507 2619 δολιχῆς
537 2549 730 2618 ἐφόδου
761 2551 826 2603 ἐκ
858 2548 1036 2602 ποδῶν
1064 2550 1378 2619 γινομένης.
1419 2566 1436 2599 ι

1962 2548 2168 2604 diaboli
2193 2549 2391 2605 techna
2424 2550 2582 2606 vobis
2612 2550 3056 2621 appropinquare
3078 2549 3224 2603 ausit
3254 2546 3321 2602 “.
3364 2564 3386 2598 ι

351 2640 525 2693 Τοῦτο
594 2640 789 2709 γέγονε
845 2640 940 2693 καὶ
988 2640 1079 2692 ἐπὶ
1114 2638 1208 2693 τοῦ
1238 2638 1731 2709 Ναϐουχοδονόσορ,
1758 2638 1858 2710 [ὡς

2033 2640 2188 2706 Quod
2228 2656 2359 2698 vero
2407 2643 2649 2697 minatur
2683 2641 2821 2705 fore,
2855 2648 2916 2696 ut
2952 2654 3109 2695 suam
3142 2651 3364 2693 carnem
3392 2634 3537 2691 filia-
3630 2627 3631 2630 “

295 2732 570 2802 Ἱερεμίας
598 2732 729 2801 φησὶ
762 2729 923 2803 (55)],
955 2732 1050 2785 καὶ
1080 2731 1173 2784 ἰπὶ
1195 2731 1294 2801 τῆς
1319 2731 1552 2801 ἐσχάτης
1579 2729 1687 2784 τῶν
1726 2730 1860 2784 Ῥω-

1966 2747 2199 2802 rumque
2233 2749 2453 2789 carnem
2484 2735 2614 2800 sint,
2631 2734 2685 2790 id
2713 2733 2914 2790 accidit
2938 2742 3183 2802 tempore
3211 2730 3362 2793 belli,
3386 2730 3531 2799 quod

278 2824 465 2894 μαὲων
496 2821 834 2892 πολιορκίας,
863 2819 960 2893 [ὥς
1001 2838 1165 2891 φησιν
1193 2820 1502 2894 Ἰώσηπος]
1538 2820 1672 2892 ('56).

1964 2821 2169 2880 Judaeis
2236 2826 2421 2881 intulit
2481 2825 3030 2891 Nabuchodonosor,
3068 2832 3129 2879 ut
3170 2822 3332 2878 docet
3381 2819 3535 2877 Jere-

277 2916 426 2970 mias
451 2916 522 2969 δ’.
582 2913 726 2971 Idem
773 2915 976 2970 accidit
1030 2914 1088 2970 in
1114 2926 1364 2971 extremo
1406 2916 1560 2971 urbis
1616 2914 1855 2979 excidio,
1897 2930 2022 2971 cum
2059 2918 2292 2974 Romani
2352 2919 2540 2974 urbem
2567 2928 2620 2974 et
2652 2929 2867 2991 gentem
2912 2917 3258 2980 deleverunt,
3321 2922 3380 2971 ut
3446 2924 3531 2971 te-

276 3017 464 3064 statur
492 3008 789 3080 Josephus.

352 3102 463 3155 Kal
491 3101 657 3170 θήσω
691 3100 759 3155 τὰ
788 3099 955 3156 κῶλα
986 3101 1153 3171 ὑμῶν
1179 3100 1277 3155 ἐπὶ
1302 3102 1374 3155 τὰ
1404 3100 1569 3155 κῶλα
1611 3099 1730 3154 τῶν
1782 3101 1864 3153 el-

2044 3101 2109 3157 Et
2127 3118 2320 3172 ponam
2348 3100 2582 3156 membra
2615 3109 2792 3156 vestra
2812 3117 2971 3171 super
3002 3099 3236 3154 membra
3266 3098 3534 3152 idolorum

275 3190 491 3246 δώλων
520 3191 709 3263 ὑμῶν.
742 3191 914 3247 Τοῦτο
937 3192 1193 3263 ἐποίησεν
1232 3191 1479 3258 Ἐζεκίας
1509 3190 1646 3262 (37),
1694 3189 1772 3254 ὡς
1827 3191 1862 3260 ἡ

1969 3206 2284 3254 vestrorum.
2344 3203 2452 3249 etc.
2507 3192 2644 3266 [δα]
2697 3192 2812 3249 Hoc
2854 3191 3118 3247 factitavit
3154 3190 3440 3253 Ezechias,
3478 3199 3536 3245 ut

276 3286 521 3356 τετάρτη
577 3284 690 3357 (38)
751 3284 856 3340 τῶν
903 3283 1200 3340 Βασιλειῶν
1245 3283 1415 3354 δηλοῖ.
1473 3285 1532 3336 ⁸0
1588 3283 1645 3337 δὲ
1705 3283 1869 3353 Ἰερε-

1921 3278 1940 3334 3
1970 3293 2117 3353 patet
2142 3298 2206 3337 ex
2242 3279 2309 3337 IV
2339 3282 2479 3337 libro
2530 3281 2666 3353 Heg.
2696 3290 2750 3337 et
2789 3298 2856 3338 ex
2898 3282 3145 3337 secundo
3179 3280 3417 3351 Paralip.
3444 3281 3536 3333 lti-

280 3375 420 3445 μίας
457 3376 593 3445 (59),
630 3377 729 3430 καὶ
767 3378 863 3430 ἐπὶ
884 3376 980 3431 τοῦ
1027 3375 1500 3448 Ναῦουχοδονόσορ
1541 3375 1646 3446 ἔφη
1704 3372 1863 3428 τοῦτο

1968 3376 2089 3429 dem
2129 3372 2395 3431 leremias
2420 3382 2653 3428 testatur
2685 3373 2957 3429 accidisse
2982 3374 3034 3427 in
3078 3374 3218 3437 loco,
3246 3370 3341 3441 qui
3374 3383 3538 3427 voca-

280 3468 616 3537 γεγενῆσθαι
668 3470 726 3523 ἐν
777 3466 857 3540 τῷ
902 3468 1224 3540 καλουμένῳ
1257 3466 1476 3536 Ταφὲθ,
1529 3467 1587 3519 ὲν
1619 3464 1862 3537 φάραγγι

1387 3466 1439 3520 ιθ
1460 3505 1476 3531 ,
1529 3467 1587 3519 ὲν
1619 3464 1862 3537 φάραγγι
1967 3474 2060 3521 tur
2080 3464 2291 3539 Tophet
2316 3466 2371 3522 in
2407 3466 2545 3523 valle
2568 3464 2661 3525 ﬁlii
2696 3465 2904 3522 Ennom
2935 3464 3002 3520 ".

277 3558 405 3613 υἱοῦ
445 3558 650 3630 Ἐνώμ.

358 3674 508 3730 Tunc
538 3676 749 3746 fruetur
775 3684 917 3730 terra
934 3672 1183 3729 Sabbatis
1202 3673 1337 3737 suis,
1357 3679 1465 3726 etc.
1502 3669 1643 3743 [54.]
1680 3668 2108 3739 Quadringentis
2142 3670 2289 3724 enim
2324 3670 2433 3724 illis
2460 3678 2515 3724 et
2549 3668 2849 3738 nonaginta
2879 3668 3062 3729 annis,
3097 3667 3300 3737 quibus
3325 3680 3539 3722 summa

280 3772 536 3836 potestas
562 3776 731 3834 penes
760 3777 921 3832 reges
954 3756 1061 3815 fuit
1090 3761 1148 3815 in
1177 3760 1273 3815 illo
1307 3760 1533 3829 populo,
1565 3758 1912 3828 septuaginta
1938 3760 2067 3811 anni
2120 3756 2472 3826 computandi
2519 3762 2679 3811 erant
2712 3770 2811 3825 pro
2844 3754 3123 3819 Sabbatis,
3152 3753 3271 3824 qui,
3307 3762 3365 3807 ut
3396 3762 3541 3806 terra

283 3853 411 3907 suis
446 3851 723 3907 frueretur
758 3849 1039 3915 Sabbatis,
1073 3847 1255 3903 exacti
1288 3855 1419 3902 sunt
1457 3847 1512 3900 in
1551 3845 1873 3915 captivitate
1910 3844 2261 3915 Babylonica.
2293 3841 2518 3898 Priscus
2560 3840 2873 3897 Iudaeorum
2902 3842 3138 3911 populus
3175 3841 3543 3910 promissione

284 3938 572 3997 felicitatis
599 3947 653 3993 et
684 3946 898 3993 terrore
923 3949 1211 4006 poenarum
1244 3932 1613 3989 inducebatur
1640 3932 1706 3987 ad
1738 3931 2021 3987 virtutem.
2070 3931 2269 3986 Verum
2318 3930 2687 4002 periculosum
2726 3939 2846 3984 erat
2895 3936 2955 3983 ut
3010 3930 3079 3993 is,
3135 3929 3226 3998 qui
3267 3942 3376 3982 non
3425 3934 3543 3981 toto

285 4037 515 4099 pectore
543 4026 765 4082 sitiebat
792 4032 847 4081 et
882 4022 1229 4079 desiderabat
1255 4021 1520 4075 virtutem
1555 4019 1776 4090 duplice
1805 4019 1896 4072 illa
1930 4016 2018 4070 via
2051 4016 2117 4070 ad
2139 4018 2394 4071 virtutem
2428 4016 2796 4085 pelliceretur.
2830 4013 2963 4068 Nam
2985 4016 3031 4069 si
3057 4014 3183 4085 quis
3219 4022 3337 4068 erat
3367 4013 3543 4083 pusil-

287 4114 537 4179 lanimis,
564 4128 744 4183 neque
775 4110 1063 4182 promissis
1095 4124 1274 4180 neque
1327 4108 1493 4163 minis
1537 4106 1697 4160 facile
1726 4104 1794 4160 ad
1825 4104 2084 4159 virtutem
2112 4103 2506 4168 deducebatur,
2533 4103 2835 4172 desperans
2870 4118 2929 4158 se
2964 4115 3124 4170 posse
3151 4114 3273 4157 eam
3298 4102 3540 4168 assequi.

288 4203 400 4271 Qui
429 4217 561 4259 vero
588 4201 853 4272 cupidine
880 4199 1102 4254 virtutis
1140 4194 1515 4268 adipiscendae
1571 4192 1787 4265 ﬂagrat,
1848 4206 1974 4249 eum
2008 4189 2149 4245 nihil
2205 4190 2274 4245 ab
2314 4189 2409 4244 illo
2450 4188 2651 4244 ardore
2680 4188 2932 4256 repellet.
2962 4184 3156 4242 Omnis
3186 4193 3373 4241 autem
3417 4200 3545 4254 spes

288 4306 540 4361 opesque
560 4297 767 4346 nostra:
803 4289 856 4342 in
890 4286 999 4341 Deo
1028 4287 1149 4342 sita:
1183 4292 1334 4351 sunt,
1376 4300 1478 4341 nec
1508 4294 1974 4345 momentaneam,
2010 4294 2136 4350 quas
2185 4278 2239 4332 in
2286 4277 2491 4334 saeculo
2530 4278 2786 4346 obtingit,
2816 4275 3145 4344 allectamus
3197 4273 3540 4339 felicitatem,

291 4378 397 4435 sed
416 4388 621 4432 aeterna
654 4390 946 4446 speramus
977 4374 1144 4435 bona,
1201 4372 1429 4443 hacque
1480 4386 1607 4441 spes
1642 4384 1744 4425 nos
1775 4368 2094 4437 neutiquam
2140 4365 2315 4422 fallet.
2349 4364 2462 4422 Nec
2496 4365 2845 4436 exquirimus
2884 4363 2977 4418 illa
3011 4364 3153 4420 bona
3184 4364 3409 4433 quando
3432 4363 3544 4430 jam

292 4464 593 4526 morimur,
619 4462 718 4516 sed
754 4460 811 4515 in
846 4458 1146 4514 universali
1181 4458 1593 4513 resurrectione
1629 4456 1904 4524 potiemur
1935 4455 2046 4510 illis
2076 4455 2260 4509 bonis.

373 4550 865 4607 Eteritwstimatio
894 4548 1119 4603 masculi
1152 4564 1184 4601 a
1209 4547 1400 4617 viginti
1432 4546 1589 4600 annis
1639 4559 1802 4613 usque
1847 4541 1915 4595 ad
1955 4542 2260 4612 sexaginta,
2291 4551 2402 4594 etc.
2447 4536 2685 4610 [XXVIL
2728 4537 2810 4612 5.]
2852 4538 2988 4593 Nam
3033 4553 3212 4592 annus
3253 4537 3549 4592 vicesimus

297 4644 518 4700 initium
544 4648 630 4697 est
659 4640 841 4695 astatis
865 4637 932 4693 ad
966 4652 1055 4693 res
1079 4635 1352 4707 gerendas
1387 4634 1611 4696 habilis.
1642 4641 1698 4689 et
1746 4631 2124 4701 sexagesimus
2165 4629 2308 4683 linis.
2341 4627 2589 4696 Corpora
2629 4634 2746 4681 tum
2777 4626 2985 4695 vigent,
3014 4625 3416 4695 prudentiaque
3460 4626 3539 4679 in-

294 4731 551 4786 nascitur
570 4728 840 4785 senilibus
871 4726 1053 4782 annis.
1094 4723 1154 4779 Si
1185 4724 1314 4794 quis
1346 4738 1477 4778 vero
1514 4722 1831 4779 consideret
1865 4718 2097 4786 spiritus
2127 4716 2211 4787 (ut
2241 4715 2406 4770 habet
2425 4712 2704 4782 adagium)
2740 4713 2984 4767 inveniet
3018 4713 3341 4767 muliebrem
3387 4721 3550 4768 natu-

297 4835 420 4873 ram
455 4819 637 4872 minus
664 4829 829 4885 quam
864 4813 1077 4868 virilem
1112 4811 1375 4882 ponderis
1412 4809 1618 4863 habere
1646 4814 1905 4877 respectu
1937 4804 2103 4861 etiam
2140 4804 2331 4872 primae
2387 4800 2716 4864 creationis,
2752 4801 2806 4854 id
2843 4807 2927 4855 est
2959 4798 3413 4870 illiustemporis,
3442 4816 3557 4871 quo

379 4950 423 4982 ³⁸
455 4946 691 5017 Philipp.
728 4959 804 5012 tv,
837 4944 891 4998 7.
968 4943 1014 4975 ι’
1042 4941 1247 5004 Jcrem.
1276 4957 1374 5005 vn,
1401 4941 1501 5001 2i.
1570 4941 1617 4972 '°
1650 4938 1786 4995 ibid.
1816 4939 1908 4994 32.

1833 5026 2063 5085 ΝΟΤᾹΞ.

378 5154 774 5226 (sariam.
811 5166 927 5217 nx.
966 5148 1163 5226 ea.
1330 5219 1374 5226 _
1410 5216 1434 5226 _
1775 5215 1860 5226 __
1990 5131 2634 5226 sietsi}
2667 5132 3553 5226 ?:§l;)_;d§‘.:?ﬂffj-.ibi}?

381 5155 495 5226 (35)
535 5154 625 5207 Ἐν
649 5168 774 5223 κεφ.
811 5166 927 5217 xix,
966 5152 1125 5211 ὲδ.9,
1990 5157 2020 5192 τ
2096 5152 2159 5192 2|
2197 5152 2266 5189 Μ
2401 5174 2423 5193 ._
2467 5152 2562 5221 του
2606 5152 2833 5214 εριολ.)
2878 5152 3003 5215 τηαοε
3048 5152 3222 5217 φησις
3291 5152 3448 5187 tuam
3498 5152 3553 5186 οε

381 5226 494 5293 (36)
519 5224 612 5294 Ἔν
637 5237 762 5289 κεφ.
795 5237 905 5287 xvt,
931 5219 1025 5274 τοῦ
1050 5219 1079 5271 7
1104 5219 1289 5288 λόγου.
1330 5216 1438 5272 Τοῦ
1492 5219 1621 5289 περὶ.
1662 5215 1888 5270 ἰουδαῖ-
1990 5156 2241 5294 ’ἕξεκίαν
2474 5202 3280 5294 1'03?Mav‘affﬂfnﬁdcgﬁuft
3304 5202 3558 5294 “Et:

303 5272 605 5366 κῆῖἆδ-ιτξῖ
639 5272 693 5366 ”Ῐ
1292 5358 1330 5366 ..
1528 5272 1578 5366 .’
1641 5358 1651 5366 .
1995 5274 2728 5366 ξήκφνταξηετέγτειίἕτξῖιτοξ
2773 5272 3558 5366 ἐ,ςῖίξύῑεῖέίὲς,,ζιὲνξξέεςηὶῖτλ

381 5342 604 5434 (δῆἻό
632 5363 729 5434 μὲν
760 5359 1035 5434 Ἐξεξείαςς
1071 5358 1190 5434 τᾲς,
1213 5358 1431 5434 φεήλας,
1455 5358 1551 5410 καὶ
1598 5358 1666 5411 τὰ
1704 5372 1889 5434 κειρρ-
1996 5342 2133 5434 ἔδυν
2166 5343 2637 5434 rstt’it'tasiss
2661 5342 3108 5434 “23953233?-
3136 5342 3560 5434 arcessita

308 5412 512 5505 ποὶῆὲᾷ
530 5412 850 5505 xiiiin
886 5412 1198 5505 (meum
1231 5412 1312 5505 ὲδῖ
1341 5412 1435 5481 τόδ
1464 5443 1591 5480 "tu
1620 5412 1760 5505 ,κεξς
1790 5412 1889 5505 ὲῇς
1998 5420 2091 5505 ἔτί]
2125 5412 2423 5505 irrisa}.
2437 5413 2538 5505 “‘5‘.
2558 5412 3392 5505 ii:91'”35-i'3§223‘.‘_.V333?
3410 5412 3562 5505 .-Ῥέίέξ

744 5481 854 5552 οιαὶ
880 5481 942 5551 τὸ
971 5481 1036 5552 η
1067 5498 1142 5551 ὲδ.
1170 5497 1265 5568 τοῦ
1299 5514 1403 5551 xxx
1435 5514 1562 5568 κειρ.
1583 5497 1683 5568 τῆς
1712 5481 1754 5568 il
1777 5481 1887 5547 τᾶἱῦ
1986 5481 2291 5568 ᾁνθρῶπιυν
2334 5485 2430 5568 επὶ
2472 5485 2542 5536 τὰ
2582 5481 2730 5535 κῶλα
2754 5481 2862 5535 τῶν
2902 5481 3156 5546 εἰδώλων,
3198 5481 3375 5545 καθὼς
3407 5483 3464 5536 ὲν
3485 5481 3562 5550 τῷ

314 5555 1255 5642 ἰιάράλειτι.)ὀῥὲίιρσξᾳςκεειτὰ
1282 5555 1887 5642 κῷλατῷνᾲὖῧρώπωξ
1985 5555 2832 5642 Λεγξξεκιξλγὲγραετξᾳεί,ηη

697 5621 803 5691 τῶν
855 5621 1090 5691 εἰδώλῶν
1120 5637 1282 5706 ἔθηκε
1318 5638 1440 5706 (ὅρα
1488 5636 1549 5688 τὸ
1589 5636 1625 5688 2
1667 5621 1744 5706 ε’δ.
1790 5634 1884 5686 τοῦ
1991 5700 2030 5706 _
2060 5627 2174 5706 (58‘)
2218 5621 2484 5706 Ὤςὲξίτῇ
2514 5623 2688 5706 δςιτὼν
2721 5622 2851 5706 Bas.
2906 5622 3032 5706 κᾶν.
3054 5625 3117 5694 τῇ
3165 5621 3391 5693 δευτέρᾳ
3456 5621 3564 5675 τῶν

612 5692 710 5776 τῆς
764 5709 952 5778 τρίτης
978 5709 1084 5778 τῶν
1115 5692 1246 5759 Bas.
1277 5692 1461 5778 κάιῖψ
1482 5706 1547 5778 ll
1596 5704 1689 5778 τοῦ
1711 5720 1881 5778 ’χχιι-ι,

1435 5706 1547 5778 δην
1596 5704 1689 5778 τοῦ
1711 5720 1881 5778 ’χχιι-ι,
1991 5692 2525 5778 [legitimi-150M393.-
2545 5694 2601 5775 :0
2628 5693 2725 5769 τῆς
2756 5692 2892 5778 ᾼῨύγ.
2926 5692 3050 5747 κώδ.

440 5763 748 5849 uiam?»
775 5763 1012 5849 ηιρὶ”οὖ
1058 5777 1288 5847 Κλήμης
1334 5778 1362 5829 δ
1388 5773 1768 5843 Ἀλεξανδρεὺς
1804 5763 1882 5844 (ἐν
2059 5763 2169 5837 (39)
2209 5766 2298 5818 ‘Ev
2329 5763 2403 5835 τῷ
2418 5763 2486 5818 ’52
2510 5763 2587 5816 ἑὸ.
2622 5763 2714 5815 τοῦ
2738 5776 2811 5817 vlt
2848 5778 2967 5828 κεφ.
