3864 6496
558 311 659 375 791
1887 322 2233 391 PROCOPII
2271 333 2513 395 GAZzEI
3045 364 3049 369 ·
3693 348 3787 408 792

559 432 800 499 primum
824 435 993 490 creati
1028 443 1176 490 sunt.
1205 435 1301 489 Vir
1329 438 1601 508 siquidem
1640 442 1821 511 imago
1849 452 1903 496 et
1929 446 2105 513 gloria
2131 445 2224 500 Dei
2266 459 2372 513 est,
2400 459 2455 503 at
2501 452 2696 506 mulier
2731 459 2817 506 est
2850 452 3027 521 gloria
3052 455 3157 509 viri
3187 469 3255 509 ex
3292 454 3418 526 ipso
3448 469 3664 528 sumpta
3695 480 3781 515 nte

560 529 687 573 ante
715 521 892 590 ipsum
921 521 1155 577 formata
1188 526 1490 581 secundum
1524 531 1865 599 spiraculum
1891 543 2143 587 sanctum
2174 535 2319 596 vitae,
2366 539 2514 605 quod
2564 539 2855 608 inspiravit
2898 541 3041 603 viro,
3077 555 3257 610 eoque
3290 521 3473 613 ipsum
3505 521 3775 601 animavit.

562 615 615 666 lu
648 615 808 669 modo
837 618 1118 671 nominata
1134 626 1294 675 aetate
1323 620 1369 676 si
1397 620 1605 677 fuerint
1638 624 1722 677 vir
1747 634 1804 691 et
1834 626 2055 693 mulier,
2090 629 2385 685 aestimatio
2414 633 2514 686 viri
2533 634 2753 689 excedit
2785 635 3203 691 aestimationem
3235 638 3488 693 mulieris
3521 638 3597 692 20
3624 642 3780 698 siclis.

558 692 665 757 Pro
690 704 806 758 viro
837 706 982 759 enim
1025 704 1116 774 50,
1140 716 1195 763 et
1223 724 1326 779 pro
1359 714 1592 767 muliere
1615 714 1685 767 50
1711 724 2130 784 computantur.
2160 718 2339 772 Etiam
2366 720 2418 772 in
2462 720 2696 789 reliquis
2728 722 2910 776 atatis
2939 723 3360 779 conditionibus
3391 727 3630 794 explicat
3654 734 3781 781 triti-

558 790 818 844 mulionis
833 792 1405 852 diversitatem.A£tas
1427 814 1549 868 qua:
1575 815 1603 851 a
1638 802 1831 869 quinto
1851 817 1998 858 anno
2031 805 2300 875 incipietts
2329 822 2390 862 se
2422 807 2666 863 extendit
2689 824 2863 879 usque
2884 809 2951 864 ad
2972 811 3292 867 vicesimum
3310 790 3520 867 annum
3566 815 3779 867 multum

556 878 761 931 recedit
791 880 861 934 ab
891 881 1255 937 aestimatione
1283 885 1455 941 virilis
1483 886 1649 957 379
1674 889 1872 943 mtatis.
1911 887 2051 955 Quia
2097 891 2153 946 in
2184 909 2245 948 ea
2280 902 2439 949 aetate
2478 896 2650 964 major
2687 878 3039 951 estamentia
3079 907 3137 953 et
3170 898 3343 954 libido
3380 901 3645 970 cupidine
3678 911 3778 954 tum

554 967 880 1026 innasceute
905 981 959 1026 et
991 986 1279 1043 grassante
1312 979 1365 1030 in
1384 980 1731 1047 corporibus.
1758 980 1937 1045 IEtas,
1971 997 2094 1051 quae
2122 979 2252 1035 huic
2282 977 2553 1044 succedit,
2580 979 2807 1048 majoris
2822 981 3135 1035 aestimatur
3158 993 3384 1052 propter
3416 967 3779 1038 maturitate...

552 1058 882 1123 graviorem.
918 1059 1071 1115 Tunc
1099 1062 1245 1115 enim
1283 1064 1672 1120 defervescunt
1720 1067 1976 1121 violentae
2008 1067 2329 1137 cupidines:
2360 1082 2462 1122 nec
2498 1082 2697 1137 magna
2751 1077 2836 1124 est
2879 1068 3190 1124 dilierentia
3227 1071 3373 1125 inter
3416 1086 3539 1126 eam
3572 1082 3629 1127 et
3666 1074 3781 1126 viri-

553 1141 656 1196 lem
684 1152 922 1200 aatatem.
958 1146 1139 1201 Prima
1167 1165 1385 1218 quoque
1405 1160 1538 1207 tetas
1562 1162 1784 1222 propter
1809 1155 2217 1224 simplicitatem
2266 1164 2323 1210 et
2384 1156 2761 1210 sinceritatem
2797 1171 2954 1211 suam
2989 1158 3289 1226 plurimum
3320 1161 3589 1213 momenti
3630 1160 3779 1213 habet

550 1230 695 1296 apud
732 1229 1010 1288 Christum
1041 1236 1311 1291 dicentem
1339 1257 1352 1293 :
1378 1258 1395 1289 ι
1431 1239 1644 1294 Talium
1676 1250 1761 1295 est
1794 1257 2021 1313 regnum
2049 1242 2311 1297 caelorum
2343 1242 2411 1294 “.
2451 1241 2587 1307 IQlli
2613 1257 2745 1296 vero
2766 1258 2875 1297 non
2913 1244 3191 1313 attingunt
3223 1254 3448 1314 propter
3474 1248 3777 1315 pauperiem

548 1330 668 1369 eam
696 1320 1141 1386 aestimationem,
1192 1340 1292 1379 nec
1342 1341 1464 1381 eam
1518 1327 1833 1395 persolvere
1870 1340 2156 1399 .possunt,
2211 1344 2243 1383 a
2292 1344 2423 1383 vero
2464 1330 2722 1399 pontifice
2749 1335 3098 1386 aestimantur
3123 1348 3222 1401 pro
3243 1347 3343 1387 sua
3378 1333 3663 1397 facultate,
3692 1336 3777 1403 qui

546 1402 680 1457 dicit
714 1422 729 1461 :
761 1424 780 1458 ι
819 1408 936 1462 Non
966 1425 1157 1466 omnes
1180 1427 1411 1481 capaces
1442 1426 1571 1469 sunt
1596 1415 1760 1484 hujus
1794 1416 1949 1481 dicti,
1979 1418 2074 1471 sed
2113 1418 2319 1487 quibus
2378 1416 2584 1473 dictum
2630 1428 2715 1473 est
2747 1418 2814 1472 ⁸⁸.
2840 1438 2859 1470 ι
2896 1417 3036 1473 Huic
3077 1419 3233 1476 aliine
3261 1429 3385 1475 est:
3415 1442 3435 1473 ι
3469 1420 3574 1486 Qui
3616 1402 3779 1491 potest

545 1504 744 1559 capere
769 1496 952 1563 capiat
982 1500 1047 1552 ⁵³.
1095 1518 1114 1551 ι
1140 1499 1389 1571 Sejungit
1422 1504 1544 1558 illos
1589 1513 1811 1573 propter
1834 1505 2109 1567 defectus,
2139 1520 2280 1574 quos
2314 1503 2553 1559 admittit
2600 1503 2655 1557 in
2685 1503 2762 1567 id,
2793 1506 2940 1575 quod
2969 1517 3221 1574 possunt,
3247 1520 3300 1563 et
3341 1509 3486 1578 quod
3540 1510 3776 1578 capiunt.

544 1578 878 1636 Animalium
910 1594 1090 1639 autem
1132 1599 1576 1645 consecratorum
1614 1592 1740 1656 Deo,
1776 1608 1897 1661 quat
1920 1592 2120 1645 munda
2154 1593 2378 1656 fuerint,
2408 1608 2516 1647 non
2551 1604 2781 1661 possunt
2811 1597 3117 1663 pertuutari
3150 1613 3330 1666 neque
3358 1598 3589 1653 meliore
3616 1615 3779 1668 neque

543 1665 837 1726 deteriore.
866 1672 987 1726 Non
1017 1677 1160 1729 enim
1192 1677 1333 1745 perit
1355 1678 1429 1742 id,
1455 1679 1600 1745 quod
1650 1680 1819 1736 fuerit
1859 1678 1971 1734 Dei.
2008 1679 2288 1750 Siquidem
2322 1681 2489 1735 etiam
2536 1681 2891 1750 parvulorum
2932 1684 3108 1753 angeli
3138 1665 3327 1738 vident
3359 1687 3575 1739 vultum
3611 1665 3778 1741 Patris

540 1755 634 1822 qui
669 1764 752 1811 est
786 1757 840 1811 in
871 1761 1048 1815 caelis.
1080 1761 1279 1816 Verum
1304 1766 1686 1836 unusquisque
1720 1767 1774 1820 in
1809 1782 1910 1822 suo
1954 1768 2149 1823 ordine
2176 1770 2229 1822 in
2284 1783 2455 1837 regno
2501 1769 2713 1823 caelesti
2751 1769 2959 1837 potitur
2984 1771 3222 1838 gaudiis.
3255 1769 3525 1827 Praeterea
3564 1773 3773 1843 inquit:

548 1854 567 1890 ι
606 1840 705 1906 Qui
729 1845 879 1898 venit
908 1847 975 1900 ad
1005 1864 1111 1911 me,
1142 1864 1266 1905 eum
1302 1867 1648 1922 nequaquam
1680 1854 1896 1922 ejiciam
1932 1855 1998 1909 ⁸⁵.
2051 1874 2069 1907 ι
2105 1854 2475 1910 Familiaritas
2505 1855 2651 1909 enim
2693 1855 2813 1924 illa,
2842 1872 2948 1927 qua
2976 1860 3356 1914 concessimus
3382 1862 3436 1913 in
3459 1869 3775 1930 potestatem

539 1922 788 1991 Dei,non
828 1935 1003 1989 solum
1041 1949 1221 1993 servat
1279 1941 1488 2010 primos
1514 1949 1569 1997 et
1607 1943 1904 2007 secundos.
1944 1945 2112 1998 etiam
2163 1944 2395 1999 salutem
2428 1944 2619 1999 tribuit
2653 1947 2856 2007 tertiis,
2900 1945 3061 2000 modo
3096 1961 3165 2000 ne
3199 1946 3311 2001 sint
3354 1948 3406 2001 in
3445 1963 3777 2002 numerare-

539 2018 859 2087 proborutn,
893 2024 981 2091 qui
1012 2026 1383 2095 expelluntur.
1416 2027 1549 2083 Nam
1576 2033 1758 2085 multa:
1777 2033 2093 2087 mansiones
2111 2040 2243 2088 sunt
2267 2033 2409 2103 apud
2438 2032 2677 2091 Patrem.
2700 2033 3017 2089 A‘Istimatio
3049 2042 3231 2089 autem
3262 2035 3426 2089 datur
3452 2050 3553 2104 pro
3585 2038 3775 2088 anima-

538 2101 681 2158 lihus
707 2104 1027 2167 immundis.
1053 2110 1330 2168 immunda
1367 2118 1622 2172 animalia
1656 2109 1900 2189 intellige
1938 2120 2061 2174 illos
2078 2121 2195 2190 qui,
2235 2101 2342 2175 non
2373 2136 2469 2191 per
2507 2136 2589 2187 se,
2614 2122 2706 2176 sed
2741 2136 2836 2191 per
2860 2122 2999 2177 alios
3030 2121 3447 2193 conjunguntur
3472 2120 3608 2177 Deo.
3646 2124 3773 2177 Istos

536 2188 815 2247 adducunt
846 2209 943 2264 per
976 2198 1298 2255 cltaritatem
1324 2204 1628 2258 secundum
1652 2188 2069 2261 aastintationem
2094 2188 2262 2278 “pretii
2314 2188 2555 2263 illorum.
2585 2207 2650 2262 Hi
2692 2217 2826 2264 sunt
2861 2208 2963 2274 illi,
3000 2224 3142 2279 quos
3176 2224 3434 2278 paramus
3479 2211 3691 2265 amicos
3715 2227 3771 2265 ex

537 2285 849 2336 mammona
886 2286 1093 2355 iniquo,
1119 2296 1178 2341 ut
1216 2290 1524 2359 suscipiant
1550 2308 1646 2347 uos
1686 2295 1739 2347 in
1770 2305 1974 2349 :cterna
2003 2297 2248 2365 ipsorum
2274 2296 2653 2350 tabernacula.
2704 2292 2951 2351 Edilicii
2995 2296 3291 2350 aestimatio
3322 2297 3521 2351 iterum
3560 2300 3773 2365 permit.

537 2365 674 2418 titur
700 2369 938 2424 arbitrio
979 2373 1306 2431 sacerdotis.
1344 2374 1401 2429 In
1428 2378 1843 2435 asstimationem
1867 2381 1983 2450 agri
2017 2376 2245 2437 veniunt
2272 2383 2436 2436 etiam
2462 2382 2679 2435 fructus
2711 2381 3089 2450 computandi.
3117 2380 3260 2437 Hinc
3279 2382 3565 2451 colligitur
3586 2393 3774 2452 praeter

537 2450 799 2518 fructum,
853 2473 1013 2526 quem
1072 2462 1196 2529 quis
1249 2463 1455 2531 profert
1520 2467 1620 2530 illi,
1673 2469 1763 2537 qui
1800 2483 1900 2537 pro
1939 2471 2061 2539 ipso
2100 2469 2317 2525 accedit
2371 2468 2437 2523 ad
2478 2466 2672 2531 Deum,
2713 2471 2876 2521 etiam
2929 2469 3222 2523 sistimatio
3262 2470 3312 2523 ei
3337 2450 3433 2538 per
3462 2450 3630 2524 ismm
3652 2472 3768 2523 erit.

536 2539 718 2609 luquit
749 2543 894 2599 enim
929 2545 1133 2607 Paulus
1166 2565 1179 2602 :
1212 2569 1230 2602 ε
1274 2550 1391 2606 Νοη
1450 2555 1599 2624 quod
1642 2557 1919 2625 requiram
1971 2573 2195 2625 munus,
2261 2557 2355 2613 sed
2405 2558 2629 2626 requiro
2688 2556 2926 2610 fructttm
2962 2557 3359 2612 exuberantent
3408 2559 3464 2612 in
3505 2558 3767 2613 rationem

535 2636 775 2687 Vestram
809 2633 875 2687 "l.
916 2652 935 2684 ›

607 2742 664 2800 Si
697 2751 821 2818 quis
860 2746 969 2806 Dt'O
1003 2752 1337 2812 dedicaverit
1369 2770 1477 2813 non
1507 2761 1927 2817 aestimationem
1952 2805 1967 2828 ,
2002 2760 2094 2820 sed
2128 2794 2133 2807 ‹

2273 2767 2408 2821 Εἰδὲ
2439 2761 2513 2838 μὴ
2542 2764 2653 2836 (40)
2674 2764 2839 2837 τιμὴν
2871 2764 3050 2826 οἰκίας
3080 2762 3114 2835 ἢ
3141 2762 3312 2836 ἀγροῦ
3342 2780 3445 2828 τις,
3482 2763 3600 2817 ἀλλ’
3637 2764 3767 2817 αὐτὰ

532 2834 705 2905 ipsam
733 2849 1138 2903 consecraverit
1165 2850 1386 2905 domum
1415 2862 1505 2906 aut
1538 2869 1726 2925 agrum
1750 2874 1762 2908 :
1791 2857 2053 2911 numerab

2248 2861 2412 2932 γιάσῃ
2440 2834 2594 2929 ⁷Θξεῷ,
2780 2834 2948 2926 “itu-qv
2983 2834 3282 2925 nrueqsst
3331 2854 3471 2937 μετα
3508 2854 3603 2907 τοῦ
3636 2856 3768 2925 πέμ·

530 2929 945 2987 testimationem
982 2938 1089 3002 rei,
1122 2946 1175 2992 et
1204 2942 1450 3009 quintam
1486 2952 1692 3011 partem
1728 2947 1888 3011 pretii
1940 2947 2056 3002 addi

2235 2929 2771 3021 πουίλυτρούμενος
2799 2949 2963 3015 αὐτὰ,
3012 2950 3104 3002 καὶ
3148 2946 3365 3018 μεθέξει
3390 2929 3488 3012 τὰς
3527 2949 3761 3017 κτήσεις.

530 3019 800 3088 praedictae
832 3038 1079 3083 summae.
1115 3026 1181 3082 Et
1218 3033 1616 3100 possessionem
1670 3036 1948 3102 retinebit,
1999 3052 2056 3092 ne

2234 3046 2422 3114 Ετέρῳ
2447 3019 2521 3096 δὲῖ
2537 3019 2638 3098 οὐδὲ
2670 3042 3033 3104 ἀποδώσεται,
3060 3041 3196 3097 ἀλλὰ
3211 3040 3313 3094 κᾶν
3335 3039 3609 3094 ἀποδῶται
3636 3040 3760 3109 (41).

529 3111 621 3165 alii
642 3114 853 3170 vendet.
883 3114 979 3172 Sin
1003 3119 1095 3173 alii
1118 3122 1442 3185 vendiderit,
1469 3136 1687 3195 emptor
1712 3140 1775 3179 ea
1806 3127 1946 3181 bona
1972 3141 2055 3197 pOt

2238 3111 2367 3205 .éxpt
2398 3133 2491 3187 τοῦ
2522 3134 2835 3205 ἰωὸηλαῑου
2862 3131 3079 3199 καθέξει
3105 3134 3134 3186 6
3157 3131 3479 3204 πριάμενος,
3511 3132 3605 3185 καὶ
3635 3132 3764 3201 μετά

529 3202 725 3263 sidt-bit
757 3220 928 3276 usque
953 3209 1019 3264 ad
1049 3212 1353 3281 jubilaeum,
1386 3226 1438 3269 et
1466 3216 1663 3271 deinde
1683 3218 1986 3288 proprietas
2013 3235 2055 3274 Vt

1243 3228 1353 3279 um,
1386 3226 1438 3269 et
1466 3216 1663 3271 deinde
1683 3218 1986 3288 proprietas
2013 3219 2097 3274 vel
2198 3227 2389 3281 τοῦτον
2422 3226 2575 3282 ἔσται
2605 3225 2764 3283 θεοῦ.

526 3294 831 3351 dominium
858 3300 1051 3356 iterum
1079 3304 1286 3359 recidet
1309 3305 1377 3361 ad
1408 3304 1598 3362 Deum.

596 3386 699 3454 Qui
732 3406 860 3446 vero
881 3396 1089 3451 voverit
1116 3413 1332 3469 agrum,
1362 3401 1455 3469 qni
1491 3416 1600 3455 non
1635 3410 1718 3457 est
1751 3401 1818 3459 de
1846 3419 1944 3459 sua
1980 3404 2093 3460 haz-

2268 3399 2373 3451 Τὸν
2399 3400 2456 3453 δὲ
2486 3399 2545 3467 ἐξ
2569 3398 2876 3472 ἁγορασεας
2902 3398 3200 3473 (43)ἁγρδν
3240 3401 3340 3455 οὐκ
3403 3400 3756 3467 ἀνακτήσεται

525 3477 791 3545 reditate,
830 3482 924 3537 sed
967 3500 1091 3539 eum
1138 3503 1202 3541 ex
1237 3496 1421 3557 empto
1451 3492 1782 3560 possederit,
1821 3509 1945 3548 eum
1986 3509 2051 3548 uo

2231 3490 2362 3542 νύτὸν
2392 3490 2587 3561 ἑαυτῷ,
2622 3492 2762 3545 ἀλλὰ
2788 3492 2925 3563 πρὸς
2958 3492 3116 3559 λόγον
3147 3491 3256 3546 τῶν
3287 3490 3518 3560 καρπῶν
3536 3489 3757 3550 ﬁrmitas;

525 3569 772 3633 nequiret
803 3572 928 3628 sibi.
978 3573 1079 3631 Ubi
1125 3578 1451 3646 persolverit
1486 3580 1698 3636 fructus
1750 3581 1877 3646 Deo,
1908 3583 1963 3636 in
2002 3582 2051 3651 ju

2230 3581 2274 3650 ᾦ
2299 3582 2439 3653 Θεῷ.
2474 3585 2532 3636 ὲν
2560 3583 2638 3652 τῷ
2683 3583 2872 3657 ’ῐωϐὴλ
2910 3584 3423 3653 ἀποκαταστήσεται
3464 3582 3555 3637 τὸν
3598 3581 3756 3652 ἀγρὸν

522 3654 683 3721 ωιωο
707 3661 957 3717 eumdem
988 3679 1178 3737 agrum
1209 3668 1463 3723 restituet
1492 3668 1789 3724 venditori.

1115 3682 1178 3721 tm
1209 3668 1463 3723 restituet
1492 3668 1789 3724 venditori.
2196 3670 2274 3741 τῷ
2307 3670 2641 3744 πεπραχότι.

590 3776 861 3830 Animalia
897 3780 1270 3851 primogenita.
1306 3781 1353 3837 si
1384 3783 1583 3838 munda
1613 3782 1834 3854 fuerint,
1873 3801 1977 3840 non
2019 3798 2242 3857 possunt
2271 3788 2481 3843 redimi.
2522 3788 2660 3863 [26.]

590 3886 649 3947 Si
691 3906 821 3947 vero
854 3893 1137 3949 immunda
1179 3894 1413 3963 fuerint,
1447 3899 1756 3957 admittitur
1785 3905 2090 3976 redemptio

2267 3906 2357 3977 Μὴ
2416 3907 2673 3981 καθαρῶν
2714 3907 2801 3975 δὲ,
2850 3909 2885 3979 ἡ
2937 3909 3077 3979 μετὰ
3119 3908 3217 3962 τοῦ
3259 3908 3511 3977 πέμπτου
3556 3906 3749 3979 λύτρω-

519 3998 643 4038 cum
674 3985 953 4045 additione
986 3987 1179 4059 quinta
1218 3990 1379 4058 pretii
1422 4000 1597 4060 parte.

924 4000 953 4041 e
986 3987 1179 4059 quinta
1218 3990 1379 4058 pretii
1422 4000 1597 4060 parte.
2196 4014 2280 4061 σις
2309 3999 2445 4070 (43).

588 4098 698 4152 Aut
738 4097 841 4152 hac
876 4098 1197 4153 conditione
1234 4101 1399 4154 etiam
1439 4103 1601 4159 vendi
1642 4115 1919 4176 poterunt.
1958 4109 2314 4181 Quaecunque
2358 4125 2543 4168 autem
2581 4114 2862 4169 donantur
2912 4122 2966 4172 et
3003 4126 3409 4171 consecrantur
3440 4113 3571 4177 Deo,
3617 4128 3744 4164 nun-

516 4198 680 4251 quam
722 4184 1040 4252 gaudebunt
1083 4184 1208 4255 jure
1264 4187 1665 4257 redemptionis
1704 4206 1717 4245 :
1760 4194 1870 4248 imo
1908 4212 2080 4265 usque
2120 4197 2188 4252 ad
2225 4208 2454 4255 mortem
2486 4201 2604 4255 sive
2634 4202 2920 4257 interitum
2969 4202 3061 4257 Dei
3099 4214 3442 4274 permanent.
3495 4202 3742 4256 Caeterum

516 4285 582 4323 ex
625 4270 709 4324 his
754 4269 1110 4327 relucescunt
1147 4271 1474 4330 differentia:
1508 4277 1732 4334 illorum
1781 4282 1875 4351 qui
1934 4282 2257 4340 dedicantur
2292 4288 2425 4343 Deo.
2461 4288 2594 4344 Nam
2640 4291 2862 4360 quidam
2896 4269 3138 4361 seipsum
3170 4309 3266 4361 per
3306 4293 3447 4348 alios
3486 4291 3594 4347 Deo
3622 4305 3739 4347 con-

517 4368 725 4423 secrat;
757 4358 901 4415 alius
930 4374 1025 4427 per
1054 4375 1113 4415 se
1144 4361 1323 4430 ipsum
1372 4363 1663 4420 dedicatur
1711 4367 1843 4424 Deo.
1894 4369 2130 4436 Quidam
2172 4385 2406 4443 possunt
2443 4392 2539 4445 per
2586 4358 2726 4433 alios
2763 4378 2946 4433 otl‘erri
2982 4358 3135 4444 VDeo;
3170 4358 3273 4433 alii
3336 4390 3616 4449 nequeunt
3656 4394 3741 4451 per

513 4445 651 4500 alios
679 4447 877 4500 donari
900 4445 1031 4508 Deo,
1069 4449 1165 4516 qui
1199 4450 1454 4505 videlicet
1485 4461 1714 4510 utuntur
1749 4455 2020 4513 ministris
2056 4458 2150 4514 Dei
2188 4461 2241 4517 in
2278 4463 2498 4531 negotio
2535 4462 2651 4528 Dei,
2694 4467 2790 4534 qui
2830 4467 2989 4536 quasi
3022 4467 3324 4521 aestimatio
3345 4445 3446 4536 pro
3481 4468 3612 4537 ipsis
3654 4445 3738 4521 oh-

512 4530 605 4585 lati
639 4542 785 4587 sunt.
807 4532 906 4589 Per
928 4548 989 4588 se
1015 4534 1223 4591 donant
1252 4554 1311 4593 se
1336 4537 1468 4601 Deo,
1496 4541 1591 4608 qui
1623 4542 2006 4599 administrant
2030 4562 2227 4601 munus
2244 4530 2607 4617 apostolicum
2634 4567 2650 4604 :
2682 4530 2736 4605 in
2765 4530 3012 4606 secundo
3030 4553 3099 4607 ab
3121 4552 3209 4607 his
3239 4553 3433 4607 ordine
3464 4560 3589 4608 sunt
3609 4593 3621 4615 ,
3655 4552 3733 4622 qui

510 4621 836 4678 diaconatus
859 4624 1042 4678 munia
1076 4625 1318 4681 obeunt:
1352 4628 1425 4681 ab
1453 4627 1749 4683 diaconatu
1779 4632 1873 4701 qui
1903 4633 2214 4700 discedunt,
2247 4638 2503 4692 recidunt
2538 4639 2604 4693 ad
2639 4654 2757 4694 eam
2780 4641 3010 4695 classem
3054 4641 3364 4705 hominum,
3403 4643 3493 4711 qui
3523 4644 3730 4696 aliorum

510 4724 674 4776 opera
699 4710 1009 4780 junguntur
1031 4714 1202 4767 cultui
1237 4715 1445 4772 divino.
1476 4715 1581 4781 Qui
1618 4717 1917 4772 sacerdotii
1960 4718 2301 4781 iunctionem
2334 4737 2724 4796 susceperunt,
2770 4743 3054 4798 nunquam
3097 4736 3360 4797 poterunt
3392 4710 3462 4783 ab
3500 4730 3597 4783 hac
3625 4743 3729 4783 sese

510 4810 799 4863 segregare
831 4806 885 4851 et
915 4798 985 4852 ad
1032 4800 1217 4854 saeculi
1255 4803 1471 4871 negotia
1510 4804 1734 4856 reverti.
1777 4801 1913 4858 Nam
1956 4808 2021 4860 ad
2051 4810 2235 4864 omnia
2271 4813 2619 4867 habebuntur
2650 4814 2895 4870 inutiles.
2953 4815 3049 4869 Sal
3093 4816 3241 4869 enim
3290 4818 3338 4870 si
3385 4816 3555 4870 fuerit
3609 4815 3730 4869 infa-

510 5056 606 5109 scd
633 5056 1032 5111 restituendum
1080 5058 1190 5113 Deo
1227 5063 1444 5115 etiamsi
1481 5064 1752 5121 alienatus
1789 5065 1950 5122 fuerit
1981 5087 1994 5123 :
2033 5073 2221 5127 redimi
2263 5056 2401 5128 vero
2432 5075 2618 5131 addita
2644 5056 2837 5145 quinta
2879 5056 3227 5145 parte'pretii
3267 5060 3379 5132 una
3409 5093 3533 5133 cum
3570 5077 3723 5147 pretio

440 5170 468 5241 λ
508 5142 676 5209 justo.
712 5141 1062 5212 Significatur
1094 5156 1353 5214 prseterea
1384 5166 1531 5214 eum,
1565 5154 1658 5221 qui
1691 5155 2003 5223 exagitatur
2036 5159 2283 5214 adversis
2320 5164 2483 5217 rebus
2513 5141 2728 5227 szcculi,
2776 5141 2979 5217 debere
3014 5141 3261 5234 cogitare
3303 5141 3592 5235 spirituale
3636 5164 3722 5219 mi-

571 5317 614 5347 “
649 5316 841 5373 Matth.
885 5335 996 5385 th,
1026 5322 1108 5377 Η.
1187 5323 1232 5355 ³⁸
1268 5322 1399 5376 ibid.
1450 5324 1535 5377 ‘ll.
1614 5328 1659 5358 ⁵³
1695 5327 1826 5382 ibid.
1862 5329 1948 5383 1‘2.
2024 5332 2071 5364 “

1614 5328 1659 5358 ⁵³
1695 5327 1826 5382 ibid.
1862 5329 1948 5383 1‘2.
2024 5332 2071 5364 “
2100 5330 2262 5388 Joan.
2294 5351 2368 5399 vt,
2410 5335 2500 5390 57.
2580 5338 2622 5370 ⁸⁵
2654 5337 2892 5411 Philipp.
2926 5359 3001 5407 tv,
3032 5342 3121 5397 Π.

575 5528 689 5620 (4οὶ
718 5528 843 5613 ’βὰν
864 5530 927 5620 δέ
953 5550 1036 5620 τὶς
1173 5534 1273 5620 τῂν
1305 5552 1353 5587 τι
1356 5535 1490 5620 pqr,
1520 5536 1635 5620 fuit?
1660 5536 1833 5620 αὐτὴν
1863 5541 2068 5620 divitior]
2245 5546 2356 5620 (μ)
2392 5544 2519 5620 Ἐὰν
2545 5548 2605 5600 δὲ
2634 5549 2806 5620 ἑτέρῳ
2832 5551 3128 5607 ἀποδῶται.
3168 5553 3225 5607 '0
3251 5556 3376 5607 αὐτ.

575 5553 685 5596 μυ)
739 5553 843 5581 ων
864 5553 920 5583 οε
953 5553 1036 5595 τις
1060 5553 1133 5602 μη
1173 5553 1273 5604 την
1305 5553 1353 5587 τι
1350 5553 1490 5659 ἕλην,
1520 5553 1633 5591 αΑΑ·
1660 5553 1833 5603 αυτὴν
1863 5553 2068 5614 αγιαση
2245 5553 2356 5616 (Η)
2392 5553 2519 5601 Ἐὰν
2545 5553 2605 5600 δὲ
2634 5553 2806 5620 ἑτέρῳ
2832 5553 3128 5607 ἀποδῶται.
3168 5553 3225 5607 '0
3251 5556 3376 5607 αὐτ.

518 5597 920 5695 flii-avni
957 5603 1520 5695 ἔχει-φ’,μώςςιι
1540 5606 1850 5695 Ατὴξὶτιμὴν
1883 5613 1976 5695 θεαὶ
2004 5600 2069 5695 εδ
2186 5687 2225 5695 η
2408 5620 2463 5695 ’.Ο
2485 5619 2541 5670 δὲ
2574 5620 2806 5695 ἁγιάσας
2850 5624 3019 5695 ἀγρὸν
3064 5626 3165 5677 οὐκ
3195 5625 3304 5677 ἀπὸ
3348 5624 3549 5695 κλήρου
3582 5622 3711 5684 ἰδίου,

514 5669 789 5759 iismy;
837 5674 925 5722 καὶ
957 5669 1401 5740 καθέξεῖταῦτα,
1436 5669 1711 5749 ἑτέρῳ’ὅὲ,
1746 5669 1845 5732 ’κιὶκ
1885 5681 1945 5736 ’0
1969 5683 2067 5754 τῆς
2174 5669 2373 5759 erit
2404 5669 2705 5759 dryopacia;
2726 5669 2828 5744 οὐξι
2858 5669 3017 5747 alim.
3054 5713 3139 5749 κτ.
3182 5697 3239 5747 Ὁ
3273 5696 3395 5749 αὐτ.

511 5739 621 5804 At)?
675 5737 801 5795 κώδ.
1390 5737 1396 5740 ’
1529 5737 1539 5749 ¹
1578 5737 1588 5747 ’
1697 5737 1707 5743 ⁷
2023 5737 2032 5754 Ι

2030 5737 2063 5754 ”
2183 5737 2373 5828 ”’⁷(4τξ»ἶ
2392 5737 2702 5830 stipati}:
2730 5737 3017 5832 regis;
3055 5737 3252 5836 τᾶτῖηῖς
3273 5737 3556 5834 Εἰκώδ.
