4090 6504
214 356 346 414 793
1255 350 1794 413 COMMENTARII

1889 354 1932 414 N
1976 355 2367 419 NUMEROS.
3402 353 3504 418 794

213 464 552 523 ιιῖδιενὶυιη.
572 465 829 539 Quinque
846 470 1050 523 ctenim
1075 476 1226 529 sunt.
1244 485 1342 539 per
1360 470 1831 541 qumjcopulamur
1849 472 1960 528 Deo
1980 492 1995 529 :
2021 476 2414 546 cogitationes,
2441 477 2608 548 380
2627 477 2981 548 cupiditates,
2998 476 3261 541 rationes,
3285 490 3453 544 Opera
3476 491 3492 529 :

210 556 486 626 quintum
536 568 663 609 vero
692 570 948 625 agnosce
977 555 1319 611 atiectiones.
1363 554 1522 623 Quod
1556 572 1686 628 ager
1732 559 1992 617 venditus
2036 578 2145 618 non
2179 571 2361 633 potest
2394 565 2594 619 redimi
2637 565 2709 620 ab
2744 574 3028 635 emptore,
3061 562 3157 618 sed
3193 562 3506 617 reddendus

210 655 310 699 est
350 642 623 698 venditori
654 643 745 697 ubi
778 642 992 699 fructus
1024 642 1154 697 inde
1191 644 1530 713 perceperis,
1568 645 1791 715 enigma
1825 650 2096 715 continet,
2123 658 2179 705 et
2223 651 2432 706 indicat
2463 652 2612 716 illos,
2649 652 2746 720 qui
2784 667 2893 706 non
2934 660 3084 706 recte
3124 649 3504 704 ecclesiastica

209 746 460 786 munera
503 739 766 787 tractant.
824 731 964 785 Huic
1006 732 1190 786 simile
1237 742 1321 787 est
1356 739 1411 786 et
1454 733 1609 795 illud,
1649 735 1795 804 quod
1827 736 1896 791 de
1929 737 2312 809 primogenitis
2344 740 2721 795 animantibus
2754 740 2992 810 impuris
3034 738 3317 804 scribitur,
3356 740 3503 808 quod

208 820 343 875 hanc
380 820 733 876 redimantur
769 835 895 875 cum
932 820 1236 892 sppendice
1265 822 1473 891 quintae
1511 824 1673 891 pretii
1706 822 1844 892 justi
1876 824 2075 894 partis,
2124 833 2179 879 et
2215 826 2528 881 vendantur
2559 826 2761 882 deinde
2792 827 3038 897 impune.

284 932 410 985 Καὶ
440 934 538 986 ἐπὶ
561 933 671 987 τῶν
694 933 851 999 ζώων
871 933 982 988 τῶν
998 932 1364 1004 πρωτοτόκων
1394 933 1658 1006 καθαρῶν
1691 935 1812 1006 μὲν,
1846 924 1891 977 Α

1990 936 2195 991 Verum
2231 939 2486 992 animalia
2527 942 2731 994 munda
2769 956 3048 1011 nunquam
3102 940 3386 1011 patiuntur
3416 954 3506 995 re-

206 1027 342 1082 οὐδὲ
368 1028 669 1100 λύτρωσις.

1922 1027 2260 1099 dcmptionis
2302 1031 2696 1087 conditionem.

290 1137 508 1195 Sancta
544 1147 727 1194 autem
760 1148 1106 1207 sanctorum,
1134 1156 1257 1212 quae
1288 1141 1492 1197 donata
1530 1139 1740 1195 fuerint
1772 1139 1906 1207 Deo,
1933 1150 2064 1197 sunt
2104 1144 2440 1200 excellentes
2471 1143 2566 1199 Dei
2602 1145 2874 1209 homines,
2905 1144 3117 1214 quique
3154 1146 3309 1199 nullo
3345 1147 3508 1201 modo

207 1243 241 1280 a
290 1227 411 1283 Deo
444 1226 659 1296 sejungi
702 1235 937 1295 queunt.
978 1226 1214 1283 Decima:
1246 1242 1466 1299 quoque
1494 1228 1815 1282 animalium
1852 1244 1955 1285 nec
1995 1232 2300 1299 permutari
2349 1248 2449 1287 nec
2490 1232 2683 1286 redimi
2728 1240 2982 1299 possunt.
3012 1229 3318 1287 Fructuum
3349 1250 3504 1297 vero.

207 1315 461 1369 decimae
499 1330 610 1371 non
642 1312 926 1386 refugiunt
967 1314 1401 1385 redemptionem
1440 1315 1487 1370 si
1522 1316 1649 1386 quis
1686 1323 1911 1384 paratus
1942 1320 2022 1371 sit
2058 1318 2355 1372 refundere
2390 1320 2559 1372 etiam
2590 1320 2846 1387 quintam
2880 1319 3223 1375 decimarum
3268 1331 3505 1390 partem.

210 1404 549 1457 Auimantia
577 1402 724 1458 enim
761 1403 1079 1459 inanimatis
1109 1411 1389 1474 praestant.
1422 1401 1695 1474 Quidquid
1731 1419 1850 1457 vero
1881 1416 2252 1483 consecratum
2280 1406 2467 1474 fuerit,
2507 1407 2610 1471 ait,
2642 1405 2753 1460 Deo
2782 1409 2851 1460 ab
2877 1406 3189 1479 hominibus
3220 1424 3329 1462 non
3358 1410 3507 1464 redi-

211 1501 428 1544 metut.
472 1489 613 1562 [28].

292 1595 486 1666 Ὅπερ
516 1598 610 1649 ἐπὶ
636 1596 748 1649 τῶν
780 1596 1057 1668 πολεμίων
1096 1595 1209 1669 (At)
1241 1597 1339 1648 ἐπὶ
1370 1597 1607 1651 θανάτου
1670 1599 1819 1667 γίνε-

1997 1599 2092 1654 Sic
2137 1599 2322 1655 hostes
2367 1601 2675 1655 consecrati
2721 1600 2853 1667 Deo,
2904 1601 3126 1672 penitus
3159 1601 3507 1665 delebantur,

209 1706 343 1755 ται,
375 1689 453 1753 ὡς
487 1691 581 1743 tati
608 1689 715 1742 τῶν
752 1689 1152 1760 Ἱεριχουντίων
1189 1689 1732 1759 ἀναθεματισθέντων
1762 1695 1820 1746 ὲν

1927 1700 1989 1747 ut
2034 1691 2235 1746 accidit
2275 1691 2614 1747 Jericunthis
2649 1694 2886 1758 civibus,
2908 1694 3001 1763 qui
3036 1709 3230 1749 omnes
3266 1708 3364 1747 ore
3390 1694 3508 1763 gla-

214 1782 464 1851 στόματι
496 1780 805 1852 ξίφους,-ἢν
832 1780 944 1852 (i5)
980 1783 1072 1835 ἐπὶ
1097 1781 1192 1834 τοῦ
1223 1781 1420 1846 αἰῶνος
1461 1781 1556 1835 τοῦ
1598 1782 1819 1853 μέλλον-

1925 1785 2000 1838 dii
2033 1795 2190 1839 erant
2224 1784 2511 1854 perdendi,
2544 1785 2595 1839 id
2624 1792 2732 1849 est,
2765 1800 2957 1840 omnes
3002 1785 3328 1840 inexorabili
3359 1783 3508 1854 judi-

214 1891 320 1935 τος
350 1875 641 1946 ποιήσεται
670 1873 926 1945 Χριστός.
951 1873 1078 1927 Ἐπὶ
1106 1873 1163 1927 δὲ
1184 1872 1293 1926 τῶν
1317 1873 1537 1927 οἰκείων
1562 1872 1684 1945 Θεῷ
1722 1875 1817 1929 ἐπὶ

1924 1878 2032 1941 cio,
2079 1879 2226 1947 quod
2273 1887 2434 1948 typus
2467 1884 2588 1931 erat
2636 1877 2805 1931 futuri
2850 1877 3047 1947 judicii
3101 1876 3351 1937 extremi.
3413 1876 3506 1931 Dei

214 1968 418 2039 τελείᾳ
433 1970 496 2038 τῇ
528 1969 607 2031 είς
638 1967 771 2020 Θεὸν
800 1966 1109 2036 μεταθέσει,
1137 1969 1267 2038 περὶ
1294 1960 1367 2021 ὧν
1391 1968 1616 2036 ἐγκαλεῖ
1645 1968 1812 2031 Θεός·

1924 1968 2093 2022 dediti
2124 1977 2177 2022 et
2207 1969 2409 2023 addicti
2439 1976 2619 2023 erant.
2662 1969 2769 2024 Sed
2802 1970 2911 2022 alia
2938 1971 3081 2023 ratio
3104 1978 3190 2023 est
3216 1982 3509 2023 consecra-

224 2077 248 2110 ι
307 2058 619 2122 Ἑποτίζετε
639 2059 764 2122 τοὺς
791 2059 1157 2129 ήγιασμένους
1185 2056 1349 2116 οἶνον.
1393 2078 1412 2111 ι
1450 2059 1563 2113 Καὶ
1600 2060 1628 2110 ὁ
1656 2060 1817 2114 Σολο-

1922 2062 2092 2117 tionis
2132 2064 2343 2133 piorum
2391 2062 2711 2125 hominum,
2755 2062 2845 2131 qui
2890 2061 3132 2132 perfecta
3184 2060 3506 2131 poenitentia

223 2150 351 2221 μὼν
378 2167 543 2220 φησιν
572 2151 683 2223 (46)
714 2150 919 2219 ἀγαθὸν
947 2150 1022 2223 μὴ
1047 2150 1333 2219 εὔξασθαι,
1368 2150 1402 2222 ἢ
1435 2150 1698 2219 εὔξασθαι
1717 2153 1814 2206 καὶ

1923 2156 2058 2209 etin
2110 2156 2307 2207 melius
2338 2154 2465 2208 vita;
2518 2155 2884 2208 conversione
2936 2153 3328 2222 adjudicantnr
3375 2150 3504 2215 Deo,

226 2245 313 2315 μὴ
338 2243 651 2302 ἀποδοῦναι.

1923 2246 1992 2301 ob
2023 2262 2163 2316 quos
2192 2244 2338 2300 Deus
2361 2246 2616 2318 objurgat
2680 2246 2922 2314 Iudaeos,
2956 2245 3144 2300 dicens
3172 2263 3185 2298 :
3217 2262 3235 2295 t
3272 2242 3509 2300 Dedistis

224 2335 370 2389 mihi
407 2336 743 2393 consecratis
786 2336 973 2390 vinum
1006 2336 1195 2393 bibere
1222 2338 1290 2393 ".
1330 2357 1349 2391 ι
1406 2340 1667 2394 Salomon
1698 2336 2072 2406 periculosum
2108 2346 2160 2391 et
2194 2352 2356 2407 grave
2388 2353 2511 2391 esse
2551 2343 2713 2392 docet
2768 2338 2813 2370 ⁸⁷
2836 2378 2850 2402 ,
2895 2337 2959 2403 εἰ,
2983 2337 3110 2407 quis
3174 2336 3382 2391 voverit
3422 2352 3511 2388 vo-

226 2426 349 2475 tum
382 2432 437 2476 et
467 2423 665 2478 deinde
699 2423 749 2477 id
784 2423 1011 2479 reddere
1046 2425 1133 2478 vel
1164 2426 1409 2481 noluerit
1444 2427 1531 2481 vel
1560 2440 1669 2481 non
1704 2424 2055 2495 persolvendi
2088 2434 2276 2477 votum
2318 2425 2614 2478 consilium
2650 2425 2855 2479 inierit.

307 2531 463 2588 Hauc
502 2534 845 2603 impietatem
894 2535 1089 2590 vitavit
1130 2533 1388 2606 Jephthe,
1422 2551 1550 2592 cum
1582 2536 1794 2590 diceret
1835 2534 1987 2588 nullo
2032 2534 2194 2589 modo
2236 2534 2350 2589 ﬁeri
2386 2550 2571 2605 posse,
2613 2546 2671 2589 ut
2700 2534 2809 2588 lilia
2840 2535 3108 2588 liberetur
3138 2532 3219 2586 vel
3262 2532 3510 2586 solvatur

230 2624 375 2677 dura
416 2625 531 2679 voti
567 2626 924 2680 necessitate.
962 2624 1081 2680 Non
1121 2628 1325 2681 restitit
1354 2628 1527 2698 patris
1554 2625 1841 2683 sententiae
1871 2625 1955 2695 pia
1994 2624 2131 2690 lilia,
2155 2641 2278 2694 qua:
2307 2635 2468 2696 typus
2501 2624 2604 2679 fuit
2631 2624 2770 2679 casti
2800 2633 2854 2679 et
2885 2626 3005 2692 puri
3038 2623 3269 2685 Christi,
3294 2621 3384 2690 qui
3414 2637 3505 2675 se-

230 2714 420 2781 ipsum
460 2713 710 2779 permisit
738 2714 1007 2768 voluntati
1052 2712 1236 2770 Patris
1271 2723 1332 2769 ut
1376 2730 1476 2785 pro
1506 2715 1664 2771 nobis
1709 2712 2113 2768 atrocissimam
2148 2711 2330 2765 obiret
2372 2720 2624 2765 mortem.
2663 2710 2935 2765 Caeterum
2976 2710 3220 2765 crudelis
3266 2709 3355 2762 illa
3391 2708 3501 2762 voti

231 2816 333 2870 per
368 2801 574 2855 solutio
625 2803 798 2858 semel
832 2804 1115 2858 celebrata
1148 2803 1501 2873 postmodum
1536 2804 1717 2858 verita
1761 2808 1885 2865 est,
1922 2807 1982 2853 ut
2021 2798 2331 2853 declararet
2377 2797 2663 2852 Christum
2700 2799 2872 2853 semel
2912 2813 3010 2867 pro
3053 2797 3240 2851 mundi
3289 2809 3511 2866 peccato

233 2887 389 2941 diros
437 2888 720 2942 cruciatus
760 2904 1105 2959 perpessum.
1138 2890 1467 2960 Exemplum
1503 2905 1640 2945 vero
1678 2887 1916 2959 Jephthe
1956 2888 2009 2940 in
2053 2886 2368 2939 litterarum
2417 2894 2772 2941 monumenta
2825 2886 3054 2940 relatum
3099 2892 3184 2939 est
3210 2925 3225 2950 ,
3257 2893 3315 2937 ut
3346 2883 3509 2938 simul

234 2978 385 3029 cauti
419 2990 490 3029 ne
517 2975 650 3046 quid
696 2987 900 3031 temere
948 2992 1246 3032 voveamus
1278 2976 1554 3032 Domino:
1588 2987 1685 3033 aut
1723 2978 1770 3033 si
1807 2974 1937 3047 quid
1972 2974 2311 3033 voverimus,
2345 2972 2395 3026 id
2441 2972 2584 3026 bona
2616 2972 2722 3027 fide
2753 2972 3153 3042 persolvamus.
3221 2969 3353 3025 Nam
3381 2986 3509 3039 pro-

235 3063 551 3127 missiones,
590 3077 731 3132 quas
764 3062 876 3119 Deo
921 3064 1231 3129 fecerimus,
1278 3065 1515 3120 illibatas
1549 3065 1872 3121 conservari
1905 3070 2125 3133 oportet
2154 3060 2373 3116 etiamsi
2409 3061 2647 3116 hominis
2681 3061 2850 3115 vitam
2876 3066 3240 3115 concernant.
3271 3056 3509 3113 Proinde

234 3148 469 3218 Jephthc
498 3152 805 3219 exemplum
832 3155 1141 3222 proposuit,
1176 3154 1270 3223 qui
1304 3155 1359 3209 in
1398 3169 1460 3210 re
1491 3154 1732 3208 maxima
1763 3152 1997 3206 Domino
2029 3150 2278 3205 servavit
2316 3149 2501 3209 fidem.
2536 3156 2597 3203 ut
2628 3163 2728 3204 nos
2760 3149 3014 3203 similiter
3042 3162 3296 3217 agamus,
3349 3146 3499 3215 ejus-

238 3253 345 3305 que
384 3238 657 3307 justitiam
703 3240 1003 3294 imitemur.
1034 3239 1272 3311 Jephthe
1314 3242 1606 3311 promissis
1639 3242 1832 3303 stetit,
1865 3255 1935 3295 ne
1976 3236 2483 3307 deprehenderetur
2519 3236 2826 3306 transgredi
2876 3237 3070 3307 legem.
3102 3234 3369 3300 Quamvis
3409 3250 3509 3288 rm

241 3342 357 3391 gum
392 3326 524 3380 illud
566 3326 905 3394 reddiderit.
929 3344 1039 3383 non
1076 3340 1258 3385 tamen
1293 3330 1349 3385 id
1380 3328 1514 3385 fecit
1547 3330 1850 3387 secundum
1888 3327 2203 3384 scientiam.
2235 3327 2467 3381 Animus
2496 3326 2618 3396 ejus
2662 3326 2874 3396 integer
2913 3334 2971 3380 et
3006 3326 3361 3392 incorruptus
3390 3338 3509 3376 ma~

240 3413 325 3480 gis
372 3412 430 3467 in
473 3414 579 3468 hoc
614 3414 761 3469 facto
808 3415 1245 3472 considerandus
1277 3426 1383 3472 est.
1416 3415 1490 3471 Ut
1521 3417 1886 3472 nniversalem
1926 3415 2220 3484 quamdam
2258 3412 2603 3484 proferamus
2636 3412 3034 3483 expositionem
3082 3412 3151 3466 de
3197 3412 3281 3467 his
3324 3410 3507 3474 rebus,

243 3516 361 3568 qua:
387 3512 727 3556 consecratas
756 3501 962 3557 fuerint
988 3503 1120 3566 Deo,
1148 3505 1233 3559 sic
1267 3505 1417 3560 audi.
1450 3504 1709 3571 Quaedam
1737 3502 2210 3558 consecrabantur
2257 3500 2488 3555 Domino
2510 3540 2526 3566 ,
2553 3510 2609 3556 et
2638 3501 2995 3557 nominantur
3036 3509 3249 3554 sancta.
3288 3497 3511 3554 Licebat

244 3589 514 3642 sacerdoti
542 3588 656 3642 haec
684 3589 769 3644 vel
803 3590 1043 3644 retinere
1075 3591 1160 3645 vel
1191 3591 1462 3649 alienare.
1516 3592 1665 3647 Laus
1697 3592 1809 3643 Deo
1839 3589 2011 3643 Trino
2046 3603 2100 3641 et
2138 3589 2256 3642 uni.

311 3700 592 3772 Ἀνάθημα
639 3704 696 3757 δὲ
739 3704 892 3759 οὐδὲν
928 3704 1124 3777 λύτρον
1178 3708 1348 3771 ἐστὶν,
1381 3707 1493 3761 ἀλλ’
1517 3707 1670 3776 ἅγιον
1698 3708 1809 3777 (47)
1845 3713 1885 3769 Β

1985 3704 2244 3771 Quaedam
2272 3707 2668 3762 dedicahantur
2716 3708 2968 3772 Domino,
2998 3716 3054 3763 et
3088 3704 3509 3776 appellabantur

242 3792 412 3859 ἁγίων
443 3792 562 3863 θεῷ
589 3794 693 3858 ἕως
715 3794 968 3866 θανάτου,
1001 3799 1095 3852 καὶ
1121 3798 1244 3854 ἀντὶ
1285 3799 1608 3871 λυτρώσεως
1638 3801 1823 3855 ἀνατί-

1929 3799 2298 3852 anathemata.
2340 3800 2467 3854 llaec
2497 3815 2774 3867 nunquam
2811 3799 2878 3853 ad
2914 3800 3186 3853 humanos
3220 3805 3275 3852 et
3322 3794 3508 3866 profa-

246 3881 417 3938 θεται.
1927 3903 2032 3942 nos
2062 3904 2192 3941 usus
2221 3891 2461 3944 revocati
2499 3900 2786 3960 poterant:
2812 3899 3078 3961 perpetuo
3110 3894 3435 3944 consecrata
3456 3891 3511 3940 et

1926 3977 2128 4033 divinis
2159 3982 2350 4035 usibus
2390 3980 2662 4035 destinata
2696 3982 3083 4035 servabantur.

314 4152 361 4186 ³⁸
396 4152 563 4206 Amos
607 4168 670 4215 ιι,
716 4153 804 4209 12.
878 4152 928 4186 ’τ
967 4152 1137 4207 Eccli.
1167 4169 1221 4219 ν,
1257 4155 1311 4220 ’5,
1356 4157 1411 4211 4.

1747 4248 1980 4308 NOTAE.

317 4339 424 4413 (μ)
458 4342 627 4413 Ὅταν
656 4342 748 4396 ἐπὶ
781 4342 891 4394 τῶν
928 4343 1222 4413 πολεμίων.
1276 4346 1335 4397 Ὀ
1390 4345 1633 4412 Ἀλεξαν.
1682 4345 1813 4402 κώδ.
1937 4346 2062 4401 Ἐπὶ
2091 4345 2168 4407 δὲ,
2203 4358 2289 4400 κτ.

248 4408 513 4483 Ἐπὶ-μὲν
541 4411 817 4483 πολεμίων
846 4414 941 4465 ἐπὶ
975 4408 1208 4482 θανάτῳ.
1253 4415 1310 4467 ’0
1336 4415 1434 4482 τῆς
1449 4408 1579 4483 Αὐῆί
1611 4414 1743 4472 κὼδ.
1996 4416 2107 4481 (46)
2149 4417 2208 4467 Ὀ
2246 4416 2300 4466 δὲ
2324 4411 2574 4482 Σολομὼν
2607 4412 2783 4467 δεινὸν
2806 4412 3100 4482 ἀποφαίνει
3132 4411 3191 4465 τὸ
3231 4410 3369 4480 μετὰ
3410 4412 3510 4483 τὴν

319 4479 537 4555 (45)
553 4479 893 4555 ﬂuentiam?)
918 4479 1271 4555 ἀναφέρεται.
1294 4479 1402 4537 Καῐ
1422 4479 1813 4554 ῐσ.ἀναγνωστ.
1921 4488 2007 4555 ἐφ’
2042 4479 2221 4555 ὲὰυτῷ
2245 4486 2413 4555 εὐχὴν
2448 4479 2881 4555 aventini/acuat.
3053 4482 3331 4555 Themi}.
3375 4479 3506 4555 κῴδ.

250 4549 429 4624 amp.‘
452 4551 509 4624 :0
547 4552 603 4603 δὲ
657 4551 758 4618 τῆς
794 4549 947 4620 Ἀὺγ.
994 4549 1125 4607 κὼδζ
1183 4555 1296 4609 τάδ’
1347 4557 1459 4624 ἔχει
1481 4573 1494 4586 δ
1544 4549 1819 4611 τοντέστιν
1965 4549 1976 4555 ⁷
2000 4557 2111 4624 (47)
2144 4549 2285 4608 ’Ᾱλλ’
2312 4549 2628 4608 avaritia-cat
2661 4549 2825 4623 μέχρι
2861 4549 3117 4607 θανάτουέ
3165 4553 3221 4606 '0
3243 4551 3341 4620 τῆς
3367 4552 3506 4619 Αὐγ.

250 4619 610 4675 ἀνατεθέντων
640 4624 705 4693 τῇ
723 4619 1083 4695 ἀπαραιτήτῳ
1139 4625 1321 4696 κρίσει
1361 4619 1454 4678 τοῦ
1514 4626 1817 4695 μέλλοντος.
1926 4619 2055 4681 κώδ.
2094 4622 2099 4627 ’

733 5006 1791 5138 COMMENTARI
1812 5009 1857 5133 Ι
1960 5009 2126 5133 IN
2185 5008 2989 5138 NUMEROS.

1823 5276 1912 5300 .*

317 5406 438 5474 Πᾶς
454 5404 673 5476 ἅρσην,
691 5402 811 5461 ἀπὸ
831 5406 1219 5475 εικοσαέτους
1246 5408 1346 5463 καὶ
1372 5409 1597 5464 ἐπάνω.
1635 5411 1820 5483 Παρα-
1846 5416 1890 5474 c

1888 5454 1890 5468 ,
1990 5406 2153 5479 381
2193 5408 2374 5462 Omnis
2408 5409 2593 5478 viginti
2620 5419 2669 5463 et
2694 5423 2852 5476 supra
2879 5421 3139 5459 annorum
3175 5402 3383 5475 masll,
3425 5398 3503 5479 3.;

250 5498 506 5568 τηρητέον
538 5500 598 5553 ὲν
628 5500 743 5564 τοῖς
771 5499 1076 5572 Ἀριομοῖς.
1106 5501 1188 5555 ὅτι
1209 5502 1269 5555 οὐ
1311 5503 1449 5575 γυνὴ
1483 5504 1820 5574 ἀριθμεῖται,

1914 5498 1987 5554 Ἱη
2017 5500 2263 5555 numeris
2296 5499 2696 5554 observandum
2738 5506 2843 5563 est,
2867 5495 3011 5565 quod
3047 5510 3143 5550 nec
3165 5493 3381 5558 mulier,
3402 5510 3501 5550 ceu

248 5591 318 5654 ὡς
337 5592 601 5663 ἀσθενήςο
645 5593 707 5648 οὐ
760 5594 993 5660 παιδίον,
1032 5596 1109 5659 ὡς
1146 5595 1641 5666 εὐκαταφρόνητον,
1683 5594 1825 5666 πλὴν

1929 5608 2094 5650 sexus
2138 5592 2487 5653 imbecillior,
2520 5606 2622 5646 nec
2667 5606 2800 5660 puer
2845 5588 3247 5660 (primogenitis
3308 5596 3362 5642 et
3398 5586 3501 5643 ιο-

252 5683 606 5751 πρωτοτόκων
629 5684 726 5738 καὶ
753 5684 998 5738 Λευῖτῶν
1024 5701 1039 5715 ο
1064 5685 1125 5737 οὐ
1147 5684 1354 5750 δοῦλος,
1386 5684 1474 5738 διὰ
1498 5684 1559 5737 τὸ
1588 5684 1784 5756 ἄτιμον
1800 5698 1816 5718 ο

1930 5686 2057 5741 vitis
2096 5684 2392 5755 exceptis),
2436 5698 2536 5737 ceu
2568 5692 2700 5737 aetas
2726 5680 3067 5749 contemptui
3099 5679 3357 5746 obnoxia,
3406 5694 3502 5734 nec

250 5776 339 5826 οὐκ
374 5775 666 5843 ὲπίμικτος
688 5816 702 5839 ,
738 5776 826 5829 διὰ
864 5775 923 5829 τὸ
946 5776 1225 5847 ἀλλότριον
1247 5792 1258 5807 ·
1319 5776 1435 5829 ἀλλ’
1497 5780 1544 5830 οἱ
1590 5778 1817 5850 ἄρσενες

1930 5792 2124 5836 servus
2163 5795 2262 5835 ccu
2294 5772 2563 5847 abjcctus,
2609 5791 2711 5831 nec
2750 5772 2959 5829 advena
2994 5787 3094 5830 ccu
3120 5766 3371 5839 alienus;
3404 5771 3502 5830 Sed
