3864 6502
600 353 709 415 795
1900 355 2250 414 PROCOPII
2279 352 2522 413 GAZ/EI
3710 363 3784 422 796

605 480 788 520 mares
822 464 1113 535 indigenae,
1149 465 1329 531 liberi,
1366 465 1502 520 bene
1526 467 1662 529 nati,
1697 466 2016 535 justamque
2045 477 2131 518 aet:

2286 467 2379 518 καὶ
2407 468 2619 527 οἰκεῖοι.
2660 466 2939 537 ἐλεύθεροί
2978 485 3037 520 τε
3088 470 3183 523 καὶ
3228 471 3487 538 εὐγενεῖς,
3519 472 3686 531 ulti;
3718 481 3784 544 μέ.

605 574 712 618 tem
755 563 935 632 adepti
975 561 1031 616 in
1057 562 1522 631 supplementum,
1557 562 1661 614 hoc
1701 569 1812 625 est,
1839 562 2057 630 generis
2090 577 2131 613 St

2288 574 2416 625 τρον
2450 557 2666 625 ἡλικίας
2689 558 2917 626 ἥκοντες
2947 560 3043 613 τοῦ
3074 562 3441 634 πληρώματος
3469 562 3553 615 τοῦ
3587 565 3786 633 Χριστοῦ.

605 658 741 710 riem
769 655 1000 718 Christi,
1038 662 1435 708 accensentur.

671 790 809 846 Nam
834 792 871 846 ii
908 792 1001 861 qui
1032 791 1247 847 animos
1277 792 1343 846 ad
1387 806 1627 860 pugnam
1664 787 2133 843 instructissimos
2177 785 2398 845 habent.
2424 786 2632 855 quique
2662 784 2847 841 divina
2873 787 3184 858 cognitione
3219 787 3377 859 digni
3409 789 3711 857 iudicantur.
3743 795 3782 848 in

602 896 839 937 numero
874 881 1048 949 ipsius
1084 891 1135 934 et
1178 880 1407 934 decuria
1448 882 1627 931 locum
1658 877 1879 931 demum
1926 875 2232 929 inveniunt.
2264 872 2482 941 Alioqui
2519 886 2653 928 sane
2690 874 3069 943 cognitionem
3102 874 3285 944 ipsius
3324 875 3639 946 subterfugit
3668 881 3785 942 nihil,

600 970 757 1040 juxta
790 968 923 1022 illud
956 988 971 1022 :
1018 986 1038 1019 ι
1074 967 1176 1033 Qui
1208 967 1399 1036 copias
1444 974 1726 1020 astrorum
1764 964 2085 1016 dinumerat
2119 962 2185 1015 ⁸⁸.
2226 979 2245 1012 ι
2286 958 2347 1011 Ει
2389 959 2520 1013 illud
2556 980 2569 1015 :
2604 978 2621 1009 ι
2669 959 2872 1015 Omnes
2904 975 3006 1017 suo
3038 961 3261 1015 vocabit
3292 962 3512 1015 nomine
3540 963 3600 1015 “.
3652 962 3793 1029 »Ουίιι

605 1057 772 1110 etiam
803 1054 868 1108 ad
897 1070 1149 1123 passeres
1181 1070 1355 1123 usque
1391 1068 1547 1106 suam
1580 1051 1953 1121 cognitionem
1997 1048 2283 1118 pervenire
2315 1046 2573 1100 Servator
2604 1048 2808 1101 asserit
2828 1048 2896 1102 ⁸ο.
2932 1048 3115 1117 Atque
3145 1049 3433 1117 justorum
3468 1051 3794 1118 cognitionem,

608 1156 709 1211 per
746 1142 1006 1205 familias,
1039 1156 1134 1209 per
1174 1140 1394 1205 domos,
1432 1154 1529 1209 per
1568 1150 2019 1207 unumquemque
2071 1135 2391 1203 separatim.
2438 1135 2507 1188 ab
2552 1134 2834 1190 universis
2870 1134 2935 1187 ad
2984 1136 3234 1204 singulos
3266 1144 3550 1205 prepagat.
3580 1137 3796 1199 Siquidem

607 1236 794 1298 partes
817 1228 1047 1297 singula:
1074 1228 1128 1280 in
1164 1227 1423 1279 universo
1454 1227 1735 1278 conclusae
1768 1230 2047 1283 tenentur,
2086 1236 2187 1274 nec
2224 1222 2415 1282 totius,
2460 1221 2711 1290 partibus
2746 1222 3014 1284 exclusis,
3042 1222 3203 1288 juxta
3250 1222 3566 1276 Graecorum
3593 1240 3799 1292 quorum-

607 1318 732 1371 dam
760 1317 1101 1386 opinionem,
1136 1316 1276 1368 ratio
1313 1316 1425 1367 ullo
1463 1315 1623 1366 modo
1654 1312 1839 1365 haberi
1874 1318 2073 1381 potest.
2104 1309 2182 1361 Ad
2214 1311 2360 1362 hunc
2391 1307 2610 1362 modum
2648 1309 2970 1365 recensione
3003 1325 3226 1380 quoque
3263 1326 3435 1379 super
3496 1312 3643 1365 Saule
3675 1314 3797 1377 facta,

608 1404 917 1460 secundum
947 1405 1125 1459 tribus
1166 1405 1401 1473 primum
1430 1402 1572 1456 facta
1605 1411 1689 1457 est
1718 1402 1959 1456 sortitio.
2003 1398 2205 1454 Deinde
2239 1396 2543 1453 secundum
2581 1396 2842 1451 familias.
2889 1400 3111 1451 Demuni
3144 1398 3463 1453 secundum
3502 1414 3800 1467 ιιιιιιηιψιιιιιιο

607 1506 715 1563 que
747 1492 925 1547 donec
963 1502 1112 1546 sorte
1145 1492 1412 1561 quazsitus
1445 1497 1594 1544 esset
1656 1488 2055 1557 deprehensus.
2104 1485 2205 1551 Qui
2260 1500 2378 1538 mos
2427 1488 2593 1537 etiam
2653 1498 2779 1536 cum
2832 1483 3020 1538 Achan
3072 1497 3383 1554 usurpatus
3423 1496 3527 1539 est.
3558 1484 3648 1550 Qui
3678 1488 3800 1555 igitur

606 1580 982 1649 descriptione
1018 1579 1166 1650 digni
1202 1579 1551 1639 exstiterint,
1591 1578 1645 1630 in
1678 1578 1785 1629 vita
1814 1573 2140 1629 referentur.
2167 1572 2362 1627 Beatus
2394 1577 2576 1624 autem
2610 1570 2702 1625 ille
2732 1572 2824 1639 qui
2869 1572 2923 1624 in
2966 1572 3250 1626 civitatem
3290 1570 3595 1625 Jerusalem
3624 1573 3796 1627 inscribi

606 1672 807 1740 dignus
841 1668 1003 1724 luerit
1027 1668 1309 1738 judicatus
1348 1685 1360 1720 :
1394 1686 1411 1718 ι
1450 1664 1736 1720 Exsultate
1778 1666 1959 1723 enim.
1993 1661 2193 1729 inquit,
2228 1676 2293 1714 eo
2317 1658 2466 1729 quod
2503 1656 2731 1710 nomina
2768 1665 2951 1712 vestra
2987 1658 3041 1711 in
3083 1660 3243 1715 etelis
3272 1668 3409 1712 sunt
3440 1659 3684 1727 inscripta
3710 1662 3797 1709 δι’»

606 1760 880 1825 Quoniam
916 1773 1046 1813 vero
1078 1758 1253 1811 civem
1294 1754 1597 1811 Jerusalem
1626 1753 1915 1815 exsistere,
1960 1759 2015 1804 et
2044 1750 2166 1804 vitae
2204 1743 2596 1813 felicitatisque
2641 1753 2957 1799 consortem
2999 1760 3121 1799 esse
3150 1746 3298 1799 inter
3332 1760 3393 1799 se
3424 1746 3700 1808 cohaerent,
3731 1762 3796 1798 re-

605 1847 895 1901 hementer
925 1846 1246 1899 enitendum
1283 1851 1389 1908 est,
1422 1859 1489 1897 ne
1524 1842 1797 1897 exsistant
1826 1853 2063 1908 quorum
2097 1833 2317 1890 nomina
2346 1833 2456 1886 sint
2492 1832 2761 1901 ascripta,
2805 1848 2928 1886 cum
2962 1832 3065 1902 ipsi
3100 1833 3330 1886 interim
3366 1848 3395 1885 a
3437 1833 3569 1898 vita,
3599 1849 3685 1886 sua
3716 1837 3802 1887 cul-

608 1948 674 2003 pa
707 1932 1110 1994 desciscentes,
1139 1932 1296 1998 juxta
1324 1927 1648 1993 Jeremiam,
1677 1926 1957 1981 excidant.
2000 1921 2156 1989 Quod
2189 1936 2315 1975 cum
2365 1923 2439 1974 ita
2486 1922 2581 1987 sit,
2625 1920 2903 1991 duplicem
2954 1922 3395 1991 descriptionem
3438 1937 3562 1977 esse
3611 1924 3805 1989 cogitau-

607 2020 735 2074 dmn
769 2026 872 2082 est,
907 2034 1071 2073 unam
1118 2018 1341 2086 quidem
1375 2031 1592 2078 eorum,
1625 2015 1720 2084 qui
1770 2012 1837 2067 ad
1874 2014 2039 2066 vitam
2071 2018 2198 2066 sunt
2228 2008 2511 2077 descripti,
2542 2024 2777 2077 quorum
2812 2010 2995 2078 capilli
3044 2010 3099 2063 in
3152 2018 3456 2065 numerato
3504 2009 3642 2078 apud
3681 2008 3803 2064 Deum

608 2107 901 2169 habentur,
943 2105 1173 2159 alteram
1220 2118 1411 2159 eorum
1451 2102 1543 2172 qui
1580 2102 1647 2154 ad
1679 2101 1981 2155 interitum.
2035 2096 2145 2151 Hoc
2175 2100 2321 2155 enim
2343 2098 2489 2168 quod
2526 2100 2772 2153 dicitur:
2819 2117 2839 2151 ι
2902 2101 2941 2155 Ε
2974 2102 3383 2156 commentario
3430 2101 3703 2155 viventium
3739 2117 3805 2153 ex-

606 2192 936 2248 scindantur
968 2193 1071 2257 “‘;
1106 2211 1125 2243 ι
1164 2192 1289 2246 item
1330 2209 1344 2245 :
1378 2210 1396 2242 ι
1436 2191 1491 2244 In
1537 2204 1765 2244 numero
1790 2188 2066 2258 justorum
2093 2202 2199 2240 non
2225 2187 2566 2241 collocentur
2589 2187 2665 2252 ";
2713 2207 2731 2239 ι
2762 2195 2927 2256 atque
2964 2188 3095 2242 illud
3135 2208 3148 2243 :
3185 2208 3203 2240 ι
3234 2194 3286 2252 Ε
3332 2189 3483 2243 libro
3508 2197 3594 2243 tuo
3618 2204 3690 2243 me
3714 2190 3803 2241 δὺο·

604 2283 715 2335 leto
738 2282 820 2347 “,
871 2298 888 2331 ι
930 2280 998 2334 de
1025 2280 1094 2334 iis
1135 2279 1229 2347 qui
1265 2278 1635 2346 descriptione
1671 2291 1701 2329 a
1755 2274 1865 2329 Deo
1910 2274 2058 2343 digni
2095 2275 2203 2343 jam
2256 2273 2429 2327 habiti
2479 2283 2659 2336 erant,
2689 2282 2744 2328 et
2782 2288 3187 2343 saepenumero,
3236 2275 3472 2343 quando
3505 2290 3531 2328 a
3571 2276 3739 2328 virtute
3759 2277 3803 2327 ad

605 2369 801 2422 vitium
836 2366 1180 2421 deflectimus
1212 2364 1486 2429 videlicet,
1525 2362 1920 2431 descriptionis
1954 2364 2409 2432 permutationem
2440 2360 2575 2427 fieri,
2608 2370 2693 2416 est
2734 2362 3175 2432 intelligendum.
3210 2361 3384 2417 Facta
3440 2369 3523 2417 est
3556 2373 3711 2416 autem
3738 2364 3802 2415 de

608 2456 837 2524 scriptio
865 2469 961 2524 per
989 2452 1173 2507 Mosen
1199 2463 1253 2507 et
1282 2453 1579 2514 Aaronem,
1620 2452 1809 2521 quoin
1838 2451 2107 2504 ambobus
2141 2449 2362 2502 unicum
2389 2448 2710 2513 Christum;
2742 2450 2796 2504 in
2831 2449 2979 2504 Mose
3017 2451 3240 2519 quidem
3275 2461 3337 2505 ut
3383 2450 3610 2504 latorem
3642 2451 3798 2517 legum,

607 2541 663 2595 in
683 2541 897 2595 Aarone
922 2554 1073 2603 vero,
1101 2548 1161 2593 ut
1191 2539 1504 2609 pontificem
1534 2553 1809 2592 summum
1839 2537 2357 2605 contemplaremur.
2398 2534 2671 2590 Caeterum
2698 2537 3010 2606 descriptos
3039 2536 3288 2593 Joannes
3318 2538 3507 2608 inquit
3537 2556 3548 2590 :
3579 2555 3595 2586 I
3630 2535 3678 2589 ln
3700 2536 3801 2589 liae.

608 2625 688 2678 ris
717 2624 854 2678 meis
897 2623 1027 2677 nolo
1056 2637 1155 2677 vos
1199 2622 1402 2685 celare,
1434 2620 1690 2689 juvenes.
1718 2619 1864 2689 quod
1896 2619 2044 2673 viros
2075 2633 2171 2671 vos
2222 2623 2579 2687 prmstitistis,
2612 2632 2666 2678 et
2713 2626 2916 2677 malum
2967 2624 3255 2680 devicistis
3311 2625 3379 2677 “.
3424 2644 3443 2676 ι
3483 2626 3801 2677 Accensenlur

608 2726 740 2765 vero
774 2709 908 2765 Mosi
942 2710 1183 2779 collegae,
1215 2723 1359 2779 quos
1412 2708 1663 2777 adjunxit
1713 2706 1893 2767 Deus,
1940 2707 2194 2761 tribunus
2235 2724 2431 2781 nempe
2481 2711 2723 2765 tribuum
2776 2712 3145 2782 singularum,
3179 2712 3293 2765 dux
3331 2712 3568 2775 militiae,
3602 2711 3799 2780 princeps

610 2800 998 2854 consiliorum.
1035 2797 1138 2865 Qui
1168 2812 1300 2853 sane
1338 2798 1565 2866 angelos
1597 2812 1763 2866 super
1786 2797 2103 2852 hominibus
2138 2797 2578 2853 succenturiatos
2622 2808 3048 2867 repraesentant.
3084 2798 3157 2852 De
3197 2798 3376 2867 justis
3404 2801 3549 2854 enim
3586 2797 3799 2865 scriptum

609 2896 790 2942 exstat
822 2904 837 2942 :
878 2906 897 2940 ι
929 2887 1169 2957 Angelus
1198 2885 1417 2939 Domini
1456 2894 1639 2940 castra
1689 2884 1930 2955 undique
1955 2886 2101 2940 circa
2133 2887 2397 2941 timentes
2429 2886 2606 2955 ipsum
2642 2886 2829 2950 habet,
2880 2887 3142 2955 ipsosque
3168 2902 3271 2957 pro
3303 2887 3456 2942 virili
3491 2887 3673 2940 asserit
3708 2884 3758 2935 ".
3785 2902 3797 2931 ι

611 2973 895 3042 Siquidem
924 2973 961 3027 ii
998 2973 1104 3042 ipsi
1137 2987 1357 3042 quoque
1388 2973 1629 3042 gentium
1660 2972 1861 3026 limites
1900 2970 2166 3027 lsraelitis
2202 2982 2350 3027 sorte
2381 2972 2817 3027 distribuerunt.
2855 2973 3223 3027 Collocantur
3254 2988 3396 3028 vero
3441 2973 3516 3027 illi
3560 2971 3797 3029 secundum

609 3060 829 3130 generis
866 3060 1209 3129 dignitatem,
1232 3076 1331 3114 nec
1358 3060 1735 3129 generationis
1764 3060 1980 3114 seriem.
2019 3058 2204 3113 Primo
2240 3058 2453 3123 Ruben,
2478 3058 2739 3127 deinceps
2770 3060 2959 3114 cuncti
2993 3061 3069 3113 illi
3101 3068 3250 3124 octo,
3284 3062 3384 3131 qui
3415 3077 3446 3115 e
3472 3062 3644 3114 liberis
3662 3060 3799 3112 uxori-

609 3148 714 3203 bus
744 3155 875 3202 sunt
908 3148 1108 3202 exorti.
1166 3146 1364 3201 Postea
1399 3154 1641 3217 quatuor
1680 3160 1710 3199 a
1756 3147 1934 3201 servis
1958 3145 2112 3201 editi.
2148 3146 2269 3215 lpsa
2298 3148 2445 3200 enim
2481 3147 2786 3216 antiquitas
2812 3160 2908 3217 per
2951 3163 3010 3202 se
3053 3146 3201 3218 apud
3257 3147 3436 3202 Deum
3484 3163 3587 3202 non
3614 3145 3796 3201 excellit.

607 3235 1083 3301 Quemadmodum
1122 3250 1225 3290 nec
1261 3236 1431 3290 Israel
1462 3234 1751 3305 posteriori
1798 3231 2076 3297 Ecclesiae,
2130 3233 2276 3288 illius
2313 3236 2460 3288 enim
2492 3243 2682 3305 typum
2718 3235 2891 3305 gessit
2933 3235 3153 3298 lsmael,
3187 3234 3365 3304 hujus
3406 3250 3557 3300 vero,
3590 3236 3708 3287 bene
3731 3246 3799 3284 na-

610 3334 697 3378 tus
724 3324 835 3387 ille,
871 3322 1125 3392 quamvis
1151 3322 1339 3392 junior
1382 3321 1553 3376 Isaae.
1588 3320 1801 3375 Idcirco
1829 3319 1926 3390 qui
1968 3319 2226 3389 baptizati
2263 3321 2372 3375 vim
2418 3322 2641 3377 cmlitus
2685 3329 2739 3376 et
2771 3321 2994 3376 divitias
3016 3331 3443 3391 compararunt,
3492 3321 3675 3392 quique
3699 3332 3798 3371 novo

609 3412 785 3465 ascito
826 3410 1017 3463 habitu
1051 3426 1235 3464 rerum
1262 3410 1578 3464 divinarum
1612 3416 1954 3478 sategerunt,
1988 3416 2097 3461 tam
2132 3408 2365 3478 juvenes
2393 3423 2559 3477 quam
2598 3406 2723 3469 viri,
2757 3409 3017 3477 supernis
3050 3409 3427 3464 instituuntur
3468 3409 3686 3462 sedibus.
3713 3402 3795 3457 Non

610 3512 722 3552 uno
745 3506 932 3552 tamen
960 3497 1267 3568 eodemque
1306 3498 1470 3552 modo
1500 3512 1733 3563 omnes;
1767 3495 1888 3561 sed,
1927 3496 1972 3550 si
2005 3496 2266 3565 Apostolo
2294 3496 2590 3560 credimus,
2624 3496 2927 3551 secundum
2959 3497 3188 3565 patrias.
3222 3506 3275 3551 et
3318 3497 3577 3561 familias,
3603 3495 3680 3547 alii
3701 3493 3792 3559 qui-

609 3584 732 3639 dem
774 3584 877 3648 sic,
915 3585 1009 3638 alii
1052 3599 1180 3639 vero
1212 3584 1294 3640 sic
1320 3585 1388 3637 ⁶⁸.
1422 3583 1609 3649 Quare
1657 3582 1861 3637 adultis
1881 3580 2101 3636 Levitas
2128 3592 2182 3636 et
2207 3583 2604 3653 primogenitos
2635 3584 2689 3637 in
2722 3583 2973 3654 catalogo
3018 3583 3331 3655 subjungit.
3379 3583 3495 3637 lmo
3546 3597 3654 3637 cum
3680 3578 3796 3633 nobis

608 3671 774 3741 382
804 3671 1050 3727 misisset
1072 3668 1271 3726 Filium
1322 3670 1507 3741 gravis
1542 3685 1810 3725 annorum
1844 3668 2029 3734 Pater,
2058 3678 2118 3722 ut
2157 3670 2211 3723 in
2244 3669 2467 3725 llaniele
2507 3670 2736 3739 legimus
2777 3670 2821 3700 "
2842 3708 2858 3733 ,
2899 3671 3071 3725 libros
3096 3672 3344 3740 aperuit,
3372 3687 3439 3727 ac
3471 3686 3590 3725 reos
3624 3668 3793 3737 quidem

610 3772 957 3833 peccatorum
990 3763 1200 3832 judicio
1234 3763 1496 3832 subjecit,
1558 3778 1656 3817 eos
1705 3778 1839 3815 vero
1889 3762 1981 3833 qui
2036 3761 2249 3816 fortiter
2293 3767 2520 3828 egerant
2567 3758 2897 3813 caelestibus
2953 3759 3091 3813 locis
3150 3759 3386 3814 inscribi
3470 3755 3795 3821 accenserique

610 3852 850 3915 mandat,
894 3850 1090 3906 deletis
1115 3867 1181 3906 ex
1224 3852 1363 3905 libro
1394 3851 1719 3913 viventium,
1744 3849 1899 3917 juxta
1941 3847 2161 3903 Davidis
2182 3848 2533 3912 vaticinium,
2570 3844 2778 3903 Judmis
2805 3848 2872 3911 ⁸⁸.
2892 3850 2985 3918 qui
3021 3850 3265 3919 segniter
3297 3859 3548 3919 egerant,
3579 3849 3791 3912 fidemque

609 3936 1006 4006 derogaveraut
1032 3936 1310 3990 vocationi
1342 3952 1475 4001 suae,
1503 3936 1607 3990 hoc
1638 3936 1859 4005 quidem
1887 3942 2220 4006 praetexente
2247 3933 2395 4004 quod
2428 3935 2658 3988 emisset
2683 3949 2902 4003 agrum.
2938 3936 3034 3989 illo
3062 3936 3207 4005 quod
3244 3952 3481 3990 uxorem
3506 3936 3739 3989 duxisset-

682 4021 975 4075 Considera
1001 4023 1141 4090 ﬁlios
1168 4021 1312 4088 Levi,
1348 4032 1454 4077 etc.
1489 4021 1599 4093 [Ill,
1628 4020 1706 4095 6.]
1743 4023 1923 4075 Prima
1955 4024 2177 4092 quidem
2204 4022 2505 4092 descriptio
2528 4033 2613 4077 est
2660 4024 3003 4093 magnanimi
3040 4031 3207 4093 atque
3257 4024 3569 4094 prudentis.
3601 4022 3786 4074 Duarum

612 4123 744 4162 vero
773 4109 1122 4178 sequentium
1155 4109 1327 4164 altera
1367 4109 1592 4179 quidem
1630 4124 1847 4163 omnem
1889 4108 2120 4164 Levitici
2160 4116 2375 4182 generis
2410 4113 2717 4170 masculum
2760 4115 3029 4169 continet.
3068 4116 3255 4169 Altera
3294 4132 3433 4172 vero
3468 4114 3644 4182 reliqui
3677 4110 3779 4174 vulgi

612 4209 719 4249 non
746 4209 962 4250 onmem
999 4196 1326 4259 masculum,
1358 4209 1549 4250 verum
1581 4196 2011 4265 primogenitum
2041 4197 2201 4267 cujus
2240 4211 2370 4257 aetas
2400 4215 2429 4254 a
2461 4217 2649 4256 mense
2688 4202 2773 4256 vel
2806 4217 2974 4270 supra
3006 4211 3405 4258 numeraretur
3436 4203 3611 4258 etiam.
3642 4197 3789 4251 Prima:

612 4282 815 4337 etenim
846 4282 1203 4353 descriptioni
1238 4283 1383 4337 illam
1432 4298 1656 4353 quoque
1680 4299 1801 4354 quae
1836 4283 1999 4339 fidem
2034 4295 2455 4356 repraesentant
2484 4287 2786 4358 adjungere
2814 4297 2935 4343 erat
2981 4304 3253 4345 necesse:
3301 4290 3467 4361 cujus
3501 4286 3693 4357 quidem
3720 4283 3791 4332 δυο

616 4371 739 4442 plex
767 4370 979 4426 exstitit
1020 4372 1178 4425 ratio.
1212 4372 1316 4425 Alii
1352 4375 1555 4427 etenim
1592 4372 1684 4427 Dei
1717 4372 1853 4443 jugo
1887 4373 2280 4431 submittentes
2318 4377 2460 4431 colla
2504 4377 2653 4440 fidei,
2686 4379 3036 4432 sanctitatem
3086 4393 3321 4446 operum
3372 4377 3675 4446 adjungunt.
3712 4369 3787 4422 Alii

616 4474 745 4513 vero
770 4473 895 4514 cum
922 4460 1129 4514 mundo
1165 4461 1581 4531 participantcs,
1605 4462 1990 4518 sanctimoniae
2021 4465 2346 4519 exercitium
2379 4479 2635 4519 mancum
2673 4462 3171 4534 imperfectumque
3222 4467 3560 4535 relinquunt.
3601 4460 3787 4525 Quorum

614 4546 691 4602 illi
740 4547 960 4618 quidem
1021 4549 1313 4619 imaginem
1345 4566 1537 4605 eorum
1572 4550 1666 4620 qui
1717 4551 1863 4605 inter
1893 4550 2113 4607 Levitas
2150 4552 2356 4621 primas
2395 4560 2623 4613 tenent,
2659 4552 2712 4605 hi
2746 4566 2872 4605 vero
2908 4552 3001 4621 qui
3050 4560 3368 4621 sequuntur
3401 4568 3515 4611 eos.
3553 4540 3788 4620 praescii?

614 4644 761 4690 runt.
787 4635 987 4692 Cuncti
1022 4653 1200 4691 mares
1241 4638 1590 4708 primogeniti
1643 4638 1855 4692 Christi
1892 4639 2242 4709 primogeniti
2281 4639 2507 4708 figuram
2542 4639 2597 4692 in
2630 4653 2691 4694 se
2729 4638 2954 4693 habent.
2984 4640 3056 4693 At
3099 4640 3196 4708 qui
3241 4639 3330 4693 his
3375 4636 3645 4693 inferiores
3681 4634 3785 4682 sum»

614 4723 789 4778 Paulo
820 4740 960 4795 opus
1000 4724 1226 4789 habent,
1259 4727 1355 4795 qui
1389 4741 1485 4781 eos
1516 4726 1809 4795 parturiat,
1840 4727 2017 4781 donec
2050 4728 2102 4780 in
2135 4727 2217 4782 eis
2260 4728 2619 4782 confirmetur
2664 4726 2934 4782 Dominus
2970 4728 3037 4779 ⁸³.
3074 4727 3148 4781 De
3172 4727 3405 4796 reliquis
3435 4724 3631 4795 quidem
3660 4717 3784 4769 tribu-

614 4813 717 4867 bus
748 4828 855 4866 non
896 4823 1131 4867 cunctus
1172 4829 1314 4873 mas,
1353 4812 1464 4868 imo
1512 4813 1918 4883 primogenitus
1955 4823 2165 4868 tantum
2199 4814 2551 4869 describitur.
2606 4813 2663 4868 Si
2709 4814 2931 4883 quidem
2981 4830 3091 4868 non
3143 4814 3327 4869 omnis
3383 4815 3541 4868 homo
3570 4804 3711 4862 ﬁdelis
3745 4808 3785 4849 et

613 4901 839 4955 Christo
891 4900 1197 4957 conformis
1226 4908 1333 4964 est,
1393 4916 1518 4956 cum
1571 4902 1729 4955 multi
1764 4917 1873 4955 non
1931 4901 2160 4957 credant
2199 4906 2445 4957 omnino.
2494 4902 2765 4956 Carterum
2817 4902 2884 4957 de
2917 4901 3125 4957 Levitis
3156 4902 3386 4957 omnis:
3447 4920 3465 4953 ι
3511 4898 3635 4953 Deus
3680 4890 3781 4942 enim

614 4987 762 5058 quod
797 4998 1050 5042 sanctum
1101 4998 1185 5043 est
1214 4989 1318 5045 sibi
1372 4999 1545 5044 totum
1596 4990 1855 5044 vindicat.
1897 5008 1916 5040 ι
1950 4989 2170 5044 Claram
2216 5005 2347 5046 vero
2395 4988 2600 5044 Christi
2643 4988 2929 5043 infantiam
2979 4990 3131 5055 facit,
3171 4990 3320 5059 quod
3374 4981 3780 5059 primogeniloruul

614 5076 915 5146 descriptio
956 5075 1024 5128 ad
1057 5077 1264 5131 mensis
1295 5091 1515 5147 quoque
1552 5086 1768 5131 aetatem
1810 5088 1863 5131 et
1895 5092 2061 5146 supra
2100 5092 2222 5132 sese
2247 5078 2571 5134 demittehat
2606 5096 2805 5150 usque.
2843 5080 2910 5133 Et
2946 5082 3087 5134 tales
3115 5095 3242 5134 cum
3274 5094 3377 5136 nos
3409 5094 3525 5134 esse
3554 5072 3699 5129 vellet.
3720 5066 3781 5117 in-

614 5165 771 5233 quit:
810 5182 829 5215 ι
862 5162 995 5218 Sitis
1021 5164 1317 5233 prudentes
1349 5164 1502 5219 velut
1536 5172 1843 5234 serpentes,
1875 5173 1931 5219 et
1964 5164 2111 5233 plani
2149 5164 2292 5218 sicut
2332 5166 2690 5222 columbae".
2740 5186 2759 5219 ι
2796 5166 2941 5233 Quin
2999 5176 3054 5222 et
3090 5166 3289 5221 Paulus
3328 5166 3464 5221 dicit
3496 5182 3509 5217 :
3546 5180 3563 5211 ‹
3600 5157 3779 5211 “almo

616 5268 684 5307 ne
716 5251 860 5306 [latis
887 5253 1165 5305 mentibus
1196 5252 1398 5305 vestris
1432 5253 1678 5322 puerulis
1714 5252 1948 5316 similes,
2000 5252 2094 5307 sed
2145 5252 2392 5306 malitia:
2433 5252 2599 5306 corde
2635 5268 2765 5308 vero
2814 5253 2881 5307 ad
2931 5254 3325 5321 perfectionem
3360 5252 3586 5323 aSpirate
3609 5244 3667 5293 ".
3700 5235 3779 5289 iln

616 5346 756 5399 votis
804 5345 951 5399 enim
983 5342 1209 5413 perfecti
1264 5344 1465 5397 habent
1501 5353 1559 5397 ut
1591 5360 1897 5405 serventur,
1936 5353 1991 5399 et
2024 5344 2296 5399 bonorum
2326 5354 2449 5410 quae
2502 5339 2610 5409 piis
2660 5340 2780 5396 suis
2818 5340 3102 5396 laboribus
3154 5336 3501 5410 pepererunt.
3553 5328 3777 5407 pallidiles

619 5434 855 5486 fiamus:
888 5430 1146 5500 Magnum
1191 5432 1339 5485 enim
1388 5447 1472 5485 me
1510 5439 1657 5485 tenet
1687 5433 1849 5486 vestri
1881 5432 2240 5498 desiderium,
2278 5431 2474 5503 inquit,
2513 5442 2569 5485 ut
2599 5431 2872 5486 donorum
2909 5433 3287 5503 spiritualium
3323 5433 3475 5488 vobis
3501 5421 3684 5496 aliquod
3705 5418 3776 5471 ἱιιι·

692 5620 736 5648 ”
767 5615 907 5671 Psal.
938 5634 1114 5678 exui,
1150 5618 1199 5670 ι.
1278 5620 1323 5647 ⁸³
1369 5616 1472 5669 lsa.
1525 5634 1614 5672 XL.
1646 5614 1737 5667 9.6.
1815 5616 1857 5647 ‘°
1890 5614 2081 5668 Matth.
2124 5633 2175 5678 x,
2210 5616 2301 5670 ‘29.
2377 5615 2417 5645 "
2456 5613 2585 5667 Luc.
2628 5613 2794 5677 x,‘20.
2913 5614 2978 5643 “‘
3011 5612 3157 5666 Psal.
3202 5627 3402 5671 Ltt’ttl.
3434 5609 3515 5663 9.9.
3611 5589 3772 5678 1"“?

619 5687 666 5718 “
693 5688 865 5741 Exod.
899 5704 1068 5743 xxxii.
1102 5660 1195 5740 ’53..
1274 5688 1320 5717 ’λδ
1355 5685 1514 5740 Jmu.
1557 5703 1591 5740 ll
1615 5725 1626 5741 .
1674 5686 1756 5738 tl.
1834 5688 1878 5719 ⁵⁵
1904 5660 2262 5745 Ρέειιάιιιίιι,
2298 5686 2350 5739 8.
2428 5686 2473 5715 "
2513 5660 2683 5738 lCm‘:
2718 5698 2789 5737 vn
2814 5724 2826 5750 ,
2854 5683 2907 5735 7.
2986 5686 3028 5714 ’ν
3064 5682 3198 5737 Dan.
3231 5701 3325 5748 vni,
3360 5684 3422 5737 15
3448 5694 3544 5747 seq.
3614 5660 3766 5718 "9”"

623 5772 793 5814 vani
820 5796 832 5820 ,
872 5758 962 5822 29.
1039 5759 1083 5789 ”
1121 5758 1297 5813 Calat.
1342 5772 1413 5822 tv,
1448 5758 1530 5812 l9.
1606 5758 1655 5788 ⁷⁰
1686 5756 1877 5824 Matth,
1913 5773 1965 5821 x,
2012 5755 2091 5810 ιθ.
2172 5757 2211 5788 ⁷³
2248 5755 2419 5811 lCor.
2456 5770 2565 5820 xw,
2594 5756 2689 5819 ευ.
