4090 6524
272 396 375 459 797
1375 391 1909 454 COMMENTARII
1943 391 2023 451 IN
2060 387 2451 449 NUMEROS.
3422 379 3524 440 798

272 511 538 583 pertiam,
580 526 775 581 nempe
818 520 1030 566 certam
1075 516 1131 563 et
1164 515 1509 562 constantem
1546 506 1636 561 Dei
1669 505 2079 575 cognitionem:
2114 499 2514 555 recordabatur
2538 497 2683 552 enim
2714 495 2918 550 Christi
2947 492 3241 547 verborum
3274 508 3287 583 ξ
3323 488 3523 583 «HG-ra-

273 576 347 654 tis
382 576 919 668 accepistis-gratis
947 596 1159 651 reddite
1185 597 1253 647 ⁷³.
1296 613 1314 646 ι
1344 595 1504 648 Acin
1539 608 1756 649 summa
1805 590 2026 663 quidem
2068 603 2264 657 magna
2296 586 2456 640 nobis
2505 599 2598 654 per
2634 583 2758 636 illos
2816 596 2983 636 usura
3022 579 3192 642 redit,
3240 577 3289 632 si
3333 576 3522 629 divina

271 694 503 756 propter
539 693 759 755 peccata
789 694 1053 752 concepta
1104 682 1301 736 aemula
1337 687 1652 735 concurrat.
1684 677 1955 744 Quocirca
1990 679 2258 733 Jeremias
2292 677 2749 748 supplicationem
2783 689 2881 744 pro
2914 674 3116 743 popqu
3155 669 3298 740 apud
3350 669 3519 723 Deum

272 771 583 836 effundens,
618 774 769 827 audit
815 790 828 825 :
873 789 892 823 ι
937 771 1205 826 Oberrate
1233 769 1288 823 in
1313 770 1417 823 viis
1444 766 1773 827 Jerusalem.
1807 775 1861 820 et
1902 765 2080 820 videte
2119 766 2167 820 si
2196 764 2325 835 quis
2350 764 2620 832 judicium
2644 770 2923 824 exerceat,
2964 770 3020 815 et
3061 759 3219 812 [idem
3248 766 3516 811 sectetur.

272 858 432 924 Quod
466 861 514 914 si
547 860 732 923 fuerit,
753 873 854 929 ego
887 873 1110 928 quoque
1135 856 1414 926 episcopis
1446 855 1719 924 propitius
1753 852 2074 910 fuero"'”.
2106 873 2123 906 ι
2156 853 2213 907 In
2243 853 2499 908 Sodomis
2526 866 2748 921 quoque
2769 849 2839 904 de
2862 849 3107 918 quinque
3136 842 3380 917 [decem]
3405 860 3522 913 per-

272 956 535 1002 contatus
566 955 651 1002 est
691 949 764 1009 ³³,
795 960 1031 1016 quorum
1062 945 1236 1014 gratia
1262 944 1397 997 iram
1446 956 1602 996 suam
1625 941 1802 995 voluit
1832 941 2127 1010 deponere.

344 1036 487 1090 Cave
519 1053 583 1090 ne
614 1038 808 1089 tribum
841 1034 965 1089 Levi
1010 1035 1110 1088 alii
1136 1048 1438 1086 accenseor.
1475 1027 1618 1102 [10.]
1659 1027 1889 1098 Propter
1921 1028 2192 1083 sacriﬁcia
2227 1026 2394 1095 hujus
2442 1026 2621 1081 tribus
2652 1028 2769 1079 haec
2814 1024 2956 1077 facta
2989 1033 3080 1078 est
3113 1024 3417 1093 separatio,
3453 1038 3518 1078 ea

269 1125 494 1178 ratione
526 1124 803 1187 videlicet,
838 1138 945 1193 qua
976 1121 1276 1190 Apostolus
1308 1120 1476 1172 etiam
1504 1116 1569 1170 ad
1604 1116 1964 1184 Evangelium
2016 1114 2117 1169 fuit
2143 1122 2457 1183 separatus.

344 1208 483 1264 Cave
531 1226 594 1264 ne
634 1211 830 1264 tribum
875 1209 1027 1262 illam
1079 1208 1420 1261 adnumeras.
1458 1206 1783 1273 Separetur,
1822 1201 2068 1271 inquam,
2100 1201 2283 1255 tribus
2315 1199 2430 1263 illa,
2470 1207 2696 1267 pr0pter
2728 1198 3096 1252 ministerium
3136 1214 3321 1263 suum,
3369 1202 3517 1266 quod

268 1309 587 1369 separatum
616 1314 741 1355 esse
779 1299 989 1360 dicunt.
1038 1305 1201 1368 atque
1245 1296 1342 1360 ita,
1383 1302 1442 1348 ut
1472 1294 1520 1349 si
1566 1292 1691 1363 quis
1722 1291 1936 1344 alienus
1967 1288 2151 1356 (quem
2190 1284 2368 1339 sacris
2399 1300 2504 1337 non
2542 1283 2815 1337 initiatum
2866 1284 3047 1353 vocat)
3080 1282 3215 1336 illud
3247 1298 3514 1352 capesce-

269 1396 375 1450 ret,
416 1398 745 1442 moreretur.
787 1388 865 1442 Ac
900 1404 968 1442 ne
1004 1386 1114 1455 regi
1156 1384 1380 1454 quidem
1416 1382 1592 1437 sacris
1632 1378 1847 1449 operari
1880 1383 1998 1430 erat
2040 1376 2279 1437 licitum,
2320 1373 2460 1428 adeo
2500 1380 2557 1425 ut
2586 1388 2710 1426 cum
2756 1380 2993 1425 conatus
3023 1380 3172 1426 esset
3204 1373 3318 1437 ille,
3354 1373 3509 1441 lepra

267 1472 616 1530 inliceretur.
650 1474 716 1527 Et
745 1475 849 1529 hac
872 1489 1006 1529 sane
1048 1472 1283 1537 ratione,
1309 1487 1375 1527 ex
1404 1469 1753 1525 invocatione
1784 1464 2019 1534 Philippi
2049 1462 2271 1516 diaconi
2306 1460 2550 1531 Spiritus
2594 1478 2701 1514 non
2730 1459 3018 1515 descendit
3048 1461 3117 1515 ab
3146 1461 3337 1525 initio,
3370 1459 3516 1514 Petri

265 1570 322 1615 et
353 1558 586 1617 Joannis
619 1565 725 1616 hoc
748 1562 987 1617 otﬁcium
1033 1575 1155 1615 cum
1185 1568 1360 1613 esset.
1405 1559 1472 1611 At
1523 1555 1891 1612 concedamus
1922 1566 2057 1605 sane
2090 1551 2236 1605 hanc
2269 1550 2612 1604 iunctionem
2642 1563 2767 1603 esse
2796 1564 3036 1613 sacram,
3074 1548 3205 1618 quid
3246 1564 3373 1603 vera
3396 1548 3514 1617 jam

265 1644 377 1697 ista
425 1646 808 1715 segregatione
831 1654 949 1698 erat
987 1659 1150 1713 opus,
1186 1658 1310 1696 cum
1342 1650 1539 1694 natura
1566 1640 1973 1709 quodammodo
2010 1637 2243 1693 inferius
2268 1653 2300 1691 a
2332 1637 2638 1707 superioris
2678 1636 2874 1691 ordine
2904 1635 3219 1691 abstineat?
3253 1636 3395 1701 Quid
3430 1637 3516 1688 in-

262 1726 531 1796 quis'tad
571 1728 783 1782 ordinis
818 1727 1266 1796 perspicuitatem
1311 1722 1490 1777 facere
1518 1731 1681 1788 nota;
1712 1722 1859 1777 unde
1898 1735 2117 1780 constat
2158 1727 2294 1779 illud
2334 1725 2480 1794 quod
2508 1726 2645 1779 dicit
2677 1742 2691 1779 :
2728 1743 2747 1776 ε
2787 1725 3034 1794 Quisque
3072 1727 3125 1779 in
3173 1740 3332 1779 suum
3365 1724 3514 1777 ordi-

262 1828 393 1867 nem
426 1821 478 1867 et
509 1814 791 1868 decuriam
831 1828 952 1867 sese
978 1812 1119 1866 ferat
1152 1812 1218 1865 ".
1259 1829 1278 1862 ι
1315 1810 1455 1876 Quid
1498 1810 1643 1878 quod
1682 1812 1860 1879 angeli
1900 1828 2125 1883 quoque
2164 1813 2433 1868 centuriis
2462 1820 2595 1867 sunt
2623 1812 2927 1882 disjuncti?
2965 1810 3106 1878 Quid
3150 1813 3295 1883 quod
3322 1811 3509 1865 divina

261 1901 621 1956 institutione
651 1902 756 1957 sub
782 1901 1087 1970 majoribus
1112 1900 1357 1953 minores
1391 1897 1557 1966 positi
1586 1897 1748 1951 sunt?

337 1986 548 2042 Ponant
596 1997 772 2041 autem
823 1998 1002 2041 castra
1053 1988 1308 2041 orientem
1362 2001 1539 2038 versus
1565 1984 1635 2037 ad
1669 1985 1990 2038 exorientem
2021 1985 2184 2039 solem
2220 1986 2312 2055 qui
2331 1992 2455 2039 sunt
2507 1985 2602 2039 sub
2634 1985 2827 2039 uexillo
2869 1992 3168 2038 castrorum
3210 1982 3360 2036 Iuda
3420 1998 3512 2050 per

260 2077 533 2131 exercitus
564 2092 689 2130 suos
735 2077 801 2130 ιδ.
837 2074 976 2147 [22.]
1008 2075 1181 2129 Judas
1213 2073 1576 2143 primogenita
1607 2071 1799 2126 Ruben
1833 2074 2191 2142 praeponitur,
2228 2073 2374 2142 quod
2423 2073 2477 2126 in
2509 2072 2736 2126 Christo
2762 2071 3008 2125 secundo
3036 2072 3157 2125 loco
3192 2078 3278 2125 est
3305 2078 3507 2123 notan-

261 2165 422 2218 dum.
453 2163 567 2218 Sub
596 2164 762 2233 primi
788 2163 946 2218 ducis
982 2161 1177 2232 signis,
1206 2161 1261 2214 in
1293 2159 1503 2214 lumine
1527 2168 1581 2214 et
1611 2159 1808 2229 spiritu
1853 2162 2017 2215 vitam
2044 2174 2200 2214 suam
2239 2160 2605 2229 transigentes
2638 2160 3022 2227 designantur.
3057 2158 3330 2212 Caeterum
3359 2158 3506 2226 quod

261 2251 361 2304 alii
402 2250 769 2305 tabernaculo
793 2250 919 2303 aliis
940 2249 1233 2303 imminent
1263 2249 1513 2316 propius,
1552 2246 1693 2301 alios
1723 2247 1913 2301 virtuti
1946 2246 2244 2301 viciniores
2275 2246 2399 2300 aliis
2432 2262 2554 2301 esse
2584 2247 2853 2300 insinuat.
2890 2246 3065 2301 Habet
3091 2243 3282 2308 ludas,
3336 2258 3365 2295 a
3398 2258 3509 2311 quo

256 2337 524 2391 Christus
551 2335 859 2391 secundum
887 2351 1112 2392 carnem
1145 2344 1314 2389 natus
1337 2342 1448 2399 est,
1480 2335 1716 2404 primum
1753 2334 1934 2389 locum
1974 2344 2099 2404 post
2140 2343 2252 2388 tres
2299 2334 2425 2389 illas
2460 2348 2582 2403 qua:
2607 2347 2638 2386 a
2666 2334 2919 2402 principe
2947 2332 3095 2387 tribu
3134 2330 3325 2385 Ruben
3356 2331 3510 2384 vide-

256 2423 411 2487 licet,
442 2431 827 2477 numerantur.
1764 2422 1769 2425 ’

326 2533 532 2601 Τάγμα
556 2531 808 2602 δεύτερον
865 2529 998 2602 (48),
1049 2522 1231 2584 οὗτοιο
1302 2528 1551 2600 Ῥουσὶμ,
1589 2526 1829 2601 Συμεὼν,

2013 2525 2328 2581 Secundum
2381 2525 2573 2581 Ruben
2606 2527 2790 2584 habet.
2840 2527 2967 2582 Post
3016 2541 3196 2596 regem
3234 2525 3381 2580 enim
3414 2537 3506 2579 se-

250 2624 386 2679 Γὰδ.
428 2624 486 2678 Ὀ
518 2624 856 2695 πρωτότοκος
884 2622 1099 2692 ἐξάρχει
1128 2621 1267 2691 μετὰ
1285 2621 1376 2674 τὸν
1402 2621 1647 2691 βασιλέα.
1672 2624 1831 2691 Πρω-

247 2717 480 2778 caraxe;
511 2715 618 2786 γὰρ
645 2717 674 2768 6
698 2714 933 2786 Χριστὸς
966 2716 1025 2766 ὲν
1062 2713 1249 2784 σαρκί.
1300 2714 1565 2784 Δεύτερον
1593 2713 1649 2765 δὲ
1681 2714 1740 2766 τὸ
1773 2717 1831 2767 ἐν

254 2802 495 2874 ὑπάρξει
519 2802 734 2873 σεμνὸν,
766 2802 798 2873 ἢ
823 2802 884 2854 τὸ
915 2801 1213 2872 βασιλικόν.
1253 2801 1615 2865 Συνέζευκται
1639 2802 1694 2855 δὲ
1716 2805 1830 2866 τοῖς

248 2893 564 2966 ἐλευθέροις
599 2894 660 2946 τὸ
692 2892 899 2957 δοῦλον,
930 2892 1292 2963 βοηθοὺμενον
1314 2895 1380 2963 τῇ
1422 2893 1672 2959 συζεύξει
1692 2909 1707 2923 ⁸
1734 2894 1829 2946 καὶ

245 2986 417 3043 τοῦτο
447 2985 681 3055 μάλιστα
711 2982 863 3053 παρὰ
896 2983 1118 3055 Χριστῷ
1146 3024 1161 3050 ,
1205 2985 1341 3038 ὅπου
1377 2984 1478 3037 οὒκ
1519 2984 1599 3038 ἔνι
1624 2985 1828 3051 δοῦλος,

246 3077 375 3130 οὐδὲ
403 3076 585 3129 ὲλεύθε
592 3094 706 3146 ρος.

320 3166 527 3237 Τρίτον
552 3168 739 3237 τάγμα
764 3160 910 3221 οὗτοι
936 3182 951 3198 ·
991 3165 1254 3240 Ἐφραῒμ,
1288 3170 1606 3240 Μανασσῆς,
1648 3170 1834 3223 Βενια-

248 3261 370 3332 μίν.
410 3261 506 3314 Ἐκ
529 3260 876 3331 πρωτοτόκου
920 3259 1020 3332 τῆς
1081 3260 1279 3331 Ῥαχὴλ
1314 3260 1343 3312 6
1396 3262 1657 3333 Ἐφραΐμ.
1700 3261 1833 3315 Ἀπὸ

254 3354 363 3424 γὰρ
392 3341 487 3405 τοῦ
524 3351 724 3424 Ἰωσὴφ
759 3351 878 3407 υἱοῦ
904 3351 1123 3421 πρώτου
1155 3353 1266 3424 (49)
1298 3353 1401 3423 τῆς
1441 3354 1663 3427 Ῥαχήλ.
1695 3358 1830 3410 Συν-

252 3444 490 3499 amarat
523 3444 582 3499 δὲ
612 3445 705 3499 καὶ
740 3447 770 3499 6
806 3444 1018 3516 ἔτερος,
1040 3444 1295 3516 δεύτερος
1334 3445 1428 3511 ὣν,
1478 3448 1742 3519 πρότερος
1772 3449 1831 3501 ὲν

253 3536 412 3607 τύπῳ
452 3537 564 3593 τῶν
611 3538 1053 3610 ἐπιστρεφόντων
1103 3539 1211 3592 ἀπὸ
1253 3538 1349 3592 τοῦ
1387 3540 1623 3611 Ἰσραὴλ,
1659 3541 1829 3594 ὄντων

250 3630 348 3701 ὶχθ
359 3630 491 3701 ρῶν,
521 3632 618 3685 καὶ
643 3630 731 3685 διὰ
758 3633 885 3696 τοὺς
912 3633 1159 3704 πατέρας
1186 3633 1508 3703 ἀγαπητῶν.

322 3898 601 3970 Τέταρτον
638 3898 825 3971 τάγμα
881 3899 994 3973 (50)
1045 3903 1183 3956 εἰσὶν
1242 3904 1385 3957 οἶδε·
1441 3902 1571 3969 Δὰν,
1635 3905 1827 3978 Ἀσὴρ,

247 3988 595 4058 Νεφθαλείμ.
618 3988 817 4045 Δοῦλον
836 3991 898 4045 τὸ
921 3991 1227 4061 γένος,ἀλλ’
1247 3994 1348 4048 οὐκ
1371 3993 1698 4065 ἁτιμάξεται
1715 3995 1827 4067 (5i)

244 4082 378 4136 οὐδὲ
410 4083 467 4135 ἑν
489 4080 662 4152 νόμῳ.

1937 2619 2150 2674 cundus
2184 2620 2670 2689 primogenituram
2699 2619 2860 2689 383
2908 2619 3083 2673 honor
3130 2627 3337 2680 manet,
3396 2617 3509 2687 pri-

1939 2710 2247 2780 Iuogenitus
2278 2710 2426 2764 enim
2470 2710 2649 2765 omnis
2673 2710 2858 2764 carnis
2888 2709 3146 2764 Christus
3179 2709 3398 2764 exsistit
3439 2708 3508 2761 ".

1936 2800 2184 2871 Copulati
2214 2817 2346 2856 vero
2396 2808 2528 2856 sunt
2591 2802 2777 2857 liberis
2826 2802 2994 2868 servi,
3050 2810 3111 2855 ut
3169 2810 3371 2855 mutuo
3405 2800 3510 2855 sibi

1935 2900 2232 2970 suppetias
2264 2900 2460 2954 ferant.
2511 2898 2665 2965 Quod
2719 2900 2772 2953 in
2826 2900 3021 2969 primis
3053 2898 3193 2968 apud
3225 2896 3507 2951 Christum

1939 2990 2056 3046 ﬁeri
2091 2993 2253 3056 solet,
2284 2993 2339 3046 in
2366 3007 2476 3062 quo
2516 3005 2618 3046 nec
2653 3006 2847 3045 servus
2889 2998 2972 3046 est
3016 3006 3118 3045 nec
3160 2990 3390 3045 libertus
3416 2989 3459 3020 ¹⁶
3492 3007 3507 3044 :

1938 3099 2109 3153 super
2140 3098 2332 3138 servos
2365 3083 2511 3137 enim
2553 3083 2784 3154 spiritus
2816 3091 2902 3138 est
2925 3082 3158 3138 ell'usus.

2006 3173 2249 3231 Tertiam
2306 3176 2599 3231 stationem
2645 3173 2931 3244 prraim,
2981 3174 3262 3236 Manasse,
3305 3171 3513 3240 Benja-

1936 3269 2053 3322 min
2093 3267 2367 3322 obtinent.
2393 3265 2471 3321 Ex
2508 3267 2875 3340 primogenito
2924 3266 3179 3321 Rachelis
3218 3271 3511 3333 susceptus

1936 3367 2022 3414 est
2063 3358 2346 3430 Ephraim,
2372 3374 2403 3413 a
2433 3357 2677 3430 Josepbo
2699 3360 2846 3416 enim
2881 3359 3061 3429 primo
3100 3355 3359 3411 Rachelis
3400 3353 3511 3407 tilio

1935 3459 2019 3508 est
2077 3452 2422 3523 progenitus.
2475 3453 2812 3522 Adjungitur
2839 3467 2974 3507 vero
3005 3450 3169 3505 etiam
3209 3449 3374 3513 alter,
3410 3462 3511 3517 po-

1936 3542 2137 3596 sterior
2175 3541 2401 3610 quidem
2441 3540 2497 3595 in
2546 3541 2737 3595 ordine
2761 3581 2777 3607 ,
2812 3542 2959 3611 prior
3014 3554 3146 3593 vero
3183 3538 3237 3592 in
3294 3537 3463 3608 ligura
3491 3575 3509 3601 ,

1935 3647 2102 3703 quam
2135 3632 2241 3696 iis,
2279 3632 2375 3703 qui
2416 3647 2484 3686 cx
2535 3632 2774 3687 inimicis
2832 3632 2993 3686 amici
3044 3632 3200 3694 liunt,
3248 3637 3303 3683 et
3350 3626 3508 3682 chari

1946 3734 2168 3795 propter
2200 3733 2384 3796 patres
2416 3735 2566 3789 sunt,
2600 3726 2839 3795 praetulit
2875 3744 2888 3780 :
2924 3726 2965 3757 ιτ
2997 3722 3167 3779 Versa
3194 3722 3341 3779 enim
3394 3721 3511 3776 vice

1931 3833 2126 3874 servus
2161 3820 2214 3873 in
2248 3820 2555 3874 libertatem
2585 3829 2668 3875 est
2702 3819 3026 3874 translatus.

1999 3911 2264 3977 Quartum
2304 3912 2551 3967 ordinem
2594 3912 2845 3967 obtinent
2880 3911 3015 3977 Dan,
3049 3911 3187 3965 Aser
3230 3907 3513 3980 Nephtha-

1936 4000 2030 4056 lim
2062 4019 2075 4056 :
2109 4018 2282 4073 genus
2308 4004 2528 4068 servile,
2565 4004 2658 4059 sed
2690 4018 2797 4057 non
2829 4002 3131 4073 despicitur
3157 4001 3212 4055 in
3252 4001 3394 4071 lege.

321 4175 683 4248 Unaquaque
709 4193 838 4233 vero
896 4178 1078 4235 tribus
1118 4178 1174 4233 in
1209 4178 1433 4234 modum
1465 4179 1747 4236 exercitus
1807 4154 2078 4236 instrueta
2109 4188 2249 4235 erat.
2288 4182 2419 4235 Erat
2452 4183 2598 4237 enim
2649 4183 2829 4248 locus,
2863 4192 2980 4237 erat
3018 4181 3275 4236 distincta
3329 4182 3501 4253 regio,

243 4275 377 4321 erat
406 4274 592 4322 certus
627 4282 911 4333 numerus,
949 4267 1025 4321 ita
1061 4275 1119 4321 ut
1147 4268 1302 4322 salvo
1334 4267 1530 4324 ordine
1561 4268 1641 4324 ire
1672 4277 1726 4325 et
1771 4268 1951 4323 redire
1994 4278 2246 4339 possent.
2284 4270 2516 4339 Insuper
2547 4278 2601 4326 et
2649 4270 3006 4325 manifestum
3066 4268 3229 4325 ﬁebat
3277 4279 3412 4339 quot
3437 4285 3505 4325 ex

244 4368 473 4423 quaque
513 4353 661 4408 tribu
710 4355 780 4408 ab
810 4368 991 4424 pugna
1023 4357 1441 4423 egrederentur,
1495 4364 1631 4425 quot
1664 4364 1968 4420 manerent,
1999 4363 2243 4427 quotque
2274 4359 2326 4411 in
2356 4358 2501 4413 bello
2548 4358 2750 4414 cadere
2800 4358 3146 4429 contigisset.
3184 4356 3497 4411 Notandum

243 4456 407 4502 vero,
438 4439 584 4510 quod
616 4449 831 4496 tantum
858 4442 966 4508 illi,
998 4443 1091 4513 qui
1127 4442 1319 4511 viginti
1352 4452 1407 4498 et
1443 4459 1611 4514 supra
1647 4459 1919 4499 annorum
1954 4445 2287 4501 exsistentes
2320 4462 2552 4503 censum
2576 4447 2968 4512 sustinebant,
3020 4446 3313 4501 ordinibus
3349 4446 3489 4501 insi-

243 4527 492 4590 stebant,
537 4529 947 4598 tentoriumque
1002 4528 1214 4599 reliqua
1268 4531 1611 4599 supellectile
1680 4532 1869 4588 triduo
1902 4543 2028 4590 ante
2055 4544 2338 4605 assumpta
2367 4537 2779 4591 comitabantur
2804 4575 2821 4601 ,
2856 4544 2917 4589 ut
2942 4544 3231 4605 sequetur.

319 4616 392 4670 Et
422 4619 702 4672 tuebantur
731 4620 1001 4674 custodias
1028 4619 1166 4689 ejus,
1194 4619 1428 4674 Aarouis
1450 4619 1713 4677 videlicet.
1749 4621 1890 4695 [58.]
1924 4623 2042 4692 Ipse
2068 4633 2577 4694 verorepraesentat
2597 4624 2881 4678 Christum
2909 4638 3070 4692 quem
3101 4621 3266 4676 Pater
3301 4620 3496 4676 domui

243 4719 384 4766 sume,
421 4719 542 4773 quae
585 4720 689 4761 nos
720 4720 935 4772 sumus,
960 4706 1227 4775 praefecit.
1258 4709 1329 4761 At
1350 4721 1638 4762 sacrorum
1668 4707 1788 4778 ejus
1821 4711 2155 4780 cooperarii,
2182 4713 2563 4783 apostolorum
2596 4712 2736 4765 ordo
2762 4718 2869 4775 est,
2897 4709 2993 4764 Dei
3014 4709 3162 4763 enim
3193 4709 3500 4778 cooperarii

241 4797 404 4854 sunt,
434 4799 489 4846 et
520 4792 915 4861 mySIeriorum
948 4792 1043 4848 Dei
1090 4794 1532 4864 dispensatores.
1591 4792 1779 4851 lnnuit
1830 4808 2015 4853 autem
2059 4809 2265 4855 sanctae
2296 4800 2561 4855 Ecclesia:
2591 4798 2838 4862 ordines,
2887 4798 3272 4866 episcoporum
3341 4804 3498 4866 puta.

202 4922 211 4933 ι
241 4887 298 4929 et
331 4879 778 4949 presbyterorum
798 4880 894 4950 qui
924 4896 1079 4935 sacra
1109 4882 1417 4937 ministeria
1446 4882 1677 4938 obeunt.
1714 4882 1789 4938 Ea
1826 4900 1957 4941 vero
1988 4902 2111 4957 quae
2147 4888 2293 4942 intra
2321 4888 2623 4942 tentorium
2655 4895 2805 4953 sunt,
2830 4884 3053 4939 ordines
3078 4898 3269 4938 eormn
3304 4882 3502 4937 adum-

238 4964 429 5027 braut,
460 4966 551 5035 qui
574 4980 731 5021 suam
764 4965 924 5021 (idem
952 4967 1005 5021 in
1036 4968 1318 5038 profunda
1352 4979 1406 5023 et
1439 4971 1622 5024 abdita
1661 4972 2019 5029 abstrudunt.
2049 4974 2106 5029 ln
2143 4991 2285 5045 quos
2317 4976 2452 5029 illud
2481 4974 2771 5044 competit,
2804 4987 2996 5028 sacras
3031 4986 3166 5028 suas
3195 4970 3503 5026 tuebuntur

243 5051 583 5110 functiones.
621 5053 989 5111 Diaconorum
1044 5057 1197 5125 item,
1226 5056 1321 5128 qui
1353 5056 1681 5114 ministeriis
1716 5060 1954 5129 publicis
1978 5060 2295 5131 invigilant,
2326 5062 2421 5132 qui
2465 5063 2729 5132 populum
2774 5061 2848 5116 de
2880 5060 3148 5130 precibus
3187 5066 3242 5113 et
3270 5058 3501 5127 reliquis

308 5161 359 5239 7'
392 5159 677 5239 Matth._x,
707 5164 760 5219 8.
834 5165 956 5239 'f"“
992 5164 1358 5239 Jerem.pv,_l.
1431 5167 1473 5197 “
1503 5166 1639 5239 Geni.
1674 5184 1830 5230 xvui,
1858 5171 1949 5227 52.
2028 5171 2071 5204 ⁸³
2100 5172 2265 5235 x,18.
2344 5173 2386 5204 ¹⁸
2414 5171 2510 5225 llic
2548 5173 2703 5225 locus
2726 5171 2779 5224 in
2813 5169 3003 5225 Graaco
3062 5184 3252 5239 parum
3292 5168 3503 5239 ξηιεεετ

238 5238 447 5354 ﬁliae
499 5233 657 5288 valde
702 5234 1018 5306 perplexus.
1122 5237 1163 5269 "
1197 5236 1412 5293 Coloss.
1461 5253 1515 5301 ι,
1563 5237 1654 5293 15.
1727 5239 1829 5309 ,⁸⁸4

302 5316 350 5354 l'l
382 5316 465 5355 ur.

1937 5250 2000 5295 at.
2041 5233 2258 5305 "1,628.
2338 5243 2378 5273 ¹⁷
2419 5245 2474 5296 in
2506 5242 2696 5297 Graeco
2733 5240 2992 5311 quiddam
3037 5233 3294 5293 mancum
3328 5238 3501 5291 inter-

1767 5443 2003 5503 ΝΟΤΑΞ.

290 5552 426 5632 ⁹(48)
467 5551 738 5632 ῥξυτᾴραγ
778 5553 806 5603 6
834 5622 846 5632 ι
867 5552 1114 5632 Ῥουϐὴν.
1149 5553 1503 5632 πα-ρεῦμὸολὴν
1530 5551 1663 5632 ’ἔχει
1722 5554 1814 5605 καὶ
2152 5559 2363 5632 Ὑῖδοῡς
2394 5559 2544 5632 aveo;
2576 5557 2699 5632 υιοῇ
2728 5557 2963 5632 aethrae.
3011 5555 3070 5607 '0
3102 5556 3220 5632 agr.

243 5621 453 5699 τάγμα.
482 5620 637 5674 Μετὰ
664 5622 891 5699 γὰρ-τὸν
926 5620 1153 5699 βασιλέα
1184 5620 1469 5699 ⁸διειῖτξξρού
1494 5627 1563 5699 τὸ-
1592 5623 1649 5673 ὲν
1679 5640 1813 5699 προ·
1992 5620 2106 5699 (50)
2147 5630 2268 5681 Τῶν
2296 5620 2440 5697 ἀμφὶ
2479 5620 2611 5699 Δάν(
2661 5627 2718 5679 '0
2750 5620 3013 5699 {ﬁgam

246 5688 478 5769 ῦπὰρξει
511 5688 802 5769 σεανρνίῐι
814 5688 1112 5769 pws-61050;
1140 5693 1245 5762 γὰρ
1274 5695 1299 5745 6
1327 5688 1525 5762 Κύριος
1551 5695 1605 5743 ἐν
1628 5688 1807 5763 sap/.2"

1993 5688 2101 5769 (si)
2156 5700 2292 5752 Ἀλλ’
2332 5688 2450 5752 οὐδὲ
2476 5702 2529 5750 ἐν
2558 5698 2706 5766 νόμῳ
2734 5688 3059 5765 meismet.
3108 5695 3166 5745 ὐ
3197 5695 3317 5749 απ.

246 5752 600 5823 συνέζευκται
638 5761 719 5826 δὲ,
752 5752 836 5815 κτλ
890 5762 946 5815 '0
980 5752 1247 5833 τῆς
1282 5752 1425 5818 2035.-
1512 5752 1521 5757 -
1698 5752 1709 5763 .
1996 5752 2007 5769 κ
2087 5752 2097 5765 ,
2623 5752 2633 5765 ι
2681 5752 2689 5766 ³
