4090 6504
648 358 752 421 793
1942 356 2244 417 PROCOPJ

2337 354 2579 417 (ὶᾹΖιΕΙ
3788 361 3872 421 800

650 473 816 528 rebus
844 473 1125 534 erudiunt,
1147 473 1240 540 qui
1261 487 1416 525 sacra
1444 488 1573 526 vasa
1606 473 2024 536 administrant,
2052 475 2109 526 in
2137 488 2281 542 quos
2312 472 2447 525 illud
2471 472 2580 527 dici
2610 472 2785 541 possit
2813 486 2827 524 :
2856 490 2875 522 ι
2908 471 3242 527 Custodient
3271 473 3562 529 custodias
3584 474 3875 531 tabetnacn-

651 561 712 622 ii,
742 562 926 614 oumia
950 576 1079 613 vasa
1110 560 1310 629 ipsius,
1341 570 1395 614 et
1431 561 1617 630 populi
1652 560 1900 630 judicia;
1938 579 1958 613 ι
1992 560 2229 616 Ministri
2255 561 2401 613 enim
2438 568 2597 613 erant
2622 574 2910 615 sacrorum
2944 574 3235 615 numerum
3320 569 3377 615 et
3402 562 3654 630 magistri
3704 564 3872 630 plebis.

654 646 863 700 Etcum
901 662 1033 715 puer
1059 662 1168 700 non
1200 658 1348 702 esset
1371 649 1475 712 eis,
1527 650 1703 702 sacris
1727 650 1943 717 operati
1976 656 2109 702 sunt
2143 646 2373 701 Eleazar
2403 656 2455 700 et
2491 646 2756 712 Ithamar,
2789 662 2915 702 cum
2958 655 3114 715 patre
3149 663 3252 701 suo
3278 647 3525 702 Aarone.
3557 647 3612 703 In
3637 650 3763 704 satis
3780 661 3875 705 ete-

653 735 765 787 nim
793 744 911 787 erat
940 743 998 788 ut
1042 748 1263 788 sacrum
1318 750 1519 788 munus
1549 752 1578 788 a
1613 734 1724 789 Deo
1754 736 2131 789 constitutum
2183 734 2411 787 duraret
2441 741 2735 802 perpetuo.
2764 733 2832 787 At
2862 733 2953 788 hie
2978 733 3199 802 quidem
3233 749 3409 789 causa
3450 733 3709 789 redditur
3739 753 3874 805 quam

653 821 727 875 ob
752 820 950 875 fratres
982 830 1175 875 contra
1232 838 1293 876 se
1324 822 1665 876 dissiderunt
1702 823 1956 877 invicem.
1991 822 2161 875 Addit
2186 820 2361 883 enim,
2397 836 2416 870 ι
2456 834 2583 874 cum
2632 819 2852 873 Aarone
2891 836 2905 871 :
2943 837 2960 869 ι
2999 835 3029 873 a
3070 820 3177 873 Deo
3230 830 3417 874 autem
3455 821 3743 875 sacerdotii
3780 839 3879 891 per-

654 923 790 962 sona
822 908 1052 963 Aaronis
1086 910 1272 979 generi
1324 920 1405 963 est
1437 910 1711 977 imposita,
1750 924 1849 963 nec
1878 908 2287 963 vicissitudinis
2367 905 2780 967 incertitudine,
2816 916 2874 959 ut
2913 909 3018 961 sub
3050 908 3217 961 Saule
3244 908 3509 977 contigit,
3552 908 3877 966 labefactare-

654 1002 768 1049 tur.
806 995 999 1049 Adami
1053 998 1259 1066 quippe
1296 997 1552 1066 prosapia
1596 1013 1689 1065 per
1721 996 1851 1051 Seth
1884 1012 2106 1065 quoque
2164 994 2605 1049 conservabatur
2634 1002 2758 1063 post
2787 992 2943 1048 Caini
2992 1001 3047 1048 et
3079 994 3255 1049 abelis
3287 1003 3547 1051 mortem.
3575 993 3737 1047 David
3771 998 3876 1050 item

655 1098 725 1136 ne
773 1085 1196 1139 successoribus
1255 1096 1479 1155 propter
1512 1085 1827 1139 Solomonis
1864 1084 2328 1139 exorbitatiouem
2367 1079 2790 1143 destitueretur,
2824 1080 3026 1134 eximia
3061 1081 3263 1148 pietate
3292 1096 3389 1135 sua
3428 1091 3516 1136 est
3559 1081 3878 1149 sublevatus;

656 1168 867 1224 factum
896 1178 982 1224 est
1010 1172 1181 1233 enim,
1211 1182 1268 1225 ut
1309 1188 1404 1240 per
1431 1173 1607 1241 ipsum
1648 1178 2077 1225 conservaretur
2113 1171 2282 1237 filius,
2322 1173 2507 1239 potius
2537 1185 2705 1241 quam
2735 1178 2795 1224 ut
2835 1170 2952 1237 ipse
2984 1178 3207 1239 propter
3239 1168 3412 1223 filium
3450 1183 3555 1223 sua
3595 1170 3758 1238 stirpe
3793 1187 3875 1227 ex-

657 1257 894 1322 cideret;
929 1259 1395 1328 quemadmodmn
1427 1260 1694 1325 scriptum
1724 1268 1829 1313 est.
1861 1260 1940 1313 Ac
1968 1257 2134 1312 Israel
2172 1274 2281 1311 non
2316 1258 2568 1311 funditus
2588 1256 2866 1326 extirpata
2895 1265 2997 1318 est,
3031 1271 3158 1310 cum
3198 1256 3251 1309 in
3288 1271 3351 1310 ea
3384 1265 3579 1311 essent
3605 1258 3695 1324 qui
3721 1259 3881 1312 crede-

656 1345 814 1399 bant.
846 1346 1115 1415 Iniquitas
1140 1347 1285 1399 enim
1314 1347 1435 1413 ejus
1458 1355 1541 1400 est
1568 1346 1815 1406 inducta,
1850 1356 2076 1414 propter
2107 1344 2500 1414 benignitatem
2537 1345 2654 1408 Dei,
2686 1360 2850 1412 quam
2887 1345 3144 1413 concepit
3169 1359 3297 1414 erga
3325 1352 3534 1413 patres.
3573 1343 3881 1415 Quapropter

658 1444 892 1503 augusta
919 1434 1234 1503 antiquitus
1264 1434 1473 1488 sobolis
1532 1433 1852 1501 propagatio
1885 1433 1991 1485 fuit
2021 1433 2169 1485 sicut
2192 1434 2457 1488 sterilitas
2488 1433 2767 1502 lugubris.
2803 1431 3041 1487 Causam
3066 1446 3217 1485 vero
3252 1439 3479 1499 propter
3504 1445 3667 1499 quam
3698 1431 3882 1487 Levita:

660 1521 956 1589 mancipet,
1020 1536 1143 1575 esse
1192 1522 1289 1583 ait,
1344 1520 1563 1574 Israelis
1595 1536 1661 1573 ex
1696 1519 1928 1589 [Egypto
1952 1522 2494 1581 assertionem;non
2533 1520 2714 1575 solum
2781 1519 3067 1573 hominum
3108 1516 3327 1572 affectio
3363 1518 3523 1586 ipsos
3551 1516 3691 1585 apud
3739 1516 3877 1573 Deum

658 1609 1031 1673 commendat,
1062 1623 1254 1661 verum
1292 1610 1461 1662 multo
1505 1609 1675 1675 magis
1711 1606 1849 1661 Deus
1882 1608 2000 1675 ipse
2040 1608 2296 1659 lmmines
2325 1607 2579 1671 attrahit,
2610 1606 2831 1676 sibique
2866 1606 3127 1659 vindicat.
3168 1601 3326 1659 Unde
3364 1614 3420 1657 et
3444 1601 3690 1659 Joannes
3723 1622 3735 1657 :
3785 1603 3877 1660 Non

662 1694 808 1763 quod
851 1695 1017 1749 Deum
1046 1696 1399 1749 dilexerimus
1432 1711 1550 1760 nos,
1600 1696 1800 1763 inquit,
1836 1710 2029 1748 verum
2063 1709 2163 1748 nos
2215 1694 2379 1755 Deus,
2409 1710 2532 1747 eum
2564 1693 2763 1748 Filium
2804 1694 2870 1747 ad
2908 1708 3009 1748 nos
3036 1693 3286 1747 misisset
3320 1690 3385 1744 ¹⁸.
3425 1691 3637 1746 Idcirco
3692 1691 3879 1760 quidem

662 1784 1060 1851 primogenitos
1090 1783 1198 1836 sibi
1245 1784 1612 1845 consecravit,
1653 1780 1799 1851 quod
1838 1782 2234 1850 primogenitos
2266 1795 2490 1849 quoque
2517 1780 2569 1833 in
2606 1779 2846 1850 Egypto
2883 1779 3096 1849 magnis
3120 1778 3300 1831 affecit
3337 1777 3651 1832 beneficiis.
3681 1776 3751 1831 Ita
3773 1794 3883 1835 sane

659 1869 825 1921 etiam
856 1884 979 1921 cum
1015 1870 1267 1938 primitus
1302 1870 1355 1921 in
1402 1870 1777 1922 testimonium
1812 1870 2002 1938 gloriae
2024 1884 2136 1921 sua:
2165 1883 2229 1920 ex
2264 1868 2522 1921 omnibus
2553 1868 2869 1921 hominibus
2902 1866 3193 1934 selegisset
3218 1864 3380 1927 Deus,
3406 1879 3665 1933 agnoque
3694 1880 3780 1933 pro
3806 1882 3883 1919 no-

665 1956 753 2010 bis
777 1956 1053 2025 deposito,
1085 1957 1156 2009 ab
1179 1957 1560 2011 internecione
1582 1956 1885 2025 rapuisset,
1914 1971 2013 2009 nos
2047 1969 2268 2024 quoque
2296 1954 2402 2009 sibi
2427 1954 2631 2007 dicavit
2664 1956 2938 2024 proprios.
2974 1953 3115 2019 Quid
3144 1967 3274 2007 vero
3305 1966 3492 2006 causa
3515 1959 3601 2007 est
3630 1952 3765 2021 quod
3796 1967 3881 2005 non

663 2041 813 2112 ipsos
845 2043 1064 2112 quidem
1096 2043 1515 2112 primogenitos,
1542 2056 1683 2111 quos
1716 2043 2099 2096 sanctitieasse
2126 2058 2185 2095 se
2227 2050 2488 2104 testatur,
2520 2042 2587 2095 ad
2618 2044 2761 2097 sacri
2798 2042 3091 2096 ministerii
3125 2040 3471 2095 iunctionem
3515 2040 3764 2109 separati
3789 2040 3877 2094 Aut

660 2142 759 2182 cur
791 2129 993 2184 Levita:
1021 2146 1142 2185 eam
1204 2130 1271 2185 ad
1309 2147 1421 2183 rem
1455 2131 1839 2200 prituogeuitis
1881 2130 2163 2184 exsistunt
2213 2130 2496 2198 potiores?
2527 2130 2669 2195 Quia
2697 2131 2745 2184 si
2771 2144 2838 2184 ex
2859 2129 3008 2183 omni
3041 2130 3189 2183 tribu
3222 2144 3373 2182 more
3399 2136 3670 2183 consueto
3699 2128 3879 2195 primo-

657 2218 827 2287 geniti
883 2220 1066 2272 forent
1101 2219 1396 2286 assumpti.
1447 2217 1674 2282 vulgare
1728 2217 1896 2270 nimis
1938 2218 2306 2271 ministerium
2360 2233 2585 2273 sacrum
2632 2218 2906 2274 evasisset
2946 2217 3090 2287 apud
3124 2216 3364 2286 plebem,
3397 2224 3570 2285 atque
3608 2214 3881 2270 eviluisset.

658 2306 1004 2375 Quapropter
1027 2321 1093 2359 ex
1111 2321 1270 2375 aequo
1308 2312 1367 2357 ut
1412 2320 1641 2374 regnum
1695 2305 1876 2357 unica:
1907 2303 2061 2358 Iuda:
2086 2303 2257 2357 tribui
2285 2313 2369 2358 est
2398 2304 2702 2372 addictum,
2738 2306 3112 2361 sacerdotium
3144 2318 3370 2373 quoque
3398 2303 3470 2356 ab
3511 2302 3636 2357 aliis
3661 2302 3881 2356 tribubus

662 2391 975 2459 sejunctum
1012 2406 1139 2445 esse
1182 2391 1451 2459 oportuit.
1493 2389 1741 2455 Quorqu
1776 2400 2010 2459 utroque
2036 2406 2173 2444 sane
2198 2389 2263 2443 ad
2299 2390 2607 2455 Christum,
2648 2394 2745 2462 qui
2774 2392 3145 2448 sacerdotium
3187 2399 3241 2445 et
3288 2405 3520 2459 regnum
3561 2390 3882 2443 communita-

663 2479 734 2531 tis
773 2492 964 2533 exsors
1000 2477 1185 2540 habet,
1217 2476 1358 2531 facta
1393 2490 1477 2532 est
1504 2478 1725 2533 allusio.
1760 2479 1838 2532 Ac
1868 2479 2006 2533 illud
2036 2478 2264 2547 quidem
2300 2492 2327 2530 ιι
2361 2491 2557 2541 matre,
2592 2481 2696 2535 hoc
2734 2496 2863 2534 vero
2897 2496 2926 2533 a
2971 2490 3127 2549 patre
3155 2478 3372 2532 habuit.
3418 2477 3488 2531 At
3514 2476 3879 2545 primogenita:

666 2565 771 2620 sibi
807 2565 1208 2631 vindicaverat,
1240 2565 1426 2634 inquis
1460 2583 1473 2619 :
1503 2566 1635 2634 quid
1668 2568 2033 2620 tum?nonne
2068 2566 2213 2619 cnim
2241 2563 2409 2637 384
2439 2568 2706 2640 quidquid
2738 2568 2949 2639 uspiam
2978 2574 3088 2629 est,
3122 2582 3221 2635 pro
3256 2566 3401 2620 virili
3449 2565 3554 2621 sibi
3589 2573 3805 2633 usurpat
3839 2570 3881 2616 et

667 2651 944 2706 vindicat?
970 2653 1082 2706 imo
1127 2667 1259 2707 vero
1310 2654 1468 2707 bruta
1506 2655 1623 2723 ipsa
1676 2655 2060 2710 sanctificasse
2094 2654 2199 2708 sibi
2229 2652 2389 2708 dicit.
2425 2654 2590 2708 «Mihi
2640 2657 2787 2711 enim
2824 2655 3010 2715 cedat,
3044 2654 3251 2723 inquit,
3298 2668 3463 2707 omne
3495 2649 3878 2721 primogenitum

664 2756 717 2809 in
747 2738 933 2801 Israel,
955 2741 1070 2794 sive
1108 2739 1344 2794 IIOIIIIIIIS
1378 2740 1492 2794 sive
1519 2740 1755 2809 jumenti
1781 2742 2031 2797 exsistat.
2073 2760 2091 2792 ι
2135 2742 2207 2796 De
2245 2739 2630 2809 primogenitis
2655 2757 2784 2795 vero
2810 2742 2861 2794 in
2887 2740 3075 2796 Exodo
3097 2740 3307 2794 dictum
3345 2748 3431 2794 est
3467 2738 3703 2791 uberius.

744 2825 941 2896 Viginti
970 2827 1200 2898 quinque
1231 2838 1279 2881 et
1308 2844 1472 2896 supra
1510 2846 1797 2893 annorum,
1831 2846 1993 2900 usque
2044 2830 2113 2883 ad
2164 2830 2575 2902 quinquaginta.
2612 2825 2923 2897 Descriptio
2968 2827 3190 2896 quidem
3223 2827 3440 2896 reliqua
3474 2825 3677 2879 mensis
3704 2833 3878 2878 aetatem

664 2922 890 2983 pr0pter
923 2914 1294 2969 innocentiam
1324 2915 1445 2985 ejus
1476 2932 1598 2986 qum
1630 2917 1810 2986 magni
1843 2917 1985 2987 apud
2019 2916 2185 2973 Deum
2218 2920 2299 2985 fit,
2332 2920 2655 2988 attingebat.
2688 2919 2959 2972 Caeterum
3001 2932 3161 2972 sacra
3206 2917 3503 2972 ministerii
3537 2916 3737 2971 functio
3773 2924 3875 2967 teta-

668 3010 778 3054 tem
817 3000 1077 3067 validam,
1106 3011 1159 3057 et
1184 3012 1488 3062 maturam,
1514 3005 1695 3071 qualis
1719 3013 1804 3057 est
1837 3004 1996 3057 initio
2028 3007 2233 3076 posita,
2270 3022 2392 3077 quae
2432 3002 2860 3056 adolescentiam
2887 3009 3193 3077 superaret,
3230 3016 3371 3069 aque
3407 2999 3570 3055 senili
3605 2998 3881 3052 infirmitate

664 3087 854 3153 procul
893 3085 1133 3148 abesset,
1168 3084 1475 3156 ﬂagitabat,
1517 3070 1696 3154 Quare
1725 3101 1851 3141 cum
1887 3070 2103 3143 Callath
2146 3070 2382 3149 medi-am
2425 3100 2638 3143 .etatem
2683 3090 2831 3142 inter
2853 3086 3065 3143 Gerson
3092 3070 3377 3142 etIIlIerari
3418 3094 3647 3152 teneret,
3677 3087 3876 3151 gloriam

664 3171 813 3226 illam
849 3188 958 3242 pra:
983 3174 1051 3228 iis
1080 3182 1164 3228 est
1193 3187 1553 3241 consecutus,
1586 3186 1646 3229 ut
1677 3190 1741 3230 ex
1764 3189 1863 3230 sua
1906 3176 2080 3246 stirpe
2111 3181 2452 3240 sacerdotes,
2492 3190 2727 3246 quorum
2760 3175 2959 3244 singuli
2993 3174 3291 3245 principem
3323 3174 3565 3228 habeant
3594 3173 3864 3243 proprium,

660 3261 900 3315 emittat.
953 3261 1259 3332 Supremus
1322 3279 1455 3319 vero
1504 3264 1763 3334 princeps
1814 3265 1960 3319 inter
2001 3265 2284 3337 principes
2313 3266 2613 3330 chiticos,
2645 3262 2875 3318 Eleazar
2903 3263 3313 3317 Aaronistllius
3365 3274 3478 3318 est.
3518 3262 3595 3315 Ad
3620 3263 3752 3314 hunc
3774 3273 3879 3313 sane

658 3351 884 3403 modum
939 3351 1116 3405 cuivis
1161 3350 1485 3406 Christiano
1512 3352 1743 3421 angelus
1767 3353 1839 3406 sit
1872 3356 2126 3421 proprius
2156 3354 2306 3410 licet.
2339 3355 2599 3408 Omnium
2645 3361 2828 3405 tamen
2855 3367 3002 3407 unus
3032 3352 3302 3407 Dominus
3327 3360 3379 3405 et
3401 3367 3497 3406 res
3528 3357 3611 3405 est
3630 3350 3873 3411 Christus,

658 3435 927 3494 Dominus
951 3440 1095 3493 enim
1130 3440 1222 3495 ille
1242 3440 1647 3494 dominantium
1677 3448 1733 3494 et
1756 3454 1850 3494 rex
1881 3444 2251 3508 regnantium.
2289 3441 2459 3496 Latus
2490 3456 2621 3495 vero
2643 3439 2989 3495 taheruaculi
3023 3439 3322 3509 posterius.

733 3572 1004 3627 Occasum
1048 3588 1241 3629 versus
1274 3574 1573 3628 tuebantur
1608 3573 1944 3641 Gersonitm,
1974 3575 2233 3630 meridio-

2409 3577 2589 3639 Τόπος
2647 3578 2759 3639 τοῖς
2809 3575 3175 3644 Γηδσωνίταις
3213 3578 3241 3631 ὁ
3286 3576 3661 3647 ὀπισθόδομος,
3701 3572 3880 3633 δυτικὸς

664 3664 789 3721 nale
800 3663 1191 3731 etCahatbitar,
1213 3666 1648 3735 septentrionale
1663 3666 1953 3731 Meraritae,
1969 3669 2236 3725 orientale

660 3755 1005 3823 sacerdotes,
1053 3772 1116 3811 ea
1158 3758 1373 3813 ratione
1419 3759 1719 3821 nimirum,
1764 3776 1876 3829 quo
1920 3762 2237 3816 sacerdotes

670 3848 942 3915 movendi,
974 3850 1184 3919 iterque
1210 3848 1489 3913 faciendi,
1559 3850 1613 3903 in
1659 3850 1877 3904 oriente
1934 3867 2058 3907 cum
2087 3852 2233 3906 trihu

668 3935 1043 4002 Juda,darent
1076 3938 1345 4007 auspicia.
1371 3938 1428 3991 In
1454 3938 1648 3992 horum
1680 3939 2028 4009 aliorumque
2059 3941 2238 3997 medio

671 4043 831 4080 sacra
881 4043 1012 4081 vasa
1066 4044 1097 4081 a
1151 4029 1540 4084 sacerdotibus
1594 4030 1868 4095 ohvelata,
1919 4041 1977 4085 ut
2012 4033 2238 4102 necipsi

670 4118 766 4184 qui
802 4116 1050 4171 ferebant
1083 4132 1184 4172 nec
1228 4118 1318 4170 alii
1356 4118 1564 4172 aditum
1606 4119 1819 4173 visendi
1850 4134 1913 4173 ea
1949 4119 2239 4184 haberent,

671 4208 981 4264 Cahathita:
1031 4209 1350 4279 portabant.

2338 3668 2435 3720 ὤν’
2467 3671 2579 3732 τοῖς
2604 3668 2662 3722 δὲ
2686 3669 3009 3735 Κααθίταις,
3026 3670 3095 3724 τὸ
3126 3670 3300 3723 νότιον
3332 3672 3431 3741 τῆς
3459 3670 3663 3741 σκηνῆς
3689 3687 3702 3700 ·
3726 3666 3879 3729 τοῖςᾶ

2337 3760 2700 3831 Μεραρίταις,
2734 3758 2797 3813 τὸ
2832 3759 3065 3831 βόρειονο
3094 3762 3208 3824 τοῖς
3257 3760 3315 3813 δὲ
3351 3760 3598 3830 ἱερεῦσι,
3631 3760 3687 3811 τὸ
3724 3759 3880 3810 ἀνατο-

2338 3848 2511 3904 λικὸν.
2541 3849 2663 3903 Ἵνα.
2689 3851 2747 3902 ὲν
2769 3852 2887 3913 ταῖς
2912 3850 3165 3920 κινήσεσι
3197 3851 3292 3902 καὶ
3320 3849 3647 3918 ὁδοιπορίαις
3676 3845 3876 3915 κατάρχει

2346 3942 2443 4012 μὲν
2478 3943 2537 3995 τὸ
2575 3940 2896 3995 ἀνατολικὸν
2930 3940 3068 4008 πρὸς
3111 3940 3189 4013 τῷ
3255 3940 3423 3993 Ἰούδα
3460 3940 3716 4009 τάγματι,
3748 3936 3790 3988 οι
3823 3936 3877 3983 ιε-

2350 4033 2486 4101 ρεῖέ.
2523 4031 2741 4084 Τούτων
2790 4031 2848 4084 δὲ
2901 4032 2993 4083 καὶ
3050 4030 3159 4082 τῶν
3212 4026 3385 4083 ἄλλων
3415 4026 3551 4084 ὦσιν
3605 4034 3659 4082 ἐν
3692 4028 3819 4096 μέσῳ
3840 4023 3877 4073 οἱ

2348 4122 2641 4189 Κααοίται,
2676 4123 2937 4193 φέροντες
2964 4124 3032 4177 τὰ
3056 4123 3181 4193 ἱερὰ
3206 4123 3375 4193 σκεύη
3399 4121 3775 4190 κεκαλυμμένα
3797 4114 3879 4168 ὑπὸ

2345 4215 2455 4267 τῶν
2486 4216 2696 4285 ἱερέων,
2720 4214 2812 4272 καὶ
2839 4216 2951 4277 τοῖς
2979 4214 3159 4277 ἄλλοις
3184 4216 3276 4267 καὶ
3304 4217 3484 4277 αὐτοῖς
3512 4214 3568 4267 δὲ
3596 4216 3698 4276 τοῖς
3721 4210 3878 4278 φέρου-

2356 4323 2439 4359 σιν
2473 4306 2779 4379 ἁθεώρητα.

748 4410 871 4466 llaec
919 4409 1275 4465 multifariam
1328 4426 1496 4480 supra
1533 4414 1587 4466 in
1631 4411 1913 4467 Christum
1941 4398 2335 4471 traduximus:
2374 4419 2469 4488 qtti
2506 4421 2776 4474 varietate
2798 4420 3047 4474 colorum
3082 4420 3383 4485 tegumenti
3418 4426 3636 4470 notatur
3678 4425 3873 4482 quoque.

676 4501 749 4553 Ac
788 4500 1201 4570 hyacinthinum
1224 4501 1445 4569 quidem
1479 4509 1836 4570 repraesentat
1867 4501 2144 4555 caelestem
2166 4504 2290 4571 ejus
2329 4506 2544 4562 sedem.
2579 4505 2923 4575 Purpureum
2965 4521 3096 4560 vero
3124 4506 3249 4573 ejus
3297 4522 3550 4575 regnum.
3586 4502 3872 4556 Coccineuut

670 4589 790 4657 ejus
819 4588 1165 4657 sanguinem,
1206 4602 1368 4657 quem
1397 4597 1583 4642 nostra
1626 4603 1790 4641 causa
1818 4588 2031 4643 eﬂ'udit.
2061 4589 2319 4647 Humeris
2352 4610 2483 4650 vero
2505 4596 2852 4650 sacerdotum
2886 4595 3199 4648 innituntur
3265 4609 3450 4653 sacra,
3477 4609 3549 4646 ne
3578 4599 3752 4645 sancta
3777 4598 3872 4637 cum

672 4677 802 4741 sint,
846 4691 1015 4745 super
1046 4676 1212 4745 lignis
1261 4684 1474 4744 portata
1508 4685 1633 4745 post
1687 4684 1903 4745 tergum
1958 4678 2235 4743 portantis
2268 4680 2624 4738 delabantur.
2651 4684 2922 4738 Caeterum
2981 4681 3343 4736 fundamenta
3380 4680 3607 4735 tentorii
3668 4685 3871 4729 nostram

673 4765 1041 4819 substantiam
1073 4764 1405 4819 adumbrare
1441 4764 1661 4820 tradunt
1693 4782 1709 4830 ;
1745 4773 1917 4821 strata
1945 4780 2077 4820 vero
2105 4764 2329 4827 divinos
2349 4780 2602 4839 ornatus,
2646 4789 2775 4827 vasa
2799 4784 2854 4828 et
2876 4787 3001 4843 qua:
3026 4771 3079 4825 in
3112 4772 3195 4825 eis
3216 4780 3349 4825 sunt
3375 4772 3637 4840 reposita,
3670 4765 3871 4820 divinam

674 4855 728 4909 in
758 4854 913 4909 nobis
937 4855 1364 4909 habitationem.

745 4964 813 5019 Et
839 4976 993 5020 erunt
1049 4965 1243 5021 Levita:
1276 4970 1376 5023 mei
1410 4978 1458 5022 et
1516 4987 1611 5041 ego
1667 4970 1927 5025 Dominus
1985 4974 2244 5042 ipsorum,

2424 4976 2529 5028 Καὶ
2559 4975 2802 5029 ἔσονται
2824 4975 2951 5043 ἐμοὶ
2969 4973 3068 5045 [oi]
3088 4974 3345 5029 Λευῖται.
3383 4973 3533 5044 Ἐγὼ
3559 4975 3765 5039 Κύριος.
3786 4967 3872 5019 MI-

672 5067 780 5113 etc.
809 5056 950 5129 [45.]
1010 5055 1345 5115 Fortunatus
1398 5060 1625 5116 efﬁciam
1681 5072 1968 5133 promptos
1999 5074 2054 5119 et
2082 5065 2247 5120 indu-

675 5151 845 5205 strios
868 5152 922 5205 in
952 5153 1128 5206 sacris
1158 5153 1329 5207 solius
1358 5153 1571 5208 Domini
1599 5154 1942 5211 muneribus.
1972 5156 2092 5211 Iam
2117 5168 2251 5213 Vero

678 5243 783 5298 hac
809 5243 1181 5300 familiaritate
1206 5260 1311 5299 non
1352 5261 1483 5300 caro
1510 5247 1626 5315 ipsa
1667 5263 1730 5301 ac
1760 5248 2058 5303 humanum
2092 5250 2255 5305 Levi-

679 5345 859 5391 tarum
914 5354 1086 5407 genus
1142 5340 1659 5403 circumscribitur,
1718 5343 1812 5396 sed
1858 5343 1976 5411 ipsa
2034 5344 2255 5409 electio,

680 5428 824 5483 unde
857 5439 941 5484 est
981 5431 1224 5499 profecta
1253 5450 1267 5487 :
1305 5430 1496 5486 Omnis
1530 5434 1676 5488 enim
1718 5432 1811 5488 Dei
1856 5434 2116 5504 proprius
2150 5447 2256 5499 est,

678 5523 772 5587 qni
818 5523 869 5575 in
907 5524 1070 5578 rebus
1103 5524 1310 5578 divinis
1346 5538 1570 5594 operam
1598 5525 1845 5580 sedulam
1881 5527 2144 5582 collocat.

754 5612 1001 5666 Aliorum
1032 5629 1164 5669 vero
1193 5614 1477 5671 hominum
1513 5616 1909 5685 redemptionis
1969 5618 2141 5687 pretia
2196 5617 2250 5671 in

764 5792 849 5845 "'I
891 5790 1049 5846 Joau.
1080 5808 1153 5857 tv,
1188 5792 1271 5849 I0.

2356 5063 2595 5135 καρίζων
2615 5066 2738 5126 τοὺς
2771 5065 3019 5135 ἑτοίμους
3053 5066 3145 5117 καὶ
3180 5064 3468 5135 εὐσχόλους
3493 5067 3570 5128 εἰς
3588 5064 3649 5116 τὰ
3667 5058 3783 5113 Θεοῦ
3800 5050 3870 5105 τοῦ

2359 5158 2523 5227 μόνου
2548 5157 2775 5226 Κυρίου.
2799 5156 2912 5209 Νῦν
2937 5156 2993 5210 δὲ
3018 5157 3079 5209 οὺ
3105 5154 3251 5224 γένει
3277 5156 3576 5227 σωματικῷ
3612 5152 3669 5207 τὸ
3692 5149 3867 5203 οἰκεῖον.

2353 5248 2490 5301 ἀλλὰ
2528 5247 2845 5319 προαιρέσει
2877 5248 3142 5318 ὁρίζεται.
3176 5248 3287 5301 Καὶ
3316 5250 3424 5312 πᾶς
3486 5247 3659 5311 ἰδιοςό
3688 5243 3743 5297 τὰ
3763 5232 3866 5292 Θεοῦ

2355 5340 2755 5409 ὲογαζόμενος.

2434 5608 2513 5664 Τὰ
2542 5606 2648 5661 τῶν
2683 5602 2884 5658 λοιπῶν
2915 5602 3082 5672 λύτρα
3126 5607 3235 5666 τοῖς
3282 5602 3486 5674 tepebat
3518 5602 3715 5657 δίδοται,
3754 5590 3859 5645 tim!
