4090 6504
222 362 328 425 8·)ι

1352 366 1885 427 COMMENTARII
1920 368 2001 429 IN
2040 370 2435 435 NUMEROS.

3382 375 3489 437 802

216 470 452 537 δικαίως
481 473 606 537 τοὺς
633 477 867 539 Δευῖτας
892 477 1034 548 ὑπὲρ
1056 476 1237 532 αὐτῶν
1262 476 1623 549 λειτουργεῖν,
1654 493 1804 546 κομι·

1917 479 2066 548 ipsos
2115 482 2484 537 conferuntur
2528 484 2881 549 sacerdotes,
2941 492 2998 538 ιιι
3044 488 3241 541 merito
3288 481 3493 542 Levitae

220 564 497 633 σιμένους
519 565 611 620 διὰ
638 568 744 619 τῶν
774 569 965 637 ἱερέων
998 570 1067 624 τὰ
1095 568 1287 637 λύτρα.
1327 567 1433 621 Τοῦ
1474 568 1531 620 δὲ
1568 566 1808 637 πλήθους

214 655 332 708 τῶν
360 656 603 712 Δευῖτῶν
635 658 730 713 τοῦ
754 659 1158 730 ἀντιδιδομένου
1186 658 1296 712 τῶν
1325 658 1687 729 πρωτοτόκων
1714 657 1807 711 δύ-

213 764 389 815 ναμιν
430 748 545 817 ἔχει
596 749 829 819 Χριστὸς
890 750 1111 805 πάντων
1161 749 1466 821 ἀνθρώπων
1508 748 1807 814 ἀντιδοθεὶς

211 841 329 892 τῶν
365 842 477 895 ἀπὸ
511 842 605 897 τοῦ
637 844 1086 913 πρωτοπλάστου.
1126 845 1186 899 'O
1234 844 1291 897 δὲ
1340 845 1501 907 αὐτὸς
1552 845 1646 898 καὶ
1684 846 1808 898 ἀντὶ

211 933 320 1001 τῆς
370 932 697 1005 λυτρώσεως
751 935 861 989 τῶν
896 937 1186 1007 περιττῶν,
1242 938 1383 1007 ὑπὲρ
1435 930 1512 990 ὧν
1544 937 1644 990 οὐκ
1671 932 1813 1007 ἦσαν

213 1021 449 1077 Λευῖται
484 1025 763 1095 ἰσάριθμοι
787 1042 800 1057 ·
830 1026 891 1079 ού
926 1027 1193 1097 μερικῶς,
1224 1027 1345 1081 οὐδὲ
1367 1027 1657 1098 διαφόρως,
1694 1028 1811 1081 ἀλλ’

214 1108 306 1177 εἷς
335 1115 479 1186 ὑπὲρ
532 1118 748 1170 πάντων
802 1118 997 1190 λύτρον
1048 1121 1357 1190 γινόμενος,
1408 1120 1811 1175 κατατιθέντων

211 1207 368 1278 αὐτῷ
426 1208 599 1281 λύτρα
648 1211 739 1265 τὸν
771 1210 930 1277 λόγον
957 1212 1060 1281 τῆς
1100 1212 1360 1275 πίστεως,
1410 1214 1810 1283 ὲμπεριέχοντα

209 1299 318 1369 τὴν
347 1300 444 1353 τοῦ
476 1302 825 1373 ὲπταμεροῦς
855 1304 1019 1373 νόμου
1054 1302 1360 1376 πλήρωσιν,
1403 1306 1462 1357 ὲν
1495 1308 1609 1369 τοῖς
1644 1306 1807 1358 πέντε

213 1390 428 1453 σῐκλοις
458 1396 889 1465 σημαινομένην.

1914 571 2161 641 ipsorum
2195 575 2422 628 nomine
2456 590 2612 629 sacra
2656 577 2881 639 faciant,
2924 592 3021 647 per
3054 577 3204 647 ipsos
3237 576 3495 633 sacerdo-

1916 670 1999 718 tes
2036 664 2431 734 redemptionis
2458 667 2631 733 pretia
2680 667 3033 737 reportaturi.
3070 666 3326 722 Omniqu
3360 684 3491 722 vero

1913 764 2157 823 quoquot
2199 754 2508 809 Levitarum
2542 757 2595 808 in
2623 758 3041 829 primogenitum
3077 760 3258 813 locum
3294 760 3492 813 subro-

1911 847 2023 916 gati
2062 856 2211 909 sunt,
2238 849 2502 916 aequalem
2529 858 2856 917 potestatem
2885 850 3144 905 Christus
3179 850 3344 906 habet
3368 852 3491 906 uni-

1908 951 2031 997 cus,
2072 938 2162 1006 qui
2228 952 2327 1004 pro
2376 938 2635 993 omnibus
2678 939 2997 992 hominibus
3030 938 3098 992 ab
3140 938 3349 993 Adamo
3378 954 3491 993 om-

1908 1029 2061 1081 nium
2095 1038 2323 1097 parente
2350 1028 2845 1094 descendentibus,
2887 1040 2965 1084 est
2994 1029 3306 1098 depositus.
3341 1028 3485 1093 Quin

1906 1132 1961 1175 et
2020 1122 2137 1190 ipse
2188 1137 2409 1192 quoque
2467 1138 2566 1191 pro
2600 1121 2977 1191 redemptione
3004 1123 3341 1191 reliquorum
3394 1120 3489 1190 qui

1907 1213 2226 1268 Levitarum
2292 1230 2583 1271 numerum
2622 1215 2987 1278 excedebant,
3045 1214 3320 1268 satisfecit
3377 1227 3490 1266 non

1908 1307 2284 1375 particulatim
2350 1307 2596 1375 quidem,
2650 1322 2749 1359 nec
2802 1306 3053 1374 repetitis
3098 1306 3330 1367 vicibus,
3390 1302 3489 1358 sed

1916 1414 2060 1452 unus
2119 1398 2301 1452 factus
2330 1399 2495 1451 obses
2527 1413 2628 1466 pro
2662 1398 2942 1457 omnibus.
2974 1399 3212 1467 pretium
3273 1396 3489 1451 redem-

208 1483 421 1551 ptionis
446 1485 888 1552 persolventibus
919 1485 990 1549 ei,
1019 1485 1176 1540 fidem
1234 1486 1698 1556 quinquepartita:
1737 1486 1873 1559 legis
1915 1488 2292 1557 impletionem
2325 1490 2569 1558 quinque
2600 1487 2708 1540 illis
2743 1486 2896 1540 siclis
2926 1486 3090 1541 etiam
3114 1484 3485 1554 designatum,

207 1576 699 1645 complectentem,
728 1578 1003 1633 videlicet.

283 1666 360 1717 Τὸ
395 1668 470 1736 μὴ
498 1667 730 1738 ὁρᾶσθαι
764 1670 832 1723 τὰ
863 1668 1007 1740 ἱερὰ,
1056 1668 1117 1721 τὸ
1165 1667 1478 1739 ἀθεώρητον
1526 1669 1677 1740 δηλοῖ
1701 1670 1803 1739 τῆς

206 1757 481 1829 Θεὸτητος
506 1764 619 1825 τοῖς
648 1762 722 1834 μὴ
751 1764 831 1826 εἰς
859 1764 1027 1833 ἄκρον
1054 1762 1299 1832 ἣκουσιν.
1355 1763 1636 1831 Ἀγγέλοις
1672 1764 1801 1832 γοῦν

205 1850 271 1901 τὸ
304 1851 607 1904 θεάσασθαι
636 1853 727 1907 τὸν
777 1854 910 1907 Θεὸν
961 1856 1244 1910 ἀνάκειται
1282 1853 1417 1927 πρὸς
1450 1854 1607 1921 δόξαν
1629 1869 1642 1881 ⁸
1675 1856 1799 1917 τοὺς
1840 1926 1854 1937 ⁸

205 1942 265 1994 δὲ
288 1941 641 2013 ἀνθρώπους,
673 1944 898 2017 ὕστερόν
929 1964 1065 1999 ποτε
1104 1946 1401 2002 θεάσασθαι
1444 1946 1598 2009 Θεὸν,
1632 1946 1796 2016 φησὶν

206 2034 236 2085 ὁ
261 2033 525 2103 Χριστὸς,
558 2036 687 2091 ὅταν
725 2037 918 2092 ἔλθωσι
947 2038 1177 2111 καθαροὶ
1211 2040 1347 2113 πρὸς
1378 2040 1437 2093 τὸ
1464 2039 1686 2092 τέλειον.
1723 2039 1795 2092 Τὸ

206 2125 265 2178 δὲ
299 2126 447 2196 ἱερὸν
482 2127 709 2195 σκεῦος,
750 2130 826 2193 ὡς
874 2131 1009 2186 θεοῦ
1052 2133 1210 2187 οὐσία
1245 2134 1492 2201 τιμᾶται,
1535 2131 1672 2185 καθὸ
1702 2131 1796 2185 καὶ

205 2218 395 2289 ήνὼοη
429 2220 614 2275 σκεύει
637 2224 670 2292 ἠ
705 2221 825 2275 θεία
860 2223 1020 2278 οὐσία
1067 2226 1209 2279 κατά
1238 2224 1335 2296 τὴν
1356 2224 1651 2295 σάρκωσιν.
1703 2224 1795 2295 Μὴ

206 2310 566 2382 θεωρουμένη
592 2314 649 2367 δὲ
683 2316 814 2384 ἡμῖν
845 2317 877 2385 ἡ
910 2315 1031 2369 θεία
1060 2317 1239 2381 οὐσία,
1272 2318 1413 2389 ὑπὲρ
1440 2318 1588 2387 ἡμᾶς
1620 2318 1793 2379 ἐστιν,

203 2403 325 2457 ἀλλ’
350 2406 664 2470 ἐπισκιάζει
695 2408 827 2477 ἡμῖν
861 2409 1225 2480 ὑπερέχουσα.

1979 1667 2251 1721 (Ξωιετιιιη
2315 1666 2461 1735 quod
2519 1680 2677 1721 sacra
2734 1664 2981 1733 conspici
3051 1678 3165 1718 non
3211 1671 3485 1733 poterant,

1907 1759 2256 1813 divinitatem
2283 1756 2335 1810 in
2366 1756 2598 1812 sublime
2617 1772 2725 1810 non
2750 1756 3101 1809 tendentibus
3130 1756 3485 1824 spectandam

1906 1866 2015 1906 non
2039 1850 2298 1904 obvenire
2326 1858 2653 1919 argumento
2679 1851 2918 1903 exstitit.
2949 1850 3104 1914 Quod
3137 1864 3271 1903 vero
3306 1848 3484 1917 angeli

1909 1944 2075 1997 Deum
2108 1944 2585 2013 contemplantur,
2627 1943 2692 1995 ad
2746 1942 2972 2009 gloriam
3031 1943 3276 2009 ipsorum
3315 1941 3483 2007 facit;

1903 2037 2143 2105 posteris
2171 2034 2317 2090 enim
2353 2034 2697 2104 temporibus
2726 2034 2980 2089 homines
3007 2032 3174 2088 Deum
3201 2042 3486 2102 spectatu-

1902 2144 1994 2183 ros
2027 2143 2172 2191 esse,
2208 2127 2412 2183 indicat
2435 2128 2691 2181 Christus
2729 2129 2793 2191 η,
2824 2126 3047 2197 quando
3088 2125 3484 2196 perfectionem

1900 2220 2211 2276 absolutam
2255 2217 2659 2287 fuerintadepti
2698 2231 2913 2285 nempe.
2960 2215 3070 2270 Vas
3102 2230 3234 2270 vero
3261 2229 3483 2270 sacrum

1901 2328 2001 2367 ceu
2059 2310 2156 2366 Dei
2227 2309 2533 2365 substantia
2587 2308 2809 2372 colitur,
2848 2308 3117 2378 siquidem
3155 2322 3281 2362 cum
3316 2320 3484 2362 carne

1902 2413 2163 2472 tanquam
2200 2416 2323 2455 cum
2354 2414 2483 2454 vase
2509 2399 2763 2469 copulata
2795 2408 2879 2453 est
2903 2398 3183 2453 divinitas.
3208 2397 3482 2454 Atdivinu

203 2498 452 2559 assentia
482 2513 608 2552 cum
642 2500 805 2555 nobis
827 2501 987 2569 longe
1016 2502 1090 2557 sit
1113 2501 1399 2571 superior,
1432 2510 1795 2573 conspectum
1832 2505 2084 2552 nostrum
2154 2492 2475 2564 refugit,ac
2509 2506 2633 2546 sese
2659 2501 2920 2561 tanquam
2956 2490 3011 2544 in
3081 2489 3277 2544 umbra
3346 2502 3485 2558 qua-

202 2584 334 2642 dam
373 2605 543 2660 super
571 2606 673 2646 nos
702 2591 961 2648 demittit.

274 2702 634 2774 Quapropter
693 2722 859 2777 super
887 2707 1137 2762 humeris
1170 2706 1481 2762 Levitarum
1548 2708 1791 2771 exsistit,
1820 2707 1975 2779 juxta
2011 2707 2143 2761 illud
2177 2707 2324 2778 quod
2351 2706 2556 2761 dicitur
2588 2704 2757 2760 Deum
2791 2720 2959 2775 super
2999 2704 3302 2759 Clierubim
3342 2704 3481 2759 resi-

202 2791 340 2847 dere
375 2801 431 2846 et
457 2808 622 2862 super
648 2792 933 2863 Epliraim,
966 2804 1227 2864 tanquam
1261 2811 1428 2865 super
1458 2797 1710 2850 buccula.
1744 2797 2065 2863 Contegitur
2098 2811 2228 2849 vero
2275 2810 2403 2849 arca
2434 2795 2674 2865 tegmine
2701 2793 2869 2847 variis
2909 2792 3195 2849 coloribus
3219 2793 3481 2847 distincto

201 2880 357 2950 quod
389 2881 443 2933 in
473 2881 686 2935 volucri
753 2882 911 2952 legis,
946 2882 1443 2952 mandatorumque
1474 2883 1756 2937 varietatis
1782 2898 2004 2951 parvam
2041 2882 2506 2953 significationem
2546 2880 2737 2935 habet.
2766 2878 3037 2944 Quocirca
3062 2880 3477 2950 hyacintliiuum

201 2966 557 3036 minimeque
592 2968 832 3022 lucidum
865 2977 973 3035 est,
1007 2970 1153 3038 quod
1188 2969 1472 3023 incumbit
1508 2971 1919 3031 vestimentum.
1959 2970 2310 3039 coriumque.
2352 2970 2517 3037 Atqui
2559 2983 2752 3023 mensa
2787 2967 3111 3036 praelucida,
3152 2984 3393 3037 purpura
3426 2976 3481 3020 et

201 3067 385 3107 cocco
441 3054 646 3123 tegitur
718 3066 943 3125 propter
996 3056 1317 3126 sanguiueu
1354 3076 1368 3113 :
1406 3056 1719 3113 forinsecus
1763 3058 1928 3129 385
1989 3065 2174 3110 autem
2218 3056 2544 3127 hyacintho,
2594 3069 2659 3109 eo
2690 3054 2842 3123 quod
2895 3054 3116 3110 diﬂicile
3143 3055 3216 3110 sit
3249 3057 3478 3123 cognitu

202 3149 455 3207 quantus
482 3142 535 3194 in
572 3142 756 3195 divina
784 3143 1064 3197 ambrosia
1097 3144 1383 3215 splendor,
1429 3153 1809 3215 quantumque
1835 3146 2030 3200 salutis
2068 3145 2121 3198 in
2160 3142 2364 3197 Christi
2428 3144 2699 3213 sanguine
2731 3143 2885 3197 insit.
2909 3142 3309 3197 Candelabrum
3336 3146 3480 3213 pelle

204 3229 534 3298 amictuque
600 3230 962 3300 byacinthino
1001 3232 1315 3298 obvelatur,
1374 3231 1635 3288 Ecclesiae
1661 3233 1864 3303 quippe
1891 3230 2037 3302 quod
2074 3228 2303 3299 figuram
2338 3232 2615 3284 sustineat
2652 3248 2666 3283 :
2698 3245 2822 3283 nam
2853 3245 3046 3285 omnes
3081 3245 3172 3284 res
3222 3231 3479 3287 humanae

204 3314 470 3369 obscura:
502 3326 632 3370 sunt
673 3329 725 3372 et
748 3333 952 3388 epacze.
990 3316 1192 3372 Eodem
1217 3333 1437 3388 quoque
1482 3321 1645 3375 modo
1674 3321 1849 3375 altare
1908 3318 2231 3381 sufﬁmenti,
2282 3318 2428 3384 quod
2466 3318 2889 3388 thymiaterium
2930 3329 3151 3383 vocant,
3207 3320 3419 3375 velatur
3460 3339 3473 3374 :

203 3403 346 3453 mlor
418 3403 566 3457 enim
614 3420 863 3475 precum,
924 3405 1390 3476 quemadmodum
1422 3408 1731 3463 suliitorum
1775 3422 2024 3478 quoque,
2054 3407 2272 3461 occulte
2294 3406 2440 3459 intra
2470 3406 2654 3461 sinum
2681 3406 2856 3461 animi
2885 3408 3079 3478 serpit,
3110 3417 3167 3462 ut
3197 3411 3357 3463 testis
3391 3415 3478 3462 est

204 3484 409 3541 David.

274 3594 355 3646 Τὸ
382 3595 764 3669 θυσιαστήριον
794 3601 1130 3657 καλύπτεται
1165 3606 1435 3676 πορφυρῷ
1472 3606 1565 3659 καὶ
1612 3606 1799 3660 ὑακιν-

1972 3603 2145 3659 Porro
2197 3604 2373 3657 altare
2434 3603 2747 3657 holocausti
2788 3618 3034 3673 purpura
3091 3612 3144 3657 et
3176 3604 3477 3674 hyacintho

205 3686 361 3755 θένῳ.
408 3688 527 3743 Ἐνι
556 3690 656 3760 μὲν
686 3692 793 3763 γὰρ
828 3694 886 3746 ὲν
917 3694 993 3765 τῷ
1035 3695 1164 3766 θείῳ
1200 3696 1401 3768 θύματι
1431 3697 1491 3751 τὸ
1540 3697 1792 3769 λαμπρὸν

204 3783 298 3832 καὶ
333 3779 646 3848 βασιλικὸν,
679 3782 757 3835 ἔνι
790 3783 847 3836 δὲ
877 3788 1226 3857 ὲπικάλυψις.

1900 3695 2222 3749 obvolvitur
2261 3714 2273 3748 :
2311 3695 2366 3748 in
2422 3693 2615 3749 divino
2676 3696 2824 3749 enim
2874 3695 3151 3750 sacrillclo
3210 3698 3476 3767 splenddr

1898 3800 1961 3839 ac
1992 3784 2397 3855 magnificentia
2429 3796 2534 3849 est,
2576 3787 2819 3855 itemque
2845 3788 3127 3843 involutio.

270 3893 384 3948 Par
420 3904 507 3952 est
532 3904 715 3951 autem
764 3907 956 3954 testate
985 3902 1409 3957 tabernaculum
1465 3903 1650 3957 rubris
1682 3910 1735 3954 et
1762 3896 2137 3968 hyacinthinis
2162 3895 2319 3961 velis,
2350 3897 2416 3948 ad
2453 3893 2625 3949 decus
2661 3904 2715 3949 et
2748 3907 3008 3950 ornatum
3041 3898 3261 3965 obduci,
3290 3899 3473 3956 hieme

203 3998 337 4037 vero
362 3986 430 4039 de
453 3986 689 4053 pellibus
722 3988 850 4041 boni
876 3990 1189 4045 consulere.

273 4093 390 4148 Καὶ
417 4095 524 4162 τὰς
546 4097 767 4165 ,βάσεις
791 4098 1000 4168 αὐτῆς,
1042 4103 1140 4156 καὶ
1176 4103 1244 4157 τὸ
1272 4103 1575 4173 κάλυμμα.
1600 4103 1785 4157 Ἔοικε

200 4184 475 4255 κάλυμμα
524 4187 620 4241 νῦν
672 4187 741 4242 τὰ
799 4190 943 4243 ἱστία
974 4192 1074 4261 τῆς
1124 4192 1297 4263 αὐλῆς
1339 4193 1537 4260 λέγειν,
1571 4194 1668 4264 οὐχ
1702 4194 1787 4247 ὃτι

1960 4095 2031 4150 Et
2063 4096 2242 4162 fulcra
2285 4097 2400 4164 ejus
2420 4106 2577 4167 atque
2605 4106 2829 4168 tegmen,
2879 4108 2983 4154 etc.
3025 4098 3138 4171 [IV,
3174 4099 3293 4172 δί]
3327 4100 3469 4171 Teg-

1890 4204 2017 4243 men
2074 4205 2224 4245 nunc
2249 4191 2373 4244 atrii
2420 4192 2533 4246 vela
2569 4209 2764 4247 vocare
2816 4192 3031 4247 videtur
3062 4210 3076 4245 :
3107 4208 3214 4247 non
3244 4194 3468 4261 quidem

200 4277 341 4329 αὐτὸ
358 4278 659 4343 ὲόἀσταζον
687 4298 700 4312 ⁸
718 4284 829 4344 τοῖς
858 4282 965 4353 γὰρ
993 4284 1128 4347 υἱοῖς
1156 4284 1367 4337 Γεδσὼν
1388 4287 1782 4355 ἀπενενέμητο·

1904 4281 2034 4351 ιιιοά
2098 4286 2439 4352 portaverint
2486 4286 2686 4352 ipsum,
2748 4284 2877 4337 filiis
2934 4285 3085 4337 enim
3138 4283 3367 4339 Gersom
3412 4286 3466 4339 id

199 4368 343 4421 ἀλλά
363 4371 488 4433 τοὺς
525 4371 749 4432 στύλους
778 4371 1006 4427 τούτων.
1058 4376 1133 4427 Οὐ
1175 4375 1283 4447 γάρ
1309 4376 1469 4444 ,ἔστιν
1499 4376 1785 4447 ἐπινοῆσαι

198 4460 394 4531 ἕτερον
426 4460 691 4531 κάλυμμα
728 4461 851 4531 ἔχον
886 4462 1132 4528 στύλους.

1888 4372 2135 4424 muneris
2194 4372 2511 4437 impositum
2558 4380 2695 4430 erat.
2732 4371 2826 4425 sed
2870 4372 3109 4441 perticas
3135 4372 3278 4441 ejus.
3318 4372 3466 4427 Con—

1883 4459 2090 4528 jectare
2110 4461 2256 4514 enim
2289 4476 2397 4515 non
2431 4477 2729 4531 possumus
2751 4464 2994 4533 assequi,
3019 4472 3237 4533 tegmen
3256 4466 3465 4519 colum-

1886 4567 1986 4608 nas
2018 4552 2277 4609 habuisse
2315 4554 2483 4608 aliud.
2512 4600 2519 4601 κ

270 4653 347 4708 Et
379 4654 579 4724 tegmen
610 4656 735 4710 ostii
768 4656 1124 4710 tabernaculi.
1167 4656 1333 4726 Atqui
1368 4656 1494 4714 filiis
1520 4658 1751 4713 Gersom
1780 4660 1883 4715 hoc
1912 4661 2072 4719 oﬂicii
2104 4665 2268 4735 paulo
2305 4676 2432 4720 ante
2465 4666 2652 4719 datum
2697 4678 2833 4721 erat.
2875 4655 3080 4721 Verum
3111 4682 3212 4737 pro
3248 4670 3464 4723 colum-

202 4743 287 4798 nis
332 4744 529 4811 ipsius,
580 4752 795 4813 tegmen
834 4744 1011 4814 ipsum
1046 4744 1253 4813 posuit.

272 4830 501 4885 Omnem
541 4830 827 4898 leprosum,
856 4847 1061 4884 omnem
1118 4847 1295 4885 semen
1334 4830 1757 4901 profundentem,
1815 4850 2018 4890 onmem
2053 4856 2118 4892 ea:
2169 4841 2349 4893 anima
2396 4841 2839 4895 contaminatum.
2865 4839 2955 4913 [V,
3002 4839 3086 4915 2.]
3117 4841 3173 4896 Id
3217 4851 3322 4908 est,
3364 4845 3457 4913 qui

198 4919 443 4972 cadaver
465 4917 687 4986 aliquod
724 4919 1112 4972 contrectavit.
1149 4917 1223 4971 De
1255 4918 1453 4972 horum
1493 4930 1674 4974 autem
1724 4925 2103 4993 exploratione
2157 4942 2326 4997 supra
2371 4926 2427 4981 in
2468 4928 2710 4983 Levitico
2764 4928 2972 4984 dictum
3011 4939 3117 4986 est.
3150 4930 3291 4985 Illud
3327 4947 3458 4988 vero

200 5004 634 5069 observandum,
669 5004 815 5073 quod
849 5004 1002 5074 lepra
1030 5007 1476 5061 mortitieationis
1503 5008 1963 5077 significationem
1999 5014 2267 5077 continet,
2302 5023 2361 5068 ut
2397 5026 2593 5070 auctor
2622 5028 2706 5071 est
2742 5018 2925 5071 Aaron
2964 5034 2978 5070 :
3019 5033 3144 5073 cum
3175 5022 3323 5074 enim
3357 5037 3457 5090 pro

199 5089 372 5145 Maria
410 5108 599 5148 sorore
625 5108 724 5147 sua
757 5091 1153 5162 deprecaretur
1182 5094 1325 5163 apud
1358 5094 1549 5158 Deum,
1582 5096 1761 5164 inquit
1796 5115 1809 5152 :
1842 5095 1920 5151 Ne
1953 5100 2045 5153 fiat
2079 5099 2275 5155 aborto
2299 5102 2495 5156 similis
2529 5103 2622 5172 qui
2660 5105 2942 5174 egreditur
2981 5119 3044 5160 ex
3077 5108 3305 5161 matrice
3341 5089 3456 5161 ma-

198 5180 321 5237 tris.
356 5187 412 5232 et
448 5181 635 5235 carnis
671 5181 847 5249 ipsius
874 5180 1167 5234 dimidium
1200 5181 1525 5234 absuniatur
1556 5182 1621 5235 “.
1662 5202 1679 5233 ι

272 5263 595 5335 Quicunque
625 5266 808 5333 fecerit
841 5281 907 5318 ea:
935 5266 1177 5319 omnibus
1215 5267 1419 5319 delictis
1442 5284 1559 5336 qua:
1582 5278 1767 5321 contra
1792 5271 2052 5327 hominem
2085 5274 2460 5329 admittuntur.
2490 5274 2593 5348 [6.]
2618 5276 2717 5332 Vir
2754 5287 2851 5333 aut
2881 5279 3079 5333 mulier
3113 5279 3207 5349 qui
3244 5281 3454 5348 spolia-

200 5354 382 5406 veriut
419 5355 679 5421 aliquem,
718 5361 928 5407 sortem
968 5352 1337 5418 restituendo,
1369 5355 1729 5425 quintamque
1762 5367 1973 5429 partem
2016 5361 2350 5430 adjiciendo,
2382 5364 2598 5433 culpam
2642 5381 2797 5420 suam
2831 5366 3168 5429 rescindant,
3191 5365 3449 5421 domino-

199 5455 304 5509 que
325 5440 603 5494 victimam
639 5439 946 5507 oﬂ'erendo,
1004 5442 1242 5510 expient.
1278 5439 1343 5493 Et
1373 5443 1485 5496 haec
1534 5442 1752 5511 quidem
1786 5462 1945 5515 paena
1974 5464 2002 5502 a
2037 5449 2177 5507 furis
2221 5453 2493 5522 supplicio
2526 5470 2637 5523 quo
2667 5454 2734 5509 ad
2762 5455 3038 5525 quintupli
3081 5454 3446 5511 redditionem

198 5527 548 5597 astringitur,
581 5535 666 5582 est
694 5526 955 5593 diversa;
1023 5528 1173 5583 aliud
1204 5528 1348 5582 enim
1380 5529 1711 5599 supplicium
1758 5547 1855 5588 seu
1889 5550 2048 5605 pcnua
2091 5542 2307 5607 peccati
2331 5550 2437 5606 est,
2466 5543 2615 5597 aliud
2659 5543 2975 5615 castigatio,
3001 5559 3095 5599 seu
3131 5546 3446 5600 emendatio

197 5613 339 5684 ejus.
374 5617 509 5681 Quae
535 5615 754 5686 quidem
784 5615 894 5671 illis
925 5615 1219 5671 adhibetur
1243 5617 1335 5688 qui
1365 5616 1431 5669 ad
1466 5627 1701 5672 utentem
1737 5621 1941 5675 reversi
1968 5622 2036 5678 de
2090 5629 2438 5684 correctione
2497 5613 2852 5701 iniquitatum
2899 5630 3091 5687 sedulo
3150 5633 3389 5704 cogitant
3423 5653 3437 5688 :

268 5767 692 5855 ιίιςιιιιι.ν,8’.
771 5791 1221 5855 ’°Psal.cxt.,2.
1300 5792 1777 5860 ¹¹Νιιιιι.ἰιι,12.
