4090 6526
672 387 778 448 €03
2005 389 2287 449 ΡΒΟοοΡ

2279 390 2359 447 ’ll
2400 389 2643 447 GAZEI
3810 397 3894 458 804

676 504 820 556 unde
849 503 1071 558 victima
1102 518 1294 557 eorum
1325 505 1392 558 ad
1424 506 1795 574 expiationem
1837 507 1943 559 illis
1970 522 2189 575 quoque
2217 509 2470 560 inseruit.
2520 508 2752 560 Pulchre
2774 507 2921 560 Tvcro
2955 522 3018 559 ea
3063 520 3182 575 qua:
3214 505 3268 558 in
3303 503 3558 559 homines
3589 501 3894 574 delinquun-

673 591 856 643 turiis
901 589 1154 658 opponit,
1181 606 1305 659 qua:
1361 591 1415 644 in
1501 609 1707 646 numen
1759 595 2150 652 admittuntur.
2196 594 2512 661 nullamque
2557 593 2955 661 mitigationem
3020 593 3337 660 impetrant,
3370 591 3820 661 quemadmodum
3848 596 3893 648 in

674 691 740 730 eo
777 677 871 745 qui
916 676 1141 729 Sabbati
1185 676 1318 730 feria
1354 679 1500 748 ligna
1535 681 1834 749 collegerat
1869 681 2091 749 planum
2120 680 2230 746 fiet,
2266 689 2322 734 et
2354 679 2555 733 factum
2585 679 2697 748 jam
2738 689 2823 734 est
2852 680 2904 732 in
2953 694 3020 734 eo
3049 681 3142 750 qui
3181 680 3247 733 ad
3279 679 3667 733 contumeliam
3703 679 3789 733 Dei
3814 697 3899 735 no-

673 763 819 816 mine
847 764 964 832 ejus
993 766 1200 818 abusus
1228 765 1426 819 fuerat.

742 851 1114 921 Cuiuscunque
1143 855 1242 906 viri
1277 871 1412 907 uxor
1451 857 1892 924 transgressionis
1936 872 2026 908 rea
2065 855 2252 922 fuerit.
2287 852 2427 925 [l2]
2461 854 2573 908 lloc
2602 855 2904 910 edocemur
2939 870 3095 916 sane,
3141 853 3289 923 quod
3323 855 3388 907 ad
3425 854 3516 906 Dei
3551 854 3898 924 cognitionem

672 938 775 992 sub
809 938 944 992 falsa
974 941 1238 1008 puritatis
1278 943 1460 1009 specie
1489 943 1731 1010 pollutus
1756 943 2016 1011 pertingit
2043 956 2203 1020 nemo
2239 939 2484 1005 Quorum
2513 943 2658 995 enim
2714 950 2937 1011 peccata
2972 957 3080 995 non
3116 943 3315 1011 palam,
3379 941 3594 1010 judicio
3651 955 3897 1009 extracta,

674 1025 831 1085 fiunt,
899 1042 995 1081 eos
1037 1029 1253 1080 occulte
1288 1030 1781 1082 consectabuulur.
1823 1028 1878 1081 In
1935 1028 2287 1082 confessione
2327 1029 2532 1097 quippe
2580 1031 2891 1102 iniquitatis
2953 1031 3095 1084 idem
3133 1030 3278 1098 quod
3311 1030 3362 1082 in
3419 1030 3569 1098 lepra
3609 1039 3663 1081 et
3697 1033 3899 1086 seminis

668 1114 944 1168 effusione
980 1117 1300 1185 contingere
1329 1117 1470 1169 solet
1506 1135 1516 1168 :
1563 1125 1613 1171 te
1640 1117 1785 1169 enim
1834 1124 2052 1168 tacente
2086 1115 2236 1177 licet,
2282 1119 2648 1185 cogitationes
2682 1120 2748 1172 ad
2781 1120 2945 1173 Deum
2993 1120 3300 1180 clamitant,
3326 1119 3492 1170 verba
3527 1120 3655 1172 item
3689 1135 3898 1186 quorum

668 1203 829 1255 etiam
856 1203 959 1255 sub
992 1202 1276 1255 hominum
1304 1204 1552 1256 notitiam
1595 1204 1800 1257 cadunt
1851 1202 2176 1256 affectiones
2215 1221 2227 1256 :
2264 1205 2500 1260 tenebrae
2545 1207 2779 1275 denique
2812 1208 2863 1259 in
2914 1207 3118 1274 quibus
3159 1206 3488 1259 adulterium
3523 1220 3648 1258 sese
3692 1207 3830 1258 fovet
3857 1217 3901 1260 et

669 1298 944 1344 sustentat
967 1291 1291 1359 plerumque
1317 1308 1331 1358 ;
1358 1300 1699 1361 quapropter
1733 1291 2092 1345 Ecclesiastes
2120 1291 2293 1359 inquit
2325 1295 2368 1324 ¹²
2400 1309 2618 1347 onmem
2672 1295 2945 1346 actionem
2978 1309 3006 1345 a
3036 1294 3144 1346 Deo
3177 1293 3232 1346 in
3286 1293 3554 1359 judicium
3597 1294 3900 1361 productam

669 1380 735 1432 iri
764 1396 778 1441 ;
835 1395 1048 1433 necnon
1083 1381 1376 1449 Apostolus
1407 1400 1420 1434 :
1464 1400 1481 1430 ‹
1518 1379 1719 1435 Omnes
1754 1381 1972 1450 quidem
2030 1396 2130 1433 uos
2175 1396 2361 1434 coram
2393 1382 2654 1435 tribunali
2690 1381 2898 1434 Christi
2927 1381 3205 1434 sistendos
3240 1397 3387 1444 esse,
3423 1388 3480 1434 ut
3526 1383 3768 1449 quisque
3795 1399 3901 1449 pro-

673 1471 794 1539 prio
817 1487 1049 1540 corpore
1083 1473 1319 1535 auferat,
1352 1474 1496 1534 quod
1523 1489 1588 1526 eo
1613 1475 1668 1528 in
1696 1476 1804 1526 vita
1838 1474 2119 1542 quaesivit,
2166 1474 2281 1528 sive
2303 1473 2505 1526 bonum
2553 1471 2644 1531 sit,
2675 1471 2790 1523 sive
2824 1479 3022 1522 contra
3048 1470 3116 1520 ’³.
3168 1487 3185 1516 ι

746 1557 1063 1612 Hordeacea
1097 1562 1257 1628 igitur
1290 1560 1475 1629 farina
1507 1567 1644 1614 citra
1668 1562 1785 1614 thus
1809 1572 1857 1614 et
1887 1561 2057 1614 oleum
2092 1560 2415 1612 adducatur.
2449 1556 2589 1630 [£55.]
2618 1555 2731 1611 Hoc
2771 1571 2931 1620 sane,
2953 1566 3302 1624 peccatorum
3337 1558 3506 1609 vitam
3537 1555 3897 1624 jumentorum

671 1649 828 1716 plane
857 1649 1090 1704 similem
1120 1665 1263 1715 esse,
1298 1652 1348 1705 in
1379 1667 1484 1720 qua
1517 1653 1752 1720 saporis,
1785 1651 1838 1705 in
1861 1667 1967 1720 qua
2001 1646 2383 1704 delectationis
2417 1645 2554 1698 nihil
2581 1645 2674 1704 sit,
2702 1644 2900 1714 arguit.
2923 1643 3230 1712 Perpetuus
3250 1641 3396 1696 enim
3424 1642 3682 1711 supplicii
3723 1652 3900 1706 metus,

667 1743 724 1789 et
748 1737 816 1790 de
844 1751 1046 1791 corona
1085 1737 1240 1791 adest
1267 1737 1600 1807 desperatio.
1631 1737 1789 1791 Nuda
1816 1754 1948 1792 vero
1994 1738 2047 1791 in
2075 1736 2289 1805 judicio
2313 1733 2537 1787 astabit.
2585 1729 2732 1784 Nihil
2776 1730 3077 1800 quidquam
3110 1730 3277 1784 Deum
3309 1731 3401 1799 qui
3435 1731 3720 1784 scrutatur
3760 1732 3900 1782 corda

668 1838 939 1893 renesque
970 1824 1016 1855 ’δ
1044 1822 1228 1878 fallere
1256 1839 1424 1893 posse
1449 1827 1672 1878 nuditas
1707 1825 1957 1879 mulieris
1990 1830 2388 1893 repraesentat;
2423 1818 2595 1872 Deum
2620 1817 2867 1886 inquam,
2897 1818 2988 1886 qui
3014 1831 3148 1870 voce
3195 1818 3477 1886 prophetae
3504 1816 3578 1870 ita
3608 1817 3898 1885 eloquitur:

670 1931 694 1961 σ
733 1909 876 1966 Deus
907 1926 1006 1978 ego
1035 1912 1380 1980 nropinquus
1415 1928 1561 1977 sum,
1592 1914 1728 1966 dicit
1767 1912 2055 1974 Dominus,
2099 1927 2200 1965 nec
2223 1911 2366 1963 Deus
2385 1923 2504 1962 sum
2536 1918 2784 1962 remotus
2806 1908 2872 1968 ’⁸,
2907 1925 2924 1957 ›
2954 1906 3114 1974 cujus
3133 1907 3200 1959 ab
3218 1906 3391 1959 oculis
3415 1921 3523 1959 non
3553 1906 3902 1959 abscondetur

663 1997 1208 2067 quidquam,quauto
1234 1999 1416 2054 minus
1434 2016 1564 2054 vero
1585 2000 1942 2070 turpitudinis
1961 2000 2216 2054 crimina.
2244 1995 2454 2050 Idcirco
2475 1994 2763 2057 Paulus",
2791 1993 3075 2047 mulierem
3106 1994 3251 2047 nudo
3268 1994 3445 2062 capite
3470 2008 3662 2062 preces
3690 1995 3901 2048 fundere

665 2085 857 2138 vetuit.
883 2083 1044 2138 Index
1069 2101 1197 2140 vero
1216 2086 1382 2157 386
1403 2085 1494 2140 Dei
1518 2088 1744 2141 verbum
1771 2099 1877 2152 est,
1900 2087 2045 2156 quod
2067 2094 2490 2157 repraesentatur
2520 2083 2573 2136 in
2592 2080 2850 2150 imagine,
2868 2095 2966 2134 ceu
2997 2095 3135 2149 aqua
3160 2082 3281 2132 viva
3305 2095 3426 2150 qua:
3446 2079 3642 2133 hausta
3669 2090 3902 2148 penetrat

662 2186 720 2225 In
753 2171 942 2225 intima
963 2171 1232 2241 praedictae
1263 2173 1511 2228 mulieris
1532 2173 1768 2229 viscera.
1794 2172 2089 2228 Contendit
2113 2172 2261 2227 enim
2289 2171 2422 2227 illud
2454 2171 2506 2224 in
2531 2171 2678 2238 ipsas
2707 2169 2876 2222 animi
2901 2169 3080 2230 sedes,
3108 2169 3162 2222 in
3188 2168 3483 2236 juncturas
3515 2169 3898 2230 membrorum,

664 2259 720 2310 iu
757 2257 1022 2312 medullas
1055 2260 1286 2323 ossium,
1326 2275 1389 2313 ac
1425 2260 1694 2315 discernit
1724 2269 1777 2314 et
1816 2261 2066 2330 explorat
2100 2259 2416 2313 affectiones
2465 2258 2662 2311 mentis
2729 2255 3009 2323 animique
3038 2256 3425 2324 cogitationes.
3452 2254 3625 2324 Cujus
3650 2255 3801 2308 verbi
3833 2257 3901 2307 vis

663 2345 718 2397 in
751 2346 1131 2415 pronuntiatis
1159 2344 1523 2415 iudicialibus
1559 2347 1615 2401 in
1655 2347 1794 2402 libro
1826 2347 2141 2416 descriptis,
2173 2361 2425 2415 aquaque
2458 2344 2548 2397 illa
2579 2343 2864 2406 delibutis,
2885 2343 3230 2398 abortionem
3264 2358 3327 2397 ac
3361 2343 3570 2398 ventris
3601 2341 3898 2396 inﬂamma-

664 2431 868 2486 tionem
897 2433 1164 2487 adultera:
1192 2434 1612 2488 concitantibus
1645 2434 1921 2488 consistit.
1954 2434 2166 2499 Quibus
2196 2431 2582 2488 affectionibus
2609 2431 2883 2492 mulieris,
2923 2430 3055 2500 quid
3082 2431 3219 2499 legis
3268 2432 3554 2499 neglectus
3585 2431 3770 2499 pariat
3829 2431 3900 2483 in-

663 2519 899 2573 dicatur.
936 2519 1102 2589 Atqui
1125 2535 1265 2589 aqua
1288 2520 1378 2574 illa
1405 2523 1528 2575 viva
1564 2530 1728 2591 atque
1751 2537 1910 2592 pura,
1943 2520 2034 2575 Dei
2066 2522 2289 2576 verbum
2321 2519 2626 2584 viviﬁcans,
2659 2519 2951 2588 omnisque
2983 2520 3195 2588 peccati
3226 2533 3439 2580 exsors,
3473 2518 3620 2589 quod
3650 2518 3707 2571 in
3747 2533 3900 2572 carne

664 2617 930 2674 tanquam
965 2607 1018 2660 in
1067 2615 1310 2661 testaceo
1368 2623 1498 2663 vase
1535 2609 1609 2677 (e
1648 2619 1792 2663 terra
1823 2610 1968 2663 enim
1999 2624 2126 2663 caro
2182 2608 2326 2677 fuit),
2357 2607 2652 2676 significat.
2686 2606 2758 2658 At
2802 2607 3026 2660 teutorii
3060 2606 3240 2672 pulvis
3268 2615 3498 2659 mortem
3541 2605 3720 2673 ipsius
3749 2619 3898 2672 quam

665 2704 852 2746 nostra
876 2709 1042 2748 causa
1077 2696 1323 2762 pertulit,
1345 2695 1788 2764 insinuat,juxta
1824 2695 1954 2748 illud
1983 2695 2131 2761 quod
2165 2695 2391 2758 homini,
2415 2710 2538 2746 cum
2568 2704 2790 2748 creatus
2819 2704 2990 2755 esset,
3017 2693 3119 2745 fuit
3153 2693 3362 2746 dictum
3389 2712 3403 2747 :
3437 2711 3454 2743 ‹
3495 2691 3651 2747 Cinis
3679 2709 3742 2747 es
3772 2701 3829 2746 et
3856 2694 3898 2744 iu

663 2781 906 2834 cinerem
938 2781 1144 2835 redibis
1177 2783 1242 2836 ⁸⁷.
1283 2801 1303 2833 ι
1340 2780 1522 2835 Verba
1559 2799 1692 2836 vero.
1717 2782 2221 2844 condemnationis,
2245 2781 2394 2834 illum
2429 2783 2520 2850 qui
2560 2797 2655 2848 pro
2696 2781 2855 2833 nobis
2891 2780 3335 2834 exsecrationem
3373 2780 3577 2833 subivit
3610 2782 3892 2834 denotant.

663 2864 1020 2921 Exseeratum
1059 2869 1204 2922 enim
1232 2877 1495 2924 cunctum
1534 2884 1657 2925 esse
1689 2871 1783 2938 qui
1813 2886 1844 2924 e
1875 2871 2025 2939 ligno
2059 2868 2340 2939 pependit,
2372 2870 2638 2938 scriptum
2678 2867 2847 2922 est“.
2895 2868 3147 2921 Christus
3200 2868 3367 2938 igitur
3397 2868 3451 2920 in
3476 2869 3640 2920 animi
3680 2865 3897 2935 profun-

660 2957 890 3010 ditatem
942 2956 1226 3020 recedens,
1291 2973 1417 3012 reos
1454 2958 1676 3026 quidem
1721 2957 2004 3027 puniendo
2062 2957 2362 3025 redarguit,
2406 2957 2654 3011 insontes
2692 2971 2818 3009 vero
2855 2953 3146 3024 frugiferos
3205 2954 3405 3008 reddit.
3439 2955 3624 3024 Atqui
3657 2954 3769 3008 Deo
3806 2971 3898 3006 non

663 3054 925 3114 acceptus
955 3052 1040 3099 est
1093 3044 1346 3114 punitur,
1388 3060 1511 3099 cum
1540 3046 1689 3099 nulla
1725 3045 1846 3114 ejus
1878 3044 2084 3098 mentio
2122 3045 2212 3096 fiet
2236 3046 2375 3113 apud
2414 3060 2538 3099 eum
2583 3046 2676 3113 qui
2706 3045 2773 3096 ad
2805 3045 3017 3097 alienos
3062 3043 3198 3096 dicit
3233 3060 3246 3096 :
3291 3062 3309 3093 ι
3341 3041 3456 3095 Non
3494 3043 3622 3096 novi
3661 3058 3758 3096 vos
3781 3045 3846 3094 ³³.
3880 3063 3894 3092 ι

660 3132 1056 3200 Caeterumqui
1083 3133 1292 3200 patitur
1342 3131 1500 3188 valde
1557 3132 1803 3202 indigna,
1833 3133 1955 3186 aliis
1977 3133 2354 3201 juramcntum
2409 3126 2562 3184 mala
2593 3130 2950 3200 propulsandi
2983 3130 3062 3193 fit,
3092 3131 3207 3198 qui,
3240 3128 3318 3183 Ne
3350 3130 3481 3182 mihi
3503 3132 3724 3183 eveniat
3755 3130 3894 3198 quod

662 3222 842 3274 evenit
882 3221 980 3284 illi,
1015 3220 1228 3274 dicunt.
3085 3208 3088 3209 ⁷

731 3307 1040 3377 Quicunque
1069 3308 1148 3361 vir
1181 3325 1272 3361 seu
1301 3308 1490 3361 mulier
1524 3317 1703 3362 votum
1739 3324 1992 3378 magnum
2025 3308 2428 3376 nuncupaverit.
2466 3305 2583 3378 [Ἦ.
2625 3304 2709 3374 2.]
2743 3305 3063 3360 Graecorum
3112 3305 3296 3368 liberi,
3329 3305 3372 3359 si
3417 3305 3472 3358 in
3521 3306 3801 3375 nymphas
3829 3307 3898 3360 vel

663 3405 975 3457 montanas,
1016 3394 1097 3448 vel
1123 3396 1395 3463 aquatiles
1428 3396 1778 3455 incidissent,
1808 3411 1994 3449 comas
2030 3395 2371 3449 nutriebant.
2401 3393 2513 3449 Lex
2549 3396 2730 3463 itaque
2766 3395 2907 3447 mala
2958 3391 3272 3446 daemonum
3303 3394 3713 3447 consuetudine
3752 3396 3898 3448 dem-

661 3489 753 3549 pta
793 3480 858 3533 ad
898 3479 1065 3533 Deum
1098 3481 1201 3534 hoc
1229 3482 1405 3550 ipsum
1442 3483 1727 3537 transfert.
1763 3482 1886 3536 Pari
1920 3483 2177 3534 nimirum
2209 3483 2392 3544 modo,
2421 3497 2529 3550 quo
2566 3481 2860 3543 sacrificia,
2892 3481 2957 3534 de
2997 3480 3199 3549 quibus
3240 3479 3383 3548 apud
3417 3479 3612 3534 Isaiam
3647 3482 3788 3535 dicit
3812 3485 3893 3534 ³⁶ε

661 3567 870 3636 Ecquis
899 3581 1030 3620 vero
1065 3567 1133 3621 de
1171 3570 1428 3623 manibus
1464 3571 1663 3624 vestris
1695 3586 1756 3624 ea
1789 3571 2133 3636 requirebat,
2170 3569 2278 3622 illis
2312 3567 2648 3621 condonavit
2701 3570 2867 3621 etiam
2900 3567 2942 3598 ³¹
2976 3586 3020 3620 ι.
3052 3565 3319 3621 Caeterum
3345 3577 3510 3637 caput
3536 3570 3745 3623 mentis
3799 3586 3896 3638 pra:

659 3671 720 3708 se
780 3656 1070 3723 imaginem
1134 3654 1275 3721 fert;
1336 3659 1522 3726 capilli
1559 3674 1687 3712 vero
1713 3660 2109 3728 cogitationum
2169 3668 2222 3711 et
2271 3656 2572 3709 motionum
2630 3669 2660 3706 a
2707 3663 2900 3706 natura
2927 3655 3084 3707 nobis
3112 3656 3424 3709 iusitarmu.
3459 3657 3529 3707 At
3577 3658 3674 3724 qui
3718 3659 3772 3710 in
3816 3659 3893 3711 Dei

660 3744 922 3797 honorem
985 3758 1196 3796 coruum
1286 3749 1480 3810 nutrit,
1537 3747 1761 3814 optimis
1811 3748 2128 3799 actionibus
2158 3758 2390 3813 quarum
2442 3755 2610 3795 causa
2645 3741 2828 3794 divina
2871 3743 3180 3810 cognitione
3219 3741 3417 3811 dignus
3448 3743 3649 3806 evadit,
3680 3760 3893 3813 operam

659 3840 843 3884 navat.
878 3829 1222 3899 Quapropter
1256 3833 1323 3885 ab
1353 3834 1502 3887 omni
1530 3832 1738 3885 malitia
1778 3845 2035 3900 tanquam
2073 3833 2141 3885 ab
2165 3831 2450 3892 ebrietate,
2488 3845 2555 3882 ex
2581 3843 2738 3898 aequo
2778 3833 2929 3882 enim
2970 3839 3207 3883 mentem
3248 3832 3469 3892 alienat,
3507 3832 3890 3886 abStincudum

655 3928 758 3972 est.
793 3916 946 3983 Quod
980 3919 1154 3986 ipsum
1189 3934 1369 3972 sermo
1399 3919 1487 3973 ille
1518 3920 1872 3989 propheticus
1904 3921 2148 3973 declarat
2187 3937 2200 3970 :
2240 3935 2258 3968 ι
2285 3917 2554 3970 Sacerdos
2582 3928 2636 3970 et
2672 3926 2826 3970 vates
2883 3917 3011 3970 vino
3040 3916 3300 3971 vecordes
3355 3929 3482 3972 sunt
3517 3918 3669 3978 facti.
3713 3925 3892 3975 sicerte

659 4006 1087 4074 ingurgitatioue
1112 4015 1242 4060 sunt
1267 4009 1511 4075 quassati
1539 4008 1604 4061 ³⁸.
1641 4026 1658 4057 ι
1693 4009 1821 4059 Item
1848 4008 1978 4060 illud
2003 4007 2148 4075 quod
2178 4005 2307 4058 alibi
2330 4003 2500 4058 Isaias
2526 4004 2658 4057 dicit
2687 4022 2701 4058 :
2746 4023 2764 4055 ‹
2799 4003 2938 4059 Vitis
2977 4005 3122 4057 enim
3152 4020 3340 4058 eorum
3374 4022 3438 4060 ex
3466 4008 3622 4062 vinea
3649 4010 3891 4063 Sodoma:

656 4099 762 4157 est,
800 4099 1135 4145 sarmentum
1173 4093 1416 4162 ipsorum
1447 4109 1512 4147 ex
1553 4093 1894 4158 Gomorrha;
1928 4092 2039 4147 Uva
2064 4107 2254 4146 eorum
2278 4107 2383 4145 uva
2413 4092 2538 4145 bilis
2569 4098 2687 4155 est,
2720 4091 2910 4146 botros
2953 4092 3155 4146 habent
3177 4094 3447 4161 ponticos,
3484 4097 3706 4150 animus
3733 4108 3889 4151 testus

656 4182 957 4233 draconum
1021 4180 1208 4234 vinum
1234 4196 1422 4235 eorum
1454 4181 1497 4212 ³⁸
1534 4200 1578 4234 ι.
1617 4180 1754 4234 Suut
1777 4182 1868 4248 qui
1910 4180 2218 4249 proximum
2249 4196 2408 4235 suum
2441 4181 2751 4235 turbulenta
2787 4180 2903 4235 fece
2949 4191 3174 4249 potasse
3209 4181 3480 4236 feruntur.
3507 4185 3767 4249 Acetum,
3803 4203 3890 4239 vo~

660 4270 898 4336 Inptates
919 4283 1174 4322 enormes
1227 4276 1283 4322 et
1325 4285 1447 4321 cum
1476 4279 1669 4321 natura
1693 4278 2002 4337 pugnantes
2041 4279 2424 4337 repraesentat.
2475 4269 2748 4324 Caeterum
2791 4271 3089 4324 interdicto
3123 4287 3348 4326 uvarum
3391 4288 3687 4340 passarum
3711 4285 3762 4328 et
3795 4277 3888 4329 aci-

657 4369 851 4408 norum
905 4355 1261 4408 vinaceorum
1332 4357 1667 4410 inveteratas
1722 4358 2054 4425 voluptates,
2101 4355 2385 4420 amolitur,
2435 4366 2546 4410 eta
2580 4358 2830 4427 vestigiis
2868 4372 3058 4411 eorum
3109 4368 3342 4412 mentem
3384 4359 3732 4415 referendam
3776 4379 3886 4416 esse

657 4451 863 4508 monet,
917 4451 973 4495 et
1013 4442 1082 4494 ad
1123 4443 1388 4494 vomitum
1427 4450 1778 4510 peccatorqu
1823 4441 2005 4495 redire
2054 4449 2236 4506 vetat;
2268 4449 2320 4495 et
2360 4443 2427 4496 ab
2459 4442 2546 4496 his
2593 4458 2728 4497 sane
2762 4443 2928 4497 rebus
2964 4443 3058 4511 qui
3110 4445 3369 4507 abstinet,
3403 4455 3458 4498 et
3483 4447 3537 4498 in
3566 4462 3632 4500 ea
3660 4450 3885 4516 quaehis

654 4539 783 4583 sunt
811 4529 1092 4582 contraria
1121 4528 1413 4592 incumbit,
1452 4527 1562 4581 Deo
1593 4543 1749 4581 suam
1783 4543 1995 4581 comam
2022 4530 2230 4592 nutrit;
2263 4530 2354 4596 qui
2383 4531 2428 4584 si
2465 4544 2682 4584 comam
2713 4545 2915 4599 vapore
2940 4532 3124 4603 aliquo
3147 4533 3357 4584 exitiali
3383 4533 3581 4598 deleat,
3614 4539 3881 4589 calvitiem

656 4617 856 4672 faadam
898 4631 997 4671 nec
1033 4618 1153 4671 sine
1189 4633 1387 4686 magno
1427 4617 1695 4672 dedecore
1721 4618 1902 4671 cllicit.
1931 4616 2196 4682 Quocirca
2223 4615 2291 4670 ad
2316 4615 2617 4671 Jerusalem
2659 4617 2797 4671 dixit
2851 4616 3118 4672 Dominus
3149 4632 3162 4669 :
3202 4636 3220 4669 ι
3262 4617 3414 4672 Rade
3457 4631 3529 4683 te,
3554 4629 3611 4674 et
3669 4624 3884 4675 toudare.

650 4705 1015 4759 delicatorum
1065 4713 1319 4758 natorum
1364 4715 1584 4758 tuorum
1648 4719 1815 4758 causa
1849 4705 1930 4769 ³³;
1969 4723 1985 4754 ι
2025 4704 2340 4773 ignominia:
2380 4705 2524 4758 enim
2567 4715 2620 4758 et
2676 4706 2857 4759 luctus
2891 4704 3179 4758 indicium'
3211 4715 3442 4759 tonsura
3476 4716 3582 4761 est.
3622 4707 3882 4764 Omnibus

652 4792 819 4860 igitur
868 4799 1063 4844 exacte
1093 4791 1406 4860 perpensis.
1464 4807 1590 4846 eum
1623 4793 1716 4861 qui
1753 4807 1846 4861 per
1896 4801 2185 4861 peccatum
2218 4791 2353 4860 (per
2385 4791 2528 4858 quod
2555 4791 2607 4844 in
2657 4793 2850 4844 mortis
2893 4793 3110 4845 vincula
3165 4792 3428 4861 delapsus
3463 4796 3688 4850 animus
3722 4800 3878 4849 nullis

650 4889 797 4933 recte
858 4878 1020 4934 factis
1082 4895 1202 4935 sese
1229 4880 1466 4949 amplius
1520 4896 1741 4934 comare
1800 4881 2027 4949 poterit)
2058 4895 2086 4931 a
2135 4894 2233 4931 sua
2283 4878 2723 4931 sanctificatione
2771 4879 3000 4941 excidit,
3040 4879 3187 4931 illam
3242 4888 3466 4948 captare
3493 4896 3879 4951 assumereque

650 4968 848 5022 iterum
895 4983 1122 5022 necesse
1157 4977 1262 5023 est.
1297 4970 1378 5022 Ad
1403 4968 1713 5037 huiusmodi
1755 4968 1954 5021 Paulus
1989 4967 2166 5033 inquit
2199 4981 2211 5015 :
2250 4983 2267 5014 ‹
2309 4963 2511 5029 Filioli,
2546 4964 2612 5018 de
2639 4964 2842 5032 quibus
2880 4965 3075 5018 iterum
3103 4965 3300 5018 lectum
3331 4969 3587 5036 concepi,
3617 4972 3742 5024 dum
3777 4971 3880 5024 fur-

649 5063 828 5108 metur
870 5053 923 5106 in
963 5055 1116 5109 vobis
1142 5056 1395 5108 Christus
1423 5056 1489 5119 “,
1521 5073 1538 5105 ι
1578 5054 1709 5108 Nam
1752 5056 1797 5108 si
1832 5054 2154 5123 poenitentia
2198 5051 2390 5105 faciem
2425 5067 2578 5104 suam
2619 5053 2897 5112 extulerit,
2943 5068 3067 5120 spes
3100 5061 3185 5106 est
3243 5055 3396 5115 vitae,
3425 5058 3875 5123 quemadmodum

651 5144 702 5195 in
757 5141 865 5193 illis
922 5155 1154 5210 quorum
1188 5142 1368 5210 capilli
1393 5149 1681 5212 emergunt
1717 5143 1936 5202 iterum,
1969 5140 2347 5193 adumbratum
2375 5147 2477 5192 est.
2509 5138 2734 5192 Recedit
2783 5139 2950 5207 igitur
2991 5154 3020 5191 a
3049 5141 3254 5208 peccati
3309 5143 3618 5208 sepultura,
3652 5154 3700 5198 et
3733 5161 3877 5199 rere-

649 5228 826 5282 rentia
855 5243 1015 5296 quam
1045 5227 1366 5295 parentibus
1400 5236 1593 5280 natura
1626 5229 1804 5291 debet,
1839 5230 1998 5298 longe
2033 5229 2185 5297 prius
2215 5227 2423 5279 habens
2473 5225 2581 5278 Deo
2621 5225 2864 5294 probari,
2892 5241 3053 5294 quam
3094 5228 3434 5296 parentibus.
3488 5231 3676 5285 Virtus
3707 5235 3872 5294 enim,

648 5316 736 5368 ubi
772 5315 826 5368 in
866 5314 1042 5367 oﬂicio
1070 5329 1171 5368 suo
1201 5321 1306 5376 est,
1331 5316 1515 5367 carnis
1546 5314 1897 5382 cupiditatem
1933 5327 2280 5385 aspernatur,
2309 5314 2461 5382 ,quin
2497 5321 2550 5365 et
2581 5313 2868 5381 sanguinis
2901 5313 3300 5384 propinquitati
3332 5316 3494 5384 longe
3545 5329 3873 5390 anteponen-

646 5407 746 5456 dus
777 5410 860 5455 est
885 5401 1061 5464 Deus;
1094 5400 1251 5462 Nam,
1291 5419 1309 5451 ι
1352 5399 1452 5465 Qui
1487 5416 1649 5470 supra
1702 5417 1807 5466 me,
1842 5403 2041 5472 inquit,
2101 5412 2308 5470 patrem
2343 5412 2436 5454 aut
2459 5411 2686 5453 matrem
2725 5416 2881 5456 suam
2923 5403 3123 5473 diligit,
3158 5419 3246 5458 me
3273 5419 3381 5458 non
3408 5415 3491 5459 est
3523 5406 3722 5478 dignus
3749 5410 3812 5460 ⁸⁸.
3849 5428 3865 5457 ι

644 5490 870 5558 Insuper
892 5490 1092 5544 etillud
1124 5505 1135 5539 :
1168 5507 1186 5540 ι
1223 5488 1303 5543 Me
1351 5503 1663 5557 assequere,
1696 5498 1748 5541 et
1789 5500 2037 5543 mortuos
2084 5490 2366 5570 iuhumare
2415 5504 2545 5542 suos
2579 5500 2824 5544 mortuos
2867 5489 2986 5544 sine
3014 5492 3093 5558 ³⁶;
3135 5510 3155 5544 ι
3190 5493 3413 5562 quando
3465 5509 3591 5549 cum
3650 5511 3714 5550 eo
3784 5496 3869 5565 qui

714 5662 761 5733 ’ξ
791 5659 1093 5733 Ecclegttt,
1129 5659 1208 5712 H.
1275 5660 1334 5733 fi
1363 5658 1568 5733 ll~Cor.
1603 5676 1654 5720 v,
1687 5659 1768 5733 lg.
1843 5658 2063 5733 “Dial.
2093 5676 2183 5733 vu,
2211 5660 2328 5733 10._

2247 5660 2414 5733 0.__"
2445 5659 2647 5733 Jerem.
2685 5676 2841 5733 χχιιι,
2867 5661 2957 5717 25.
3055 5665 3099 5695 ’⁸
3129 5667 3148 5717 Ι
3183 5666 3312 5720 Cor.
3345 5685 3423 5733 xl,
3464 5671 3547 5723 13.
3651 5669 3692 5702 ”
3729 5667 3862 5727 Gen.

645 5730 841 5804 uult).
908 5728 1832 5804 ’λιυςξιιμξγιιίέδς(ιεΙτιιεχιι,ᾧ..-
1886 5728 2266 5804 "_lllatth_._vn,
2303 5730 2418 5804 _2_3._
2473 5731 2514 5760 ³⁰
2552 5729 2653 5783 lsa.
2696 5732 2859 5804 t,_l_2.
2940 5732 2983 5763 ³¹
3018 5728 3421 5803 Ιεθ.ιινιιι,7.’
3490 5740 3710 5804 "lsaJ,
3741 5738 3862 5804 8,9.

643 5798 688 5830 ³³
720 5799 882 5852 )lich.
922 5815 954 5863 I,
987 5797 1069 5851 16.
1148 5799 1190 5829 ³⁸
1226 5800 1400 5854 Galat.
1438 5815 1510 5864 tv,
1553 5799 1629 5850 19.
1715 5799 1756 5828 ³³
1788 5798 1977 5851 Matth.
2014 5814 2066 5861 ς,
2109 5799 2194 5852 57.

1226 5800 1400 5854 Galat.
1438 5815 1510 5864 tv,
1553 5799 1629 5850 19.
1715 5799 1756 5828 ³⁵
1788 5798 1977 5851 Matth.
2014 5814 2066 5861 ι,
2109 5799 2194 5852 57.
2301 5799 2344 5830 ³⁸
2375 5799 2564 5852 Matth.
2603 5815 2717 5864 vttt,
2751 5801 2839 5856 5'2.
