4090 6504
214 366 321 432 εοε
776 406 782 412 .
1321 356 1857 417 COMMENTARII
1902 356 1983 417 IN
2026 356 2413 418 NUMEROS.
3260 330 3279 350 ⁸
3378 360 3480 422 sor.

213 476 283 530 de
310 474 495 546 patris
556 476 641 530 sui
708 473 1014 527 honoribus
1056 470 1351 540 postremis
1409 468 1686 524 sollicitus
1742 476 1862 521 erat
1910 467 2251 537 loqueretur,
2300 468 2353 521 id
2413 468 2606 523 dicens
2659 468 2935 525 videlicet.
3007 470 3252 525 Morinos
3295 484 3475 523 autem

214 570 377 617 vocat
400 576 502 618 eos
531 561 974 631 quisapientiam
1015 559 1180 628 hujus
1218 556 1405 611 mundi
1435 555 1865 625 amplectuntur,
1906 556 2050 610 etab
2073 572 2302 625 operum
2350 554 2513 625 387
2561 556 2924 613 cadaveribus
2985 574 3095 611 non
3154 558 3472 613 desistunt:

211 651 294 705 Ac
327 650 439 706 hoc
474 650 696 721 quidem
734 656 893 719 pacto
929 650 983 702 in
1041 646 1326 717 republica
1381 644 1681 713 spirituali,
1746 643 1906 712 cujus
1942 644 2134 696 umbra
2168 644 2253 695 lex
2309 651 2412 706 est,
2456 658 2578 698 sese
2605 647 2923 715 gerendum.
2960 643 3163 701 Verum
3191 646 3476 701 enimvero

215 741 264 795 si
297 742 426 811 quis
446 740 736 802 cadavere,
770 740 823 795 id
856 747 963 801 est,
998 746 1224 806 peccato
1257 749 1381 790 sese
1404 734 1713 804 polluisset,
1754 731 2117 785 immaculatae
2156 729 2322 798 h‘ujus
2351 731 2663 800 reipublicae
2687 732 2980 801 dignitates
3029 734 3279 788 amiserit
3328 734 3347 804 (
3372 737 3473 787 hoc

213 833 364 884 enim
395 830 631 884 ariditas
661 828 861 884 mentis
909 844 1033 898 qua:
1059 824 1419 896 ignominiam
1445 822 1650 884 innuit,
1688 821 1818 889 est),
1843 820 2157 887 nulliusque
2183 833 2309 873 cum
2363 819 2564 872 virtute
2599 820 2864 872 transaeti
2901 820 3121 875 labores
3154 821 3276 890 ejus
3308 837 3472 892 repu-

214 919 510 974 tabuntur.
549 917 705 984 Quod
758 932 825 971 ex
880 917 985 969 hoc
1025 913 1379 968 manifestum
1432 917 1540 975 est,
1585 908 1713 978 quia
1739 909 1983 977 priorum
2026 906 2242 960 dierum
2279 907 2429 960 nulla
2470 906 2767 959 habebitur
2796 906 2959 960 ratio.
2992 907 3095 963 Per
3122 908 3468 964 Ezechielem

213 1005 365 1059 enim
398 1020 624 1075 quoque
661 1004 795 1060 dicit
825 1002 1129 1058 Dominus:
1163 1021 1181 1055 ι
1211 999 1442 1055 Justitia
1467 998 1677 1066 justum
1708 1011 1817 1050 non
1859 995 2104 1049 tuebitur
2144 995 2200 1047 in
2235 994 2322 1048 die
2350 1009 2413 1049 ea
2437 1008 2545 1063 qua
2609 995 2925 1063 peccaverit
2953 995 3021 1049 ³⁷.
3056 1015 3074 1047 ι
3125 996 3281 1062 Quod
3344 1012 3471 1052 cum

215 1094 295 1146 ita
330 1094 427 1156 sit,
459 1094 557 1163 qui
586 1108 645 1147 se
672 1092 934 1161 polluerit
963 1105 1183 1160 ptenam
1208 1088 1375 1143 etiam
1412 1097 1540 1139 ante
1582 1084 1951 1138 admissorum
1982 1081 2295 1136 sustinebit.
2328 1082 2720 1135 Verumtamen
2750 1096 2844 1149 per
2883 1082 3167 1136 Christum
3212 1086 3319 1137 ritu
3351 1094 3470 1147 tur,-

215 1181 367 1235 turis
390 1188 445 1234 et
477 1180 744 1235 columbae
773 1192 1038 1233 concessa
1095 1184 1180 1231 est
1212 1173 1478 1229 reversio.
1509 1171 1717 1224 Turtur
1749 1169 1950 1225 etenim
1988 1168 2380 1237 mquabilitatis
2408 1168 2548 1235 ejus,
2587 1167 2844 1221 columba
2878 1169 3180 1245 .lenitatis,
3216 1172 3475 1239 quemad-

213 1268 447 1322 modum
504 1282 679 1337 agnus
707 1265 1004 1321 oblationis
1033 1278 1145 1320 suae
1177 1278 1342 1333 quam
1369 1276 1467 1332 pro
1492 1261 1652 1315 nobis
1691 1258 1819 1312 fecit
1876 1256 2167 1327 imaginem
2228 1256 2487 1310 sustinet.
2530 1253 3007 1321 Quemadmodum
3039 1256 3275 1327 denique
3308 1275 3473 1327 argu-

215 1364 411 1409 mento
431 1354 580 1423 quod
612 1368 642 1407 e
675 1354 832 1408 caelis
892 1352 1107 1406 venerit
1139 1350 1461 1420 passeribus
1492 1364 1504 1400 :
1547 1356 1603 1403 et
1654 1344 1800 1415 quod
1839 1344 2036 1398 subtus
2064 1358 2094 1397 e
2153 1350 2302 1398 terra
2335 1344 2408 1397 sit
2464 1354 2641 1408 ortus,
2679 1356 2821 1412 agno
2866 1344 3207 1399 assimilatus
3236 1353 3343 1401 est.
3379 1344 3475 1399 Est

210 1456 353 1496 vero
385 1442 475 1497 ille
506 1441 553 1497 is
577 1443 669 1512 qui
708 1441 1021 1511 improbum
1058 1437 1346 1509 jnstiticat,
1371 1438 1466 1507 qui
1496 1436 1774 1490 infirmum
1801 1431 2148 1497 corroborat,
2184 1433 2281 1501 qui
2318 1431 2534 1502 lapsum
2561 1433 2741 1503 erigit,
2774 1432 2869 1503 qui
2912 1447 3203 1486 erroneum
3233 1432 3287 1486 in
3328 1433 3473 1487 viain

211 1528 460 1596 reducit,
491 1530 585 1599 qui
628 1530 976 1599 inquinatum
1038 1527 1234 1582 abluit.
1261 1524 1419 1591 Quod
1452 1532 1508 1577 ut
1536 1523 1689 1578 fieret
1716 1522 1927 1575 clarum
1988 1536 2151 1575 unam
2196 1521 2542 1576 columbram
2582 1536 2683 1590 pro
2710 1522 2957 1591 peccatis
2997 1519 3207 1587 offerri,
3240 1521 3473 1576 alteram

213 1616 278 1671 in
308 1616 696 1672 holocaustum
730 1618 870 1671 verti
903 1616 1104 1669 dictat.
1139 1613 1259 1668 Non
1288 1613 1433 1667 enim
1467 1615 1608 1665 alter
1649 1609 1846 1679 estqui
1884 1624 1981 1678 pro
2005 1607 2481 1677 peccatis‘nostris
2510 1618 2618 1661 tam
2653 1610 2920 1677 sobrium,
2953 1620 3174 1680 tamque
3196 1611 3476 1680 integrum

212 1703 556 1761 sacriﬁcium
584 1702 776 1759 offerat
811 1719 824 1755 :
863 1703 972 1759 imo
1015 1703 1226 1756 nullum
1285 1700 1433 1754 aliud
1456 1700 1646 1754 omnin
1671 1712 1704 1750 ο
1751 1710 1853 1766 pro
1895 1697 2214 1751 hominibus
2250 1696 2360 1749 Deo
2392 1695 2580 1750 offerri
2614 1698 2836 1765 poterit,
2864 1712 2963 1767 pro
3005 1697 3353 1764 hominibus,
3392 1698 3478 1750 in-

212 1807 411 1862 quam,
440 1808 501 1849 se
532 1800 675 1848 totos
706 1790 889 1846 offerri
922 1806 1031 1846 non
1053 1788 1474 1845 sustinentibus.
1509 1786 1644 1839 Nam
1680 1785 1733 1837 in
1782 1782 1947 1837 unica
1980 1784 2071 1837 illa
2122 1784 2404 1837 oblatione
2433 1783 2749 1853 purificatio
2804 1796 2859 1839 et
2905 1786 3144 1841 societas
3191 1801 3315 1840 cum
3365 1784 3480 1840 Dco

212 1882 361 1953 legis
389 1883 885 1954 purificationibus
944 1882 1139 1938 multis
1185 1881 1367 1936 modis
1408 1878 1642 1949 expletis
1667 1885 1753 1933 est
1790 1877 2118 1931 instaurata.
2168 1869 2435 1936 QuamViS
2458 1872 2604 1926 enim
2642 1870 2871 1925 υιιῖουπι
2910 1881 3123 1927 lanium
3168 1874 3222 1927 Ῐη
3258 1889 3479 1929 summa

214 1970 562 2025 sacriﬁcium
603 1970 850 2040 seipsum
883 1969 1145 2024 videlicet
1180 1968 1437 2024 Christus
1466 1966 1666 2030 litavit,
1700 1981 1805 2020 non
1830 1963 2016 2018 minus
2052 1970 2235 2014 tamen
2268 1957 2714 2028 purificationem
2759 1974 2922 2029 quem
2951 1961 3220 2015 erunibus
3254 1963 3480 2016 saeculis

214 2056 520 2119 sufﬁceret.
551 2058 981 2122 consummavit,
1016 2072 1181 2126 quam
1219 2056 1266 2111 si
1297 2055 1501 2124 saepius
1531 2054 1821 2108 offerretur
1848 2052 2071 2106 iterum.
2102 2048 2375 2102 Caaterum
2431 2060 2525 2117 per
2570 2045 2845 2101 Nazareos
2872 2056 3088 2117 tempus
3114 2049 3483 2103 resurrectio-

212 2143 309 2199 nis
368 2143 542 2215 ipsius
572 2144 945 2214 significatum
996 2152 1081 2199 est
1113 2145 1253 2213 lege.
1288 2142 1502 2197 Interea
1565 2156 1698 2195 vero
1731 2150 1859 2194 ante
1887 2135 2202 2192 Servatoris
2226 2135 2552 2196 adventum,
2584 2134 2653 2189 ad
2691 2134 2781 2189 Dei
2805 2136 3180 2203 cognitionem
3216 2136 3481 2192 invitatus

214 2240 307 2288 est
335 2230 528 2295 Israel,
565 2233 658 2302 qui
691 2231 1031 2301 nuncupavit
1060 2229 1471 2302 quodammodo
1531 2237 1784 2285 sanctum
1814 2236 2003 2282 votum
2040 2225 2151 2278 Deo
2178 2222 2233 2277 in
2265 2230 2453 2276 monte
2496 2219 2653 2288 Sina,
2686 2238 2798 2291 quo
2848 2222 3022 2292 legem
3055 2239 3116 2277 se
3153 2224 3481 2279 observatu-

221 2335 351 2375 rum
391 2321 595 2389 recepit
620 2336 684 2374 ac
706 2314 889 2374 dixit:
929 2339 947 2371 ι
987 2319 1184 2374 Omnia
1236 2332 1587 2389 quzecunqne
1639 2311 2008 2375 sanxitDeus,
2051 2310 2360 2372 audiemus,
2415 2317 2648 2378 rataque
2687 2309 3016 2366 habebimus
3047 2310 3111 2365 ³⁸.
3149 2330 3167 2361 ι
3207 2311 3479 2368 Mandatis

216 2406 408 2477 itaque
437 2409 576 2478 legis
620 2423 680 2463 se
720 2408 975 2462 comabat
1010 2407 1211 2462 ibidem
1242 2407 1349 2461 loci
1392 2424 1406 2462 :
1444 2414 1701 2460 caeterum
1758 2398 2014 2469 concepit
2060 2398 2333 2451 maculam
2394 2412 2460 2451 ex
2501 2395 2790 2459 cadavere,
2845 2394 3033 2452 Jesum
3096 2398 3483 2455 interficiendo

216 2510 443 2564 nempe.
483 2493 598 2550 Etsi
640 2494 787 2549 enim
843 2505 1040 2548 sancta
1070 2493 1275 2549 Christi
1309 2509 1460 2548 mors
1506 2500 1611 2556 est,
1643 2505 1705 2544 ea
1738 2496 1923 2542 tamen
1973 2484 2373 2540 criminatione
2403 2485 2551 2555 quod
2580 2484 2877 2539 Dominum
2918 2485 3307 2541 interfecerint
3345 2504 3473 2543 sese

214 2583 669 2637 obstrinxerunt.
702 2581 781 2636 Ac
831 2582 905 2636 ita
934 2580 1165 2653 quidem
1239 2580 1517 2635 raduntur
1547 2593 1646 2649 per
1707 2576 2195 2646 reprehensionem
2237 2572 2373 2643 legis
2407 2588 2471 2627 ac
2524 2572 2732 2643 ﬁguras
2773 2590 2895 2643 quae
2919 2575 3084 2628 ritum
3111 2572 3483 2632 Nazareorum

216 2679 643 2742 praecesserunt,
681 2670 884 2740 quibus
904 2679 1072 2740 caput
1101 2684 1262 2724 suum
1290 2668 1641 2725 sanctificant
1700 2667 1927 2725 iterum,
1961 2675 2171 2731 proque
2225 2660 2418 2714 umbra
2458 2660 2713 2714 veritatis
2748 2676 2962 2715 comam
3032 2663 3307 2726 nutriunt,
3365 2663 3483 2717 cla-

214 2770 487 2829 mantque
544 2776 670 2815 cum
698 2759 870 2814 Paulo
909 2775 926 2813 :
964 2777 983 2810 σ
1023 2757 1411 2827 Quodcunque
1463 2755 1598 2810 mihi
1633 2755 1788 2808 lucro
1810 2758 1953 2813 erat,
2013 2765 2114 2819 pro
2138 2749 2353 2818 jactura
2383 2755 2610 2817 prepter
2644 2747 2928 2803 Christum
2981 2748 3115 2803 duxi
3140 2748 3209 2815 ”,
3240 2768 3258 2801 ι
3289 2760 3487 2821 etquae

213 2855 553 2918 sequuntur.
593 2847 736 2901 Idem
780 2861 999 2916 quoque
1027 2846 1137 2899 illis
1166 2846 1258 2915 qui
1291 2843 1773 2899 circumcisionem
1807 2838 1944 2908 legis
1971 2836 2147 2907 pluris
2166 2850 2334 2905 quam
2364 2835 2647 2890 Christum
2678 2835 2939 2903 faciebat,
2971 2837 3108 2892 dicit
3141 2837 3227 2892 :A
3260 2838 3487 2895 Christo

212 2934 359 2990 estis
400 2935 577 2990 avulsi
604 2935 696 3004 qui
722 2933 993 3003 justitiam
1023 2942 1267 2987 vestram
1294 2932 1349 2985 in
1392 2931 1511 3000 lege
1542 2929 1777 3001 ponitis,
1814 2941 1956 2999 eque
1986 2924 2260 2979 charitate
2295 2923 2611 2977 excidistis.

303 3085 521 3149 Ἰστέον,
546 3084 621 3149 ὡς
644 3084 705 3138 τὺ
730 3086 789 3137 ὲν
823 3086 981 3155 μέρει
1010 3084 1204 3155 χρόνου
1235 3082 1493 3154 εὔχεσθαι
1519 3082 1627 3137 τῶν
1654 3083 1800 3152 εξρη-
1831 3085 1875 3140 Α

1870 3131 1875 3140 _
1974 3075 2272 3131 Sciendum
2354 3092 2485 3131 vero
2541 3077 2687 3147 quod
2745 3086 2869 3132 vota
2947 3079 3133 3136 facere
3162 3099 3261 3154 pro
3296 3082 3485 3142 rerum

218 3179 406 3249 μένων
457 3178 557 3249 τὴν
602 3176 831 3247 ἁποχὴν,
868 3176 1099 3248 μερικὴν
1150 3176 1302 3247 δηλοῖ
1335 3176 1433 3246 τὴν
1455 3175 1755 3246 ἀφιέρωσιν
1783 3191 1796 3205 ’

1908 3172 2295 3241 praedictarum
2329 3171 2637 3227 retentione
2667 3174 2936 3242 separatis
2969 3178 3336 3246 temporibus,
3361 3196 3486 3251 par-

217 3270 281 3321 τὸ
310 3269 370 3322 δὲ
390 3267 703 3329 διαπαντὸς,
732 3265 1047 3335 καθολικὴν.
1080 3267 1259 3335 Ὅπερ
1307 3266 1475 3329 ὅντως
1502 3268 1595 3319 καὶ
1624 3265 1803 3336 μεγά-

1908 3262 2203 3316 ticularem
2238 3260 2778 3319 sanctificationem:
2812 3280 2944 3330 quae
2978 3274 3160 3321 autem
3193 3284 3290 3338 per
3324 3285 3487 3327 omne

218 3359 325 3429 λην
349 3360 569 3430 νοητέον
617 3356 806 3428 εὐχὴν,
841 3355 1090 3421 ἐντελοῦς
1141 3357 1417 3419 πολιτείας
1449 3354 1801 3424 δικαιοσύνην

1907 3368 2081 3408 aevum
2121 3352 2280 3417 fiunt,
2308 3355 2678 3408 universalem
2704 3365 3113 3425 representant.
3133 3360 3312 3429 Atque
3347 3361 3486 3416 illud

223 3470 292 3523 ση
302 3454 623 3523 μαίνουσαν.

1907 3444 2132 3515 quidem
2195 3444 2251 3498 in
2293 3460 2491 3514 magno
2539 3462 2684 3500 vera:
2735 3461 2799 3501 ac
2861 3449 3117 3517 perfectae
3168 3453 3488 3522 reipublicae

1908 3545 2036 3592 voto
2059 3536 2508 3607 justiflcationem
2542 3538 2893 3614 significante
2925 3543 3415 3600 considerandum.

298 3680 369 3732 Et
401 3676 510 3729 hwc
539 3674 749 3745 quidem
786 3673 870 3726 les:
892 3682 968 3726 est
1001 3670 1116 3741 ejus
1149 3672 1242 3743 qui
1292 3680 1471 3726 votum
1519 3672 1647 3743 fecit
1672 3690 1692 3738 ;
1737 3691 2046 3746 quacunque
2074 3676 2159 3730 die
2190 3676 2299 3730 voti
2332 3678 2418 3731 sui
2450 3679 2684 3747 spatium
2716 3679 3027 3748 expletura:
3056 3683 3149 3736 sit.
3189 3682 3332 3757 [ει]
3366 3684 3488 3740 Pri-

220 3781 315 3818 ma
347 3764 561 3817 rasione
588 3776 748 3815 coma
801 3775 1003 3815 crasse
1057 3761 1193 3831 legis
1248 3760 1525 3829 deposita,
1577 3760 1898 3832 Christique
1952 3779 2122 3834 regno
2158 3766 2210 3817 in
2250 3780 2309 3819 se
2350 3764 2606 3831 dilatato,
2663 3780 2828 3822 omne
2852 3770 2999 3838 quod
3029 3770 3084 3823 in
3113 3785 3173 3825 se
3213 3771 3486 3841 reliquum

224 3851 345 3905 Deo
374 3850 429 3904 in
460 3848 683 3903 odorem
732 3847 1051 3918 fragrantia:
1081 3847 1409 3902 immolabit.
1440 3847 1518 3902 Ac
1548 3849 1674 3918 agni
1727 3851 1946 3919 quidem
1991 3854 2214 3906 nomine
2262 3854 2317 3907 in
2359 3853 2569 3909 Christi
2621 3853 2937 3921 infantiam,
2971 3856 3024 3910 id
3056 3866 3140 3912 est
3190 3858 3358 3912 animi
3397 3861 3487 3912 in-

224 3938 544 4009 tegritatem
576 3951 605 3990 a
633 3934 871 3990 Domino
900 3949 1221 3990 concessam
1249 3935 1463 3991 offeret.
1503 3934 1782 4002 Quantum
1824 3939 1970 3994 enim
2020 3941 2087 3995 ad
2122 3943 2386 3996 malitiam
2422 3944 2621 3998 attinet
2660 3944 2958 4013 pueritiam
2991 3961 3106 4016 prae
3127 3947 3286 4002 vobis
3323 3946 3484 4014 ferte,

223 4024 433 4093 inquit,
468 4031 736 4091 quantum
769 4022 836 4076 ad
869 4023 1136 4083 animum,
1172 4023 1238 4075 ad
1264 4021 1659 4091 perfectionem
1707 4026 1969 4095 aSpirate.
2010 4028 2279 4084 Cceterum
2312 4045 2449 4099 agna
2481 4030 2750 4100 peccandi
2788 4034 3154 4088 temeritatem
3185 4033 3487 4090 infirmita-

224 4122 451 4179 temque
476 4125 606 4165 sexu
633 4124 736 4164 suo
765 4117 820 4164 et
858 4117 1015 4164 actate
1039 4117 1443 4179 reprzesentat:
1493 4116 1855 4180 quantumvis
1915 4115 2061 4169 enim
2110 4125 2367 4171 sanctum
2413 4117 2522 4172 Deo
2559 4134 2617 4173 se
2654 4133 2966 4189 proponere
2994 4128 3226 4175 conetur
3260 4121 3484 4192 aliquis,

224 4197 445 4267 peccati
471 4206 653 4251 tamen
691 4203 897 4251 sortem
928 4196 1103 4250 vitare
1146 4205 1375 4267 prOpter
1429 4198 1862 4256 imbecillitatem
1902 4210 2115 4257 natura:
2167 4205 2548 4275 conjunctam,
2585 4208 2795 4277 nequit.
2834 4208 2948 4261 Has
2986 4208 3131 4262 enim
3164 4208 3373 4277 primas
3404 4224 3489 4265 so-

224 4286 320 4342 lus
353 4285 518 4339 habet
538 4284 821 4351 Christus,
857 4284 950 4354 qui
981 4283 1116 4338 dicit
1150 4301 1163 4338 :
1201 4302 1219 4335 ‹
1258 4284 1524 4355 Princeps
1556 4286 1725 4354 hujus
1761 4288 1948 4343 mundi
1990 4291 2161 4357 venit,
2203 4308 2307 4348 nec
2336 4295 2636 4364 quidquam
2680 4296 2735 4347 in
2770 4309 2858 4348 me
2886 4295 3132 4349 inveniet
3161 4294 3227 4350 ‘°.
3262 4316 3279 4347 ι
3312 4295 3487 4350 Infer-

226 4374 463 4429 mentati
504 4388 636 4429 vero
674 4374 837 4444 panis
890 4374 1113 4427 nomine
1160 4374 1540 4429 sinceritatem
1589 4374 1801 4442 offeret,
1847 4386 2009 4435 vetus
2050 4381 2199 4434 enim
2249 4383 2577 4451 expurgabit
2620 4380 2980 4444 fermentum,
3035 4388 3090 4435 et
3134 4397 3298 4448 nova,
3325 4384 3485 4452 juxta

227 4464 387 4519 Pauli
425 4464 760 4519 sententiam
790 4464 861 4530 “,
894 4465 985 4517 fiet
1012 4466 1337 4535 conspersio
1363 4483 1378 4530 ;
1404 4466 1586 4536 lagani
1619 4482 1751 4522 vero
1777 4483 1901 4523 cum
1937 4468 2097 4523 melle
2146 4467 2363 4522 subacti
2396 4468 2617 4522 nomine
2657 4467 3081 4522 delectationem
3117 4469 3243 4522 vitae
3278 4472 3486 4539 sempi-

229 4563 423 4607 ternas.
456 4551 523 4605 Et
550 4552 664 4606 haec
689 4566 825 4607 sane
860 4550 1144 4607 offerimus
1200 4567 1266 4606 ex
1296 4551 1657 4608 miseratione
1713 4569 1878 4625 quam
1927 4555 2071 4625 apud
2119 4554 2402 4610 Christum
2439 4553 2724 4609 consecuti
2757 4569 2985 4620 sumus;
3013 4555 3301 4621 iustificati
3337 4558 3484 4609 enim

229 4655 344 4693 non
380 4639 776 4709 perjustitiam
802 4653 1028 4709 operum
1067 4655 1283 4704 sumus,
1342 4639 1439 4695 sed
1479 4655 1574 4710 per
1606 4643 1931 4699 immensam
1978 4643 2099 4711 ejus
2133 4641 2590 4696 miserationem:
2630 4641 2684 4695 id
2715 4641 2863 4711 quod
2900 4642 3022 4696 oleo
3058 4657 3278 4711 quoque
3311 4644 3483 4711 signi-

230 4727 452 4791 ficatur,
483 4727 626 4782 sicut
652 4727 818 4781 etiam
848 4733 1201 4795 peccatorum
1232 4726 1509 4781 sublatio:
1549 4743 1661 4783 non
1705 4732 1851 4785 enim
1887 4729 1954 4783 ad
2004 4729 2258 4783 victimas
2304 4743 2404 4799 pro
2441 4729 2683 4796 peccatis
2732 4728 2923 4782 datum
2954 4735 3039 4782 est
3068 4729 3272 4784 oleum.
3306 4727 3484 4783 Chri-

229 4823 323 4868 sto
355 4814 525 4883 388
557 4823 739 4869 autem
774 4826 873 4883 pro
905 4813 1017 4868 illis
1051 4827 1358 4882 eorumque
1390 4814 1457 4869 ad
1489 4822 1700 4884 patrem
1734 4833 1924 4888 preces
1953 4818 2252 4882 deferente,
2306 4823 2659 4886 peccatorum
2704 4814 3089 4870 remissionem
3123 4814 3418 4886 impetrant
3446 4818 3483 4871 ii

230 4905 330 4969 qui
361 4911 599 4954 mentem
632 4914 789 4954 suam
823 4900 876 4953 in
904 4900 1130 4954 odorem
1161 4901 1483 4969 fragrantia:
1530 4904 1863 4970 sacrificant,
1913 4920 2039 4961 curn
2088 4902 2295 4958 mundo
2340 4902 2481 4957 nihil
2522 4901 2840 4956 commercii
2881 4900 3114 4969 faciunt,
3151 4911 3203 4959 et
3244 4919 3343 4974 pro
3383 4920 3485 4960 sua

232 4987 421 5041 salute
446 4987 749 5057 gratiarum
780 4988 1030 5043 actiones
1061 4985 1321 5043 offerunt.
1370 4989 1469 5045 Ille
1507 5005 1724 5061 quoque
1774 4993 1868 5063 qui
1897 5001 2087 5047 votum
2118 4990 2482 5061 nuncupavit,
2524 4998 2689 5060 caput
2722 5004 2864 5059 pone
2895 4991 3097 5046 ostium
3133 4994 3354 5047 tentorii
3388 4994 3486 5050 de—

232 5073 506 5137 nudatur,
544 5075 838 5145 capillique
866 5074 985 5144 ejus
1012 5074 1068 5128 in
1101 5076 1248 5146 igne,
1281 5077 1375 5146 qui
1404 5075 1579 5133 Deum
1615 5078 1717 5133 ista
1758 5082 2074 5151 suscepisse
2106 5079 2317 5134 indicio
2347 5086 2450 5142 est,
2482 5086 2924 5144 consecrantur;
2957 5079 3051 5149 qui
3083 5082 3303 5150 quidem
3334 5080 3485 5135 Scri-

232 5174 373 5218 tura:
405 5171 685 5227 naturam,
723 5171 950 5233 propter
990 5162 1260 5217 infinitam
1317 5164 1440 5233 ejus
1485 5167 1788 5236 potentiam
1834 5175 2238 5236 repraesentat:
2273 5179 2335 5220 ea
2364 5164 2627 5220 nimirum
2664 5163 2880 5219 ratione
2902 5181 3010 5234 qua
3044 5164 3188 5220 Deus
3214 5175 3402 5221 noster
3424 5182 3484 5221 se

234 5252 421 5322 ignem
478 5264 732 5305 voracem
788 5249 1047 5320 appellat.
1107 5249 1283 5305 Aliter
1340 5266 1465 5306 cum
1527 5255 1741 5310 scelere
1788 5254 1975 5324 aliquo
2016 5254 2228 5323 polluto
2280 5252 2468 5316 habet,
2501 5250 2719 5320 alioque
2756 5249 2992 5320 capillos
3028 5251 3290 5307 tondendi
3320 5252 3484 5306 modo

232 5341 453 5405 utitur;
506 5353 632 5392 nam
688 5352 815 5393 cum
848 5337 929 5392 illi
974 5337 1125 5393 rasio
1168 5337 1410 5396 dedecus
1442 5339 1660 5405 afferat,
1688 5341 1819 5396 huic
1849 5341 1943 5412 qui
1988 5340 2100 5395 Deo
2123 5354 2281 5395 suam
2311 5339 2480 5395 vitam
2531 5338 2773 5402 dedicat,
2823 5338 3055 5408 gloriam
3110 5337 3482 5394 administrat.

235 5427 397 5481 Nulla
430 5425 575 5480 enim
603 5424 827 5481 nuditas
880 5439 985 5480 nec
1020 5425 1309 5496 turpitudo
1354 5426 1410 5480 in
1456 5428 1635 5499 capite
1663 5430 1886 5495 mentis,
1935 5425 2397 5499 quemadmodum
2430 5427 2483 5479 in
2516 5424 2772 5481 tonsione
2794 5424 3068 5496 corporali
3101 5425 3182 5486 fit.
3217 5423 3483 5495 relinqui-

233 5523 345 5567 tur.
376 5511 521 5579 Quin
561 5520 616 5565 et
646 5511 775 5566 talis
823 5512 934 5566 vita
966 5525 1077 5566 non
1129 5513 1312 5569 minus
1348 5513 1417 5568 ad
1463 5512 1612 5571 fores
1661 5517 1753 5572 Dei
1808 5517 2055 5572 adducit.
2096 5513 2154 5569 In
2205 5514 2469 5568 Sanctum
2492 5513 2698 5583 quippe
2727 5520 3046 5569 sanctorum
3081 5513 3234 5568 solus
3262 5513 3483 5567 adducit

230 5601 490 5656 Christus
518 5613 615 5654 eos
669 5598 765 5669 qui
805 5613 930 5653 cum
983 5608 1213 5669 peccato
1260 5600 1410 5655 domi
1450 5613 1578 5656 sunt
1603 5604 1740 5668 nati,
1777 5604 1869 5675 qui
1902 5616 2298 5674 przecursorem
2336 5616 2506 5669 agens
2540 5612 2813 5665 nostrum,
2850 5602 3138 5671 ingressus
3168 5609 3276 5666 est,
3307 5600 3485 5654 viam-

305 5775 749 5846 "Ezechaxut,
783 5780 867 5835 f2.
943 5780 986 5813 ³⁸
1016 5780 1425 5849 Exod.xxnv,3.
1505 5785 1548 5816 ³⁸
1577 5783 1816 5854 Philipp.
1847 5799 1933 5848 in,
1958 5783 2008 5837 7.
2085 5782 2131 5815 δ’
2149 5783 2306 5837 Joan.
2331 5782 2522 5847 sinsi.
2598 5783 2640 5814 δι
2675 5781 2693 5836 Ι
2720 5782 2848 5839 Cor.
2872 5796 2924 5847 v,
2946 5782 2995 5836 7.
3075 5782 3118 5814 δ’
3140 5782 3178 5835 ll
3202 5779 3401 5847 'l‘im.l,
3424 5779 3478 5835 9.
