3864 6504
628 373 728 431 807
1946 362 2301 422 PROCOPII
2347 360 2594 420 GAZ/EI
3724 368 3797 429 80$

632 503 739 559 que
767 487 1083 558 praedictam
1118 484 1278 539 nobis
1322 484 1539 539 stravit.
1577 483 1848 539 Caeterum
1885 482 2103 538 Domini
2136 464 2429 537 brachium
2468 482 2699 553 ﬁguram
2745 481 2983 546 roboris,
3011 489 3103 536 aut
3138 495 3280 536 certe
3310 483 3562 536 virtutum
3586 482 3687 551 ejus
3705 500 3799 538 con-

633 578 790 631 tinet.
822 574 983 629 Panis
1031 588 1161 628 vero
1214 571 1639 627 inl'ermentatns
1697 572 1823 626 vitae
1874 586 2104 631 serenae,
2161 570 2317 638 cujus
2375 570 2696 625 amabilitas
2748 574 3108 640 suavitasque
3176 572 3373 638 lagano
3411 580 3803 639 comparatum

635 664 894 718 sacerdos
933 659 1317 722 intermedius.
1350 659 1580 714 Christi.
1633 660 1713 714 Ac
1762 659 1880 713 haec
1929 658 2148 727 quidem
2184 659 2279 727 qui
2333 663 2760 713 sanctimoniam
2797 662 2898 714 rite
2942 661 3197 722 coluerit,
3234 674 3335 712 ceu
3372 659 3592 728 propriis
3615 664 3802 716 manilius

635 749 747 802 Deo
782 763 876 817 per
907 747 1193 801 Christum
1231 745 1589 801 mediatorem
1642 744 1821 800 olfert.
1882 743 1934 799 Is
1966 760 2097 796 vero
2152 745 2208 797 in
2262 744 2528 800 honorem
2565 746 2849 801 oﬂ‘erentis
2879 763 2910 802 e
2943 763 3106 800 manu
3142 754 3408 816 tanquam
3445 749 3495 799 in
3525 762 3710 800 manum
3735 766 3803 802 ex-

635 836 768 905 cipit
796 849 965 889 nona.
991 833 1193 887 Annus
1229 833 1413 901 itaque
1465 831 1787 900 potentiam,
1835 838 1932 883 aut
1963 845 2129 899 Opera
2173 846 2297 899 qua
2333 848 2395 885 ex
2436 849 2496 887 ea
2532 834 2730 896 linum,
2777 835 3027 888 denotat.
3061 834 3447 889 Pectuscnlum
3473 849 3594 888 vero
3628 848 3803 890 mentem

635 938 756 993 quae
786 937 931 977 nunc
961 920 1204 991 pectoris
1260 920 1509 981 nomine,
1554 934 1699 972 nunc
1747 918 1951 987 capitis
1994 928 2296 986 usurpatur
2351 922 2400 971 in
2433 921 2746 988 Scriptura.
2797 920 2944 975 Nihil
2977 922 3126 975 enim
3159 936 3188 973 a
3220 920 3433 974 sanctis
3464 930 3600 974 recte
3628 920 3691 979 ﬁt,
3728 926 3807 975 vir-

635 1011 752 1065 tnte
783 1009 1073 1078 spirituale
1105 1021 1397 1076 menteque
1440 1007 1579 1059 bona
1611 1005 1823 1074 absque
1850 1020 1865 1058 :
1904 1019 1932 1057 a
1966 1020 2072 1071 qua
2105 1019 2242 1059 sane
2292 1021 2508 1059 morum
2542 1008 2875 1063 cruditatem
2910 1008 3318 1077 feritatemqne,
3350 1007 3453 1059 hoc
3485 1006 3616 1076 quod
3644 1023 3805 1063 armum

636 1096 862 1151 mandat
889 1110 1011 1150 esse
1042 1102 1283 1158 coctum,
1326 1103 1586 1147 removet.
1635 1090 1771 1144 Nam
1812 1092 2043 1145 virtutes
2076 1106 2267 1145 eorum
2299 1108 2439 1161 quas
2493 1094 2603 1148 Deo
2636 1095 2900 1158 oﬂerunt,
2924 1096 3084 1149 bona
3118 1098 3396 1163 lautzeque
3425 1095 3604 1160 utique
3630 1100 3809 1149 essede-

638 1189 804 1248 hent;
839 1183 994 1253 juxta
1041 1180 1173 1235 illud
1210 1180 1354 1249 quod
1397 1196 1425 1231 a
1454 1179 1679 1233 Christo
1712 1178 2011 1233 audierunt
2061 1179 2323 1248 discipuli
2354 1198 2367 1233 :
2423 1198 2442 1231 ε
2481 1183 2662 1236 Alium
2692 1182 2877 1236 cibum
2910 1182 3314 1236 comedendum
3346 1182 3539 1244 habeo,
3568 1182 3697 1235 vobis
3721 1186 3809 1249 qui-

637 1272 757 1325 dem
789 1271 1133 1341 incognitum
1165 1270 1229 1322 ".
1264 1287 1282 1320 ι
1322 1269 1396 1321 Ac
1436 1266 1752 1335 ltujusmodi
1788 1267 1842 1319 in
1876 1266 1999 1319 loco
2045 1265 2114 1319 de
2145 1266 2410 1321 carnibus
2455 1267 2666 1323 Pascha
2697 1284 2918 1338 quoque
2943 1268 3152 1323 dictum
3179 1277 3299 1323 est:
3336 1286 3355 1319 ε
3395 1267 3471 1321 Ne
3494 1270 3811 1325 coanedatisde

636 1360 722 1414 eis
748 1358 907 1412 crudi
940 1358 1262 1428 quidquam.
1297 1374 1315 1407 ι
1350 1355 1636 1424 Frequens
1666 1355 1855 1422 itaque
1885 1361 1940 1407 et
1984 1361 2215 1407 exactus
2240 1353 2530 1422 inquinato
2582 1355 2865 1411 faciendus
2901 1368 2985 1410 est
3019 1357 3251 1419 reditus,
3290 1366 3351 1408 ut
3407 1370 3466 1409 se
3498 1363 3651 1408 totum
3676 1355 3813 1409 client

638 1447 873 1510 scilicet,
905 1454 965 1498 ut
994 1460 1091 1514 pro
1122 1444 1330 1498 delicto
1379 1442 1594 1496 veniam
1648 1442 2003 1511 deprecetur,
2054 1449 2116 1493 ut
2165 1442 2467 1510 gratiarum
2526 1444 2798 1496 actionem
2850 1442 3145 1507 sacriﬁcet,
3189 1442 3377 1496 acibo
3408 1457 3517 1509 quo
3550 1443 3812 1502 περίιθι-,ει

637 1542 771 1603 potu
804 1548 912 1603 quo
942 1540 1187 1602 potatur,
1222 1546 1252 1584 a
1292 1529 1399 1583 vita
1427 1527 1669 1596 denique
1698 1542 1867 1596 quam
1902 1528 1992 1579 illa
2028 1526 2283 1590 innunnt,
2325 1529 2540 1583 initium
2589 1530 2846 1585 faciendo
2874 1547 2886 1583 :
2938 1530 3017 1583 Ne
3042 1530 3218 1600 gloria
3246 1545 3315 1584 ea
3349 1544 3477 1600 qua
3502 1532 3813 1592 sanctiﬁcﬂio-

640 1638 760 1676 nem
805 1628 1010 1684 manet,
1044 1627 1309 1689 perpetuo
1339 1625 1551 1683 careat,
1584 1615 1678 1670 sed
1711 1618 1941 1669 omnino
1973 1623 2328 1684 repurgatns,
2378 1614 2574 1682 impuri
2605 1623 2660 1667 et
2691 1613 2960 1682 impolluti
3001 1614 3249 1666 habitum
3289 1622 3559 1667 transeat.

706 1732 974 1787 Catternm
1044 1728 1305 1797 ἐπίθεμα.
1372 1725 1426 1779 id
1483 1733 1569 1781 est
1635 1725 1918 1793 apparitio,
1981 1724 2204 1788 dicitur,

2396 1729 2671 1797 Ἐπίθεμα
2703 1727 2938 1796 λέγεται,
2966 1729 3125 1798 ἡνίκα
3172 1728 3232 1780 τὸ
3264 1727 3619 1796 προσενεχθὲν
3640 1727 3813 1793 ἑστιαθῇ

637 1824 859 1893 quando
901 1822 1111 1876 oblatio
1162 1834 1329 1889 super
1378 1816 1536 1870 altari
1576 1814 1745 1870 fuerit
1778 1815 1975 1886 posita.
2014 1816 2155 1881 Ἀφα

2314 1817 2391 1888 τῷ
2422 1818 2792 1887 θυσιαστηρίῳ
2814 1831 2827 1843 ’
2852 1818 3149 1886 dgna/papa
3172 1816 3262 1879 δὲ,
3296 1818 3430 1868 ὅταν
3452 1816 3554 1868 ἀπὸ
3578 1817 3656 1868 τοῦ
3681 1818 3811 1869 τυθέν-

638 1933 783 1989 ρεμσ.
819 1914 897 1978 δέ,
927 1913 981 1969 id
1006 1922 1112 1975 est,
1144 1911 1370 1975 ablatio,
1405 1907 1625 1981 quando
1669 1908 1738 1961 ab
1784 1922 1848 1961 eo
1878 1906 2022 1977 quod
2066 1921 2163 1974 pos

2192 1935 2215 1945 -
2311 1929 2425 1974 τος,
2460 1911 2491 1982 ἢ
2525 1912 2889 1981 ζυμωθέντος,
2921 1910 2956 1981 ἢ
2990 1908 3234 1963 τοιούτου
3268 1912 3419 1971 τινὸς
3445 1907 3718 1976 ἀφαιρεθῇ.

637 2019 748 2063 ιιιιιι
780 2018 885 2073 est,
934 2011 1027 2061 aut
1063 2005 1477 2069 fermentatum,
1522 2009 1619 2056 aut
1654 2000 1969 2071 hujusmodi
2002 2000 2211 2070 aliquid

634 2097 907 2152 aufertur.

708 2187 775 2242 Et
807 2189 1073 2252 imponent
1108 2201 1296 2240 nomen
1331 2199 1504 2237 meum
1550 2197 1709 2248 super
1742 2180 1886 2250 ﬁlios
1932 2176 2128 2244 Israel,
2158 2189 2209 2235 et

2386 2178 2494 2232 Καὶ
2523 2175 2888 2243 ἐπιθήσουσι
2917 2175 2987 2229 τὸ
3012 2172 3204 2243 ὄνομὰ
3236 2191 3361 2243 μου
3412 2174 3511 2227 ἐπὶ
3552 2173 3676 2238 τοὺς
3702 2174 3813 2239 υΙοίις

632 2295 726 2350 ego
782 2277 1038 2332 Dominus
1078 2276 1259 2345 {elices
1300 2270 1658 2343 pronuntiabo
1687 2288 1793 2325 eos.
1842 2270 1984 2345 [ει]
2022 2273 2154 2327 Vide

2323 2268 2610 2336 Ἰσραὴλ,
2667 2266 2765 2320 καὶ
2823 2264 2938 2334 ἐγὼ
2994 2265 3214 2334 Κύριος
3272 2263 3587 2333 εὐλογήσω
3637 2266 3809 2326 αὺτίιύς.

634 2384 704 2424 ne
732 2367 879 2439 quod
927 2382 1129 2422 nomen
1186 2365 1401 2419 Domini
1458 2379 1564 2418 non
1598 2380 1661 2419 os
1687 2366 1996 2434 precantis.
2035 2364 2160 2418 bon:

2303 2434 2305 2437 ν
2327 2364 2507 2433 Ὁρᾷς,
2537 2362 2617 2415 ὅτι
2649 2360 2710 2413 τὸ
2737 2360 2907 2430 δνομα
2934 2360 3140 2429 Κυρίου
3166 2358 3267 2421 τὰς
3299 2357 3549 2423 εὐλογίας
3572 2359 3754 2426 ἐνεργεῖ,
3776 2358 3809 2405 ἀὖ

634 2461 1061 2531 imprecationes
1091 2458 1418 2523 conﬁrmat?
1451 2456 1723 2524 Quocirca
1751 2466 1869 2511 rata
1900 2460 2068 2511 etiam
2100 2472 2160 2512 er

2309 2456 2372 2509 τὸ
2407 2455 2580 2521 στόμα
2609 2450 2703 2505 τοῦ
2727 2452 3008 2519 λέγοντοςδ
3043 2449 3209 2503 Ὅθεν
3242 2448 3350 2504 κᾶν
3395 2449 3689 2520 ἁμαρτωλὸς
3712 2449 3809 2498 sila-

635 2552 777 2623 apud
817 2568 947 2607 eum
973 2554 1068 2621 qui
1103 2550 1209 2604 lide
1247 2548 1748 2619 comprehenderit,
1785 2549 2113 2618 imprecatio
2145 2562 2161 2601 ε

2312 2551 2404 2619 γῇ,
2442 2544 2641 2616 ὁμοίως
2676 2545 2983 2613 ἐνεργεῖται
3006 2542 3157 2613 παρὰ
3186 2542 3268 2612 τῷ
3314 2542 3526 2604 πιστῶς
3556 2540 3809 2610 δεχομένῳή

633 2658 758 2713 qute
799 2658 828 2697 a
855 2651 1145 2712 peccatore
1186 2641 1351 2695 lucrit
1380 2641 1688 2695 enuntiata.
1728 2638 2159 2706 Quemadmodn

2316 2637 2557 2705 εὐλογία.
2583 2635 2849 2705 Καθάπερ
2873 2633 3067 2705 ἀμέλει
3086 2634 3178 2688 τοῦ
3213 2634 3451 2704 Βαλαὰμ
3476 2630 3761 2699 εὐλογοῦντης
3777 2634 3809 2681 ἐν

634 2729 877 2785 Balaami
914 2729 964 2762 “
992 2730 1126 2784 bene
1182 2730 1458 2798 precantis
1494 2728 1546 2782 in
1604 2730 1829 2782 nomine
1862 2727 2094 2782 Domini
2126 2742 2156 2778 v

2314 2730 2540 2797 ὀνόματι
2578 2726 2823 2796 Κυρίου,
2884 2726 3167 2795 ἐνηργεῖτο
3220 2726 3255 2795 ἡ
3297 2725 3520 2793 εὐλογία
3555 2725 3652 2784 τοῖς
3678 2721 3808 2784 ἀξίης.

633 2822 834 2878 delicet
868 2822 1194 2891 imprccatio
1228 2819 1370 2891 apud
1422 2820 1621 2889 dignos
1653 2828 1769 2874 erat
1793 2819 2004 2873 etiicax.
2040 2819 2159 2872 ΤΙ-ὴ

2316 2820 2629 2889 Σημείωσαι
2649 2818 2725 2881 δὲ,
2750 2818 2831 2871 ὅτι
2853 2817 3034 2887 τρίτον
3058 2817 3278 2885 εὐλογεϊ
3299 2817 3391 2870 διὰ
3418 2818 3514 2886 τῆς
3545 2814 3682 2882 ἁγίας
3697 2812 3808 2882 Τριά-

634 2929 766 2968 vero
820 2913 960 2967 bene
996 2906 1271 2981 precandi
1322 2911 1601 2981 repetitio,
1654 2926 1759 2981 qua
1811 2911 2030 2964 Balaam
2067 2924 2160 2979 qut

1731 2926 1759 2964 a
1811 2911 2030 2964 Balaam
2067 2924 2211 2979 quo-
2317 2910 2405 2974 δος
2431 2926 2445 2940 '
2479 2908 2665 2979 ὥσπερ
2691 2904 2787 2961 οὖν
2817 2907 2911 2960 καὶ
2943 2907 2971 2959 ὀ
3004 2907 3256 2977 Βαλαάμ.

634 3019 739 3066 que
767 3018 903 3059 usus
932 3002 1112 3071 fuerat
1165 3011 1415 3056 sanctam
1461 3000 1786 3057 Trinitatem
1833 3001 2098 3056 insinuat.

706 3113 819 3169 Deo
849 3122 1032 3169 autem
1079 3113 1204 3183 jure
1232 3113 1444 3183 optimo
1488 3129 1652 3168 omne
1705 3113 2111 3168 benedictionis
2163 3112 2419 3168 meritum
2452 3118 2643 3179 utpote
2672 3122 2702 3162 a
2734 3122 2843 3175 quo
2873 3106 3249 3176 proﬁciscitur
3278 3107 3461 3161 omnis
3494 3109 3619 3160 bona
3650 3105 3810 3157 collatio

636 3217 905 3272 omneque
930 3216 1133 3256 munus
1169 3202 1483 3256 absolutum
1534 3208 1821 3270 acceptum
1868 3201 2165 3255 referetur.
2219 3200 2488 3255 Caeterum
2524 3196 2779 3251 Christus
2835 3195 3241 3249 benedictionis
3271 3195 3361 3247 via
3406 3203 3508 3259 est;
3541 3195 3701 3261 inquo
3724 3206 3806 3260 per-

636 3304 743 3360 que
770 3304 930 3359 quem
966 3303 994 3341 a
1032 3288 1143 3343 Deo
1166 3287 1330 3342 Patre
1358 3287 1541 3340 omnia
1570 3287 1711 3340 bona
1742 3288 1904 3341 nobis
1950 3288 2276 3344 obveniuut.
2329 3286 2682 3353 Quapropter
2735 3282 2944 3337 Paulus
2973 3297 3194 3351 quoque
3220 3283 3298 3335 ait
3324 3301 3337 3335 :
3378 3302 3397 3332 ‹
3427 3281 3605 3335 Gratia
3637 3280 3756 3331 vobis
3776 3286 3809 3328 et

634 3393 745 3448 pax
770 3376 1077 3446 contingat,
1110 3391 1142 3429 a
1172 3376 1281 3430 Deo
1310 3376 1471 3430 l'atre
1515 3387 1569 3430 et
1604 3376 1836 3430 Domino
1865 3375 1996 3430 .lesu
2019 3376 2250 3431 Christo
2280 3376 2347 3429 ⁸⁸.
2385 3393 2402 3423 ι
2440 3371 2645 3425 Eodem
2687 3371 2851 3423 etiam
2882 3369 2965 3422 lex
3000 3369 3223 3437 respicit
3257 3384 3383 3423 cum
3413 3367 3612 3437 inquit:
3646 3385 3661 3416 ι
3689 3365 3804 3417 Bene.

635 3465 783 3519 dicat
811 3463 913 3517 tibi
942 3461 1210 3517 Dominus
1242 3476 1306 3516 ac
1329 3470 1383 3516 te
1405 3464 1683 3517 custodiat
1710 3464 1775 3518 “.
1809 3482 1827 3515 ι
1866 3463 2158 3529 Quomodo
2193 3463 2337 3518 enim
2365 3459 2675 3514 benedictio
2723 3471 2826 3511 nos
2856 3456 3142 3510 custodit?
3193 3456 3429 3521 Quando
3455 3455 3804 3510 exsecrationem

636 3552 924 3614 rescindit,
956 3566 1133 3620 exque
1160 3552 1548 3620 peccatoribus
1585 3551 1953 3623 inculpabiles
1985 3568 2087 3607 nos
2121 3552 2304 3606 ellicit.
2335 3548 2470 3604 Cum
2522 3562 2633 3614 quo
2666 3560 2889 3599 rursum
2929 3545 3064 3599 illud
3097 3545 3246 3614 quod
3280 3545 3485 3601 Paulus
3517 3544 3686 3613 inquit,
3712 3557 3803 3594 coo-

637 3642 844 3697 sentit:
890 3658 908 3691 ι
945 3640 1421 3707 Quemadmodum
1449 3656 1549 3695 nos
1583 3641 1733 3697 omni
1785 3641 2192 3696 benedictionis
2243 3636 2554 3708 spiritualis
2604 3649 2800 3705 genere
2840 3634 3220 3702 locupletarit,
3261 3645 3319 3687 ut
3356 3636 3529 3689 sancti
3558 3641 3602 3685 et
3632 3632 3802 3697 impre—

638 3728 942 3785 hensibiles
978 3742 1227 3782 essemus
1258 3742 1443 3781 coram
1478 3728 1597 3797 ipso
1628 3728 1696 3783 ⁸⁷.
1752 3748 1769 3780 ι
1810 3729 2120 3784 Ostentatio
2143 3742 2272 3781 vero
2296 3726 2503 3787 vultus,
2527 3722 2617 3775 Dei
2654 3721 2902 3789 cognitio
2940 3731 3046 3774 est.
3088 3720 3212 3774 Haec
3245 3724 3396 3774 enim
3433 3738 3445 3773 :
3475 3739 3493 3770 ς
3529 3720 3636 3773 Vita
3659 3729 3799 3770 atem:

635 3825 743 3877 est,
776 3816 977 3885 inquit,
1004 3823 1061 3868 ut
1091 3822 1144 3868 te
1176 3824 1485 3885 agnoscant
1545 3816 1724 3871 solum
1787 3832 1974 3869 verum
2036 3815 2226 3879 Deum,
2255 3825 2309 3869 et
2341 3828 2504 3883 quem
2554 3809 2753 3863 misisti
2784 3806 2972 3861 Iesum
3003 3808 3287 3862 Christum
3322 3810 3387 3863 “.
3427 3827 3447 3859 ›
3490 3808 3650 3876 Imago
3674 3813 3797 3856 autem

636 3911 691 3957 et
721 3904 905 3957 vultus
934 3900 1118 3956 Patris
1147 3898 1321 3957 Filius
1349 3912 1433 3957 est
1481 3918 1575 3972 per
1617 3919 1777 3973 quem
1827 3903 2047 3958 Patrem
2103 3903 2494 3974 agnoscimus.
2543 3896 2715 3963 Quem
2752 3912 2884 3951 sane
2908 3897 3162 3951 homines
3205 3898 3260 3952 in
3292 3898 3411 3967 lege
3444 3895 3692 3951 constituti
3717 3906 3798 3943 cum

636 3992 841 4054 videre,
874 3999 927 4045 et
985 4005 1014 4045 a
1048 3992 1183 4060 legis
1234 4008 1406 4046 onere
1459 3993 1686 4047 liberari
1735 4003 2023 4064 cuperent,
2073 3992 2339 4046 dixerunt
2374 4005 2387 4042 :
2426 4004 2443 4036 ι
2478 3985 2840 4053 Omnipotens
2882 3983 3047 4045 Deus,
3077 3995 3342 4040 converte
3390 4000 3507 4048 nos,
3565 3992 3611 4035 et
3647 3983 3794 4032 vultum

636 4076 1064 4132 tuum‘ostende
1092 4078 1251 4147 nobis
1291 4078 1334 4109 δ’
1371 4096 1385 4143 ;
1423 4097 1440 4130 ι
1482 4080 1651 4150 389
1681 4081 1753 4135 ita
1785 4082 1932 4135 enim
1972 4081 2063 4135 (iet
2093 4089 2150 4133 ut
2186 4078 2368 4131 salvos
2408 4090 2511 4128 nos
2543 4089 2666 4127 esse
2690 4071 3025 4142 judicemus.
3058 4070 3331 4125 Caeterum
3364 4093 3383 4124 ι
3420 4070 3641 4125 Elei-alio
3668 4066 3796 4118 vultus

638 4162 760 4228 Dei,
782 4182 801 4216 ι
839 4179 1026 4234 pacem
1052 4179 1217 4233 quam
1252 4164 1413 4220 nobis
1444 4166 1672 4222 donavit
1694 4168 1920 4232 indicat,
1959 4169 2026 4221 de
2056 4182 2160 4236 qua
2190 4163 2443 4219 Christus
2466 4159 2600 4213 dicit
2627 4177 2638 4211 :
2676 4178 2694 4209 ι
2726 4158 2922 4213 Pacem
2958 4173 3133 4211 meam
3160 4160 3392 4212 conl'cro
3424 4158 3567 4211 vobis
3591 4156 3649 4206 ".
3672 4150 3792 4205 iCmn

636 4252 783 4307 enim
814 4250 1013 4306 Filium
1047 4252 1099 4305 in
1133 4252 1302 4305 altum
1335 4254 1615 4309 evexisset
1671 4254 1857 4319 Pater,
1913 4257 2263 4324 dedissetque
2317 4262 2518 4304 nomen
2582 4246 2631 4301 ei
2681 4245 2827 4316 (μιυά
2868 4260 3032 4299 omne
3068 4259 3269 4298 nomen
3332 4250 3639 4314 superaret.
3686 4238 3794 4304 τίφθ’

639 4333 778 4388 Sede
818 4348 848 4387 a
884 4332 1094 4387 dextris
1146 4334 1280 4389 meis
1308 4335 1516 4391 diceret
1547 4339 1590 4368 ⁸¹
1623 4356 1636 4403 ;
1671 4346 1804 4392 tunc
1840 4354 1973 4393 sane
2004 4328 2131 4394 odio
2164 4356 2274 4408 quo
2327 4338 2397 4392 ab
2446 4352 2512 4391 eo
2556 4335 2963 4391 dissidebamus
3012 4334 3304 4397 dissoluto,
3360 4333 3414 4387 in
3445 4334 3623 4385 divina:
3648 4336 3791 4380 natura

637 4436 827 4492 pacem
861 4422 1099 4492 copulati
1158 4437 1372 4483 sumus.
1425 4424 1699 4495 nobisque
1738 4442 1863 4481 cum
1898 4426 2009 4481 Deo
2043 4428 2355 4483 intercessit
2409 4425 2863 4479 communicatio.
2911 4440 2929 4473 ι
2981 4420 3118 4475 Volo
3152 4423 3323 4485 enim,
3355 4422 3544 4492 inquit,
3588 4427 3789 4483 utquam-

638 4507 930 4563 admodum
966 4522 1065 4579 ego
1088 4515 1141 4562 et
1177 4516 1231 4562 tu
1265 4525 1435 4564 unum
1482 4527 1700 4577 sumus,
1743 4514 1824 4567 sic
1862 4512 1915 4566 in
1960 4516 2122 4570 nobis
2153 4531 2321 4570 unum
2362 4515 2637 4569 exsistant
2670 4514 2738 4566 δ’.
2776 4530 2793 4561 ι
2828 4507 3007 4564 Unum
3044 4510 3192 4562 enim
3225 4524 3429 4578 corpus
3457 4510 3505 4562 in
3536 4506 3711 4559 Christo
3729 4513 3788 4551 su-

635 4611 784 4659 mus,
818 4598 1025 4666 quique
1057 4612 1181 4651 cum
1230 4595 1464 4653 Domino
1505 4601 1925 4669 conglutinatus
1973 4613 2025 4657 et
2070 4604 2402 4671 coniunctus
2437 4643 2453 4668 ,
2508 4617 2653 4656 unus
2703 4615 2828 4653 cum
2862 4614 2927 4654 eo
2962 4599 3193 4668 spiritus
3242 4609 3348 4655 est.
3394 4598 3631 4666 Quocirca
3658 4590 3787 4645 ethoc

636 4683 773 4736 dixit
811 4700 825 4737 :
866 4699 883 4733 ι
929 4681 986 4737 Si
1016 4698 1045 4735 a
1084 4691 1231 4736 terra
1266 4684 1319 4737 in
1354 4686 1520 4739 altum
1556 4688 1861 4743 translatus
1892 4687 2066 4752 fuero,
2098 4706 2288 4747 omnes
2320 4708 2425 4746 una
2467 4708 2681 4746 mecum
2730 4688 2947 4743 traham
3002 4690 3068 4742 ⁸³.
3115 4709 3134 4741 ι
3169 4687 3292 4759 Ipse
3320 4691 3467 4744 enim
3494 4696 3568 4742 est
3602 4698 3682 4753 pax
3720 4690 3784 4729 no-

638 4780 780 4833 stra,
811 4779 864 4824 et
904 4786 999 4840 per
1037 4772 1214 4840 ipsum
1251 4772 1316 4825 ad
1352 4770 1570 4827 Patrem
1599 4776 1651 4827 in
1686 4790 1795 4828 uno
1824 4777 2021 4845 spiritu
2054 4778 2318 4835 habemus
2353 4780 2586 4833 aditum.

712 4853 779 4908 Et
816 4858 968 4909 unxit
1006 4857 1164 4920 illud,
1195 4858 1601 4912 tabernaculum
1636 4862 1898 4926 videlicet,
1924 4873 1976 4916 et
2013 4864 2301 4923 dedicavit.
2334 4866 2474 4939 [γη.
2524 4865 2596 4938 1.]
2629 4865 2669 4918 Τ
2678 4865 3071 4921 abernaculum
3104 4873 3159 4919 et
3182 4865 3357 4920 altare
3397 4863 3655 4929 omniaque
3679 4852 3780 4908 illius

639 4957 777 4996 vasa
818 4957 978 4997 sacro
1025 4952 1306 5013 unguento
1355 4944 1536 5002 Moses
1582 4947 1813 5004 delibuit
1842 4965 1930 5016 eo,
1975 4968 2085 5022 quo
2135 4956 2453 5010 sacerdotes
2499 4962 2553 5007 et
2600 4969 2758 5024 rcges
2788 4953 3024 5015 solebat,
3061 4962 3307 5005 utsacra
3334 4958 3531 5013 essent,
3563 4944 3777 5005 sacrisqu

644 5029 909 5084 inservire
944 5041 1185 5099 possent
1237 5032 1449 5086 usibus.
1506 5034 1574 5085 At
1625 5049 1687 5088 ea
1731 5035 1955 5104 quidem
1999 5039 2102 5093 nisi
2152 5042 2430 5096 hominum
2467 5041 2692 5111 ﬁguram
2741 5048 3017 5112 gererent,
3067 5038 3299 5093 rationis
3328 5048 3383 5095 et
3428 5026 3777 5098 auimiexperliil

641 5116 905 5187 mqualem
936 5116 1198 5170 honorem
1238 5132 1362 5171 cum
1419 5120 1630 5175 ratione
1675 5124 1919 5190 prazditis
1952 5126 2285 5193 obtinerent,
2311 5129 2422 5183 imo
2463 5128 2725 5197 majorem
2765 5129 2952 5188 etiam,
2994 5127 3041 5180 si
3074 5127 3294 5197 quidem
3326 5142 3420 5196 per
3455 5139 3509 5179 ea
3544 5115 3773 5175 liominilms

642 5204 700 5258 ﬁt
725 5218 1004 5258 accessus.
1043 5201 1177 5256 Nam
1229 5205 1276 5257 si
1305 5207 1468 5258 boum
1501 5207 1647 5261 nulla
1691 5225 1825 5263 cura
1870 5210 2038 5265 Deum
2082 5215 2277 5284 tangit,
2329 5223 2540 5285 quanto
2586 5216 2770 5268 minus
2820 5229 3100 5266 innrorum
3155 5222 3211 5267 et
3262 5227 3528 5267 vasorum.
3582 5207 3776 5260 Ceterum

642 5291 805 5345 homo
839 5288 1177 5344 domicilium
1219 5290 1308 5345 Dei
1346 5303 1487 5356 erat,
1527 5304 1581 5348 et
1630 5311 1728 5349 vas
1761 5296 2163 5354 benedictionis

2245 5282 2372 5355 uxta
2422 5303 2476 5355 id
2508 5303 2653 5371 quod
2688 5316 2717 5354 a
2757 5301 2925 5355 Paulo
2953 5300 3020 5354 ad
3051 5301 3323 5357 Ananiam
3355 5308 3465 5356 erat
3494 5298 3706 5367 prolatum
3729 5282 3769 5331 ⁸³.

641 5379 841 5434 Verum
873 5381 1157 5435 enimvero
1189 5382 1240 5433 in
1281 5380 1513 5434 Domino
1552 5394 1817 5452 quantum
1874 5386 1939 5439 ad
1975 5402 2176 5457 corpus
2227 5405 2338 5459 quo
2392 5398 2596 5443 unctus
2628 5399 2713 5443 est
2735 5390 2960 5459 spiritu,
2995 5400 3047 5443 et
3084 5391 3252 5445 verbo
3282 5392 3603 5444 consecratus
3628 5386 3708 5436 est,
3736 5379 3772 5423 ul

640 5467 814 5521 simus
842 5482 942 5523 nos
970 5482 1095 5523 vere
1124 5467 1451 5521 sanctificati
1481 5470 1702 5535 attinet,
1735 5472 1853 5526 haec
1884 5473 2359 5542 deprehendemus
2411 5475 2600 5530 etiam.
2637 5475 2693 5528 In
2732 5474 2938 5530 Christi
2980 5477 3184 5531 etenim
3234 5490 3457 5548 corpore
3496 5478 3698 5537 tanquam
3734 5461 3769 5510 in

716 5622 761 5653 “
798 5622 1066 5699 {manu},
1105 5624 1194 5699 52.
1270 5625 1316 5657 “
1346 5626 1504 5699 Num.
1540 5642 1698 5699 xxiii,
1731 5627 1823 5681 24.
1902 5630 1947 5661 ⁸⁸
1981 5629 2179 5699 Ephes.
2218 5649 2255 5695 ι,
2284 5631 2337 5685 2.
2429 5634 2475 5664 ⁸⁸
2538 5631 2699 5690 Num.
2738 5649 2811 5693 vr,
2838 5632 2930 5686 24.
3033 5634 3076 5664 ⁸⁷
3121 5632 3333 5688 Coloss.
3390 5631 3518 5696 t,29..
3605 5617 3767 5699 ⁸³³⁸3³9⁷

642 5707 775 5767 xvii,
815 5692 867 5744 5.
942 5690 987 5722 δ’
1019 5691 1161 5747 Psal.
1210 5711 1392 5760 thtx,
1440 5697 1494 5750 4.
1606 5684 1834 5751 ⁵⁰Ιοίιη.
1869 5716 1980 5765 xrv,
2022 5684 2112 5757 :27.
2140 5684 2152 5686 ἡ

641 5763 835 5814 “Act.
875 5776 951 5825 nt,
990 5761 1075 5813 15.

2228 5684 2408 5758 ζ’ἰδέειμ
2449 5684 2561 5765 cur,
2686 5684 2765 5734 ἐ’
2798 5684 2956 5755 ξιόιίή.
3004 5720 3135 5765 xvu,
3170 5684 3559 5756 ΞίήίνυἺΙοειη.
3602 5706 3673 5751 III.
3696 5684 3754 5737 δῖ·
