4090 6506
232 403 340 472 so]

1341 395 1881 459 COMMENTARII
1925 398 2006 459 IN
2047 398 2436 465 NUMEROS.

3403 401 3510 469 810

234 518 482 574 tentorio
513 525 710 574 sancto
759 515 1288 588 comprehendimur
1320 533 1334 569 :
1363 517 1416 570 iu
1449 530 1566 586 quo
1594 515 1761 570 etiam
1807 515 1979 571 altare
2039 525 2338 587 cognatum
2392 517 2555 572 nobis
2615 528 2718 585 cst,
2746 534 2844 590 per
2875 518 3025 591 quod
3075 533 3140 575 ac
3182 533 3286 591 pro
3327 520 3510 584 nobis,

235 607 508 678 siquidem
541 607 884 678 sempiterne
911 613 1172 662 sanctum
1205 613 1314 669 est,
1349 619 1449 659 nec
1489 605 1652 659 nobis
1684 611 1811 660 ante
1859 603 2362 660 sanctificationem
2403 606 2605 673 simile,
2631 621 2756 661 cum
2798 608 2962 673 tales,
3001 619 3110 664 tam
3141 609 3324 665 sancti
3357 609 3512 664 scili-

232 703 342 760 cet,
373 710 480 749 non
537 694 738 759 simus,
795 691 1107 748 oll‘erimus.
1163 691 1434 746 Caeterum
1471 705 1701 745 munera
1735 691 1851 745 Deo
1890 693 2114 760 olferre,
2146 701 2201 749 et
2229 693 2628 751 retributiones
2657 697 2726 751 ab
2778 711 2848 752 eo
2883 713 3047 767 posse
3082 699 3333 769 accipere
3362 697 3511 768 quod

235 785 554 854 principum
582 782 826 837 tribuum
860 785 984 836 erat
1014 785 1254 842 tantum,
1281 794 1392 835 non
1425 777 1676 846 cujusvis
1709 785 1812 840 est.
1843 779 2119 846 Quocirca
2157 789 2360 837 cuncta
2409 782 2624 838 Christi.
2650 782 2896 841 Ecclesia
2939 802 3063 856 qua:
3108 802 3335 843 munera
3381 781 3506 850 fert,

231 878 291 929 et
317 870 766 928 benedictionem
798 867 1046 924 vicissim
1072 868 1301 937 accipit,
1336 866 1578 937 pretiosa
1617 873 1723 924 est.

307 1005 387 1058 Οὐ
411 1003 605 1077 χρῄζει
630 1002 690 1057 δέ
717 1019 865 1066 τινος
897 1002 927 1055 ὁ
952 999 1112 1067 Θεὸς,
1147 999 1266 1055 ἀλλ’
1305 1000 1470 1072 ἡμεῖς
1515 999 1652 1054 Θεοῦ
1671 999 1791 1071 (52)
1810 1015 1828 1035 ο

2005 1002 2149 1062 Deus
2201 1004 2353 1064 enim
2410 1021 2521 1062 non
2562 1006 2748 1080 aliquo
2805 1017 3058 1068 nostrum
3111 1009 3340 1083 indiget,
3399 1011 3513 1066 imo

236 1097 537 1170 χρῄζοντες
565 1096 644 1162 δὲ,
694 1094 885 1167 ὥσπερ
910 1093 972 1149 τὸ
1019 1093 1229 1148 δίκαιον
1269 1092 1366 1147 τοῦ
1407 1093 1832 1165 άντιτιμηθῆναι

238 1188 734 1261 κατασκευάζομεν
785 1188 876 1242 διὰ
928 1189 992 1243 τὸ
1040 1187 1228 1260 τιμᾷν.
1275 1184 1389 1258 Τὴν
1419 1185 1478 1242 δὲ
1507 1185 1833 1256 ἐπιφάνειαν

238 1281 350 1338 τῶν
378 1281 804 1354 προσφερόντων
837 1279 1348 1352 ὲπεξεργαζόμινος
1392 1280 1423 1332 6
1448 1279 1583 1343 Θεὸς
1621 1280 1701 1345 είς
1733 1280 1834 1350 τὴν

239 1377 540 1446 ἐπίγνωσιν
592 1373 687 1432 τοῦ
741 1373 997 1446 λαμπρὸν
1043 1370 1278 1429 εἶναιτὸ
1328 1373 1499 1446 τιμᾷν
1545 1372 1698 1438 Θεὸν,
1734 1373 1835 1426 ἕνα

238 1469 366 1525 καθ’
403 1469 646 1540 ἑκάστην
681 1468 896 1540 ἡμέραν
927 1466 1188 1521 ἐκέλευσε
1221 1467 1531 1537 προσάγειν.
1557 1465 1626 1520 τὰ
1646 1467 1830 1537 δῶρα·

240 1564 434 1634 ὥσπερ
453 1561 547 1616 οὖν
567 1562 782 1632 ἑκάστῳ
804 1560 909 1615 τῶν
937 1559 1084 1614 ἰδίων
1109 1560 1435 1632 ποιημάτων
1461 1559 1592 1631 μίαν
1624 1559 1834 1614 ἐπένει-

241 1673 349 1725 μεν
379 1656 615 1726 ἡμέραν,
644 1655 811 1724 φωτὶ,
839 1653 1079 1724 οὐρανῷ,
1119 1656 1222 1724 γῇι
1250 1651 1495 1723 ἄστροις,
1527 1650 1835 1716 ζώοις,.Καὶ

237 1749 333 1804 ἵνα
367 1748 666 1818 εἰδείημεν,
699 1746 774 1810 ὡς
810 1745 1081 1816 ὲλλόγιμα
1119 1743 1238 1814 Θεῷ
1294 1745 1364 1822 τὰ
1423 1743 1833 1814 προσαγόμενα,

237 1838 538 1910 ἀναγραφὴ
581 1838 788 1890 τούτων
847 1834 1086 1905 ἀκριϐὴς
1142 1835 1279 1904 (55),
1311 1831 1408 1894 καὶ
1441 1833 1536 1885 ἐπὶ
1568 1829 1834 1900 σταθμοῦ.

237 1923 349 1984 Ὧν
375 1931 408 2002 ἡ
431 1928 836 1999 καταρίθμησις
859 1927 958 1980 καὶ
1005 1926 1112 1981 τῶν
1165 1924 1558 1997 προσαγόντων
1586 1924 1702 1994 ἔχει
1736 1923 1836 1984 τὰς

237 2023 569 2095 ὀνομασίας,
631 2021 698 2075 δι’
733 2015 809 2077 ὧν
863 2020 959 2076 καὶ
1014 2017 1500 2091 μνημονευόμεθα.
1553 2017 1732 2088 Σκεύη
1776 2015 1836 2069 δὲ

240 2115 641 2188 προσάγοντες,
670 2114 733 2172 οὗ
766 2112 901 2168 κενὰ
927 2111 1103 2170 ταῦτα
1125 2111 1493 2183 προσάγουσιν
1535 2107 1842 2180 ἀνθρώπιον

237 2214 292 2268 οἱ
327 2209 511 2274 τύποι,
556 2207 650 2271 οὒς
693 2207 777 2262 δεῖ
823 2205 944 2277 Θεῷ
981 2205 1214 2276 πλήρεις
1267 2203 1578 2277 προσιέναι.
1621 2202 1695 2257 οὐ
1726 2203 1840 2274 γὰρ

238 2299 484 2369 ὀφθήσῃ,
513 2298 666 2368 φησὶ,
696 2295 852 2359 κενὸς
874 2295 1054 2348 ἔναντι
1089 2294 1321 2364 Κυρὲου.
1350 2295 1476 2349 Ζῶα
1505 2295 1561 2348 δὲ
1587 2296 1686 2349 σὺν
1709 2293 1837 2347 τού-

1934 1095 2110 1166 magis
2176 1111 2279 1153 nos
2340 1096 2453 1153 Deo
2508 1098 2841 1172 indigemus,
2884 1101 2981 1172 qui
3033 1102 3201 1158 etiam
3259 1103 3365 1161 hoc
3389 1104 3518 1174 ipso

1933 1186 2083 1256 quod
2120 1188 2332 1246 honore
2358 1190 2440 1247 illi
2482 1189 2786 1252 deferimus
2852 1194 3121 1252 honorum
3161 1211 3389 1252 usuram
3425 1195 3513 1252 fa-

1935 1276 2137 1338 cimus.
2185 1277 2308 1346 Quo
2340 1279 2678 1337 illustriores
2737 1291 2924 1340 autem
2969 1283 3264 1342 olerentes
3310 1285 3516 1342 redde-

1936 1378 2043 1434 ret,
2095 1383 2161 1425 ac
2217 1386 2384 1441 quam
2433 1373 2762 1443 praeclarum
2831 1390 3002 1430 unum
3056 1374 3229 1434 Deum
3281 1376 3518 1448 singulis

1934 1460 2134 1524 diebus
2165 1463 2360 1528 colere
2386 1465 2634 1533 doceret,
2686 1466 2832 1522 dona
2862 1467 3061 1524 auferre
3091 1469 3280 1540 jussit.
3310 1469 3520 1535 Quem-

1936 1554 2231 1610 admodum
2284 1556 2544 1614 nimirum
2621 1559 2922 1631 unicuique
2991 1577 3222 1617 suorum
3288 1578 3522 1634 operum

1937 1644 2158 1704 unicam
2228 1653 2440 1706 tantum
2498 1648 2648 1705 diem
2705 1651 2984 1716 attribuit,
3061 1653 3231 1710 veluti
3296 1653 3518 1717 lumini,

1937 1737 2108 1802 coelo,
2166 1745 2351 1807 term,
2381 1739 2572 1805 astris,
2635 1751 2689 1798 et
2761 1743 3111 1800 animalibus.
3174 1744 3346 1802 Porro
3411 1763 3526 1817 quo

1939 1837 2146 1899 quanta
2177 1828 2251 1885 sit
2281 1831 2427 1900 apud
2469 1830 2644 1887 Deum
2673 1833 2988 1893 oblatorum
3018 1837 3170 1891 ratio
3209 1839 3524 1908 comperia-

1940 1932 2086 1985 mus,
2120 1931 2312 1974 eorum
2358 1927 2554 1975 exacta
2589 1920 2650 1974 fit
2693 1921 3019 1992 descriptio,
3076 1933 3132 1980 et
3163 1926 3521 1983 oa‘erentium

1940 2023 2148 2066 census
2195 2011 2454 2078 habetur,
2507 2024 2834 2084 argumento
2886 2015 3166 2082 videlicet,
3200 2020 3350 2090 quod
3404 2039 3525 2076 mu-

1941 2116 2078 2156 nera
2126 2102 2218 2156 illa
2263 2103 2606 2174 majestatem
2657 2106 2822 2162 nobis
2875 2109 3195 2176 concilient,
3231 2113 3524 2184 nostrique

1941 2196 2268 2248 memoriam
2311 2196 2554 2267 aliquam
2603 2207 2959 2256 conservent.
3016 2201 3254 2260 Proinde
3315 2206 3527 2276 signiti-

1941 2293 2102 2340 eatur
2157 2287 2302 2358 quod
2353 2287 2463 2344 Deo
2498 2297 2720 2346 nostras
2768 2292 2985 2349 animas
3023 2309 3357 2355 consecrare
3387 2317 3523 2354 cou-

1126 2347 1473 2458 Πολύτροπος
1502 2385 1611 2456 γὰρ
1641 2387 1674 2457 ἡ
1701 2386 1836 2456 πρὸς

1941 2382 2112 2436 venit.
2164 2382 2297 2448 Quae
2349 2397 2477 2438 vero
2533 2383 2650 2438 sint
2695 2385 2932 2449 adducta
2977 2386 3277 2457 indicatur,
3329 2407 3528 2466 nempe

239 2485 385 2539 Θεὸν
416 2483 693 2544 οἰκείωσις
718 2521 733 2544 ,
793 2481 852 2546 ἐξ
903 2475 978 2534 ὧν
1011 2479 1181 2533 ἔδωκε
1236 2479 1392 2542 Θεός.
1433 2479 1626 2550 Ἡμεῖς
1661 2474 1754 2532 οὖν
1781 2479 1836 2532 τὸ

1938 2474 2183 2540 catinus,
2216 2483 2271 2530 et
2301 2474 2490 2546 phiala
2534 2485 2797 2549 argentea
2843 2485 3082 2551 utraque
3122 2482 3284 2553 plena
3318 2485 3442 2553 oleo
3471 2497 3534 2550 et.

241 2577 436 2646 τίμιον
482 2575 651 2636 ὅντως
695 2572 869 2643 δῶρον
898 2570 1020 2641 Θεῷ
1059 2571 1440 2642 προσάγομεν,
1467 2571 1495 2624 ὃ
1526 2571 1556 2623 ὁ
1583 2571 1717 2635 Θεὸς
1747 2571 1836 2624 καὶ

1939 2568 2254 2640 similagine
2305 2568 2644 2626 commistis.
2687 2567 2800 2626 Nos
2841 2585 2972 2625 vasa
3022 2573 3128 2629 ista
3179 2589 3373 2633 sumus
3459 2578 3528 2634 de

239 2671 414 2742 ἡμεῖς
442 2670 498 2720 ὲν
526 2669 639 2728 τοῖς
667 2665 766 2735 τῆς
799 2663 1002 2734 ἀρετῆς
1038 2662 1225 2725 πόνοις
1259 2661 1594 2733 εὑρήσομεν.

1942 2660 2146 2732 quibus
2178 2659 2357 2718 dicit:
2395 2681 2417 2713 ς
2443 2661 2641 2718 Coram
2693 2677 2780 2728 me
2811 2677 2880 2720 ne
2915 2679 2976 2722 se
2999 2664 3160 2721 sistat
3194 2682 3407 2725 vacuus
3445 2671 3529 2724 ul-

243 2758 340 2812 lus
374 2758 444 2810 ³⁸.
483 2774 502 2806 ι
550 2754 823 2809 Animalia
852 2768 978 2806 cum
1012 2751 1139 2807 istis
1173 2753 1238 2804 ad
1268 2751 1604 2806 sacrificium
1640 2750 1838 2807 electa.
1878 2749 2066 2808 Multis
2098 2752 2247 2807 enim
2294 2753 2471 2808 modis
2508 2755 2845 2812 conciliatur
2881 2755 3048 2820 Deus,
3117 2773 3214 2829 per
3286 2776 3351 2816 ea
3403 2779 3529 2834 qme

241 2847 406 2904 dedit
437 2846 600 2901 Deus.
642 2843 753 2899 Nos
787 2845 954 2915 igitur
991 2844 1195 2897 donum
1225 2857 1353 2898 vere
1385 2842 1688 2912 pretiosum
1746 2840 1858 2897 Deo
1897 2840 2186 2898 olferimus
2227 2843 2401 2914 quod,
2444 2845 2555 2900 Deo
2604 2845 2923 2922 adjuvante,
2977 2849 3032 2903 in
3074 2850 3294 2906 virtutis
3326 2853 3542 2916 labori-.

245 2946 362 3001 bus
391 2941 786 2998 invenerimus.

325 3033 565 3104 Πλήρεις
607 3027 702 3085 οὖν
743 3030 823 3083 δεῖ
871 3031 1181 3104 προσιέναι,
1231 3029 1496 3102 λαμπρὰν
1526 3031 1583 3084 ἒν
1612 3030 1841 3104 ἀργύρῳ

246 3127 354 3182 καὶ
389 3124 579 3195 ἱλαρὰν
617 3123 692 3187 ὡς
727 3124 785 3176 ὲν
815 3124 981 3194 ἐλαίῳ
1013 3121 1160 3191 ζωὴν
1211 3121 1449 3192 ἔχοντες.
1493 3116 1600 3188 ἾΙς
1634 3123 1842 3193 σύμῦοο

245 3220 406 3290 λονὴ
445 3216 740 3285 σεμίδαλις,
766 3216 932 3287 ἄρτον
965 3214 1310 3284 τυγχάνουσα
1344 3213 1584 3283 γένεσις.
1618 3215 1693 3268 Τὸ
1723 3215 1842 3270 ἱλα-

249 3313 354 3384 ρὸν
381 3311 484 3381 γὰρ
505 3312 639 3381 ἡμῖν
669 3310 701 3381 ἡ
735 3311 812 3373 είς
837 3307 1073 3379 Χριστὸν
1103 3308 1258 3371 ὲλπὶς
1280 3307 1679 3380 ἀπεργάζεται,
1701 3307 1842 3362 κατὰ

246 3407 338 3469 τὸ,
376 3423 394 3457 ι
431 3405 510 3476 Τῇ
551 3403 726 3458 ἐλπίδι
766 3401 1072 3473 χαίροντες.
1109 3421 1128 3455 ι
1163 3431 1235 3443 -
1267 3420 1284 3453 ι
1318 3403 1486 3456 Ὅταν
1525 3401 1654 3474 γὰρ,
1684 3403 1840 3473 φησι,

2019 3031 2218 3087 Plenos
2250 3030 2421 3102 igitur
2454 3038 2671 3102 oportet
2709 3033 2996 3100 accedere,
3042 3048 3166 3088 cum
3201 3035 3312 3091 vita
3345 3038 3543 3108 spleu-.

1945 3126 2074 3183 dida
2123 3127 2180 3186 in
2227 3133 2482 3194 argento,
2525 3132 2580 3180 et
2614 3125 2776 3180 hilari
2824 3127 2878 3180 in
2919 3127 3041 3182 oleo
3097 3142 3195 3185 ceu
3238 3133 3532 3200 conclusa,

1944 3219 2104 3288 cujus
2151 3217 2402 3288 similago
2454 3232 2676 3289 quoque
2731 3233 2794 3272 ex
2829 3232 2938 3288 qua
3011 3219 3170 3288 panis
3238 3222 3530 3278 conficitur

1945 3310 2125 3381 imago
2171 3316 2276 3364 est.
2317 3307 2590 3363 Caeterum
2638 3307 2972 3363 hilaritatem
3024 3308 3078 3363 in
3112 3310 3276 3366 nobis
3308 3329 3433 3382 spes
3475 3316 3528 3368 iu

1943 3400 2174 3455 Christo.
2221 3401 2404 3471 posita
2459 3399 2646 3463 ellicit,
2701 3399 2858 3468 juxta
2912 3399 3098 3455 illud:
3151 3419 3169 3452 ι
3207 3402 3314 3472 Spe
3341 3405 3531 3460 ιωιειιι-

248 3500 494 3570 Χριστὸς
526 3496 814 3569 φανερωθῇ
843 3496 876 3566 ἡ
914 3495 1028 3566 ζωὴ
1067 3493 1242 3566 ὑμῶν,
1265 3495 1387 3549 τότε
1432 3496 1527 3549 καὶ
1559 3495 1718 3566 ὑμεῖς
1751 3495 1836 3547 σὺε.

1952 3501 2032 3548 [es
2064 3493 2130 3546 δσ,
2167 3510 2185 3544 ι
2213 3521 2284 3543 —_—
2319 3509 2342 3542 ι
2395 3490 2532 3546 llum
2583 3490 2752 3554 enim,
2810 3491 2989 3561 inquit
3037 3491 3312 3560 Christus,
3355 3498 3532 3550 maui-

248 3588 409 3660 αὐτῷ
442 3585 897 3658 φανερωθήσεσθε
932 3587 990 3638 ἐν
1011 3584 1159 3658 δόξῃ.
1192 3603 1209 3634 ι

1948 3582 2146 3642 festata
2186 3581 2353 3640 fuerit
2384 3581 2495 3638 vita
2527 3592 2730 3646 vestra,
2765 3591 2877 3636 tum
2899 3599 2996 3639 vos
3023 3599 3241 3655 quoque
3272 3585 3325 3640 in
3358 3587 3532 3658 gloria

1952 3673 2440 3730 manifestabimini
2468 3690 2592 3729 cum
2625 3674 2744 3745 ipso
2771 3675 2840 3728 ⁸⁷.
2877 3693 2894 3726 ι

327 3767 540 3839 Θυῒσκη
574 3766 630 3819 δὲ
660 3765 1021 3837 θυμιαμάτων
1071 3764 1309 3836 πλήρης,
1357 3764 1385 3816 ὅ
1411 3763 1527 3818 ὲστι
1575 3763 1836 3834 θυμιατή·

2021 3766 2196 3822 Adest
2227 3781 2452 3837 quoque
2470 3767 2764 3822 cochleare
2805 3765 3117 3821 suliimento
3163 3769 3382 3836 plenum
3415 3769 3536 3826 vice

253 3878 399 3934 ριον,
437 3859 634 3928 θυῖσκη
659 3857 748 3911 διὰ
769 3858 829 3911 τὸ
862 3857 1051 3928 σχῆμα
1087 3855 1300 3928 λεχθὲν,
1323 3855 1397 3920 ὼς
1428 3856 1527 3927 μὲν
1557 3855 1760 3928 χρυσῆ,
1790 3856 1836 3908 τί

1954 3871 2180 3923 acerne,
2213 3872 2528 3927 nomenque
2579 3872 2612 3910 ε
2643 3858 2814 3928 ﬁgura
2869 3858 3056 3915 habet.
3101 3859 3276 3930 Cujus
3309 3863 3534 3932 quidem

253 3952 458 4014 κάλλος
501 3951 594 4006 καῗι
640 3950 700 4003 τὸ
748 3949 1078 4021 ἀδιάφθορον
1113 3948 1266 4020 δηλοῖ
1312 3949 1414 4019 τῆς
1468 3947 1653 4017 ζωῆς’
1685 3947 1759 4011 ὼς
1789 3948 1836 4004 δὲ

1954 3965 2149 4004 aurum
2177 3949 2648 4019 pulchritudinem
2677 3959 2732 4005 et
2763 3952 3094 4008 soliditatem
3143 3954 3286 4018 vitae,
3320 3955 3537 4010 sumtus

254 4044 626 4118 θυμιαμάτων
653 4043 906 4116 πλήρης,
930 4044 993 4097 τὸ
1024 4043 1160 4114 πρὸς
1183 4042 1316 4098 Θεὸν
1341 4041 1543 4106 εὑῶδες
1569 4041 1672 4112 τῆς
1695 4042 1836 4112 ὁιγιό⁴

1956 4056 2087 4097 vero
2135 4042 2340 4112 quibus
2405 4050 2601 4109 scatet,
2677 4042 3034 4116 fragrant-iam
3101 4046 3416 4102 sanctitatis
3470 4049 3537 4104 ad

252 4155 446 4210 τητος.
1955 4135 2128 4192 Deum
2157 4134 2546 4191 ascendentem
2579 4145 2966 4207 repraesentat.

331 4254 604 4311 Ceterum
631 4251 913 4322 scnajuga
940 4253 1130 4318 boum,
1169 4251 1316 4306 sicut
1351 4265 1381 4305 a
1415 4250 1648 4322 singulis
1680 4249 2025 4322 principibus
2069 4258 2198 4305 sunt
2232 4250 2495 4315 adducta,
2539 4267 2770 4322 qumque
2803 4261 3056 4309 sanctum
3113 4255 3537 4313 tabernaculqu

255 4345 577 4414 gestabant,
605 4341 882 4411 duplicem
915 4339 1236 4411 signiﬁcant
1272 4342 1561 4409 populum,
1614 4340 1708 4410 qui
1744 4339 1924 4409 legum
1960 4349 2014 4393 et
2057 4339 2397 4410 vitaajugum
2433 4341 2753 4410 copulatum
2791 4339 3007 4396 fortiter
3032 4344 3334 4402 sustinent.
3380 4364 3399 4397 ι
3443 4347 3534 4399 Vi-

254 4449 387 4487 rum
415 4431 563 4486 enim
618 4437 672 4484 te
708 4437 927 4499 praesta,
983 4427 1183 4498 inquit,
1234 4434 1290 4482 et
1338 4425 1480 4482 forte
1509 4427 1581 4482 sit
1613 4441 1710 4481 cor
1741 4435 1921 4490 tuum,
1953 4435 2007 4483 ct
2031 4436 2288 4498 exspecta
2328 4426 2622 4484 Dominum
2642 4428 2743 4483 ⁸⁸.»
2767 4429 2979 4496 Quibus
3011 4431 3222 4487 scilicet
3249 4432 3561 4503 Christum,

258 4533 526 4592 tanquam
551 4520 605 4574 in
651 4519 889 4574 tentorio
921 4518 1217 4573 sull'erunt.
1249 4517 1468 4586 Corpus
1499 4515 1700 4571 etenim
1736 4514 1912 4583 ipsius
1951 4515 2257 4573 Ecclesiam
2294 4515 2500 4573 Paulus
2531 4518 2830 4588 appellavit
2860 4518 2926 4584 ⁵³,
2968 4518 3034 4574 de
3065 4533 3176 4588 quo
3203 4519 3350 4590 apud
3389 4523 3537 4574 Ana-

259 4613 411 4664 niam
449 4609 518 4662 ab
548 4608 739 4663 eodem
769 4607 978 4660 dictum
1006 4613 1092 4660 est
1126 4623 1139 4658 :
1175 4621 1194 4656 t
1231 4605 1356 4674 Ipse
1386 4603 1530 4659 enim
1561 4618 1657 4658 vas
1683 4603 1977 4659 electionis
2001 4604 2132 4658 mihi
2168 4613 2272 4670 est,
2308 4612 2368 4658 ut
2416 4603 2556 4658 ferat
2607 4620 2810 4659 nomen
2842 4621 3023 4669 meum
3069 4605 3122 4660 in
3170 4617 3531 4678 conspectum

259 4699 509 4769 gentium
545 4697 613 4752 ".
651 4715 670 4747 ι
717 4694 781 4748 Et
814 4696 918 4748 hoc
966 4707 1102 4749 sane
1159 4700 1326 4764 pacto
1357 4691 1613 4747 Christus
1649 4707 1676 4744 a
1713 4691 1922 4748 sanctis
1966 4691 2172 4761 portari
2210 4692 2434 4746 dicitur.
2471 4690 2646 4747 Porro
2677 4692 2868 4746 hircus
2904 4699 2958 4746 et
2995 4708 3172 4764 agnus
3199 4693 3338 4758 duos
3367 4709 3536 4767 p0pu-

258 4787 368 4848 los,
408 4786 648 4840 alterum
679 4784 908 4854 quidem
961 4789 1100 4836 natu
1143 4781 1437 4851 majorem,
1481 4781 1714 4834 alterum
1767 4780 2040 4835 minorem
2081 4779 2368 4834 denotant.
2415 4777 2726 4833 Taurorum
2756 4794 2885 4833 vero
2927 4782 3152 4836 nomine
3192 4781 3404 4838 laboris
3433 4797 3532 4855 pa-

257 4873 479 4935 tientia,
509 4880 564 4927 ει
592 4868 867 4926 fortitudo
888 4868 1346 4939 significabatur:
1374 4868 1560 4923 ovium
1585 4877 1770 4922 autem
1810 4868 2105 4932 lenitas,et
2124 4867 2404 4922 feracitas.
2425 4867 2520 4922 llis
2536 4868 2683 4922 enim
2716 4867 2881 4944 390
2910 4869 3003 4939 qui
3039 4869 3094 4924 in
3119 4869 3344 4926 Christo
3379 4872 3532 4927 iusiti

257 4969 394 5016 sunt
437 4960 651 5015 dictum
685 4966 771 5014 est
805 4975 819 5011 :
855 4975 874 5009 ι
904 4957 1065 5013 Omni
1107 4972 1138 5011 a
1191 4965 1244 5012 te
1275 4957 1482 5028 petenti
1541 4957 1693 5019 dato,
1719 4965 1775 5011 et
1808 4957 1878 5011 ab
1911 4956 2197 5012 auferente
2249 4965 2341 5010 tua
2374 4972 2484 5011 non
2521 4963 2730 5026 repete,
2759 4965 2815 5011 et
2861 4956 3092 5012 euidenti
3129 4967 3183 5012 te
3233 4960 3287 5013 in
3333 4961 3532 5014 maxil-

259 5049 369 5106 lam
403 5047 684 5111 dextram,
719 5046 948 5101 alteram
978 5045 1204 5100 obverte
1246 5045 1414 5099 etiam
1438 5044 1506 5099 ⁶¹.
1540 5063 1559 5097 ι
1610 5042 1756 5109 Quin
1817 5053 1873 5100 et
1920 5044 2124 5102 Paulus
2175 5046 2374 5102 scribit
2405 5061 2419 5098 :
2456 5066 2474 5099 ι
2510 5046 2740 5101 Servum
2775 5055 2957 5103 autem
2983 5047 3193 5104 Christi
3226 5065 3334 5104 non
3373 5050 3533 5106 deCl‘t

256 5144 502 5200 certare,
531 5134 629 5190 sed
666 5141 1020 5190 mansuetum
1050 5149 1174 5190 esse
1202 5147 1333 5202 erga
1354 5147 1549 5187 eomes
1579 5131 1646 5185 ".
1678 5150 1697 5183 ι
1732 5133 1840 5188 Sed
1865 5147 2026 5188 nemo
2068 5133 2357 5188 hominum
2385 5141 2542 5189 extra
2579 5144 2872 5204 peccatum
2899 5143 2984 5190 est
3015 5153 3029 5189 :
3072 5154 3090 5188 ι
3127 5133 3186 5191 Si
3221 5139 3389 5202 enim,
3428 5139 3534 5192 Do-

257 5227 432 5294 mine,
459 5226 513 5280 in
548 5225 869 5296 iniquitates
891 5223 1374 5289 animadverteris,
1409 5223 1536 5292 quis
1566 5222 1850 5278 constabit
1887 5221 1992 5279 sibi
2014 5222 2084 5285 ⁸³,
2117 5239 2137 5272 ι
2167 5228 2222 5276 ει
2247 5221 2450 5277 delicta
2489 5224 2616 5293 quis
2649 5223 2992 5295 componet?
3020 5239 3193 5295 quare
3222 5227 3392 5281 veteri
3418 5228 3536 5297 lege

341 5382 360 5453 ξ
393 5380 552 5436 Deut.
590 5397 700 5453 xvi,
742 5379 828 5453 l6.
893 5379 1253 5453 'fgltom_._xu,
1290 5375 1390 5453 12ζ
1412 5446 1426 5453 _
1457 5376 1502 5410 ⁸⁷
1527 5375 1740 5453 l3_ol_oss.
1774 5393 1830 5432 ιιι

1994 5379 2040 5453 [⁵
2067 5377 2210 5436 Psal.
2245 5396 2392 5448 xxvn,
2426 5381 2512 5440 ιι.
2576 5383 2622 5416 ⁸⁸
2647 5381 2864 5448 Coloss.
2891 5400 2929 5453 l,
2951 5383 3046 5444 24.
3115 5386 3162 5422 ⁶⁰
3187 5383 3311 5444 Act.
3343 5401 3422 5452 Ix,
3445 5387 3534 5442 ιε.

255 5452 302 5483 ⁶¹
334 5452 472 5506 Luc.
525 5467 600 5517 vi,
633 5451 724 5518 29,
753 5451 842 5507 30.
921 5449 968 5481 ⁸³
999 5448 1042 5502 ιι
1081 5447 1226 5503 Tim.
1265 5464 1325 5513 ll,
1360 5446 1453 5501 ΕΗ.
1531 5447 1578 5477 ⁸³
1610 5446 1757 5503 Psal.
1787 5463 1974 5512 cxxrx,
1998 5450 2053 5505 5.

1769 5542 1863 5598 NO
1875 5543 2012 5599 ΤᾸΕ.

328 5638 626 5726 (Β-ὶχΘεοῦ.
657 5639 840 5726 oliui.
859 5637 948 5726 διὰ
967 5637 1059 5726 τοῦ
1090 5638 1260 5726 τιμάν
1283 5636 1344 5726 τὸ
1371 5636 1847 5726 τιμάσθαιῗπραγ-
1957 5641 2118 5726 "fiere
2149 5641 2218 5726 5t:
2242 5634 2732 5726 tbvnttpdiusv,_xat
2754 5647 3231 5726 μνημονενόμεθα.
3268 5646 3534 5726 Δηιλοδται

263 5710 650 5790 μαξευόμενοι.
706 5710 820 5782 Τὴν
871 5709 928 5762 δὲ
975 5710 1130 5778 ὲπιιρ.
1178 5725 1266 5763 κτ.
1321 5709 1381 5762 ἐν
1433 5709 1510 5779 τῷ
1559 5709 1658 5778 τῆς
1707 5710 1846 5778 Αὑγ.
1956 5712 2160 5790 τοίννν,
2191 5709 2429 5790 ἔτι-Θεῷ
2472 5709 2571 5790 ’ἐᾷς
2599 5709 2884 5790 ῄμεῖὲραξ
2928 5709 3215 5790 καθιεροῦν
3266 5709 3535 5790 προσήκει

259 5781 390 5834 κὼὄ.
778 5781 783 5782 “
1955 5783 2157 5852 ψυχάς.
2194 5783 2377 5837 Ταῦτα
2403 5781 2529 5838 ’ἀντὶ
2557 5781 2666 5840 τῶν
2695 5781 2979 5860 ἑπομένων
3012 5791 3068 5844 ὲν
3089 5781 3166 5861 ἒῷ
3186 5781 3376 5862 είρημ.
3564 5851 3569 5860 ,

331 5851 443 5921 (55)
496 5848 778 5920 ’Δκριϐὴς,
816 5849 912 5903 καὶ
967 5849 1078 5902 τῶν
1125 5849 1512 5917 προσαγόντων
1556 5849 1846 5919 ὀνομασία.

559 5947 837 6006 ΡΑτιιοι.
870 5945 995 6006 Gn.
1025 5943 1376 6007 LXXXVII.

3046 5945 3124 6005 96
