3864 6514
523 379 626 445 811
777 382 779 385 ’
1864 381 2216 444 PROCOPII
2249 378 2499 442 GAZREI
3664 379 3748 444 bii

526 499 716 554 lircns
762 512 863 568 pro
917 495 1249 552 remissione
1301 494 1739 561 sacriﬁcabatur,
1769 512 1911 552 nova
1963 513 2096 553 vero
2125 507 2180 553 et
2218 505 2410 552 nostra
2445 494 2586 564 lege,
2619 494 2942 565 pmniteutia
2973 493 3293 566 requiritur.
3329 512 3350 547 ι
3385 492 3466 548 Tu
3497 494 3629 548 enim
3651 495 3748 564 ipse

525 588 762 656 primunt
797 593 1026 653 peccata
1055 590 1148 636 tua
1179 584 1470 649 conﬁtere,
1505 583 1711 657 inquit,
1747 594 1807 640 ut
1836 585 2165 656 jnstiﬁceris
2200 585 2266 638 “.
2311 602 2330 637 ι
2370 613 2427 623 -
2453 600 2474 637 ι
2510 580 2722 638 Mecum
2759 582 2893 654 ipse.
2912 582 3262 654 iniquitatem
3317 596 3497 638 meam
3548 595 3749 636 commc-

525 672 750 727 morabo
785 670 1040 739 Domino,
1066 680 1235 741 tuque
1265 670 1603 742 impietatem
1644 673 1829 730 cordis
1859 675 1964 728 tnei
2012 671 2275 728 remisisti
2306 672 2350 705 ⁸⁵
2384 711 2399 728 .
2429 690 2450 724 ι

594 785 774 850 Atque
805 795 869 835 ea
903 779 1121 850 quidem
1177 795 1300 851 qua:
1348 781 1439 836 hic
1484 781 1766 849 dicuntur,
1798 784 1852 838 in
1903 782 2124 838 Christo
2171 781 2600 837 considerentur
2633 780 2824 848 etiam,
2851 781 2946 851 qui
2997 795 3124 835 cum
3173 781 3365 835 multis
3396 781 3648 851 dignitate
3673 794 3752 846 par

523 881 690 936 esset,
726 886 823 941 pro
854 869 1111 926 omnibus
1142 878 1325 926 tamen
1356 871 1600 941 seipsum
1632 872 1852 928 obtulit.
1895 873 1974 926 Ac
2006 879 2198 926 sancta
2231 871 2286 925 in
2331 870 2536 924 mundo
2571 868 2822 925 Ecclesia
2851 871 3181 932 constituta,
3220 869 3392 924 variis
3425 869 3591 922 modis
3622 869 3669 922 in
3702 887 3752 919 ea

523 959 702 1012 utiicio
726 972 827 1012 suo
862 956 1131 1025 fungitur.
1165 957 1211 1010 A
1252 958 1411 1012 nobis
1444 959 1570 1012 item
1605 975 1704 1029 pro
1739 959 1898 1014 nobis
1930 958 2186 1013 sacriﬁcii
2216 956 2271 1011 in
2315 956 2539 1010 modum
2581 956 2834 1023 oﬁertur,
2871 956 2917 1011 si
2964 959 3228 1028 temporis
3264 955 3642 1012 vicissitudine
3674 972 3753 1025 per

424 1101 429 1106 ,
526 1049 804 1116 principes
833 1043 1019 1099 varios
1060 1043 1466 1099 consideretur.
1506 1047 1583 1099 Ac
1607 1045 1828 1099 victima
1862 1045 2083 1115 quidem
2123 1059 2185 1098 ea
2222 1043 2422 1098 diurna
2478 1045 2629 1098 omni
2669 1043 2908 1114 tempori
2949 1043 3245 1108 satisfacit,
3286 1044 3545 1098 ﬁdelibus
3575 1045 3754 1098 scilicet

525 1148 741 1203 semper
804 1131 1014 1187 fructus
1073 1129 1399 1192 ferentibus,
1456 1131 1638 1202 adque
1686 1133 2106 1187 similitudinem
2156 1145 2281 1187 sese
2311 1131 2519 1186 mundo
2569 1132 3003 1188 trucidantibus.
3039 1130 3330 1187 Peccatum
3365 1133 3513 1186 enim
3551 1132 3755 1186 subinde

521 1224 805 1292 jugtttant,
833 1235 896 1274 ac
928 1219 1039 1274 Deo
1069 1220 1121 1272 in
1157 1219 1353 1288 spiritu
1389 1219 1603 1273 vivunt.
1646 1221 2042 1274 Holocaustum
2078 1220 2260 1288 itaque
2312 1233 2437 1273 esse
2466 1217 2567 1272 soli
2599 1217 2817 1274 Christo
2845 1219 3129 1289 competit,
3162 1234 3229 1274 eo
3255 1219 3407 1290 quod
3448 1226 3595 1273 tritus
3646 1234 3754 1273 sati-

525 1321 652 1364 ctus
683 1310 935 1364 exsistat.
967 1309 1035 1360 At
1061 1307 1359 1377 separatim
1386 1307 1662 1361 victimam
1702 1307 2013 1362 Servatoris
2039 1308 2278 1361 similem
2300 1307 2521 1371 offerre,
2556 1306 2838 1361 hominum
2874 1308 3084 1378 peccati
3122 1308 3434 1362 exsortium
3465 1305 3642 1359 fuerit.
3669 1306 3756 1358 Pu-

515 1415 623 1452 ‘rus
656 1408 837 1452 autem
867 1412 897 1450 a
930 1398 1138 1465 peccati
1189 1396 1449 1449 sordibus
1493 1410 1657 1449 nemo
1702 1404 1807 1450 est.
1839 1393 2081 1448 Uﬁertur
2114 1411 2244 1450 vero
2294 1395 2537 1459 catinus,
2586 1410 2680 1449 vas
2715 1394 2914 1450 eduliis
2952 1403 3166 1465 aptum,
3202 1394 3665 1465 quemadmodum
3688 1395 3756 1447 di-

524 1489 601 1543 cit
636 1504 649 1541 :
691 1502 709 1536 ‹
749 1485 850 1551 Qui
884 1499 1097 1538 mecum
1132 1482 1352 1552 intingit
1383 1483 1438 1536 in
1474 1483 1659 1535 catino
1687 1483 1770 1534 ⁶⁶;
1813 1501 1831 1534 ι
1864 1482 2014 1551 pctui
2047 1497 2178 1537 vero
2225 1481 2420 1537 idonea
2450 1490 2534 1538 est
2563 1483 2764 1553 phiala.
2797 1481 2964 1536 Panis
3007 1498 3134 1536 vero
3181 1498 3290 1553 quo
3338 1485 3513 1536 vitam
3566 1494 3757 1536 susten-

525 1585 708 1628 tamtts
747 1574 964 1642 signum
1002 1570 1254 1640 similago
1284 1579 1388 1623 est.
1418 1566 1890 1634 Quemadmodum
1921 1569 2102 1637 itaque
2138 1569 2191 1622 in
2237 1569 2359 1623 cibo
2391 1579 2447 1622 et
2475 1581 2603 1638 potu
2633 1570 2740 1622 vita
2769 1570 3047 1632 consistit,
3077 1569 3151 1622 ita
3187 1570 3321 1639 ipsis
3369 1569 3627 1625 Christus
3659 1572 3761 1623 vita:

524 1672 721 1717 auctor
756 1663 1205 1728 repraesentetur.
1245 1673 1263 1706 ι
1297 1657 1496 1719 Amen,
1525 1655 1701 1720 enim,
1735 1656 1858 1709 dico
1885 1654 2067 1721 vobis,
2098 1655 2294 1724 inquit,
2319 1656 2463 1725 quod
2493 1657 2538 1710 si
2567 1672 2787 1711 carnem
2825 1654 2946 1710 Filii
2976 1658 3216 1711 hominis
3264 1674 3376 1711 non
3407 1659 3756 1720 comederitis,

523 1760 579 1803 et
607 1748 934 1816 sanguinem
958 1744 1080 1812 ejus
1122 1745 1404 1806 biberitis,
1435 1743 1604 1797 vitam
1630 1744 1680 1795 itt
1725 1744 1879 1797 vobis
1925 1758 2032 1798 non
2085 1744 2296 1798 habetis
2326 1745 2392 1799 ⁸⁷.
2427 1763 2445 1796 ι
2484 1743 2754 1804 Caeterum
2782 1745 2965 1798 oleum
3009 1745 3143 1798 illud
3172 1753 3255 1799 est
3296 1747 3453 1815 quod
3491 1744 3758 1801 Psaltnista

524 1839 786 1892 decantat
820 1853 833 1888 :
874 1852 892 1886 ι
958 1832 1252 1902 Propterea
1290 1832 1448 1885 unxit
1504 1839 1558 1884 te
1604 1829 1751 1886 Deus
1784 1831 1904 1886 oleo
1954 1832 2154 1885 laetitia:
2204 1847 2371 1901 supra
2398 1839 2688 1887 consortes
2735 1839 2860 1886 tttos
2886 1833 2951 1887 ⁸⁵.
3001 1852 3018 1884 ι
3053 1830 3225 1887 Porro
3257 1835 3464 1888 odores
3495 1843 3549 1888 et
3573 1833 3757 1888 sumtus

523 1924 782 1980 Christus
823 1929 908 1976 est
971 1919 1246 1974 coehleari
1303 1926 1757 1988 reprasentatus,
1791 1919 1886 1988 qui
1938 1918 2088 1974 domi
2123 1935 2188 1974 ea
2243 1919 2429 1986 habet,
2465 1934 2574 1974 non
2610 1920 2886 1990 particeps
2917 1936 3108 1974 eorum
3144 1922 3616 1990 quemadmodum
3653 1938 3756 1984 nos,

524 2017 707 2068 factus
736 2019 841 2067 est.
877 2010 1021 2066 Deus
1055 2010 1200 2064 enim
1235 2023 1357 2063 cum
1393 2008 1467 2064 sit
1507 2023 1607 2062 sua
1639 2017 1861 2072 natura,
1915 2007 2271 2078 fragrantiam
2318 2019 2374 2065 et
2403 2010 2754 2065 sanctitatem
2793 2009 3148 2079 conjunctam
3181 2011 3367 2064 habet.
3427 2010 3650 2065 Necnon
3683 2027 3762 2081 per

523 2101 784 2155 animalia
815 2097 1054 2152 adducta
1084 2098 1202 2168 ipse
1232 2105 1662 2167 repraesentatus
1703 2103 1810 2152 est.
1855 2093 1914 2149 In
1966 2086 2133 2150 tauro
2159 2098 2381 2169 quidem
2424 2107 2687 2168 tanquam
2717 2100 2985 2155 robustus
3011 2107 3066 2154 et
3098 2115 3294 2169 purus.
3335 2099 3682 2170 insuperque
3704 2102 3763 2154 ob

523 2189 774 2260 corporis
803 2185 1262 2256 magnitudinem,
1298 2183 1484 2239 omnia
1508 2183 1657 2238 enim
1690 2198 1812 2253 quae
1845 2183 1900 2238 itt
1927 2184 2150 2240 Christo
2181 2195 2332 2251 sunt,
2383 2187 2440 2240 in
2485 2186 2719 2257 spiritus
2770 2187 3071 2241 eminentia
3115 2191 3464 2244 consistunt.
3514 2188 3760 2243 Caeterum

524 2279 580 2332 in
612 2277 780 2332 ariete
812 2271 1168 2345 perfectionis
1197 2272 1418 2326 nomine
1445 2288 1468 2338 ',
1497 2273 1552 2325 in
1589 2286 1733 2341 agno
1765 2287 1896 2328 vero
1926 2271 2278 2329 innocentiae.
2307 2291 2327 2326 ι
2371 2272 2485 2343 Ego
2517 2274 2688 2340 enim,
2723 2273 2925 2343 inquit,
2959 2275 3108 2328 velut
3138 2289 3316 2346 agnus
3377 2278 3665 2347 pravitatis
3691 2278 3760 2331 in-

524 2364 676 2419 scius
707 2362 771 2416 ad
803 2360 1195 2415 mactationem
1219 2359 1448 2423 ductus,
1479 2372 1588 2413 non
1615 2359 1863 2414 intellexi
1895 2360 1961 2414 “.
1993 2379 2012 2412 ο
2057 2360 2115 2415 In
2166 2362 2323 2418 hirco
2351 2374 2534 2417 autem
2582 2370 2806 2432 propter
2834 2364 3222 2418 mactationem
3251 2380 3421 2433 quam
3459 2380 3560 2436 pro
3594 2380 3762 2434 pecca.

525 2455 600 2507 tis
633 2450 881 2521 pertulit.
933 2446 1278 2502 Sacriﬁcium
1327 2447 1474 2501 enim
1525 2462 1626 2516 pro
1668 2447 1910 2518 peccatis
1941 2447 2096 2517 juxta
2150 2450 2323 2518 legem
2382 2450 2574 2503 hircus
2602 2455 2705 2503 est.
2738 2449 2805 2503 At
2831 2450 3008 2506 tauris
3041 2453 3345 2506 tentorium
3380 2452 3761 2522 imponendum

526 2539 631 2594 fuit
658 2556 673 2604 ;
710 2553 806 2608 per
830 2536 1113 2591 Christum
1141 2533 1286 2589 enim
1318 2533 1577 2589 Ecclesia:
1607 2543 1764 2605 parta
1801 2538 2044 2606 requies,
2073 2551 2172 2607 per
2194 2552 2362 2607 quem
2413 2537 2698 2592 laboribus
2730 2539 2779 2591 ei
2807 2538 3114 2606 imparibus
3140 2542 3304 2593 etiam
3335 2554 3451 2594 non
3481 2542 3763 2595 succumbit

527 2643 746 2683 sacrum
783 2641 977 2696 genus.
1040 2623 1242 2679 Verum
1297 2623 1580 2677 enimvero
1624 2637 1747 2692 quae
1801 2624 1975 2680 duces
2022 2639 2121 2695 pro
2169 2640 2230 2680 se
2263 2624 2398 2695 ipsis
2443 2626 2498 2679 in
2527 2626 2864 2680 sacriﬁcium
2914 2640 3015 2695 pro
3047 2626 3229 2680 salute
3263 2627 3511 2682 litabant
3547 2645 3650 2682 non
3678 2643 3759 2682 ειη

526 2714 934 2781 signiﬁcatione
965 2721 1177 2766 carent.
1229 2708 1296 2763 Et
1340 2708 1547 2764 vitulus
1595 2708 1819 2779 quidem
1867 2710 2126 2768 Christus
2155 2721 2260 2768 est.
2302 2711 2562 2769 Iuvenca:
2604 2728 2738 2769 vero
2770 2729 2871 2769 nos
2913 2715 3191 2784 sanguine
3219 2715 3307 2769 itli
3330 2717 3543 2785 juncti,
3577 2724 3762 2769 tantum

523 2817 657 2858 vero
687 2802 1021 2871 principatu,
1060 2798 1301 2868 potentia
1334 2811 1554 2850 necnon
1606 2795 1897 2867 dignitate,
1926 2809 2191 2869 quantum
2244 2816 2362 2857 mas
2409 2800 2626 2858 feminae
2657 2810 2901 2871 praestat.
2932 2803 3050 2858 Dur.
3081 2805 3228 2858 enim
3282 2812 3485 2858 noster
3531 2805 3763 2860 Christus

525 2891 613 2945 cui
643 2889 876 2943 ﬁliorum
911 2887 1000 2941 Dei
1028 2886 1152 2955 quis
1175 2883 1627 2953 comparabitur?
1676 2882 1851 2938 Porro
1892 2885 2015 2940 dua:
2065 2888 2316 2956 juvencre
2358 2889 2588 2961 ﬁguram
2621 2892 2858 2946 duorum
2895 2891 3250 2962 populorum,
3285 2894 3388 2963 qui
3426 2894 3488 2947 in
3517 2893 3762 2947 unitatem

525 2980 872 3050 spiritualem
909 2993 1004 3048 per
1035 2977 1194 3030 ﬁdem
1225 2975 1585 3033 coaluerunt.
1622 2977 1933 3030 continent.
1957 2977 2176 3033 Arietes
2230 2993 2382 3043 vero,
2430 2979 2556 3049 agni
2589 2989 2644 3033 et
2683 2979 2824 3034 hirci
2869 2994 3100 3034 numero
3128 2994 3231 3033 suo
3260 2981 3530 3050 quinario
3558 2980 3762 3035 creden-

526 3073 661 3124 tium
703 3080 996 3121 numerum
1029 3065 1084 3117 in
1119 3063 1317 3134 quinto
1347 3069 1597 3131 tetnpore
1632 3072 1886 3118 coactum
1934 3073 2353 3134 repraesentant.
2401 3065 2462 3119 In
2516 3082 2676 3135 quem
2718 3067 2988 3122 adventus
3021 3067 3216 3122 incidit
3243 3067 3454 3122 Christi
3493 3070 3588 3138 qui
3615 3070 3762 3122 dicit:

533 3176 554 3209 ι
590 3157 647 3211 Si
683 3164 907 3211 evectus
941 3153 1096 3208 fuero
1143 3168 1172 3207 a
1211 3159 1381 3215 terra,
1438 3165 1633 3204 omnes
1664 3166 1763 3205 vos
1800 3167 2016 3206 mecum
2060 3155 2333 3208 attraham
2366 3155 2434 3209 ".
2474 3173 2491 3206 ι
2523 3156 2689 3226 Atqui
2720 3170 2817 3226 per
2842 3156 3044 3211 arietes
3076 3170 3269 3210 eorum
3312 3156 3626 3226 prudentiae
3657 3171 3758 3226 per-

528 3245 715 3312 fectio,
759 3259 855 3315 per
888 3257 1061 3312 agnos
1089 3239 1414 3310 simplicitas
1462 3247 1516 3292 et
1559 3237 1903 3306 innocentia,
1955 3257 2053 3312 per
2103 3243 2287 3298 hircos
2336 3258 2466 3298 vero
2495 3243 2849 3314 signiﬁcatur
2882 3245 3029 3313 quod
3061 3244 3300 3300 subinde
3330 3245 3621 3317 indigeant
3652 3261 3765 3316 pur-

529 3335 768 3405 gatione,
796 3341 849 3388 et
875 3330 1204 3386 delictorum
1232 3326 1660 3391 con-donatione,
1694 3342 1758 3380 ac
1801 3328 2033 3397 proinde
2084 3345 2301 3401 semper
2357 3331 2548 3386 dicant
2577 3347 2592 3385 :
2624 3331 2865 3387 Remitte
2898 3333 3061 3388 nobis
3094 3333 3298 3389 delicta
3336 3345 3553 3398 nostra,
3592 3350 3684 3404 pro
3708 3334 3765 3387 iis

528 3422 654 3491 quis
686 3417 1038 3475 satisfaciet?
1067 3428 1117 3471 et
1146 3416 1213 3470 ab
1245 3412 1635 3468 aﬁ'ectio-nibus
1669 3414 1858 3483 pravis
1899 3430 2137 3488 repurga
2175 3435 2282 3474 tne.
2317 3417 2577 3476 Omnium
2604 3436 2734 3476 vero
2768 3422 2997 3492 aequalis
3037 3431 3124 3478 est
3149 3422 3362 3477 oblatio
3396 3432 3455 3477 ut
3489 3425 3629 3478 citra
3661 3437 3761 3476 om-

527 3527 653 3565 nem
687 3508 1044 3564 ambitionem
1070 3503 1186 3568 ﬁat,
1219 3517 1288 3557 ne
1323 3501 1642 3572 praestantia
1668 3501 1859 3561 unius.
1904 3503 1974 3558 ad
2007 3507 2398 3560 contumeliam
2445 3508 2742 3562 multorum
2775 3508 3104 3563 inferiorum
3139 3511 3323 3566 cedat.
3363 3509 3620 3566 Plaustra
3656 3525 3762 3564 vero

527 3598 811 3652 rutilantia
845 3602 1006 3652 vocat
1033 3593 1195 3666 juxta
1233 3588 1598 3662 quorumdam
1624 3589 1982 3648 traditionem
2020 3607 2220 3649 ειη-ηις
2249 3609 2390 3664 quos
2430 3596 2562 3650 tnuli
2615 3596 2861 3651 trahunt.
2894 3598 2966 3652 At
2999 3597 3226 3668 Aquilas
3252 3609 3582 3666 protectores
3614 3598 3759 3651 inter.

529 3694 800 3759 pretatur.

600 3774 719 3827 Duo
764 3771 1007 3840 plaustra
1058 3777 1108 3824 et
1135 3777 1362 3838 quatuor
1378 3762 1785 3837 boves.[Vll,7.]
1815 3763 2131 3818 Levitarum
2171 3771 2620 3836 prtestantissitni
2651 3772 2922 3828 Coathitai
2956 3787 3125 3842 super
3159 3774 3429 3836 humeris,
3465 3774 3624 3844 391
3669 3785 3757 3825 non

529 3864 795 3935 plaustris
823 3863 966 3916 sicut
993 3859 1300 3916 Gersonitte
1339 3869 1393 3914 et
1439 3859 1739 3924 Meraritte,
1783 3855 1961 3910 fulcra
2013 3863 2251 3925 gestant.
2297 3863 2419 3925 Quo
2458 3861 2611 3914 enim
2647 3861 2958 3931 quidquam
3007 3860 3120 3915 Deo
3147 3865 3379 3932 propius
3425 3872 3535 3926 est,
3585 3875 3649 3915 eo
3679 3875 3759 3911 ex-

532 3952 822 4007 (clientius
848 3959 934 4006 est
961 3966 1027 4003 eo
1075 3950 1224 4020 quod
1251 3951 1597 4004 extrinsecus
1628 3947 1872 4003 excellit.
1910 3943 2160 3999 Proximi
2200 3960 2382 4002 autem
2417 3947 2524 4003 Deo
2571 3951 2821 4020 suntqui
2858 3964 2889 4003 a
2925 3950 3078 4004 vasis
3108 3951 3287 4005 sacris
3328 3950 3630 4005 exsistunt.
3658 3946 3758 4002 Ca-

533 4051 713 4096 terum
751 4039 1021 4093 Meraritis
1052 4039 1296 4107 plaustra
1323 4037 1566 4106 duplicia
1595 4051 1722 4089 cunt
1753 4035 1930 4088 bobus
1961 4035 2088 4087 data
2122 4041 2277 4096 sunt,
2312 4049 2484 4103 quare
2511 4034 2690 4089 fulcra
2727 4049 2948 4106 quoque
2978 4037 3233 4106 graviora
3264 4053 3434 4107 quam
3471 4036 3757 4092 Gersonitae

533 4133 885 4197 acceperunt.
919 4124 1233 4179 Cahathitis
1282 4131 1465 4179 autem
1524 4123 1661 4176 nihil
1713 4121 1902 4175 datu-tn
1961 4131 2068 4185 est,
2120 4121 2298 4175 fulcra
2341 4133 2519 4177 tamen
2560 4139 2751 4178 eorum
2787 4126 3150 4180 nihilominus
3181 4127 3470 4196 magniﬁca
3511 4133 3655 4184 sunt,
3682 4135 3758 4175 aut

530 4216 676 4269 enim
711 4214 762 4266 hi
789 4211 883 4283 qtti
909 4226 1014 4265 non
1048 4218 1289 4279 portant,
1323 4211 1672 4280 angustiores
1707 4207 1942 4262 fuerint.
1981 4205 2136 4273 Quod
2180 4209 2223 4262 si
2271 4219 2375 4273 cst,
2400 4211 2438 4264 ii
2469 4227 2692 4281 quoque
2729 4213 2824 4281 qui
2861 4213 2916 4266 in
2949 4212 3192 4267 Sabban
3222 4212 3396 4267 fulcra
3437 4213 3630 4267 tollunt
3658 4225 3756 4265 san-

531 4304 734 4357 ctiores
766 4311 817 4354 et
849 4298 1073 4369 legitimi
1108 4297 1283 4366 magis
1322 4307 1484 4352 erunt
1515 4298 1584 4351 iis
1611 4297 1704 4365 qui
1739 4311 1847 4350 non
1880 4296 2102 4361 tollunt,
2144 4296 2292 4366 iique
2328 4298 2531 4367 abjecti
2579 4315 2644 4354 ac
2687 4300 2903 4370 profani
2935 4299 3164 4355 fuerint.
3198 4301 3358 4365 Quod
3392 4302 3614 4354 minime
3641 4314 3753 4352 ροη-

530 4388 841 4445 cedendum
873 4394 980 4449 est,
1012 4384 1472 4456 quemadmodum
1503 4401 1604 4440 nec
1641 4385 1777 4438 illud
1821 4383 2045 4454 quidem
2081 4385 2224 4453 quod
2251 4387 2343 4455 qui
2375 4387 2593 4442 labores
2630 4390 2831 4443 tolerat
2870 4401 3097 4459 propter
3136 4389 3444 4443 Ecclesiam
3481 4387 3754 4459 ignobilior

529 4494 601 4534 eo
632 4477 703 4532 sit
736 4475 830 4547 qui
860 4476 1031 4529 otium
1071 4488 1170 4526 ceu
1207 4475 1558 4542 praestantius
1589 4473 1840 4541 elegerit,
1889 4486 1990 4526 nec
2041 4472 2178 4526 illud
2223 4477 2366 4545 quod
2419 4477 2626 4530 mundo
2673 4477 2892 4531 deditus
2946 4477 3191 4532 sanctior
3225 4475 3300 4531 sit
3332 4491 3398 4530 eo
3433 4479 3528 4547 qui
3577 4477 3643 4530 ab
3677 4474 3756 4527 illo

527 4575 690 4622 Vacat
721 4607 738 4630 ,
770 4579 870 4619 nec
895 4563 1200 4617 Sabbatum
1233 4561 1532 4632 profanatis
1563 4577 1628 4616 eo
1660 4562 1753 4629 qui
1797 4561 2052 4614 coluerit.
2377 4558 2385 4564 ’

600 4657 675 4709 Ac
718 4663 1058 4723 posteaquam
1123 4649 1359 4703 tinxisset
1395 4649 1590 4717 ipsum.
1639 4643 1781 4718 [88.]
1831 4647 2102 4702 Aaronetn

2281 4649 2391 4704 Kal
2407 4651 2557 4719 μετὰ
2586 4652 2652 4705 τὸ
2674 4651 2877 4720 χρῖσαι
2900 4651 3120 4717 auter,
3140 4652 3300 4721 δήλην
3317 4652 3401 4706 ὃτι
3434 4653 3527 4705 τὸν
3547 4651 3749 4719 Ἀαρών.

527 4747 595 4800 tle
622 4759 731 4816 quo
762 4744 904 4815 apud
939 4742 1130 4797 Mosen
1164 4755 1476 4795 sermonem
1527 4739 1774 4794 facturus
1818 4738 1924 4792 fuit
1960 4737 2053 4794 Det

2226 4743 2346 4812 περὶ
2386 4743 2549 4796 αὑτοῦ
2583 4745 2695 4815 γὰρ
2751 4744 2938 4814 μέλλει
2985 4744 3336 4813 διαλέγεσθαι
3387 4744 3467 4815 τῷ
3500 4745 3685 4810 Μωῦσῇ
3731 4743 3752 4791 6

529 4837 587 4893 id
623 4836 823 4891 fecisse
854 4840 1095 4888 constat.
1138 4830 1612 4900 Cmtcrum,juxta
1658 4831 1798 4886 alios
1840 4830 2055 4900 interpr.

2223 4833 2363 4898 θεός.
2384 4835 2539 4889 Κατὰ
2567 4835 2623 4889 δὲ
2643 4837 2770 4899 τοὺς
2794 4836 2987 4901 ἄλλους
3014 4837 3356 4908 ὲρμηνευτὰς
3380 4880 3394 4903 ,
3434 4838 3578 4892 αὐτό
3599 4834 3749 4888 ἐκδόν-

530 4944 635 4995 tes,
675 4929 852 4998 ipsum
907 4926 1080 4981 altare
1111 4934 1404 4995 postquam
1432 4924 1748 4987 nnxissent,
1796 4923 1920 4990 ait;
1965 4937 2056 4992 pra

2220 4945 2326 4990 τας,
2361 4928 2423 4981 τὸ
2453 4927 2841 4999 θυσιαστήριόν
2889 4947 3043 5000 φησι.
3089 4930 3376 5001 “postnth
3405 4931 3517 5000 γὰρ
3537 4973 3550 4994 ,
3582 4947 3597 4979 t
3627 4924 3746 4990 Δῦτη

531 5025 679 5078 fatus
708 5019 854 5075 enim
892 5033 906 5072 :
945 5034 963 5068 ι
988 5019 1164 5086 Atque
1202 5017 1317 5071 haec
1343 5025 1428 5071 est
1464 5014 1798 5070 instauratio
1837 5014 2057 5079 altaris;

2223 5023 2245 5091 ἡ
2289 5022 2590 5090 ὲγκαίνισις
2639 5022 2733 5075 τοῦ
2771 5022 3184 5093 Θυσιαστηρίου,
3220 5042 3237 5073 ι
3272 5024 3541 5093 ἐπήγαγε,
3576 5041 3592 5073 t
3621 5019 3749 5074 Meri

532 5113 826 5186 subjunxit
865 5131 878 5167 :
942 5128 960 5162 ι
1009 5111 1373 5179 Posteaquam
1416 5108 1710 5163 unxissent
1735 5107 1939 5177 ipsum.
1972 5123 1991 5158 ι
2030 5103 2058 5158 E

2076 5119 2106 5158 a
2211 5109 2275 5161 τὸ
2293 5110 2480 5181 χρίσαι
2510 5110 2661 5164 αὑτό.
2699 5129 2720 5164 ι
2767 5110 3078 5164 Ὠὁέλισται
3112 5112 3221 5183 γὰρ
3253 5113 3320 5166 τὰ
3349 5116 3406 5166 ἐν
3436 5116 3596 5184 μέσῳ.

530 5213 678 5267 enim
710 5223 832 5280 qua:
863 5207 918 5261 in
953 5203 1135 5259 medio
1169 5211 1320 5268 sitnt,
1351 5216 1459 5257 non
1493 5202 1794 5261 habentur.

602 5323 915 5380 Constituta
952 5335 1084 5375 vero
1116 5317 1387 5381 Ecclesia,
1421 5316 1475 5370 id
1505 5316 1650 5370 enim
1686 5311 2098 5370 tabernaculum
2148 5323 2254 5378 est,
2303 5313 2396 5368 Dei
2448 5313 2631 5369 Patris
2686 5315 2756 5370 ad
2790 5331 2891 5373 nos
2945 5317 3198 5388 pervenit
3220 5333 3347 5372 vox.
3393 5318 3520 5372 Nam
3556 5317 3746 5370 levatus

530 5414 692 5469 nobis
731 5421 815 5467 est
843 5426 938 5481 per
969 5409 1168 5463 Filium
1200 5420 1359 5477 quem
1391 5404 1835 5474 propitiatorium
1865 5418 1964 5472 pro
2003 5403 2242 5472 peccatis
2280 5403 2482 5457 nostris
2505 5404 2718 5472 posuit.
2754 5403 2867 5457 Vox
2922 5419 3053 5459 vero
3098 5415 3216 5459 erat
3253 5420 3424 5473 supra
3455 5403 3742 5461 Cherubin;

531 5509 757 5572 supcrat
785 5502 929 5555 enim
957 5497 1165 5563 omnia,
1199 5495 1363 5550 etiam
1407 5507 1700 5563 supremas
1731 5493 1912 5558 sedes,
1956 5491 2120 5547 Deus.
2163 5490 2331 5545 Filius
2375 5500 2556 5546 autem
2596 5493 2690 5561 qui
2743 5491 2908 5546 verba
2945 5493 3067 5562 ejus
3101 5492 3168 5544 ad
3205 5507 3306 5547 nos
3333 5491 3522 5553 defert,
3555 5491 3738 5556 inqnit:

539 5611 558 5644 ι
596 5589 776 5644 Verba
809 5603 930 5657 qua:
954 5602 1054 5658 ego
1091 5584 1236 5640 facio
1266 5598 1380 5638 non
1417 5597 1557 5647 mea,
1600 5579 1698 5637 sed
1750 5581 1871 5650 ejus
1930 5582 2023 5650 qtti
2076 5595 2162 5634 me
2211 5579 2437 5650 legavit,
2496 5580 2719 5635 sunt“.
2758 5597 2776 5630 ι
2832 5578 2896 5634 Ει
2931 5578 3036 5634 hoc
3069 5594 3203 5634 sane
3233 5578 3500 5634 indicatur
3527 5593 3586 5633 eo
3613 5575 3738 5646 quod

603 5755 650 5788 “
679 5755 785 5810 Isa.
827 5769 975 5815 tun.
1005 5751 1095 5805 26.
1173 5752 1218 5783 ⁵⁵
1253 5750 1398 5804 Psal.
1435 5763 1585 5808 xxxi,
1613 5747 1665 5802 5.
1725 5746 1772 5777 “
1808 5745 2005 5801 Matth.
2037 5764 2129 5804 ut

2221 5746 2310 5803 23.
2374 5746 2416 5778 δ’
2447 5742 2606 5800 Joan.
2642 5759 2716 5812 tv,
2744 5744 2834 5801 54.
2909 5743 2953 5776 ⁸⁸
2984 5741 3128 5800 Psal.
3156 5755 3338 5808 cxuv,
3371 5740 3423 5798 8.
3510 5739 3548 5771 υ
3571 5735 3739 5792 Jerem.

532 5839 617 5895 xz,
663 5828 746 5880 19.
837 5824 881 5855 τθ
911 5822 1072 5878 Joan.
1106 5837 1201 5879 xu.
1243 5822 1314 5876 3?.
1447 5821 1489 5851 ⁷⁸
1519 5817 1679 5874 Joan.
1715 5833 1826 5886 xiv,
1859 5817 1927 5873 Ἠ
