3864 6498
49 375 148 444 813
1148 373 1678 443 COMMENTARII
1727 369 1803 439 ΙΝ
1848 370 2234 439 NUMEROS.
3217 373 3318 440 8H

50 512 145 547 \ox
176 510 353 565 supra
422 495 867 566 propitiatur-ium
923 492 1066 553 facta
1105 508 1213 554 est.
1275 485 1551 552 Creterum
1583 491 1933 549 tribunorltm
1984 493 2192 558 aditus;
2239 505 2344 548 non
2381 493 2527 548 enim
2581 502 2636 547 et
2676 491 2808 548 illud
2853 491 2920 568 de
2977 491 3320 564 principibus

49 569 435 637 omittendum
473 593 572 646 est.
609 600 716 638 non
758 585 1064 639 secundum
1102 583 1478 655 generationis
1524 577 1891 648 Seriem,'sed
1930 593 2244 637 castrorum
2281 581 2530 636 ordinem
2567 596 2729 649 quem
2759 581 3020 636 tenebant
3053 581 3201 635 circa
3242 593 3323 636 ta-

47 671 426 727 bernaculum
475 671 655 725 fiebat.
699 672 918 727 Primus
949 672 1097 727 cnim
1121 669 1322 734 Iudas,
1362 670 1459 741 qui
1507 670 1666 740 juxta
1711 677 1928 725 aetatem
1967 677 2202 738 quartus
2243 677 2427 733 esset;
2469 669 2745 725 secundus
2779 669 3062 734 lssachar,
3099 671 3193 742 qui
3230 686 3323 728 no-

52 773 150 812 nus
184 757 598 824 foret;tcrtius
622 758 895 824 Zabulon,
928 759 1022 830 qni
1059 758 1310 814 decimus
1341 764 1508 812 esset.
1546 755 1870 811 Secundum
1918 755 2118 811 deinde
2148 755 2436 810 decuriam
2480 752 2877 826 primogenitus
2916 750 3108 812 Ruben
3158 759 3323 813 habet

51 858 76 898 a
109 861 219 916 quo
251 846 551 902 secundus
584 855 669 902 est
703 846 952 902 Simeon.
983 846 1206 902 Tertius
1239 853 1326 901 est
1361 845 1477 900 Gad
1519 860 1582 898 ex
1625 844 1831 899 ancilla
1877 845 2116 915 genitus.
2153 830 2467 914 Eodemque
2498 845 2658 897 modo
2688 844 2754 898 dc
2789 831 3010 899 duobus
3035 846 3128 916 qui
3163 847 3323 899 dein-

55 947 176 1003 reps
235 939 568 1003 sequuntur
605 933 899 990 Ordinibus
953 934 1378 1003 intelligendum
1423 941 1529 988 est.
1588 931 1782 987 Tacite
1845 933 1978 986 vero
2022 930 2392 1002 signilicatdm
2449 935 2555 995 e'st,
2589 926 2817 984 verbum
2853 932 3092 1001 primum
3140 933 3320 986 locum

55 1021 189 1089 apud
224 1019 411 1075 Deum
457 1031 669 1085 tenere,
709 1018 1067 1094 Evangeiium
1101 1018 1347 1091 denique
1377 1019 1506 1074 Iesu
1543 1018 1752 1074 Christi
1798 1021 1955 1090 prius
2004 1033 2130 1075 esse
2165 1017 2304 1088 leg'e.
2337 1007 2506 1073 Primi
2537 1019 2685 1072 enim
2723 1017 3086 1073 noi‘isslmiim
3140 1020 3319 1073 locum

56 1109 450 1171 obtinuerunt,
499 1121 551 1164 et
600 1110 889 1164 novissimi
938 1111 1198 1181 primum.
1234 1109 1370 1163 Nam
1425 1111 1550 1164 cum
1601 1107 1787 1163 lsraeii
1840 1105 2445 1178 primogenitttrtejure
2477 1121 2506 1158 a
2543 1103 2774 1161 Ruhcne
2820 1109 3074 1177 accepto.
3110 1108 3322 1177 primus

56 1196 352 1251 deberetur
371 1197 547 1260 brdo,
575 1212 604 1249 a
639 1202 796 1266 tergo
827 1207 1009 1251 tamen
1047 1199 1239 1269 gentes
1273 1197 1327 1250 in
1376 1187 1517 1250 Juda
1561 1211 1592 1250 a
1637 1195 1864 1252 Christo
1895 1193 2120 1250 vocatas
2156 1194 2434 1264 sequitur.
2469 1191 2508 1249 li
2539 1209 2761 1266 quoque
2790 1195 2882 1266 qui
2920 1195 3178 1250 servilem
3222 1195 3320 1250 ha-

59 1287 185 1341 bent
216 1284 517 1356 spiritum,
558 1285 765 1356 filiique
798 1287 1019 1340 servilis
1067 1283 1373 1339 Jerusalem
1421 1286 1724 1346 exsistunt,
1760 1283 1943 1337 locum
1967 1283 2096 1336 tiliis
2124 1282 2334 1344 liberae,
2381 1281 2595 1346 matris,
2641 1283 2892 1352 inquam,
2927 1291 3154 1344 nostra.
3187 1297 3322 1336 cou-

60 1371 274 1425 redunt.
305 1370 498 1426 ludas
537 1371 684 1426 enim
719 1387 746 1424 a
780 1387 891 1441 quo
921 1371 1180 1426 Christus
1228 1378 1396 1425 natus
1453 1374 1538 1424 est
1585 1369 1890 1440 principem
1921 1371 2100 1426 locum
2145 1369 2333 1424 habet.
2375 1368 2579 1424 Deinde
2603 1368 2863 1425 Issacliar
2891 1381 2945 1424 et
2975 1369 3226 1425 Zabulon
3261 1369 3327 1424 iis

63 1457 171 1513 heri
201 1473 267 1514 ex
299 1459 490 1514 libera
531 1459 669 1512 nati.
719 1457 990 1528 Deinceps
1020 1458 1218 1512 Ruben
1245 1456 1652 1527 primogenitus
1675 1459 1830 1527 juxta
1875 1456 2070 1514 Jacobi
2119 1457 2444 1512 vaticinium
2471 1457 2540 1520 τ’,
2574 1465 2900 1521 contumax.
2934 1466 2988 1512 et
3021 1458 3320 1513 violentus.

67 1539 184 1602 l’ost
235 1564 406 1616 quem
455 1546 716 1616 sequitur
770 1547 994 1602 Simeon
1041 1549 1133 1616 qui
1181 1562 1305 1600 eum
1365 1545 1492 1600 Levi
1547 1546 1825 1601 homicida
1859 1546 2040 1601 dictus
2092 1555 2197 1601 est.
2243 1543 2306 1599 Et
2351 1553 2572 1601 sanctos
2621 1545 2844 1615 quidem
2879 1543 3320 1600 interfecerunt:

74 1652 88 1684 ι
122 1633 289 1700 Quem
344 1635 507 1690 enim
549 1635 968 1706 prophetarum,
1011 1639 1110 1698 ait,
1142 1651 1252 1690 non
1285 1637 1617 1691 occiderunt
1658 1643 1847 1704 patres
1875 1634 2044 1688 vestri
2076 1633 2166 1686 7'?
2204 1653 2222 1686 υ
2255 1631 2466 1687 Nervos
2496 1645 2625 1688 vero
2660 1634 2937 1688 truncavit
2975 1625 3139 1688 tauro
3167 1634 3330 1688 Citri-

72 1732 176 1788 sto;
211 1735 320 1776 nun
353 1723 516 1778 eni'm
565 1724 719 1791 plebs
745 1725 978 1788 tantum,
1020 1739 1208 1778 verum
1243 1717 1408 1778 etiam
1448 1723 1657 1778 Scriba;
1691 1729 1743 1776 et
1779 1719 2068 1785 Pharisasi,
2110 1720 2327 1776 facinus
2345 1729 2540 1774 contra
2576 1720 2857 1776 Christum
2889 1729 3268 1791 conceperunt
3308 1727 3322 1773 ἑ

73 1809 218 1862 veluti
269 1809 402 1864 cum
450 1811 508 1864 in
539 1800 655 1864 Cati
689 1819 1015 1872 tentassent,
1055 1823 1120 1864 ac
1150 1812 1397 1865 dicerent
1432 1829 1445 1865 :
1481 1829 1499 1862 ι
1527 1809 1836 1864 Licitumne
1866 1817 1951 1863 est
1971 1807 2104 1862 dare
2134 1809 2338 1862 tributa
2366 1804 2604 1863 Caesari?
2629 1825 2648 1860 s

139 1880 179 1950 Ε
215 1899 426 1967 regione
453 1893 772 1952 candelabri
822 1898 1066 1952 lucebunt
1111 1909 1306 1969 septem
1336 1886 1591 1953 lucernae.
1631 1880 1796 1970 [VII],
1824 1893 1908 1967 2.]
1945 1893 2202 1949 Divinum
2251 1895 2400 1948 enim
2441 1897 2626 1950 lumen
2680 1911 2791 1950 non
2835 1895 3092 1950 immittit
3133 1896 3327 1950 radios

77 2001 190 2041 suos
219 1988 289 2042 iis
327 1987 426 2057 qui
466 1996 686 2058 tergunt
729 1986 1048 2052 obvertunt,
1102 1987 1430 2059 longiusque
1477 1986 1546 2041 ab
1599 2002 1666 2042 eo
1698 1974 1986 2040 recedunt.
2027 1983 2234 2038 \‘crum
2285 1983 2397 2038 illis
2427 1985 2521 2054 qui
2572 2000 2668 2054 per
2697 1986 3006 2041 libertatem
3048 1985 3172 2040 fidei
3243 1988 3323 2040 vi.

81 2086 237 2142 neque
271 2066 640 2130 sanctitatem
671 2085 953 2132 ostentant
1006 2075 1223 2130 faciem.
1257 2076 1338 2130 Ad
1373 2075 1596 2130 Judaéos
1626 2073 1772 2128 enim
1808 2088 1904 2144 per
1935 2071 2131 2148 Isaiam
2170 2071 2312 2127 Deus
2339 2068 2513 2126 dixit:
2549 2089 2568 2124 t
2597 2073 2756 2138 Quod
2791 2075 2838 2129 Si
2871 2089 3070 2131 manus
3109 2086 3328 2130 vestras

81 2178 189 2232 erga
225 2180 308 2218 me
360 2165 756 2232 porrexeritis,
819 2173 1067 2218 avertant
1117 2164 1312 2218 facient
1365 2180 1539 2220 meam
1575 2180 1604 2217 a
1637 2162 1796 2216 vobis
1839 2160 1903 2212 ⁷⁸.
1953 2178 1970 2209 s
2002 2159 2159 2213 Oculi
2198 2175 2324 2213 vero
2364 2159 2577 2213 Domini
2624 2176 2794 2230 super
2823 2162 3010 2231 justos
3045 2175 3200 2227 sunt,
3243 2165 3323 2218 sia

85 2260 163 2302 cut
206 2248 508 2304 Psalmista
565 2258 817 2304 testatur.
871 2250 1140 2306 thterum
1183 2266 1417 2304 aureum
1471 2258 1557 2306 est
1610 2247 2031 2312 candelabrum,
2079 2247 2132 2301 id
2171 2257 2278 2309 est,
2311 2255 2488 2302 totum
2522 2251 2586 2302 ad
2616 2241 2952 2306 intellectum
2992 2267 3056 2308 ac
3086 2263 3326 2308 mentem

85 2336 432 2392 referendum.
472 2334 652 2407 Cujus
684 2339 908 2408 quidem
959 2339 1138 2392 caulis
1195 2339 1396 2396 mentis
1449 2337 1700 2394 habitum
1755 2335 2187 2406 redintegratqu
2244 2334 2492 2400 denotat,
2529 2336 2643 2390 lilia
2675 2336 2917 2408 denique
2949 2340 3092 2409 ejus,
3127 2342 3329 2398 mentis

89 2428 227 2483 liores
248 2431 300 2484 et
328 2435 597 2483 ornatUs.

146 2557 292 2612 Same
344 2556 567 2614 Leuitas
608 2570 636 2613 ‘e
657 2561 838 2614 medio
867 2561 1098 2629 ﬁliorum
1124 2559 1317 2615 Israel.
1349 2557 1515 2633 [Vlli,
1547 2541 1659 2632 l6.]
1692 2554 1751 2611 In
1783 2553 2228 2622 CltristOIiteruin
2262 2537 2576 2612 Levilarnm
2605 2555 2918 2628 purificatio
2957 2564 3061 2612 est.
3097 2546 3152 2611 Si
3185 2559 3328 2614 enim

97 2648 295 2717 sanguis
326 2657 630 2702 taurorum
666 2655 720 2703 et
749 2649 1060 2714 hircorum,
1089 2649 1276 2720 inquit
1318 2646 1522 2703 Paulus
1552 2649 1620 2711 ⁷⁵.
1669 2651 1874 2715 quanto
1912 2642 2089 2713 magis
2136 2641 2344 2698 Christi
2395 2645 2622 2714 sanguis
2657 2647 2709 2700 in
2749 2645 2928 2716 ip'Sins
2959 2647 3322 2701 Communita-

97 2742 184 2787 tein
218 2736 418 2790 ascitos
456 2735 802 2791 sanctificat.
851 2735 1121 2790 Caeterum
1175 2751 1316 2805 aqua
1359 2734 1522 2806 392
1569 2731 1976 2806 purificationis
1999 2731 2242 2786 cinerem
2272 2731 2486 2787 bucula:
2520 2733 2822 2790 admistum
2851 2735 3088 2798 habens,
3131 2735 3329 2790 morti—

100 2824 340 2881 ticatinnis
392 2840 532 2880 cum
586 2824 809 2880 Christo
845 2837 1007 2895 quam
1051 2824 1106 2879 in
1147 2823 1427 2895 baptismo
1481 2821 1744 2878 obtestati
1790 2832 1981 2875 sumus
2011 2819 2485 2878 commonefacit:
2532 2841 2550 2873 ι
2601 2820 2720 2877 Una
2761 2824 2907 2878 enim
2939 2838 3065 2878 cum
3105 2819 3200 2880 illo
3240 2839 3328 2880 se-

106 2911 220 2977 pulti
249 2927 439 2968 sumus
477 2927 583 2983 per
640 2911 975 2982 baptismum
1029 2911 1082 2967 in
1117 2918 1348 2968 mortem
1381 2911 1451 2966 ".
1484 2926 1502 2965 ι
1556 2908 1623 2965 Et
1643 2906 2106 2979 rursuminquit:
2159 2924 2179 2960 ι
2229 2910 2458 2979 Semper
2485 2912 2826 2980 sepulturam
2857 2910 2989 2966 .le’su
3022 2909 3232 2967 Christi
3273 2914 3327 2967 in

105 3011 308 3069 corpore
350 2999 824 3057 circumferentes
883 3001 951 3055 ⁷⁷.
992 3019 1010 3054 ι
1073 3002 1170 3056 Est
1194 3007 1376 3055 autem
1427 3000 1712 3071 sepultura
1764 2998 1902 3064 haec,
1951 2997 2157 3053 mundo
2195 2997 2419 3069 quidem
2477 3001 2640 3065 mori,
2681 2998 2912 3056 Christo
2948 3009 3082 3055 Vero
3121 3003 3326 3056 vivere.

112 3103 126 3136 ι
153 3087 250 3158 Ego
273 3089 414 3144 enim
450 3105 557 3160 per
593 3089 790 3158 legem,
825 3088 1028 3158 inquit,
1061 3088 1166 3159 legi
1193 3097 1446 3145 mortuus
1466 3095 1610 3152 sum,
1646 3094 1704 3141 ut
1739 3084 1851 3142 Deo
1876 3084 2060 3141 vivere
2093 3094 2310 3156 posSem
2347 3086 2446 3142 ⁷³.»
2471 3085 2535 3140 Et
2563 3086 2732 3156 hujus
2772 3088 2994 3158 quidem
3027 3089 3328 3142 mortitica-

109 3173 248 3228 tionis
279 3185 574 3231 consortes
623 3187 747 3230 esse
788 3175 1107 3231 Levitarum
1158 3174 1410 3231 ordinem
1439 3181 1696 3246 oportere
1727 3174 1834 3230 bo'c
1879 3174 2081 3245 arguit,
2117 3172 2267 3245 quod
2311 3173 2563 3230 radendb
2603 3175 2748 3246 pilos
2796 3169 2972 3228 totum
2998 3186 3202 3246 corpus
3231 3177 3330 3230 de-

115 3260 287 3318 undare
314 3264 592 3334 pmcipit.
629 3261 732 3316 Per
763 3263 904 3333 pilos
949 3267 1133 3317 autem
1175 3262 1479 3334 significari
1529 3267 1750 3318 constat
1791 3262 2130 3318 lusuriantia
2155 3262 2325 3317 animi
2353 3263 2624 3334 germina,
2649 3263 2854 3332 quibus
2889 3263 3143 3320 hirsutus
3183 3263 3328 3319 Esau

114 3350 403 3413 abundavit.
456 3350 638 3406 Jac-oh
684 3367 814 3407 vero
851 3351 1003 3407 larvis
1029 3351 1232 3407 caruit.
1274 3350 1405 3418 Quae
1437 3351 1660 3422 quidem
1711 3350 1934 3410 divinus
1977 3360 2162 3410 Sermo
2196 3353 2379 3424 gladio
2413 3350 2628 3408 acutior
2650 3354 2719 3418 ",
2751 3352 2846 3425 qui
2877 3353 2932 3407 in
2967 3357 3206 3408 mentem
3244 3354 3329 3423 ip-

118 3439 211 3485 sam
246 3433 487 3503 pervadit
519 3435 576 3489 in
628 3433 763 3490 ﬂore
816 3433 936 3504 ipso
982 3443 1252 3506 amputat,
1296 3436 1349 3489 in
1403 3433 1590 3491 futuro
1624 3436 1770 3492 enim
1811 3439 2031 3496 demum
2064 3441 2272 3498 saeculo
2302 3440 2579 3496 radicitus
2601 3439 2809 3497 evellit.
2846 3436 3028 3510 Atque
3055 3440 3170 3495 haec
3201 3443 3328 3510 qui-

118 3518 214 3573 dem
243 3519 320 3575 lex
360 3523 574 3591 peccati
607 3529 712 3587 est,
742 3537 867 3593 qua:
915 3521 969 3577 in
1003 3522 1269 3578 membris
1313 3521 1470 3588 latet,
1521 3525 1834 3596 mentisque
1877 3525 1982 3598 legi
2027 3527 2356 3582 reluctatur.
2409 3525 2612 3582 Verum
2643 3526 2929 3584 enimvero
2959 3526 3191 3597 spiritus
3225 3529 3329 3582 iter

123 3604 272 3672 facite,
314 3609 511 3680 inquit,
560 3611 861 3682 carnisque
913 3611 1382 3684 concupiscentia
1433 3611 1645 3667 nullum
1679 3611 2030 3682 patefaciatis
2073 3615 2302 3670 exitum.
2332 3615 2603 3670 Caeterum
2662 3613 3121 3671 vestimentorum
3169 3614 3327 3668 abiu-

123 3694 242 3752 tione
272 3698 494 3753 nitidam
531 3715 600 3754 ac
634 3715 882 3756 serenam
939 3702 1183 3771 politiam
1231 3715 1466 3772 eamque
1518 3717 1643 3772 quae
1678 3699 1989 3758 forinsecus
2031 3711 2202 3773 patet,
2247 3700 2446 3758 innuit.
2501 3702 2681 3759 Mente
2729 3702 2879 3758 enim
2912 3703 3056 3757 bona
3093 3717 3202 3757 non
3239 3717 3328 3757 co-

126 3787 220 3836 tam
246 3783 344 3840 Deo
382 3793 628 3853 tantum,
660 3801 850 3842 verum
893 3788 1060 3842 etiam
1126 3787 1443 3844 hominibus
1495 3786 1864 3861 concipimus.
1913 3790 2047 3846 Nam
2089 3809 2109 3844 ι
2147 3791 2375 3856 Luceat,
2409 3793 2607 3863 inquit,
2643 3793 2828 3849 iumen
2865 3799 3108 3847 Vestrum
3138 3806 3324 3846 coram

129 3867 399 3929 hominibus
431 3883 492 3928 ut
524 3882 714 3930 vestra
751 3874 894 3931 bona
918 3891 1083 3947 opera
1112 3876 1335 3932 videant
1356 3877 1425 3930 ⁸ο.
1463 3891 1482 3930 s
1505 3877 1676 3933 Porro
1708 3876 2042 3934 sacrificium
2078 3893 2178 3946 pro
2213 3879 2280 3932 iis
2307 3878 2498 3933 vitulis
2535 3878 2774 3945 duobus,
2807 3877 2998 3932 adulto
3034 3877 3328 3934 constabat

131 3957 440 4016 ctanniculo.
469 3959 529 4017 In
563 3963 822 4033 utrisque
846 3973 1029 4018 autem
1061 3963 1266 4019 Christi
1300 3979 1467 4034 parva
1505 3964 1832 4035 signiﬁcatio
1878 3974 1984 4020 est.
2039 3967 2116 4018 Ac
2149 3965 2202 4019 in
2246 3966 2418 4020 vitulo
2445 3965 2668 4037 quidem
2708 3966 2765 4021 in
2804 3966 3193 4021 holocaustum
3227 3967 3328 4018 ad-

135 4039 291 4124 hibito,
335 4048 460 4118 quia
508 4057 666 4105 totus
705 4063 834 4104 cum
882 4049 1001 4121 ipse
1036 4059 1185 4108 esset
1217 4061 1467 4118 sanctus,
1515 4052 1641 4107 vita:
1669 4051 1986 4122 tranquillae
2030 4066 2256 4106 usuram
2303 4053 2466 4108 nobis
2501 4054 2864 4124 comparavit.
2894 4051 2950 4108 ω
2977 4053 3126 4122 quod
3158 4053 3324 4107 etiam

137 4123 272 4183 farina
294 4133 410 4190 oleo
456 4136 692 4193 subacta
739 4151 850 4207 prie
875 4152 938 4194 se
990 4137 1222 4194 ferebat.
1249 4138 1309 4195 In
1343 4137 1515 4194 vitulo
1535 4147 1717 4195 autem
1747 4152 1849 4209 pro
1889 4138 2134 4210 peccatis
2182 4138 2307 4210 igne
2337 4123 2690 4212 cOnSnmpto,
2728 4139 2875 4211 quod
2904 4140 2998 4195 ille
3025 4141 3244 4194 virtutis
3275 4149 3329 4193 et

138 4212 452 4284 simplicitatis
484 4223 807 4294 exemplum
865 4223 1344 4282 absolutissimum
1382 4225 1615 4282 exsistat
1655 4241 1670 4279 :
1725 4233 1746 4277 α
1797 4223 1910 4297 Ego
1958 4227 2132 4290 enim,
2174 4227 2374 4298 inquit,
2430 4227 2674 4298 agnicuii
2711 4226 3025 4282 innocentis
3054 4228 3229 4281 instar
3257 4227 3325 4278 ad

139 4306 474 4387 uacationem
515 4309 796 4366 adductus
847 4325 956 4366 non
1013 4311 1255 4368 intellexi
1287 4312 1354 4366 “'.
1414 4329 1432 4364 s
1466 4311 1939 4379 Quemadmodum
1973 4329 2106 4370 vero
2137 4315 2209 4370 ab
2257 4315 2543 4381 omnibus,
2571 4329 2784 4387 proque
2811 4315 3076 4372 omnibus
3107 4313 3326 4369 διιετὶοε

67 4449 72 4454 ε
143 4385 256 4444 ciam
281 4391 401 4450 illud
423 4397 687 4454 omnibus
721 4398 773 4454 ei
807 4412 1006 4456 manus
1036 4399 1326 4472 impositas
1355 4401 1691 4458 habentibus
1734 4399 1968 4456 oﬂertur
2005 4413 2334 4474 argumento
2367 4385 2622 4459 videlicet
2654 4385 2800 4474 quod
2834 4418 3022 4459 secum
3062 4401 3323 4456 auferant

144 4477 337 4533 omnium
365 4492 612 4550 peccata,
650 4484 798 4541 sicut
826 4488 1074 4542 omnium
1110 4486 1298 4544 ferunt
1344 4503 1541 4544 manus
1581 4503 1685 4558 pro
1732 4489 1938 4561 quibus
1983 4490 2322 4556 immolatur,
2372 4490 2444 4546 ita
2488 4506 2586 4561 per
2621 4489 2852 4561 ﬁguram
2885 4491 3327 4544 demonstratum

145 4567 224 4624 est.
269 4568 396 4635 quod
441 4569 702 4627 Christus
751 4582 977 4642 peccata
1024 4581 1215 4629 nostra
1259 4571 1538 4632 sustineat
1581 4586 1648 4630 ac
1694 4590 1794 4646 pro
1853 4579 2014 4634 nobis
2052 4588 2313 4651 operetur
2362 4581 2557 4643 sacris,
2597 4579 2692 4635 illo
2736 4578 3013 4633 duntaxat
3064 4589 3325 4647 eXCeplO.

146 4652 254 4746 liqu
275 4653 375 4709 tum
411 4659 676 4731 temporis
707 4675 996 4726 manuum,
1029 4677 1178 4717 nunc
1213 4678 1346 4719 vero
1377 4679 1605 4733 precum
1642 4664 1952 4722 ministerio
1977 4681 2043 4722 ac
2077 4683 2182 4722 usu
2217 4668 2368 4738 digni
2409 4683 2475 4723 eo
2508 4667 2796 4722 efﬁcimur.
2824 4665 3176 4737 QuaprOpter
3197 4679 3325 4719 eum

148 4746 218 4801 qui
241 4753 471 4799 manuum
496 4746 855 4818 impositione
885 4748 1002 4804 sive
1034 4749 1177 4821 apud
1213 4752 1486 4822 populum,
1507 4752 1626 4808 sive
1662 4753 1720 4807 in
1773 4751 2020 4810 Ecclesia
2057 4755 2360 4811 etiamnum
2411 4754 2608 4818 utitur,
2647 4763 2852 4825 praeter
2885 4751 2981 4810 Dei
3022 4752 3323 4808 consiiitnn

213 4827 510 4918 tolutitatem
561 4833 617 4890 id
675 4849 838 4906 agere
885 4836 1241 4892 manifestum
1289 4847 1395 4894 est.
1445 4836 1580 4894 Tale
1624 4839 1794 4896 etiam
1843 4842 1976 4897 illud
2005 4843 2270 4914 estquod
2303 4841 2799 4914 primogenitorum
2828 4842 2973 4909 loco,
3003 4855 3146 4915 quos
3173 4839 3322 4898 Deus

149 4906 226 5005 sibi
248 4927 332 5005 seu
379 4921 654 4990 primitias
698 4938 766 4979 ex
813 4924 961 5005 omni
1019 4925 1218 4996 populo
1260 4927 1552 5000 selegerat,
1599 4926 1804 4984 Levita:
1851 4906 2430 4994 victimam'oﬂ’erunt.
2469 4906 2627 4987 Vtere
2657 4941 2840 4988 autem
2875 4906 3136 5005 primitiae
3163 4930 3328 4988 Chri-

267 5002 633 5078 pritnOgenitu's
666 5009 760 5066 Dei
809 5020 864 5067 et
903 4998 1147 5084 Virginis
1184 5022 1291 5078 est,
1339 4998 1433 5083 qui
1482 5022 1580 5085 pro
1613 5017 1794 5086 primo
1841 5019 2062 5074 homine
2107 5028 2428 5091 assumptus
2459 5029 2565 5087 est,
2597 4998 2908 5096 mundique
2941 5033 3171 5098 peccata
3204 5039 3329 5094 per-

206 5195 324 5261 Quod
343 5207 382 5258 si
417 5209 562 5266 homo
601 5227 712 5267 sese
743 5213 997 5280 polluerit
1023 5225 1180 5282 super
1211 5214 1389 5268 anima
1426 5213 1678 5271 hominis.
1717 5217 1833 5292 [lX,
1871 5218 1980 5290 l0.)

207 5328 265 5431 γὸ
294 5334 460 5431 ιιῃᾶτχα
502 5345 598 5414 τὴν
647 5344 950 5414 ὑπέρϐασιν
1001 5346 1404 5417 ἀναμιμνήσκει
1451 5347 1646 5400 τελιϊν.
1678 5339 1728 5394 Α

1823 5352 2033 5409 Pascha
2102 5357 2598 5428 supergressionis.
2647 5372 2811 5431 quam
2872 5361 3098 5424 angelus
3153 5367 3325 5416 truci-

161 5418 264 5522 -Ἇεξτι
291 5427 460 5495 αὐτοὺς
502 5437 528 5488 ὀ
565 5437 740 5489 παίων
783 5436 1014 5505 ἄγγελος
1044 5437 1442 5508 ὕπερῦέὸηκεν.
1479 5435 1645 5492 Ὅθεν

1796 5444 1940 5498 ando
1987 5444 2370 5517 AZgyptiorum
2425 5418 2817 5522 primogenitos
2857 5450 3009 5512 fecit.
3060 5456 3322 5508 recorda-

164 5521 359 5582 πωνθμι,
398 5526 482 5576 καὶ
520 5529 575 5581 τὸ
613 5532 732 5583 κατ’
760 5531 878 5594 ἔτος
911 5529 1179 5584 ἐπιτελεῖν
1219 5532 1300 5594 εἰς
1325 5531 1646 5602 εὖεργεσίας

1807 5541 1964 5588 onem
2017 5533 2194 5591 affert.
2242 5537 2418 5607 Cujus
2469 5521 2718 5594 beneficii
2763 5540 3027 5596 memoria
3066 5557 3175 5610 quo
3224 5543 3327 5597 im:

173 5705 621 5803 ,""Gg‘n.xt.tx,5.
696 5713 1161 5792 "Matthnmtt,
1221 5728 1310 5783 3i.
1413 5729 1456 5758 ⁷⁸
1495 5723 1598 5782 lsa.
1658 5744 1696 5791 ι,

235 5779 441 5828 lll.nrn-
493 5797 552 5828 ιιι
635 5799 676 5828 rs
707 5798 861 5828 v-1...
920 5814 954 5828 ..
1026 5799 1091 5828 sn
1179 5801 1220 5828 19
1252 5797 1396 5828 "ut...
1567 5799 1627 5828 to

1800 5729 1830 5781 ἱ.
1945 5731 1988 5762 ⁷⁸
2019 5731 2184 5786 Hcltr.
2239 5748 2314 5792 Ix.
2384 5733 2472 5795 15,
2544 5734 2627 5788 ³14.
2735 5737 2782 5768 ’⁸
2827 5738 3036 5793 (ἷοὶοςς.
3111 5757 3172 5802 tt,
3237 5743 3326 5799 μιν

1800 5798 1958 5828 [ιηιιιι
2013 5818 2038 5828 ιο
2107 5803 2170 5828 ac
2269 5803 2313 5828 Il
2349 5801 2515 5828 1--Λη.
2583 5821 2629 5828 -..
2698 5807 2762 5828 ιη

231 5786 460 5882 ticum.
493 5786 552 5851 lt)
635 5799 676 5829 τα
707 5798 887 5854 Gslat.
920 5814 980 5863 ιι,
1026 5799 1112 5852 t9.
1151 5786 1220 5830 ’τίκ
1252 5797 1416 5858 llcbr.
1452 5817 1524 5862 μ’,
1567 5799 1648 5852 te.
1682 5786 1763 5829 ἰο
1791 5798 1982 5853 Matth.
2013 5818 2062 5864 ν,
2107 5803 2191 5857 is.
2269 5786 2314 5835 σί
2341 5786 2543 5860 .tcre'm.
2583 5786 2656 5871 in,
2696 5807 2782 5861 49.
