4090 6518
525 400 633 467 815
1846 396 2135 459 PROCOP

2172 398 2199 458 I
2236 397 2481 459 GAZ/EI
2670 369 2701 378 ”
3681 403 3784 470 £16

525 522 776 577 mortalis
821 526 971 575 esset
1017 529 1215 571 nomen
1255 514 1483 571 Pascha:
1522 514 1574 570 ei
1618 522 1702 570 est
1749 513 2098 584 impositum,
2133 560 2140 577 ,

2175 567 2179 576 ,
2207 512 2537 585 ὑπόμνησιν,
2562 510 2656 566 καὶ
2679 511 2760 576 εἰς
2792 510 3031 582 δήλωσιν
3076 511 3174 567 τοῦ
3198 512 3293 569 τὸν
3317 512 3551 569 θάνατον
3597 520 3790 589 μηκέτι

524 626 852 685 tempusque
878 623 1124 665 annuum
1162 616 1248 665 est
1295 606 1660 663 destinatum.
1719 604 2098 678 Significatum

2207 606 2440 660 θάνατον
2457 600 2597 660 εἶναι
2619 605 2948 677 ποιήσαντος
2970 606 3057 660 διὰ
3076 606 3175 678 τῆς
3198 604 3578 677 ἀναστάσεως.
3597 610 3790 683 Ἀμνήο

522 720 700 761 autent
737 720 803 760 eo
831 711 937 768 est,
996 702 1163 756 morti
1213 707 1543 773 potestatem
1597 712 1755 755 suam
1786 712 1883 769 per
1914 713 2101 754 resur-

2210 720 2372 773 μονες
2400 702 2457 756 δὲ
2482 702 2585 773 τῆς
2616 701 2941 775 εὐεργεσίας
2964 703 3013 756 οἱ
3044 702 3115 756 τὰ
3145 703 3352 774 σαρκὸς
3389 702 3791 773 προτιμῶντες,

522 798 823 853 rectionem
873 794 1084 851 Christi
1131 809 1259 851 esse
1304 791 1635 863 ademptam.
1692 788 1949 844 Beneficii
1999 803 2103 842 au-

2206 786 2282 846 ὧν
2312 792 2642 865 ἀποτρέπων
2681 791 2947 865 Τιμόθεον
2967 793 2996 846 ὁ
3016 792 3230 857 Παῧλός
3254 810 3393 864 φησι
3415 808 3430 827 ο
3466 793 3794 863 Μνημὸνευε

522 903 625 943 tem
655 887 823 958 hujus
868 888 1225 942 immemores
1269 894 1401 943 sunt
1432 884 1469 939 ii
1501 885 1597 955 qtti
1631 898 1801 938 carne
1830 882 1968 937 nihil
2000 896 2103 936 an-

2220 883 2427 955 Ἰησοῦν
2456 884 2693 957 Χριστὸν
2741 887 2808 939 ὲκ
2844 884 3055 957 νεκρῶν
3095 886 3506 957 ἐγηγερμένον⁸
3537 885 3641 940 οὐκ
3665 887 3795 939 ἀνά-

520 982 731 1051 tiquius
766 979 996 1043 habent,
1032 994 1063 1033 a
1093 993 1203 1050 qua
1247 977 1551 1033 dehortaus
1579 974 1929 1031 Timotheum
1962 972 2105 1027 Pau-

2210 994 2430 1048 μνησιν,
2481 975 2558 1041 ὡς
2598 976 3016 1048 ἐπιλελησμένῳ
3057 976 3250 1043 κινῶν,
3301 976 3441 1032 ἀλλὰ
3470 974 3796 1049 μνήμηνὼς

521 1077 604 1128 Ius
631 1075 701 1138 ⁸⁸,
738 1073 918 1143 inquit
954 1071 1054 1126 :In
1099 1074 1420 1127 memoriam
1476 1068 1761 1123 hominum
1797 1067 1985 1138 ingere
2012 1064 2104 1122 Je-

2210 1068 2572 1140 μεμνημένφ.
2609 1087 2628 1120 ι
2666 1068 2925 1139 Ποιήσεις
2970 1068 3027 1121 δὲ
3052 1068 3207 1134 αὐτὸ,
3241 1069 3401 1138 φησὶ,
3429 1070 3579 1124 κατὰ
3603 1069 3796 1139 καιρὸν

520 1180 641 1219 sum
690 1164 970 1220 Christum
1021 1177 1052 1217 a
1091 1162 1329 1217 mortuis
1356 1161 1657 1215 excitatum
1691 1176 1706 1214 :
1737 1173 1849 1229 quo
1880 1158 2101 1229 quidem

2204 1158 2396 1214 αὑτοῦ.
2436 1157 2574 1213 Οὔτε
2601 1157 2710 1232 γὰρ
2735 1158 2895 1222 ἐκτὸς
2917 1158 3113 1230 καιροῦ
3160 1159 3223 1212 τὸ
3253 1160 3496 1231 πρᾶγμα
3544 1159 3795 1229 γέγονεν,

521 1274 629 1313 non
676 1256 1121 1313 recordationem
1167 1261 1433 1325 tanquam
1482 1254 1654 1308 oblito
1702 1267 1926 1309 movere
1955 1252 2097 1315 vult,

1821 1268 1926 1309 'ere
1955 1252 2097 1315 vult,
2205 1249 2320 1306 ἀλλ’
2349 1252 2439 1306 ὅτε
2464 1245 2599 1322 ἦλθε
2624 1250 2686 1304 τὸ
2713 1250 2990 1321 πλήρωμα.
3019 1249 3118 1305 τοῦ
3149 1251 3369 1323 χρόνον.
3404 1269 3426 1305 ι

520 1351 615 1408 sed
647 1360 909 1423 tanquam
949 1365 1253 1406 memorem
1293 1349 1791 1406 commonefacere.
1827 1346 1966 1403 Illud
1999 1355 2182 1404 autem
2215 1365 2230 1402 :
2263 1365 2283 1401 ι
2313 1345 2523 1413 Facite,
2556 1346 2765 1419 inquit,
2830 1353 2981 1402 stato
3042 1362 3108 1402 ac
3179 1347 3455 1417 praefinito
3524 1358 3794 1420 tempore,

519 1448 659 1501 citra
689 1445 837 1515 quod
894 1444 1037 1499 nihil
1092 1443 1539 1514 timuiita-hujus
1579 1441 1702 1499 fieri
1750 1441 1944 1512 debuit
1967 1440 2035 1496 ⁸³.
2070 1459 2103 1495 »η

592 1562 822 1633 Propter
873 1559 1112 1629 pollutos
1160 1574 1292 1615 vero
1326 1574 1496 1630 super
1541 1559 1724 1614 anima
1778 1560 1989 1615 mensis
2030 1557 2308 1614 secundus
2336 1562 2423 1612 est
2453 1572 2778 1613 concessus.
2812 1560 2879 1611 At
2909 1555 3061 1611 dicat
3092 1554 3316 1627 aliquis.
3343 1570 3441 1611 eos
3477 1560 3573 1625 qui
3614 1552 3796 1605 homi-

520 1651 651 1707 cidii
679 1650 891 1706 scelere
916 1649 973 1702 in
1002 1647 1287 1702 Christum
1322 1656 1540 1718 patrato
1568 1663 1691 1703 sese
1719 1647 2107 1716 inquinarunt,
2142 1647 2349 1717 quique
2397 1655 2654 1700 sanctum
2697 1654 2904 1701 nostra:
2948 1643 3180 1699 Pascha
3227 1643 3427 1699 festum
3479 1641 3803 1716 negligant,

522 1740 651 1794 licet
681 1735 1143 1809 praetermiserim
1173 1735 1373 1791 salutis
1425 1745 1642 1806 tempus
1673 1735 1834 1803 illud,
1879 1737 1937 1794 in
1964 1750 2075 1806 quo
2112 1735 2229 1790 Dux
2260 1735 2388 1789 vita:
2429 1750 2525 1803 per
2556 1733 2882 1789 amictiones
2906 1742 3332 1788 consummatus
3363 1740 3450 1787 est
3477 1747 3492 1795 ;
3531 1738 3590 1783 at
3621 1730 3790 1784 misc—

520 1827 737 1881 ratione
762 1824 885 1894 ejus
908 1824 1005 1894 qui
1040 1839 1232 1877 omnes
1266 1825 1476 1878 servari
1520 1824 1729 1894 expetit
1779 1826 2019 1894 posteris
2057 1824 2425 1897 temporibus,
2474 1823 2737 1895 tanquam
2789 1822 3038 1880 secundo
3090 1837 3302 1887 mense,
3348 1836 3477 1895 cum
3527 1818 3792 1891 gentibus

521 1916 576 1968 in
630 1913 837 1969 Christi
884 1912 1366 1983 participationem
1418 1914 1763 1982 pervenient.
1816 1913 1953 1968 Nam
1999 1914 2179 1985 quiin
2236 1910 2477 1984 {Egypto
2528 1911 2804 1966 idolorum
2859 1911 3140 1965 culturam
3192 1908 3481 1978 aspernati
3533 1908 3791 1969 fuerunt,

521 2019 709 2058 mense
745 2003 922 2070 primo
961 2002 1158 2057 festum
1195 2000 1421 2057 Pascha:
1460 2002 1764 2073 agitarunt,
1821 2004 1914 2074 qui
1961 2005 2131 2059 etiam
2159 1999 2369 2057 Christi
2411 2001 2682 2071 sanguine
2712 2000 2865 2055 uncti
2913 2005 3255 2055 vastatorem
3306 2003 3809 2066 contempscrttnt..

520 2095 589 2144 At
621 2090 655 2143 ii
694 2090 791 2159 qui
823 2090 877 2143 in
913 2103 1061 2144 anno
1093 2088 1315 2143 demum
1362 2096 1457 2142 aut
1506 2088 1756 2144 secundo
1789 2104 1981 2144 mense
2032 2090 2328 2155 accedunt,
2360 2089 2661 2145 difﬁculter
2700 2089 2755 2143 in
2792 2090 2929 2143 naavi
2965 2088 3051 2143 sui
3083 2086 3486 2157 iuspectionent
3526 2094 3663 2140 sunt
3698 2084 3795 2137 ad-

519 2178 689 2231 ducti.
725 2176 1022 2238 Caeterum,
1061 2195 1080 2228 ι
1131 2177 1265 2230 Cum
1330 2176 1631 2231 multitudo
1684 2176 1929 2246 gentium
1958 2176 2208 2246 ingressa
2257 2178 2446 2244 fuerit,
2482 2178 2688 2247 inquit,
2729 2187 2861 2230 tunc
2894 2176 3079 2231 omnis
3107 2174 3279 2230 Israel
3311 2173 3631 2229 servabitur
3664 2171 3736 2223 ⁸⁸.
3771 2190 3788 2222 ο

518 2265 679 2337 393
713 2267 843 2320 Item
877 2266 1116 2334 posthaec
1146 2272 1546 2319 convertentur
1579 2265 1674 2318 lilii
1718 2264 1890 2320 Israel
1924 2272 1979 2319 et
2002 2263 2343 2334 indagabunt
2378 2266 2671 2318 Dominum
2717 2263 2888 2319 Deum
2923 2279 3082 2318 suum
3109 2272 3164 2318 et
3193 2263 3363 2316 David
3390 2277 3573 2330 regem
3600 2276 3791 2316 suum.

520 2354 766 2423 Denique
800 2368 950 2417 vero,
983 2353 1230 2407 secundo
1271 2367 1491 2407 manum
1524 2368 1678 2408 suam
1706 2351 1897 2407 alieret
1941 2350 2008 2406 ad
2038 2351 2434 2408 attrahendum
2468 2353 2736 2422 reliquias
2779 2352 2865 2406 sui
2897 2352 3107 2422 populi.
3173 2351 3345 2404 I’orro
3385 2350 3440 2405 in
3484 2352 3792 2421 longinqua

518 2444 605 2494 via
634 2441 853 2495 exsistit
891 2442 983 2495 ille
1012 2442 1103 2511 qui
1137 2449 1296 2495 extra
1331 2440 1635 2495 Ecclesiam
1664 2448 1749 2495 est
1772 2449 1828 2494 et
1857 2441 2005 2510 ligno
2043 2442 2218 2495 dicit:
2258 2461 2277 2493 ι
2318 2439 2463 2495 Deus
2495 2455 2655 2496 meus
2678 2455 2739 2496 es
2774 2454 2857 2503 tu,
2901 2451 2956 2494 et
3006 2439 3175 2509 lapidi
3206 2457 3218 2493 :
3244 2440 3325 2493 'I‘u
3367 2454 3502 2493 mea:
3534 2440 3664 2493 vitae
3691 2454 3793 2493 au-

518 2539 642 2585 ctor
675 2546 735 2585 es
760 2531 831 2596 ⁸³,
862 2549 879 2581 ι
926 2540 1020 2585 aut
1044 2530 1251 2600 alioqui
1284 2545 1314 2584 a
1347 2545 1474 2585 vera
1501 2529 1569 2584 de
1610 2529 1731 2585 Deo
1759 2530 2033 2585 sententia
2065 2530 2306 2585 aberrat.
2345 2526 2479 2587 Pari
2524 2544 2657 2585 vero
2692 2528 2861 2585 modo
2889 2528 3178 2585 nobiscum
3204 2526 3512 2583 Jeriabitur
3541 2528 3789 2590 advena,

518 2632 585 2673 ac
614 2617 853 2672 victimae
890 2620 1191 2674 incruenta:
1223 2618 1506 2689 particeps
1548 2619 1663 2674 fiet.
1694 2619 1739 2673 Α
1776 2619 1894 2691 lege
1925 2620 2029 2683 hac
2074 2620 2309 2673 fortasse
2349 2632 2497 2673 usus.
2526 2616 2775 2672 obtinuit
2809 2616 2873 2671 in
2904 2614 3178 2681 Ecclesia,
3204 2624 3266 2671 ιιι
3297 2616 3345 2670 si
3376 2632 3571 2673 mense
3605 2617 3803 2686 primo

516 2708 823 2773 excideret,
850 2708 1078 2765 secundi
1108 2710 1317 2764 mensis
1345 2708 1622 2763 decimum
1667 2720 1929 2778 quartum
1961 2708 2107 2765 diem
2154 2706 2507 2762 subornaret.
2543 2704 2814 2763 Caeterum
2845 2704 2941 2775 qui
2966 2719 3070 2760 nec
3110 2704 3366 2774 impurus
3391 2714 3480 2760 est
3506 2720 3615 2762 nec
3642 2706 3789 2760 cmi-

518 2811 624 2849 nus
650 2803 761 2847 stat
790 2808 853 2846 ex
886 2808 1036 2847 mera
1068 2796 1382 2863 armgantia
1416 2800 1511 2847 aut
1564 2793 1734 2851 nimia
1769 2795 2118 2863 voluptatum
2163 2791 2562 2859 admiratione,
2593 2792 2809 2849 alienus
2857 2807 2884 2844 a
2919 2806 3121 2862 genere
3148 2791 3295 2861 quod
3342 2792 3557 2848 servari
3597 2794 3788 2854 debet.

518 2888 623 2935 est.
680 2879 780 2947 Qui
835 2880 979 2935 eniut
1047 2879 1278 2935 Domino
1310 2896 1420 2935 non
1476 2880 1615 2944 fidit,
1653 2881 1857 2951 inquit,
1892 2882 2062 2935 vitam
2104 2895 2217 2935 non
2255 2880 2479 2945 videbit,
2508 2896 2707 2937 verum
2734 2881 2823 2941 ira.
2843 2879 2937 2939 Dei
2974 2895 3143 2951 super
3170 2896 3236 2939 eo
3269 2881 3494 2947 residet,
3523 2897 3594 2937 eo
3633 2883 3801 2953 qatod’

517 2969 874 3039 benignitatis
906 2976 1127 3039 tempus
1160 2968 1410 3039 despexit
1432 2970 1500 3024 ⁸⁸.
1527 2968 1772 3040 Tempus
1804 2978 1989 3025 autem
2026 2968 2159 3033 illud
2188 2978 2412 3040 tempus
2450 2971 2574 3027 ﬁdei
2605 2978 2711 3027 est.
3800 2994 3803 2999 ·

588 3058 760 3111 Porro
788 3057 871 3110 die
888 3073 947 3110 co
973 3072 1075 3125 quo
1102 3066 1333 3110 erectum
1352 3066 1427 3110 est
1452 3055 1874 3117 tabernaculum,
1905 3055 2066 3111 turbes
2098 3055 2365 3114 obvelavit
2403 3058 2565 3117 illud.
2588 3056 2705 3131 [ιχ.
2742 3057 2863 3131 154
2890 3058 3308 3129 Quamprimum
3339 3060 3488 3119 enim
3536 3060 3797 3117 Ecclesia»

516 3156 711 3201 exorta
752 3144 939 3209 fuerit,
973 3144 1236 3214 splendor
1259 3143 1456 3215 gloria:
1480 3143 1687 3199 Christi
1720 3144 1770 3200 ei
1806 3142 2048 3215 aﬂulget.
2073 3144 2209 3213 Quae
2243 3145 2315 3202 iis
2339 3146 2562 3216 quidem
2595 3146 2699 3215 qui.
2722 3146 2787 3207 int
2815 3147 3001 3203 noctis
3036 3148 3269 3219 caligine
3306 3149 3570 3204 oberrant
3599 3150 3787 3205 lumen

516 3236 780 3301 immittit,
817 3234 886 3289 iis
914 3234 1007 3307 qui
1036 3234 1238 3291 utentis
1273 3233 1398 3289 luce
1445 3243 1575 3289 sunt
1603 3233 1869 3288 illustrati
1897 3248 2054 3291 suam
2087 3234 2485 3305 protectionem
2518 3234 2772 3305 largitur.
2799 3232 2951 3303 Opus
2991 3237 3138 3291 enim
3175 3235 3374 3291 habent
3405 3236 3787 3307 imprudentes

516 3339 583 3379 ac
606 3324 733 3379 caeci
775 3322 1204 3378 illuminatione.
1231 3320 1527 3377 Illuminati
1559 3318 1830 3390 vero'per
1862 3320 2022 3375 (idem
2057 3324 2401 3391 protectione
2426 3334 2482 3379 et
2509 3322 2785 3389 subsidio,
2817 3339 2928 3393 quo
2960 3332 3186 3381 strenue
3226 3326 3444 3396 possint
3490 3330 3790 3398 pmsentis

514 3410 641 3464 vitae
675 3409 959 3465 molestias
995 3417 1048 3463 et
1074 3408 1181 3463 diei
1221 3407 1591 3463 diﬂicultatem
1625 3407 1891 3479 perferre.
1930 3407 2141 3467 Omnes
2166 3411 2327 3473 enim,
2343 3411 2438 3481 qui
2478 3410 2788 3469 inCluzisto
2816 3412 2904 3482 pie
2942 3413 3173 3482 cupiunt
3206 3415 3388 3470 vivere
3408 3418 3783 3485 persecutioui

517 3495 826 3568 suhjacent.
856 3496 1140 3553 Christum
1171 3510 1299 3567 vero
1330 3511 1667 3567 quocunque
1697 3511 1798 3551 nos
1821 3495 1990 3551 ducat
2023 3496 2139 3552 sive
2170 3497 2493 3558 recedentes
2524 3499 2644 3555 sive
2676 3500 3006 3555 accedentes
3033 3502 3338 3571 sequimur.
3368 3501 3555 3558 Prima
3593 3515 3789 3559 autem

516 3588 789 3645 discessio
826 3604 855 3641 a
901 3587 1064 3643 nobis
1089 3587 1157 3643 ab
1206 3586 1535 3642 infidelitate
1581 3589 1649 3642 ad
1697 3587 1855 3641 tidem
1886 3586 1967 3651 ﬁt,
2002 3584 2244 3640 secunda
2278 3599 2313 3641 a
2356 3585 2495 3641 vitio
2542 3585 2613 3643 ad
2654 3585 2938 3651 virtutem,
2972 3586 3136 3641 tertia
3175 3602 3239 3643 es
3274 3590 3695 3661 intperfectione
3718 3592 3786 3645 ad

516 3678 644 3732 vita:
680 3673 1099 3747 perfectionem,
1137 3675 1256 3730 sive
1285 3689 1355 3729 ea
1380 3676 1538 3742 juxta
1573 3673 1854 3731 actionem
1896 3676 2011 3731 sive
2037 3673 2367 3733 sententiam
2390 3673 2699 3733 aestimetur
2732 3692 2747 3729 :
2782 3694 2809 3728 ι
2834 3672 2893 3730 lu
2928 3675 3258 3746 perfectura,
3292 3678 3540 3749 inquam,
3574 3683 3784 3741 vit-um,

517 3776 573 3820 et
598 3764 745 3835 justa
773 3772 935 3821 :etate
968 3765 1021 3819 in
1052 3761 1280 3818 Christo
1335 3772 1681 3833 provectum,
1714 3781 1735 3813 ι
1775 3761 1933 3831 juxta
1988 3758 2126 3815 illud
2164 3760 2315 3831 quod
2364 3761 2570 3821 Paulus
2598 3762 2732 3819 dicit
2760 3763 2849 3819 3":
2909 3782 2933 3816 «ε
2969 3762 3155 3818 Unum
3179 3773 3362 3820 autem
3394 3766 3531 3821 itlud
3555 3781 3683 3838 ago,
3719 3778 3803 3822 es‘

517 3853 741 3923 quidem
775 3867 897 3922 qua:
927 3866 963 3906 a
997 3860 1147 3929 tergo
1180 3859 1312 3906 sunt
1353 3858 1414 3904 ut
1443 3850 1763 3915 obliviscar,
1796 3850 1865 3904 ad
1912 3864 1976 3905 ea
2010 3865 2138 3905 vero
2174 3865 2300 3922 qua:
2330 3867 2358 3904 a
2403 3850 2586 3909 fronte
2628 3862 2759 3908 sunt
2786 3853 3009 3911 enitens
3032 3853 3192 3923 juxta
3236 3853 3529 3924 praeﬁxum.
3562 3857 3789 3926 signum

518 3941 785 4009 insequar
818 3938 885 3997 ad
915 3939 1157 4009 palmam
1196 3953 1449 4008 superna:
1484 3937 1794 3993 vocationis
1826 3936 1919 3991 Dei
1950 3952 2045 4007 per
2074 3938 2359 3998 Christum
2391 3939 2587 3998 Jesum
2604 3940 2671 3996 ⁸⁸.
2704 3959 2724 3993 ι
2764 3940 2877 3997 Nec
2910 3956 3044 3997 vero
3077 3941 3459 3999 eitraCht-isti
3477 3946 3781 4014 opemofleri

518 4027 1142 4100 eogitandumest,cum
1169 4025 1451 4095 ipsemetn
1474 4026 1608 4081 Siue
1628 4040 1715 4081 me
1744 4040 1859 4080 non
1879 4025 2181 4095 quidquam
2211 4042 2374 4098 agere
2403 4028 2691 4098 potestis,»
2722 4029 3290 4085 dicat.‘0mniaenitn
3314 4031 3419 4087 rite
3446 4042 3499 4087 et
3526 4032 3787 4089 decenter

520 4120 579 4173 in
620 4118 741 4187 ipso
779 4116 943 4187 fiunt,
980 4113 1287 4173 secundum
1317 4113 1664 4184 Apostolum.
1696 4114 1857 4181 Quod
1896 4115 2077 4185 ipsum
2114 4114 2491 4191 profestiones
2522 4132 2746 4188 quoque
2770 4118 2849 4173 ab
2887 4118 3159 4189 apostolis
3206 4117 3363 4174 facta
3392 4130 3459 4175 π
3510 4131 3787 4191 suscepta

518 4206 919 4275 comprobant;
951 4218 1134 4258 nonne
1167 4203 1315 4258 enim
1351 4216 1421 4259 ex
1457 4202 1585 4259 Asia
1632 4203 1693 4257 in.
1724 4202 2097 4263 Macedoniam
2135 4219 2237 4274 per.
2268 4204 2537 4261 visionem
2576 4208 2845 4263 mandatu
2866 4218 3100 4278 accepto
3140 4208 3245 4265 iter
3293 4208 3563 4276 fecerunt,
3597 4211 3657 4266 in
3691 4211 3809 4266 Bi-r

519 4294 766 4365 thyniam
798 4304 932 4345 vero
962 4290 1274 4361 pervenire.
1307 4291 1459 4359 ipsos
1493 4289 1696 4360 spiritu
1723 4291 1930 4348 Christi
1964 4292 2315 4361 prohibente,
2347 4308 2456 4351 non
2476 4297 2783 4365 poterant?

589 4380 747 4449 Quod
780 4381 829 4435 si
855 4380 1061 4434 steterit
1088 4378 1251 4433 nubes
1277 4395 1311 4432 α
1337 4394 1550 4447 vespera
1580 4395 1744 4449 usque
1779 4380 1848 4434 ad
1866 4397 2041 4442 ,ηεαδ
2067 4391 2118 4435 et
2156 4379 2423 4451 deinceps.
2458 4379 2584 4438 Sive
2622 4384 2723 4439 sub
2762 4398 3071 4454 vesperam,
3102 4384 3219 4441 sive
3242 4400 3427 4452 mane,
3460 4387 3581 4444 sive
3610 4396 3777 4443 noctu

518 4469 698 4527 nubes
726 4466 1102 4531 ascendisset,
1140 4464 1343 4537 inquit,
1382 4465 1623 4525 interdiu
1667 4475 1851 4523 castra
1880 4468 2199 4536 monebunt,
2231 4478 2515 4541 noctuque
2548 4471 2657 4526 iter
2683 4472 2911 4528 minime
2950 4473 3191 4528 inibunt.
3223 4472 3615 4544 Saepenumero
3647 4492 3780 4532 vero

517 4573 618 4629 per
658 4570 902 4625 mensem
944 4554 1220 4625 integrum
1277 4553 1387 4613 lixa
1435 4560 1490 4607 et
1524 4555 1751 4609 immota
1812 4555 1965 4615 stetit
2008 4557 2201 4623 nubes,
2252 4568 2313 4614 et-
2344 4567 2452 4613 tam
2520 4559 2785 4616 diuturna
2839 4576 2995 4617 mora
3062 4562 3314 4618 hoienda
3349 4563 3473 4620 fuit.
3510 4566 3777 4623 Ascensio

517 4646 664 4702 enim
692 4642 1080 4714 perfectionem
1114 4640 1501 4711 portendebat.
1519 4639 1657 4696 Nam
1679 4643 2120 4714 quotiescunque
2148 4645 2260 4704 Deo
2280 4648 2430 4717 ipsos
2455 4663 2677 4705 movere
2704 4651 2877 4705 visum
2901 4661 3044 4718 erat,
3068 4654 3345 4707 columna:
3372 4654 3546 4724 igneae
3569 4670 3643 4709 nu
3655 4656 3771 4711 bent

516 4743 685 4788 noctu
715 4740 811 4786 aut
840 4730 947 4785 sub
994 4742 1284 4799 vesperam
1322 4727 1673 4815 immittehat,
1704 4745 1830 4800 qua:
1863 4746 2031 4801 porro
2068 4734 2328 4792 tendebat
2370 4745 2427 4793 et
2469 4737 2737 4797 lsraelitis
2764 4740 2908 4795 viam
2937 4754 3037 4795 ceu
3070 4742 3441 4809 monstrabat,
3491 4743 3771 4815 significr

515 4821 719 4891 hatque
752 4817 995 4873 interdiu
1026 4816 1131 4870 iter
1158 4831 1282 4872 esse
1307 4814 1755 4886 ingrediendum.
2052 4852 2055 4853 ν
3558 4814 3562 4815 ⁷
3790 4828 3808 4853 -.

466 4990 490 5015 χ
586 4928 707 4986 Fac
735 4926 991 5019 tibidum
1025 4925 1180 4982 tubas
1199 4925 1597 5019 ductiles,_etc.
1638 4924 1853 5019 [X‘,_2.}
1878 4927 2087 5000 Duplex
2118 4933 2265 4988 enim
2310 4936 2363 4989 itt
2393 4936 2758 4996 concionibus
2791 4948 2877 4995 est
2909 4943 3517 5013 promulgatio-Altera
3549 4945 3766 5019 quidem
3806 4934 3811 4940 ’

512 5019 769 5081 moralis,
794 5017 973 5107 altera
1014 5029 1148 5070 vero
1180 5014 1639 5107 doctrinalis,‘ea
1670 5016 1931 5107 videlicet
1978 5034 2086 5088 qua
2116 5023 2398 5077 veritatem
2443 5026 2746 5093 tradentes,
2805 5026 3094 5085 falsitatem
3130 5032 3535 5105 redarguimus,
3567 5014 3770 5107 quem-

514 5108 812 5166 admodum
843 5102 1047 5157 Paulus
1074 5117 1168 5155 eos
1195 5101 1287 5169 qui
1319 5115 1349 5152 a
1397 5102 1755 5156 matrimonio
1788 5111 1843 5158 et
1888 5105 2029 5162 cibis
2057 5114 2324 5179 tanquam
2359 5111 2524 5169 rebus
2566 5130 2666 5186 per
2698 5132 2757 5172 se
2798 5119 2983 5187 pravis
3022 5101 3413 5177 abstinendum
3454 5101 3765 5181 esse-asse-

510 5198 725 5261 rebant,
773 5190 1245 5265 quemadmodum
1278 5204 1375 5244 eos
1423 5190 1518 5260 qui
1561 5192 2041 5250 circumcisionem
2070 5202 2333 5267 tanquam
2376 5216 2489 5255 retu
2524 5205 2895 5261 necessariam
2944 5208 3109 5263 saluti
3161 5210 3405 5266 retinere
3450 5211 3761 5271 studebant.

510 5283 797 5373 Ceterum
832 5287 1061 5351 argento
1094 5283 1358 5373 cons-tant
1401 5278 1543 5373 tubae
1596 5279 1703 5344 hat,
1737 5279 1805 5333 ad
1844 5280 2192 5353 emgiaudum
2225 5286 2575 5355 splendorem
2607 5292 2860 5361 quicum
2896 5304 3145 5373 utroque,
3186 5299 3647 5371 promulgationis
3674 5317 3763 5373 ge.

510 5388 643 5427 nere
676 5369 1011 5440 conjunctus
1054 5379 1178 5460 esse
1204 5364 1386 5460 debet.
1418 5363 1699 5460 Quantum
1742 5383 1873 5423 vero
1918 5384 2113 5425 aurum
2147 5382 2375 5446 argento
2414 5377 2600 5446 potius
2642 5388 2748 5449 est,
2787 5389 2999 5441 tantum
3030 5363 3202 5442 verbo
3249 5363 3542 5460 mensvper
3569 5363 3759 5447 aurum

509 5465 928 5530 repraesentata,
975 5469 1087 5526 quo
1134 5452 1363 5544 interior
1393 5452 1683 5544 splendida
1728 5455 1975 5512 Ecclesia
2011 5473 2269 5517 exornata
2300 5470 2405 5530 est,
2438 5464 2490 5518 id
2533 5473 2640 5533 est,
2674 5469 2719 5524 si
2770 5481 3006 5525 mentem
3043 5482 3293 5544 spectas,
3323 5452 3513 5534 aureis
3565 5480 3757 5535 amicta

449 5557 453 5561 '
509 5548 782 5603 vestibus.
811 5546 1083 5600 Caeterum
1114 5541 1345 5597 alterius
1374 5542 1520 5596 tubae
1553 5542 1862 5599 ministerio
1898 5547 2352 5605 convocabantur
2394 5554 2677 5626 principes
2714 5560 2935 5616 acutius
2984 5541 3301 5629 cernentes,
3334 5573 3389 5621 et
3431 5567 3600 5625 citius
3632 5568 3755 5623 obe-

510 5636 746 5696 dientes,
787 5639 1117 5705 argumento
1157 5629 1417 5687 videlicet
1458 5631 1608 5703 quod
1659 5631 1946 5704 religionis
1999 5634 2278 5695 institutio
2318 5641 2386 5695 ad
2436 5641 2743 5701 Ecclesiam
2795 5650 3121 5720 pertineret.
3160 5672 3178 5706 ι
3210 5653 3270 5709 In
3326 5653 3575 5713 Ecclesia
3618 5657 3755 5715 enim

578 5808 703 5904 “"l’l
736 5804 1066 5904 Tigrum-8‘;
1121 5802 1485 5904 Gflathtv,
1528 5808 1582 5863 4.
1651 5806 1699 5840 ⁸⁸
1732 5805 1895 5864 Rom.
1923 5823 1999 5877 XI,
2024 5808 2120 5876 25,
2146 5808 2193 5866 24

2146 5808 2237 5868 26.
2352 5814 2400 5848 ⁸⁸
2430 5814 2634 5874 Jerem.
2669 5835 2730 5889 ιι,
2761 5819 2852 5877 27.
2918 5821 2967 5856 "
3005 5820 3169 5881 Joan.
3200 5839 3287 5895 ιιι,
3318 5825 3408 5885 36.
3485 5826 3533 5863 "
3560 5828 3748 5903 Ephes.

509 5895 584 5945 tv,
621 5881 708 5935 15.
781 5878 827 5909 ⁸⁸
852 5877 1087 5947 Philipp.
1122 5891 1204 5944 ιιι,
1232 5873 1319 5941 I3,
1352 5874 1441 5930 M.
