4090 6504
296 380 402 447 $17
1395 387 1937 452 COMMENTARII
1973 388 2058 450 IN
2098 387 2487 450 NUMEROS.

290 491 464 552 malo,
499 490 982 565 iuquit,»quinque
1020 494 1187 551 verba
1245 508 1428 555 mente
1477 515 1598 556 mea
1630 500 1819 571 loqui.
1864 508 1926 555 ut
1968 507 2026 554 et
2070 500 2212 555 alios
2260 500 2585 562 instituam.
2624 512 2790 569 quam
2841 496 3031 553 decem
3080 496 3250 552 millia
3278 499 3567 552 verborum

291 578 485 645 ιὶηιεξιια
508 581 576 635 ⁸¹⁹.
607 599 626 633 ι
649 610 718 622 -
744 600 762 633 ι
795 582 1042 652 Sapienti
1074 598 1261 655 porro,
1288 584 1489 654 inquit,
1512 589 1869 643 occasionem
1910 587 2134 651 exhibe,
2176 595 2234 642 et
2279 586 2592 656 sapientior
2641 585 2754 641 ﬁet.
2804 583 3245 655 Erudi'justum,
3304 593 3357 639 et
3396 586 3572 639 multo

290 680 323 719 a
352 688 361 714 ι
387 668 532 735 ptius
562 669 828 739 percipiet
851 670 919 725 9°.
957 690 976 723 ι
1226 718 1229 721 .
2946 686 2949 689 '

363 754 531 831 394
563 756 741 811 Porro
770 757 914 813 sicut
944 768 1186 830 quatuor
1210 761 1468 832 regiones
1500 770 1813 819 castrorum
1842 771 2028 825 erant,
2060 763 2133 817 ita
2158 770 2402 833 quatuor
2429 762 2911 833 dabantur-signa,
2945 772 3186 833 quatuor
3213 762 3369 820 enim
3391 762 3572 818 Evan—

288 859 337 913 g-
364 843 401 897 li
429 859 456 899 s
490 852 729 900 cunctus
758 845 1013 902 eruditus
1040 857 1128 902 est
1152 849 1416 904 mundus.
1444 849 1589 916 Quin
1617 851 1782 907 etiam
1820 860 2061 921 quatuor
2091 852 2144 905 iu
2181 850 2429 906 Ecclesia
2453 850 2609 906 verbi
2638 857 2774 905 sunt
2800 848 3148 907 diderentiae.
3189 852 3310 906 Alia
3343 850 3567 921 quidem

289 941 375 987 est
404 947 512 1002 qua
544 931 797 989 inﬁdeles
825 934 1212 1001 instituuntur,
1252 936 1374 994 alite
1402 952 1535 994 vero
1567 949 1681 995 tres
1711 939 1894 995 tribus
1918 938 2254 994 diﬁerentiis
2284 953 2351 993 ac
2379 937 2742 993 varietatibus
2772 936 3017 993 ﬁdelium
3055 936 3568 1005 accommodantur,

290 1030 347 1072 et
378 1019 435 1074 in
464 1019 761 1075 collatione
782 1020 873 1085 30,
901 1028 956 1075 et
995 1020 1088 1086 60,
1125 1030 1180 1077 et
1208 1022 1299 1086 90,
1335 1038 1527 1080 eorum
1555 1024 1649 1094 qui
1685 1023 1901 1080 faciunt
1943 1026 2171 1082 verbum
2205 1025 2489 1081 consistit.
2520 1025 2628 1079 Alii
2675 1025 2881 1080 etenim
2920 1027 3127 1080 mundo
3168 1033 3299 1083 sunt
3337 1024 3566 1089 addicti,

290 1110 495 1179 quibus
527 1107 735 1165 Paulus
772 1109 908 1164 dicit
935 1126 950 1164 :
986 1130 1004 1162 ε
1040 1107 1209 1165 Uxori
1240 1111 1503 1180 alligatus
1535 1127 1618 1178 es,
1646 1128 1819 1183 quare
1847 1130 1917 1170 ne
1949 1114 2175 1170 studeas
2208 1114 2478 1179 dissolvi;
2528 1114 2749 1169 solutus
2789 1127 2849 1167 es
2883 1113 2949 1167 ab
2976 1129 3171 1175 uxore,
3206 1129 3288 1168 'ne
3340 1128 3567 1166 uxorem

292 1196 549 1265 requiras
570 1197 670 1251 ἰ.»
700 1195 807 1251 Alii
843 1212 1009 1266 porro
1038 1204 1289 1253 sanctam
1315 1207 1370 1253 et
1399 1200 1816 1257 exercitationis
1838 1202 2132 1270 patientem
2159 1213 2525 1275 susceperunt
2545 1203 2715 1257 vitam
2745 1220 2758 1257 :
2788 1202 2873 1255 his
2905 1201 2981 1255 ait
3006 1220 3074 1272 λι
3103 1203 3348 1256 Terrena
3383 1213 3568 1255 vestra

292 1286 539 1339 membra
566 1285 893 1340 mortiﬁcate
911 1286 957 1318 θ’
980 1302 1027 1350 ;ι
1061 1294 1116 1340 et
1140 1301 1367 1341 rursum
1396 1287 1580 1357 inquit
1604 1305 1616 1340 :
1640 1305 1660 1339 ι
1679 1287 2018 1348 Aii‘ectiones
2038 1292 2208 1363 hujus
2236 1292 2523 1363 praesentis
2547 1291 2736 1347 saeculi
2767 1289 3026 1361 indignos
3059 1290 3300 1344 reddunt
3318 1289 3563 1343 futuram

290 1374 631 1429 recondendi
667 1375 898 1445 gloriam
919 1376 986 1430 ”.
1020 1393 1040 1427 ι
1074 1376 1181 1430 Alii
1210 1391 1340 1432 vero
1379 1376 1448 1431 ad
1476 1392 1695 1432 sacrum
1736 1393 1940 1435 munus
1973 1382 2155 1437 vocati
2185 1391 2356 1438 sunt:
2390 1382 2462 1437 de
2512 1382 2599 1437 his
2626 1381 2837 1436 dictum
2872 1387 2953 1434 est
2988 1396 3001 1431 :
3040 1398 3058 1423 ι
3088 1377 3145 1431 lu
3184 1378 3344 1432 labiis
3384 1392 3571 1432 sacer-

287 1462 483 1518 dotum
519 1465 836 1519 servabitur
860 1464 1161 1533 judicium,
1198 1475 1255 1521 et
1287 1466 1458 1538 legem
1495 1482 1561 1521 ex
1593 1482 1692 1523 ore
1722 1468 1844 1538 ejus
1872 1469 2315 1525 sciscitabantur
2344 1469 2409 1525 ⁸⁸.
2449 1489 2467 1521 ι
2499 1468 2675 1537 Cujus
2710 1467 2929 1538 generis
2958 1466 3141 1520 omnia
3183 1479 3403 1534 quoque
3440 1473 3572 1518 sunt

288 1565 417 1619 quae
442 1549 651 1607 Paulus
684 1567 790 1607 suo
823 1550 1119 1607 Timotheo
1146 1552 1392 1609 mandat.
1431 1554 1703 1610 Caeterum
1731 1557 2033 1611 motionem
2061 1573 2190 1613 cum
2222 1558 2401 1628 iubilo
2432 1558 2733 1614 faciebant.
2764 1556 3041 1611 Prolectio
3068 1555 3215 1610 enim
3253 1570 3315 1608 ea
3345 1569 3467 1623 qua:
3501 1552 3569 1606 ad

287 1639 461 1696 ﬁnem
488 1641 662 1695 tendit
718 1640 955 1710 jubilum
990 1641 1242 1698 victoria
1286 1641 1507 1713 signum
1558 1643 1747 1699 habet.
1793 1643 2035 1700 Victoria
2076 1646 2231 1701 enim
2292 1655 2613 1702 sanctorum
2652 1644 3004 1698 vitm‘exitus
3048 1650 3221 1697 estu-
3250 1642 3368 1696 Deo
3398 1639 3568 1703 enim.

292 1726 501 1799 inquit,
533 1728 629 1799 qui
670 1728 835 1786 nobis
870 1728 1160 1785 victoriam
1203 1744 1302 1801 per
1339 1729 1632 1786 Dominum
1666 1739 1920 1787 nostrum
1954 1730 2143 1789 Jesum
2187 1733 2475 1789 Christum
2513 1731 2728 1788 confert
2753 1732 2821 1786 “.
2856 1749 2873 1783 ι
2912 1730 3069 1796 Quod
3102 1738 3285 1783 autem
3332 1728 3457 1783 aliis
3486 1731 3571 1781 iu-

290 1816 641 1885 terpretibus
673 1815 801 1871 ﬁnis
825 1824 933 1884 est,
958 1817 1062 1874 hoc
1090 1817 1220 1875 aliis
1246 1825 1337 1874 est
1364 1818 1626 1875 victoria.
1653 1820 1759 1875 Alii
1786 1820 1988 1876 etenim
2024 1822 2150 1890 ﬁnis
2175 1820 2399 1877 nomine
2427 1820 2670 1891 psalmos
2698 1818 3033 1874 inscribunt.
3062 1817 3168 1871 Alii
3201 1816 3567 1888 epinieiormu

292 1904 549 1960 victoriae
582 1905 822 1959 auctori.

363 1991 424 2047 la
475 1994 715 2048 statione
762 2007 934 2063 porro
981 1992 1196 2064 jubilus
1233 2009 1359 2051 cum
1402 1994 1669 2052 tubarum
1716 1996 1986 2068 clangore
2021 2010 2130 2052 non
2162 1996 2534 2052 miscebatur.
2568 1994 2687 2052 Non
2718 1996 2867 2052 enim
2918 1995 2975 2049 in
3020 1993 3229 2050 mundo
3267 2000 3456 2048 nostra
3486 2002 3570 2045 est

286 2079 553 2146 victoria,
586 2080 642 2134 in
662 2094 773 2150 quo
804 2082 1159 2136 concutimur
1190 2096 1255 2137 ac
1284 2083 1712 2153 prosternimur,
1738 2084 1865 2139 licet
1893 2098 2001 2140 non
2017 2097 2310 2155 pereamus
2333 2082 2607 2139 funditus.
2637 2083 2827 2138 'i'ubas
2852 2096 2982 2136 vero
3012 2081 3327 2136 sacerdotes
3356 2078 3567 2141 lnﬁant.

291 2167 334 2224 ii
372 2168 584 2224 scilicet
613 2169 711 2238 qui
752 2167 863 2224 Deo
886 2178 1123 2225 utuntur
1147 2170 1308 2228 valde
1350 2170 1724 2238 familiariter,
1760 2172 1943 2243 adque
1966 2171 2176 2226 Christi
2224 2169 2594 2226 imitationem
2634 2170 2918 2225 clamant:
2956 2186 2977 2219 ι
3012 2167 3190 2238 Prope
3217 2175 3305 2222 est
3338 2180 3569 2236 regnum

287 2256 563 2312 ccelorum
603 2258 673 2321 ",
724 2276 743 2309 ι
800 2256 949 2327 quod
989 2258 1387 2317 aﬁlicﬁonibus
1431 2260 1601 2331 hujus
1648 2262 1882 2327 mundi,
1927 2268 1982 2316 et
2020 2259 2272 2315 victoria:
2322 2260 2678 2314 contentione
2728 2257 3008 2329 capimus.
3075 2256 3242 2329 Atqui
3290 2255 3572 2310 institutio

288 2344 553 2399 tubarum
582 2344 918 2416 sempiterna
946 2356 1051 2402 est.
1089 2345 1330 2402 Verbum
1360 2347 1509 2403 enim
1547 2346 1643 2404 Dei
1681 2348 1894 2404 aﬁ‘atim
1925 2350 1981 2405 in
2008 2348 2175 2404 nobis
2207 2347 2462 2403 habitare
2488 2345 2670 2402 debet.

381 2454 599 2508 Ἐλαταὶ
610 2455 671 2509 δὲ
700 2455 765 2510 al
793 2456 1095 2526 σάλπιγγες
1119 2474 1132 2486 ·
1157 2456 1481 2511 ἐλαύνονται
1523 2458 1581 2512 δὲ
1614 2458 1703 2513 διὰ
1740 2458 1882 2529 σφύ-

2056 2457 2299 2512 Ductiles
2320 2471 2447 2511 vero
2484 2462 2611 2510 sunt
2656 2456 2817 2520 tubae,
2851 2453 3200 2510 deducuntur
3245 2461 3426 2508 autem
3475 2468 3570 2523 per

293 2565 423 2620 ρας.
475 2549 612 2620 Περὶ
652 2544 724 2622 ἦς
765 2549 1036 2620 Ἱερεμίας
1079 2550 1227 2621 φησί
1255 2566 1270 2582 ο
1311 2569 1330 2602 ι
1372 2552 1483 2605 Καὶ
1531 2550 1884 2623 συνετρίσηη

1993 2551 2275 2615 malleum,
2300 2550 2367 2604 de
2408 2563 2517 2619 quo
2544 2547 2809 2604 Jeremias
2836 2547 3011 2616 iuquit
3038 2561 3052 2599 :
3080 2564 3099 2598 ι
3151 2544 3216 2599 Ει
3249 2545 3573 2600 comminuit

291 2640 480 2712 σφῦρα
517 2642 700 2712 πάσης
736 2641 837 2712 τῆς
865 2642 993 2712 γῆς.
1036 2659 1056 2694 ι
1100 2641 1165 2695 Ei
1217 2642 1294 2713 μὴ
1323 2642 1436 2712 γὰρ
1463 2638 1532 2713 ἦν
1570 2642 1817 2706 διάϐολος
1848 2644 1882 2714 ἡ

1993 2642 2218 2699 malleus
2238 2643 2308 2695 ’⁷.
2348 2660 2367 2693 ι
2406 2642 2675 2695 Czeterum
2718 2640 2847 2693 tuba
2871 2655 2993 2709 qua:
3026 2638 3091 2691 ad
3140 2636 3301 2693 ferias
3326 2637 3571 2693 concita-

294 2734 505 2807 σφύρα,
542 2735 780 2805 σάλπιγξ
821 2736 927 2790 οὐκ
978 2732 1048 2807 ἦν
1084 2735 1250 2809 ἔλα-τὴ
1275 2775 1291 2802 ,
1347 2737 1384 2807 ἡ
1417 2735 1762 2808 διεγείρουσα
1792 2735 1886 2789 ἐπὶ

1993 2736 2100 2801 bat,
2134 2750 2239 2789 non
2266 2734 2488 2789 ductilis
2509 2740 2649 2789 erat.
2681 2732 2852 2788 Feria:
2876 2740 3056 2787 autem
3082 2731 3187 2786 illa:
3216 2738 3343 2787 sunt
3374 2729 3575 2799 quibus

3467 388 3569 451 818
3679 432 3683 436 μ

293 2826 405 2889 ⁸είὰς
436 2826 638 2896 ἑορτὰς
664 2829 758 2881 τοῦ
794 2827 934 2881 Θεοῦ
961 2845 973 2859 ·
1032 2827 1156 2881 καθ’
1186 2826 1253 2891 ἃς
1302 2828 1372 2882 τὰ
1408 2830 1637 2898 σώματα
1690 2828 1884 2881 θυσίαν

292 2920 678 2989 προσάγομεν,
710 2919 858 2991 λόγῳ
898 2918 997 2990 τὴν
1028 2918 1167 2973 ίδίαν
1197 2918 1535 2973 ἀπολιπόντα
1584 2917 1753 2989 ζωὴν,
1785 2917 1883 2981 τὰς

290 3010 472 3081 ψυχὰς
509 3009 961 3081 φαιδρυνόμενον
1004 3010 1103 3065 καὶ
1136 3012 1267 3074 τοὺς
1314 3010 1614 3074 ἀκούοντας
1656 3009 1883 3063 κινοῦσα

294 3104 439 3173 πρὸς
478 3103 736 3174 πόλεμον.
766 3102 951 3156 Πολλά
977 3104 1010 3175 ἡ
1037 3101 1221 3175 σφύρα
1261 3102 1464 3172 Παύλῳ
1514 3102 1790 3173 συνήρατο
1817 3102 1883 3171 τῇ

294 3196 564 3266 σάλπιγγι
591 3198 657 3269 τῇ
676 3196 871 3267 -ὲλατῇ,
896 3194 987 3250 διὰ
1014 3195 1121 3249 τῶν
1146 3195 1409 3249 ποικίλων
1440 3194 1603 3249 αὐτὸν
1633 3193 1888 3248 ἐλαύνου-

295 3302 374 3343 σα
412 3288 762 3361 rrztpacpt'bv'
810 3288 1091 3361 δηλοῦσα,
1145 3287 1220 3352 ὡς
1247 3286 1570 3341 ἐλαύνεσθαι
1626 3286 1885 3355 ἠδύνατο,

298 3380 472 3451 μηδὲν
524 3380 933 3452 βλαπτόμενοςι
981 3379 1076 3434 καὶ
1129 3380 1317 3451 σχῆμα
1349 3380 1540 3433 λαὸεῖν
1582 3378 1886 3447 σάλπιγγος

296 3474 689 3545 μεγαλοφώνου
728 3474 809 3547 μὴ
850 3473 1058 3542 ἄδηλον
1101 3473 1372 3545 δηλούσης
1423 3472 1611 3546 φωνὴν
1639 3474 1721 3537 εις
1754 3473 1884 3538 τοὺς

293 3563 623 3632 ἀκούοντας,
657 3566 737 3630 είς
766 3566 857 3621 τὸν
896 3565 1041 3621 κατὰ
1089 3564 1191 3637 τῆς
1225 3566 1427 3630 κακίας
1470 3564 1885 3631 κατασκευάζει

300 3657 432 3711 σθαι
462 3658 589 3712 πὸλε
599 3676 720 3730 μον.

1987 2843 2084 2897 per
2110 2828 2337 2883 verbum
2379 2840 2612 2897 corpora
2640 2833 2829 2881 nostra
2861 2824 2915 2879 in
2959 2824 3237 2878 victimam
3268 2822 3572 2881 oderimus.

1990 2920 2265 2991 propriam
2294 2918 2460 2973 vitam
2501 2918 2830 2981 deserimus,
2865 2923 2919 2971 et
2963 2915 3177 2970 animas
3228 2922 3447 2969 nostras
3488 2928 3575 2967 sc-

1991 3025 2150 3065 renas
2172 3017 2227 3065 et
2254 3009 2497 3064 illustres
2527 3006 2831 3063 reddimus.
2867 3005 3066 3061 Eadem
3105 3019 3322 3073 quoque
3350 3004 3479 3058 tuba
3520 3002 3573 3055 in

1992 3098 2133 3155 bello
2189 3097 2485 3154 classicum
2539 3096 2862 3151 cauebatur.
2923 3093 3149 3148 Malleus
3201 3091 3391 3147 ductili
3444 3090 3575 3144 tuba

1993 3204 2135 3259 saepe
2182 3188 2485 3245 sublevavit
2534 3186 2803 3253 Paulum,
2833 3200 2958 3240 nam
3006 3200 3102 3255 per
3140 3183 3343 3239 multas
3384 3190 3575 3238 tenta-

1994 3281 2172 3337 tiones
2226 3280 2433 3351 impetu
2472 3293 2575 3334 suo
2622 3278 2839 3344 extulit,
2859 3284 2913 3330 et
2948 3273 3279 3346 signiﬁcavit
3328 3274 3378 3329 ei
3427 3274 3574 3343 quod

1992 3375 2217 3444 impune
2250 3388 2348 3443 per
2382 3386 2477 3427 eas
2516 3370 2750 3426 evadere
2792 3376 3001 3441 posset,
3028 3375 3081 3422 et
3130 3367 3377 3421 habitum
3414 3381 3573 3421 assu-

1992 3483 2140 3524 mere
2184 3467 2348 3533 tubae,
2381 3481 2503 3537 quae
2535 3479 2733 3535 magno
2783 3460 3018 3533 strepitu
3050 3475 3239 3516 vocem
3290 3470 3474 3515 notam
3511 3475 3574 3514 ac

1991 3570 2198 3615 certam
2242 3557 2310 3613 ad
2364 3557 2649 3613 auditores
2695 3554 2919 3621 emittit,
2945 3567 3054 3625 quo
3089 3552 3301 3608 scilicet
3346 3551 3569 3607 malitia:

1992 3652 2194 3708 bellum
2231 3649 2595 3704 indiceretur.

381 3769 446 3824 Et
464 3770 689 3841 profecti
712 3783 834 3826 sunt
861 3769 967 3841 ﬁlii
1001 3768 1221 3826 Gersom
1240 3779 1290 3825 et
1318 3768 1523 3825 Morari
1544 3776 1818 3839 portantes
1849 3762 2270 3821 tabernaculum.
2297 3760 2388 3833 ιχ,
2417 3757 2530 3831 l7.]
2552 3758 2672 3825 Quo
2706 3758 2966 3812 nimirum
2997 3772 3153 3813 sacra
3177 3764 3571 3826 praepararent.

299 3858 452 3914 Inter
477 3858 697 3916 Levitas
726 3874 858 3914 vero
901 3867 957 3915 et
986 3867 1172 3913 castra
1190 3857 1625 3913 tabernaculum
1656 3864 1796 3920 erat,
1840 3868 1969 3909 vasa
2011 3858 2194 3905 autem
2242 3851 2297 3903 in
2324 3847 2507 3901 medio
2550 3860 2742 3901 eorum
2770 3845 2863 3915 qui
2896 3854 3053 3911 ante,
3100 3845 3310 3900 circum
3358 3853 3411 3899 et
3451 3852 3574 3915 post

298 3954 498 4013 erant;
530 3946 607 4002 ita
638 3960 858 4018 quoque
888 3946 1108 4002 Deus-in
1134 3944 1317 4001 medio
1342 3955 1546 3999 sancta:
1576 3943 1817 3998 civitatis
1841 3955 1963 3997 esse
1997 3939 2225 4003 dicitur,
2254 3947 2308 3994 et
2334 3934 2611 3991 exercitus
2638 3933 2883 3990 caelestis
2917 3932 3160 4003 undique
3191 3932 3339 3988 circa
3364 3930 3531 3987 Deum
3556 3950 3572 3999 ;

301 4052 541 4108 magnus
570 4037 724 4092 enim
751 4046 809 4092 et
828 4034 1107 4091 terribilis
1133 4044 1217 4090 est
1246 4034 1511 4089 omnibus
1542 4033 1636 4103 qui
1666 4032 1819 4086 circa
1851 4030 2035 4101 ipsum
2069 4032 2222 4080 sunt.

377 4145 485 4200 Kal
517 4140 649 4201 εἶπε
673 4142 938 4213 Μωυσῆς
966 4142 1047 4209 τῷ
1080 4143 1257 4197 ’θὸὰό
1288 4140 1398 4206 υἱῷ
1439 4138 1764 4210 Ῥαγουήλ.
1797 4140 1887 4191 Δεῖ

2064 4132 2132 4186 Et
2164 4130 2302 4184 dixit
2330 4127 2527 4201 Moses
2561 4126 2748 4181 Hobab
2780 4126 2897 4196 ﬁlio
2930 4123 3204 4197 Raguelis.
3239 4123 3377 4199 [‘29.]
3412 4124 3574 4197 Cogi»

297 4239 467 4299 νοεῖν,
492 4236 568 4300 ὡς
606 4236 792 4307 Ἰοθὼρ
819 4235 914 4289 τοῦ
953 4236 1049 4289 καὶ
1094 4233 1366 4305 Ῥαγουὴλ
1417 4230 1884 4303 ἀποστρέψαντος,

299 4322 462 4392 οὗτος
492 4327 919 4397 γυναικάδελφος
946 4326 1023 4382 ὢν
1043 4326 1231 4390 αὐτοῦ,
1265 4327 1430 4397 μέχρι
1460 4324 1556 4379 νῦν
1582 4322 1733 4394 αὐτῷ
1768 4340 1892 4376 συν-

301 4422 514 4493 ἐμεινε.
547 4419 663 4475 Νῦν
687 4421 767 4489 δὲ,
803 4422 880 4486 ὡς
914 4420 1086 4485 εἰκὸς,
1113 4416 1207 4473 τοῦ
1233 4418 1440 4490 πατρὸς
1461 4417 1611 4491 αὐτῷ
1638 4416 1891 4489 τελευτή-

304 4531 526 4581 σαντος,
559 4510 821 4587 ὥρμησεν
853 4512 1132 4579 ἀπελθεῖν,
1158 4512 1261 4581 τὴν
1298 4510 1601 4582 ἱερωσύνην
1633 4510 1890 4581 κατέχειν

302 4604 404 4677 τὴν
438 4604 703 4677 πατρῴαν
735 4602 1079 4676 βουλόμενος.
1124 4600 1183 4655 '0
1206 4601 1265 4653 δὲ
1296 4603 1591 4672 κατασχεῖν
1631 4601 1892 4672 ἐπειρᾶτο

305 4696 489 4751 ἑλπίδι
515 4695 626 4752 τῶν
652 4695 838 4761 αὐτοῖς
860 4694 1138 4768 ἐσομένων
1162 4691 1369 4750 καλῶν.

1994 4224 2228 4280 tandum
2255 4231 2337 4277 est
2357 4218 2671 4276 Jethronem
2700 4218 2865 4289 hujus
2889 4216 3147 4289 Raguelis
3185 4218 3353 4274 ﬁlium
3382 4218 3572 4274 fuisse.

1995 4318 2177 4385 Quare
2208 4330 2331 4370 cum
2367 4311 2559 4367 Hobab
2595 4310 2772 4364 alﬁnis
2819 4308 2985 4366 Mosis
3024 4319 3189 4376 esset,
3225 4309 3406 4365 adhuc
3449 4326 3573 4366 cum

1995 4425 2061 4466 eo
2100 4407 2323 4463 mansit.
2360 4404 2517 4460 Nunc
2545 4418 2696 4468 vero,
2726 4412 2783 4457 ut
2804 4402 3105 4459 verisimile
3142 4412 3246 4469 est,
3273 4410 3430 4473 patre
3474 4417 3574 4458 suo

1996 4500 2282 4558 sacerdote
2324 4495 2621 4552 Madianita
2681 4494 2942 4550 defuncto
3010 4495 3162 4549 abire
3217 4493 3573 4561 desideravit,

1995 4591 2282 4660 voluitque
2315 4588 2490 4660 patris
2530 4585 2902 4642 sacerdotium
2940 4600 3249 4655 capessere.
3290 4585 3359 4639 At
3394 4584 3573 4644 Moses

2000 4685 2235 4740 retinere
2293 4695 2420 4737 eum
2481 4676 2796 4735 futurorum
2850 4693 2948 4751 spe
3005 4678 3278 4733 bonorum
3334 4680 3572 4735 conaba-

2001 4782 2111 4830 tur.

377 4903 556 4960 Aliter
590 4917 726 4959 vero
748 4901 1007 4959 Christus
1030 4914 1142 4957 nos
1170 4899 1240 4956 ad
1277 4914 1342 4957 se
1384 4897 1577 4961 allicit.
1609 4895 1948 4953 desiderium
2002 4891 2266 4949 videlicet
2318 4888 2621 4960 injicienda
2660 4901 2769 4944 non
2828 4888 2993 4958 lucri,
3048 4889 3145 4946 sed
3191 4887 3383 4945 :eterni
3418 4886 3571 4955 boni,

306 4993 456 5066 quod
478 4991 766 5062 =promittit
786 4990 1053 5046 omnibus
1091 4988 1187 5058 qui
1220 4987 1495 5044 desiderio
1524 4985 1708 5055 ipsius
1743 4992 2066 5054 tanguntur,
2099 4989 2156 5037 et
2186 4979 2392 5034 malum
2426 4985 2783 5066 aversantur.

376 5082 520 5151 Φησὶ
568 5077 645 5150 μὴ
694 5078 808 5132 δεῖν
835 5076 1123 5132 ἀπολιπεῖν
1173 5074 1396 5141 αὐτοὺς,
1440 5074 1568 5127 ἐπεὶ
1611 5070 1896 5142 κατάμαθε

2072 5071 2211 5125 Dicit
2246 5076 2425 5124 autem
2461 5065 2643 5123 Moses
2678 5066 2782 5138 ipsi
2819 5064 3033 5133 Hobab,
3056 5067 3309 5138 peritiam
3365 5079 3565 5124 castra-

306 5172 409 5235 τὰς
453 5170 948 5243 στρατοπεδεύσεις
972 5167 1154 5223 αὐτῶν
1206 5168 1307 5229 τὰς
1342 5167 1403 5220 ὲν
1428 5167 1497 5237 τῇ
1531 5165 1727 5236 ἐρήμῳ
1750 5180 1764 5195 ·
1798 5162 1887 5217 καὶ

2000 5160 2360 5217 metationum
2387 5158 2631 5228 ipsorum
2663 5173 2804 5230 quas
2840 5157 2896 5213 in
2921 5155 3147 5214 deserto
3178 5156 3436 5212 iecissent
3478 5159 3573 5211 ha-

309 5263 535 5319 ῑσεσοαι
558 5266 618 5317 ιν
638 5264 825 5327 αὐτοῖς
854 5260 965 5334 πρὸ
980 5259 1301 5332 ὀφθαλμῶν,
1327 5258 1405 5322 ὡς
1429 5259 1732 5329 δυνάμενον
1757 5272 1894 5327 προ-

311 5357 571 5427 τετάχθαι
612 5356 710 5410 καὶ
745 5353 1110 5425 καθηγεῖσθαι
1143 5352 1234 5406 διὰ
1279 5351 1382 5423 τὴν
1431 5349 1745 5422 δμπειρίαν.
1784 5348 1894 5402 Καὶ

310 5448 388 5513 ὡς
408 5448 589 5502 εοικεν
602 5445 830 5519 ἐπείσθη
850 5462 868 5479 ·
891 5443 1132 5516 οὐδαμοῦ
1150 5443 1262 5516 γὰρ
1283 5444 1434 5512 λέγει
1458 5443 1535 5506 ὡς
1552 5441 1888 5513 ἀπέστρεψε.

1998 5254 2150 5317 bere,
2178 5250 2427 5321 adeoque
2460 5250 2750 5305 oculorum
2780 5250 2898 5306 vice
2927 5249 3064 5319 ipsis
3086 5248 3219 5310 fore.
3243 5256 3299 5302 ut
3321 5248 3416 5318 qui
3442 5248 3572 5318 ipsis

1997 5354 2053 5401 et
2085 5342 2319 5415 imperio
2347 5349 2403 5398 et
2431 5341 2605 5397 ductu
2639 5356 2883 5413 praeesse
2914 5348 3139 5411 propter
3178 5354 3361 5394 rerum
3405 5354 3569 5408 expe-

1998 5436 2279 5502 rientiam,
2306 5435 2505 5507 possit.
2542 5435 2729 5505 Itaque
2766 5435 2813 5489 si
2861 5433 3137 5503 relinquat
3184 5448 3301 5495 eos,
3345 5431 3490 5502 quod
3516 5445 3573 5485 sc

314 5544 542 5600 minime
592 5543 787 5599 deceat
807 5583 823 5608 ,
854 5542 1086 5612 illisque
1129 5539 1428 5612 plurimum
1490 5536 1900 5600 incommodet,
1933 5533 2233 5589 facturum.
2264 5532 2440 5603 Atque
2470 5529 2544 5585 ita
2567 5528 2788 5600 quidem
2817 5528 2887 5583 ab
2942 5527 3035 5582 illo
3066 5542 3387 5598 persuasum
3453 5541 3571 5580 cssr

316 5641 744 5692 consentaneum
781 5645 889 5704 est,
926 5647 1198 5705 nusquam
1240 5631 1387 5686 enim
1440 5629 1708 5700 scriptum
1748 5625 1891 5699 quod
1932 5624 2004 5681 ab
2034 5640 2100 5682 eo
2135 5622 2444 5687 diverterit.
2473 5620 2725 5693 legimus.

387 5763 433 5796 ⁸⁹
470 5762 640 5819 lCor.
674 5780 785 5829 xlv,
819 5762 909 5819 i9.
982 5762 1029 5795 ⁹⁶
1052 5760 1208 5816 Prov.
1238 5776 1314 5822 rx,
1343 5758 1399 5814 9.
1470 5759 1516 5793 ⁸⁸
1551 5758 1571 5813 1
1611 5758 1736 5816 Cor.
1759 5773 1857 5829 vlt.

2068 5754 2349 5829 'fﬁoloss.
2375 5770 2457 5818 ιιι,
2482 5753 2533 5807 5.

322 5848 381 5902 ιι,
406 5835 459 5890 7.
532 5837 579 5870 "
616 5835 635 5888 Ι
669 5824 794 5890 Cor.
836 5850 925 5898 xv,
961 5831 1050 5888 57.
1125 5832 1172 5865 ’⁸
1201 5829 1392 5896 Matth,
1423 5846 1505 5896 ιιι,
1537 5829 1592 5885 2.
1671 5829 1719 5863 "
1752 5824 1953 5885 Jerem.
1991 5843 2042 5894 ι.,
2072 5827 2162 5882 9.5.

2640 5750 2867 5815 "Boni.
2901 5765 3019 5817 \‘lll,
3063 5749 3146 5805 18.
3252 5747 3299 5780 ’⁸
3330 5746 3563 5803 Maiach.
