4090 6542
261 396 359 461 sat
1349 396 1890 464 connexum
1949 399 2033 461 IN
2070 376 2463 461 NUMEROS.
3437 400 3545 464 sea

260 528 443 571 mores
475 495 839 585 ignominiam
872 513 1172 571 sustinent.
1200 512 1359 581 Quol
1386 515 1571 583 ipsum
1607 515 1830 570 Davidis
1883 529 2109 587 quoque
2138 515 2309 571 verba
2345 514 2585 571 innuunt
2620 534 2634 572 :
2676 536 2694 571 ι
2723 516 2986 574 Dilatavit
3018 517 3272 575 infernus
3300 521 3544 577 animam

260 618 421 656 suam
454 612 510 659 et
530 604 747 676 aperuit
787 618 851 659 os
890 617 1056 659 suum
1084 618 1156 659 ne
1181 604 1318 675 quid
1345 605 1690 674 relinqueret
1712 607 1755 659 '.
1796 623 1815 656 ι
1846 633 1916 644 -
1949 622 1967 656 ι
2018 603 2234 660 Carnes
2278 604 2455 668 enim,
2509 604 2715 675 inquit,
2751 606 2807 661 in
2838 606 3101 662 dentibus
3133 622 3328 664 eorum
3359 618 3543 664 erant.

261 694 453 765 Itaque
479 693 763 765 percussit
794 708 895 749 eos
920 691 1194 750 Dominus
1230 694 1389 765 plaga
1424 708 1624 765 magna
1661 693 1982 761 admodum,
2022 699 2078 748 et
2108 706 2313 749 nomen
2350 692 2459 749 loci
2487 694 2641 750 illius
2677 695 3004 766 appellavit,
3038 714 3059 749 ι
3100 703 3155 753 et
3193 707 3392 754 caetera
3424 715 3548 768 quae

262 790 602 854 sequuntur.

344 891 665 963 Ἡγνίζοντο
691 890 749 947 δὲ
776 890 908 964 πρὶν
932 890 1203 962 φάγωσιν.
1230 887 1376 962 Ἱερὰ
1398 887 1510 963 γὰρ
1537 886 1697 961 παρὰ
1716 887 1853 943 Θεοῦ

2029 884 2474 945 Sanctificabant
2512 896 2698 946 autem
2724 906 2784 947 se
2814 899 3110 965 antequam
3141 894 3389 951 ederent.
3415 894 3549 950 Car-
3594 882 3597 885 i

264 986 363 1041 καὶ
380 988 415 1057 ἡ
437 983 748 1056 κρεοδοσία,
777 986 872 1039 καὶ
896 982 1159 1054 καθαρῶν
1186 982 1361 1038 δεῖται
1387 981 1500 1035 τῶν
1533 980 1848 1035 ἐσθιόντων.

1969 978 2114 1034 nium
2148 979 2297 1035 enim
2331 978 2568 1036 facultas
2592 989 2648 1037 et
2682 979 2889 1037 donum
2922 999 3146 1041 sacrum
3174 994 3261 1042 est
3294 993 3350 1041 et
3376 1001 3405 1039 a
3437 984 3548 1039 Deo

265 1080 393 1132 Ὅτι
441 1077 500 1131 δὲ
566 1078 670 1131 οὐκ
727 1074 1007 1143 ἀναγκαία
1054 1076 1090 1146 ἡ
1135 1073 1362 1145 βρῶσις,
1411 1071 1637 1141 trra-{ev
1676 1091 1696 1125 ι
1727 1072 1854 1127 Ὅτι

1969 1071 2358 1142 proficiscitur,
2399 1082 2454 1129 et
2498 1089 2670 1145 puros
2717 1076 2987 1147 epulones
3025 1094 3138 1134 nou
3172 1079 3360 1135 minus
3394 1076 3549 1149 ﬂagi-

264 1168 571 1224 ἐκλαύσατε
610 1167 793 1224 ἔναντι
824 1166 1056 1240 Κυρίου.
1087 1185 1107 1220 ι
1139 1165 1240 1220 Διά
1267 1163 1378 1237 γὰρ
1418 1164 1481 1218 τὸ
1518 1161 1753 1217 κλαῦσαι
1785 1162 1858 1217 τὰ

1969 1168 2067 1217 tat.
2100 1160 2170 1219 Ut
2202 1171 2389 1219 autem
2432 1164 2644 1221 indicet
2675 1166 2841 1222 istum
2867 1169 3054 1225 cibum
3087 1169 3318 1226 minime
3351 1184 3547 1226 neces-

266 1263 405 1335 κρέα
426 1264 668 1331 δίδωσιν,
696 1262 758 1316 οὐ
789 1262 879 1316 διὰ
905 1260 1120 1333 χρείαν.

1969 1256 2175 1312 sarium
2208 1256 2409 1321 fuisse.
2448 1257 2737 1331 subiungit
2776 1278 2791 1315 :
2830 1278 2848 1311 ι
2875 1262 3149 1328 Quoniam
3182 1262 3417 1319 ﬂevistis
3449 1276 3547 1318 co-

267 1371 386 1410 ram
421 1355 679 1411 Domino.
714 1370 738 1408 ι
784 1351 1019 1424 Propter
1064 1351 1252 1409 fletum
1285 1350 1438 1408 enim
1490 1364 1684 1406 eorum
1729 1362 1933 1404 carnes
1994 1346 2133 1421 ipsis
2207 1349 2467 1423 largitur,
2516 1365 2627 1407 non
2706 1361 2932 1424 propter
3016 1355 3406 1412 necessitatem
3455 1359 3552 1408 aut

269 1464 541 1520 Inopiam.

342 1568 831 1625 Absurdissimum
860 1582 997 1624 vero
1021 1575 1110 1624 est
1144 1567 1294 1639 quod
1329 1564 1635 1638 voluptatis
1659 1581 1830 1622 causa
1859 1562 2189 1621 servitutem
2223 1576 2334 1633 qua
2365 1561 2421 1617 in
2468 1561 2712 1635 Egypto
2747 1563 2926 1635 pressi
2958 1564 3219 1636 praesenti
3253 1566 3380 1622 vitm
3411 1581 3549 1622 eon-

267 1656 472 1713 ditioni
493 1663 864 1727 anteponunt.
886 1653 1157 1711 Utautem
1188 1656 1396 1726 probro
1430 1655 1540 1710 illis
1577 1660 1756 1710 vertat
1782 1650 2269 1722 intemperantiam
2306 1666 2462 1707 suam
2497 1650 2877 1720 immodicam,
2910 1652 3269 1709 cibumillum
3300 1655 3553 1726 aliquau-

265 1744 344 1801 do
386 1744 627 1800 maxima
661 1747 820 1815 copia
866 1741 1267 1815 suppeditavit,
1300 1752 1468 1812 atque
1496 1757 1596 1798 eos
1617 1740 1893 1798 oneravit.
1927 1738 2071 1794 Hinc
2120 1748 2202 1795 est
2236 1738 2385 1809 quod
2414 1738 2575 1804 dicit,
2624 1741 2692 1795 Et
2714 1741 2822 1796 erit
2853 1741 3014 1798 vobis
3045 1741 3099 1796 in
3132 1742 3551 1807 alienationem.

267 1833 422 1903 quod
459 1832 796 1888 cruditatem
828 1830 1192 1886 reddiderunt
1240 1830 1358 1885 alii.
1415 1828 1687 1886 Similiter
1726 1843 1862 1885 sane
1912 1825 2197 1896 iniquitati
2239 1826 2428 1882 odium
2477 1828 2746 1884 conciliat
2792 1828 3087 1900 sapientiae
3135 1845 3258 1902 qua:
3286 1831 3432 1887 illam
3466 1842 3554 1889 est

268 1920 541 1975 comitata
580 1919 967 1990 praesumptio.
998 1916 1134 1972 Nam
1166 1918 1511 1990 immorigeri
1547 1915 1977 1987 fuistis,inquit,
2007 1912 2263 1980 Domino,
2287 1915 2385 1985 qui
2407 1915 2553 1971 inter
2580 1931 2678 1973 vos
2706 1918 2950 1983 exsistit;
2975 1914 3331 1990 quasidicat:
3351 1920 3553 1976 lnobe-

270 2009 491 2065 dientia
521 2018 706 2065 vestra
740 2023 849 2063 non
887 2006 1111 2064 aliunde
1137 2018 1258 2062 orta
1290 2015 1374 2064 est
1409 2021 1577 2078 quam
1617 2022 1683 2063 ex
1717 2018 1888 2078 prava
1912 2003 2177 2072 opinione
2204 2002 2273 2058 de
2301 2003 2434 2071 Deo,
2467 2004 2628 2075 quasi
2666 2004 2759 2061 ille
2805 2020 2907 2061 vos
2936 2007 3249 2063 deseruerit
3277 2047 3292 2072 ,
3328 2016 3423 2063 aut
3446 2008 3552 2064 iter

270 2100 551 2156 bonorum
574 2113 674 2153 vos
715 2097 1001 2154 celaverit.
1029 2096 1275 2166 ideoque
1304 2111 1474 2151 mora:
1501 2096 1863 2168 impatientes
1885 2092 2155 2147 bonorum
2187 2090 2409 2146 illorum
2441 2091 2851 2163 perceptionem
2884 2102 3233 2150 antevertere
3262 2095 3550 2159 voluistis,

271 2188 488 2243 nullam
522 2186 819 2241 utilitatem
856 2201 923 2241 ex
951 2184 1289 2240 deductione
1320 2182 1498 2256 ipsius
1532 2184 1737 2241 habere
1763 2179 2366 2251 arbitrati.0portebat
2393 2180 2586 2254 utique
2617 2180 2774 2238 firma
2805 2198 2904 2255 spe
2928 2182 3250 2241 futurorum
3277 2184 3549 2241 bonorum

271 2277 332 2331 in
367 2274 478 2331 Deo
503 2274 696 2329 nixum
724 2287 871 2330 esse.

364 2390 422 2445 '0
443 2390 684 2460 Μωῦσῆς
704 2389 949 2455 ἀπιστεῖ,
969 2387 1032 2442 τὸ
1062 2388 1298 2462 πρᾶγμα
1321 2386 1481 2460 μόνον
1496 2386 1663 2460 ὁρῶν,
1680 2386 1742 2441 οὐ
1766 2383 1860 2441 τοῦ

2033 2386 2311 2444 Caeterum
2354 2384 2535 2444 Moses
2580 2384 2649 2442 ad
2685 2400 2775 2442 res
2826 2394 3131 2457 praesentes
3178 2386 3355 2456 magis
3384 2401 3551 2457 quam

266 2482 413 2537 Θεοῦ
436 2481 534 2552 τὴν
561 2480 815 2553 δύναμιν.
831 2480 925 2535 Διό
954 2498 1122 2552 φησιν
1149 2479 1320 2553 αὐτῷ’
1352 2499 1371 2533 ι
1396 2480 1490 2554 Μὴ
1515 2480 1638 2554 χεὶρ
1658 2478 1862 2552 Κυρίου

268 2575 379 2629 οὐκ
407 2573 732 2646 ἑξαρκέσει;
764 2591 783 2626 ι
822 2572 997 2645 μείζω
1033 2573 1266 2629 Μωῦσεῖ
1295 2573 1394 2645 τὴν
1423 2570 1749 2645 εὐεργεσίαν
1785 2572 1867 2625 διο

268 2666 408 2728 δοὺς
434 2664 658 2734 γνῶσιν,
688 2662 765 2727 ὡς
818 2663 1001 2718 πάντα
1044 2663 1348 2733 δυναμένου
1376 2662 1541 2717 Θεοῦ.
1578 2664 1645 2716 '0
1700 2661 1798 2717 καὶ
1836 2659 1866 2713 ὁ

270 2756 518 2827 Χριστὸς
553 2758 583 2811 ὁ
628 2756 727 2827 τὴν
771 2756 948 2827 αὐτὴν
979 2754 1121 2828 ἔχων
1156 2755 1234 2828 τῷ
1266 2756 1446 2829 Πατρὶ
1487 2755 1722 2827 δύναμιν
1773 2754 1868 2809 ἐπὶ

270 2849 391 2905 τῶν
427 2848 749 2922 τραφέντων
775 2850 837 2904 ὲν
883 2848 1081 2922 ἐρήμῳ
1114 2848 1409 2921 πεποίηκε.
1446 2848 1556 2903 Καὶ
1589 2848 1869 2920 μέμφεται

270 2943 410 3005 τοὺς
440 2941 535 2995 ἐπὶ
560 2941 921 3014 τροφὴν,’ἀλλ’
944 2940 1048 2995 οὐκ
1075 2941 1169 2995 ἐπὶ
1190 2942 1395 3011 γνῶσιν
1424 2940 1680 3007 mem;
1702 2939 1865 2997 Θεοῦ.

272 3034 458 3090 Τοῦτο
492 3037 587 3089 καὶ⁵
618 3035 736 3101 νῦν,
772 3034 867 3089 καὶ
891 3034 1157 3106 Μωῦσῆς,
1198 3034 1292 3089 καὶ
1336 3034 1385 3088 oi
1429 3032 1700 3103 φαγόντες
1742 3050 1870 3087 παι·

274 3128 549 3184 δεύονται.
604 3128 754 3199 Πλὴν
812 3126 1052 3182 ἐνταῦθα
1110 3127 1211 3197 μὲν
1258 3126 1348 3181 διὰ
1397 3126 1498 3197 τὴν
1548 3125 1868 3199 ἐπιθυμίαν,

275 3218 652 3288 ἐλεγκτικῶς·
690 3219 807 3274 ἐκεῖ
850 3218 909 3272 δὲ
961 3217 1051 3272 διὰ
1100 3217 1203 3289 τὴν
1259 3215 1607 3289 παραμονὴν,
1665 3218 1754 3272 ἵνα
1794 3218 1870 3291 μὴ

277 3310 558 3365 ὲκλυθῶσι
605 3310 984 3384 νηστεύοντες.
1014 3309 1096 3365 Τὰ
1130 3309 1271 3365 αὐτὰ
1313 3310 1371 3367 δὲ
1402 3308 1481 3382 τῷ
1511 3310 1743 3365 Μωῦσεϊ
1775 3309 1875 3366 καὶ

275 3401 550 3467 1’ἰλιππος
576 3402 761 3474 ἔλεγεν
790 3403 872 3467 εἰς
906 3402 1137 3470 ἔνδειξιν
1170 3402 1269 3473 τῆς
1304 3401 1458 3467 θείας
1491 3402 1778 3475 δυνάμεώς
1809 3420 1872 3458 τε

280 3497 387 3552 καὶ
407 3495 672 3569 εὐπορίας
706 3498 762 3551 ἐν
788 3496 1109 3571 ἀνθρωπίνῃ
1138 3496 1407 3570 ἐρωτήσει
1430 3511 1447 3528 ο
1489 3515 1509 3551 ι
1532 3496 1704 3553 Πόθεν
1741 3497 1873 3568 dyo-

284 3588 538 3663 ράσομεν
568 3589 792 3661 ἄρτους,
814 3589 902 3644 ἵνα
927 3589 1183 3660 φάγωσιν
1210 3583 1360 3644 οὗτοι
1383 3589 1587 3654 πάντες
1606 3607 1622 3657 ;
1642 3609 1661 3645 ι
1693 3590 1775 3645 Δι’
1795 3583 1874 3647 ὧν

1964 2477 2036 2533 ad
2101 2477 2198 2535 Dei
2262 2477 2527 2533 virtutem
2581 2476 2779 2533 oculos
2825 2484 3184 2543 convertens,
3235 2476 3556 2532 dillidentiae

1964 2570 2171 2627 crimen
2237 2570 2487 2627 admisit.
2538 2569 2811 2637 Quocirca
2858 2587 2889 2624 a
2937 2568 3179 2625 Domino
3240 2569 3561 2626 audit:An.
3628 2636 3631 2637 γ

1964 2680 2166 2722 manus
2198 2662 2420 2720 Domini
2468 2663 2648 2734 impar
2677 2671 2827 2720 esset
2859 2662 2999 2720 Mosi
3043 2662 3255 2734 majora
3285 2663 3557 2719 beneficia

1966 2756 2338 2812 conferendi?
2392 2756 2517 2812 «An
2555 2771 2756 2813 manus
2812 2772 2934 2812 mea
2987 2756 3309 2813 abbreviata
3368 2754 3494 2812 est?
3530 2774 3554 2808 ι

1967 2849 2173 2920 quibus
2205 2848 2395 2906 verbis
2431 2848 2615 2905 innuit
2664 2848 2926 2920 potentiae
2955 2846 3170 2905 Domini
3211 2847 3398 2904 omnia
3431 2862 3565 2903 esse

1970 2944 2208 3000 obnoxia
2256 2962 2270 2999 :
2325 2943 2475 3015 quod
2532 2943 2792 3000 Christus
2840 2958 3063 3015 quoque
3108 2943 3377 3014 aequalem
3430 2957 3558 2998 cum

1971 3036 2136 3093 Patre
2164 3038 2474 3108 potentiam
2507 3038 2742 3101 habens,
2775 3037 2850 3093 iis
2871 3052 3014 3107 quos
3040 3037 3093 3092 in
3116 3036 3358 3092 ‘deserto
3389 3050 3557 3106 pave-

1970 3140 2059 3187 rat
2092 3131 2307 3187 clarum
2338 3129 2465 3186 fecit
2489 3170 2504 3195 ,
2539 3130 2633 3185 ubi
2666 3145 2888 3202 quoque
2934 3143 3033 3185 eos
3062 3129 3423 3201 reprehendit
3464 3126 3561 3199 qui

1972 3221 2280 3278 eihationis
2308 3236 2481 3278 causa
2522 3221 2715 3293 potius
2755 3236 2921 3293 quam
2959 3220 3053 3277 Dei
3083 3220 3422 3289 cognitionis
3468 3237 3565 3276 νει

1973 3324 2193 3371 nerant.
2235 3314 2500 3371 Eamdem
2531 3330 2694 3373 .sane
2739 3313 3106 3371 eruditionem
3133 3314 3321 3370 Moses
3348 3328 3566 3383 quoqu

1973 3409 2066 3465 hic
2127 3416 2185 3464 et
2242 3408 2491 3465 convivae
2557 3408 2682 3479 ejus
2742 3407 3070 3480 accipiunt.
3139 3407 3237 3463 illo
3297 3407 3569 3462 duntaxat

1974 3510 2206 3574 excepto
2250 3501 2400 3573 quod
2451 3501 2507 3557 hi
2553 3501 2742 3558 cibum
2772 3500 2892 3558 suis
2947 3499 3423 3570 concupiscentiis
3452 3514 3565 3555 non

1976 3611 2079 3651 suo
2113 3611 2313 3667 magno
2343 3594 2579 3652 crimine
2593 3602 2742 3669 ,sunt
2773 3594 2982 3666 adepti,
3009 3594 3086 3650 illi
3113 3609 3245 3650 vero
3278 3591 3567 3649 disceden-

280 3680 351 3737 δὲ
398 3680 710 3750 ἐπεθύμουν
765 3679 1084 3752 ἐδεσμάτων
1116 3680 1169 3734 οἱ
1226 3679 1418 3746 πάλαι,
1462 3680 1720 3752 δηλοῦται
1771 3680 1869 3749 τῆς

1975 3687 2031 3742 di
2073 3687 2546 3751 incommoditate,
2578 3687 2840 3759 quoniam
2867 3686 3093 3758 jejunos
3139 3700 3237 3741 eos
3290 3684 3570 3739 dimittere

282 3772 468 3826 αὐτῶν
494 3772 791 3843 ἐπιθυμίας
816 3772 878 3825 τὸ
910 3771 1134 3842 γεῶδες,
1162 3773 1260 3828 καὶ
1289 3772 1594 3844 κάκοσμον,
1626 3773 1725 3827 καὶ
1755 3772 1869 3846 δρι-

1980 3776 2352 3849 periculosum
2378 3784 2519 3833 erat.
2555 3775 2820 3831 Eamdem
2870 3789 3001 3830 vero
3044 3787 3166 3843 qua:
3202 3771 3402 3837 Moses,
3437 3768 3569 3825 Phi-

286 3865 389 3931 μῦ,
418 3864 511 3918 καὶ
540 3863 752 3934 ὑδαρῶς
776 3864 1163 3935 ἐκλελυμένον.

1975 3866 2163 3938 lippus
2192 3881 2421 3936 quoque
2468 3864 2679 3934 objecit
2742 3863 2978 3920 Domino
3012 3862 3116 3935 (ut
3163 3861 3429 3917 nimirum
3464 3858 3571 3914 bu-

287 3971 447 4010 mana
487 3954 931 4027 interrogatione
985 3957 1168 4012 divina
1236 3955 1473 4013 facultas
1525 3964 1582 4013 et
1634 3959 1879 4029 potentia
1918 3958 2283 4028 clucesceret)
2330 3976 2344 4013 :
2420 3975 2440 4010 ι
2474 3956 2636 4014 Unde
2687 3962 2771 4012 tot
2824 3970 2998 4027 panes
3043 3968 3357 4010 emercmus
3432 3957 3568 4022 quot

286 4045 378 4101 his
406 4045 667 4101 omnibus
708 4045 776 4100 ad
823 4046 1025 4101 victum
1076 4045 1398 4102 sufﬁcerent
1453 4046 1584 4101 ⁸⁸2»
1636 4047 1912 4103 Caeterum
1988 4063 2087 4119 per
2145 4046 2330 4103 edulia
2381 4062 2504 4118 qua:
2569 4044 2956 4117 appetiverunt
3014 4054 3250 4111 veteres,
3322 4042 3568 4114 ipsorum

285 4138 875 4208 concupiscentiarnm
909 4137 1171 4203 cadaver,
1207 4139 1543 4211 malignitas,
1577 4140 1874 4212 asperitas,
1915 4151 1968 4198 et
1989 4141 2162 4197 effusa
2189 4140 2443 4212 quaedam
2469 4138 2642 4197 libido
2672 4138 2936 4209 arguitur.

359 4253 537 4321 Quam
575 4252 789 4311 nefarie
816 4271 947 4309 vero
971 4270 1173 4309 manna
1205 4256 1512 4327 insipidum
1544 4267 1600 4314 et
1638 4259 1852 4314 fatuum
1887 4269 2114 4324 vocant,
2143 4260 2307 4328 cujus
2359 4259 2592 4330 singulae
2621 4257 2744 4328 ejus
2774 4256 3067 4330 particula:
3118 4255 3307 4312 varias
3359 4254 3570 4310 formas

286 4340 653 4397 continebant
675 4341 854 4397 iNam
880 4358 1005 4397 cum
1043 4342 1250 4398 libebat
1276 4344 1622 4401 frumentum
1656 4347 1809 4401 velut
1839 4349 2183 4415 terrebatur,
2214 4347 2378 4417 397
2412 4348 2500 4401 vel
2552 4362 2653 4401 ceu
2688 4362 2820 4418 sapa
2849 4346 3220 4417 coquebatur,
3256 4345 3339 4400 vel
3367 4344 3420 4399 in
3455 4343 3567 4398 for-

290 4443 439 4486 mam
471 4427 668 4484 farina:
695 4429 1053 4500 redigebatur
1086 4441 1143 4485 ut
1171 4431 1298 4486 inde
1328 4448 1522 4501 panem
1556 4435 1721 4489 simul
1751 4442 1807 4488 et
1858 4435 2152 4490 obsonium
2188 4445 2415 4505 possent
2447 4434 2744 4499 coniicere,
2772 4449 2839 4489 ac
2871 4434 2925 4488 in
2962 4446 3178 4489 summa
3205 4432 3568 4502 quemadmo-

286 4519 425 4572 dum
452 4516 611 4573 cibus
638 4517 965 4589 spiritualis,
1001 4520 1160 4590 cujus
1202 4521 1496 4591 imaginem
1526 4538 1639 4593 prae
1672 4539 1731 4579 se
1760 4524 1908 4588 tulit,
1945 4530 2087 4579 erat.
2113 4521 2251 4577 Nam
2285 4523 2378 4577 ille
2403 4521 2569 4579 etiam
2606 4521 2803 4577 unicus
2832 4523 3101 4576 duntaxat
3133 4534 3258 4573 cum
3292 4519 3364 4575 sit
3416 4534 3447 4573 a
3470 4533 3572 4589 po.

287 4606 462 4661 tentia
497 4614 681 4661 tamen
715 4615 773 4661 et
804 4606 1007 4663 virtute
1037 4624 1137 4663 sua
1175 4608 1423 4665 infinitas
1468 4609 1679 4666 formas
1722 4612 1981 4681 acquirit.
2034 4610 2173 4668 Hinc
2220 4610 2449 4666 deﬂuxit
2496 4610 2631 4665 illud
2672 4608 2821 4681 quod
2864 4610 3066 4666 dicitur
3100 4626 3115 4664 :
3149 4608 3390 4679 Spiritus
3412 4608 3575 4664 melle

286 4701 345 4747 et
376 4691 502 4748 favo
553 4692 771 4748 dulcior
796 4694 1039 4751 exsistit.
1073 4695 1150 4753 Ita
1201 4696 1465 4768 deinceps
1506 4714 1629 4754 cum
1662 4697 1837 4754 Judzei
1874 4700 2102 4755 verbum
2151 4700 2372 4758 cmlitus
2414 4700 2724 4766 delapsum,
2758 4700 2871 4755 imo
2902 4698 3087 4754 Mosen
3133 4712 3358 4768 quoque
3391 4696 3572 4766 ipsum

289 4789 645 4852 respuerent.
688 4782 806 4837 «De
837 4798 923 4836 me
962 4784 1109 4838 enim
1162 4784 1252 4840 ille
1295 4785 1520 4856 scripsit
1552 4785 1616 4853 υ,
1659 4806 1677 4838 ι
1716 4786 1917 4858 inquit.
1975 4787 2129 4845 Unde
2164 4789 2366 4845 deinde
2415 4787 2584 4843 infert
2618 4806 2632 4843 :
2672 4805 2690 4839 ι
2725 4786 2830 4854 Qui
2860 4786 3010 4842 litem
3045 4786 3129 4843 eis
3165 4801 3353 4843 coram
3409 4784 3576 4841 Patro

289 4883 418 4924 meo
449 4868 697 4925 intendet
722 4870 786 4925 ³³.
831 4889 849 4924 ι
890 4869 1365 4938 Quemadmodum
1413 4890 1561 4931 nunc
1619 4891 1839 4948 quoque
1892 4877 2157 4947 scriptum
2207 4883 2293 4931 est
2342 4892 2356 4930 :
2417 4893 2436 4926 ι
2471 4873 2535 4928 Ει
2592 4874 2675 4930 ira
2723 4873 3022 4931 excanduit
3080 4872 3350 4931 Dominus
3406 4888 3575 4944 super

290 4958 500 5028 populo
541 4972 666 5014 suo.
701 4978 719 5010 ι
752 4957 980 5015 Necnon
1030 4958 1169 5015 Mosi
1200 4961 1556 5018 vehementer
1584 4963 1891 5035 displicuit,
1918 4963 2380 5036 quemadmodum
2429 4972 2644 5018 mentes
2678 4969 3004 5018 sanctorum
3039 4977 3070 5016 a
3101 4970 3240 5019 nutu
3266 4962 3359 5018 Dei
3391 4962 3575 5018 omni-

290 5062 368 5101 no
403 5045 664 5117 pendent.
693 5046 919 5104 Neutris
964 5047 1137 5121 igitur
1186 5062 1315 5104 eum
1354 5064 1551 5121 parere
1581 5053 1805 5119 vellent,
1841 5053 2055 5109 nuntiis
2100 5051 2167 5107 ad
2203 5065 2419 5106 coenam
2455 5050 2818 5107 invitantibus
2852 5049 3283 5122 responderunt,
3320 5050 3414 5106 ille
3445 5049 3575 5120 qui-

289 5134 441 5197 dem,
468 5135 674 5203 Agrum
705 5135 855 5202 emi;
887 5135 998 5200 hic,
1024 5135 1199 5192 Boves
1232 5146 1511 5195 mercatus
1571 5153 1729 5207 sum;
1789 5140 1859 5207 is,
1897 5139 2140 5196 Uxorem
2186 5138 2317 5194 duxi
2344 5139 2408 5192 “.
2455 5139 2765 5208 Antequam
2821 5153 2954 5195 vero
3013 5153 3214 5195 carnes
3269 5136 3577 5193 exhibean-

290 5232 385 5360 ιιιῖ
464 5221 577 5279 illis
659 5223 1009 5294 septuaginta
1086 5224 1368 5281 seniorum
1446 5227 1819 5284 sanctificatio
1906 5228 2154 5297 ponitur.
2231 5226 2428 5283 Divina
2509 5226 2863 5298 participatio
2928 5225 3188 5283 videlicet
3250 5234 3379 5280 ante
3448 5240 3572 5279 car-

292 5324 361 5360 na
384 5324 496 5360 em.

292 5324 496 5365 uatem.

378 5404 660 5459 Ἐντεῦθεν
683 5407 717 5477 ἡ
738 5406 849 5460 τῶν
870 5405 1249 5480 ὲόδομήκοντα
1268 5407 1656 5480 πμσδυτᾶρων
1682 5407 1869 5480 ἐκλογῦ

2058 5407 2332 5463 Caeterum
2364 5420 2571 5462 census
2591 5420 2785 5462 eorum
2813 5419 2843 5459 a
2873 5402 3020 5460 Mose
3050 5402 3257 5475 agitur,
3275 5418 3365 5467 ne,
3399 5416 3429 5457 a
3464 5400 3575 5457 Deo
3675 5452 3685 5462 ,

294 5496 417 5549 κατ’
449 5497 745 5568 ἐμπειρίαν
763 5498 865 5570 τὴν
893 5499 1138 5565 Μωσέως
1169 5498 1307 5570 (54).
1336 5499 1456 5556 Ἵνα
1484 5500 1560 5574 μὴ
1586 5501 1710 5573 ῐσην
1730 5500 1869 5573 αὐτῷ

1992 5500 2256 5559 recensiti
2289 5513 2416 5555 cum
2451 5499 2586 5567 sint,
2616 5513 2806 5571 parem
2832 5498 3154 5568 dignitatem
3193 5504 3249 5555 et
3294 5495 3574 5553 conditio-

367 5676 389 5706 ⁸
432 5673 548 5732 imo
581 5677 690 5733 lsa.
720 5692 775 5742 ν,
822 5677 909 5734 Η.
988 5679 1032 5711 ⁸⁸
1063 5676 1222 5735 Joan.
1254 5696 1326 5746 Iv,
1370 5681 1422 5736 5.
1503 5682 1544 5715 ”
1576 5678 1738 5737 Joan.
1773 5699 1825 5747 v,
1866 5717 1869 5726 ‹

2037 5681 2082 5713 ¹’
2116 5680 2309 5736 Matth.
2350 5696 2506 5745 XVIII,
2542 5679 2594 5733 6.
2677 5678 2720 5711 ¹³
2758 5675 2951 5732 Matth.
2982 5692 3116 5744 un,
3147 5676 3183 5732 2
3210 5691 3360 5748 seqq.

1825 5800 2052 5859 ΝΟΤᾸΞ.

376 5889 494 5962 (δι)
521 5891 608 5949 διὰ
631 5895 930 5961 Μωῦεέως.
977 5895 1036 5951 '0
1064 5898 1160 5969 τῆς
1192 5898 1330 5968 Αὐγ.
1360 5896 1489 5956 κώδ.
