4090 6500
254 340 366 413 825
1367 346 1907 410 COMMENTARII
1951 347 2033 412 ΙΝ
2076 351 2471 414 NUMEROS.
3438 350 3547 416 826

254 455 539 524 δοιιιυΙιιΙΙΘ
563 462 824 512 extremm
857 459 1187 532 arrogantia:
1219 461 1415 517 Mosen
1451 460 1799 517 insimulant.
1833 462 2025 517 Exstat
2056 470 2241 516 autem
2274 462 2543 531 iniquitas
2571 477 2635 519 ea
2681 464 2829 535 quod
2860 464 2955 523 sui
2979 463 3196 535 copiam
3222 464 3293 521 ab
3323 464 3547 521 Israeli-

254 544 329 595 tis
370 542 710 598 alalienavit
743 550 795 602 et
824 550 892 602 ad
954 550 1175 620 nuptias
1206 549 1528 621 peregrinas
1576 550 1844 604 traduxit.
1888 550 2059 621 Atqui
2111 551 2215 607 hoc
2252 551 2384 622 quid
2438 550 2587 607 aliud
2617 561 2703 608 est
2740 562 2905 624 quam
2956 553 3103 622 quod
3136 551 3298 609 Petro
3324 569 3547 625 quoque

255 630 569 697 quodcum
613 634 960 703 praeputiatis
1014 635 1373 702 comedisset,
1430 636 1534 691 luit
1585 634 1912 706 objectum'?
1960 637 2082 704 Quo
2139 646 2389 710 tempore
2437 641 2706 696 visionem
2743 656 2898 696 suam
2950 647 3145 697 recitat
3194 657 3302 712 qua
3334 642 3546 696 audivit

259 716 399 771 illud
428 737 443 773 :
480 738 498 770 ί
524 718 598 773 Ea
631 737 753 791 quae
782 719 893 779 Deo
930 739 1092 780 sacra
1124 734 1277 787 sunt,
1303 726 1397 780 tibi
1435 741 1505 780 ne
1536 725 1650 781 sint
1680 725 1911 796 profana
1938 726 2003 778 ³⁸.
2035 745 2054 778 ι
2116 724 2285 780 Erant
2323 743 2455 782 vero
2490 727 2693 796 impuri
2722 729 2903 797 reipsa
2954 728 3047 797 qui
3084 727 3387 798 gentilibus
3421 742 3544 782 car-

260 806 449 860 nalem
489 807 863 878 impuritatem
896 813 1329 881 exprobrabant.
1366 806 1764 867 Verumtamen
1814 812 1933 881 ipsa
1976 827 2163 876 soror,
2216 813 2515 883 Aaronque
2564 812 2698 867 Mosi
2746 816 3084 884 espr'obrare
3118 831 3225 870 non
3260 825 3542 880 verentur,

262 905 378 944 non
406 894 715 963 cogitantes
745 897 1034 963 nimirum,
1080 900 1238 968 cujus
1268 899 1499 971 ﬁguram
1549 909 1786 970 gereret.
1829 896 2085 956 ChriStus
2114 902 2319 956 etenim
2370 917 2536 956 verus
2572 902 2716 955 lator
2746 902 2929 972 legum
2956 912 3062 967 est,
3108 901 3315 973 Deique
3346 918 3411 956 ac
3446 902 3545 957 ho-

266 980 484 1035 minum
513 983 803 1039 mediator.
846 984 920 1040 De
948 1003 1059 1057 quo
1091 987 1271 1043 Moses
1302 988 1420 1058 ipse
1458 988 1602 1043 dixit
1633 1007 1649 1044 :
1693 1006 1711 1040 ι
1736 986 2075 1058 'Prophetam
2109 988 2371 1043 excitabit
2423 988 2691 1045 Dominus
2734 987 2877 1043 Deus
2914 1000 3096 1046 vester
3135 992 3291 1047 vobis
3325 1007 3392 1046 ex
3431 991 3544 1045 fra-

270 1068 454 1155 tribus
484 1078 682 1130 vestris
722 1075 830 1130 mei
878 1076 1112 1132 similem
1139 1076 1248 1131 ³⁸.»
1296 1068 1429 1131 Fuit
1473 1093 1603 1132 vero
1654 1077 1837 1132 Aaron
1887 1073 2103 1131 Judaici
2162 1077 2467 1133 sacerdotii
2502 1085 2687 1149 typus,
2719 1077 3184 1147 quemadmodum
3239 1076 3545 1150 Synagogm

270 1153 465 1211 Maria.
506 1160 857 1219 Al'CUSﬂI’UIIl
907 1177 1089 1219 autem
1140 1163 1422 1222 Chrisunn
1478 1166 1729 1221 seniores
1757 1180 1977 1236 quoque
2007 1175 2062 1222 et
2096 1168 2272 1238 plebis
2317 1168 2679 1239 congregatio
2734 1169 2879 1239 quod
2923 1167 3065 1224 falso
3115 1184 3175 1225 se
3214 1166 3413 1224 Filium
3449 1168 3545 1225 Dei

266 1244 571 1316 jactitaret,
604 1266 729 1305 cum
762 1248 1024 1309 solvisset
1054 1246 1386 1309 ‘Sabbatum.
1410 1248 1859 1323 indignabantur
1909 1256 2135 1326 insuper
2167 1256 2312 1327 quod
2360 1258 2571 1328 nigram
2611 1255 2860 1328 gentium
2907 1266 2961 1311 et
2990 1256 3291 1325 pulchram
3330 1256 3550 1312 Israeli-

266 1334 454 1389 tarum
487 1336 835 1411 Synagogam
879 1340 1047 1396 simul
1104 1342 1363 1408 ambiret,
1416 1342 1562 1412 quod
1613 1343 1867 1398 videlicet
1910 1359 2128 1413 sponsae
2165 1343 2504 1410 lsraeliticae,
2555 1343 2903 1400 obscuritate
2954 1340 3205 1399 scientiae
3232 1352 3287 1399 et
3333 1359 3546 1399 morum

270 1421 537 1479 infectam
563 1429 820 1497 gentilem
851 1429 1203 1501 adiungeret.
1243 1426 1380 1486 Nam
1439 1429 1729 1487 Samaritis
1768 1432 1860 1502 qui
1898 1433 2064 1486 alieni
2105 1438 2161 1486 et
2187 1432 2440 1487 extranei
2470 1440 2653 1497 erant,
2688 1431 3049 1501 Evangelium
3093 1431 3546 1494 denuntiaverat,

272 1510 615 1584 initiumque
645 1515 925 1585 quoddam
954 1514 1263 1573 vocationis
1294 1520 1541 1589 gentium
1589 1519 1645 1573 in
1668 1514 1784 1574 illis
1807 1519 2039 1589 jecerat.
2075 1512 2283 1573 Contra
2308 1534 2440 1574 vero
2474 1518 2592 1574 suis
2625 1518 2917 1590 discipulis
2956 1518 3025 1574 ab
3058 1510 3220 1573 initio
3254 1508 3551 1574 mandave-

272 1604 365 1654 l‘at
393 1616 463 1656 ne
491 1604 737 1671 gentium
775 1605 961 1660 itineri
996 1607 1338 1673 insisterent,
1371 1624 1550 1677 neque
1595 1607 1652 1661 in
1705 1607 1983 1664 civitatem
2026 1600 2433 1663 ‘Saiuaritanaut
2465 1609 2925 1680 ingrederentur;
2969 1609 3063 1665 sed
3112 1609 3296 1679 potius
3323 1608 3390 1677 ad
3424 1624 3551 1679 per-

270 1686 424 1743 ditas
459 1686 676 1745 lsraelis
706 1706 836 1747 oves
861 1692 964 1747 iter
993 1702 1381 1750 converterent
1408 1696 1471 1749 ⁸⁷.
1505 1693 1623 1761 Quo
1655 1695 1911 1752 mandato
1955 1707 2153 1769 gentes
2179 1698 2249 1752 ab
2292 1699 2569 1755 lsraelitis
2604 1700 2818 1755 alienas
2854 1698 3003 1755 fecit.
3030 1698 3307 1765 Quocirca
3357 1708 3551 1769 gentes

264 1775 384 1832 tibi
418 1779 670 1844 sociavit,
706 1780 975 1837 lsraelitis
1009 1782 1232 1838 interim
1286 1799 1395 1838 non
1432 1784 1719 1853 neglectis.
1752 1780 1906 1851 Quod
1944 1785 2127 1840 adhuc
2160 1786 2367 1842 clarius
2409 1785 2468 1840 lit
2505 1801 2631 1841 cum
2681 1787 2861 1858 inquit
2896 1804 2910 1844 :
2953 1805 2972 1838 ι
3004 1785 3183 1840 Etiam
3231 1778 3373 1841 alias
3419 1802 3551 1842 oves

271 1864 455 1921 habeo
487 1884 609 1938 qua:
632 1885 741 1924 non
764 1884 833 1926 ex
862 1870 968 1927 ista
994 1874 1152 1928 caule
1171 1883 1322 1940 sunt,
1358 1889 1497 1945 quas
1522 1889 1608 1928 me
1642 1890 1864 1945 quoque
1899 1876 2105 1929 ducere
2133 1882 2351 1944 oportet
2377 1866 2441 1929 η.
2474 1893 2493 1925 ι
2548 1874 2683 1930 Item
2716 1891 2843 1930 cum
2877 1875 3155 1945 impudice
3197 1874 3554 1929 sciscitaren-

270 1964 372 2009 tur
421 1973 489 2012 an
533 1960 651 2029 ipse
691 1968 843 2015 esset
892 1956 1171 2028 Christus,
1225 1963 1406 2033 inquit
1444 1981 1457 2017 :
1495 1983 1513 2016 ι
1546 1962 1666 2018 Dixi
1715 1973 1895 2020 tamen
1942 1964 2125 2028 vobis,
2154 1977 2345 2018 verum
2380 1977 2489 2017 non
2523 1964 2773 2031 creditis,
2814 1964 2955 2033 .quia
2987 1980 3051 2018 ex
3076 1978 3248 2034 grege
3303 1976 3549 2016 mearum

268 2044 462 2099 ovium
499 2062 605 2101 non
654 2048 792 2103 estis
819 2049 884 2102 η.
913 2066 931 2099 ι
972 2047 1339 2120 Quapropter,
1365 2059 1625 2121 tanquam
1657 2050 1752 2121 qui
1806 2060 2017 2107 amaret
2069 2052 2306 2117 alienos,
2347 2050 2681 2106 Samaritam
2723 2069 2850 2108 eum
2892 2058 3311 2121 nuncuparunt,
3346 2050 3552 2103 daemo-

271 2134 433 2187 nium
476 2128 619 2189 item
676 2136 880 2192 habere
929 2136 1224 2193 dixerunt:
1273 2139 1643 2195 daemoniacos
1670 2140 1827 2193 enim
1874 2139 2155 2203 idolorum,
2190 2142 2433 2195 cultores
2473 2141 2851 2210 appellabant,
2910 2140 3059 2210 quod
3106 2138 3366 2193 diabolus
3404 2137 3552 2193 inter

268 2237 374 2278 eos
427 2224 742 2280 exsisteret.
817 2224 1044 2296 Semper
1103 2241 1237 2282 vero
1294 2229 1796 2297 transgressionem
1874 2226 1956 2282 illi
2030 2228 2415 2297 objectarunt,
2485 2229 2740 2299 quamvis
2827 2229 3002 2299 legem
3078 2227 3255 2280 multo
3312 2227 3551 2295 amplius

268 2325 339 2362 ex
350 2312 524 2380 plerct
558 2330 724 2384 quam
753 2313 1084 2370 dissolveret
1116 2331 1130 2369 :
1164 2314 1311 2387 quod
1353 2330 1424 2371 ex
1452 2315 1744 2387 ipsiusmet
1772 2314 1957 2372 verbis
1983 2322 2228 2371 conStat.
2254 2316 2443 2373 Solius
2472 2316 2620 2372 enim
2650 2316 2850 2371 litterae
2904 2313 3140 2370 mutatio
3166 2315 3234 2370 ad
3258 2304 3551 2370 veritatem

267 2400 605 2469 pertinebat.

349 2510 716 2581 Objectabant
749 2529 973 2585 quoque
997 2514 1227 2572 Christo
1252 2513 1518 2570 Pharisaei
1553 2530 1567 2567 :
1600 2510 1679 2569 Ne
1732 2511 1870 2569 Mosi
1900 2513 2132 2583 quidem
2170 2514 2287 2570 soli
2337 2513 2522 2569 omnia
2572 2511 2717 2567 dixit
2770 2511 2935 2576 Deus,
2970 2509 3145 2565 multo
3190 2509 3385 2565 minus
3423 2507 3549 2564 tibi.

269 2601 482 2657 Verum
515 2603 801 2659 enimvero
846 2604 1318 2675 quemadmodum
1366 2604 1580 2674 antiqui
1629 2609 1929 2672 peccarunt
1960 2617 2089 2658 sese
2132 2613 2520 2673 comparantes
2552 2602 2601 2657 ei
2626 2601 2719 2672 qui
2754 2616 2784 2655 a
2822 2598 3058 2655 Domino
3109 2598 3323 2653 audivit
3359 2614 3374 2652 :
3418 2597 3551 2652 Mihi

269 2704 393 2760 pra:
419 2691 687 2747 omnibus
728 2700 893 2748 notus
946 2708 1028 2759 es,
1071 2701 1128 2749 et
1173 2707 1409 2764 magnus
1445 2706 1506 2746 es
1556 2691 1610 2745 in
1639 2690 1819 2745 oculis
1854 2690 2001 2746 meis
2034 2706 2050 2743 :
2083 2691 2319 2747 decebat
2367 2692 2516 2745 enim
2551 2705 2650 2745 eos
2700 2689 3086 2759 qualicunque
3140 2688 3247 2742 sibi
3281 2701 3552 2766 concesso

272 2778 490 2833 honore
518 2787 812 2835 contentos
837 2796 980 2846 esse,
1016 2780 1264 2835 nondum
1298 2792 1627 2835 concessum
1660 2776 1980 2847 neutiquam
2004 2786 2233 2849 captare
2261 2796 2275 2833 :
2314 2781 2385 2834 ita
2419 2778 2759 2833 recentiores
2782 2776 3071 2845 piaculum
3104 2775 3167 2830 in
3215 2790 3275 2830 se
3309 2774 3554 2830 admise-

270 2875 435 2930 runt,
478 2867 639 2923 Iidem
686 2868 1009 2937 derogando
1050 2868 1103 2923 ei
1138 2868 1233 2938 qui
1266 2866 1406 2922 dixit
1454 2884 1469 2919 :
1521 2884 1539 2917 ε
1568 2866 1612 2919 Α
1646 2864 1867 2934 .meipso
1913 2866 2121 2937 loquor
2183 2866 2353 2932 nihil,
2390 2866 2499 2922 sed
2534 2865 2636 2936 qui
2672 2880 2760 2920 me
2792 2864 2948 2919 misit
2997 2863 3181 2929 Pater,
3233 2863 3291 2919 in
3314 2863 3551 2918 manda-

269 2958 354 3013 tis
388 2958 522 3013 mihi
568 2959 721 3015 dedit
752 2960 885 3030 quid
927 2960 1134 3022 dicam,
1168 2967 1226 3014 et
1255 2958 1389 3028 quid
1415 2958 1610 3025 loquar
1639 2955 1707 3009 ³ο.
1741 2955 1913 3010 sltem
1948 2973 2010 3011 ιι
2045 2953 2218 3010 Verba
2260 2969 2385 3024 qua:
2408 2966 2510 3023 ego
2541 2952 2737 3022 loquor
2768 2966 2879 3006 non
2918 2965 3050 3006 mea
3088 2959 3243 3017 sunt,
3275 2949 3372 3006 sed
3428 2949 3554 3019 ejus

268 3049 374 3115 qui
405 3063 490 3103 me
516 3048 667 3105 misit
688 3051 758 3112 “,
803 3067 823 3101 ι
862 3050 1239 3121 audacterque
1269 3044 1569 3119 ingerendo
1602 3045 1698 3101 ei:
1738 3063 1767 3097 »ι
1796 3043 1938 3103 ιιοεί
1962 3042 2101 3113 quid
2156 3040 2307 3099 Deus
2362 3040 2571 3095 dixerit
2612 3039 2890 3106 novimus,
2941 3037 3090 3093 hunc
3119 3052 3252 3093 vero
3304 3037 3555 3095 unde'sit

272 3152 391 3191 non
424 3138 679 3193 novimus
697 3139 764 3193 ".
787 3156 823 3192 ι»

354 3268 462 3324 Καὶ
492 3272 527 3324 ὁ
555 3269 866 3338 ἄνθρωπος
892 3269 1152 3338 Μωῢσῆς
1179 3270 1371 3342 πρᾶος
1390 3272 1646 3344 σφόδριν
1665 3269 1852 3342 Σιωπῇ
1885 3263 1934 3322 Δ

2022 3257 2148 3317 Fuit
2162 3270 2339 3317 autem
2353 3256 2622 3318 Moses'vir
2634 3262 2944 3316 mansuetus
2958 3256 3249 3314 admodum
3261 3259 3309 3290 "
3322 3254 3552 3331 [Xll,3.]

275 3362 394 3431 γὰρ
446 3361 609 3432 ἔφερε
656 3362 753 3434 τὴν
806 3363 988 3419 αἰτίαν
1022 3364 1132 3418 ἀπὸ
1178 3365 1512 3437 πραότητος.
1569 3365 1681 3418 Καὶ
1725 3364 1860 3419 ἀνα-

1966 3355 2175 3424 Tacite,
2212 3370 2316 3411 nec
2340 3355 2461 3413 sine
2502 3368 2722 3411 summa
2756 3352 2926 3407 animi
2946 3352 3359 3415 moderatione,
3384 3349 3552 3420 399

266 3452 485 3524 γράφει
520 3451 582 3506 τὸ
630 3453 903 3523 ἐγκώμιον
945 3455 1166 3521 ἑαυτοῦ,
1218 3455 1407 3528 ὥσπερ
1433 3456 1530 3512 καὶ
1582 3457 1644 3510 τὸ
1678 3456 1862 3528 άμάρ·

1964 3446 2364 3504 contumeliam
2394 3445 2562 3501 istam
2583 3442 2840 3515 pertulit,
2865 3441 3197 3513 laudemque
3218 3440 3368 3495 hanc
3394 3452 3555 3493 suam

264 3560 454 3614 ’τημα,
482 3543 783 3619 φιλαλήθης
822 3545 897 3599 ὢν
917 3588 933 3613 ,
989 3549 1086 3605 καὶ
1114 3547 1309 3618 ,μηδὲν
1348 3546 1857 3620 ἀποκρυπτόμενος,

1950 3539 2433 3612 quemadmodum
2478 3537 2646 3594 etiam
2681 3542 2972 3607 peccatum
3006 3532 3233 3589 Davidis
3289 3532 3558 3586 aliorum.

262 3635 470 3709 ’ὥσπερ
502 3636 669 3691 Δασὶδ
702 3638 795 3693 καὶ
816 3638 1016 3703 πάντες
1054 3640 1103 3693 οἱ
1136 3638 1307 3694 ἄλλοι.

1965 3648 2074 3703 que
2096 3640 2426 3688 sanctorum
2456 3628 2729 3699 «exemplo
2763 3627 2828 3683 in
2876 3634 3235 3682 monumenta
3275 3638 3375 3680 sua
3404 3630 3557 3677 retu-

1958 3723 2053 3787 lit,
2092 3722 2239 3778 sicut
2260 3720 2515 3778 veritatis
2551 3718 2861 3782 Studiosus,
2898 3732 3041 3789 aque
3065 3718 3218 3774 omni
3252 3714 3381 3772 fuco
3414 3714 3555 3769 alie-

1961 3824 2076 3869 ἠις
2102 3813 2232 3868 fuit.

266 3950 392 4013 τιειι
423 3948 591 4019 igitur
622 3950 1047 4007 mansuetudine
1082 3948 1253 4007 Hosis
1286 3950 1355 4007 ad
1376 3949 1758 4020 arrogantium
1793 3956 1852 4004 et
1874 3946 2078 4003 fastum
2110 3946 2417 4001 abutuntur
2449 3945 2550 4000 illi.
2578 3944 2845 4013 Quamvis
2876 3959 3011 3999 vero
3052 3940 3367 3998 mussitarit
3409 3939 3552 4010 ipse,

280 4036 680 4093 contumeliam
721 4047 903 4093 tamen
929 4038 1113 4093 ﬁdelis
1148 4037 1340 4092 famuli
1364 4038 1431 4091 in
1456 4035 1632 4091 domo
1654 4050 1763 4089 rsua
1786 4035 1902 4091 sibi
1946 4033 2091 4089 Deus
2129 4033 2409 4103 prOpriam
2450 4033 2601 4088 fecit.
2624 4031 2792 4099 Quod
2824 4032 3101 4102 imprimis
3133 4046 3300 4102 super
3332 4028 3555 4085 Christo

277 4126 490 4192 evenit,
522 4126 687 4182 Patre
726 4127 797 4182 ab
828 4127 896 4182 iis
926 4127 1024 4197 qui
1066 4125 1124 4181 in
1156 4140 1280 4181 eum
1313 4122 1639 4181 debacchati
1670 4122 1892 4179 fuerant
1916 4137 2112 4193 prenas
2142 4124 2419 4194 exigente.

354 4237 511 4292 Exite
538 4250 636 4293 “vos
671 4248 776 4293 (res
807 4238 862 4292 in
890 4238 1179 4293 tentorium
1199 4236 1530 4299 testimonii,
1563 4243 1675 4291 etc.
1726 4233 1831 4309 [4.]
1864 4234 1969 4290 iud

1940 4234 2325 4292 diciumeenim
2356 4234 2880 4308 promptestningit
2912 4235 3056 4291 Deus
3092 4234 3146 4289 in
3193 4249 3292 4290 eos
3323 4234 3417 4303 qui
3455 4248 3553 4303 og-

261 4326 825 4399 ‘ganniunt‘Ch't-isto,
857 4334 912 4381 et
929 4341 1160 4382 cumeo
1192 4325 1260 4379 de
1284 4324 1461 4396 gloria
1488 4324 1856 4379 contendunt.
1890 4322 2172 4379 indicium
2194 4340 2343 4380 \vero
2382 4339 2477 4395 per
2508 4323 2709 4379 Filium
2738 4325 2793 4379 in
2822 4340 2935 4393 quo
2970 4324 3141 4379 Pater
3168 4332 3255 4378 est
3295 4322 3557 4392 exsequi=

261 4415 606 4485 -Iur.1-'Ego
638 4416 801 4471 enim
822 4416 891 4469 in
933 4414 1094 4470 Patre
1138 4428 1286 4477 sum,
1350 4413 1553 4484 inquit,
1588 4422 1645 4468 et
1675 4412 1843 4468 Pater
1878 4415 1942 4469 in
1974 4430 2064 4469 me
2088 4414 2156 4469 “.
2188 4433 2215 4467 ι
2254 4415 2532 4470 Caeterum
2580 4414 3052 4485 quemadmodum
3086 4428 3420 4483 magnorum
3451 4414 3550 4465 bo-

270 4505 492 4562 Initium
525 4511 755 4581 peccata
778 4510 917 4559 sum
949 4500 1181 4563 eximia,
1213 4502 1288 4555 ita
1316 4500 1817 4571 reprehensionem
1835 4515 1916 4557 vac
1958 4516 2181 4574 pteram
2204 4516 2406 4560 eorum
2435 4502 2759 4558 distinctam
2803 4501 2955 4556 facit.
2990 4500 3264 4568 Quocirca
3282 4515 3388 4557 eos
3413 4498 3552 4555 edu-

261 4600 404 4651 ctos
435 4592 612 4649 voluit
652 4592 715 4647 in
753 4590 1135 4648 sanctuarluni
1171 4589 1232 4645 in
1252 4602 1374 4662 quo
1396 4588 1627 4645 oracula
1654 4587 1988 4645 edebantur.

347 4704 537 4772 me‘tq
568 4696 861 4764 ’Μωῦσέως
890 4699 1185 4756 καλοῦνται
1234 4699 1593 4770 ὲπιτιμητικῇ
1640 4698 1858 4769 πλήθει,
1884 4686 1939 4743 θ

2041 4700 2119 4753 Ac
2142 4693 2264 4754 sine
2298 4696 2462 4753 lose
2489 4695 2674 4753 verbis
2714 4696 2935 4752 acerbis
2966 4702 3256 4762 vocantur,
3288 4693 3554 4766 quoniam

272 4790 467 4868 tqu
525 4796 621 4850 xui.
666 4792 997 4864 λεπροῢσθαι
1045 4793 1080 4863 ἡ
1122 4790 1363 4863 Μαριὰμ
1396 4789 1624 4861 ἔμελλε.
1659 4789 1752 4862 Τῷ
1798 4789 1860 4844 δὲ

1952 4780 2196 4844 ’llariam
2235 4789 2387 4858 lepra
2428 4788 2661 4845 inﬁcere
2682 4787 2890 4853 voluit,
2940 4788 3148 4843 'Aaroni
3178 4802 3331 4868 _vero
3356 4787 3554 4843 incre-

289 4864 505 4957 Ἀαρῶν
527 4886 623 4940 καὶ
652 4876 802 4957 ἠτιὰ
828 4885 990 4953 λόγου
1029 4882 1237 4956 μέμψις
1272 4883 1498 4955 ἤρκεσε,
1526 4882 1622 4937 καὶ
1653 4883 1688 4954 ἡ
1721 4883 1862 4955 ’περὶ

1960 4882 2118 4954 patio
2146 4881 2331 4952 gravis
2364 4879 2673 4935 verborum
2696 4888 3021 4951 mte‘t‘orque
3050 4893 3154 4951 pro
3177 4864 3385 4936 ’sorore
3416 4893 3559 4935 con-

196 4969 219 5054 Ῑ
274 4980 377 5053 τῆς
405 4978 645 5051 ἀδελφῆς
675 4978 845 5051 λύπη.
912 4976 915 4981 “

1961 4982 2153 5045 ceptus
2189 4974 2329 5029 satis
2359 4984 2538 5046 ptume
2554 4981 2703 5029 erat.

352 5093 551 5151 Evenit
592 5099 776 5149 mitem
816 5084 895 5147 illi
939 5089 1099 5160 juxta
1144 5086 1244 5145 Dei
1282 5089 1572 5146 oraculum
1616 5104 1633 5145 :
1672 5107 1692 5143 ι
1734 5086 1912 5144 Vivite
1957 5094 2014 5144 et
2043 5087 2243 5156 lugete.
2268 5085 2632 5152 sacerdotes;
2674 5087 3074 5154 lameutamini,
3101 5087 3248 5145 sacri
3313 5085 3403 5144 Dei
3458 5086 3557 5143 mi.

264 5183 465 5249 austri,
503 5181 770 5252 quoniam
800 5177 1226 5236 liberationibus
1269 5184 1328 5234 et
1371 5194 1467 5236 sae
1484 5178 1684 5235 riliciis
1722 5178 1932 5234 excidit
1957 5175 2165 5233 domus
2211 5173 2310 5231 Dei
2362 5174 2534 5232 vestri
2561 5174 2665 5231 ⁸⁸.»

361 5297 429 5350 Ἢ
474 5295 540 5350 δι
588 5292 889 5366 συγγνώμη
930 5294 1030 5349 καὶ
1056 5294 1133 5358 ὥς
1155 5292 1345 5365 ἀωρὶ,
1376 5293 1587 5365 μᾶλλον
1624 5294 1859 5364 ἐνάγειν

2040 5289 2268 5347 Veniam
2296 5305 2440 5346 'vero
2480 5291 2625 5348 hanc
2652 5291 2894 5364 adeptus
2930 5300 3039 5356 est,
3072 5292 3271 5361 partim
3306 5291 3443 5362 quia
3471 5254 3594 5348 πίει

262 5388 600 5460 meum
628 5386 901 5456 δφεελοννι
924 5384 1208 5457 »πυρίτην
1240 5384 1503 5457 ἀδελφήν.
1616 5402 1617 5405 γ
1684 5398 1689 5401 ν

1966 5383 2089 5441 rilis
2120 5398 2315 5448 sexus,
2339 5382 2497 5453 juxta
2526 5397 2688 5454 quem
2714 5386 2900 5456 major
2923 5386 3188 5457 loquendi
3214 5385 3442 5440 libertas
3466 5385 3547 5439 illi

262 5488 446 5544 quam
477 5473 654 5530 sorori
689 5472 1011 5543 suppetebat
1034 5512 1051 5538 ,
1084 5472 1286 5542 partim
1321 5480 1547 5543 propter
1565 5473 2045 5529 Sacerdotiumrne
2080 5475 2264 5545 ipsius
2292 5488 2503 5530 cursus
2532 5476 2848 5531 sisteretur.
2867 5474 3024 5540 ‘Quin
3059 5476 3221 5531 etiam
3273 5488 3383 5528 non
3423 5488 3553 5527 om-

270 5562 418 5617 ‘tii'no
436 5576 538 5617 eos
561 5562 799 5632 abjieere
830 5560 1026 5627 voluit,
1078 5561 1385 5631 praesertim
1425 5561 1500 5617 ob
1542 5570 1832 5632 peccatum
1866 5579 1973 5619 non
2006 5563 2422 5635 gravissimum,
2466 5563 2722 5630 quamvis
2746 5547 3335 5636 manauere-gravius
3375 5574 3542 5634 quam

359 5747 402 5776 ¹⁸
444 5746 563 5809 Act,
596 5761 648 5803 x.
686 5746 772 5799 15.
856 5745 902 5777 ⁸⁸
944 5743 1101 5801 Deut.
1163 5760 1320 5807 xvm,
1390 5746 1478 5801 l5.
1562 5749 1603 5780 ¹⁷
1640 5746 1834 5802 Matth.
1878 5749 1974 5812 x,£

1920 5748 2015 5812 ,5.
2059 5748 2112 5803 6.
2232 5748 2275 5783 ⁸⁸
2306 5748 2472 5805 Juan.
2520 5763 2576 5808 κ,
2636 5744 2718 5801 l6.
2836 5746 2877 5780 ”
2911 5745 3045 5802 ibid.
3105 5745 3201 5801 9.6.
3306 5748 3350 5779 ²⁰
3374 5744 3535 5802 Joan.

288 5827 380 5881 an,
418 5815 502 5869 49.
581 5817 621 5848 "
657 5814 814 5870 Jean.
854 5833 961 5883 xiv,
1003 5818 1078 5873 l0.
1160 5818 1201 5848 ²¹
1231 5815 1389 5873 Joau.
1420 5835 1496 5885 ix,
1532 5819 1622 5874 29.
1682 5821 1746 5865 Ἲ³³
1780 5816 1897 5874 .Iuat

1050 5821 1078 5870 ν.
1160 5818 1201 5848 ²¹
1231 5815 1389 5873 Joau.
1420 5835 1496 5885 ix,
1532 5819 1622 5874 29.
1682 5821 1746 5865 Ἲ³³
1780 5816 1938 5875 .Iuan.
1976 5836 2028 5883 χ,
2061 5820 2150 5874 58.
2228 5820 2274 5853 ³⁵
2304 5818 2419 5875 Jucl
2458 5835 2496 5886 ι,
2527 5820 2580 5886 8,
2614 5820 2665 5876 9.
