4090 6510
579 355 685 418 827
1919 357 2273 418 PROCOPII
2315 360 2559 421 GALEI
3756 358 3851 422 8%

602 499 660 552 lu
692 496 832 552 viro.
859 496 1016 572 Quod
1054 509 1182 550 vero
1214 495 1557 568 superiorem
1592 495 1920 552 inferiorum
1949 497 2162 567 judicio
2210 512 2319 553 non
2355 500 2592 572 subjecit
2621 544 2636 573 ,
2677 501 2774 560 sed
2810 501 3023 559 honore
3059 517 3162 560 suo
3201 518 3232 559 a
3275 502 3384 560 Deo
3411 515 3690 558 concesso
3719 503 3844 556 mul-

582 584 738 651 tavit,
790 585 914 641 ideo
967 583 1174 639 factum
1199 592 1305 651 est,
1339 600 1407 640 ne
1437 584 1544 639 alia
1579 585 1701 640 vice
1734 586 1858 656 ejus
1892 585 2355 657 reprehensiones
2395 588 2795 658 detrectarent,
2831 598 2886 646 et
2917 590 3300 647 diversitatem
3332 589 3674 660 dignitatum
3706 589 3848 646 intel-

581 672 831 743 ligerent.

650 757 709 814 Si
735 759 896 829 fuerit
925 758 1194 813 vobiscum
1232 760 1490 830 propheta
1518 758 1757 826 Domini,
1779 769 1887 816 etc.
1908 759 2049 833 [Xll,
2071 759 2151 831 6.]
2181 758 2318 816 Mosi
2340 757 2724 814 testimonium
2743 758 2838 814 dat
2853 758 3002 831 quod
3021 759 3074 815 in
3099 759 3474 832 percipiendis
3510 758 3723 815 divinis
3741 774 3856 816 ora-

579 846 724 902 culis
755 847 1160 917 sagacissimus
1183 847 1348 902 fuerit
1383 866 1397 901 :
1426 864 1537 902 non
1586 849 1734 902 enim
1778 849 1833 904 in
1908 848 2024 904 otio
2077 848 2219 902 vixit
2260 862 2364 903 nec
2390 846 2687 917 opiniones
2714 846 2769 901 in
2804 848 3015 904 somnis
3045 847 3261 904 delatas
3287 847 3578 904 tractavit.
3615 847 3857 919 Quapro-

581 946 702 1004 pter
725 950 850 991 cum
894 945 1062 990 tanta:
1095 937 1436 992 excellentia:
1472 937 1563 1002 sit,
1602 951 1630 989 a
1672 937 1897 994 nemine
1925 935 2256 992 inferiorum
2299 935 2673 1006 inquirendus
2722 935 2847 991 fuit.
2877 937 3044 1006 Atqui
3077 938 3185 992 hoc
3225 939 3401 991 multo
3437 936 3635 992 verius
3669 952 3854 994 cernas

582 1022 638 1076 in
669 1023 934 1083 Christo:
975 1038 1083 1078 non
1140 1025 1287 1079 enim
1329 1023 1382 1078 in
1414 1022 1554 1083 Filio
1589 1024 2058 1095 quemadmodum
2092 1023 2145 1078 in
2171 1021 2454 1094 prophetis
2483 1021 2707 1078 locutus
2748 1032 2834 1079 est
2875 1023 3040 1080 Pater
3072 1042 3087 1092 ;
3133 1025 3212 1079 illi
3243 1025 3391 1080 enim
3428 1025 3707 1080 instinctu
3744 1025 3856 1095 Spi-

584 1110 727 1169 ritus
763 1110 950 1168 futura
978 1110 1378 1183 praedixerunt.
1417 1112 1488 1165 At
1529 1111 1609 1166 illi
1636 1128 1701 1168 ex
1742 1112 2014 1182 sapientia
2043 1109 2226 1168 Patris
2255 1128 2379 1181 qua:
2428 1112 2662 1182 ipsemet
2715 1111 2843 1176 fuit,
2877 1112 2955 1167 illi
3007 1112 3248 1168 obscura
3296 1113 3718 1185 signiﬁcatione
3751 1114 3857 1184 glo-

583 1198 722 1251 riam
779 1198 955 1267 ipsius
1010 1199 1369 1269 contemplati
1422 1206 1570 1256 sunt.
1614 1199 1785 1253 Deum
1846 1198 1995 1254 enim
2039 1212 2205 1253 nemo
2258 1214 2503 1270 unquam
2558 1200 2716 1255 vidit.
2782 1202 2906 1272 Ipse
2955 1216 3086 1257 vero
3133 1201 3407 1271 inquitzc
3451 1200 3681 1256 Patrem
3733 1204 3857 1256 vidit

583 1301 747 1342 nemo
780 1287 885 1342 nisi
914 1287 1006 1359 qui
1036 1304 1063 1341 a
1100 1287 1261 1344 Patre
1321 1287 1444 1352 fuit,
1473 1286 1695 1343 Patrem
1721 1288 1857 1342 vidit
1891 1287 1961 1342 ".
1994 1305 2012 1338 ι
2045 1284 2336 1353 Quomodo
2369 1287 2540 1357 igitur
2567 1287 2828 1344 dixerunt
2872 1286 3050 1343 Judaei
3085 1306 3129 1344 ιι
3185 1287 3324 1343 Cum
3359 1288 3625 1360 patribus
3659 1290 3854 1347 nostris

584 1375 804 1430 loeutus
833 1382 915 1430 est
967 1375 1111 1432 Deus
1151 1376 1200 1408 "
1227 1376 1251 1429 ἲ
1281 1393 1300 1428 ι
1332 1375 1576 1430 Locutus
1611 1375 1834 1447 quidem
1873 1382 1959 1431 est
2005 1374 2062 1430 in
2094 1382 2282 1431 monte
2319 1373 2476 1442 Sina,
2526 1375 2622 1431 sed
2654 1389 2825 1446 parva
2862 1382 3078 1430 tantum
3111 1375 3551 1447 signiﬁcatione,
3600 1375 3852 1443 obscure,

582 1469 637 1514 et
670 1459 916 1532 'llguratc
948 1480 961 1517 :
996 1478 1186 1518 verum
1228 1464 1485 1518 Christus
1520 1462 1738 1518 Patrem
1769 1462 1823 1517 in
1857 1463 2041 1530 seipso
2084 1461 2295 1521 habuit.
2330 1463 2461 1520 Item
2523 1464 2781 1522 Christus
2805 1465 2861 1521 in
2898 1473 3013 1521 tota
3046 1465 3208 1521 domo
3241 1465 3417 1522 ﬁdelis
3452 1473 3633 1520 totam
3664 1475 3854 1522 terram

585 1547 734 1603 Patri
784 1551 1035 1613 adduxit,
1078 1550 1229 1620 atqui
1273 1553 1358 1606 lex
1412 1552 1591 1607 unica:
1636 1559 1846 1604 tantmn
1881 1549 2029 1617 genti
2073 1551 2311 1608 salutem
2363 1553 2776 1623 particulariter
2830 1555 3089 1609 contulit.
3131 1571 3150 1606 ι
3193 1554 3374 1621 Quare
3403 1554 3610 1622 igitur,
3651 1554 3848 1624 inquit,

585 1651 692 1689 non
735 1637 999 1693 timuistis
1040 1639 1264 1709 oblaqui
1324 1640 1531 1693 famulo
1560 1654 1682 1693 meo
1715 1638 1851 1694 Mosi
1885 1638 1911 1692 ἲ
1959 1655 1977 1689 ι
2014 1636 2343 1708 llujusmodi
2381 1655 2539 1705 sane,
2580 1642 2747 1697 etiam
2779 1655 2810 1695 a
2842 1639 3124 1711 Propheta
3162 1639 3462 1696 Pliarisaais
3499 1639 3717 1695 dictum
3744 1657 3858 1697 esse

583 1733 802 1780 constat
841 1744 854 1780 :
901 1724 1046 1782 «Vos
1081 1726 1178 1781 lilii
1215 1727 1551 1797 iniquitatis,
1593 1727 1701 1782 huc
1727 1726 1989 1782 adducite
2022 1742 2212 1782 semen
2243 1733 2488 1782 vestrum
2529 1727 2906 1784 adulterinum
2943 1737 3000 1784 et
3030 1727 3408 1784 meretricium
3444 1728 3518 1782 "’.
3553 1747 3573 1780 ι
3613 1727 3854 1794 Quorum

585 1811 878 1870 Psalmista
914 1829 1138 1885 quoque
1167 1816 1502 1871 mentionem
1533 1814 1709 1870 facit:
1758 1833 1777 1866 ‹
1825 1813 1944 1870 Dixi
1989 1815 2553 1883 prmvaricatoribus:
2587 1813 2666 1872 Ne
2705 1815 3184 1886 praevaricemini;
3216 1827 3271 1873 et
3307 1817 3709 1887 peccatoribus
3739 1833 3756 1872 :
3787 1816 3857 1874 Ne

582 1902 836 1958 exaltetis
874 1917 1067 1970 cornu,
1103 1919 1172 1960 ne
1206 1904 1510 1972 loquamini
1544 1913 1739 1959 contra
1775 1903 1945 1959 Deum
1979 1904 2171 1977 iniqua
2204 1905 2270 1959 ’⁸.
2313 1923 2332 1957 ι
2371 1903 2669 1978 Pr0pterea
2703 1906 2851 1960 enim
2879 1907 3105 1961 recessit
3141 1920 3170 1960 a
3207 1921 3489 1978 synagoga
3522 1921 3721 1961 eorum
3775 1907 3853 1962 di-

585 1992 709 2043 vina
741 1994 915 2058 gratia
945 1991 1408 2062 quemadmodum
1442 1993 1618 2049 nubes
1646 2008 1674 2047 a
1710 1993 1968 2053 tentorio.
2011 1993 2230 2047 Mariam
2253 2008 2387 2050 vero
2436 1993 2730 2063 occupavit
2770 1993 2921 2064 lepra
2957 1993 3205 2065 gravida,
3249 1993 3390 2049 adeo
3426 2002 3488 2048 ut
3531 1993 3593 2049 in
3639 1994 3854 2049 modum

583 2078 726 2133 nivis
761 2078 1088 2137 exalbuerit.
1112 2077 1275 2134 Juxta
1309 2079 1516 2136 dictum
1545 2081 1680 2136 illud
1716 2098 1733 2137 :
1767 2100 1784 2129 ο
1827 2080 2058 2136 Domum
2091 2096 2266 2141 meam
2292 2081 2512 2152 reliqui,
2544 2082 3033 2153 haereditatemque
3065 2096 3243 2138 meam
3272 2082 3498 2138 deserui
3531 2084 3603 2137 ³⁸.
3647 2101 3666 2134 ι
3709 2081 3854 2149 Quod

585 2173 643 2220 ut
674 2165 740 2220 de
777 2165 890 2221 illis
926 2167 1137 2224 dictum
1173 2167 1545 2239 intelligamus
1579 2184 1677 2224 nos
1706 2169 1934 2225 adducit
1974 2168 2108 2224 illud
2139 2186 2401 2243 quoque:
2434 2170 2619 2226 Obrue
2647 2170 3106 2242 vultusipsorum
3142 2170 3474 2242 ignominia,
3517 2180 3576 2227 et
3599 2170 3742 2227 doce
3767 2187 3854 2226 eos

581 2251 731 2321 quod
759 2267 958 2309 nomen
981 2263 1133 2308 tuum
1165 2253 1436 2309 Dominus
1466 2255 1561 2318 sit,
1597 2255 1659 2310 Et
1685 2257 1791 2310 hoc
1828 2271 1962 2315 sane
1986 2260 2081 2328 qui
2112 2259 2502 2315 intellexerunt
2531 2259 2749 2315 veniam
2781 2259 2952 2315 errati
2983 2259 3070 2315 sui
3110 2259 3390 2331 deprecati
3415 2267 3574 2326 sunt,
3595 2258 3853 2331 quemad-

584 2341 810 2396 modum
849 2340 1020 2396 Maria
1057 2342 1186 2397 fecit
1225 2351 1280 2398 et
1308 2343 1514 2398 Aaron.
1572 2345 1650 2398 At:
1679 2343 1733 2399 hi
1789 2344 1996 2400 Christi
2043 2348 2337 2418 participes
2379 2347 2510 2402 facti
2543 2347 2777 2402 fratrum
2812 2363 3038 2419 quoque
3082 2348 3319 2405 aliorum
3356 2364 3556 2405 curam
3597 2356 3861 2421 egerunt.

584 2427 702 2484 Hoc
726 2445 784 2485 se
801 2429 1002 2486 fecisse
1033 2430 1238 2487 Paulus
1271 2440 1506 2488 testatur
1534 2432 1700 2487 etiam
1731 2449 1855 2487 cum
1881 2433 2086 2505 inquit:
2111 2454 2129 2487 ι
2156 2435 2380 2491 Fratres
2399 2437 2587 2493 cordis
2608 2435 2774 2508 500
2803 2436 2908 2491 rnei
2929 2437 3193 2493 voluntas
3220 2444 3275 2492 et
3310 2437 3565 2509 precatio
3588 2435 3657 2490 ad
3695 2435 3852 2490 Deutu

586 2533 687 2589 pro
713 2519 849 2590 ipsis
882 2528 971 2574 est
999 2519 1067 2573 ad
1101 2521 1334 2576 salutem
1363 2535 1554 2576 eorum
1581 2523 1649 2578 ³⁸.
1688 2540 1706 2574 ι
1741 2521 1955 2589 Quibus
1986 2524 2170 2580 verbis
2191 2533 2426 2581 testatur
2450 2525 2768 2581 ministrum
2797 2523 2893 2579 Dei
2922 2525 3387 2594 quemadmodum
3418 2525 3633 2588 Aaron,
3666 2523 3852 2578 fuisse.

587 2607 972 2663 Intercedente
1032 2623 1168 2664 vero
1205 2609 1354 2666 Mose
1389 2625 1488 2680 pro
1538 2610 1677 2681 ipsa,
1718 2612 1974 2682 quamvis
2019 2611 2086 2666 ad
2119 2612 2470 2668 clementiam
2515 2628 2830 2683 propensus
2871 2612 2947 2667 sit
2989 2610 3159 2674 Deus,
3195 2615 3550 2682 corporalem
3604 2612 3844 2668 sanatio-

584 2712 709 2751 nem
746 2706 976 2767 propter
1011 2699 1356 2768 spiritualem
1393 2699 1602 2754 dilfert.
1630 2698 1706 2754 Ne
1742 2708 1923 2754 autem
1967 2701 2276 2757 molestiam
2311 2701 2360 2757 ei
2414 2701 2598 2771 pariat
2656 2699 2724 2755 de
2763 2701 2951 2755 futura
3004 2699 3295 2756 sanatione
3345 2717 3469 2756 eum
3521 2708 3844 2771 praemonet.

585 2784 728 2850 Quid
767 2801 900 2840 vero
926 2786 949 2840 ?
979 2785 1273 2840 Multitudo
1299 2787 1379 2841 vel
1414 2787 1737 2858 magnitudo
1768 2798 2124 2858 peccatorum
2151 2790 2460 2846 clementia:
2488 2789 2586 2844 Dei
2621 2788 2870 2843 obstant.
2907 2787 3260 2860 Quapropter
3287 2787 3565 2845 Jeremias
3617 2802 3832 2858 quoque

584 2887 710 2926 cum
743 2873 812 2928 de
863 2874 1025 2930 malis
1074 2875 1278 2944 populo
1321 2876 1606 2931 eventuris
1658 2876 2040 2932 sciscitaretur
2067 2892 2133 2932 ac
2159 2877 2371 2934 diceret
2414 2894 2428 2931 :
2463 2896 2481 2929 ι
2536 2874 2673 2939 Heu,
2734 2875 2868 2931 mihi
2918 2876 3151 2948 langueo
3185 2877 3355 2931 animi
3389 2885 3620 2947 propter
3675 2890 3841 2932 czesos

584 2971 641 3020 et
682 2964 991 3018 exstinctos
1021 2964 1089 3026 ³¹.
1131 2983 1149 3016 ι
1185 2963 1344 3018 audit
1390 2980 1419 3018 a
1454 2963 1688 3020 Domino
1721 2983 1735 3020 :
1784 2983 1803 3016 ι
1845 2964 2230 3020 Perambulate
2282 2966 2402 3020 vias
2427 2962 2761 3028 Jerusalem,
2796 2963 2995 3029 videte,
3030 2963 3475 3030 animadvertite,
3513 2973 3571 3020 et
3597 2965 3846 3032 indagata

584 3051 845 3108 omnibus
870 3052 1115 3122 vestigiis
1136 3053 1279 3120 ejus,
1305 3052 1352 3108 si
1379 3068 1542 3121 quem
1576 3053 1873 3109 inveniatis
1897 3053 1988 3124 qui
2010 3052 2279 3122 judicium
2304 3052 2491 3118 faciat,
2511 3053 2605 3123 qui
2637 3052 2792 3108 fidem
2825 3052 3239 3122 quaratmuod
3271 3051 3317 3106 si
3349 3050 3542 3117 fuerit,
3579 3052 3844 3122 propitius

584 3139 668 3194 eis
694 3153 813 3202 ero,
849 3140 1030 3210 inquit
1063 3139 1331 3196 Dominus
1363 3141 1428 3199 ".
1474 3159 1494 3194 ι
1529 3142 1695 3213 Atqui
1724 3143 1960 3213 populus
2001 3157 2111 3197 non
2144 3141 2376 3198 recessit
2431 3139 2741 3212 usquedum
2777 3136 2951 3194 Maria
2986 3139 3055 3194 ad
3102 3138 3398 3210 pristinam
3427 3139 3727 3210 puritatem
3759 3154 3838 3194 re-

582 3227 708 3282 diit.
754 3225 1212 3299 Exspectabimus
1242 3229 1388 3285 enim
1423 3245 1523 3286 nos
1563 3247 1786 3302 quoque
1817 3232 1864 3288 si
1904 3232 1959 3286 in
1992 3231 2100 3288 line
2128 3231 2443 3288 crediturus
2466 3230 2539 3285 sit
2565 3227 2759 3294 Israel,
2806 3235 2868 3283 ut
2922 3242 3048 3283 cum
3090 3227 3384 3300 reliquerit
3414 3228 3663 3287 tentoria
3695 3227 3850 3299 hujus

583 3315 709 3370 vita:
734 3317 788 3371 in
825 3332 1118 3389 supernam
1151 3319 1345 3374 urbem
1379 3319 1746 3376 asciscatnus.

656 3423 714 3477 Μ
722 3426 815 3480 itte
842 3426 980 3481 viros
1009 3428 1348 3495 exploratum
1379 3437 1578 3482 terram
1608 3447 1766 3499 quam
1795 3430 1892 3484 tibi
1932 3429 2078 3492 dedi,
2110 3437 2218 3483 etc.
2267 3426 2436 3502 [Xlll,
2473 3427 2554 3499 5.]
2588 3428 2733 3485 Deus
2774 3441 2805 3481 a
2833 3427 2983 3484 Mose
3035 3427 3424 3498 exploratores
3479 3427 3628 3483 mitti
3676 3425 3844 3499 jubet,

583 3530 694 3582 quo
728 3514 1006 3585 ignaviam
1042 3517 1229 3587 populi
1259 3516 1366 3570 sibi
1395 3527 1736 3586 compertam
1778 3519 1832 3573 in
1872 3520 2047 3573 lucem
2080 3516 2431 3588 produceret,
2476 3523 2534 3570 ut
2580 3513 2921 3587 immorigeri
2965 3524 3436 3586 agnoscerentur.
3472 3515 3625 3582 Quin
3687 3515 3843 3571 etiam

583 3602 631 3656 si
665 3601 843 3670 ignari
873 3610 1032 3658 terra-
1054 3603 1109 3657 in
1148 3619 1270 3657 eam
1306 3604 1667 3671 invasissent,
1701 3620 1878 3676 eaque
1925 3613 2222 3675 conspecta
2253 3603 2738 3668 retrocessissent,
2777 3603 3069 3657 maximam
3102 3603 3506 3659 contumeliam
3561 3603 3700 3669 Deo,
3735 3602 3844 3656 ani-

584 3689 773 3758 mique
807 3691 1202 3746 confidentiam
1238 3689 1556 3747 Palmstinis
1618 3693 1921 3748 attulisset.
1955 3691 2068 3745 Hoc
2096 3692 2216 3761 ipso
2244 3710 2375 3750 vero
2404 3695 2549 3765 quod
2583 3702 2874 3765 postquam
2913 3695 3097 3752 aditus
3140 3695 3252 3752 illis
3292 3696 3634 3753 interclusus
3666 3696 3842 3750 redar-

583 3779 812 3851 gutique
840 3781 1126 3848 ohediunt,
1152 3797 1260 3838 non
1292 3799 1497 3854 parvus
1529 3783 1786 3840 utilitatis
1803 3784 2056 3839 cumulus
2087 3783 2195 3841 illis
2233 3785 2494 3839 accessit.
2524 3783 2792 3850 Quamvis
2822 3783 3136 3839 obedientia
3172 3785 3421 3854 ipsorum
3467 3792 3594 3855 post
3622 3785 3840 3838 obmur-

592 3873 961 3927 murationem
1058 3873 1276 3928 demum
1333 3874 1524 3944 juncta
1607 3893 1716 3931 non
1807 3877 2104 3931 admodum
2178 3881 2402 3943 accepta
2487 3880 2628 3936 erat,
2700 3873 2985 3942 magisque
3049 3872 3486 3942 increpationent
3576 3873 3842 3945 ﬂagitabat

587 3974 750 4027 quam
817 3963 1053 4016 veniam.
1137 3962 1249 4018 Iioc
1305 3967 1421 4034 ipse
1468 3982 1597 4020 vero
1661 3966 1808 4036 quod
1868 3964 2012 4020 Deus
2065 3964 2249 4019 dicit:
2289 3980 2306 4012 ‹
2369 3961 2491 4016 Tibi
2558 3961 2660 4029 ipsi
2735 3960 2978 4022 dimitte,
3018 3979 3038 4012 ι
3080 3961 3289 4016 indicat
3348 3977 3462 4016 rem
3518 3975 3644 4016 eam
3718 3961 3840 4031 ipsis

590 4048 778 4102 utilem
820 4049 960 4104 fore.
998 4050 1154 4116 Quod
1188 4052 1359 4116 enim,
1401 4071 1419 4104 ‹
1463 4051 1586 4107 Tibi
1622 4054 1751 4124 ipsi,
1785 4072 1804 4104 ›
1835 4053 1994 4118 dicit,
2029 4052 2169 4107 idern
2209 4059 2294 4108 est
2325 4065 2390 4106 ac
2426 4051 2475 4106 si
2525 4050 2696 4115 dicat,
2748 4051 2976 4120 populo,
3037 4065 3213 4120 quare
3266 4050 3406 4122 ipsis
3449 4051 3640 4104 utilem
3692 4065 3837 4113 esse,

589 4151 689 4189 nec
726 4134 875 4203 Deo;
914 4146 1143 4192 noverat
1183 4140 1330 4193 enim
1374 4139 1420 4194 is
1478 4156 1646 4210 quam
1695 4141 1777 4195 eis
1815 4140 1972 4195 daret
2029 4151 2252 4194 terram.
2317 4138 2454 4194 Mosi
2491 4154 2623 4195 vero
2680 4153 2780 4193 ceu
2821 4138 2948 4193 duci
2989 4150 3187 4193 contra
3224 4155 3366 4208 quos
3419 4155 3479 4194 se
3523 4145 3836 4208 opponeret,

585 4233 643 4278 ct
673 4223 742 4278 de
767 4241 868 4292 qua
909 4235 1055 4279 terra
1084 4235 1324 4282 certaret
1345 4229 1628 4297 cognitum
1659 4229 1864 4285 habere
1895 4229 2279 4286 conveniebat.
2313 4227 2473 4294 Quod
2496 4235 2678 4282 autem
2710 4225 2942 4280 victoria
2970 4241 3080 4279 non
3129 4227 3488 4281 multitudine
3518 4240 3620 4280 nec
3649 4225 3838 4278 virtute

587 4313 823 4375 steterit,
849 4313 1116 4383 deinceps
1145 4315 1353 4370 clarum
1393 4317 1471 4370 iit.
1523 4315 1657 4371 Duci
1693 4318 1880 4388 itaque
1916 4316 2210 4374 consilium
2239 4315 2306 4370 ad
2349 4332 2570 4369 manum
2593 4329 2718 4369 esse
2747 4313 2930 4368 debet.
2964 4313 3152 4384 Equus
3180 4312 3350 4377 enim,
3385 4313 3586 4383 inquit,
3623 4311 3837 4366 instrui-

585 4408 678 4454 tur
712 4400 777 4453 ad
815 4401 938 4455 belli
971 4411 1207 4470 tempus,
1238 4418 1268 4456 a
1309 4402 1539 4458 Domino
1573 4421 1703 4460 vero
1743 4405 2013 4462 auxilium
2045 4405 2290 4476 suppetit
2322 4403 2392 4459 ³³.
2430 4401 2703 4456 (Laterum
2736 4415 2800 4454 ea
2840 4416 2961 4468 quine
3009 4401 3114 4455 sub
3137 4401 3351 4463 ,urnbra
3383 4408 3514 4456 sunt
3549 4398 3836 4469 proposita,

583 4489 799 4543 eventis
831 4505 1015 4544 rerum
1051 4488 1369 4546 illuminare
1407 4500 1647 4562 oportet.
1673 4494 1862 4549 ExStat
1887 4495 2074 4564 itaque
2105 4496 2289 4548 Moses
2316 4492 2402 4547 his
2433 4507 2558 4560 qua:
2598 4488 2665 4543 de
2695 4503 2761 4541 eo
2796 4503 2892 4556 per
2924 4489 3158 4558 ﬁguram
3194 4488 3403 4559 scripta
3442 4497 3595 4544 sunt.
3633 4484 3830 4542 Christi

587 4577 950 4647 veritatisque
984 4579 1298 4647 speculum,
1351 4596 1462 4649 quo
1494 4579 1814 4636 Iudaeorum
1850 4598 2006 4637 mens
2029 4582 2307 4653 dirigitur,
2341 4587 2400 4634 ιιι
2425 4596 2488 4634 ea
2521 4593 2643 4648 qum
2696 4578 2907 4634 sanctis
2950 4577 3225 4646 promissa
3265 4584 3417 4639 sunt,
3455 4584 3662 4630 terram
3695 4574 3835 4627 vide-

587 4666 715 4721 licet
737 4674 984 4721 sanctam
1024 4667 1329 4723 mansuetis
1358 4667 1685 4724 adornatam
1724 4671 2193 4742 contemplentur.
2221 4668 2316 4723 Est
2361 4668 2562 4723 etenim
2604 4669 2662 4720 in
2700 4666 2820 4735 ipso
2855 4665 3065 4720 Pascha
3091 4680 3199 4734 quo
3255 4680 3366 4733 prae
3415 4679 3476 4719 se
3544 4664 3650 4718 fert
3692 4659 3833 4718 Chri.

586 4757 656 4812 st':
702 4757 1051 4827 mysterium,
1100 4771 1310 4826 perque
1343 4757 1675 4828 sanguinem
1735 4759 2042 4830 pretiosum
2088 4757 2414 4829 perditionis
2437 4755 2844 4827 depulsionem.
2871 4752 3211 4810 Restitutum
3251 4753 3379 4808 item
3416 4752 3580 4807 nobis
3628 4752 3682 4806 in
3735 4749 3830 4820 pri-

587 4849 790 4902 stinam
822 4862 946 4916 qua:
978 4847 1031 4900 in
1061 4846 1318 4914 paradiso
1349 4845 1454 4902 fuit
1491 4848 1855 4918 voluptatem,
1882 4846 2401 4905 Tabernaculorum
2433 4846 2636 4902 festum
2678 4845 2915 4916 septimo
2968 4859 3159 4900 mense
3195 4842 3560 4908 celebratum,
3613 4857 3677 4896 ac
3724 4855 3830 4912 pro-

589 4935 718 4990 inde
752 4935 805 4988 in
839 4935 948 4989 line
991 4935 1212 4989 demum
1247 4935 1462 5000 saeculi,
1493 4937 1929 5006 reprmsentavit.
1962 4936 2175 4992 Idcirco
2226 4937 2393 4991 etiam
2443 4934 2712 5004 septimus
2768 4933 2887 4988 dies
2933 4941 3042 4985 tam
3083 4939 3309 4986 sanctus
3341 4947 3504 5001 quam
3557 4930 3832 5002 priniuseo

589 5023 730 5078 lcsto
762 5020 887 5077 fuit.
921 5021 1102 5077 Moses
1132 5021 1306 5093 igitur
1336 5039 1438 5078 usu
1474 5039 1661 5079 rerum
1710 5024 1994 5096 animique
2022 5023 2318 5095 prudentia
2351 5020 2842 5095 prmstantissimos
2872 5021 2942 5074 ad
2973 5025 3224 5074 exactam
3276 5018 3711 5097 promissionum
3751 5011 3830 5067 Dei

587 5110 1029 5179 explorationem
1063 5110 1366 5180 praemittit.
1397 5109 1549 5178 Quas
1581 5111 1676 5182 qui
1715 5112 1949 5184 adipisci
1975 5113 2126 5182 cupit
2154 5113 2204 5168 ei
2237 5127 2347 5168 non
2385 5126 2564 5184 pugna
2591 5127 2713 5165 cum
2748 5124 2916 5164 carne
2939 5115 2994 5161 et
3026 5108 3294 5179 sanguine
3346 5114 3451 5168 est.
3488 5122 3678 5161 verum
3723 5117 3830 5158 euut

589 5198 955 5269 principibus,
989 5197 1312 5267 potentibus
1343 5207 1396 5253 et
1426 5199 1668 5255 dominis
1699 5200 1864 5270 hujus
1897 5201 2090 5257 mundi
2129 5202 2196 5257 “.
2227 5201 2369 5256 Hinc
2405 5202 2462 5255 lit
2494 5198 2638 5270 quod
2667 5198 2702 5253 ii
2727 5197 2821 5268 qui
2849 5196 3043 5252 carnis
3077 5196 3262 5250 studio
3284 5203 3543 5252 tenentur
3571 5205 3625 5250 et
3650 5189 3830 5248 addicti

587 5295 719 5343 sunt
751 5287 894 5342 hanc
923 5301 1163 5356 pugnam
1199 5294 1490 5357 tantopere
1520 5287 1855 5345 detrectent.
1889 5288 2034 5345 liinc
2091 5290 2150 5344 lit
2196 5289 2344 5360 quod
2387 5288 2510 5357 ejus
2555 5287 2748 5343 saeculi
2799 5285 3057 5341 homines
3095 5283 3460 5354 reproborum
3505 5281 3830 5339 sermonibus

586 5375 949 5432 circumventi
986 5375 1196 5431 liberos
1246 5374 1513 5432 luxerunt
1544 5385 1599 5434 et
1625 5379 1848 5436 u'xores.
1883 5377 2215 5449 llujusmodi
2251 5376 2506 5432 homines
2539 5375 2690 5431 omni
2732 5384 2982 5443 tempore
3011 5371 3268 5428 invenire
3319 5379 3426 5434 est,
3461 5370 3556 5439 qui
3593 5386 3652 5425 se
3697 5365 3831 5438 prin-

588 5465 776 5533 cipum
818 5463 1022 5519 edictis
1078 5471 1173 5517 aut
1211 5463 1644 5531 sermonibus,a
1687 5467 1792 5523 fide
1818 5483 1986 5537 quam
2027 5467 2253 5524 Christo
2289 5467 2584 5529 dederunt,
2610 5466 2745 5520 olim
2787 5462 3057 5520 deterreri
3115 5461 3436 5533 patiuntur.
3461 5457 3830 5530 Quamtumvis

505 5576 508 5578 ·
585 5553 735 5607 enim
765 5551 831 5606 ad
861 5553 1128 5607 caelorum
1163 5566 1393 5623 regnum
1411 5554 1716 5610 eosinvitet
1741 5555 1861 5624 ipse
1894 5562 2184 5626 macteque
2213 5555 2420 5611 virtute
2447 5554 2788 5626 cssejubcat
2821 5569 2836 5606 :
2875 5571 2895 5603 ‹
2937 5549 3104 5618 Ecce,
3157 5549 3445 5621 inquiens,
3507 5551 3704 5607 tradidi
3748 5560 3829 5601 v0-

666 5755 707 5784 ’⁵
733 5752 890 5805 Joztn.
927 5771 965 5819 t,
1004 5755 1085 5807 l8.
1167 5757 1210 5788 "
1243 5753 1407 5807 Ilebr.
1447 5769 1483 5812 ι,
1524 5755 1570 5807 l.
1647 5755 1691 5783 ’⁷
1727 5755 1830 5809 lsa.
1869 5771 1999 5814 LVII,
2029 5757 2081 5808 3.
2163 5753 2207 5782 "
2243 5753 2279 5804 Ρ

2243 5752 2385 5805 l’sal.
2421 5765 2607 5808 Lxxtv,
2639 5748 2692 5808 Ei,
2729 5748 2781 5801 6.
2863 5747 2906 5775 ”
2933 5743 3135 5819 tlcrcm.
3167 5735 3260 5806 stt,
3299 5746 3349 5798 7.
3431 5747 3473 5777 ³ο
3515 5744 3668 5800 ltum.
3705 5758 3750 5807 x,
3790 5737 3824 5794 τ.

594 5822 628 5852 ³¹
665 5822 868 5878 Jcrciu.
917 5814 964 5877 μί
1031 5826 1120 5879 51.
1239 5827 1278 5856 ³³
1310 5825 1511 5880 Jcrcm.
1543 5841 1593 5886 ν,
1635 5825 1678 5879 l.
1794 5825 1837 5855 ³⁸
1869 5824 1987 5879 Jul).
2023 5841 2207 5888 xxxix,

1398 5841 1511 5880 cm.
1543 5841 1593 5886 ν,
1635 5825 1678 5879 l.
1794 5825 1837 5855 ³⁸
1869 5824 1987 5879 Jul).
2023 5841 2207 5888 xxxix,
2250 5822 2430 5878 19.223.
2511 5821 2553 5853 ³⁵
2589 5819 2788 5889 Epltcs.
2821 5834 2893 5879 VI.
2932 5814 3013 5867 1‘3-
