4090 6500
248 377 352 440 839
1349 387 1882 450 COMMENTARII
1920 387 1998 448 IN
2029 386 2419 447 NUMEROS.
3408 371 3514 436 830

248 475 334 528 bis
362 483 650 541 serpentes
682 489 746 529 ac
777 478 1101 548 scorpiones
1126 481 1447 545 calcandos,
1476 497 1808 550 omnemque
1839 489 2162 552 potestatem
2195 478 2474 532 inimicam
2509 474 2865 546 frangendam
2892 469 3089 541 “,ipsi
3115 477 3298 523 tamen
3322 479 3515 520 carna-

249 567 319 620 lia
364 566 594 637 majoris
639 585 764 624 cum
823 571 1032 627 faciant
1084 574 1243 630 ﬁdem
1303 577 1383 631 illi
1423 585 1686 632 recusant
1740 577 2064 632 attribuere.
2138 573 2346 629 Omnes
2390 572 2538 627 enim
2598 577 2877 640 quotquot
2921 567 2988 622 ad
3026 565 3250 636 nuptias
3303 561 3516 618 invitati

244 652 406 724 501
439 663 622 717 erant,
655 673 836 713 caus:e
873 661 1084 731 aliquid
1120 662 1405 725 dicebant.
1440 665 1532 719 ille
1561 664 1783 735 quidem
1825 680 2040 736 agrum,
2070 663 2158 716 hic
2191 677 2320 715 vero
2349 675 2577 715 uxorem
2603 667 2909 728 praetexens
2939 657 3030 710 ⁸⁸⁵.
3057 654 3224 724 Atqui
3245 652 3321 707 rei
3354 651 3518 719 hujus

249 741 500 811 ipsorum
532 745 813 816 principes
839 760 1100 804 auctores
1123 751 1494 816 exsistebant,
1532 753 1590 816 ii,
1630 753 1874 818 inquam,
1905 751 2105 822 quibus
2127 749 2339 803 dictum
2367 756 2450 802 est
2491 762 2505 798 :
2549 744 2673 800 «Va:
2699 744 2855 798 vobis
2878 743 3085 798 scribis
3120 749 3174 795 et
3197 739 3515 802 Phariszeis,

247 830 518 900 quoniam
555 834 854 903 accepistis
880 835 1089 891 clavem
1121 839 1370 894 scientia:
1393 879 1409 902 ,
1453 839 1556 909 ipsi
1598 848 1780 894 tamen
1829 855 1938 893 non
1982 836 2335 906 ingredimini
2377 835 2626 902 aliosque
2663 831 2760 902 qui
2791 831 3001 901 ingredi
3035 829 3230 884 volunt
3260 825 3519 896 prohibe-

249 918 323 972 tis
348 919 414 977 ".
464 937 484 970 ι
521 919 653 975 Tale
677 938 900 992 quoque
929 924 1231 980 vatidicum
1263 926 1396 980 illud
1422 935 1551 983 est:
1587 944 1606 978 ι
1639 925 1897 982 Pastores
1944 925 2304 995 desipuerunt
2348 931 2404 978 et
2453 921 2744 975 Dominum
2787 937 2894 974 non
2926 919 3303 989 quasiverunt
3324 955 3341 980 ,
3372 913 3517 968 umle

247 1005 390 1065 nihil
419 1007 725 1074 prudenter
746 1019 1004 1079 egerunt,
1032 1019 1086 1066 et
1109 1011 1380 1083 quidquid
1416 1013 1470 1067 in
1505 1013 1725 1084 pascuis
1754 1027 1948 1068 eorum
1979 1013 2104 1078 fuit,
2136 1013 2448 1081 dispersum
2477 1020 2560 1063 est
2580 1009 2699 1061 "2i
2724 1007 2927 1062 Verum
2957 1007 3242 1061 enimvero
3269 1001 3516 1071 reliquiae

249 1108 444 1163 eaeque
481 1093 686 1155 Christi
710 1110 818 1154 non
849 1109 1126 1168 expertes,
1154 1109 1283 1156 sunt
1313 1110 1567 1163 servatae.
1603 1101 1729 1170 ejus
1756 1102 1901 1157 enim
1927 1101 2154 1172 ﬁguram
2180 1101 2352 1172 gessit
2375 1098 2545 1154 Caleb
2571 1097 2664 1168 qui
2700 1113 2852 1152 omne
2892 1113 2983 1150 cor
3007 1104 3188 1152 sonat.
3231 1091 3517 1164 Jepbonne

249 1196 388 1236 vero
416 1183 708 1239 conversio.
741 1183 904 1239 Jesus
928 1185 1170 1256 denique
1200 1187 1373 1242 salus.
1405 1189 1507 1255 Qui
1543 1189 1691 1244 enim
1735 1188 2010 1260 integrum
2045 1198 2368 1258 rectumque
2409 1201 2508 1240 cor
2535 1201 2665 1256 erga
2699 1183 2866 1240 Deum
2901 1184 3128 1247 habent,
3163 1181 3257 1235 ﬁlii
3283 1195 3518 1235 conver.-

252 1269 433 1326 sionis
470 1279 621 1336 sunt,
655 1271 770 1327 illis
798 1273 1158 1334 cohabitante
1183 1274 1338 1340 Jesu,
1365 1276 1646 1346 iidemque
1676 1286 1805 1332 sunt
1829 1277 1923 1348 qui
1952 1274 2329 1330 crediderunt.
2357 1271 2562 1339 Quales
2593 1287 2696 1327 ceu
2731 1271 2988 1341 primitias
3010 1271 3241 1341 apostoli
3268 1267 3516 1330 fuerunt,

251 1359 349 1427 qui
393 1376 521 1416 cum
559 1361 806 1432 reliquias
845 1371 1055 1427 essent,
1096 1379 1304 1434 perque
1342 1365 1644 1420 Cbalebum
1678 1366 1858 1422 solum
1887 1363 2242 1420 exsistentem
2287 1360 2528 1432 ﬁgurati,
2558 1359 2812 1415 lsraelem
2866 1365 3155 1422 vocarunt,
3212 1354 3374 1427 idque
3405 1369 3516 1410 non

253 1446 377 1501 sine
410 1464 610 1519 magno
640 1465 862 1522 quoque
895 1453 1146 1521 periculo
1179 1472 1191 1514 ;
1229 1469 1400 1530 quare
1439 1454 1689 1510 haeredes
1718 1462 1879 1509 terra:
1919 1457 2146 1514 sanctae.
2187 1456 2451 1518 tanquam
2491 1447 2582 1518 qui
2611 1445 2923 1507 rectissime
2956 1461 3087 1516 erga
3129 1444 3299 1499 Deum
3328 1449 3515 1530 essent

254 1533 464 1604 affecti,
498 1537 732 1593 instituti
765 1550 914 1594 sunt.
953 1538 1148 1605 Qualis
1173 1539 1280 1600 fuit
1309 1539 1548 1605 Paulus,
1593 1541 1688 1610 qui
1739 1541 1913 1614 legem
1969 1553 2069 1611 pro
2089 1548 2336 1593 stercore
2377 1545 2433 1592 et
2457 1537 2629 1599 multa
2674 1545 2898 1606 propter
2925 1534 3278 1596 excellentem
3308 1529 3512 1593 Christi

256 1622 596 1692 agnitionem
642 1627 921 1696 reputavit
943 1627 1010 1681 ³⁷.
1041 1626 1100 1680 ln
1137 1643 1281 1698 quos
1312 1642 1490 1686 novus
1521 1628 1749 1696 insuper
1779 1627 2016 1700 populus
2053 1626 2157 1681 ﬁde
2190 1624 2419 1688 coaluit,
2462 1639 2558 1693 per
2593 1623 2797 1678 liberos
2833 1630 3188 1691 peccatorum
3221 1619 3518 1674 adumbras-

256 1718 372 1773 tus,
401 1709 556 1780 juxta
593 1710 878 1777 Davidem,
925 1733 944 1766 ι
996 1712 1242 1786 Populus
1279 1732 1474 1772 recens
1517 1716 1778 1772 conditus
1830 1713 2134 1770 celebrabit
2161 1712 2450 1765 Dominum
2485 1710 2589 1772 "';
2631 1727 2651 1761 ι
2686 1710 2741 1764 in
2773 1709 3004 1764 alteram
3037 1710 3241 1762 etenim
3273 1713 3515 1769 atatem,

257 1809 463 1868 prater
485 1815 605 1854 eam
639 1816 761 1872 qua-
784 1802 891 1857 sub
921 1803 1036 1873 lege
1066 1803 1189 1869 fuit,
1227 1804 1522 1860 haereditas
1557 1812 1642 1860 est
1670 1810 1971 1858 reservata.
2005 1801 2140 1854 Nam
2169 1799 2224 1854 in
2249 1798 2474 1852 Christo
2504 1795 2569 1851 ad
2605 1796 2729 1850 vita:
2757 1795 3058 1850 novitatem
3081 1801 3263 1849 vetere
3293 1791 3518 1847 homine

256 1897 448 1949 exuto,
477 1903 584 1941 una
617 1904 742 1943 cum
780 1889 1165 1946 aﬁ'ectionibus
1195 1899 1248 1946 et
1279 1891 1751 1961 concupiscentiis
1778 1890 1983 1944 virtute
2009 1887 2131 1957 ejus
2154 1885 2247 1956 qui
2273 1885 2415 1939 duos
2447 1884 2683 1954 populos
2714 1883 2768 1938 in
2794 1899 2964 1947 unum
2999 1896 3200 1936 novum
3237 1879 3516 1934 hominem

255 1973 634 2043 interpolavit,
671 1992 865 2033 sumus
898 1977 1128 2032 conditi.
1172 1977 1418 2045 Quorum
1457 1979 1754 2049 imaginem
1783 1975 2021 2030 infantes
2053 1973 2324 2036 referunt,
2365 1973 2511 2026 sicut
2547 1970 2752 2026 Paulus
2786 1968 2982 2033 sensit,
3025 1969 3324 2039 inquiens:
3363 1985 3381 2019 ι
3404 1965 3517 2021 Lac

260 2061 495 2116 rationis
537 2077 600 2117 ac
630 2064 966 2133 integritatis
995 2066 1466 2135 quemadmodum
1509 2081 1706 2121 recens
1745 2065 1858 2119 nati
1891 2063 2155 2128 infantes,
2188 2060 2442 2116 aﬁectate
2476 2060 2540 2113 ⁸⁸.
2581 2077 2598 2111 ι
2654 2059 2809 2124 Quod
2861 2065 3042 2112 autem
3085 2057 3200 2112 haec
3237 2056 3410 2128 ipsius
3444 2055 3516 2110 sit

255 2152 563 2215 sententia,
597 2153 726 2207 illud
753 2168 975 2224 quoque
1002 2156 1198 2210 addit:
1235 2173 1254 2208 ι
1295 2155 1472 2211 Hodie
1515 2156 1561 2212 si
1618 2171 1809 2211 vocem
1844 2167 2020 2208 meam
2057 2149 2367 2216 audieritis,
2428 2166 2447 2202 ι
2483 2156 2537 2203 et
2589 2162 2652 2201 ea
2684 2162 2806 2217 qua:
2845 2153 3153 2216 sequuntur
3179 2159 3245 2198 eo
3289 2158 3462 2214 usque
3496 2160 3511 2198 :

257 2259 276 2290 ι
314 2239 457 2295 Nam
481 2241 664 2312 juravi
687 2243 742 2298 in
782 2244 952 2299 corde
989 2259 1113 2300 meo
1145 2246 1294 2316 quod
1330 2261 1441 2300 non
1501 2244 1807 2316 ingressuri
1842 2242 1955 2298 sint
2008 2241 2064 2296 in
2095 2239 2339 2308 requiem
2389 2251 2564 2293 meam
2598 2236 2668 2292 ³⁹.
2697 2255 2715 2287 ι
2749 2235 2879 2290 Item
2917 2252 2930 2294 ;
2965 2252 2984 2286 ‹
3025 2232 3104 2288 Ne
3134 2232 3324 2291 eadem
3355 2231 3514 2287 nobis

251 2342 478 2396 quoque
523 2328 802 2397 eveniant,
836 2329 1058 2398 fratres,
1087 2332 1291 2402 inquit,
1341 2340 1531 2388 cavete
1561 2347 1632 2387 ne
1679 2331 1734 2385 in
1769 2344 2047 2402 quoquam
2099 2335 2346 2382 vestrum
2387 2339 2484 2379 cor
2523 2322 2845 2378 inﬁdelitate
2871 2321 3229 2392 depravatum
3255 2320 3366 2384 ﬁet,
3403 2337 3421 2371 ι
3447 2333 3515 2376 eo

253 2430 439 2484 tlsqm
465 2433 477 2466 :
504 2434 522 2466 ι
548 2417 953 2486 incredulitatis
972 2421 1117 2474 enim
1143 2420 1304 2491 culpa
1338 2420 1548 2491 ingredi
1577 2435 1684 2475 non
1712 2425 2008 2490 potuerunt
2030 2416 2131 2472 “.i
2164 2414 2366 2470 Verum
2397 2411 2566 2466 .losue
2586 2411 2997 2482 exploratorum
3024 2409 3219 2465 ducem
3244 2407 3512 2478 optimum

251 2518 316 2562 se
361 2504 633 2572 prmstitit,
667 2520 791 2566 nam
823 2505 891 2568 ad
947 2505 1108 2568 ﬁdem
1140 2510 1462 2563 cohortatus
1520 2514 1625 2568 est.
1689 2505 1921 2576 ﬁdeique
1951 2504 2210 2558 virtutem
2247 2499 2564 2570 explicavit,
2606 2497 2752 2569 quod
2804 2500 2989 2552 omnia
3028 2496 3172 2551 infra
3213 2496 3514 2566 potentiam

251 2591 559 2656 .credentis.
592 2606 658 2656 ac
683 2592 1032 2662 illtperterriti
1063 2605 1249 2656 essent
1286 2595 1564 2650 videlicet.
1596 2593 1865 2660 Quocirca
1891 2606 2089 2647 nomen
2121 2589 2198 2644 illi
2223 2602 2445 2658 quoque
2479 2597 2609 2641 tunc
2637 2585 2902 2655 temporis
2939 2583 3257 2655 impositum
3288 2583 3510 2653 quando

250 2678 654 2748 explorationis
683 2696 850 2735 causa
884 2690 1015 2736 sunt
1047 2682 1258 2738 emissi.
1289 2682 1392 2749 Qui
1428 2683 1480 2735 in
1504 2682 1610 2736 hoc
1649 2683 1850 2735 missus
1895 2689 1978 2735 est
2007 2688 2066 2732 ut
2117 2676 2242 2732 fidei
2291 2675 2601 2746 exemplum
2653 2683 2820 2745 atque
2861 2673 2966 2728 iter
3004 2672 3111 2726 illis
3139 2671 3302 2728 foret.
3332 2670 3508 2738 Quem

252 2764 440 2820 Moses
468 2781 592 2821 cum
623 2767 934 2822 intueretur
963 2768 1196 2829 Solidaltl
1236 2783 1414 2826 rermn
1451 2767 1758 2829 futurarum
1789 2766 2044 2836 concepit
2073 2779 2247 2834 spem,
2290 2771 2728 2832 argumentoque
2756 2760 3061 2832 voluptatis
3094 2759 3215 2829 ejus
3245 2775 3368 2831 quae
3397 2759 3510 2813 illic

253 2852 407 2917 foret
437 2854 654 2911 botrum
689 2856 946 2925 arripuit.
978 2855 1292 2922 Quinetiam
1318 2853 1489 2922 Josue
1527 2854 1597 2916 de
1637 2862 1784 2913 terra
1814 2855 2226 2924 praedicantem,
2262 2851 2598 2921 botrumque
2625 2865 2656 2904 e
2681 2849 2829 2919 ligno
2854 2846 3281 2918 suspendentem
3319 2846 3512 2904 sedulo

252 2942 496 3006 audivit.
531 2940 678 2998 Satis
707 2959 837 2999 vero
873 2943 1064 3014 liquet,
1111 2958 1220 3013 quo
1251 2942 1342 2997 ille
1371 2956 1592 3012 quoque
1630 2942 1823 3005 oculos
1861 2955 1994 3000 suos
2018 2948 2349 2995 convertens
2403 2946 2512 2992 tam
2549 2937 2820 3007 intrepida
2853 2951 2950 3005 spe
2997 2950 3122 2990 esse
3167 2935 3363 3000 potuit,
3399 2949 3512 3004 quo

255 3029 529 3100 inquam?
563 3030 630 3084 ad
654 3045 777 3085 eum
809 3029 1034 3092 botrum
1067 3029 1162 3100 qui
1194 3028 1513 3088 novissimis
1543 3026 1740 3086 diebus
1792 3041 1822 3082 e
1864 3026 2014 3099 ligno
2055 3041 2363 3095 suspensus
2408 3024 2514 3078 fuit
2541 3064 2556 3087 ,
2603 3023 2766 3092 cujus
2812 3022 3039 3092 sanguis
3072 3021 3310 3076 ﬁdelium
3344 3030 3512 3092 potus

251 3128 366 3182 est,
403 3117 550 3170 sicut
584 3132 615 3170 a
647 3117 792 3173 Mose
821 3119 986 3172 tacite
1006 3117 1378 3189 signiﬁcatum
1406 3123 1490 3172 est
1518 3131 1532 3183 ;
1566 3129 1690 3169 nam
1726 3116 2071 3187 sanguinem,
2110 3127 2228 3168 uvae
2250 3113 2435 3167 viuum
2466 3111 2724 3168 biberunt
2762 3111 2866 3166 hoc
2899 3125 2996 3182 per
3027 3109 3171 3182 quod
3198 3109 3510 3167 Servatoris

255 3203 446 3273 passio
477 3203 743 3270 innuitur.

336 3292 399 3345 Et
431 3294 628 3361 faciant
669 3303 716 3356 te
745 3303 794 3348 et
828 3294 1043 3355 domum
1073 3294 1250 3364 patris
1288 3295 1363 3348 tui
1416 3294 1470 3348 in
1524 3303 1730 3364 gentem
1787 3310 2058 3364 umquam,
2086 3300 2195 3348 etc.
2241 3291 2406 3366 μιν,
2450 3292 2564 3365 ί12.]
2617 3293 2742 3346 Haec
2777 3289 3074 3363 promissio
3105 3304 3324 3361 quoque
3359 3288 3506 3346 facta

254 3391 508 3451 tempore
541 3398 650 3450 quo
685 3383 1093 3448 fabricaveram
1127 3383 1384 3446 vitulum,
1422 3399 1524 3438 nus
1548 3385 1694 3438 enim
1731 3384 1800 3438 ab
1836 3383 1998 3438 initio
2037 3382 2145 3440 Deo
2182 3382 2254 3436 ob
2296 3382 2486 3436 oculos
2513 3396 2728 3436 smnus.

335 3468 400 3522 El
433 3469 652 3523 audient
676 3470 770 3523 hoc
795 3470 1068 3542 ngyptt't'.
1101 3470 1356 3540 quoniam
1383 3470 1592 3536 eduxit,
1620 3479 1725 3526 etc.
1760 3470 1902 3544 [l3.]
1936 3470 2480 3525 Consummationem
2517 3485 2707 3524 eormn
2734 3485 2854 3539 qua:
2878 3467 3026 3525 Deus
3053 3467 3250 3538 partim
3293 3467 3508 3537 praesti-

253 3557 348 3619 tit,
386 3557 582 3627 partim
615 3564 877 3626 praestare
915 3558 1197 3628 promisit,
1234 3574 1353 3612 eam
1383 3573 1504 3626 qum
1536 3572 1595 3611 se
1625 3558 1840 3620 deceat,
1872 3558 2128 3629 quamvis
2185 3557 2442 3626 indignus
2482 3558 2554 3612 sit
2607 3558 2842 3629 populus
2867 3599 2883 3623 ,
2935 3556 3197 3628 postulat.
3246 3554 3510 3612 Promisit

256 3661 389 3698 vero
419 3654 643 3710 terram,
674 3653 728 3698 et
749 3643 816 3698 ad
854 3659 972 3698 eam
996 3660 1090 3700 eos
1121 3644 1328 3700 eduxit.
1365 3644 1768 3700 Obtrectabunl
1803 3646 1948 3700 enim
1976 3646 2236 3716 potentia:
2264 3655 2390 3706 tute.
2425 3645 2800 3716 inquit,quasi
2835 3661 2930 3713 per
2965 3645 3096 3698 illud
3129 3645 3231 3699 iter
3258 3646 3325 3699 ad
3357 3644 3506 3715 quod

251 3748 352 3794 eos
383 3731 694 3794 adduxisti,
723 3732 992 3813 deducere
1029 3748 1135 3786 non
1179 3733 1449 3803 potueris.
1476 3735 1584 3796 Res
1603 3748 1767 3804 porro
1787 3732 2098 3798 miseranda
2113 3731 2273 3813 5,02
2295 3733 2456 3788 luerit
2477 3733 2522 3786 si
2547 3733 2801 3790 omnibus
2833 3746 2936 3786 una
2969 3733 3311 3802 pereundqu
3337 3741 3508 3790 esset.

341 3817 780 3889 Ὑπομιμνήσκει
800 3819 894 3871 καὶ⁷
922 3810 996 3871 ὧν
1015 3819 1147 3882 Θεὸς
1174 3819 1458 3890 παρέδωκε
1482 3821 1609 3891 περὶ
1635 3819 1826 3880 ἑαυτοῦ

2004 3810 2441 3878 Commonefaeit
2465 3819 2632 3880 Deum
2660 3821 2880 3888 insuper
2910 3821 3291 3890 adjunctorum
3317 3835 3510 3876 eorum

254 3913 318 3973 ὲν
349 3911 498 3983 Σινᾷἳ
524 3910 598 3972 ὡς
629 3909 875 3980 ἐλεήμων
910 3911 1005 3962 xal.
1027 3911 1254 3973 δίκαιος.
1302 3912 1393 3973 Εἰς
1419 3911 1521 3981 μὲν
1563 3910 1624 3964 τὸ
1654 3910 1826 3976 ἔλεος,

251 3997 321 4062 οὗ
367 4003 460 4054 καὶ
499 4001 691 4066 δεῖται,
722 4001 895 4069 λέγων
917 4017 930 4030 °
963 4019 980 4052 t
1011 4004 1106 4054 Ὃν
1139 4003 1340 4072 τρόπον
1384 4000 1565 4068 εἶπας,
1625 4003 1834 4073 μακρό-

255 4092 432 4164 (typo;
471 4093 564 4146 καὶ
597 4091 904 4159 πολυέλεος,
939 4113 956 4143 ι
998 4097 1092 4148 καὶ
1117 4093 1185 4147 τὰ
1237 4096 1383 4162 ἑξῆς.
1412 4094 1505 4159 Εἰς
1532 4095 1589 4148 δὲ
1632 4095 1718 4162 τὸ,
1748 4095 1832 4154 δε-

253 4199 413 4244 καιρς
445 4182 586 4252 (οὐδὲ
609 4181 768 4246 τοῦτο
801 4181 908 4252 γὰρ
942 4183 1266 4252 ἀναίνεται),
1304 4202 1322 4234 t
1357 4186 1466 4242 Καὶ
1501 4183 1830 4258 καθαρισμῷ

253 4273 320 4331 οὗ
352 4271 608 4341 καθαριεῖ
641 4273 732 4325 τὸν
777 4272 980 4343 ἔνοχον,
1019 4291 1037 4325 ι
1078 4273 1174 4332 καὶ
1206 4274 1272 4328 τὰ
1305 4275 1452 4345 ἑξῆς.
1502 4276 1613 4328 Καὶ
1668 4276 1831 4331 πάλιν

251 4366 336 4428 εἰς
368 4365 458 4418 τὸν
485 4366 636 4418 ἔλεον
667 4365 730 4418 τό
755 4381 768 4396 '
800 4383 819 4417 ι
841 4365 1110 4436 ’ἱλάσθητι
1138 4366 1202 4436 δὴ
1235 4369 1300 4438 τῇ
1343 4367 1545 4439 ἀνομίᾳ
1571 4366 1665 4420 τοῦ
1699 4367 1829 4422 λαοῦ

247 4456 472 4519 τούτου,
501 4456 754 4528 καθάπερ
785 4457 941 4521 ἵλεως
972 4457 1156 4522 αὐτοῖς
1189 4459 1378 4528 ἐγένου
1411 4459 1518 4514 ἀπὸ
1549 4460 1828 4529 Αἰγύπτου

245 4545 359 4606 ιως
415 4542 512 4597 τοῦ
563 4544 681 4599 νῦν.
713 4564 731 4598 ι
788 4545 897 4600 Καὶ
945 4545 1088 4616 λόγῳ
1137 4546 1323 4617 μαθὼν
1358 4547 1485 4619 ἄρα,
1540 4549 1634 4603 καὶ
1682 4549 1830 4621 ἔργῳ

248 4634 575 4704 πειραθεὶς,
624 4636 701 4699 ὡς
754 4636 1044 4707 ἐλεήμων,
1094 4637 1164 4691 δι’
1214 4637 1542 4709 ἀμφοτέρων
1589 4641 1825 4692 αἰτεῖται

246 4726 341 4778 τὸν
383 4726 555 4782 ἔλεον.
591 4728 666 4782 Τὸ
701 4728 759 4782 δὲ
819 4729 949 4798 περὶ⁸
1011 4729 1113 4798 τῆς
1166 4729 1404 4800 κρίσεως
1445 4726 1528 4784 ἐν’
1563 4731 1823 4786 ὑποθέσει

245 4816 449 4880 διττὸν,
485 4817 518 4886 ἢ
550 4819 745 4885 ἄφεσιν
765 4818 971 4882 αἱτοῦν,
1012 4819 1101 4873 διὰ
1126 4820 1207 4882 τὸ,
1239 4839 1256 4871 ι
1286 4821 1565 4891 Ἀφαιρῶν
1597 4821 1827 4892 ἀνομίας

247 4909 346 4961 καὶ
377 4909 594 4973 ἀδικίας
617 4927 633 4944 υ
682 4930 700 4963 ι
731 4911 763 4981 ἢ
791 4911 1104 4982 ὑπέρθεσιν,
1141 4929 1159 4962 ι
1204 4911 1292 4974 Ὠς
1334 4913 1426 4966 ἐπὶ
1453 4912 1572 4977 ἐνὸς
1609 4911 1824 4986 ἀνθρὼο

246 5015 355 5052 που
417 4998 512 5052 τοῦ
572 4999 696 5054 ὅλου
736 5002 946 5066 γένους.
993 5019 1010 5052 ι
1071 5003 1181 5055 Καὶ
1239 5003 1486 5068 Ἑζεκίας
1540 5004 1648 5077 γὰρ
1697 5004 1822 5074 ἔφη,

253 5111 272 5144 ι
302 5092 552 5148 Γενέσθω
575 5093 639 5164 δὴ
670 5095 860 5166 εἰρήνη
894 5096 952 5148 ὲν
984 5096 1104 5157 ταῖς
1129 5095 1366 5166 ἡμέραις
1403 5113 1526 5166 μου.
1569 5113 1588 5146 ι
1627 5095 1689 5149 Ἢ
1724 5095 1825 5166 μὲν

1938 3926 2062 3982 qua:
2086 3911 2188 3967 sibi
2221 3911 2320 3981 ipsi
2355 3911 2407 3966 in
2452 3921 2637 3968 monte
2671 3911 2821 3968 Sinai
2850 3913 3196 3975 attribuerat,
3225 3912 3371 3982 quod
3399 3915 3512 3966 sci-

1939 4000 2064 4056 licet
2091 4000 2428 4066 misericors,
2460 4001 2603 4070 quod
2648 4002 2833 4070 justus
2883 4010 3048 4056 esset.
3083 4001 3508 4057 Miscricordiam

1937 4109 2043 4163 qua
2069 4109 2129 4148 se
2159 4093 2401 4165 indigere
2424 4093 2643 4158 fatetur,
2683 4095 2754 4151 ita
2785 4096 2936 4157 citat,
2976 4114 2994 4146 ι
3037 4095 3508 4161 Quemadmodum

1936 4186 2146 4253 dixisti,
2176 4186 2502 4256 injuriarum
2532 4187 2744 4257 patiens
2769 4187 3291 4258 miserationumque
3315 4188 3510 4259 plenus

1935 4295 2082 4343 sum,
2112 4299 2130 4331 ›
2167 4287 2220 4334 et
2252 4279 2511 4350 deinceps
2541 4297 2660 4351 qua":
2689 4293 3012 4352 sequuntur.
3046 4281 3324 4337 Justitiam
3355 4296 3504 4347 vero,

1935 4387 2059 4426 nam
2097 4387 2198 4426 nec
2229 4372 2375 4426 illam
2410 4372 2627 4441 quidem
2662 4372 2942 4441 relinquit,
2976 4372 3048 4426 ita
3078 4390 3092 4426 :
3124 4391 3141 4423 ι
3180 4372 3244 4426 Et
3275 4371 3507 4425 munda-

1935 4463 2084 4519 tione
2133 4479 2241 4518 non
2294 4464 2577 4518 mundabit
2641 4479 2814 4527 reum,
2860 4482 2877 4514 ι
2922 4471 2975 4518 et
3014 4479 3135 4533 qua:
3180 4475 3504 4533 sequuntur.

1934 4553 2013 4607 Ad
2047 4553 2480 4608 misericordiam
2511 4552 2706 4607 deinde
2731 4553 2866 4606 redit
2891 4553 3040 4606 hisce
3065 4545 3244 4607 verbis
3282 4569 3296 4606 :
3329 4571 3346 4604 ι
3370 4552 3507 4605 Pro-

1933 4647 2102 4718 pitius
2137 4655 2256 4700 esto
2289 4645 2563 4715 iniquita'i
2597 4644 2760 4712 hujus
2797 4645 3002 4714 populi,
3040 4642 3501 4715 quemadmodum

1931 4737 2200 4808 propitius
2242 4738 2288 4792 ei
2335 4735 2485 4791 fuisti
2532 4736 2601 4790 ab
2647 4751 2715 4791 eo
2751 4746 2990 4803 tempore
3028 4750 3139 4805 quo
3167 4751 3232 4790 ex
3269 4733 3396 4804 1E3)
3413 4744 3501 4804 pto

1931 4837 2059 4884 sunt
2086 4827 2318 4898 egressi,
2353 4845 2369 4877 ι
2417 4843 2589 4896 usque
2615 4826 2681 4880 ad
2727 4833 2985 4898 punctum
3040 4825 3214 4881 istud.
3257 4825 3502 4896 Denique

1929 4933 2054 4971 cum
2094 4933 2162 4973 ex
2211 4917 2393 4973 verbis
2447 4916 2662 4971 Domini
2708 4918 3093 4986 cognovisset,
3152 4925 3206 4972 et
3270 4932 3330 4973 re
3382 4917 3499 4989 ipsa

1927 5016 2206 5076 expertus,
2244 5006 2387 5076 quod
2422 5006 2738 5064 misericors
2770 5017 2939 5072 esset,
2974 5017 3267 5079 utrumque
3298 5007 3363 5062 ad
3396 5009 3500 5062 mi-

1929 5098 2282 5152 sericordiam
2312 5099 2710 5168 impetrandam
2743 5100 2918 5156 aﬁ‘ert.
2963 5101 3073 5156 lloc
3106 5118 3234 5157 vero
3264 5101 3407 5171 quod
3436 5101 3502 5156 de

246 5186 360 5254 γὰρ
393 5187 451 5237 ἐν
475 5187 618 5240 τέλει
651 5187 832 5257 κρίσις
863 5187 1001 5257 μετὰ
1029 5189 1127 5251 τὰς
1157 5188 1406 5260 πράξεις,
1432 5187 1825 5258 ἀνυπέρθετος⁹

1932 5187 2120 5257 judicii
2155 5190 2512 5259 ambiguitate
2539 5194 2808 5264 proponit.
2841 5209 2936 5248 seu
2993 5193 3207 5248 veniam
3239 5195 3501 5262 depreca-

246 5275 366 5328 νυνὶ
396 5275 452 5329 δὲ
483 5275 575 5331 καὶ
613 5277 817 5347 μεταξὺ
844 5277 954 5332 τῶν
984 5277 1237 5347 πράξεων
1268 5276 1560 5346 ὑπέρθεσις
1592 5277 1672 5341 εἰς
1707 5278 1827 5329 ἑπι-

250 5367 517 5438 στροφὴν,
550 5369 674 5439 ἥτις
696 5370 744 5422 εἰ
775 5369 850 5442 μὴ
878 5370 1108 5438 γένοιτο,
1140 5371 1232 5424 καὶ
1265 5368 1554 5425 ὲπάὐτῶν
1602 5368 1697 5422 καὶ
1731 5369 1825 5421 ἐπὶ

247 5459 360 5510 τῶν
392 5460 506 5528 μετ’
535 5463 734 5525 αὐτοὺς
762 5464 796 5532 ἡ
819 5463 1081 5532 τιμωρία,
1116 5463 1194 5526 ὡς
1223 5464 1420 5524 αὐτοὺς
1447 5461 1626 5523 ὄντας,
1661 5461 1708 5512 εἰ
1745 5458 1821 5530 μὴ

247 5549 630 5619 ὲκιστρέφοιεν
652 5569 665 5581 ο
699 5541 795 5606 ita!
821 5553 956 5623 πρὸς
981 5553 1146 5622 φόϐον
1174 5554 1379 5622 ἐτέρων
1411 5553 1467 5606 αἱ
1492 5553 1571 5614 εἰς
1601 5551 1820 5620 ἑτέρους

322 5733 361 5759 ’⁵
395 5730 526 5782 Luc.
567 5746 618 5790 κ.
660 5731 740 5784 l9.
818 5730 1082 5784 "'Matth.
1127 5731 1316 5786 μιμεῖ.
1351 5748 1506 5800 seqq.

250 5816 324 5859 ct,
368 5809 442 5852 l“.
525 5804 562 5829 ³⁸
593 5801 641 5852 1--
671 5819 722 5858 o,
763 5800 854 5852 ΙΙί
882 5813 946 5853 Ir.
976 5819 1032 5862 tt.
1069 5806 1112 5855 :3.

1582 5733 1626 5762 "
1668 5732 1794 5786 Luc.
1830 5751 1901 5800 tt,
1935 5738 2020 5790 55.

1223 5803 1262 5832 3‘
1298 5803 1459 5857 Ih-hr.
1497 5818 1574 5865 Ill,
1611 5804 1658 5864 7,
1693 5805 1843 5859 S-ll.

1935 5287 2042 5340 tur,
2090 5294 2212 5332 cum
2245 5279 2422 5349 inquit
2453 5297 2466 5334 :
2511 5300 2530 5333 ι
2563 5281 2664 5347 Qui
2695 5282 2840 5338 tollis
2866 5285 3237 5352 iniquitatem,
3262 5293 3318 5336 et
3353 5281 3498 5351 inju.

1933 5369 2162 5432 stitiam,
2208 5388 2226 5420 ι
2271 5385 2364 5425 seu
2395 5371 2715 5426 dilationem
2767 5375 2940 5442 petit:
2998 5373 3162 5427 veluti
3195 5373 3298 5428 hoc
3334 5374 3498 5428 etiam

1929 5459 2072 5528 quod
2099 5461 2256 5522 divit,
2305 5481 2321 5512 ι
2361 5463 2440 5514 Au
2473 5471 2644 5515 totum
2674 5480 2851 5531 genus
2901 5463 2964 5515 ad
3017 5463 3181 5517 unius
3212 5478 3500 5516 numerum

1927 5550 2233 5620 redigeres‘l
2274 5573 2292 5604 ι
2321 5552 2476 5619 Quod
2535 5569 2708 5624 genus
2752 5553 3029 5623 petitionis
3057 5553 3320 5618 Ezechiae,
3363 5573 3378 5602 ι
3421 5551 3503 5606 Sit

2106 5735 2170 5765 ³⁸·
2205 5727 2404 5784 Jerem.
2451 5747 2500 5794 Χ,
2537 5732 2624 5786 9-1.

2706 5733 2742 5763 ³”’
2764 5731 2998 5803 i'ltilipp.
3019 5747 3098 5798 lll,
3133 5734 3184 5786 8.
3262 5729 3458 5789 ’πνείει

1948 5809 1987 5837 ⁸⁸
2026 5805 2160 5863 ibid.
2210 5801 2394 5854 i249.
