3864 6494
536 337 644 402 835
1123 399 1127 404 ,
1839 341 2062 402 PROCC

2269 345 2468 404 ςΛΖᾹΞΙ
3699 355 3795 411 mg

534 466 590 510 et
611 456 778 512 .‘llose.
818 455 945 512 llaec
973 469 1104 512 vero
1134 471 1314 514 nonne
1350 455 1591 513 ievicula
1634 454 1812 509 videri
1867 467 2052 526 potera

2271 477 2352 515 νευ
2384 458 2541 516 Θεοῦ.
2582 460 2738 514 Οὕτω
2789 463 2885 515 καὶ
2933 461 3002 516 τὰ
3048 463 3330 541 πολεμίῳν
3381 466 3464 528 εἰς
3497 465 3797 520 θεοςέὖειιν

535 547 605 602 iis
630 546 724 617 qui
762 545 856 602 Dei
877 545 1033 601 obliti
1069 546 1123 601 in
1159 546 1403 618 potentia
1433 562 1499 604 ac
1561 545 1921 602 multitudine
1973 546 2061 601 ﬁdi

2269 546 2556 614 δνέτεινεν,
2595 548 2999 621 ὲπιδειχθέντα,
3022 551 3167 606 κατὰ
3186 549 3323 605 Θεὸν
3349 551 3574 633 ἀνύεται
3602 554 3795 618 am.

532 637 676 691 ciam
704 637 1157 694 collocaveram?
1188 637 1390 695 Verum
1447 639 1550 696 hoc
1600 639 1722 710 ipso
1770 637 1918 710 quod
1946 654 2058 709 peni

2276 638 2334 692 al.
2364 641 2399 710 ἡ
2431 639 2542 693 τῶν
2573 641 2709 721 τότε,
2739 642 3021 697 πεσόντων
3051 642 3254 715 φθορὰ,
3299 644 3419 707 τοῖς
3450 643 3633 710 ἀλλοις
3675 648 3799 699 πιέ-

535 725 706 783 Deum
734 730 916 783 omnia
947 745 1073 785 esse
1121 729 1486 796 demonstrat,
1546 731 1738 787 hostes
1774 729 1870 786 Dei
1896 729 1964 785 ad
1998 746 2061 785 cu

2225 729 2408 796 δευσις
2437 727 2507 804 ἦν
2538 733 2743 805 ἀγαθή.
3674 825 3677 827 _
3697 819 3700 824 Α

534 826 715 874 turam
762 819 882 887 citis
913 829 969 876 et
994 821 1248 891 pietatem
1299 823 1518 878 invitat.
1556 822 1822 880 interitus
1886 837 2109 894 quoque
2145 820 2396 893 ipsorum
2447 826 2542 896 qui
2586 827 2969 883 occubuerunt
3027 828 3152 884 aliis
3224 831 3530 887 eruditioni
3591 819 3803 901 optima

532 911 658 966 fuit.
2019 931 2023 935 ”

606 1050 675 1106 Ut
701 1053 1064 1110 observarent
1092 1053 1351 1109 mandata
1393 1053 1560 1112 Musis
1586 1071 1617 1111 a
1648 1054 1759 1112 Deo
1802 1056 2006 1112 tradita
2035 1055 2103 1112 de
2129 1050 2390 1128 praesenti
2452 1064 2554 1106 sua
2587 1048 2891 1117 voluntate,
2927 1048 3204 1120 siquidem
3251 1049 3356 1121 ipsi
3389 1066 3619 1108 servare
3663 1053 3798 1123 jussi

531 1154 641 1196 non
681 1149 1000 1208 servarunt,
1050 1157 1162 1197 non
1194 1142 1336 1213 jussi
1376 1158 1519 1199 novo
1553 1152 1892 1201 testamento
1918 1146 2182 1208 instante,
2228 1142 2386 1211 juxta
2419 1138 2792 1210 prophetiam
2848 1153 3073 1194 servare
3122 1140 3382 1196 Slﬂdclll-
3415 1139 3643 1196 Μείτεο
3701 1159 3800 1197 non

530 1236 617 1282 est
678 1226 823 1283 Deus
871 1243 998 1284 cum
1031 1229 1136 1295 eis,
1168 1237 1223 1284 et
1251 1230 1580 1287 ceciderunt
1611 1233 1830 1288 interim
1861 1232 1992 1288 dum
2029 1234 2232 1288 vellent
2256 1231 2558 1286 observare
2578 1226 2751 1297 legem
2805 1228 3127 1296 importune
3158 1228 3214 1283 in
3244 1229 3394 1284 bello
3428 1232 3583 1299 quod
3611 1244 3790 1299 gesse-

530 1324 663 1372 runt
687 1326 881 1370 contra
911 1315 1210 1380 Romanos,
1239 1319 1375 1373 adeo
1417 1326 1476 1373 ut
1507 1319 1812 1375 etiamnum
1858 1319 2215 1377 recordantes
2242 1318 2312 1374 ob
2344 1317 2398 1372 id
2428 1317 2612 1388 ipsum
2640 1316 2709 1369 ad
2744 1315 3191 1398 internecionem
3229 1317 3456 1373 venisse
3493 1315 3794 1372 Sabbatum

532 1398 771 1474 amplius
804 1418 911 1458 non
947 1397 1266 1460 observent.

599 1530 670 1584 Et
701 1531 840 1586 dices
876 1532 945 1586 ad
972 1550 1060 1588 eos
1094 1550 1112 1587 :
1147 1533 1376 1600 Quando
1407 1537 1629 1606 ingressi
1659 1538 1868 1607 fueritis
1898 1540 1953 1594 in
2003 1548 2112 1593 ter-

2295 1536 2482 1591 Ὅταν
2515 1534 2828 1603 εισέλθητε
2854 1536 2942 1601 εις
2969 1535 3086 1598 τὴν
3111 1535 3228 1606 γῆν
3261 1536 3376 1605 τῆς
3401 1535 3798 1602 κατοικήσεως

527 1636 642 1675 ram
684 1621 1031 1678 habitationis
1066 1635 1270 1681 vestrae.
1306 1626 1446 1699 [XV,
1474 1627 1555 1700 2.]
1595 1628 1759 1699 Atqui
1803 1631 2053 1700 ingressu

2273 1629 2408 1685 κῶν.
2447 1628 2641 1682 Καίτοι
2673 1629 2774 1682 οὐκ
2802 1628 3040 1700 ἤμελλον
3082 1629 3369 1684 εἰσελθεῖν.
3420 1628 3573 1683 Ἀλλ’
3604 1631 3664 1682 ὲν
3694 1633 3799 1684 τοὺ-

528 1725 641 1769 non
701 1727 875 1772 erant.
939 1717 1140 1773 Verum
1204 1721 1426 1790 quidem
1476 1731 1586 1787 est,
1646 1723 1741 1778 scd
1805 1723 1951 1779 inter
2015 1739 2054 1779 Cl

1851 1732 1951 1779 Iter
2015 1739 2111 1779 eos
2216 1740 2333 1787 τοις
2362 1723 2504 1777 εἰσιν
2533 1723 2584 1777 oi
2619 1722 2809 1786 παῖδες
2837 1723 2886 1774 ol
2917 1721 3377 1793 εἰσελευσόμενοι.

527 1805 687 1862 liberi
711 1819 841 1864 sunt
867 1810 962 1880 qui
993 1811 1047 1866 in
1073 1827 1191 1867 eam
1217 1822 1347 1868 sunt
1372 1815 1701 1885 ingressuri.

599 1939 666 1997 Et
693 1944 857 2013 facile
879 1945 1251 2001 holocaustum
1279 1947 1526 2012 Domino,
1557 1955 1668 2003 etc.
1702 1947 1806 2021 [3.]
1869 1947 2020 2004 Varii
2053 1963 2115 2004 ac
2145 1949 2352 2005 diversi
2412 1948 2583 2004 Deum
2609 1948 2826 2005 colendi
2865 1943 3012 2002 modi
3055 1950 3211 2010 su‘nt,
3271 1949 3416 2004 alius
3449 1956 3544 2004 est
3575 1949 3662 2002 vel
3702 1967 3787 2021 per

526 2030 798 2102 integrum
831 2032 918 2089 vel
952 2049 1049 2103 per
1076 2034 1316 2091 divisum
1340 2034 1703 2101 sacriﬁcium,
1766 2036 1909 2093 alius
1943 2037 2001 2091 lit
2034 2036 2121 2092 vel
2151 2038 2504 2093 exsolutione
2532 2037 2643 2092 voti
2671 2036 2757 2092 vel
2789 2036 3074 2092 oblatione
3131 2046 3468 2106 spontanea,
3507 2037 3660 2091 alius
3693 2053 3778 2106 per

523 2126 739 2183 votum,
764 2120 849 2175 vel
880 2135 978 2190 per
995 2119 1462 2191 deprecationem.
1493 2121 1766 2177 Caeterum
1803 2125 1987 2181 omnis
2039 2125 2224 2180 cultus
2277 2125 2560 2180 suaveolet
2615 2133 2671 2179 et
2716 2133 2981 2195 acceptus
3036 2133 3143 2187 est,
3171 2124 3277 2179 etsi
3323 2139 3564 2185 parvum
3601 2125 3703 2176 hoc
3733 2131 3792 2180 sit

523 2206 672 2274 quod
706 2207 774 2261 ad
806 2208 1214 2262 conciliandum
1239 2208 1411 2264 Deum
1447 2209 1766 2276 adducitur,
1803 2212 1918 2268 sive
1949 2227 2122 2283 agnus
2173 2215 2267 2279 sit,
2306 2213 2434 2269 sive
2465 2214 2646 2283 majus
2699 2214 2855 2284 quid,
2889 2215 3038 2270 velut
3077 2213 3246 2276 aries,
3307 2222 3404 2266 aut
3465 2215 3787 2276 maximum,

522 2294 696 2347 Veluti
730 2294 851 2349 bos.
877 2294 1155 2351 Caeterum
1187 2297 1383 2352 borum
1408 2299 1656 2352 onmium
1686 2298 1802 2353 vice
1835 2300 2044 2355 oblatio
2069 2299 2276 2357 Christi
2308 2310 2414 2367 est,
2448 2311 2611 2372 prout
2639 2304 2876 2373 quisque
2910 2317 3035 2356 eum
3069 2302 3174 2357 sibi
3203 2302 3568 2371 usurpaverit
3606 2302 3789 2355 videli-

523 2388 634 2435 cet.
672 2379 924 2437 Victimm
952 2397 1084 2437 vero
1114 2382 1360 2453 cujusvis
1391 2385 1651 2456 similago
1681 2387 1841 2443 adest
1858 2389 2050 2454 etiam,
2072 2389 2165 2443 ubi
2193 2390 2477 2445 victimam
2499 2391 2693 2445 mortis
2721 2389 2939 2471 signum
2967 2405 3092 2445 esse
3121 2390 3392 2471 intellige,
3423 2389 3789 2460 similaginem

523 2480 656 2522 vero
682 2467 960 2523 alimoniae
989 2479 1152 2540 atque
1204 2471 1351 2527 vitae.
1391 2471 1599 2527 Vivunt
1651 2475 1799 2529 enim
1831 2491 1926 2545 per
1951 2475 2121 2531 Deum
2176 2479 2432 2540 victimae,
2468 2477 2855 2548 imprimisque
2901 2467 3185 2532 Christus.
3241 2467 3474 2532 Necnon
3535 2491 3784 2532 mensura

523 2555 704 2611 cuivis
731 2556 968 2612 victima:
988 2557 1140 2627 justa
1179 2568 1265 2616 est
1294 2574 1359 2616 ac
1390 2561 1608 2627 idonea,
1633 2571 1798 2632 prout
1824 2564 1972 2620 enim
2007 2564 2230 2621 victima
2278 2565 2472 2632 fuerit,
2514 2565 2591 2620 ita
2622 2582 2845 2636 quoque
2871 2568 3004 2630 vita,
3029 2581 3152 2635 qua:
3177 2581 3242 2621 ex
3265 2565 3498 2621 victima
3527 2567 3786 2624 nascitur.

524 2644 768 2699 exsistit.
801 2663 820 2698 ι
841 2644 1051 2702 Oﬂerat
1082 2648 1315 2703 Domino
1351 2649 1447 2720 qui
1477 2651 1708 2706 adducit
1744 2652 2104 2708 sacriﬁcium.
2140 2652 2361 2709 Decima
2392 2653 2517 2724 ephi
2551 2668 2659 2706 una
2691 2667 2860 2722 super
2889 2667 3054 2723 agno,
3088 2652 3211 2707 duae
3241 2662 3412 2723 super
3443 2653 3659 2719 ariete,
3689 2661 3786 2708 tres

525 2745 694 2811 super
721 2733 917 2789 bove.»
954 2736 1038 2789 ita
1060 2750 1168 2789 non
1194 2736 1443 2791 omnium
1472 2739 1704 2808 :equalis
1725 2747 1810 2794 est
1840 2741 1976 2795 vita.
2009 2741 2204 2798 Oleum
2251 2744 2382 2797 item
2431 2742 2592 2812 justa
2656 2755 2944 2807 mensura,
2981 2733 3457 2811 quemadmodum
3485 2751 3542 2798 et
3574 2743 3781 2804 vinum.

524 2817 592 2873 ad
609 2817 1035 2878 delectationem
1065 2823 1214 2880 enim
1245 2823 1381 2880 facit
1421 2825 1634 2882 laetitia.
1688 2825 1902 2893 Quarta
1941 2843 2075 2884 vero
2109 2845 2238 2902 pars
2287 2831 2383 2886 hin
2416 2842 2610 2902 quarta
2652 2846 2780 2901 pars
2831 2840 2920 2888 est
2977 2823 3213 2885 duarum
3245 2830 3564 2885 Atticarum
3632 2831 3781 2886 εδοξε-

526 2920 675 2961 rum.

593 3057 706 3115 Lex
736 3059 922 3116 eadem
964 3062 1107 3118 vobis
1159 3073 1274 3120 esto
1302 3082 1367 3121 ea:
1389 3067 1628 3124 aduenis.
1655 3067 1797 3142 [15.]
1843 3068 2103 3144 llocipso

2276 3073 2474 3142 Νόμος
2518 3069 2608 3140 εἷς
2638 3072 2812 3128 ἔσται
2855 3072 2956 3128 καὶ
3001 3071 3293 3143 δικαίωμα
3322 3057 3396 3128 ἓν
3425 3075 3605 3130 ἔσται
3657 3079 3782 3146 ὑμῖν

522 3150 768 3222 gentium
794 3161 850 3208 et
899 3153 1120 3212 lsraelis
1183 3158 1472 3228 aequalitas
1538 3161 1842 3234 eademque
1891 3163 2047 3224 iustit

2254 3169 2305 3222 al
2344 3168 2425 3235 τῷ
2466 3171 2850 3237 προσηλύτῳ.
2907 3170 3109 3224 Ἐθνῶν
3145 3171 3330 3239 ἰσότης
3373 3170 3431 3224 ὲν
3479 3171 3663 3243 τούτῳ
3699 3175 3780 3225 ul.

521 3243 929 3316 promulgatur.
958 3264 977 3298 ι
1002 3239 1156 3304 Unus
1193 3249 1341 3304 etnim
1391 3248 1537 3306 Dens
1561 3261 1646 3308 est
1680 3255 1774 3324 qui
1839 3254 2047 3325 justific

2247 3258 2300 3312 οῦ
2341 3259 2560 3332 Ἰσραὴλ
2610 3260 3024 3333 προηγορεὺετο
3055 3261 3167 3334 (60)
3201 3260 3321 3334 [καὶ
3359 3239 3647 3332 δικαία»μᾷ
3685 3264 3773 3336 ενι.

521 3332 604 3388 bit
631 3333 1112 3392 circumcisionem
1133 3353 1198 3392 ex
1235 3338 1361 3406 ﬁde,
1404 3339 1649 3415 itemque
1673 3344 2004 3418 praeputium
2035 3362 2047 3400 ε

2275 3347 2371 3416 Εἷς
2412 3351 2521 3424 γὰρ
2548 3332 2703 3418 Sabe,
2757 3332 3146 3420 accuratis-sei
3195 3332 3503 3428 εἷιεριτομὴν
3565 3358 3638 3411 ἐκ
3699 3332 3777 3410 tl:

521 3424 649 3482 ﬁde.
669 3418 736 3482 “.

2204 3444 2398 3506 στέως,
2426 3418 2523 3496 icui.
2556 3418 2928 3516 dxpo6uotldv
2955 3443 3044 3499 διὰ
3069 3445 3168 3516 τῆς
3196 3418 3501 3510 silc-nscia;

592 3540 961 3598 Circumcisio
1018 3551 1152 3599 vero
1212 3560 1336 3617 qum
1399 3548 1505 3606 lide
1570 3551 1678 3621 lit,
1757 3551 2010 3626 depastio
2069 3562 2155 3612 est
2209 3562 2562 3612 terrenorum
2646 3569 2888 3613 morum.
2967 3558 3366 3631 conjungitque
3436 3559 3639 3620 ambos
3689 3574 3773 3636 po-

523 3627 708 3702 pulos.

596 3735 824 3830 Eritque
849 3740 1066 3809 quando
1089 3737 1424 3800 eomederilis
1455 3745 1521 3800 de
1542 3745 1769 3816 panibus
1823 3757 2002 3816 terrm,
2026 3757 2137 3805 etc.
2172 3747 2288 3822 [l9]
2320 3747 2433 3806 Hoc
2479 3751 2700 3822 quidem
2749 3745 2872 3810 loco
2922 3743 3257 3813 mentionem
3311 3759 3473 3830 panis
3540 3761 3692 3827 facit,
3722 3765 3767 3818 in

519 3825 663 3882 libro
718 3823 1084 3884 Numerorum
1138 3847 1271 3888 vero
1331 3835 1624 3905 manipuli.
1679 3835 1856 3891 Habet
1909 3846 2097 3895 autem
2156 3836 2318 3909 ωε
2386 3837 2587 3894 horum
2650 3841 3046 3913 contemplatio
3084 3823 3406 3902 afﬁnitatem
3462 3823 3763 3919 quamdam.

519 3911 776 3971 Christus
809 3915 980 3981 enim,
1010 3918 1118 3974 etsi
1154 3921 1309 3990 spica
1341 3931 1428 3978 est
1453 3932 1680 3994 prepter
1711 3939 1935 3981 carnem
1961 3942 2086 3997 qua:
2117 3941 2147 3982 e
2177 3938 2325 3983 terra
2351 3929 2668 3999 pullulavit,
2699 3911 2933 4001 granum
2956 3943 3139 3991 tamen
3165 3937 3412 4007 seipsum
3468 3911 3762 4012 nuncupat.

517 3997 588 4096 ‘Et
626 3999 694 4055 de
727 4001 887 4096 nobis
922 4004 1101 4074 inquit
1127 4012 1275 4078 quod
1305 4010 1505 4066 messis
1530 4012 1603 4066 sit
1632 4013 1859 4082 copiosa
1889 4013 1956 4068 ⁸⁸.
1995 4011 2196 4070 Verum
2228 3997 2513 4072 enimvero
2557 3997 3024 4088 quemadmodum
3057 3997 3380 4096 manipulus
3415 3997 3763 4085 oﬂ'erturiioc

521 4082 642 4186 ipso
666 4089 812 4188 quod
833 4090 888 4188 in
920 4093 1330 4188 secomplexus
1352 4104 1437 4151 est
1463 4111 1678 4154 omnes.
1716 4117 1735 4151 ί
1765 4098 1901 4156 Volo
1943 4102 2115 4168 enim,
2169 4104 2372 4176 inquit,
2409 4118 2467 4161 ut
2493 4082 2592 4162 ubi
2614 4122 2738 4164 sum
2769 4124 2896 4182 ego,
2936 4111 3142 4168 ibidem
3199 4082 3316 4169 sint
3339 4126 3394 4170 et
3423 4117 3530 4188 ipsi
3551 4082 3761 4175 “Ti—Et;

518 4173 664 4229 enim
695 4175 860 4231 simul
894 4177 1154 4234 excitavit
1176 4196 1296 4246 nos,
1347 4184 1627 4256 simulque
1651 4188 1945 4244 collocavit
1986 4173 2608 4266 incmlestibus,inquit
2671 4173 2954 4257 Paulus".
3000 4201 3277 4268 Quocirca
3311 4173 3480 4261 etiam
3517 4209 3758 4279 perendie

519 4275 550 4316 a
582 4263 759 4360 primo
778 4263 871 4364 die
899 4266 1240 4364 manipulum
1292 4269 1491 4329 olIerre
1516 4272 1699 4343 jubet,
1727 4276 1832 4364 hoc
1879 4286 1987 4345 est,
2020 4280 2110 4337 die
2145 4286 2311 4339 tertia
2345 4302 2453 4356 qua
2492 4263 2749 4344 Christus
2779 4263 3108 4355 resurre;it,
3132 4294 3358 4364 quando
3384 4263 3576 4350 etiam
3606 4305 3758 4353 noras

518 4349 937 4451 spicas-offerre
980 4355 1250 4451 praecipit,
1285 4372 1406 4451 quin
1437 4375 1539 4417 nos
1562 4361 1916 4451 adumbrant,
1959 4382 2082 4432 nos,
2109 4349 2378 4443 inquam,-
2406 4374 2503 4445 qui
2551 4374 2963 4432 innovationem
2994 4349 3300 4449 per'ipsum
3325 4349 3689 4451 habemus—iet

519 4437 638 4507 ipso
656 4438 882 4496 odorem
909 4440 1227 4514 fragrantia:
1252 4445 1538 4505 oli‘erimus
1564 4465 1580 4516 ;
1613 4450 1734 4507 sine
1765 4468 1831 4508 eo
1859 4455 2006 4510 enim
2044 4455 2160 4512 ﬁeri
2185 4437 2524 4516 nullomodo
2556 4471 2760 4533 potest,
2788 4464 2932 4519 sicut
2960 4437 3064 4522 nec
3089 4437 3261 4538 spica!
3292 4476 3452 4525 nova
3476 4468 3599 4529 sine
3618 4465 3756 4528 simi-

517 4525 702 4599 lagine
727 4544 849 4585 esse
868 4538 1118 4600 possunt.
1153 4547 1281 4588 cum
1305 4535 1545 4605 impares
1583 4537 1695 4592 sint
1725 4538 2046 4614 similagini,
2075 4563 2196 4617 qua
2223 4563 2289 4602 ex
2319 4549 2506 4604 tritico
2534 4525 2774 4606 constat.
2808 4551 2987 4622 Supra
3020 4525 3140 4609 nos.
3164 4556 3318 4612 enim
3344 4567 3489 4625 erat,
3514 4559 3749 4632 quamvis

518 4623 782 4683 tanquam
814 4633 958 4674 unus
997 4629 1148 4676 esset
1184 4637 1252 4677 ex
1293 4623 1478 4680 nobis.
1529 4625 1778 4700 Denique
1807 4645 1936 4687 vero
1981 4636 2139 4704 panis
2187 4651 2408 4708 quoque
2440 4637 2558 4708 ipse
2584 4646 2690 4702 cst,
2722 4653 2993 4710 novaeque
3041 4623 3483 4714 conspersionisi
3527 4623 3748 4708 initium.

517 4706 984 4774 quemadmodum
1020 4709 1194 4764 Adam
1217 4711 1462 4780 antiquae
1491 4712 1595 4770 fuit
1628 4731 1641 4769 :
1675 4731 1862 4773 verum
1896 4719 1988 4776 hic
2025 4706 2245 4793 quidem
2269 4706 2718 4798 transgressione
2753 4706 2962 4783 invex—it
2992 4706 3252 4797 mortem,
3281 4732 3376 4789 ille
3394 4750 3526 4790 vero
3557 4738 3748 4790 sancti-

519 4794 728 4858 monia,
759 4795 945 4849 vitam.
975 4793 1193 4852 Revixit
1216 4799 1360 4853 enim
1398 4810 1575 4856 morte
1607 4805 1957 4871 conculcata,
1982 4818 2036 4863 et
2066 4819 2354 4881 assumpta
2378 4793 2726 4869 humanitate
2761 4814 3173 4885 incorruptibili
3237 4793 3606 4890 primitiarum
3635 4825 3739 4877 loco

519 4895 641 4936 sese
667 4880 814 4935 Patri
843 4884 1060 4938 obtulit.
1088 4888 1362 4950 Quocirca
1389 4904 1585 4959 panem
1615 4893 1671 4946 in
1700 4892 1920 4951 Sanctis
1961 4880 2277 4954 sanctorum
2341 4901 2664 4956 obtulerunt
2696 4903 2886 4958 etiam.
2911 4880 3060 4961 Pane
3096 4880 3255 4972 item:
3281 4911 3379 4980 qui
3405 4925 3434 4964 a
3460 4911 3746 4982 similaginis

520 4967 776 5024 diversus
801 4985 924 5025 esse
955 4972 1164 5036 debuit,
1196 4973 1425 5031 innuere
1457 4977 1651 5043 voluit,
1685 4979 1847 5036 iidem
1882 4983 2059 5054 reipsa
2085 4987 2499 5057 coprobatam
2535 4989 2641 5043 Deo
2671 4991 2968 5059 gratiorem
3003 5010 3151 5061 esse,
3203 4967 3347 5052 unde
3367 5007 3425 5054 et
3451 5012 3599 5053 esum
3629 4967 3740 5066 pro-

517 5056 698 5128 prium
716 5057 1000 5113 hominum
1034 5059 1265 5116 salutem
1299 5072 1482 5130 vocat,
1516 5080 1639 5135 quae
1674 5067 1808 5123 litin
1838 5068 1945 5126 ﬁde
1973 5079 2070 5126 aut
2115 5056 2303 5146 opere.

587 5188 741 5256 Quod
796 5200 977 5246 autem
1040 5190 1237 5246 attinet
1273 5192 1338 5246 ad
1399 5207 1688 5264 peccatum
1741 5200 2088 5272 ignorantia),

2267 5208 2401 5280 Περὶ
2435 5209 2535 5281 τῆς
2579 5210 2722 5265 κατὰ
2765 5211 2985 5282 ἄγνοιαν
3034 5216 3313 5286 ἁμαρτίας
3341 5218 3433 5272 τὸν
3459 5220 3620 5274 πάντα
3662 5235 3737 5272 κε-

516 5293 774 5339 cunctum
832 5283 1094 5355 populum
1164 5284 1435 5355 integrum
1491 5291 1683 5347 bovem
1763 5295 2042 5353 comburei

2208 5299 2345 5353 λεύει
2376 5302 2504 5355 λαὸν
2544 5303 2670 5372 βοῦν
2703 5303 3033 5359 ὁλοκαυτοῦν
3196 5310 3432 5382 χίμαρον
3452 5329 3465 5341 ·
3493 5311 3734 5379 ἀνηνέχθη

515 5376 740 5432 mandat
769 5392 894 5431 cum
922 5378 1095 5432 hirco.
1127 5375 1357 5435 Oblatns
1386 5389 1470 5436 est
1505 5382 1558 5437 in
1587 5384 1814 5440 odorem
1839 5388 2041 5444 suavita

2206 5390 2303 5462 γὰρ
2332 5393 2410 5456 εἰς
2448 5393 2624 5466 ὀσμὴν
2667 5396 2896 5462 εὐωδίας
2942 5375 3385 5477 Χριστδςίῦπέρ
3431 5402 3532 5457 τῶν
3573 5375 3732 5471 saepe

508 5570 514 5576 ν
583 5537 816 5596 “Rom.
857 5557 936 5605 Ill,
995 5542 1084 5598 '50.
1162 5542 1363 5601 "Luc.
1401 5562 1453 5614 κ,
1486 5546 1542 5601 2.
1624 5549 1852 5608 ".loan.
1919 5570 2051 5618 xm,
2103 5555 2192 5612 2i.
2277 5560 2319 5592 ⁵⁷
2350 5559 2550 5632 Ephcs.
2591 5579 2661 5633 ιι,
2704 5566 2756 5621 6.

2046 5668 2270 5727 ΝΟΤΑΕ.

583 5758 694 5830 (60)
738 5761 1200 5834 Προκηρύττεταε.
1246 5765 1306 5821 '0
1331 5770 1423 5839 τῆς
1452 5770 1592 5839 Ᾱὺγ.
1636 5771 1761 5829 κώδ.
