4090 6498
277 344 385 410 837
1385 340 1885 405 ΟΟΜΜΕΧΤΑΒΙ

1955 339 2036 401 ὶΝ
2072 339 2458 401 NUMEROS.
3459 336 3563 398 838

277 459 422 519 τιῶν
453 457 568 514 τῶν
605 455 897 529 ἡμετέρων
948 456 1139 512 παθών
1163 474 1176 489 ·
1218 457 1314 511 ἕνα
1355 458 1413 512 δὲ
1458 459 1709 525 ἕκαστον,
1745 453 1878 528 αἶγα

1944 501 1952 520 ι
1980 457 2053 511 tis
2081 455 2358 520 Christus,
2386 471 2510 512 eum
2538 471 2636 525 pro
2675 457 2914 526 peccatis
2941 454 3302 512 nostrisesset
3341 466 3559 524 passus.

283 549 452 618 μίαν·
488 548 713 602 ελαττον
742 546 852 616 γὰρ
892 541 981 613 αἲξ
1035 545 1184 618 βοὸς,
1217 545 1311 599 καὶ
1363 545 1553 616 θήλεια
1605 546 1865 617 ἄρρενος·

1976 547 2434 620 Unumqncmqne
2465 564 2596 604 vero
2616 565 2838 621 capram
2857 565 3053 606 unam.
3082 543 3260 603 Vilior
3292 545 3443 604 enim
3467 561 3563 600 ca-

281 642 407 706 ἑνὸς
433 641 546 713 γὰρ
567 641 628 695 τὸ
655 639 862 710 πλῆθος
891 639 1080 711 μεῖζον
1102 637 1199 692 καὶ
1223 638 1592 709 ἰσχυρότερον.
1634 657 1651 691 ι
1678 639 1870 692 Ἐκουο

1975 655 2074 712 pra
2118 642 2257 696 bove
2313 649 2418 707 est,
2479 639 2693 697 femella
2764 642 2902 698 item
2955 643 3224 698 masculo.
3254 641 3329 697 Ita
3391 641 3560 698 etiam

283 733 420 795 σίως
449 732 560 801 γὰρ
599 730 1027 803 ἁμαρτανόντων
1060 729 1240 800 ἡμῶν,
1275 729 1377 783 οὐκ
1403 728 1484 783 ἔτι
1529 729 1659 802 περὶ
1692 731 1874 802 ἁμαρ-

1974 749 2088 790 nno
2121 734 2308 805 aliquo
2343 743 2521 790 castus
2550 742 2706 791 totus
2731 736 2908 807 major
2951 746 3036 792 est
3068 745 3123 792 et
3150 737 3414 794 validior.-
3453 757 3472 790 ι
3494 737 3555 792 Si

279 824 409 888 τιας
431 823 798 878 ἀπολείπεται
832 822 1017 877 θυσία.
1053 840 1073 872 ι
1109 821 1256 884 Τοὺς
1287 819 1663 892 παρελθόντας
1699 821 1759 874 δὲ
1801 821 1873 874 τὰ

1973 826 2119 882 enim
2188 836 2390 898 sponte
2418 837 2625 884 etcum
2678 829 2961 884 voluntate
3011 845 3111 884 nos
3156 831 3556 901 delinquimus,

283 916 571 981 Μωῡσὲως
611 919 678 988 τῇ
714 915 784 969 δι’
827 915 1062 985 αἵματος
1123 913 1417 985 ἐπικουρίᾳ
1467 913 1758 985 προσάγει,
1800 915 1869 969 τὰ

1976 919 2189 974 nullum
2210 921 2450 990 amplius
2495 935 2594 991 pro
2624 923 2862 990 peccatis
2907 922 3243 976 sacrificium
3286 923 3557 994 reliquum

283 1009 526 1080 Χριστοῦ
548 1010 784 1078 κρείττω
811 1007 924 1060 τῶν
962 1008 1019 1058 ἐν
1047 1006 1201 1077 νόμῳ
1226 1005 1462 1070 δεικνύς.

1978 1010 2184 1079 ηι⁸⁶;›
2247 1028 2345 1068 eos
2401 1027 2538 1068 vero
2603 1014 2695 1083 qui
2752 1015 3232 1084 transgrediuntur
3297 1014 3557 1070 mandata

284 1101 453 1156 Mosis
496 1099 785 1170 sanguinis
837 1096 1099 1168 praesidio
1152 1095 1385 1151 attrahit
1437 1115 1451 1152 :
1504 1110 1569 1153 ea
1631 1105 1753 1167 qua:
1818 1094 1875 1151 in
1911 1095 2133 1155 Christo
2155 1109 2283 1156 sunt
2313 1101 2382 1157 iis
2427 1114 2552 1172 quae
2585 1107 2714 1157 sunt
2745 1102 2799 1156 in
2830 1103 2948 1174 lege
2983 1105 3195 1174 potiora
3272 1120 3398 1162 esse
3458 1105 3558 1162 de-

283 1195 630 1243 monstrans.

349 1306 552 1358 Anima
577 1304 914 1375 qmealiquid
948 1304 1135 1374 fecerit
1165 1319 1258 1374 per
1308 1319 1524 1357 manum
1579 1303 1881 1372 superbam,
1938 1305 2047 1360 etc.
2102 1303 2318 1362 Peccati
2364 1306 2634 1363 mortiferi
2664 1323 2822 1378 poena
2853 1324 3003 1365 mors
3041 1319 3148 1367 est.
3199 1311 3556 1370 Athristus

283 1391 546 1446 omnibus
567 1392 634 1446 ad
663 1399 892 1445 mortem
923 1406 1032 1446 non
1067 1391 1518 1462 delinquentibus
1570 1390 1772 1446 delicta
1828 1407 1928 1446 sua
1974 1392 2227 1446 dimittit.
2278 1390 2608 1464 llujusntodi
2673 1395 2777 1450 fuit
2811 1397 2931 1468 ejus
2963 1399 3056 1468 qui
3097 1400 3233 1470 legis
3260 1405 3554 1473 praeceptis

283 1479 552 1550 neglectis
586 1480 730 1547 ligna
757 1479 980 1548 collegit
1003 1476 1269 1533 Sabbato.
1332 1475 1490 1544 Quod
1521 1475 1747 1548 quidem
1780 1493 1892 1533 non
1924 1481 2241 1550 arrogantia
2275 1480 2434 1551 fecit,
2467 1493 2658 1539 verum
2690 1485 2821 1555 quia
2854 1485 3052 1541 borum
3103 1488 3554 1546 observationem

281 1578 550 1637 tanquam
578 1568 804 1623 minime
838 1567 1208 1624 necessariam
1248 1567 1402 1637 parvi
1427 1569 1636 1637 pendit,
1692 1583 1872 1638 neque
1907 1562 2145 1625 attendit
2183 1567 2538 1642 spiritualem
2583 1581 2807 1630 sensum
2831 1575 2885 1631 in
2919 1576 3070 1634 hisce
3097 1577 3325 1635 subesse
3365 1580 3552 1636 rebus.

279 1657 742 1726 Acorporalibus
791 1655 938 1709 enim
997 1654 1483 1709 observationibus
1510 1669 1586 1708 ex
1620 1654 1852 1709 rationis
1886 1655 2153 1714 instinctu
2206 1673 2432 1716 vacasse
2479 1675 2699 1733 semper
2746 1663 2925 1718 fraudi
2982 1664 3105 1730 fuit,
3162 1668 3556 1738 sapientiaque

281 1745 490 1801 obfuit.
518 1747 848 1802 Continebat
884 1761 1014 1801 vero
1042 1745 1312 1815 septimus
1341 1745 1430 1800 ille
1475 1743 1594 1800 dies
1647 1744 1943 1816 imaginem
1991 1748 2116 1802 vitm
2169 1748 2504 1818 tranquillae,
2557 1749 2759 1819 quazin
2798 1752 3166 1807 sanctimonia
3217 1755 3553 1811 consisteret

282 1853 524 1909 quaeque
564 1839 855 1892 verissime
888 1837 942 1891 in
971 1835 1160 1891 futuro
1211 1835 1317 1892 erit
1353 1849 1491 1890 aevo.
1549 1833 1777 1890 Sabbati
1812 1843 1991 1888 autem
2031 1837 2404 1907 transgressio
2433 1836 2597 1893 fiebat
2623 1847 2676 1892 et
2705 1853 2802 1908 per
2832 1839 3340 1906 circu‘mcisionem,
3376 1851 3430 1896 et
3462 1857 3556 1898 sa-

281 1927 520 1982 crificia.
548 1925 666 1992 Quo
701 1925 879 1995 majus
908 1925 1170 1996 quiddam
1203 1924 1559 1990 innuebatur,
1588 1923 1830 1979 cessatio
1858 1922 2115 1980 videlicet
2149 1925 2217 1981 ab
2248 1926 2508 1994 operibus
2547 1927 2889 1992 carnalibus,
2947 1928 3232 2000 studiique
3260 1939 3313 1984 et
3347 1923 3553 1989 laboris

281 2016 462 2072 divini
496 2024 714 2087 tempus
745 2032 871 2072 esse
897 2031 1064 2071 nunc.
1110 2014 1383 2070 Caeterum
1414 2015 1692 2085 lignorum
1740 2012 2024 2068 aridorum
2049 2013 2326 2077 collectio,
2361 2014 2640 2084 significat
2675 2014 2918 2069 studium
2944 2015 3089 2086 quod
3117 2031 3345 2087 Operum
3384 2021 3552 2074 cada-

282 2108 515 2164 veribus
558 2108 917 2179 impenditur.
966 2107 1124 2174 Quod
1179 2108 1401 2179 quidem
1434 2122 1577 2176 opus
1618 2107 1832 2162 exilius
1889 2113 1974 2161 est
2005 2118 2070 2158 eo
2097 2117 2207 2172 quo
2230 2101 2476 2156 Adamus
2516 2101 2649 2170 ligni
2679 2102 2806 2157 vita:
2850 2105 3191 2173 appetitione
3227 2105 3496 2161 laboravit
3532 2116 3554 2163 ἐ

286 2197 444 2250 illum
469 2211 614 2251 enim
649 2197 958 2252 necessitas
989 2204 1044 2250 et
1071 2211 1210 2252 usus
1237 2196 1458 2249 futurus
1489 2194 1694 2264 adegit,
1747 2193 1893 2248 hunc
1927 2205 2140 2264 praecox
2173 2187 2450 2260 quoddam
2488 2191 2759 2254 studium,
2790 2201 2843 2245 et
2869 2192 2981 2246 otio
3021 2191 3249 2262 quidem
3275 2196 3553 2265 corporali

285 2285 539 2340 deterius
567 2302 582 2348 ;
615 2292 843 2354 prastat
867 2284 1012 2339 enim
1043 2285 1111 2339 ab
1138 2299 1307 2355 opere
1335 2297 1579 2348 cessare,
1603 2297 1766 2352 quam
1796 2292 2142 2336 mortuorum
2175 2295 2405 2350 operum
2435 2280 2624 2335 studio
2681 2279 3003 2336 exanimare
3047 2284 3315 2348 animum,
3350 2291 3404 2338 et
3427 2301 3553 2354 pec-

285 2381 540 2426 catorum
572 2371 809 2426 flamma:
840 2371 1130 2425 materiam
1153 2384 1470 2440 suggerere.
1509 2369 1808 2423 Sabbatum
1837 2373 2020 2439 itaque
2048 2377 2135 2424 est
2162 2367 2335 2421 otium
2363 2367 2577 2432 mundi,
2606 2366 2967 2423 circumcisio
2990 2383 3123 2424 vero
3151 2379 3238 2424 est
3274 2372 3555 2428 involucri

287 2460 518 2524 ablatio,
549 2459 710 2529 juxta
741 2459 878 2514 illud
908 2474 924 2513 :
957 2479 975 2511 ι
1000 2457 1256 2514 Edocebo
1309 2473 1508 2529 pravos
1538 2459 1656 2513 vias
1703 2460 1912 2513 tuas".
1936 2476 1954 2509 ι
1990 2457 2066 2510 Ac
2101 2455 2418 2525 bujusmodi
2458 2453 2526 2509 ad
2557 2454 2732 2509 Deum
2786 2466 3049 2527 tanquam
3095 2458 3239 2514 dona
3276 2461 3556 2516 adducere

286 2556 532 2618 Oportet,
557 2547 661 2603 ista
692 2547 840 2602 enim
867 2558 950 2601 est
973 2547 1328 2601 victimarum
1357 2545 1592 2602 oblatio.
1624 2544 1900 2601 Caeterum
1956 2545 2175 2616 operari
2237 2543 2466 2608 mundo,
2510 2558 2786 2614 sacraque
2842 2544 3030 2600 divina
3060 2562 3184 2617 qua:
3210 2546 3264 2602 in
3300 2549 3556 2606 homines

287 2635 558 2701 conferri,
589 2644 645 2690 et
674 2635 742 2689 ad
771 2636 1038 2690 honorem
1078 2633 1322 2690 nominis
1347 2633 1521 2690 divini
1549 2633 1748 2689 referri
1781 2634 2004 2698 debent,
2035 2634 2312 2695 omittere,
2367 2631 2484 2687 haec
2516 2641 2602 2687 est
2632 2630 2862 2687 violatio
2909 2637 3252 2690 sacrosancti
3292 2634 3547 2702 Sabbati,

286 2721 458 2795 ωε
499 2732 553 2778 et
581 2720 1024 2778 circumcisionis
1044 2731 1096 2778 et
1133 2721 1418 2776 sacrilleii.
1479 2719 1751 2787 Quocirca
1778 2735 1998 2792 poenam
2051 2719 2233 2776 reddit
2278 2720 2550 2791 exemplo,
2584 2719 2654 2775 iis
2685 2721 2778 2791 qui
2815 2722 2871 2776 in
2909 2723 3022 2776 vita
3047 2737 3150 2777 sua
3180 2724 3371 2779 carnis
3403 2726 3545 2781 ritus

286 2821 352 2866 et
392 2812 691 2882 perniciem
744 2819 1038 2882 peragunt.
1095 2807 1316 2864 Nullum
1354 2824 1486 2866 vero
1524 2810 1706 2865 adhuc
1754 2816 1971 2864 certum
2023 2807 2358 2880 supplicium
2405 2806 2947 2864 Sabbativiolationi
2988 2817 3107 2864 erat
3159 2812 3554 2878 constitutum,

290 2901 760 2970 quemadmodum
805 2899 860 2955 in
907 2898 1225 2954 actionibus
1274 2899 1344 2954 iis
1393 2913 1520 2954 cum
1551 2898 1758 2968 quibus
1803 2905 2002 2952 natura
2054 2903 2285 2968 pugnat,
2336 2895 2604 2959 caadibus,
2663 2895 2948 2952 veneficiis
2998 2897 3282 2954 videlicet.
3342 2898 3556 2966 Quibus

281 2989 498 3056 justam
529 2998 584 3044 et
609 2987 864 3044 idoneam
892 3002 1112 3058 pinnam
1137 2995 1337 3042 natura
1365 2985 1634 3042 decrevit.
1670 2986 1872 3041 Verum
1928 2984 2212 3040 enimvero
2235 2983 2463 3038 Sabbati
2492 2983 2755 3038 delictum
2787 2982 3138 3040 manifestam
3171 3001 3280 3041 non
3318 2987 3555 3043 habebat

289 3076 542 3146 culpam,
573 3084 760 3146 utpote
787 3091 911 3147 qua:
935 3091 997 3132 se
1021 3083 1245 3130 tandem
1271 3075 1326 3130 in
1348 3087 1581 3130 auctore
1609 3073 1903 3145 prodebat,
1930 3087 2060 3128 cum
2094 3087 2238 3126 unus
2269 3087 2337 3127 ex
2361 3071 2488 3128 aliis
2514 3071 2776 3127 omnibus
2802 3069 2858 3127 in
2886 3071 3060 3144 legem
3082 3073 3408 3146 delinquere
3443 3092 3556 3132 non

290 3164 578 3222 extimuit.
600 3162 834 3236 Insuper
860 3179 992 3219 vero
1042 3171 1242 3218 cuncta
1293 3177 1386 3218 ars
1422 3162 1773 3225 mechanica,
1804 3170 2049 3231 quaastns
2083 3163 2210 3217 item
2231 3163 2325 3233 qui
2360 3162 2510 3217 circa
2530 3173 2904 3217 commeatum
2936 3172 2990 3218 et
3013 3163 3193 3220 victus
3226 3165 3558 3236 acquisitit»

291 3268 425 3308 nem
449 3260 761 3318 versantur,
797 3252 916 3306 sive
947 3249 1093 3321 ignis
1126 3265 1294 3320 opera
1326 3249 1446 3306 sive
1476 3251 1620 3304 citra
1645 3263 1766 3305 eam
1797 3249 1950 3316 fiant,
1973 3251 2232 3322 quocirca
2263 3251 2427 3307 etiam
2462 3257 2610 3304 vetat
2635 3249 2887 3320 septimis
2911 3250 3106 3306 diebus
3131 3253 3312 3322 ignem
3347 3255 3540 3309 incen-

293 3341 455 3407 dere,
483 3349 744 3411 tanquam
794 3354 1026 3410 operum
1085 3353 1312 3394 causam
1364 3337 1726 3408 ipsissimam.
1793 3337 1967 3392 Porro
2024 3340 2168 3410 ignis
2224 3339 2454 3394 materia
2510 3339 2656 3410 ligna
2709 3347 2862 3406 sunt,
2908 3340 3141 3410 proinde
3176 3342 3223 3397 is
3254 3343 3349 3412 qui
3402 3343 3555 3412 ligna

293 3438 602 3499 congregat
633 3443 741 3483 non
775 3427 976 3482 minori
1009 3427 1170 3498 culpa
1205 3441 1264 3482 se
1293 3427 1618 3496 obstringit,
1643 3442 1807 3496 quam
1835 3427 1929 3495 qui
1966 3427 2144 3498 ignem
2172 3427 2224 3480 in
2248 3425 2502 3481 ﬂammas
2523 3425 2802 3480 concitat.

377 3515 443 3571 Et
481 3517 684 3586 faciant
711 3515 813 3569 sibi
834 3515 964 3584 ipsis
986 3514 1255 3585 ﬁmbrias,
1281 3522 1386 3569 etc.
1420 3511 1564 3585 [ΧΥ.
1588 3511 1706 3585 38.]
1744 3513 2028 3585 Supplicio
2059 3514 2182 3583 ejus
2209 3515 2302 3584 qui
2337 3513 2640 3568 Sabbatum
2676 3529 2786 3568 non
2818 3514 3135 3570 observavit
3163 3517 3554 3574 mandatorum

298 3605 399 3660 Dei
431 3604 912 3668 commentarium,
947 3617 1016 3658 ne
1050 3617 1149 3672 par
1183 3601 1390 3656 oblivio
1421 3616 1616 3656 eorum
1663 3602 1826 3657 nobis
1857 3618 2079 3673 quoque
2110 3602 2360 3671 obrepat,
2399 3602 2709 3673 subjungit.
2751 3601 2961 3658 Natura
3027 3604 3174 3659 enim
3233 3621 3329 3674 per
3366 3620 3426 3661 se
3460 3602 3548 3661 in-

297 3693 576 3751 serviendi
637 3692 892 3748 humanae
920 3690 1285 3746 imbecillitati
1326 3698 1412 3746 est
1471 3705 1765 3762 propensa,
1797 3692 1930 3760 quin
1961 3699 2016 3746 et
2050 3691 2390 3745 monimento
2426 3689 2570 3760 quod
2605 3706 2634 3743 a
2665 3699 2812 3746 terra
2869 3705 3094 3746 sursum
3122 3689 3178 3746 in
3213 3693 3417 3747 cmlum
3451 3711 3554 3750 nos

295 3782 470 3838 ducat
499 3780 765 3836 habemus
793 3794 954 3850 opus.
983 3777 1154 3847 Cujus
1190 3777 1268 3832 rei
1296 3776 1584 3848 figuratam
1611 3777 1946 3834 mentionem
1983 3776 2112 3832 facit
2156 3777 2515 3849 hyacinthina
2557 3779 2716 3846 vitta,
2757 3793 2879 3851 qua:
2910 3779 3221 3834 claritatem
3255 3782 3553 3851 quamdam

297 3883 431 3926 cum
461 3868 800 3926 obscuritate
827 3867 1181 3937 conjunctam
1215 3881 1327 3937 prae
1359 3881 1419 3922 se
1451 3865 1684 3928 ferebat,
1719 3867 1776 3920 in
1809 3864 2179 3935 profunditate
2211 3882 2307 3922 seu
2338 3866 2573 3923 inferius
2611 3868 2915 3937 aquileium
2969 3868 3232 3939 quiddam
3273 3869 3556 3927 referebat

301 3957 712 4027 tremulumque
739 3965 794 4011 et
824 3955 1034 4025 largum
1067 3954 1416 4024 splendorem
1443 3953 1756 4008 emittebat.
1787 3954 1954 4024 Atqui
1985 3970 2016 4010 e
2052 3957 2242 4009 dextra
2288 3969 2409 4009 eam
2447 3970 2773 4025 suspensam
2813 3970 2941 4011 esse
2995 3957 3266 4026 Oportuit,
3309 3967 3368 4012 ut
3398 3958 3552 4013 indi-

299 4053 524 4103 caretur
544 4044 807 4100 nimirum
847 4056 1073 4099 sensum
1111 4040 1280 4096 animi
1338 4041 1664 4098 rationalem
1730 4056 1856 4097 esse
1907 4039 2129 4107 debere,
2178 4041 2463 4114 legemque
2517 4044 2839 4097 dextrorum
2896 4057 3128 4112 operum
3191 4043 3549 4101 dictatricem

298 4134 595 4190 exsistere.
629 4130 1056 4202 Amplificarunt
1084 4129 1351 4186 Pharisaei
1385 4128 1632 4184 ﬁmbrias
1663 4144 1793 4184 suas
1817 4135 1873 4184 et
1909 4128 2250 4200 phylacteria
2285 4128 2616 4196 dilatarunt,
2650 4129 2756 4184 hoc
2808 4140 2914 4194 est,
2965 4130 3265 4201 pugillares
3293 4146 3323 4186 e
3357 4131 3550 4191 dextra

301 4233 628 4292 suspensos,
657 4218 944 4289 legemque
969 4225 1164 4288 argute
1190 4217 1560 4275 continentes.
1601 4215 1805 4273 Verum
1866 4216 2048 4272 inanis
2083 4217 2271 4286 gloria:
2297 4232 2487 4283 causa,
2525 4217 2993 4288 quemadmodum
3045 4218 3226 4289 inquit
3266 4217 3545 4276 Christus.

301 4311 446 4368 Fieri
476 4313 627 4368 enim
655 4316 836 4380 potest
861 4316 919 4363 ut
951 4310 1078 4380 quis
1106 4324 1202 4380 per
1226 4309 1398 4379 legem
1426 4309 1643 4380 culpam
1678 4309 1980 4370 subintret,
2015 4305 2060 4360 si
2093 4304 2350 4360 videlicet
2379 4319 2500 4359 eam
2552 4320 2663 4359 non
2709 4303 2814 4359 rite
2843 4306 3357 4377 convenienterque
3387 4323 3552 4362 usur-

298 4409 412 4471 pet.
444 4399 564 4464 Qua
620 4397 880 4452 nimirum
921 4395 1200 4451 sententia
1229 4393 1487 4450 Solomon
1516 4394 1649 4450 illud
1682 4394 1880 4450 extulit
1915 4415 1930 4451 :
1962 4413 1982 4448 ι
2008 4393 2200 4451 Justus
2242 4396 2381 4464 perit
2413 4393 2472 4448 in
2496 4394 2715 4464 justitia
2739 4410 2836 4450 sua
2864 4394 2950 4461 “.l
2971 4411 2990 4446 ι
3031 4395 3303 4451 Caeterum
3361 4397 3548 4466 justus

300 4503 413 4542 non
445 4486 656 4556 indiget
687 4494 836 4548 nota,
875 4498 1030 4546 nam,
1062 4490 1120 4536 ut
1151 4497 1278 4538 cum
1309 4481 1514 4539 Davide
1568 4483 1885 4550 loquamur,
1924 4502 1943 4538 ι
1964 4483 2078 4540 Lex
2107 4483 2204 4541 Dei
2246 4485 2420 4555 ipsius
2452 4485 2509 4539 in
2538 4483 2708 4539 corde
2735 4484 2913 4555 ipsius
2940 4491 3048 4547 est,
3083 4484 3318 4555 proinde
3346 4501 3552 4556 passus

297 4578 422 4646 ejus
441 4590 554 4630 non
588 4573 1166 4630 labefactabuntur“.
1206 4590 1224 4623 ι

369 4663 507 4717 Ecce
539 4671 716 4716 autem
737 4659 869 4717 Core
907 4660 1055 4728 [ilius
1086 4657 1271 4725 Isaar,
1296 4659 1399 4728 ﬁlii
1432 4659 1626 4724 Caath,
1660 4668 1766 4715 etc.
1797 4656 1964 4731 μανι,
1997 4657 2074 4730 1.]
2107 4659 2409 4729 lnsurgunt
2434 4666 2626 4712 contra
2654 4656 2845 4712 Mosen
2881 4658 3092 4728 posteri
3119 4659 3295 4727 ipsius
3328 4657 3544 4726 Ruben,

295 4767 364 4808 eo
388 4750 538 4822 quod
570 4765 636 4804 ex
661 4748 1030 4822 primogenito
1055 4746 1296 4802 filiorum
1334 4748 1501 4802 Israel
1564 4756 1754 4803 essent
1809 4746 2058 4811 oriundi,
2116 4746 2576 4814 arbitranturque
2628 4761 2856 4814 regnum
2889 4745 2955 4798 ad
2985 4762 3066 4811 se,
3102 4755 3291 4815 utpote
3333 4747 3540 4800 tribum

298 4855 327 4893 a
366 4836 736 4909 primogenito
791 4834 1173 4898 constitutam,
1207 4834 1501 4904 pertinere.
1537 4834 1843 4906 lnsurgunt
1867 4835 1996 4890 item
2029 4835 2287 4888 Aaronici
2324 4850 2388 4888 ex
2415 4832 2587 4888 Caath
2648 4832 2886 4886 filiorum
2921 4831 3046 4886 Levi
3083 4833 3546 4902 praestantissimo

297 4927 413 4982 nati
447 4926 722 4988 videlicet,
758 4937 788 4977 a
821 4937 932 4992 quo
961 4919 1100 4974 ordo
1137 4922 1494 4977 sacerdotalis
1529 4923 1800 4992 originem
1857 4936 2008 4978 suam
2041 4923 2227 4992 cepit;
2263 4935 2500 4990 persona
2545 4920 2693 4974 enim
2728 4935 2855 4973 vasa
2889 4935 3047 4974 sacra
3085 4921 3343 4988 portandi
3379 4938 3547 4992 super

298 5013 570 5075 humeris,
595 5011 878 5081 sacrisque
905 5007 1172 5080 operandi
1211 5008 1571 5079 eisimposita
1606 5010 1727 5063 fuit.
1768 5010 2000 5079 Insuper
2035 5011 2134 5064 viri
2167 5009 2398 5072 nobiles,
2437 5009 2531 5078 qui
2564 5008 2724 5062 statis
2760 5009 3106 5078 temporibus
3138 5009 3190 5061 in
3221 5013 3544 5063 concionem

297 5099 661 5154 vocabantur.
693 5097 960 5154 Proceres
993 5097 1196 5154 etenim
1232 5113 1448 5166 semper
1497 5107 1856 5154 consectatur
1911 5098 2131 5165 vulgus.
2203 5097 2613 5164 Conspirarunt
2685 5106 2866 5148 autem
2934 5098 3292 5163 quantumvis
3343 5112 3543 5149 recens

301 5187 546 5240 infelicis
580 5187 1030 5254 conspirationis,
1054 5201 1220 5256 quam
1259 5185 1431 5239 Maria
1458 5194 1512 5240 et
1544 5187 1724 5240 Aaron
1763 5195 1950 5239 contra
1983 5183 2189 5238 MOsem
2234 5184 2501 5246 fecerant,
2535 5184 2799 5237 haberent
2841 5184 3176 5252 exemplum.
3211 5182 3315 5236 Sed
3351 5183 3547 5252 hujus-

302 5273 448 5327 tnodi
471 5273 724 5326 turbines
746 5283 799 5326 et
822 5272 1021 5327 fluctus
1048 5274 1103 5328 in
1127 5275 1296 5328 rebus
1324 5273 1951 5328 humanisimmoderata
1977 5272 2237 5342 regnandi
2266 5271 2458 5335 libido,
2478 5272 2796 5340 invidiaque
2821 5281 3154 5334 commovet,
3176 5273 3398 5340 aliaque
3427 5289 3546 5343 quae

306 5364 390 5418 bis
416 5369 864 5432 consequuntur,
899 5363 1125 5418 excitat.
1156 5364 1343 5435 Itaque
1381 5379 1490 5418 non
1518 5365 1615 5419 abs
1646 5379 1703 5419 re
1731 5377 1919 5418 vocem
1946 5362 2096 5416 illam
2126 5360 2385 5416 Servator
2416 5359 2648 5430 protulit
2669 5377 2709 5412 ει
2738 5356 2781 5412 Ο
2805 5359 3216 5430 generationem
3243 5373 3464 5428 pravam
3492 5369 3546 5413 et

303 5451 613 5506 adulteram
634 5449 704 5505 ".
735 5469 754 5501 ι
800 5451 932 5506 Item
966 5469 980 5506 :
1017 5471 1034 5503 r
1064 5449 1120 5505 Si
1153 5452 1322 5522 igitur
1351 5467 1474 5517 vos,
1505 5453 1597 5522 qui
1627 5452 1755 5506 mali
1786 5451 1944 5516 estis,
1977 5466 2205 5504 munera
2232 5450 2375 5505 bona
2407 5449 2606 5504 liberis
2635 5458 2742 5503 vest
2758 5450 2833 5502 ris
2867 5448 2999 5501 dare
3035 5447 3494 5504 consuevistis".
3521 5467 3538 5498 ι

305 5541 442 5597 llinc
473 5543 695 5598 beatum
731 5542 885 5598 illum
920 5556 1046 5599 esse
1068 5542 1355 5612 praedicat,
1383 5543 1477 5614 qui
1511 5541 1832 5597 affectiones
1883 5538 2202 5611 bujusmodi
2230 5553 2260 5592 a
2293 5539 2402 5592 vita
2435 5553 2533 5594 sua
2560 5537 2799 5600 abdicat,
2834 5533 3230 5607 Christumque
3258 5536 3452 5590 ducem
3487 5536 3543 5589 in

391 5712 436 5743 ⁸⁸
470 5711 634 5768 Hebr.
666 5727 719 5777 κ,
747 5709 840 5767 26.
918 5713 963 5745 ⁸⁸
999 5711 1143 5770 Psal.
1170 5727 1222 5778 ι,
1266 5712 1354 5768 15.
1431 5711 1475 5744 ⁸⁵
1513 5711 1660 5768 Eccl.
1711 5729 1804 5778 vn,
1851 5713 1916 5768 l6

307 5781 352 5813 ⁸³
394 5781 586 5837 Matth.
631 5783 846 5846 vn,ll.

1930 5753 1936 5768 .
2017 5713 2056 5745 "
2099 5709 2241 5767 Psal.
2274 5725 2462 5772 xxxvi,
2496 5706 2584 5761 51.
2686 5707 2730 5738 "
2759 5704 2948 5760 Matth.
2986 5720 3084 5772 stt,
3153 5707 3222 5764 39
3283 5715 3334 5763 et
3389 5706 3545 5762 alibi.
