4090 6506
283 403 380 468 841
1388 403 1921 465 COMMENTARII
1964 403 2045 464 ΙΝ
2077 403 2466 464 NUMEROS.
3463 414 3567 477 852

282 529 395 589 τοῖς
451 525 634 589 ἄλλοις
687 525 994 596 ἀποστῆναι
1042 525 1152 579 τῶν
1204 524 1579 590 ἀσεϐούντων,
1615 527 1688 598 μή
1748 541 1897 591 πως,

1969 537 2188 596 quoque
2247 520 2480 576 interire
2531 519 2664 576 sinit
2718 537 3153 594 nonnunquam,
3208 527 3568 596 quemadmo-

288 617 748 688 συναναιρεθῶσιν
801 617 1007 682 αὐτοῖς.
1064 617 1254 682 Οὕτως
1299 616 1640 671 ἐπικίνδυνον
1695 616 1866 686 ἡτῶν

1973 619 2102 674 dum
2141 613 2351 669 Acbani
2395 621 2642 684 tempore
2683 629 2794 684 quo
2846 625 3112 672 cunctum
3167 618 3428 687 populum
3459 634 3565 674 non

285 708 474 766 κακῶν
515 708 779 782 ἑταιρεία.

1976 705 2096 760 sine
2140 704 2261 775 ejus
2316 705 2608 759 commodo
2656 713 2713 760 et
2743 705 3016 774 utilitate,
3079 715 3149 774 ut,
3199 710 3250 762 in
3311 720 3563 764 auctores

286 802 573 873 inquirere
613 810 669 859 et
717 801 992 873 indignari
1033 808 1248 874 posset,
1276 800 1529 858 videlicet
1561 801 1616 856 in
1651 799 1956 872 periculum
2003 798 2246 855 adduxit.
2280 796 2423 854 Hinc
2495 799 2662 854 etiam
2728 800 2867 856 alios
2904 801 2974 855 ab
3049 803 3234 874 impiis
3308 803 3568 860 secedere

280 894 462 966 jubet,
511 911 580 952 ne
624 896 766 952 forte
799 911 925 951 cum
967 895 1077 951 illis
1101 895 1521 953 exscindautur.
1546 893 1682 950 Tam
1720 893 2030 968 periculosa
2057 901 2110 950 et
2142 893 2393 965 lugubris
2440 906 2530 948 res
2575 893 2952 963 improborum
3000 897 3238 953 societas
3280 906 3388 955 est.

354 1007 416 1062 In
450 1007 689 1063 medium
733 1005 900 1080 igitur
929 1007 1252 1075 deveniunt,
1294 1015 1356 1062 ut
1391 1006 1637 1064 omnium
1667 1006 1847 1063 oculis
1877 1013 2065 1062 essent
2094 1004 2403 1076 conspicui,
2437 1006 2928 1080 spectaculumque
2966 1009 3147 1081 ipsum
3196 1013 3560 1070 eruditionem

279 1101 525 1164 pareret.
558 1093 726 1150 Addit
752 1093 898 1150 enim
934 1111 949 1149 :
989 1111 1008 1147 ι
1043 1093 1405 1163 Cognoscetis
1440 1095 1588 1169 quod
1622 1093 1875 1152 homines
1908 1094 1999 1151 isti
2031 1093 2319 1149 irritarunt
2351 1092 2544 1150 Deum.
2584 1112 2605 1146 ›

357 1229 562 1283 Ἐδεῖτο
593 1228 706 1300 (65)
732 1231 829 1286 καὶ
857 1231 1019 1300 λόγου
1042 1232 1441 1304 προδηλοῦντος
1469 1233 1528 1286 τὸ
1557 1232 1718 1306 ἔργον
1736 1247 1753 1265 ο
1782 1231 1870 1287 ἵνα

2050 1229 2320 1287 Oratione
2343 1232 2490 1287 enim
2517 1246 2738 1303 quoque
2767 1248 2907 1305 opus
2927 1244 3045 1292 erat
3072 1253 3195 1309 qua
3224 1239 3427 1298 factum
3468 1241 3562 1300 Dei

275 1319 561 1393 ιμφανίζῃ
615 1320 752 1376 Θεοῦ
795 1320 1042 1394 γνώμην,
1085 1326 1183 1379 καὶ
1229 1323 1306 1397 μὴ
1352 1325 1667 1397 συνάντημα
1715 1324 1869 1397 νομί-

1973 1324 2453 1396 interpretaretur,
2471 1325 2718 1397 adeoque
2747 1328 3038 1384 consilium
3063 1331 3185 1400 ejus
3207 1334 3560 1403 patefaceret,

275 1409 468 1484 ζηται.
1972 1419 2278 1490 quominus
2299 1433 2464 1474 casus
2487 1419 2688 1489 aliquis
2708 1419 2970 1479 fortuitus
2984 1439 3108 1478 esse
3126 1426 3560 1485 existimaretur.

358 1505 748 1562 ⁹Εζιιιιανιῖστατιιι
783 1508 817 1580 ἡ
853 1507 1031 1572 κτίσις
1071 1511 1186 1574 τοῖς
1212 1508 1668 1581 ἐπανισταμένοις
1704 1505 1824 1579 Θεῷ
1846 1521 1861 1538 ·

2039 1507 2288 1585 ωεει
2310 1508 2548 1578 absorpta“
2569 1521 2744 1565 sunta
2775 1523 2937 1567 terra.
2979 1512 3142 1586 [XVI,
3165 1515 3282 1590 33.]
3304 1518 3563 1576 Commo-

277 1598 382 1653 καὶ
411 1600 440 1652 ὁ
469 1598 702 1664 θάνατος
727 1601 1083 1672 πικρότατος,
1115 1598 1228 1666 οἷος
1255 1605 1284 1657 ὸ
1310 1603 1583 1673 δαιμόνων
1604 1619 1619 1633 °
1647 1601 1696 1656 οἳ
1730 1604 1867 1668 ζῶν-

1968 1607 2058 1654 vet
2087 1601 2233 1654 enim
2262 1614 2386 1656 sese
2420 1600 2626 1657 fabrica
2672 1611 2861 1658 contra
2894 1620 2991 1660 eos
3032 1606 3125 1677 qui
3164 1620 3354 1664 contra
3395 1610 3561 1668 Deum

276 1704 377 1752 τες
409 1691 486 1750 εἰς
542 1687 670 1760 ᾅδου
711 1690 1139 1762 καταϐήσονται.
1185 1693 1310 1757 Τοῖς
1342 1692 1399 1745 δὲ
1436 1694 1867 1764 προηγουμένοις

1970 1689 2150 1760 ipsum
2184 1689 2398 1745 fabrum
2445 1692 2761 1763 insurgunt,
2807 1704 3087 1767 morteque
3119 1699 3474 1757 acerbissima
3502 1717 3566 1760 ac

279 1777 603 1832 συνελκεται
661 1780 730 1833 τὰ
785 1782 1249 1852 ἀκολουθήματα,
1311 1779 1450 1838 οῐκοι
1515 1784 1611 1838 καὶ
1668 1786 1862 1858 κτήνη.

1973 1783 2378 1854 propemodum
2409 1785 2708 1842 daemonica
2733 1789 2839 1843 vivi
2871 1789 2938 1844 ad
2966 1790 3175 1848 inferos
3200 1794 3559 1852 descendent.

281 1886 305 1920 ε
333 1867 756 1937 Ἐξελεύσονται,
782 1873 965 1942 φησιν,
986 1848 1281 1940 οἱ-ἀγγελοι
1301 1873 1397 1926 καὶ
1427 1871 1718 1944 ἀφοριοῦσι
1737 1848 1862 1939 τοὺς

1969 1848 2141 1931 i’orro
2189 1892 2314 1932 cum
2349 1877 2486 1949 ipsis
2515 1880 2838 1949 proceribus
2869 1883 3105 1953 abrepta:
3137 1895 3267 1940 sunt
3305 1885 3560 1954 fortunm,

275 1958 500 2025 ἀσεϐεῖς
528 1962 592 2015 ἐκ
621 1962 787 2033 μέσου
808 1961 914 2016 τῶν
932 1963 1175 2028 δικαίων,
1196 1963 1290 2018 καὶ
1321 1962 1644 2018 ἐκϐαλοῦσιν
1669 1965 1868 2032 αὐτοὺς

1971 1965 2169 2021 domus
2223 1974 2279 2023 et
2323 1983 2547 2039 pecora,
2578 1970 2721 2025 sicut
2751 1973 3016 2043 scriptum
3045 1984 3128 2030 est
3162 1991 3176 2029 :
3212 1995 3231 2028 ι
3261 1977 3563 2048 Egredien-

274 2051 366 2114 εις
391 2050 454 2104 τὸ
489 2051 678 2118 σκότος
716 2052 778 2107 τὸ
827 2052 1114 2124 ἐξώτερον.
1147 2073 1166 2108 ι
1203 2055 1502 2127 Ἕνδειγμα
1549 2055 1656 2129 γὰρ
1693 2058 1866 2114 ταῦτα

1970 2064 2061 2112 tur
2087 2058 2269 2130 angeli
2306 2067 2361 2115 et
2402 2060 2601 2132 impios
2634 2078 2664 2117 e
2694 2064 2870 2118 medio
2892 2065 3170 2134 iustorum
3203 2070 3559 2140 separabunt,

275 2140 379 2195 τοῦ
409 2142 616 2209 τέλους.
1966 2165 2172 2221 eosque
2215 2153 2267 2206 in
2319 2155 2573 2210 tenebras
2605 2157 2905 2212 exteriores
2946 2159 3187 2228 ejicient.
3218 2161 3372 2218 iHaec
3412 2166 3559 2220 enim

1963 2243 2086 2300 linis
2149 2249 2396 2317 exempla
2447 2256 2576 2302 sunt
2600 2249 2675 2314 ",
2720 2268 2739 2302 ι
2789 2253 2843 2305 et
2889 2268 3281 2323 nonnunquam
3319 2257 3557 2316 diversa.

275 2323 418 2380 Nam
451 2326 575 2381 illos
621 2326 714 2396 qui
743 2326 842 2383 abs
873 2343 933 2383 re
964 2327 1044 2382 ira
1074 2328 1469 2385 incanduerant
1507 2329 1648 2402 ignis
1678 2330 1935 2387 absumit.
1979 2332 2164 2391 Oziam
2212 2338 2362 2409 lepra
2425 2341 2671 2411 corripit.
2702 2342 2769 2396 At
2815 2343 2907 2412 qui
2949 2359 3134 2416 aquas
3180 2360 3400 2406 exercet
3450 2351 3562 2406 iras

276 2415 429 2470 sicut
456 2414 637 2468 Aaron
677 2421 730 2468 et
758 2415 991 2484 populus
1017 2414 1165 2480 fecit,
1197 2431 1228 2469 a
1256 2428 1428 2472 morte
1453 2417 1730 2471 eximitur.

354 2548 488 2603 Θεοῦ
522 2545 816 2620 προστάξει
862 2546 930 2600 τὰ
963 2546 1073 2602 τῶν
1126 2548 1348 2602 ἀσεϐῶν
1404 2548 1743 2620 Θυμιατήρια
1788 2550 1868 2622 τῷ

2043 2564 2310 2621 Cmterum
2348 2569 2606 2625 mandato
2651 2570 2837 2627 divino
2883 2572 3059 2629 sumta
3111 2589 3303 2630 eorum
3353 2579 3559 2636 circum

276 2639 655 2712 θυσιαστηρίῳ
693 2641 1103 2712 περιϐάλλεται.
1149 2644 1348 2711 Γέγονε
1387 2644 1494 2715 γὰρ
1524 2645 1656 2713 ἆγια
1686 2643 1774 2696 διὰ
1806 2643 1866 2697 τὸ

1969 2656 2140 2713 altare
2170 2669 2469 2730 ponuntur,
2506 2671 2564 2716 ut
2596 2680 2717 2734 quae
2751 2675 2940 2720 sancta
2972 2667 3077 2722 hoc
3112 2668 3232 2739 ipso
3254 2673 3397 2740 quod
3451 2671 3560 2729 Deo

276 2732 714 2804 προσενεχθῆναι
754 2732 896 2803 Θεῷ,
931 2735 1113 2788 καίτοι
1155 2735 1254 2806 τῆς
1289 2737 1656 2808 προσαγωγῆς
1687 2736 1866 2790 αὐτῶν

1968 2748 2377 2817 oﬂerebanttir,
2429 2753 2620 2820 fuere,
2669 2759 2922 2827 quamvis
2973 2760 3178 2815 oblatio
3222 2779 3409 2818 eorum
3453 2765 3561 2823 Deo

273 2825 348 2878 οὐ
385 2826 525 2878 κατά
565 2824 697 2878 Θεὸν
751 2826 1077 2895 γενομένης.
1109 2827 1270 2896 Μέγα
1298 2825 1393 2882 οὖν
1421 2829 1484 2883 τὸ
1529 2830 1864 2903 προσφέρειν

1966 2857 2067 2897 nec
2098 2841 2260 2913 digna
2301 2861 2402 2901 nec
2431 2859 2584 2915 grata
2623 2848 2780 2905 foret.
2816 2850 2949 2905 Tam
2983 2855 3303 2923 praeclarum
3335 2873 3466 2913 vero
3497 2875 3560 2915 ac

275 2917 405 2989 Θεῷ
437 2916 516 2989 τῷ
538 2916 685 2972 οὕτω
706 2917 942 2988 τιμῶντι
969 2919 1038 2971 τὰ
1063 2921 1508 2993 προσφερόμενα.

1970 2936 2233 2992 eximium
2282 2937 2394 2996 Deo
2443 2942 2774 3000 oblationem
2824 2944 3031 3014 facere,
3091 2950 3186 3020 qui
3235 2951 3369 3006 tanti
3418 2953 3558 3010 dona

1972 3025 2160 3081 faciat.

353 3097 429 3150 Τὸ
481 3097 762 3170 ἀλλότριον
805 3098 919 3170 πῦρ
965 3099 1366 3173 διασπείρεται.
1423 3105 1485 3157 οι
1533 3105 1644 3176 γὰρ
1685 3107 1862 3177 γήϊνοι
1900 3187 1938 3197 Α

2042 3114 2212 3171 Porro
2256 3117 2397 3188 ignis
2448 3119 2661 3178 alienus
2700 3124 3056 3197 dispergitur.
3102 3127 3364 3187 Rationes
3412 3133 3557 3188 enim

274 3190 435 3260 λόγοι
481 3192 591 3245 τῶν
642 3193 1093 3264 ἐπανισταμένων
1145 3196 1647 3267 ἀπορῤιπτοῦνταιο
1704 3200 1754 3252 οἱ
1811 3199 1867 3253 δὲ

1973 3212 2265 3263 terrestres
2313 3211 2704 3267 seditiosorum
2757 3214 3126 3287 dissipantur,
3180 3235 3306 3275 cum
3360 3222 3560 3278 divina:

276 3283 418 3338 Θείοι
455 3283 736 3357 κρατοῦσι.
764 3305 784 3340 ι
817 3287 934 3360 Πῦρ
984 3289 1120 3360 γὰρ,
1152 3289 1344 3361 φησιν,
1370 3285 1534 3361 ἦλθον
1563 3291 1744 3362 βαλεῖν
1773 3293 1867 3347 ἐπὶ

1973 3305 2164 3350 contra
2208 3300 2489 3357 evincant.
2525 3321 2543 3354 ι
2579 3304 2762 3375 ignem
2797 3308 2943 3362 enim
2977 3309 3032 3364 in
3068 3318 3270 3366 terram
3304 3328 3555 3383 sparsum

272 3375 384 3449 τὴν
409 3377 533 3448 γῆν.
561 3395 584 3432 υ

1972 3387 2120 3454 veni,
2158 3405 2177 3440 ι
2210 3389 2467 3461 inquit".

351 3511 717 3584 Redargultur
759 3515 986 3584 insuper
1017 3516 1214 3590 vulgus
1246 3518 1392 3590 quod
1424 3535 1548 3576 cum
1585 3521 1865 3578 seditiosis
1897 3526 2246 3596 conspiravit
2276 3544 2522 3602 opusque
2572 3533 2817 3592 divinum
2850 3554 2973 3595 esse
3005 3556 3247 3613 negans,
3311 3554 3368 3601 et
3424 3549 3558 3602 artis

275 3603 508 3672 magicae
549 3601 753 3659 Mosem
790 3604 1139 3672 insimulans,
1165 3615 1285 3662 astu
1316 3617 1369 3663 et
1402 3607 1619 3664 insidiis
1660 3609 1834 3681 ipsius
1863 3612 2111 3669 evenisse
2141 3601 2450 3673 afﬁrmavit.
2488 3619 2866 3680 Verumtamen
2901 3601 3163 3685 Mosesvet
3196 3601 3378 3690 Aaron
3420 3649 3554 3706 sup~

277 3689 505 3762 pliciter
533 3706 633 3762 pro
660 3692 742 3748 eis
781 3692 1154 3750 intercedunt.

359 3799 653 3871 ’Δρχοντος
686 3801 797 3872 γὰρ
846 3800 906 3855 τὸ
936 3801 1012 3873 μὴ
1057 3803 1412 3859 ἀποσείεσθαι
1440 3805 1551 3877 (64)
1595 3807 1686 3861 τὸν
1719 3807 1867 3875 λαὸν,

2045 3813 2321 3888 Principis
2387 3822 2533 3876 enim
2601 3839 2706 3882 non
2778 3836 2864 3884 est
2922 3833 3182 3902 p0pulum
3242 3841 3553 3912 protelare,

281 3888 415 3960 μηδ’
435 3889 502 3945 ἂν
535 3892 718 3963 πάσχῃ
749 3891 860 3962 (65)
911 3893 1002 3947 ὑπ’
1051 3895 1242 3950 αὑτοῦ.
1277 3898 1387 3951 Καὶ
1437 3901 1465 3952 ὀ
1512 3898 1720 3970 ἀληθὴς
1767 3900 1872 3973 ἄρα

2922 3888 2938 3902 ι
2996 3888 3011 3902 ι
3153 3888 3180 3889 π
3283 3888 3554 3912 “"""""

1974 3903 2069 3959 sed
2103 3922 2170 3960 ne
2199 3907 2331 3977 quid
2364 3925 2461 3964 sua
2492 3913 2649 3982 culpa
2692 3919 2904 3975 adversi
2950 3925 3211 3994 patiatur,
3242 3888 3460 3989 cavere.
3498 3935 3554 3990 ld

277 3995 417 4050 χων,
446 3982 474 4034 ὁ
507 3981 714 4053 Κύριος
747 3984 925 4054 ἡμῶν,
966 4003 984 4038 ι
1025 3987 1244 4059 Πάτερ,
1278 3986 1414 4057 ἄφες
1438 3989 1640 4053 αὐτοῖς.
1663 4007 1681 4040 ι

1973 3995 2268 4086 quodveri
2294 3998 2562 4070 principis
2595 4008 2846 4078 exemplo
2875 3981 3068 4082 liquet,
3096 3981 3552 4086 qui'ait

1977 4091 2084 4147 ter,
2113 4085 2324 4142 dimitte
2347 4089 2456 4144 illis
2477 4091 2543 4147 τί.
2571 4111 2590 4144 ι

360 4158 685 4232 ιιιατειχιζει
755 4160 834 4232 τῷ
898 4162 1207 4235 Θυμιάματι
1276 4162 1439 4235 μέσον
1495 4163 1712 4230 ζώντων
1771 4171 1866 4226 καὶ

2045 4175 2217 4233 Porro
2263 4178 2619 4251 thymiamale
2663 4198 2884 4258 separat
2927 4207 3077 4251 vnvos
3111 4211 3141 4250 a
3175 4201 3412 4258 mortuis
3445 4203 3551 4261 Aaa

281 4253 625 4323 τεθνηκότων
679 4256 985 4324 ὀἈαρὼν,
1039 4259 1134 4312 καὶ
1192 4259 1465 4315 δείκνυται
1512 4267 1627 4326 τοῖς
1680 4264 1864 4338 ἔργοις

1969 4281 2070 4365 ron
2091 4308 2106 4333 ,
2153 4277 2206 4324 et
2246 4277 2478 4327 testatur
2510 4279 2690 4348 reipsa
2718 4253 2788 4337 ad
2831 4287 3270 4356 propitiationem
3301 4297 3491 4365 populi
3521 4311 3551 4352 ο

282 4344 666 4418 ὲξειλεγμένος
703 4347 807 4401 ὑπὸ
837 4348 976 4402 Θεοῦ
1010 4349 1146 4422 πρὸς
1191 4349 1417 4422 ἱλασμὸν
1450 4353 1544 4407 τοῦ
1570 4355 1725 4413 λαοῦ.

1010 4349 1146 4422 πρὸς
1191 4349 1417 4422 ἱλασμὸν
1450 4353 1544 4407 τοῦ
1570 4355 1725 4413 λαοῦ.
1968 4357 2080 4415 Deo
2111 4378 2171 4419 se
2209 4365 2445 4424 electum
2473 4344 2616 4428 esse.

360 4495 382 4530 ι
418 4477 484 4578 ξι
508 4479 921 4547 occubuerunt,
960 4482 1180 4589 inquit,
1213 4486 1626 4589 quatuprdecim
1654 4491 1822 4547 millia
1850 4501 1905 4550 et
1934 4498 2299 4569 septingenti.
2336 4516 2532 4575 praeter
2560 4525 2655 4566 eos
2685 4515 2780 4584 qui
2813 4515 2954 4572 Core
2985 4531 3152 4572 causa
3187 4520 3493 4589 perierunt.
3525 4541 3545 4576 ι

281 4562 495 4620 Partim
541 4579 792 4637 pereunt,
829 4569 1032 4638 partim
1083 4570 1323 4628 discunt.
1373 4572 1512 4640 Quin
1549 4579 1708 4635 nobis
1743 4583 1905 4638 etiam
1935 4562 2244 4657 exemplum
2279 4562 2796 4662 ρὲτιιίυειυῖιδὲυἶξ)
2989 4562 3174 4674 ζζῑῖθ

284 4653 524 4709 nlatnus.

284 4668 524 4710 ntarnus.

354 4785 465 4838 Kal
505 4784 650 4839 λάϐε
699 4785 834 4854 παρ’
860 4788 1060 4842 αὐτῶν
1083 4789 1308 4858 ῥάϐδον
1351 4795 1478 4849 κατ’
1513 4798 1724 4867 οἴκους
1759 4815 1872 4858 πα-
1901 4791 1948 4848 Ῐ)
2045 4813 2237 4882 Accipe
2293 4818 2357 4871 ab

283 4875 466 4946 τριῶν
494 4877 714 4933 αὐτῶν.
760 4880 998 4954 Ἐκάστῃ
1025 4883 1210 4955 ῥάϐδῳ
1237 4885 1449 4940 κελεύει

283 5061 487 5178 ςιρχειν.
523 5062 661 5133 πρὸς
691 5063 771 5178 ξξδ
834 5063 1036 5178 μη-δέξα
1091 5066 1278 5138 ἒτθερον
1323 5069 1719 5178 dim-"miliae?
1765 5077 1864 5178 τῇς
1970 5061 2110 5141 alius
2152 5106 2317 5159 quam
2355 5061 3544 5178 deseriptuswsacerdd’tiumusibivvincdiczf

287 5154 613 5226 ἱερωσύνης,
649 5155 790 5227 πλὴν
829 5157 924 5210 τοῦ
969 5159 1474 5230 ἐπιγεγραμμένου.
1537 5163 1611 5216 Τὸ
1649 5165 1707 5218 δὲ
1753 5169 1861 5223 πᾶν

2170 5154 2182 5159 _
2540 5154 2551 5167 I
2609 5154 2660 5157 ,-
2708 5154 3078 5166 -..ηπ--..νη-
3127 5154 3236 5172 mu.
3289 5154 3543 5179 uuuwcs.

1970 5177 2123 5245 Quod
2157 5199 2288 5240 sane
2324 5189 2641 5248 universum
2676 5210 2900 5268 propter
2927 5202 3127 5259 tribum
3159 5205 3288 5264 Levi
3340 5210 3543 5268 factum

282 5243 442 5297 τοῦτο
467 5245 554 5300 διὰ
579 5245 676 5318 τὴν
698 5246 794 5299 τοῦ
818 5247 950 5301 Λευῒ
971 5247 1164 5320 φυλὴν,
1194 5249 1270 5312 ὡς
1305 5250 1370 5303 ἂν
1391 5253 1419 5304 ὁ
1445 5253 1650 5326 ταύτης
1672 5258 1859 5329 ἄρχων

297 5335 508 5372 Ἀηηξιυ
537 5337 633 5372 εν..
663 5339 725 5372 ..λ
753 5340 922 5372 υιη--

1997 5243 2008 5245 ν
2466 5243 2641 5248 _,___--
2678 5243 2886 5268 rer.-.
2927 5243 2963 5255 ..
2980 5243 3127 5259 ..ι-..ιι
3159 5243 3288 5264 uuu
3340 5243 3541 5268 laesum

1967 5280 2074 5372 est,
2121 5290 2228 5344 quo
2275 5276 2459 5336 Aaron
2504 5285 2756 5358 princeps
2799 5290 2973 5362 ipsius
3023 5294 3186 5352 istam
3221 5300 3541 5372 dignitatem

297 5335 508 5406 Ἀαρὼν
535 5337 636 5409 ἔχῃ
663 5339 725 5392 τὸ
753 5340 946 5411 γέρας.

663 5339 725 5392 τὸ
753 5340 946 5411 γέρας.
1963 5335 2253 5422 obtineret.

356 5520 402 5551 ⁶⁹
442 5519 773 5594 Mattbam,
808 5528 896 5597 ω,
923 5531 1011 5587 50.
1086 5532 1131 5563 '°
1165 5533 1300 5588 Luc.
1335 5552 1431 5601 xu,
1462 5537 1553 5592 49.
1629 5539 1675 5572 ’⁸
1708 5541 1840 5600 Lac.
1869 5562 1971 5603 xin

1086 5532 1131 5563 '°
1165 5533 1300 5588 Luc.
1335 5552 1431 5601 xu,
1462 5537 1553 5592 49.
1629 5539 1675 5572 ’⁸
1708 5541 1840 5600 Luc.
1869 5562 2027 5615 χχιιι,
2063 5547 2154 5605 δι.
2185 5551 2228 5584 τ’
2264 5547 2442 5606 Galat.
2477 5566 2553 5618 vr,
2604 5554 2655 5609 7.

1793 5681 2022 5742 NOTAE.

504 5753 1115 5873 ὶξδῗῇγὲροῗεοὲθέῗγοέ
1141 5761 1674 5873 τᾙρτῗιῖξνΑὖςῖἷιλκὼδ.
1977 5780 2450 5873 Ημξξξμωξΰσῇς,
2489 5786 2581 5840 καὶ
2618 5786 2854 5860 ἔδραμεν·
2903 5789 2985 5856 εις
3039 5791 3138 5866 τὴν
3191 5801 3535 5873 συναγοιιγήν.

351 5819 465 5890 (6-1)
504 5822 578 5876 Τὸ
611 5819 1020 5898 μὴ’προῖεσθαιί
1051 5831 1108 5885 Ὀ
1141 5833 1241 5902 τῆς
1273 5819 1416 5902 Ᾰῦγς
1443 5819 1674 5896 agi"
1964 5819 2581 5926 mu
2618 5819 2850 5860 ευρυιμιν
2903 5819 2981 5856 εις
3039 5819 3138 5866 την
3191 5819 3434 5874 συναγινγ

615 5917 881 5982 Parnm“
920 5924 1038 5986 Gn.
1068 5925 1432 5993 LXXXV".
2126 5917 2137 5924 '
2182 5917 2215 5926 ν
3207 5962 3286 6021 97
