4090 6524
522 399 627 463 843
1830 402 2107 465 PROCOI

2224 400 2467 462 GAZIEI
3634 414 3641 420 ‘
3671 404 3772 465 844

594 510 767 581 Cujus
798 517 944 566 certe
987 511 1138 581 virga
1167 508 1517 583 amygdalina
1565 510 1692 568 folia
1726 512 1810 585 (ut
1839 529 1939 585 par
1984 513 2125 583 erat)
2161 510 2421 577 extrudit,
2452 518 2507 566 et
2550 509 2790 566 fructum
2826 509 3026 566 reddit.
3065 510 3143 566 Ac
3170 524 3236 567 ea
3284 510 3505 582 quidem
3543 510 3599 565 in
3631 517 3774 570 vasis

525 603 701 657 sacris
737 601 1040 671 reponitur,
1076 602 1235 672 signo
1264 602 1523 657 nimirum
1556 603 1627 660 iis
1656 605 1750 675 qui
1788 604 2127 675 immorigeri
2153 616 2276 659 esse
2303 609 2616 670 pergerent,
2650 614 2719 654 ne
2758 598 2864 669 ipsi
2902 613 3123 669 quoque
3157 599 3451 654 interirent
3472 599 3676 655 denuo.
3721 600 3772 654 ιιι

524 700 703 745 autem
749 689 893 758 quod
938 698 1138 757 praeter
1180 698 1434 743 naturam
1470 689 1675 745 factum
1721 699 1826 753 est,
1852 692 2117 746 ~virtutem
2160 705 2225 744 ac
2265 688 2719 757 omnipotentiam
2765 686 2858 741 Dei
2911 687 3112 757 arguit.
3146 684 3417 741 Praeterea
3457 702 3556 741 eos
3588 688 3679 756 qui
3712 690 3777 743 ad

525 776 691 831 Deum
721 792 841 831 sese
871 776 1380 832 conferuntvirtute
1412 778 1532 846 ejus
1560 794 1626 833 ex
1656 780 1939 834 veteribus
1968 794 2140 834 novos
2165 776 2281 832 ﬁeri
2311 774 2575 830 declarat.
2605 773 2771 828 Juxta
2806 774 2935 829 illud
2967 790 3035 828 ex
3070 773 3429 830 innovatione
3459 774 3573 830 Deo
3604 776 3779 830 addu-

526 865 724 917 cimur.
757 860 925 916 Item:
954 861 1096 933 «Ego
1129 879 1273 929 sum,
1302 864 1496 933 inquit,
1528 867 1619 934 qui
1658 874 1846 936 vegeto
1880 866 2082 935 lignum
2114 864 2327 919 aridum
2348 863 2447 917 ⁷³.»
2478 862 2697 916 Davidis
2734 864 2861 917 item
2889 862 3019 925 illud
3056 879 3070 916 :
3108 880 3125 912 ι
3149 861 3326 931 Super
3359 863 3479 933 ipso
3509 865 3776 919 conﬁsum

525 960 611 1005 est
642 966 739 1006 cor
769 966 975 1013 meum,
1005 960 1061 1005 ct
1095 951 1341 1006 reﬂoruit
1372 967 1505 1006 caro
1538 968 1656 1007 mea
1701 954 1769 1007 ⁷⁸.
1805 971 1824 1004 ι
1856 953 1938 1007 Ad
1968 954 2110 1008 hunc
2138 956 2299 1008 modo
2334 952 2604 1006 Ezechieli
2632 968 2849 1023 quoque
2888 952 3221 1008 restauratio
3255 953 3465 1008 ossium
3502 954 3778 1008 aridorum

527 1039 939 1103 ostendebatur,
980 1056 1102 1109 qua:
1133 1042 1389 1110 populum
1421 1040 1697 1111 captivum
1732 1041 1786 1095 in
1822 1040 2091 1107 integrum
2129 1041 2441 1096 restitutum
2474 1040 2538 1093 iri
2570 1040 2929 1109 portendebat
2971 1040 3039 1094 ⁷⁵.
3086 1038 3259 1095 Porro
3294 1038 3469 1094 forma
3509 1041 3780 1112 amygdali

526 1129 704 1181 virum
734 1128 937 1181 bonum
971 1128 1279 1183 adumbrat.
1316 1130 1385 1185 Ut
1441 1130 1585 1183 enim
1620 1129 1847 1184 nucleus
1881 1130 2055 1199 ipsius
2084 1137 2169 1185 est
2200 1137 2505 1192 contectus,
2536 1136 2590 1183 et
2622 1128 2673 1181 in
2707 1128 2988 1198 putamine
3033 1128 3185 1193 latet,
3236 1128 3309 1182 ita
3342 1128 3521 1182 virtus
3568 1129 3622 1183 in
3666 1130 3782 1183 ani-

525 1216 598 1270 mi
632 1217 817 1271 habitu
856 1216 1158 1281 recondita,
1190 1233 1300 1271 non
1331 1217 1581 1287 corporis
1603 1225 1690 1273 est
1743 1225 2057 1285 conspectu.
2093 1217 2266 1282 Quam
2296 1216 2441 1270 Deus
2474 1217 2627 1272 solus
2658 1216 2964 1287 cognoscit,
2994 1230 3227 1284 quaeque
3255 1216 3649 1271 sacerdotibus
3679 1218 3780 1269 im-

524 1304 719 1373 primis
745 1305 1029 1373 competit.
1058 1303 1207 1358 Plebi
1241 1320 1371 1359 vero
1408 1304 1546 1359 ﬁcus
1580 1313 1974 1375 comparantur
1999 1346 2016 1370 ,
2047 1312 2316 1374 quatenus
2350 1304 2671 1374 superﬁcies
2708 1319 2898 1359 earum
2942 1301 3228 1372 splendida
3257 1311 3341 1359 est
3376 1303 3656 1359 videlicet.
3688 1304 3783 1358 Li-

524 1399 616 1445 cet
648 1400 828 1447 autem
861 1407 925 1446 ea
958 1391 1014 1445 in
1062 1406 1121 1445 re
1168 1391 1460 1461 imaginem
1493 1391 1702 1446 Christi
1747 1405 1998 1458 cernere,
2029 1408 2188 1460 quem
2220 1390 2381 1445 Pater
2422 1407 2700 1446 summum
2747 1390 3089 1447 sacerdotem
3125 1393 3414 1447 constituit
3457 1408 3629 1463 super
3688 1410 3787 1449 nos

525 1481 786 1533 omnibus
819 1480 1037 1533 saeculis
1082 1478 1441 1533 suﬁicicntem
1478 1494 1541 1533 ac
1572 1480 1865 1545 idoneum,
1899 1494 1963 1533 ac
1988 1487 2047 1533 ut
2078 1479 2256 1535 verbis
2297 1477 2452 1533 Pauli
2492 1488 2616 1533 utar
2648 1480 2715 1544 ",
2762 1478 3080 1533 ministrum
3134 1493 3448 1545 sacrorum,
3494 1490 3550 1535 et
3601 1481 3784 1535 taber-

525 1568 705 1621 naculi
738 1567 875 1631 veri,
908 1566 1053 1635 quod
1089 1566 1354 1621 Dominus
1387 1566 1530 1628 fixit,
1566 1580 1674 1619 non
1713 1565 1877 1619 homo
1903 1608 1918 1633 ,
1955 1567 2043 1643 cui
2081 1565 2257 1621 modis
2284 1570 2538 1624 omnibus
2595 1568 2856 1623 Israelita:
2889 1568 3159 1638 sanguine
3192 1568 3486 1639 propinqui
3537 1570 3605 1623 ad
3656 1585 3784 1624 cru-

524 1671 642 1711 cem
692 1670 864 1724 usque
909 1656 1248 1707 restiterunt.
1284 1652 1484 1707 Verum
1531 1654 1685 1720 juxta
1737 1652 1974 1707 formam
2025 1653 2412 1710 reviresccntis
2445 1655 2611 1724 hujus
2645 1655 2830 1725 virgae,
2887 1655 3105 1720 revixit,
3142 1656 3513 1726 omnibusque
3567 1656 3784 1727 signum

527 1743 755 1812 pr.cbuit
796 1757 825 1795 a
858 1741 967 1796 Deo
1010 1758 1067 1796 se
1100 1742 1338 1806 venisse,
1382 1742 1670 1812 ipsumque
1714 1740 1885 1796 Deum
1929 1756 2070 1797 esse.
2094 1741 2622 1811 .Quocircasignum
2646 1741 2965 1812 petentibus
3003 1757 3110 1798 non
3146 1743 3291 1798 aliud
3326 1760 3489 1814 quam
3526 1742 3683 1798 Jonas
3714 1745 3786 1799 si-

524 1847 690 1901 gnum
745 1830 1099 1900 promittitur.
1144 1830 1201 1883 In
1249 1831 1367 1901 ipso
1399 1831 1544 1884 enim
1594 1840 1851 1900 tanquam
1905 1830 2267 1901 primogenito
2306 1846 2467 1885 omne
2521 1830 2665 1900 quod
2716 1829 2882 1883 morti
2928 1837 2982 1884 ct
3031 1830 3273 1883 interitui
3320 1831 3619 1885 obnoxium
3672 1841 3788 1885 erat

527 1921 649 1974 vita:
684 1922 923 1989 vigorem
957 1926 1009 1974 et
1040 1920 1273 1973 virorem
1314 1920 1680 1987 recuperavit.
1720 1920 1945 1974 Videtur
1980 1934 2141 1988 porro
2178 1921 2325 1991 virga
2364 1920 2745 1991 amygdalina,
2777 1914 2981 1974 virtute
3010 1920 3243 1990 quadam
3291 1921 3526 1975 naturali
3578 1920 3786 1975 dormi-

528 2009 859 2063 turientilms
906 2024 1045 2077 pone
1102 2018 1266 2078 caput
1315 2011 1491 2077 posita
1520 2049 1535 2074 ,
1592 2025 1843 2064 somnum
1893 2011 2125 2079 eripere,
2166 2008 2617 2079 vigilantiamque
2668 2007 2986 2074 concitare;
3023 2016 3360 2077 quaprOpter
3395 2006 3461 2062 ad
3494 2005 3785 2062 Jeremiam

527 2101 663 2155 dixit
692 2100 832 2156 Dens
870 2119 883 2155 :
931 2120 948 2150 ι
980 2102 1117 2167 Quid
1150 2110 1205 2153 tu
1257 2101 1450 2156 vides?
1488 2122 1504 2153 ι
1535 2101 1633 2156 Cui
1662 2101 1940 2173 respondit
1973 2103 2062 2155 ille
2091 2117 2109 2156 :
2148 2120 2166 2152 ι
2203 2101 2471 2155 Pcrticam
2508 2099 2915 2171 amygdalinam
2943 2140 2958 2165 ,
3000 2118 3019 2151 ι
3051 2100 3139 2154 cui
3187 2100 3481 2155 subintulit
3515 2118 3527 2153 :
3563 2115 3583 2149 ι
3612 2097 3787 2153 Recte

526 2188 713 2243 vidisti
758 2203 913 2249 sane,
961 2189 1310 2243 sermonibus
1344 2190 1546 2243 etenim
1580 2190 1735 2254 meis,
1775 2198 1829 2242 ut
1862 2204 1957 2245 eos
1993 2188 2243 2243 effectum
2280 2187 2487 2253 darem,
2525 2187 2801 2256 invigilavi
2852 2187 2953 2240 ⁷⁷.»
2986 2186 3788 2258 Quemadrnodummvero

527 2293 557 2330 c
606 2290 800 2331 somno
828 2275 1027 2344 aliquis
1059 2276 1305 2345 evigilat,
1339 2276 1411 2329 ita
1446 2292 1474 2329 a
1516 2277 1753 2332 mortuis
1784 2277 1981 2330 revixit
2013 2275 2286 2331 Christus.
2346 2272 2502 2328 Unde
2555 2274 2609 2328 in
2658 2272 2893 2329 Psalmis
2926 2288 3145 2345 quoque
3172 2273 3305 2330 dicit
3338 2292 3350 2328 :
3390 2293 3408 2325 α
3446 2273 3559 2345 Ego
3585 2273 3790 2328 cubavi

529 2378 593 2417 ac
639 2364 897 2427 dormivi,
935 2363 1220 2431 evigilav‘i,
1248 2364 1374 2430 quia
1408 2363 1672 2419 Dominus
1703 2346 2057 2433 suscipiet'ac
2092 2363 2334 2418 tuebitur
2364 2379 2448 2416 me
2496 2362 2562 2416 ⁷⁸.
2608 2380 2624 2412 ι

602 2450 788 2506 Omnis
815 2451 905 2519 qui
930 2451 1165 2520 attigerit
1192 2450 1593 2503 tabernaculum
1620 2451 1913 2505 testimonii
1950 2450 2161 2504 Domini
2186 2452 2459 2505 morietur.
2486 2448 2674 2522 μίγη,
2701 2447 2813 2520 I5.]
2844 2447 2997 2504 Malis
3014 2448 3159 2503 enim
3188 2462 3297 2502 non
3322 2457 3469 2520 patet
3503 2448 3688 2505 aditus
3715 2451 3783 2504 ad

528 2538 723 2600 Deum,
754 2540 899 2593 unde
924 2546 1048 2607 post
1072 2548 1253 2591 actum
1292 2538 1558 2607 judicium
1588 2538 1890 2606 ejiciuntur
1917 2538 2172 2607 improbi.
2202 2539 2339 2593 Ante
2382 2538 2650 2606 judicium
2678 2553 2811 2592 vero
2848 2536 3161 2591 hominibus
3187 2537 3279 2607 qui
3319 2537 3372 2591 in
3403 2536 3606 2593 mundo
3640 2547 3776 2593 sunt

529 2627 767 2697 spatium
796 2626 1120 2681 conceditur
1148 2625 1275 2679 vitm
1303 2625 1730 2681 emendationis.
1767 2626 1947 2694 Atque
1980 2625 2049 2680 ad
2075 2624 2353 2681 Christum
2384 2634 2607 2697 propter
2632 2624 2950 2682 afﬁnitatem
2982 2624 3171 2679 carnis
3209 2638 3375 2694 quam
3408 2639 3535 2680 cum
3586 2640 3655 2681 eo
3680 2627 3783 2680 ha-

530 2715 723 2769 bemus
753 2714 967 2783 amplus
1000 2727 1259 2767 accessus
1303 2712 1463 2767 nobis
1513 2712 1897 2767 esttrihutus.

600 2825 753 2879 Dixit
790 2824 1043 2877 Dominus
1078 2823 1146 2876 ad
1182 2823 1361 2877 Aaron
1386 2837 1405 2875 :
1435 2820 1512 2875 Tu
1541 2830 1590 2875 et
1629 2820 1813 2876 domus
1839 2822 2007 2892 patris
2038 2822 2107 2875 tui

2289 2819 2396 2874 Ital
2425 2819 2556 2873 εἷπε
2594 2822 2808 2887 Κύριος
2844 2820 2991 2888 πρὸς
3032 2820 3279 2889 Ἀαρὼν,
3302 2820 3523 2890 λέγων’
3558 2822 3645 2876 Σὺ
3686 2824 3792 2876 καὶ

533 2917 1007 2987 tecumportubitis
1046 2916 1381 2987 iniquitatem
1414 2916 1731 2968 sanctuarii.
1780 2906 1991 2986 [XVIIL
2030 2912 2106 2985 1.]

533 3011 753 3066 Aditum
815 3010 868 3063 in
926 3008 1194 3063 Sanctum
1230 3015 1542 3062 sanctorum
1595 3008 1849 3062 omnibus
1886 3015 2108 3076 praeter-

532 3119 695 3175 quam
729 3102 1109 3159 sacerdotibus
1138 3102 1248 3155 imo
1290 3099 1499 3156 Levitis
1525 3101 1689 3154 etiam
1742 3100 2105 3154 interclusum

532 3207 655 3247 esse
680 3198 956 3261 oportere,
988 3189 1187 3259 inquit.
1222 3186 1325 3242 Ubi
1374 3187 1764 3244 confusionem
1795 3202 1859 3241 ac
1891 3198 2107 3256 pertur-

536 3282 813 3337 batiouctn
840 3282 1093 3335 ordinum
1133 3286 1404 3349 praeavet
1445 3279 1666 3344 iterum,
1703 3287 1756 3333 et
1798 3278 2108 3333 ministeria

534 3389 633 3445 pro
679 3374 952 3443 cujusque
992 3372 1256 3441 dignitate
1308 3370 1578 3425 discernit
1615 3384 1678 3423 ac
1711 3370 1978 3439 disponit.
2028 3370 2110 3422 Ac

536 3467 645 3519 Deo
675 3466 892 3535 quidem
925 3462 1239 3516 ministrare
1278 3460 1481 3515 Levitis
1508 3475 1800 3514 commune
1830 3468 1970 3514 erat.
2008 3460 2110 3513 Ac-

533 3560 729 3615 cedere
758 3574 885 3613 vero
926 3556 990 3610 ad
1034 3556 1297 3609 Sanctum
1336 3562 1652 3608 sanctorum
1704 3552 1770 3607 ad
1802 3552 1952 3607 solos
1981 3566 2108 3622 per-

534 3653 743 3708 tinebat
773 3650 1110 3706 sacerdotes.

2208 2912 2263 2964 oi
2292 2912 2412 2964 vlo!
2435 2927 2551 2965 σου
2578 2912 2673 2964 καὶ
2706 2914 2738 2965 ό
2764 2907 2928 2977 οἶκος
2958 2911 3066 2965 τοῦ
3091 2912 3319 2977 πατρός
3347 2927 3468 2965 σου
3493 2917 3643 2981 μετὰ
3668 2913 3794 2969 σοῦ

2210 3003 2487 3071 λήψεσθε
2516 3004 2621 3069 τὰς
2650 3005 2939 3072 ἁμαρτίας
2970 3004 3092 3058 τῶν
3120 3005 3322 3074 ἁγίων.
3369 3006 3440 3059 Σὺ
3475 3006 3572 3057 καὶ
3596 3008 3647 3060 oi
3681 3008 3794 3059 υἱοί

2213 3112 2309 3148 σου
2354 3097 2447 3148 καὶ
2474 3098 2502 3149 ὁ
2538 3093 2687 3157 οἶκος
2728 3096 2822 3149 τοῦ
2860 3098 3065 3168 πατρός
3106 3115 3199 3150 σου
3239 3097 3653 3167 συμϐαστάσετε
3689 3102 3793 3171 τὴν

2215 3189 2560 3259 παρανομίαν
2589 3188 2684 3242 τοῦ
2734 3190 3097 3257 ἁγιάσματος.
3144 3192 3465 3261 Ἀπρόσιτα,
3499 3190 3639 3262 πλὴν
3680 3192 3795 3244 τῶν

2211 3281 2430 3348 ἱερέων,
2472 3280 2538 3333 τὰ
2569 3282 2739 3349 Ἀγια
2765 3282 2876 3334 τῶν
2903 3281 3075 3349 ἁγίων
3102 3284 3215 3345 τοῖς
3233 3282 3485 3345 Λευῖταις
3515 3283 3623 3336 δεῖν
3647 3278 3795 3337 εἶναί

2214 3388 2372 3441 φησι,
2411 3373 2761 3442 προαναιρῶν
2795 3371 2953 3425 πάλιν
2978 3373 3078 3443 τὴν
3109 3374 3357 3438 ἀταξίαν,
3395 3374 3491 3426 καὶ
3528 3373 3627 3437 τὰς
3678 3374 3796 3427 λει-

2210 3462 2469 3531 τουργίας
2518 3464 2637 3515 κατ’
2668 3463 2824 3529 ἀξίαν
2850 3463 3250 3534 διαιρούμενος.
3287 3463 3359 3516 Τὸ
3395 3464 3493 3532 μὲν
3524 3464 3633 3535 γὰρ
3678 3464 3792 3517 λει-

2211 3556 2463 3625 τουργεῖν
2498 3554 2636 3624 Θεῷ,
2674 3555 2854 3608 κοινὸν
2888 3556 3161 3608 Λευῖτῶν·
3193 3556 3251 3608 τὸ
3281 3556 3335 3609 δὲ
3368 3556 3648 3626 προσιέναι
3677 3559 3797 3621 τοῖς

2210 3646 2320 3699 τῶν
2346 3647 2519 3715 ἁγίων
2561 3648 2788 3717 Ἀγίοις,
2826 3649 2983 3720 μόνον
3009 3650 3221 3720 ἱερέων.

612 3784 629 3817 ι
653 3764 810 3829 Nam,
843 3762 1055 3817 alienus
1082 3774 1109 3813 a
1131 3774 1329 3831 genere
1363 3765 1476 3820 tuo,
1508 3756 1707 3827 inquit,
1744 3769 1855 3810 non
1885 3752 2108 3809 accedet
2129 3756 2516 3811 tecum.»Erat
2548 3772 2680 3813 vero
2708 3758 2811 3813 hoc
2842 3774 3014 3828 genus
3045 3757 3313 3815 divinum.
3336 3760 3576 3827 Quaestio
3599 3763 3756 3818 οὐοτί

534 3865 627 3909 tur
661 3856 866 3922 itaque,
907 3860 1179 3921 quatenus
1211 3846 1386 3901 sancti
1419 3844 1627 3899 Christi
1659 3842 1865 3898 fratres
1907 3841 2200 3908 exsistant,
2238 3859 2265 3897 a
2303 3846 2506 3916 quibus
2544 3847 2637 3917 qui
2671 3847 2903 3902 dissidet
2948 3846 3017 3901 ad
3048 3846 3332 3903 Christum
3360 3866 3471 3905 non
3515 3854 3794 3921 pervenit.

535 3956 716 4011 neque
760 3938 1125 3992 ministerium
1169 3949 1385 3989 sacrum
1416 3948 1539 3986 cum
1573 3930 1781 3986 sanctis
1811 3943 2099 3984 commune
2137 3930 2318 3987 habet.
2358 3952 2376 3985 ‹
2407 3932 2757 3990 Renuntiabo
2787 3950 2986 3989 nomen
3017 3943 3174 3990 tuum
3230 3936 3496 3993 fratribus
3519 3941 3653 3994 meis
3678 3941 3743 3996 ⁷³.
3767 3961 3789 3994 ι

537 4030 682 4097 Quin
712 4028 873 4081 etiam
904 4035 1018 4080 tres
1052 4026 1130 4077 illi
1159 4025 1360 4093 ubique
1408 4021 1631 4076 Christo
1666 4029 1965 4091 praesentes
2010 4026 2187 4081 erant,
2220 4020 2310 4073 alii
2340 4036 2471 4077 vero
2502 4036 2532 4075 a
2583 4022 2804 4079 Christo
2837 4022 2942 4077 sibi
2993 4022 3129 4092 ipsis
3163 4024 3633 4093 relinquebantur.
3675 4026 3794 4080 Ali-

537 4116 760 4188 quando
793 4128 923 4169 vero
946 4113 1133 4167 cuncti
1164 4110 1455 4165 duodecim
1500 4124 1608 4163 una
1640 4122 1765 4162 cum
1798 4107 2042 4171 Christo,
2068 4105 2231 4175 vulgo
2267 4110 2497 4163 scorsim
2525 4117 2703 4165 erant.
2739 4110 3058 4165 Diﬁ'erentia
3090 4110 3295 4165 etenim
3331 4126 3525 4182 magna
3560 4112 3615 4167 in
3644 4115 3789 4168 divi.

545 4220 616 4259 na
642 4203 969 4275 cognatione
1004 4202 1247 4256 exsistit.
1281 4199 1383 4253 Alii
1418 4198 1563 4252 enim
1590 4196 1788 4251 fratres
1819 4194 2023 4251 Christi
2054 4197 2291 4264 supremi
2327 4206 2456 4252 sunt
2484 4212 2548 4252 ac
2571 4196 2829 4267 proximi,
2862 4198 2952 4251 alii
2985 4207 3111 4268 post
3141 4196 3286 4263 illos,
3312 4197 3402 4251 alii
3437 4213 3502 4253 ac
3528 4200 3795 4272 pleraque

545 4295 703 4350 turba
729 4292 1006 4360 deinceps.
1037 4289 1115 4344 Ac
1161 4290 1390 4343 multum
1448 4301 1581 4342 sane
1616 4286 1722 4341 sibi
1772 4286 1905 4349 ipsis
1942 4286 2352 4340 incommodant
2401 4286 2676 4351 homines,
2732 4286 2954 4353 quando
2996 4287 3183 4357 gloriae
3233 4287 3535 4357 cupiditate
3563 4290 3795 4345 ordines

540 4385 887 4457 perturbant.
923 4383 1042 4436 Non
1081 4381 1225 4436 enim
1258 4380 1421 4433 aliam
1448 4378 1520 4434 ob
1543 4391 1765 4433 causam
1796 4375 1962 4431 Ozias
1997 4375 2144 4444 lepra
2179 4371 2414 4429 infectus
2438 4382 2545 4440 est,
2572 4388 2736 4445 quam
2761 4374 2907 4445 quod
2938 4388 3252 4444 supremam
3281 4374 3608 4430 oblationem
3634 4377 3796 4432 avide

537 4475 705 4530 nimis
745 4470 1055 4530 usurpavit.

608 4489 705 4529 nns
745 4487 1055 4543 usurpavit.

608 4584 780 4639 Porro
828 4581 880 4636 id
910 4577 1059 4651 quod
1097 4575 1274 4631 dicit:
1312 4592 1329 4625 ι
1367 4572 1596 4627 Peccata
1628 4569 1918 4626 sacerdotii
1948 4567 2107 4624 vestri

2289 4573 2362 4625 Τὸ
2376 4572 2453 4638 δὲ,
2465 4590 2483 4623 ι
2496 4570 2745 4643 Λήψεσθε
2761 4572 2859 4634 τὰς
2878 4570 3265 4642 ἁμαρτίαςτῆς
3285 4571 3558 4641 {spat-eia;
3576 4572 3606 4625 ὑ
3614 4571 3753 4642 μῶν,
3766 4593 3785 4626 ι

538 4674 905 4735 sustinebitis,
941 4691 960 4725 ι
988 4670 1057 4725 de
1089 4670 1154 4723 iis
1187 4681 1307 4737 qua:
1329 4664 1382 4719 in
1409 4670 1674 4733 apparatu
1696 4660 2107 4717 committuntur

2218 4662 2315 4723 τὰς
2349 4662 2412 4714 ἐκ
2445 4660 2817 4733 παραϐάσεως
2844 4660 3068 4731 δηλαδή.

548 4764 964 4837 intelligendum
994 4769 1099 4817 est.

612 4899 839 4953 Videtur
871 4902 1075 4958 autem,
1108 4893 1287 4953 aiunt,
1320 4889 1394 4942 ihi
1424 4888 1493 4943 de
1538 4886 1760 4942 victima
1804 4884 2140 4954 integritatis
2173 4896 2270 4936 seu
2303 4879 2678 4950 perfectionis,
2713 4878 3173 4949 quemadmodum
3205 4878 3260 4932 in
3308 4878 3497 4933 Exodo
3539 4888 3593 4934 et
3632 4880 3793 4935 Levi-

538 4991 670 5050 tico,
706 4984 874 5054 loqui.
905 4982 1112 5036 Cat-nes
1138 4979 1282 5032 enim
1320 4976 1558 5031 victima:
1600 4973 1767 5043 hujus
1812 4972 1919 5043 ipsi
1965 4969 2280 5028 sacerdotes
2324 4966 2552 5037 perfecti
2605 4966 2991 5020 comedebant.
3046 4964 3391 5021 Sacrificium
3443 4967 3647 5038 quippe
3695 4985 3797 5038 pro

538 5082 763 5147 peccato
792 5071 1145 5127 sacerdotum
1180 5073 1356 5118 totum
1386 5062 1762 5119 comburitur.

612 5162 678 5217 Et
706 5159 920 5217 ebibitis
971 5154 1296 5217 ministeria,
1352 5151 1551 5205 donum
1582 5148 1872 5202 sacerdotii
1921 5146 2101 5200 vestri.
2138 5142 2242 5218 [6.]
2275 5142 2585 5197 Notandum
2616 5141 2762 5211 quod
2795 5141 3053 5196 sacerdos
3104 5143 3354 5197 muneris
3399 5158 3465 5198 ac
3515 5144 3646 5198 doni
3678 5145 3801 5198 vice

539 5250 907 5309 ministerium
953 5262 1050 5317 pro
1093 5241 1402 5299 sacerdotio
1452 5255 1560 5310 quo
1610 5253 1638 5291 a
1690 5237 1801 5291 Deo
1836 5236 2132 5305 insignitus
2168 5244 2248 5287 est
2290 5231 2399 5287 Deo
2431 5230 2631 5286 offerre
2670 5228 2912 5317 videtur.
2946 5229 3002 5283 Si
3062 5230 3187 5298 quis
3217 5230 3386 5297 igitur
3424 5231 3797 5285 ministerium

537 5339 812 5397 cautionis
844 5315 1020 5409 gratia
1056 5331 1311 5394 abdicat,
1352 5330 1407 5384 iu
1458 5327 1678 5400 gravius
1709 5332 1993 5396 peccatum
2039 5339 2099 5380 se
2133 5321 2399 5385 incidere,
2444 5334 2510 5373 eo
2552 5315 2698 5386 quod
2732 5316 3026 5371 honoranti
3068 5332 3139 5371 se.
3162 5317 3396 5386 gratiam
3444 5332 3553 5372 non
3584 5317 3796 5381 refert,

540 5433 781 5501 ignorat.

614 5540 747 5594 Ecce
797 5532 1043 5590 mandavi
1091 5530 1235 5585 vobis
1290 5526 1701 5583 observationem
1731 5530 2107 5592 prmccptorum

2288 5515 2445 5572 Ἰδοὺ
2483 5514 2714 5571 δέδωκα
2750 5512 2893 5583 ὑμῖν
2926 5511 3041 5582 τὴν
3068 5513 3428 5582 διατήρησιν
3471 5511 3591 5566 τῶν
3626 5513 3800 5567 ἐντος

539 5647 797 5688 meorum.
843 5626 947 5700 [8.]
983 5623 1154 5693 Stirpi
1197 5618 1531 5679 sacerdotali
1564 5630 1726 5671 omne
1766 5613 2107 5667 victimarum

2217 5608 2345 5663 λῶν
2367 5627 2507 5680 μου.
2537 5606 2628 5677 Τῷ
2658 5605 2790 5678 ἱερῷ
2813 5606 2960 5675 γένει
2981 5608 3088 5661 πᾶν
3118 5603 3256 5672 εἶδος
3283 5607 3546 5678 ἀπονέμει
3578 5606 3799 5668 θυσίας,

606 5790 651 5819 τ’
684 5787 699 5837 l
737 5802 786 5837 τι.
822 5800 931 5843 Lvt,
970 5780 1025 5835 '5.
1100 5778 1146 5811 “
1179 5778 1327 5834 Psal.
1376 5793 1547 5839 xxvii,
1582 5777 1633 5832 7.
1711 5775 1753 5810 ⁷⁸
1784 5770 1988 5829 Ezech.
2020 5791 2107 5831 xx:

2211 5776 2285 5841 ,ί
2338 5790 2491 5843 seqq.
2571 5769 2813 5827 7'IIebr.
2863 5786 2999 5834 vni,
3048 5770 3135 5823 12.
3214 5765 3259 5798 ⁸⁷⁷
3298 5762 3501 5819 Jerem.
3535 5760 3780 5827 nil—ts

1711 5775 1753 5810 ⁷⁵
1784 5770 1988 5829 Ezech.
2020 5791 2224 5841 xxxvii,
2263 5776 2285 5829 ί
2338 5790 2491 5845 seqq.

534 5856 735 5912 "Psal.
770 5870 847 5920 III,
895 5854 947 5906 6.
1025 5852 1069 5882 "’
1098 5848 1242 5905 Psal.
1273 5864 1382 5913 xxt,
1418 5848 1504 5904 25.
