4090 6558
346 417 452 481 845
1413 425 1950 491 COMMENTARII
1989 425 2072 487 IN
2111 422 2500 487 NUMEROS.
3508 421 3612 485 8&6

345 531 414 586 τὰ
448 531 560 584 ἀπὸ
582 531 980 602 πλημμελείας,
1013 532 1083 588 τὰ
1117 532 1225 589 ἀπὸ
1247 534 1544 608 ἁμαρτίας.
1576 539 1786 610 Ὄνομα
1819 537 1928 610 γὰρ
1959 590 1960 594 η

1995 551 2203 608 .genus
2237 535 2500 602 destinat,
2544 543 2654 590 tam
2686 535 2941 592 delictum
2975 547 3136 606 quam
3173 545 3478 606 peccatum.
3519 534 3610 590 Vi-

346 625 416 694 τῇ
446 622 592 694 ὑπὲρ
620 623 899 695 ἁμαρτίας
922 626 1112 698 Quoia,
1144 629 1412 700 ἁμαρτία.
1443 629 1554 684 Καὶ
1581 629 1798 693 Παῦλος
1827 627 1936 699 γὰρ

2041 628 2208 682 ctitna
2241 627 2387 684 enim
2442 641 2542 698 pro
2596 626 2842 699 peccatis
2899 629 3108 697 peccati
3170 642 3372 682 nomen
3422 626 3607 683 habet.

345 717 550 785 νομικῇ
598 717 946 787 χρησάμενος
991 718 1157 784 λέξει,
1206 720 1372 792 φησί’
1423 742 1442 773 ι
1473 719 1576 776 Τὸν
1615 722 1690 792 μὴ
1738 719 1938 790 γνόντρι

2037 718 2195 777 Unde
2221 719 2427 776 Paulus
2453 720 2589 792 legis
2616 720 2916 776 dictionem
2948 735 3248 790 usurpans,
3276 719 3352 775 ait
3377 737 3391 776 :
3428 737 3448 773 ι
3473 719 3609 775 Ευιη

345 807 651 878 ἁμαρτίαν,
685 808 828 880 ὑπὲρ
855 809 1012 880 ἡμῶν
1046 797 1325 883 ἁμαρτίαν
1355 813 1602 884 ἐποίησε.
1641 833 1660 866 ι
1702 812 1938 866 Τέθυται

2037 811 2131 882 qui
2172 821 2458 883 peccatum
2496 825 2604 867 non
2649 821 3002 882 cognoverat,
3061 827 3160 882 pro
3208 812 3369 868 nobis
3416 814 3643 884 pecca-'

344 902 459 971 γὰρ
489 901 632 972 ὑπὲρ
661 902 770 956 τῶν
816 904 1102 974 ἁμαρτιῶν
1141 906 1321 976 ἡμῶν,
1364 906 1441 970 ὡς
1487 907 1674 979 ἀρνίον
1707 906 1935 960 ἄκακον.

2039 911 2154 958 tum
2201 903 2332 959 fecit
2371 905 2438 957 ⁸⁸.
2480 922 2498 955 t
2546 904 2869 960 immolatus
2918 905 3064 960 enim
3096 921 3196 976 pro
3233 905 3481 975 peccatis
3512 920 3613 958 no-

345 991 606 1046 Τοιοῦτον
640 994 837 1058 καὶτὸ,
873 1015 890 1046 ι
928 995 1226 1066 ’Λμαρτίας
1274 996 1405 1050 λαοῦ
1462 1015 1565 1068 μου
1607 998 1926 1068 percurrit,»

2043 995 2206 1058 stris,
2257 996 2404 1050 velut
2435 1010 2608 1067 agnus
2657 996 3063 1062 immaculatns,
3092 995 3253 1052 Jesus
3287 1005 3392 1052 est.
3447 996 3607 1067 Ejus-

344 1085 598 1139 τουτέστι
650 1093 718 1140 τὰ
751 1088 891 1160 ὑπὲρ
928 1090 1204 1162 ἁμαρτίας
1252 1089 1349 1144 τοῦ
1385 1088 1515 1144 λαοῦ
1565 1107 1690 1162 μου,
1727 1090 1933 1164 βρῶσις

2040 1087 2188 1142 modi
2231 1097 2285 1143 et
2341 1087 2475 1142 illud
2531 1097 2614 1144 est
2648 1105 2662 1142 :
2691 1107 2709 1140 ε
2764 1085 2996 1143 Peccata
3045 1089 3229 1160 pepuli
3284 1090 3389 1144 mei
3431 1103 3615 1152 come-

349 1177 506 1231 ἔσται
531 1180 648 1243 τοῖς
677 1179 905 1252 ἱερεῦσι.

2037 1178 2170 1234 dent
2206 1179 2288 1246 In;
2327 1196 2346 1230 ι
2383 1179 2487 1234 hoc
2537 1187 2644 1243 est,
2693 1180 2931 1234 victimis
2983 1195 3080 1249 pro
3133 1180 3377 1251 peccatis
3427 1180 3611 1251 populi

1955 1325 1960 1334 ,
2040 1269 2145 1322 mei
2185 1268 2568 1325 sacerdotibus
2597 1269 2653 1323 in
2692 1269 2896 1323 victum
2936 1270 3151 1325 cedent.

430 1405 680 1461 Destinat
717 1405 902 1477 itaque
929 1405 1008 1463 eis
1048 1407 1353 1478 omnigenus
1401 1407 1638 1462 victimae
1687 1405 1989 1476 reliquias,
2023 1419 2086 1460 ea
2127 1413 2309 1460 tamen
2355 1406 2472 1478 lege
2513 1415 2573 1461 ut
2612 1406 2664 1460 in
2701 1406 2820 1462 loco
2853 1414 3064 1460 tantum
3096 1420 3254 1460 sacro
3293 1405 3609 1472 comedam,

351 1502 412 1549 et
442 1503 636 1565 printer
667 1510 848 1549 mares
880 1509 1061 1550 nemo.
1099 1495 1364 1551 Cmtet‘unt
1399 1496 1655 1566 primitiae
1699 1509 1890 1549 omnes
1927 1501 1979 1547 et
2019 1493 2417 1562 redemptionis
2469 1495 2645 1564 pretia
2695 1495 2830 1564 ipsis
2865 1501 2920 1550 et
2953 1494 3210 1549 omnibus
3241 1493 3332 1564 qui
3375 1510 3498 1548 cum
3532 1498 3614 1549 eis

353 1595 490 1644 sunt
530 1596 637 1640 tam
673 1585 922 1642 maribus
962 1603 1124 1657 quam
1169 1587 1388 1643 feminis
1437 1588 1832 1641 attribuuntur.
1866 1585 2030 1638 Sacra
2061 1579 2264 1634 etenim
2313 1579 2380 1634 ad
2416 1579 2738 1635 sacerdotes
2769 1589 2824 1636 et
2851 1595 3044 1636 eorum
3082 1579 3288 1634 liberos
3321 1582 3374 1633 in
3427 1595 3613 1635 sacer-

353 1675 510 1730 dotio
537 1690 890 1730 successores
925 1675 1226 1746 pertinent.
1259 1673 1546 1729 Munerum
1577 1688 1706 1729 vero
1750 1673 2056 1727 oblationes
2091 1669 2318 1724 familiis
2351 1669 2790 1726 sacerdotalibus
2831 1685 3154 1725 communes
3195 1679 3341 1725 sunt.
3380 1668 3616 1724 Verum-

353 1755 541 1819 tamen
574 1779 698 1818 eum
734 1765 829 1833 qui
862 1764 949 1819 his
976 1765 1277 1834 participat
1312 1763 1579 1818 mundum
1612 1777 1736 1818 esse
1765 1768 2000 1828 oportet,
2035 1771 2140 1810 non
2173 1758 2583 1827 pratputiatum,
2618 1773 2714 1812 seu
2749 1758 3126 1829 peregrinum,
3160 1771 3270 1812 non
3305 1758 3612 1827 leprosum,

353 1867 462 1905 nec
491 1849 880 1906 seminillunm.
913 1852 1314 1907 Abstinendum
1349 1867 1480 1906 vero
1514 1851 1582 1904 ab
1615 1850 1683 1905 iis
1708 1863 1828 1920 qua:
1879 1863 1977 1918 per
2005 1851 2321 1921 allegoriam
2355 1849 2441 1905 his
2492 1850 2746 1920 corporis
2780 1849 3164 1905 affectionibus
3211 1850 3613 1921 signiﬁcantur.

355 1937 545 1992 Talem
579 1939 746 2008 igitur
777 1954 902 1994 esse
941 1948 1156 2007 oportet
1190 1937 1427 2005 lidelem,
1459 1938 1633 2008 pidm,
1669 1944 1725 1992 et
1761 1937 2058 1994 virtutibus
2103 1938 2371 1994 deditum.
2406 1957 2424 1991 ι
2467 1935 2672 1994 Foedus
2703 1938 2838 1993 salis
2886 1941 3286 2007 sempiternum
3319 1950 3424 2005 est,
3460 1957 3478 1989 ι
3530 1939 3616 1993 in-

352 2026 502 2096 quit,
534 2035 586 2080 et
617 2026 1042 2082 commonefacit
1076 2029 1197 2096 ejus
1238 2026 1385 2096 quod
1420 2026 1474 2080 in
1511 2024 1756 2081 Levitico
1805 2024 2013 2078 dictum
2046 2030 2130 2078 est
2166 2039 2180 2077 :
2221 2041 2240 2074 ‹
2281 2022 2415 2078 Cum
2448 2023 2597 2076 omni
2632 2022 2912 2076 oblatione
2949 2024 3116 2075 salem
3148 2021 3392 2078 oﬂ‘eretis
3430 2021 3618 2076 Domi-

357 2130 436 2169 no
480 2113 588 2170 Deo
616 2124 802 2170 vestro
835 2114 903 2170 δ’.
944 2135 962 2166 ι
1025 2115 1508 2186 Conspergebatur
1557 2115 1702 2169 enim
1740 2113 1854 2167 sale
1899 2111 2146 2175 victima,
2198 2119 2251 2167 et
2277 2111 2650 2166 adornabatur
2690 2111 3098 2181 quodammodo
3134 2119 3195 2166 ttt
3225 2110 3526 2182 prudenter
3555 2127 3614 2165 ac

355 2217 489 2256 Cum
515 2201 724 2256 rati-me
758 2201 922 2274 410
951 2201 1261 2256 oll‘errctnr.
1312 2199 1430 2254 Non
1468 2198 1612 2256 enim
1647 2200 1852 2269 absque
1884 2199 1997 2255 sale
2055 2201 2372 2256 comedetur
2407 2201 2589 2272 panis,
2642 2201 2788 2256 sicut
2835 2201 3102 2269 scriptum
3153 2207 3235 2255 est
3288 2201 3354 2254 ⁸³.
3409 2201 3476 2255 Ει
3518 2202 3617 2256 ite-

357 2305 486 2342 rum
518 2307 531 2342 :
570 2291 588 2340 ἀ
618 2287 726 2344 Vos
763 2291 899 2343 eStis
924 2288 1003 2343 sal
1030 2300 1190 2343 terrae
1219 2289 1289 2344 3‘.
1341 2308 1359 2340 ι
1397 2289 1671 2344 Caeterum
1728 2287 1841 2342 haec
1873 2286 2202 2343 conﬁrmant
2233 2289 2588 2358 pronuntiata
2639 2303 2725 2354 ea,
2792 2287 2937 2356 quod
2988 2287 3186 2358 dignus
3234 2290 3304 2342 sit
3333 2291 3619 2360 operarius

359 2379 616 2434 mercede
669 2393 769 2433 sua
808 2379 878 2432 ³⁵.
919 2397 936 2430 t
1007 2379 1171 2444 ltcn't,
1211 2379 1303 2449 qni
1346 2379 1489 2449 apud
1534 2379 1705 2433 altare
1754 2376 2050 2440 excubant,
2084 2376 2410 2447 participant
2442 2391 2659 2446 quoque
2694 2374 2878 2429 altari.
2911 2373 3082 2429 Porro
3112 2375 3368 2431 Davidcm
3403 2392 3616 2448 quoque

361 2465 617 2522 modeste
647 2466 907 2522 sacerdos
939 2467 1245 2536 interrogat
1277 2482 1344 2520 an
1380 2465 1620 2520 mundus
1652 2464 1722 2521 sit
1746 2467 1862 2535 ipse
1893 2473 1947 2519 et
1976 2464 2107 2520 socii
2143 2464 2338 2534 ipsius,
2383 2479 2507 2518 cum
2541 2463 2717 2518 sacris
2749 2461 3083 2534 participare
3121 2463 3345 2528 vellent,
3384 2479 3492 2519 non
3531 2480 3591 2519 sa

379 2553 650 2608 cerdotali
681 2555 813 2619 ritu,
848 2554 942 2610 sed
981 2564 1036 2609 ut
1075 2553 1381 2609 necessitas
1409 2553 1672 2618 dictabat,
1705 2567 1855 2608 more
1885 2551 2211 2613 domestico,
2244 2549 2499 2620 quamvis
2527 2564 2694 2619 panes
2730 2547 3124 2619 propositionis
3157 2550 3429 2604 essent".
3451 2552 3617 2620 0pm-

356 2649 444 2694 tet
478 2641 664 2711 itaque
697 2641 1074 2711 voluptatibus
1108 2643 1334 2696 minime
1362 2641 1521 2706 aliici,
1573 2650 1750 2711 neque
1791 2641 1844 2695 in
1885 2653 1978 2694 eas
2012 2637 2195 2692 animo
2239 2635 2440 2702 delabi,
2483 2650 2583 2690 nec
2611 2636 2773 2690 etiam
2810 2636 2876 2688 ad
2906 2634 3169 2690 cadavera
3220 2643 3274 2691 et
3303 2652 3393 2693 res
3449 2653 3478 2691 a
3510 2635 3622 2692 Dcn
3710 2639 3712 2641 ’

359 2728 577 2784 alienas
605 2730 904 2799 respicere.
936 2728 1414 2795 Quemadmodum
1445 2743 1575 2785 vero
1606 2727 1710 2800 ipsi
1742 2727 1997 2799 primitiae
2035 2733 2168 2781 sunt
2211 2724 2438 2794 populi,
2474 2722 2556 2780 sic
2587 2736 2652 2777 ex
2693 2722 2954 2794 primitiis
3004 2730 3406 2780 sustentantur.

435 2860 550 2916 Kal
575 2859 700 2917 πᾶν
725 2860 1032 2929 διανοῖγον
1059 2859 1268 2917 πᾶσαν
1293 2861 1532 2930 μήτραν
1573 2859 1693 2916 ἀπὸ
1735 2857 1940 2924 πάσης
1973 2839 2016 2896 Β

2007 2842 2016 2893 ἶ
2116 2850 2386 2923 Quidquid
2443 2852 2673 2920 primunt
2717 2860 2955 2921 erumpet
3009 2869 3037 2907 e
3089 2853 3244 2908 vulva
3295 2871 3452 2923 quam
3491 2857 3622 2925 olfe-

357 2953 612 3023 σαρκὸς,
647 2953 763 3006 ὅσα
792 2952 1209 3022 προσφέρουσι
1237 2953 1431 3021 Κυρίῳ
1475 2951 1595 3008 ἀπὸ
1624 2951 1940 3019 ἀνθρώπου

2046 2956 2171 3000 runt
2219 2945 2466 3010 Domino,
2505 2946 2612 3000 sive
2642 2960 2707 2999 ea:
2754 2946 3052 3000 hominibus
3103 2948 3210 3001 sive
3251 2947 3314 3001 de
3346 2949 3623 3016 pecoribus

357 3041 478 3109 ἕως
515 3041 800 3109 κτήνους,
825 3042 928 3096 σοὶ
951 3042 1142 3096 ἔσται.
1200 3044 1352 3096 Ἀλλ’
1392 3042 1430 3109 ἢ
1470 3043 1768 3110 λύτρωσις
1831 3043 1942 3093 λυ·

2045 3039 2229 3107 fuerit,
2281 3039 2358 3092 tui
2395 3039 2543 3108 juris
2574 3039 2694 3103 erit,
2745 3039 2821 3090 ita
2857 3037 3124 3092 duntaxat
3165 3049 3222 3092 ut
3249 3057 3344 3108 pro
3391 3040 3623 3095 hominis

366 3131 734 3200 τρωθήσεται
783 3133 853 3187 τὰ
890 3136 1235 3202 πρωτότοκα
1287 3132 1404 3186 τῶν
1452 3131 1813 3200 ἀνθρώπων,
1845 3128 1944 3182 καὶ

2045 3131 2396 3202 primogenita
2423 3131 2655 3199 pretium
2688 3131 2943 3196 accipias,
2975 3139 3027 3184 et
3072 3147 3226 3185 omne
3254 3133 3459 3185 animal
3484 3133 3622 3202 quod

362 3226 444 3280 τὰ
514 3228 859 3294 πρωτότοκα
924 3224 1071 3282 τῶν,
1109 3223 1346 3292 κτηνῶν
1411 3223 1529 3277 τῶν
1591 3221 1945 3290 ἀκαθάρτων

2048 3225 2381 3279 immundum
2411 3233 2491 3278 est
2531 3223 2720 3278 redimi
2765 3222 2959 3292 facias.
2993 3221 3131 3296 [15.]
3176 3223 3464 3280 Hominum
3498 3225 3625 3296 qui-

363 3316 673 3385 .lvtptbo‘n.
757 3317 837 3370 Τὰ
897 3317 996 3386 μὲν
1051 3316 1160 3368 τῶν
1212 3315 1538 3388 ἀνθρωπων,
1603 3314 1689 3368 διὰ
1740 3313 1941 3384 τιμήνο

2053 3317 2175 3373 dem
2211 3317 2572 3388 primogenita
2605 3325 2827 3386 propter
2857 3316 3202 3386 dignitatem,
3237 3318 3450 3372 ratione
3479 3320 3623 3373 enim

363 3409 429 3462 οὐ
459 3408 568 3478 γὰρ
601 3407 870 3477 σφακτέον
918 3407 987 3460 τὰ
1016 3407 1212 3475 λογικὰ
1269 3409 1325 3460 ὲν
1382 3407 1481 3474 ῐσῳ
1523 3408 1636 3469 τοῖς
1689 3405 1905 3474 ἀλόγοις
1930 3419 1946 3436 ο

2053 3408 2286 3479 praedita
2356 3415 2601 3463 mactare
2651 3423 2760 3462 non
2814 3409 3071 3463 convenit
3122 3409 3265 3464 sicut
3313 3411 3492 3464 bruta.
3527 3409 3627 3466 Pe-

361 3500 439 3554 ea
493 3500 548 3552 δὲ
602 3499 710 3552 τῶν
762 3498 996 3571 κτηνῶν,
1057 3498 1124 3552 δι’
1187 3499 1445 3570 ἀτιμίαν,
1499 3499 1582 3551 ὃτι
1625 3497 1943 3563 ἀκάθαρτα,

2052 3502 2252 3558 cudum
2283 3515 2411 3556 vero
2447 3511 2672 3571 propter
2708 3501 3102 3571 ignobilitatem
3143 3501 3272 3573 quia
3315 3501 3622 3566 immunda,

364 3594 468 3646 καὶ
502 3593 600 3662 τῆς
631 3594 710 3656 εἰς
739 3590 872 3645 Θεὸν
895 3593 1083 3648 ἀνόδου
1135 3591 1244 3644 τῶν
1299 3591 1481 3654 καλῶς
1539 3591 1949 3660 μεθισταμένων

2055 3609 2154 3648 nec
2183 3594 2352 3647 ullum
2386 3593 2598 3663 signum
2650 3593 2854 3648 habent
2883 3608 3148 3649 ascensus
3193 3594 3286 3662 qui
3340 3594 3405 3648 ad
3455 3594 3624 3648 Deum

364 3687 558 3756 ψυχῶν
585 3687 684 3739 οὐκ
707 3686 817 3756 ἔχει
850 3685 1139 3756 σύμϐολον.
1179 3685 1254 3738 Τὸ
1277 3685 1332 3738 δὲ
1365 3684 1558 3755 λύτρον
1591 3682 1703 3754 (66)
1751 3682 1826 3753 μὴ
1856 3681 1949 3734 ἐπὶ

2053 3686 2122 3740 ab
2175 3685 2374 3741 animis
2427 3687 2563 3741 bene
2635 3686 2918 3741 translatis
2979 3686 3082 3750 lit,
3140 3686 3336 3740 redimi
3398 3685 3624 3755 permit-

370 3778 551 3850 φθορᾷ
600 3777 809 3843 παθῶν,
861 3777 974 3831 ἀλλ’
1020 3780 1114 3831 ἐπὶ
1156 3779 1268 3848 ζωῇ
1297 3777 1501 3846 κόσμου
1524 3792 1536 3805 ·
1565 3777 1645 3829 ὃτι
1683 3775 1949 3827 πέπονθεν

2060 3786 2268 3832 tuntur.
2315 3778 2384 3832 At
2443 3792 2575 3833 vero
2611 3777 2860 3834 Christus
2894 3778 2986 3849 qui
3020 3777 3248 3848 pretium
3299 3777 3629 3846 redemptio-

371 3873 498 3925 ἀν·ιύ⁸
513 3872 736 3925 δικαίων
763 3872 857 3925 καὶ
891 3871 1117 3933 ἀδίκων,
1151 3870 1408 3938 καθαρῶν
1437 3869 1529 3922 καὶ
1565 3868 1640 3938 μὴ
1667 3865 1947 3937 καθαρῶν.

2059 3870 2146 3924 nis
2204 3877 2406 3924 nostra:
2465 3869 2641 3924 factus
2675 3908 2689 3932 .
2749 3885 2856 3924 non
2917 3885 3016 3941 pro
3059 3870 3326 3935 interitu,
3380 3869 3474 3925 sed
3536 3883 3630 3938 pro

371 3966 487 4019 vita
543 3965 728 4018 mttndi
784 3977 1086 4034 passusest.
1117 3964 1223 4020 Pro
1267 3965 1432 4037 justis
1502 3966 1646 4022 enim
1711 3973 1765 4022 et
1819 3967 2060 4036 injustis,
2113 3983 2211 4038 pro
2267 3968 2418 4039 puris
2457 3976 2512 4023 et
2561 3967 2791 4037 impuris
2846 3982 3043 4037 passus
3098 3973 3206 4033 est,
3269 3966 3632 4038 omnibusque

374 4058 712 4140 gratiﬂc'atus
772 4068 879 4124 est,
923 4059 1089 4130 justis
1151 4061 1370 4132 quidem
1429 4059 1544 4130 (qui
1607 4061 1814 4116 ratione
1865 4061 2029 4116 alium
2096 4071 2222 4132 typo
2263 4061 2656 4134 designantur)
2688 4070 2746 4116 ut
2802 4061 3007 4116 servari
3060 4067 3282 4130 possent
3322 4061 3467 4131 quod
3537 4078 3633 4132 per

376 4149 592 4217 seipsos
659 4162 764 4200 non
800 4155 1052 4216 poterant
1103 4165 1118 4203 :
1167 4149 1552 4218 peccatoribus
1606 4164 1736 4204 vero
1775 4150 1893 4218 (per
1921 4149 2080 4204 bruta
2141 4147 2500 4217 adumbratis)
2535 4156 2592 4203 ut
2636 4163 2665 4202 a
2716 4154 2889 4202 morte
2939 4145 3416 4202 transferrentur:
3473 4153 3632 4214 cujus

377 4234 581 4302 indigni
649 4234 863 4288 fuerant
919 4236 1136 4291 etiamsi
1195 4246 1318 4306 post
1382 4238 1836 4292 resurrectionem
1897 4237 2294 4308 judicarcntur.
2363 4234 2831 4303 Quemadmodum
2904 4233 3461 4305 hominum’quidem
3515 4238 3630 4306 pri-

378 4323 651 4392 mogenita
687 4323 807 4376 viva
849 4321 960 4378 Deo
995 4323 1313 4378 ministrare
1345 4339 1452 4377 non
1489 4337 1740 4393 possunt,
1765 4325 2122 4396 primogenita
2165 4341 2294 4381 vero
2349 4324 2666 4379 animalium
2701 4322 3104 4377 immundornm
3155 4337 3331 4393 neque
3363 4323 3430 4376 ad
3459 4325 3631 4377 sacri-

374 4410 560 4466 ﬁcium
614 4428 791 4482 neque
828 4412 893 4466 ad
923 4412 1291 4467 ministerium
1334 4429 1552 4468 sacrum
1583 4423 1706 4486 apta
1735 4421 1883 4470 sunt.
1925 4415 2029 4469 Pro
2057 4411 2277 4468 mundis
2316 4426 2446 4468 vero
2473 4410 2802 4465 animalibus
2846 4424 2954 4464 non
2989 4410 3195 4479 petitur
3229 4409 3627 4480 redemptionis

374 4501 635 4570 pretium,
681 4500 777 4555 sed
812 4500 1051 4555 victimae
1100 4500 1237 4554 ﬁunt
1285 4517 1386 4572 pro
1421 4503 1684 4572 primitiis
1714 4511 1768 4556 et
1809 4503 1969 4572 epulo
1999 4517 2185 4557 eorum
2222 4503 2314 4572 qui
2352 4501 2795 4555 immolaverunt.
2829 4499 2960 4566 Quae
2991 4514 3124 4555 sane
3157 4498 3384 4569 ﬁguram
3432 4503 3631 4570 puere--

374 4599 506 4644 runt
550 4591 669 4659 ejus
725 4591 820 4662 qui
871 4608 1061 4648 revera
1106 4591 1346 4648 mundus
1375 4605 1458 4648 est
1491 4609 1555 4648 ac
1607 4593 2044 4664 primogenitus;
2078 4589 2170 4660 qui
2205 4605 2264 4645 se
2303 4605 2412 4643 non
2475 4588 2646 4653 dabit,
2705 4588 2984 4655 inquiens.
3022 4587 3462 4657 propitiationent
3535 4605 3632 4658 pro

375 4677 581 4746 seipse,
612 4689 666 4732 et
704 4681 940 4749 pretium
976 4681 1371 4750 redemptionis
1398 4696 1495 4750 pro
1520 4681 1706 4734 anima
1741 4695 1862 4736 sua.
1898 4677 2147 4748 Namque
2173 4678 2287 4733 haec
2323 4691 2419 4746 pro
2446 4675 2829 4746 primogenitis
2859 4673 3143 4728 hominum
3179 4673 3233 4728 in
3269 4673 3439 4744 llgura
3471 4675 3632 4730 Cltri.

377 4764 450 4818 sti
478 4765 920 4822 immolabantur.
957 4765 1158 4821 [lorum
1203 4769 1450 4838 sanguis,
1480 4768 1576 4838 qui
1607 4768 1906 4824 all‘unditur
1931 4766 2110 4831 altari,
2153 4763 2423 4834 cujusque
2465 4763 2641 4818 virtus
2674 4759 2934 4815 consistit
2974 4760 3027 4815 in
3057 4761 3385 4816 ascensione
3425 4762 3630 4820 Christi

375 4851 473 4921 qui
508 4850 700 4920 recipit
731 4853 941 4907 animas
975 4854 1319 4922 sequentium
1362 4869 1442 4921 se,
1477 4854 1852 4911 decessionem
1902 4854 2210 4908 animorum
2259 4859 2576 4906 sanctorum
2613 4847 2980 4919 signiﬁcabat.
3019 4847 3204 4918 Adeps
3233 4864 3363 4904 vero
3402 4849 3627 4904 uberta-

376 4947 486 4992 tem
518 4946 738 4992 vtrtutts
775 4938 882 4993 Deo
934 4939 1279 4996 familiarem.
1316 4941 1575 4997 Carnium
1631 4942 1870 5013 denique
1921 4942 2040 5014 ejus
2091 4939 2583 4996 sanctiﬁcationem
2617 4952 2739 5008 quae
2769 4951 2835 4992 ex
2868 4951 3024 4992 sacra
3073 4935 3217 4992 redit
3269 4937 3515 4992 victima.
3557 4937 3633 4996 De

375 5023 495 5078 sale
536 5033 694 5078 antea
729 5025 934 5080 dictum
962 5035 1066 5082 est.

447 5135 515 5190 In
534 5147 674 5192 terra
700 5139 928 5206 ipsorum
955 5157 1056 5194 non
1091 5151 1286 5196 sortem
1304 5142 1538 5198 habebis.
1563 5141 1776 5215 [XVIIL
1799 5142 1914 5216 20.]
1938 5141 2256 5214 Separatum
2279 5146 2364 5196 est
2390 5139 2458 5195 ab
2487 5138 2608 5194 aliis
2643 5153 2814 5209 genus
2837 5153 3080 5203 sacrum,
3097 5154 3206 5194 non
3227 5139 3517 5195 ministerii
3543 5155 3631 5194 ra-

374 5222 525 5276 tione
553 5230 764 5277 tantttm
816 5235 997 5280 utrum
1041 5227 1205 5280 etiam
1243 5228 1358 5297 spei
1393 5227 1726 5283 dill‘erentia.
1763 5228 1835 5284 lis
1863 5231 2007 5284 enim
2039 5234 2131 5304 qui
2162 5234 2216 5288 in
2251 5233 2416 5288 rebus
2439 5232 2754 5288 carnalibus
2785 5247 2937 5301 spem
2981 5232 3278 5295 collocant,
3323 5233 3518 5287 merito
3553 5235 3631 5287 di-

374 5319 592 5364 ceretur
635 5313 864 5380 utique:
913 5331 930 5363 σ
972 5312 1094 5368 llaec
1125 5324 1208 5368 est
1250 5315 1428 5384 portio
1471 5322 1584 5380 tua,
1619 5315 1734 5371 haec
1781 5331 1902 5372 sors
1951 5327 2064 5376 tua.
2114 5340 2133 5374 ι
2183 5319 2318 5376 Sors
2349 5320 2596 5390 inquam,
2629 5318 2892 5387 quoniam
2939 5318 3075 5372 mihi
3119 5317 3422 5382 dillitlistis,
3449 5319 3631 5390 inquit

377 5395 664 5453 Dominus.
708 5396 801 5454 llis
831 5414 960 5455 vero
1001 5403 1092 5455 uni
1119 5417 1250 5470 opes
1287 5405 1338 5455 in
1367 5402 1507 5456 coelo
1531 5403 1802 5475 condunt,
1847 5404 1970 5472 hoc,
2006 5407 2061 5464 in
2123 5417 2268 5464 terra
2297 5423 2489 5464 eorum
2541 5407 2748 5462 nullam
2779 5405 3083 5477 portionem
3114 5405 3407 5462 obtinebis.
3455 5405 3628 5467 Item:

447 5567 576 5641 ’,οξ-ιι
620 5567 747 5622 Cor.
781 5569 954 5641 v.72l.
1065 5569 1108 5602 "
1142 5574 1279 5627 Osee
1307 5588 1379 5640 Iv,
1418 5574 1470 5627 8.
1546 5570 1596 5602 ⁸³
1639 5571 1811 5628 Levii.
1845 5587 1926 5639 ιι,
1972 5573 2055 5627 15.

1972 5573 2055 5627 l5.
2133 5571 2179 5605 ⁸³
2210 5568 2315 5628 Job
2357 5588 2434 5641 vr,
2463 5571 2516 5627 6.
2598 5571 2645 5604 ⁸³
2675 5567 2868 5624 Matth.
2897 5568 3070 5636 ν,15.
3145 5569 3190 5602 ⁸³
3222 5567 3361 5627 Luc.
3399 5585 3457 5638 ι,
3495 5571 3551 5627 7.

377 5638 428 5672 “
464 5639 478 5690 Ι
510 5639 640 5709 Reg.
683 5655 797 5705 ut,
832 5640 867 5695 3
901 5655 1054 5709 seqq.
1366 5638 1372 5640 ⁷
1913 5638 1918 5639 “
2420 5638 2428 5641 ⁷
3293 5663 3298 5667 λ

1947 5746 2178 5806 ΝΟΤΙΕ.

447 5863 557 5933 (ϋΰ)
586 5861 819 5932 Χριστὺς
843 5863 898 5918 δὲ
921 5862 980 5918 τὸ
1006 5863 1220 5934 λύτρον.
1279 5862 1337 5917 '0
1372 5865 1471 5933 τῆς
1500 5861 1635 5932 Aur.
1671 5858 1802 5917 κώδ.
