4090 6522
558 401 657 466 δι’]
1354 367 1368 379 ’
1879 388 2173 452 "PROCOP

2177 390 2249 451 ιιι
2287 388 2531 449 eam
3704 400 3792 461 δυ,

630 516 743 583 Ego
771 524 891 566 sum
934 505 1113 579 portio
1142 512 1264 569 tua,
1300 512 1354 560 et
1382 503 1676 560 haereditas
1728 512 1841 559 tua.
1889 525 1906 554 ι
1944 503 2131 561 Talem
2182 520 2305 560 esse
2346 503 2517 558 voluit
2545 500 2805 557 Christus
2829 515 2955 557 eum
2991 500 3086 571 qui
3115 515 3241 556 cum
3270 503 3452 557 omnia
3499 503 3629 574 legis
3658 507 3796 569 fecis-

561 610 663 665 set,
701 597 990 654 absolutus
1023 610 1147 651 esse
1181 593 1369 657 vellet,
1413 607 1537 648 cum
1581 593 1760 664 inquit
1787 611 1801 647 :
1834 612 1851 646 ι
1892 593 2079 649 Vende
2116 592 2407 648 facultates
2439 600 2587 657 tuas,
2636 590 2840 663 largire
2867 589 3228 661 pauperibus,
3256 598 3311 646 et
3336 605 3434 663 age
3462 608 3678 664 sequere
3708 616 3795 663 tne.

562 688 903 757 habebisque
928 686 1245 741 thesaurum
1278 684 1337 738 in
1366 683 1529 738 caelis
1560 682 1868 753 repositum
1898 681 1967 735 ".
2013 701 2034 734 ι
2070 679 2189 737 Tali
2216 679 2352 736 dicit
2383 679 2553 735 David
2586 697 2600 735 :
2634 697 2655 732 ι
2701 678 2915 735 Laetare
2942 678 2997 733 in
3032 678 3290 747 Domino,
3319 687 3374 735 et
3407 694 3565 751 spera
3601 682 3652 739 in
3678 685 3797 757 ipso,

556 785 612 833 et
638 778 757 847 ipse
785 773 950 829 faciet
993 772 1061 826 ⁸⁸.
1100 790 1120 825 ι
1158 770 1239 826 Ad
1285 786 1428 842 quos
1476 770 1658 842 inquit
1711 768 1972 825 Servator
2016 787 2030 824 :
2096 787 2115 821 ι
2177 767 2256 826 Ne
2302 770 2427 825 sitis
2459 768 2680 825 solliciti
2731 782 2833 839 pro
2864 767 3049 823 anima
3072 777 3265 823 vestra
3317 769 3449 838 quid
3474 769 3676 828 edendo
3699 788 3800 831 eain

558 863 906 924 sustentetis.
940 877 1038 931 pro
1066 875 1329 931 corpore;
1361 861 1517 925 item,
1542 856 1822 928 quomodo
1852 860 2034 928 ipsum
2069 857 2362 924 vestistis;
2400 857 2536 927 quin
2568 872 2800 928 regnum
2827 855 2923 912 Dei
2948 864 3004 912 et
3033 855 3311 927 justitiam
3338 857 3465 928 ejus
3494 858 3715 928 primum
3734 864 3802 917 in-

558 954 780 1024 quirite,
813 952 907 1006 ﬁet
944 950 1090 1005 enim
1121 959 1180 1004 ut
1216 950 1329 1004 htec
1363 948 1549 1002 omnia
1575 946 1736 1001 vobis
1780 954 2132 1016 apponantur
2160 944 2241 1000 "".
2288 964 2310 998 ι
2361 944 2633 1001 Caeterum
2674 951 2903 1016 peccata
2963 943 3169 999 iterum
3195 952 3363 1000 vocat
3410 943 3683 1002 sacriﬁcia
3715 963 3802 1021 pro

560 1040 822 1112 peccatis,
853 1054 976 1108 qua:
1019 1036 1247 1109 ﬁguratn
1273 1036 1487 1092 Christi
1520 1051 1635 1106 pra:
1670 1049 1730 1090 se
1769 1032 1975 1088 ferunt.

635 1148 769 1206 Cum
800 1147 1116 1216 acceperitis
1149 1163 1182 1201 a
1210 1146 1343 1216 ﬁliis
1381 1143 1558 1200 Israel
1604 1144 1843 1199 decimas
1872 1159 2002 1210 quas
2019 1141 2156 1197 dedi
2196 1142 2341 1198 vobis
2369 1143 2641 1213 primitias
2693 1159 2879 1198 eorum
2894 1141 3093 1211 offerte
3126 1140 3381 1198 Domino.
3426 1140 3569 1216 [26.]
3587 1141 3649 1200 ‘Id
3678 1148 3803 1218 quod

560 1238 763 1294 Levita:
795 1236 999 1306 populo
1030 1245 1181 1299 sunt,
1232 1233 1441 1289 Levitis
1496 1231 1761 1288 sacerdos
1816 1238 1924 1295 est,
1956 1246 2229 1297 summus,
2283 1231 2531 1302 inquam,
2578 1232 2841 1287 sacerdos
2875 1231 2968 1302 qui
3008 1240 3202 1303 typum
3258 1231 3401 1301 gerit
3429 1230 3652 1289 Christi.
3684 1238 3800 1291 Item

555 1329 712 1397 juxta
731 1326 988 1391 Paulum,
1018 1324 1111 1394 qui
1143 1323 1385 1378 decimas
1417 1321 1644 1391 accipit,
1676 1319 1919 1375 decimas
1950 1319 2216 1388 persolvit
2239 1319 2307 1373 ”.
2337 1319 2502 1390 Atqui
2534 1328 2652 1373 tum
2680 1318 2903 1390 quidem
2951 1316 3123 1389 ﬁgura
3168 1318 3237 1374 ad
3273 1317 3664 1376 Melchisedech
3701 1338 3805 1379 sese

560 1416 860 1480 referebat,
890 1423 1017 1485 post
1045 1429 1177 1470 vero
1208 1413 1375 1469 etiam
1410 1413 1464 1467 in
1507 1412 1626 1483 lege
1656 1412 1800 1467 idem
1831 1412 2014 1465 evenit
2040 1429 2054 1465 :
2098 1408 2343 1465 decimas
2374 1407 2521 1462 enim
2557 1405 2803 1478 pendunt
2848 1420 3023 1462 sacrae
3053 1405 3254 1463 domus
3285 1406 3573 1478 prafecto,
3604 1408 3800 1477 Sancto,

561 1508 807 1575 inquam,
832 1514 1150 1559 sanctorum
1192 1508 1399 1558 sanctae
1429 1498 1687 1556 Ecclesia
1720 1498 2021 1555 secundum
2059 1496 2400 1553 Danielem“
2425 1537 2439 1561 ,
2471 1494 2787 1552 sanctiﬁcat
2828 1495 2974 1550 enim
3007 1503 3254 1550 sanctos.
3278 1491 3413 1551 Item
3444 1494 3557 1552 Deo
3578 1494 3801 1566 deorum,

558 1596 649 1650 cui
679 1594 860 1650 omnis
888 1593 1107 1648 fructus
1152 1591 1404 1657 debetur,
1446 1590 1909 1662 quemadmodum
1944 1589 2211 1660 scriptum
2260 1595 2347 1643 est
2385 1588 2469 1655 θ’,
2519 1588 2787 1658 quoniam
2833 1603 3032 1643 omnes
3078 1587 3443 1660 undiquaque
3470 1587 3640 1659 ipsius
3674 1589 3797 1645 dona

561 1684 761 1739 ferent.
790 1685 1133 1752 Quapropter
1158 1682 1203 1735 si
1236 1696 1301 1736 ex
1340 1679 1572 1735 decimis
1599 1678 1918 1733 Levitarum
1965 1677 2240 1747 primitias
2285 1692 2394 1731 non
2443 1676 2746 1747 acciperet,
2781 1691 2879 1732 eos
2906 1691 3130 1747 quoque
3161 1691 3276 1731 non
3306 1676 3697 1733 sanctiﬁcaret.
3722 1680 3803 1734 At-

561 1789 670 1844 que
699 1774 806 1827 ltoc
833 1783 918 1827 est
943 1770 1090 1840 quod
1140 1769 1342 1841 inquit,
1389 1777 1443 1825 et
1494 1786 1515 1820 ι
1557 1766 1761 1821 Sancta
1799 1766 2034 1820 ﬁliorum
2068 1766 2232 1821 Israel
2264 1780 2331 1820 ne
2361 1765 2619 1836 polluatis
2645 1764 2805 1837 41],
2840 1774 2899 1819 ιιι
2924 1781 3032 1820 non
3063 1765 3377 1821 moriamini
3405 1765 3473 1819 ”.
3508 1784 3527 1819 ι
3558 1764 3667 1821 Hoc
3693 1783 3806 1824 sane

561 1871 725 1932 pacto
756 1868 1028 1930 quotquot
1054 1870 1374 1913 sanetorum
1414 1856 1699 1912 Christum
1726 1862 1951 1910 sanctas
1981 1852 2252 1925 primitias
2291 1868 2388 1923 pro
2419 1854 2621 1923 seipsis
2648 1854 3011 1909 constitutum
3054 1869 3200 1919 esse,
3236 1862 3292 1910 et
3323 1862 3551 1925 peccata
3584 1854 3807 1926 baiulare

560 1955 856 2013 noverunt,
882 1956 936 2002 et
969 1946 1033 2000 ad
1063 1944 1270 2000 Christi
1307 1945 1674 2000 imitationem
1725 1959 1847 1999 sese
1877 1952 2233 2012 componunt,
2270 1940 2542 2012 peregrini
2578 1941 2720 2011 apud
2759 1942 3014 1997 homines
3047 1952 3201 2007 sunt,
3226 1941 3566 2013 minimeque
3587 1943 3804 2015 ipsorum

561 2043 877 2091 consortes.
926 2031 991 2086 Et
1025 2031 1079 2087 id
1110 2033 1257 2102 quod
1287 2033 1424 2103 ipsis
1457 2031 1712 2087 Christus
1753 2042 1857 2095 est,
1885 2030 2207 2085 hominibus
2230 2030 2335 2100 ipsi
2371 2030 2687 2085 exsistunt:
2733 2030 2938 2084 Delecti
2968 2030 3194 2101 quidem
3222 2030 3291 2085 ab
3317 2030 3444 2101 ipso
3468 2030 3524 2086 in
3559 2032 3805 2103 primitias

562 2124 773 2186 mundi,
802 2122 1023 2177 modum
1066 2136 1191 2176 vere
1218 2120 1437 2176 vivendi
1480 2135 1648 2191 supra
1678 2119 1821 2189 vulgi
1873 2126 2144 2183 tenentes,
2184 2127 2407 2190 propter
2440 2118 2867 2174 sanctimoniam
2916 2135 3083 2189 quam
3128 2135 3226 2190 per
3251 2119 3537 2177 Christum
3564 2118 3803 2180 oﬂerunt.

560 2213 833 2281 Quocirca
867 2208 1122 2264 Christus
1170 2224 1343 2279 panes
1382 2208 1587 2275 quibus
1639 2207 1939 2272 benedicit,
1979 2207 2032 2261 in
2065 2222 2262 2263 manus
2311 2207 2533 2277 accipit,
2584 2214 2639 2262 et
2696 2205 2987 2277 discipulis
3023 2208 3215 2265 tradit.
3266 2207 3459 2280 Neque
3490 2225 3620 2266 vero
3666 2212 3806 2280 vulgo

560 2298 799 2357 naturali
829 2299 1046 2351 ratione
1074 2296 1344 2352 excellere
1387 2294 1741 2365 cogitandum
1786 2301 1904 2359 est;
1949 2309 2074 2347 nam
2109 2308 2233 2349 cum
2265 2314 2294 2352 e
2332 2298 2538 2352 mundo
2584 2313 2692 2353 non
2720 2298 2810 2363 sit,
2838 2298 2996 2369 juxta
3021 2314 3245 2356 carnem
3278 2313 3310 2354 e
3338 2300 3545 2357 mundo
3566 2312 3669 2369 est,
3696 2316 3804 2357 cum

559 2400 613 2445 et
643 2388 948 2459 discipulos
997 2402 1129 2443 suos
1186 2402 1217 2442 e
1248 2386 1451 2441 mundo
1484 2386 1789 2454 selegissct,
1828 2385 2291 2453 quemadmodum
2348 2402 2599 2441 sunnnus
2644 2386 2892 2457 pontifex
2921 2403 2951 2442 e
3013 2387 3217 2458 popqu
3273 2385 3518 2445 Levitas.
3558 2389 3637 2445 Ad
3664 2405 3804 2460 quem

560 2479 764 2534 dictum
800 2484 887 2531 est
922 2493 935 2529 :
978 2495 998 2526 ι
1040 2473 1270 2530 Fratres
1297 2485 1420 2530 tuos
1450 2475 1591 2529 ﬁlios
1621 2473 1748 2527 Levi
1783 2473 1963 2528 adduc
1993 2473 2060 2527 ad
2101 2473 2361 2545 teipsum,
2394 2490 2457 2529 ac
2482 2473 2789 2544 jungantur
2820 2475 2940 2538 tibi,
2970 2490 3033 2530 ac
3067 2476 3164 2530 tibi
3195 2476 3535 2532 ministrent.
3573 2495 3592 2529 ι
3636 2476 3805 2534 Posset

563 2583 694 2624 vero
728 2578 917 2639 typum
969 2565 1149 2621 adhuc
1182 2566 1515 2635 argutiorem
1553 2564 1760 2620 Christi
1797 2578 1989 2636 gerere
2015 2562 2248 2635 Moyses,
2276 2563 2371 2633 qui
2417 2577 2448 2615 a
2479 2561 2699 2617 nemine
2743 2562 3026 2617 hominum
3071 2574 3293 2628 unctus,
3329 2564 3603 2620 Aaronem
3650 2567 3804 2632 ungit,

561 2658 806 2713 divinam
836 2666 891 2710 et
925 2655 1257 2710 invisibilem
1288 2654 1605 2709 unctionem
1635 2652 1864 2707 habens.
1908 2649 2027 2705 Non
2072 2651 2218 2705 enim
2253 2650 2367 2706 ﬁeri
2413 2650 2570 2714 solet,
2599 2658 2659 2704 ut
2696 2650 2926 2706 inferior
2968 2652 3283 2707 sanctiﬁcet
3321 2654 3682 2723 superiorem,
3721 2655 3802 2710 sed

562 2743 739 2815 major
770 2744 1034 2797 unctione
1088 2742 1275 2796 divina
1312 2741 1466 2813 ungit
1500 2740 1789 2795 minorem.
1823 2740 2171 2810 Quapropter
2198 2738 2268 2795 de
2315 2739 2501 2810 seipso
2531 2738 2714 2809 inquit
2744 2737 3000 2794 Christus
3028 2758 3041 2794 ς
3079 2759 3097 2791 ι
3131 2737 3290 2795 Hunc
3315 2740 3467 2796 enim
3505 2739 3643 2797 Deus
3670 2750 3805 2814 pater

560 2830 955 2900 obsignavit”.
988 2850 1008 2882 ι

634 2927 764 2983 Πανί
792 2937 867 2982 est
892 2924 1217 2982 creremonia
1250 2923 1379 2994 legis
1415 2938 1575 2993 quam
1606 2922 1863 2993 pmepit
1896 2920 2181 2976 Dominus.
2216 2916 2383 2992 [th,
2414 2917 2498 2990 2.]
2538 2918 2597 2973 In
2633 2922 2735 2975 hoc
2770 2921 2919 2975 enim
2965 2930 3235 2993 mysterio
3267 2931 3382 2979 tota
3435 2924 3520 2980 vis
3550 2942 3680 2996 tegis
3704 2928 3804 2998 spi-

560 3016 840 3073 ritualiter
865 3023 950 3070 est
981 3013 1269 3069 conclusa.
1310 3009 1447 3064 Nam
1488 3025 1657 3064 vacca
1705 3012 1797 3064 illa
1835 3010 2044 3079 integra
2081 3007 2338 3063 Christus
2388 3016 2493 3062 est.
2526 3007 2584 3062 In
2636 3026 2746 3078 quo
2792 3008 3021 3078 quidem
3067 3010 3205 3065 nihil
3247 3027 3431 3067 causae
3468 3015 3803 3084 deprehendit

559 3104 751 3161 mundi
782 3117 1073 3175 pronceps.
1114 3100 1219 3166 Qui
1251 3097 1461 3155 Iudaeis
1492 3099 1621 3154 item
1658 3099 1801 3153 dixit
1833 3114 1849 3153 :
1883 3117 1901 3150 ι
1936 3097 2073 3165 Quis
2104 3112 2191 3152 me
2215 3098 2429 3168 peccati
2458 3106 2653 3168 arguet
2681 3100 2769 3150 "1'
2801 3118 2820 3151 ι
2866 3097 3015 3155 Idem
3052 3115 3187 3156 vero
3219 3104 3387 3158 etiam
3416 3105 3644 3173 vitulus,
3674 3107 3802 3161 sicut

564 3197 736 3262 Deus,
766 3195 1000 3261 dicitur,
1032 3201 1088 3249 et
1118 3192 1320 3247 ductor
1350 3190 1709 3246 universalis.
1731 3189 1861 3245 Jam
1893 3205 2026 3245 vero
2053 3187 2306 3260 quamvis
2334 3200 2497 3241 vacca
2531 3195 2761 3258 propter
2785 3202 3006 3243 carnem
3032 3188 3269 3260 imperio
3296 3192 3366 3246 sit
3385 3192 3609 3248 subdita
3636 3204 3683 3248 et
3713 3194 3802 3248 sub

557 3287 679 3357 lege
710 3283 970 3347 exsistat,
1014 3296 1042 3334 a
1070 3281 1205 3352 jugo
1237 3289 1422 3336 tamen
1464 3280 1637 3335 libera
1672 3287 1781 3341 cst,
1814 3277 2068 3348 subjacet
2107 3275 2251 3332 enim
2284 3275 2515 3341 nemini,
2547 3276 2679 3344 quin
2712 3276 2901 3345 potius
2939 3277 2987 3332 ei
3018 3278 3233 3334 ortinia.
3280 3277 3417 3333 Nam
3460 3284 3577 3351 ipse
3600 3281 3799 3351 quidem

559 3373 821 3444 quamvis
853 3370 961 3427 sub
991 3370 1109 3440 lege
1132 3369 1231 3434 sit,
1265 3367 1515 3423 omnimn
1550 3378 1732 3422 tamen
1764 3374 1849 3422 est
1874 3366 2145 3435 superior,
2183 3363 2438 3434 quamvis
2468 3363 2735 3434 prepheta
2764 3364 2860 3430 sit,
2906 3367 3305 3435 prophetarum
3337 3375 3528 3424 tamen
3559 3368 3800 3423 Dominus

560 3467 668 3515 est.
712 3456 861 3511 Rufa
900 3466 1082 3509 autem
1112 3451 1239 3516 fuit,
1263 3460 1568 3522 propterea
1599 3451 1745 3521 quod
1778 3450 1970 3504 modus
1994 3449 2312 3505 domesticae
2336 3451 2847 3507 administrationis
2872 3452 3144 3521 sanguine
3160 3455 3440 3520 constitit,
3468 3456 3633 3511 simul
3654 3458 3799 3513 etiam

561 3555 788 3617 propter
817 3559 1066 3615 carnem.
1099 3541 1313 3596 Etenim
1347 3541 1540 3594 Adami
1590 3555 1786 3595 nomen
1820 3540 2043 3594 rubram
2079 3546 2281 3593 terram
2328 3554 2394 3593 ex
2426 3552 2534 3608 qua
2587 3538 2918 3609 desumptns
2961 3548 3047 3596 est
3083 3542 3383 3612 signiﬁcat.
3423 3543 3594 3599 Extra
3638 3555 3800 3601 castra

563 3650 694 3691 vero
728 3633 1003 3696 educitur,
1025 3630 1286 3700 quoniam
1315 3637 1471 3683 extra
1506 3628 1721 3693 urbem,
1741 3628 2044 3682 secundum
2072 3624 2391 3696 Apesolum,
2416 3640 2618 3695 passus
2648 3633 2734 3681 est
2764 3626 2832 3681 “.
2858 3625 3126 3682 Caeterum
3159 3631 3420 3686 sacerdos
3448 3632 3663 3687 interim
3687 3634 3800 3687 dum

564 3728 902 3777 mactaretur
935 3719 1148 3782 aderat,
1181 3731 1345 3785 quem
1396 3715 1607 3785 alioqui
1639 3714 1931 3770 cadaveris
1973 3713 2293 3785 spectaculo
2329 3713 2498 3783 pollui
2534 3713 2691 3770 nefas
2732 3724 2873 3782 erat,
2916 3721 2976 3769 ut
3008 3717 3390 3772 testimonium
3442 3720 3676 3775 victimas
3697 3738 3801 3792 per-

564 3808 779 3863 biberet
818 3803 1138 3859 munditici.
1191 3802 1325 3869 Quae
1371 3802 1522 3857 inter
1555 3806 1749 3857 omnes
1783 3802 1923 3858 alias
1959 3801 2212 3856 victimas
2246 3802 2418 3856 libera
2460 3810 2605 3868 erat,
2646 3817 2830 3875 neque
2870 3802 3064 3858 odiosa
3098 3806 3569 3875 quemadmodum
3598 3824 3673 3864 ea?
3697 3826 3802 3880 qua-

565 3912 665 3967 pro
697 3894 940 3966 peccatis
978 3893 1360 3955 immolantur,
1407 3906 1532 3946 cum
1570 3907 1633 3946 ea
1669 3906 1767 3960 pro
1798 3891 2128 3961 purgatione
2159 3889 2574 3944 immundorum
2602 3897 2657 3944 et
2692 3891 3136 3947 manumissione
3179 3908 3474 3950 servorum
3500 3897 3798 3953 caederetur.

563 3983 835 4049 Caeterum
874 3981 929 4035 in
980 3982 1082 4034 hoc
1116 3992 1304 4051 typum
1341 3988 1541 4035 sancto
1587 3979 1797 4049 Spiritu
1826 3979 2197 4033 delibutorum
2220 3976 2468 4048 praetulit
2495 3976 2780 4033 sacerdos.
2822 3977 2905 4033 Ad
2939 3978 3235 4036 credentes
3268 3982 3414 4037 enim
3446 3982 3656 4039 dictum
3690 3994 3799 4040 est:

573 4091 590 4124 ι
632 4070 744 4125 Vos
778 4085 906 4124 vero
933 4084 1106 4140 genus
1136 4070 1401 4133 electum,
1439 4069 1623 4138 regale
1649 4067 2045 4135 sacerdotium,
2073 4082 2206 4136 gens
2234 4078 2429 4124 sancta
2450 4069 2523 4134 '7,
2564 4090 2582 4123 ι
2611 4068 2816 4141 quibus
2852 4085 2881 4124 a
2914 4068 3026 4125 Deo
3060 4070 3224 4126 Patre
3251 4074 3412 4129 datus
3435 4087 3524 4131 est
3544 4074 3797 4141 Christus,

566 4156 959 4220 sanctiﬁcatio,
988 4154 1382 4224 redemptionis
1405 4156 1664 4225 pretium,
1704 4156 1995 4226 sapientia,
2036 4164 2288 4210 servator
2320 4164 2374 4211 et
2400 4155 2644 4225 justitia.
2676 4158 2829 4223 Quos
2855 4165 3077 4228 oportet
3098 4164 3371 4232 consequi
3403 4162 3610 4233 ipsum,
3641 4177 3699 4219 ac
3718 4179 3801 4233 0p-

567 4243 851 4317 probrium
867 4242 1010 4313 ejus,
1051 4241 1155 4295 hoc
1178 4251 1286 4308 est,
1325 4243 1603 4313 propriam
1633 4258 1852 4297 crucem
1883 4243 2041 4297 ferre.
2081 4260 2098 4293 ι
2136 4240 2192 4297 Si
2227 4242 2352 4312 quis
2372 4242 2517 4296 enim
2550 4258 2637 4297 me
2668 4243 2783 4297 vult
2808 4244 3146 4311 consectari,
3178 4246 3376 4317 inquit,
3406 4251 3640 4321 abneget
3674 4252 3801 4321 seip-

566 4350 715 4399 sutn,
744 4341 799 4386 et
825 4332 1095 4401 suscipiat
1119 4347 1343 4387 crucem
1375 4347 1557 4398 suam,
1588 4342 1642 4386 et
1662 4343 1928 4402 sequatur
1956 4349 2040 4388 tne
2065 4333 2135 4387 νδ.
2171 4350 2190 4385 ι
2227 4329 2379 4397 Quos
2411 4330 2544 4384 utile
2582 4347 2806 4402 quoque
2846 4340 2901 4387 et
2932 4348 3162 4388 necesse
3197 4343 3285 4391 est
3304 4337 3380 4392 ob
3406 4340 3599 4393 oculos
3623 4338 3801 4393 habere

566 4431 844 4478 mortuum
872 4418 1181 4473 Christum.
1221 4417 1456 4489 Insuper
1483 4428 1536 4474 et
1571 4421 1704 4474 illud
1739 4420 2111 4491 signiﬁcatum
2138 4428 2223 4474 est
2250 4418 2354 4474 hoc
2385 4418 2532 4488 quod
2560 4421 2825 4475 sacerdos
2851 4422 3179 4477 mactationi
3226 4438 3409 4480 vacca:
3437 4426 3702 4491 interfuit,
3722 4442 3798 4491 ne,

566 4518 627 4564 nt
666 4506 969 4579 Apostolus
1013 4506 1413 4576 interpretatur
1461 4509 1563 4561 sibi
1603 4510 1739 4579 ipsis
1786 4509 2022 4579 amplius
2070 4508 2277 4576 vivant,
2314 4512 2408 4566 sed
2436 4512 2487 4567 ei
2519 4512 2612 4582 qui
2665 4528 2764 4583 pro
2803 4512 2941 4583 ipsis
2984 4524 3241 4570 mortuus
3283 4525 3376 4572 est
3406 4525 3462 4571 et
3498 4518 3798 4574 resurrexit.

572 4618 589 4650 ι
629 4596 700 4652 Ut
732 4597 880 4653 enim
908 4594 1019 4647 Deo
1061 4594 1264 4660 vivam,
1296 4597 1496 4666 inquit,
1519 4612 1645 4651 cum
1686 4596 1912 4650 (ihristo
1940 4598 2240 4653 cruciﬁxus
2270 4615 2414 4653 sum.
2447 4600 2582 4653 Vivo
2620 4609 2805 4655 autem
2840 4615 2952 4656 non
2987 4616 3090 4671 ego
3112 4603 3379 4674 amplius,
3401 4605 3497 4660 sed
3527 4607 3581 4660 in
3617 4621 3695 4661 me
3729 4604 3797 4657 vi-

566 4688 642 4739 vit
666 4685 1012 4749 Christus",
1052 4703 1073 4737 ι
1112 4686 1203 4753 qui
1238 4686 1465 4755 proprio
1492 4701 1597 4740 suo
1622 4685 1893 4756 sanguine
1916 4700 2098 4740 veram
2126 4687 2426 4741 Ecclesiam
2474 4687 2842 4743 tabernaculo
2866 4689 3253 4745 adumbratam
3306 4694 3628 4764 eonspergit
3655 4702 3704 4748 et
3732 4692 3798 4747 ir-

567 4774 711 4844 rigat
744 4788 810 4826 ac
858 4771 1080 4827 abunde
1111 4772 1469 4844 perfectaque
1521 4774 1875 4836 sanctiﬁcat,
1923 4772 2388 4843 quemadmodum
2439 4790 2537 4844 per
2584 4776 2771 4844 septies
2812 4777 3181 4847 signiﬁcatum
3225 4786 3337 4835 est.
3384 4780 3654 4837 Caeterum
3693 4787 3798 4851 post

569 4860 961 4915 mactationem
996 4860 1119 4929 igne
1137 4861 1504 4925 comburitur,
1533 4876 1658 4914 nam
1694 4860 1761 4915 ad
1794 4877 1968 4931 usque
1995 4870 2230 4917 mortem
2262 4862 2518 4917 Christus
2547 4878 2645 4932 pro
2662 4863 2823 4918 nobis
2859 4874 3106 4921 tentatus
3129 4875 3248 4935 est;
3283 4868 3409 4939 igne
3442 4869 3587 4924 enim
3619 4869 3796 4939 proba-

540 4942 658 5007 ‘tur
683 4960 995 5021 argentum,
1028 4953 1171 5007 sicut
1202 4952 1368 5007 David
1399 4952 1584 5023 inquit
1615 4968 1629 5004 :
1659 4970 1679 5003 ι
1710 4950 1988 5017 Probasti,
2019 4950 2183 5019 Deus,
2214 4951 2506 5023 periguem
2535 4951 2744 5005 duxisti
2775 4952 2923 5007 sicut
2950 4962 3237 5024 argentum
3258 4952 3484 5011 ducitur
3507 4957 3547 5010 '.
3578 4975 3597 5009 ι
3632 4954 3797 5025 Itaque

565 5055 630 5095 ex
674 5039 1161 5107 lidejustiﬁcatos,
1203 5055 1301 5109 pro
1344 5041 1548 5111 quibus
1591 5050 1843 5094 mortuus
1887 5049 1973 5095 est
2008 5037 2420 5110 quodammodo
2466 5036 2684 5093 affatur.
2714 5037 2779 5092 Et
2815 5055 2911 5110 per
2948 5039 3277 5096 Zachariam
3308 5042 3491 5115 inquit
3523 5061 3537 5099 :
3566 5062 3586 5097 ι
3627 5043 3797 5100 Cedite

567 5128 878 5185 mercedem
926 5142 1106 5182 meam
1142 5127 1371 5199 triginta
1408 5130 1600 5186 siclos.
1640 5128 1705 5183 Et
1746 5127 1889 5184 dixit
1922 5120 2194 5184 Demiuus
2232 5126 2302 5182 ad
2333 5143 2419 5181 me
2455 5144 2467 5181 :
2496 5126 2694 5197 Alvjice
2727 5128 2834 5184 hoc
2865 5129 2931 5184 ad
2962 5129 3211 5200 ﬁgulum,
3239 5139 3294 5186 et
3331 5131 3621 5186 considera
3650 5145 3793 5202 quam

566 5216 920 5285 magniﬁcum
959 5216 1034 5271 sit
1070 5216 1203 5270 illud
1235 5218 1477 5287 pretium
1504 5232 1617 5289 quo
1654 5218 1784 5272 licui
1813 5218 1883 5271 ab
1917 5219 1999 5273 eis
2022 5220 2066 5271 '.
2097 5237 2115 5269 ι
2150 5217 2324 5271 Porro
2358 5216 2413 5269 in
2452 5230 2620 5270 vacca
2651 5217 2790 5271 nihil
2822 5225 2909 5273 est
2935 5217 3290 5287 rejectitium.
3323 5218 3497 5275 Totus
3524 5220 3662 5275 enim
3686 5234 3797 5273 san-

564 5316 689 5357 ctus
715 5310 801 5357 est
831 5301 1110 5367 Christus,
1137 5311 1191 5358 et
1217 5306 1483 5359 carnibus
1515 5313 1568 5360 et
1600 5304 1917 5375 tergoribus
1943 5315 2051 5357 tam
2070 5304 2306 5359 occultis
2339 5318 2501 5373 quam
2540 5302 2872 5359 manifestis.
2897 5303 3131 5375 Lignum
3163 5320 3296 5360 vero
3324 5306 3604 5363 cedrinum
3636 5307 3796 5361 incor-

567 5389 988 5459 ruptibilitatem
1019 5392 1223 5458 innuit,
1253 5393 1710 5462 putrefactionem
1737 5393 1886 5448 enim
1906 5391 2136 5461 refugit,
2164 5408 2260 5447 seu
2294 5400 2354 5447 ut
2381 5393 2732 5463 quorundam
2763 5403 2849 5448 est
2880 5394 3155 5449 sententia
3186 5409 3432 5460 crucem,
3459 5393 3791 5466 quemadmo-

501 5543 506 5547 g
565 5476 695 5531 dum
723 5478 869 5532 enim
904 5478 1038 5533 illud
1073 5480 1386 5551 putredinis
1411 5497 1610 5547 expers
1641 5487 1747 5547 est,
1782 5482 1855 5536 ita
1886 5480 2000 5535 haec
2033 5481 2159 5535 vitae
2182 5481 2509 5551 participem
2546 5482 2729 5535 eﬁicit.
2765 5479 3040 5536 Caeterum
3070 5480 3348 5554 hyssopus
3376 5485 3788 5556 purificationem

566 5566 830 5631 dcnO'at;
859 5566 967 5620 vim
1008 5569 1155 5623 enim
1190 5568 1460 5641 purgandi
1493 5583 1619 5624 cum
1651 5567 1872 5634 habeat,
1905 5583 2043 5639 pura
2074 5569 2350 5626 viscerum
2382 5569 2599 5624 emollit
2634 5580 2689 5625 et
2718 5569 2971 5625 defaecat.

635 5720 676 5793 ’ξτ
714 5718 911 5793 Matth.
947 5738 1063 5785 xix,
1095 5720 1186 5775 21.
1293 5722 1337 5753 ⁸³
1374 5722 1519 5778 Psal.
1566 5739 1755 5787 xxxvi,
1798 5723 1852 5777 5.
1932 5723 1976 5755 ’θ
2016 5720 2214 5779 Matth.

2165 5723 2214 5779 h.
2251 5740 2324 5783 vt.
2361 5724 2458 5788 25,
2490 5723 2579 5778 53.
2641 5725 2689 5757 θ’
2720 5723 2886 5780 llcbr.
2920 5741 3016 5788 vlt,
3047 5726 3083 5778 ‘2
3122 5742 3277 5793 seqq.
3360 5728 3401 5759 θ’
3447 5728 3577 5781 Dan.
3614 5741 3681 5784 ις.
3706 5720 3780 5793 ﬁxi.

564 5792 609 5822 ι’
644 5789 659 5842 l
692 5790 819 5845 Cur.
859 5809 944 5855 ιι,
973 5795 1062 5854 :tz'i,
1100 5794 1189 5845 27.
1291 5796 1335 5825 93
1388 5793 1559 5847 l.c\'it.
1600 5810 1711 5854 ut.
1750 5795 1838 5848 l2.
1950 5795 1995 5828 ”
2033 5793 2193 5848 Joau.
2228 5810 2301 5856 vt,
2326 5796 2415 5849 27.
2494 5797 2539 5826 ³⁵
2570 5793 2729 5849 Joau.
2767 5812 2882 5858 vui,
2918 5796 2986 5850 46
3086 5797 3133 5828 ’⁸
3178 5789 3343 5852 Hebr.
3382 5815 3498 5857 xm,
3554 5799 3603 5849 ll
3703 5792 3778 5845 "l

566 5859 717 5916 ιιι-λε’.
762 5876 817 5925 ιι,
851 5865 903 5916 9.
1020 5866 1064 5897 "
1098 5863 1290 5918 Matth.
1326 5880 1437 5927 xu,
1477 5864 1567 5921 ii.
1681 5866 1725 5896 ’⁵
1759 5865 1937 5919 Ualat.
1976 5881 2034 5930 lt,
2076 5866 2160 5931 t9,

2076 5866 2160 5931 t9,
2207 5865 2297 5920 20.
2378 5867 2392 5895 ¹
2434 5866 2579 5931 Psal,
2625 5882 2751 5933 μιν,
2796 5869 2880 5922 10.
2962 5869 2979 5897 ¹
3030 5865 3263 5925 Zachar.
3326 5884 3403 5928 xi.
3461 5868 3538 5931 ll,
3570 5866 3655 5923 15.
