4090 6542
336 420 442 484 849
1429 425 1962 486 COMMENTARII
1990 425 2069 486 IN
2113 426 2161 486 Ν
2170 425 2279 485 UM
2291 424 2504 483 EROS".
3495 417 3601 480 850

411 533 708 599 ’Υσσωπος
732 534 809 601 δὲ,
831 535 915 589 δτι
940 535 1140 606 εὐωδίᾳ
1158 535 1257 608 τὴν
1277 536 1543 591 δυσωδίαν
1574 536 1668 591 τοῦ
1692 537 1922 591 Θανάτου
1956 549 2000 605 Α

1985 555 2000 604 ι
2104 536 2211 591 Seu
2245 536 2391 605 quod
2426 537 2633 606 lignum
2680 534 2867 591 crucis
2893 534 3063 591 odore
3094 532 3257 605 412
3290 547 3390 588 suo
3439 532 3600 587 fmto-

336 628 674 684 κατέπαυσε.
2029 643 2142 682 rem
2187 628 2383 682 mortis
2433 627 2526 698 qui
2558 642 2589 683 e
2626 627 2775 698 ligno
2824 625 3067 683 scicntia:
3105 625 3406 697 prodierat,
3453 624 3602 678 miti-

2024 718 2196 790 gavit.

408 845 514 901 Seu
550 848 694 918 quod
731 848 879 903 vitali
911 847 1095 905 calore
1128 847 1481 921 {rigiditatem
1518 866 1640 921 qure
1695 850 1751 905 in
1805 858 1980 909 morte
2017 854 2181 910 insita
2232 862 2316 910 est
2356 852 2629 909 disSolvit.
2663 853 2841 908 Filum
2923 868 3053 907 vero
3096 850 3379 906 coccinum
3448 864 3605 902 cont-

334 938 646 1008 plexionem
698 939 922 995 denotat
958 941 1189 997 rationis
1220 956 1344 997 cum
1389 958 1572 1004 carne.
1600 959 1694 1014 per
1717 960 1880 1013 quam
1914 960 2013 1015 pro
2053 949 2213 1003 nobis
2249 964 2457 1018 passus
2488 946 2922 1003 immortalitatis
2961 946 3140 999 locum
3180 943 3337 998 nobis
3386 955 3604 1012 praepa-

334 1026 501 1083 ravit.
552 1028 688 1083 ltem
743 1030 981 1100 expungi
1033 1030 1307 1084 maculam
1364 1031 1670 1087 visceribus
1723 1032 1959 1087 inustam
2008 1043 2065 1089 et
2100 1050 2200 1104 per
2227 1036 2545 1091 tinctionem
2588 1034 2882 1091 salutarem
2922 1040 2976 1087 et
3012 1047 3108 1102 per
3153 1030 3410 1084 virtutem
3454 1027 3599 1093 ﬁdei.

336 1134 458 1173 non-
485 1119 633 1175 enim
663 1121 853 1177 carnis
888 1121 1163 1192 depositio
1192 1122 1438 1177 sordium
1504 1130 1591 1178 est
1623 1124 1874 1186 remotio,
1912 1120 2109 1192 inquit,
2145 1122 2243 1177 sed
2301 1122 2655 1178 conscientiae
2700 1121 2856 1176 bonae
2898 1117 3252 1187 interrogatio
3297 1132 3397 1187 per
3434 1129 3598 1185 quam

332 1206 665 1261 delictorum
719 1216 805 1263 est
857 1208 1143 1278 remissio;
1184 1209 1456 1279 siquidem
1487 1212 1662 1280 gratia
1692 1226 1817 1265 eum
1858 1212 2231 1283 consequitur.
2262 1213 2357 1283 qui
2388 1228 2509 1269 eam
2541 1213 2597 1267 in
2628 1210 2733 1266 ﬁde
2765 1217 3137 1265 consectatur.
3171 1207 3313 1272 Quin
3345 1206 3508 1261 etiam
3547 1204 3595 1259 is

334 1294 434 1362 qui
479 1294 753 1350 comburit
813 1303 869 1350 et
904 1296 953 1351 is
1008 1297 1103 1365 qui
1138 1298 1343 1367 colligit
1381 1298 1617 1364 cineres,
1647 1297 1716 1352 ad
1761 1313 2041 1368 vesperam
2074 1313 2249 1370 usque
2303 1309 2432 1356 sunt
2477 1297 2766 1354 immundi.
2829 1296 3048 1350 Necnon
3089 1293 3346 1349 sacerdos
3385 1306 3605 1363 quoque

334 1380 435 1450 qui
489 1381 706 1438 cineres
758 1382 1053 1438 admiscuit
1100 1384 1388 1440 cedrinum
1431 1384 1635 1456 lignum
1696 1394 1752 1440 et
1793 1385 2109 1457 hyssopum.
2168 1388 2239 1441 At
2289 1387 2342 1442 hi
2380 1387 2597 1457 quidem
2644 1386 2845 1439 ablutis
2892 1382 3235 1437 vestimentis
3275 1380 3437 1436 etiam
3478 1395 3602 1433 cum

342 1466 534 1522 mundi
567 1468 702 1533 sint,
754 1467 1021 1525 immundi
1069 1485 1194 1525 esse
1227 1470 1516 1536 dicuntur;
1555 1472 1647 1526 lex
1699 1473 1842 1526 enim
1871 1473 2121 1529 humana:
2156 1482 2367 1529 natura:
2403 1472 2832 1529 imbecillitatem
2873 1470 3097 1524 revelat.
3126 1468 3277 1523 Adeo
3302 1475 3361 1521 ut
3390 1475 3608 1522 sancto-

338 1569 464 1608 rum
499 1570 662 1610 nemo
719 1570 749 1609 a
790 1557 954 1613 sorde
993 1559 1062 1614 sit
1105 1557 1369 1614 immunis
1399 1558 1441 1612 ⁸.
1474 1558 1625 1613 Adeo
1674 1570 1727 1613 ut
1763 1558 2070 1616 Servatoris
2111 1556 2427 1617 ministerio
2460 1561 2663 1631 dignus
2708 1559 2780 1615 sit
2829 1573 3008 1623 nemo,
3048 1571 3117 1610 ne
3160 1569 3303 1610 unus
3334 1553 3552 1625 quidem
3588 1595 3602 1617 ,

343 1640 465 1699 imo
486 1656 586 1699 nec
612 1652 671 1697 ut
697 1645 957 1714 mysteria
988 1643 1107 1714 ejus
1147 1644 1353 1700 delibet
1383 1660 1447 1700 ae
1486 1646 1738 1714 attingat.
1780 1646 1942 1701 Astra
1985 1647 2131 1703 enim
2191 1647 2479 1717 puritatem
2508 1662 2690 1701 coram
2749 1660 2814 1700 eo
2860 1644 3109 1698 obtinere
3149 1649 3446 1712 nequeunt,
3510 1640 3607 1694 ait.

335 1729 557 1796 Quanto
594 1730 779 1786 minus
818 1746 1007 1786 eorum
1062 1732 1260 1803 aliquis
1282 1732 1384 1803 qui.
1410 1734 1527 1804 puri
1560 1749 1682 1789 esse
1724 1736 2081 1789 aestimantur.
2131 1735 2292 1803 Atqui
2326 1736 2578 1805 purgatio
2607 1748 2669 1788 ea
2725 1748 2847 1803 quae
2877 1747 2971 1802 per
2998 1733 3214 1786 cineres
3245 1730 3305 1785 lit
3332 1744 3398 1784 ex
3450 1744 3608 1799 aequo

334 1817 507 1877 servit
542 1815 768 1873 Hebrao
812 1828 868 1875 et
916 1819 1161 1875 advenat.
1212 1820 1481 1887 Quoniam
1534 1831 1590 1877 et
1618 1821 1965 1877 circumcisio
1993 1829 2047 1878 et
2075 1823 2397 1894 praeputium
2423 1837 2490 1877 ex
2524 1822 2628 1876 ﬁde
2656 1820 3011 1889 justilicatur,
3038 1818 3189 1872 nullo
3218 1816 3468 1871 videlicet
3506 1830 3610 1875 τες

335 1911 532 1971 aspectu
569 1904 690 1974 ejus
720 1905 866 1975 quod
919 1916 1116 1960 natura
1156 1916 1338 1963 nostra
1393 1908 1632 1977 peccatis
1689 1922 1797 1962 non
1853 1918 2055 1977 careat,
2097 1911 2302 1965 habito.
2340 1908 2469 1965 ltem
2496 1910 2587 1980 qui
2624 1908 2679 1962 in
2711 1907 3015 1962 ministerio
3063 1912 3361 1975 operantur
3396 1917 3609 1974 purga—

337 1989 479 2044 tioni
515 1990 944 2059 immundorum,
975 2008 1101 2049 eum
1159 2010 1347 2051 eorum
1408 1995 1749 2049 immunditia
1779 1996 2133 2067 participant.
2163 1996 2320 2064 Quod
2358 2013 2492 2053 sane
2544 1996 2603 2050 ﬁt
2634 1995 2687 2049 in
2722 1995 2842 2065 ipso
2890 1993 3053 2061 hujus
3081 1993 3205 2047 vitae
3262 1990 3516 2056 articulo.
3553 1989 3608 2043 in

332 2092 453 2146 quo
486 2078 760 2150 principes
810 2096 936 2136 cum
969 2083 1201 2139 subditis
1246 2084 1639 2154 depravantur,
1685 2083 2141 2153 quemadmodum
2169 2084 2349 2141 .losias
2390 2100 2513 2141 eum
2568 2083 2789 2155 populo.
2820 2082 2878 2136 In
2913 2096 3022 2153 quo
3066 2087 3411 2150 peccatorum
3471 2092 3608 2148 quo-

334 2180 448 2235 QIte
481 2167 661 2224 socios
690 2185 751 2226 se
778 2169 990 2225 faciunt
1029 2185 1431 2242 saepenumero.
1471 2170 1937 2237 Quemadmodum
1962 2171 2141 2228 Moses
2184 2173 2409 2243 perﬁdia
2452 2171 2635 2242 populi
2665 2170 2945 2235 irritatus,
2997 2178 3053 2224 et
3097 2167 3165 2223 ad
3217 2164 3471 2238 loquendi
3500 2165 3608 2220 im-

333 2252 595 2324 pietatem
632 2256 902 2315 adductus
959 2258 1085 2315 fuit.
1148 2259 1305 2316 Sicut
1347 2269 1403 2315 et
1451 2258 1651 2325 Petro,
1686 2259 1908 2329 quando
1965 2261 2215 2316 homines
2264 2258 2703 2315 eireumeisionis
2763 2257 3064 2322 extimuit,
3123 2254 3454 2326 quandoque
3517 2268 3607 2309 se-

328 2342 521 2410 junxit
548 2359 720 2414 genus
772 2344 1062 2403 Judaicum
1125 2362 1167 2402 at
1187 2349 1415 2418 gentili,
1437 2349 1654 2406 accidit.
1687 2350 1820 2416 Qua
1845 2366 1979 2408 sane
2018 2365 2130 2404 non
2154 2349 2230 2403 ita
2256 2357 2419 2404 erunt
2475 2344 2746 2402 intutum
2782 2343 3011 2414 judicio,
3041 2342 3260 2415 quando
3285 2340 3508 2396 malitiae
3540 2352 3605 2394 ac

336 2430 554 2500 peccati
599 2434 878 2491 vinculum
909 2436 1287 2509 abrumpetur.

410 2559 859 2632 Oportuitautem
897 2565 1241 2639 inquinatum
1279 2584 1417 2640 aqua
1447 2570 1787 2628 lustrationis
1813 2571 2096 2643 conspergi
2121 2586 2216 2627 seu
2253 2570 2397 2625 ablui
2447 2568 2611 2623 tertia
2650 2575 2705 2623 et
2760 2567 2987 2637 septima
3032 2564 3139 2622 die.
3197 2562 3323 2617 llaec
3369 2559 3612 2632 quidem
3695 2626 3698 2628 γ

347 2661 491 2717 aqua
540 2649 816 2719 signiﬁcat
864 2656 1344 2711 resurrectionem.
1391 2655 1629 2728 Tempus
1673 2658 1801 2712 item
1864 2659 2221 2713 novissimum
2257 2658 2309 2711 in
2362 2656 2505 2727 quod
2556 2654 2753 2709 incidit
2784 2653 3112 2718 incarnatio,
3150 2651 3202 2704 in
3242 2649 3385 2720 quod
3438 2649 3601 2702 sintut

332 2733 603 2791 coincidit
629 2739 881 2809 purgatio
910 2756 1033 2811 quat
1073 2756 1171 2813 per
1194 2742 1519 2813 baptismum
1551 2752 1786 2811 constat,
1818 2742 2130 2815 Christique
2153 2751 2378 2799 mortem
2405 2742 2604 2805 innuit,
2640 2756 2761 2812 qute
2785 2740 3023 2794 indicata
3049 2753 3265 2809 quoque
3316 2746 3399 2791 est
3455 2749 3597 2805 aqua

332 2820 620 2880 cineribus
675 2826 928 2896 subacta,
994 2836 1050 2885 et
1099 2830 1343 2886 maculas
1375 2846 1441 2886 ex
1490 2831 1849 2887 cadaveribus
1915 2839 2225 2887 contractas
2262 2831 2495 2885 eluente.
2540 2827 2713 2885 Porro
2759 2827 2955 2883 domus
2996 2836 3050 2881 et
3088 2842 3217 2880 vasa
3257 2824 3459 2895 polluta
3505 2836 3605 2877 nos

337 2906 543 2964 iterum
577 2927 788 2969 sumus.
838 2914 918 2970 Ae
944 2915 1143 2973 domus
1180 2917 1397 2988 quidem
1438 2917 1741 2990 Synagoga
1783 2934 1972 2974 eorum
2020 2917 2114 2989 qui
2147 2917 2432 2971 Dominum
2481 2916 2820 2981 occiderunt,
2842 2923 2945 2969 est.
2987 2912 3128 2967 Vasa
3168 2927 3298 2966 vero
3361 2921 3606 2964 nostrum

337 2995 544 3067 singuli
591 3007 719 3054 sunt
744 3010 1014 3073 quotquot
1042 3004 1285 3059 animum
1326 3005 1524 3060 habent
1566 3008 1796 3071 nudum,
1852 3020 1916 3061 ac
1945 3005 2233 3075 quibusvis
2265 3003 2693 3074 inquinamentis
2748 3003 3017 3072 patulum.
3044 3000 3257 3055 Fideles
3296 3014 3426 3052 vero
3480 2997 3600 3049 ani-

337 3096 497 3137 xnum
532 3085 731 3142 habent
767 3089 905 3144 bene
967 3091 1257 3157 munitum,
1291 3099 1346 3146 et
1375 3092 1818 3162 inquinatoribus
1846 3094 2139 3149 lubricum.
2166 3092 2435 3147 Caeterum
2479 3090 2793 3145 immundus
2845 3096 2928 3144 est
2959 3088 3052 3158 qui
3087 3102 3183 3157 per
3225 3100 3419 3155 aquam
3493 3084 3607 3138 lus-

340 3171 599 3230 trationis
641 3184 940 3247 purgatus,
974 3178 1066 3248 qui
1094 3182 1341 3234 saucium
1393 3181 1687 3250 contingit,
1743 3196 1868 3235 eum
1906 3181 2115 3235 scilioet
2150 3179 2307 3249 cujus
2352 3194 2447 3233 cor
2508 3177 2821 3233 carnalibus
2850 3174 3228 3231 aﬁ‘ectionibus
3265 3174 3605 3227 vulneratum

336 3266 452 3322 est,
480 3259 607 3314 item
628 3276 691 3317 os
707 3264 1081 3325 cadaverimid
1100 3275 1206 3331 est,
1239 3266 1576 3336 impuritatis
1594 3268 1879 3338 reliquias,
1904 3274 1998 3321 aut
2018 3273 2432 3321 monumentum
2459 3264 2697 3319 hominis
2733 3263 3023 3323 inhumati.
3051 3262 3100 3316 id
3124 3271 3208 3315 est
3236 3300 3251 3323 ,
3284 3262 3377 3330 qui
3425 3259 3608 3329 aliquo

336 3345 509 3401 modo
526 3346 781 3403 defuncta
801 3350 1112 3423 impuritate
1138 3368 1265 3409 sese
1285 3354 1507 3424 polluit:
1527 3355 1764 3425 quandiu
1788 3355 2003 3410 enimin
2021 3354 2123 3408 hac
2141 3356 2246 3407 vita
2268 3367 2477 3416 sumus,
2507 3351 2620 3407 ﬁeri
2644 3367 2750 3405 non
2776 3358 2971 3421 potest.
3001 3360 3056 3405 ut
3079 3364 3183 3404 non
3207 3349 3405 3417 aliquaa-
3438 3350 3587 3416 impu

339 3433 534 3490 ritatis
556 3436 802 3505 reliquiae
816 3439 972 3495 nobis
988 3440 1570 3513 inltmreant,qnatnvis
1598 3459 1628 3497 a
1648 3444 1966 3499 vulneribus
1987 3440 2267 3498 diabolicis
2294 3439 2467 3495 simus
2491 3439 2722 3494 liberati.
2746 3437 2917 3493 Nemo
2956 3440 3099 3493 enim
3138 3438 3204 3492 ab
3229 3436 3607 3491 aﬁ‘eetionibus

336 3519 525 3577 evadit
548 3524 791 3582 omnino.
818 3524 959 3593 Quin
982 3528 1081 3583 etsi
1108 3543 1201 3583 eas
1219 3529 1602 3598 devicerimus,
1623 3531 2138 3601 etsepeliverimus,
2164 3526 2412 3597 contagio
2435 3533 2615 3581 tamen
2638 3525 2872 3595 quodam
2907 3540 3095 3579 eorum
3149 3523 3447 3578 inﬁcimur.
3476 3519 3606 3575 Otu-

354 3608 509 3664 nium
550 3627 679 3667 vero
720 3613 916 3668 horum
972 3616 1225 3687 purgatio
1256 3616 1507 3675 Christus
1552 3628 1654 3674 est.
1705 3620 1974 3675 Cicatrice
1997 3615 2143 3673 enim
2187 3616 2358 3685 ipsius
2396 3628 2497 3669 nos
2536 3628 2724 3669 omnes
2751 3612 2926 3668 sanati
2961 3626 3184 3675 sumus,
3236 3611 3328 3681 qni
3374 3611 3603 3663 advoca-

345 3702 443 3750 tus
490 3706 674 3753 noster
712 3708 796 3756 est
827 3701 968 3772 apud
997 3702 1212 3758 l’atrem
1237 3703 1280 3759 '.
1322 3723 1340 3755 ι
1372 3703 1486 3761 Nisi
1521 3707 1665 3761 enim
1698 3707 1822 3776 quis
1846 3714 2198 3779 regeneratus
2229 3704 2391 3761 fuerit
2427 3719 2492 3760 ex
2527 3718 2667 3773 aqua
2704 3711 2758 3757 et
2780 3702 2994 3773 spiritu,
3050 3702 3364 3772 neutiquam
3403 3701 3457 3754 in
3523 3715 3606 3753 re-

342 3803 513 3859 gnum
544 3792 807 3847 emlorum
848 3794 1182 3865 ingredietur
1208 3798 1250 3853 ἰ
1292 3817 1313 3850 ι
1340 3798 1492 3864 Quod
1544 3801 1721 3855 nobis,
1768 3809 1981 3872 tempus
2032 3807 2154 3870 post
2190 3814 2414 3867 vespera
2440 3818 2468 3849 tl
2504 3806 2558 3850 et
2589 3797 2708 3850 linis
2763 3795 2894 3865 legis
2925 3805 3032 3849 est.
3072 3791 3321 3846 Diluculo
3353 3790 3496 3845 enim
3529 3789 3575 3847 si

347 3875 499 3934 milis
557 3888 647 3934 est-
668 3880 932 3938 adventus
976 3883 1206 3951 Christi,
1260 3888 1526 3956 siquidem
1560 3889 1637 3944 iis
1657 3889 1746 3951 qui
1790 3889 1842 3943 in
1895 3888 2135 3943 tenebris
2165 3894 2217 3939 et
2247 3886 2437 3939 umbra
2464 3884 2656 3938 montis
2678 3881 2956 3947 sedebant,
2993 3879 3196 3935 aﬂ‘ulsit
3219 3879 3312 3933 lux
3352 3891 3550 3947 magna

420 4029 530 4082 Καὶ
560 4025 751 4100 ἦλθον
774 4034 970 4088 οιυίοί
1002 4034 1257 4104 Ἰσραὴλ
1284 4035 1454 4093 πᾶσα
1504 4038 1544 4105 ἠ
1599 4041 1921 4109 συναγωγὴ
1960 4023 2002 4080 Β

1991 4025 2002 4078 ἶ
2119 4040 2375 4093 Venerunt
2397 4049 2569 4091 autent
2604 4037 2706 4105 ﬁlii
2738 4035 2910 4089 Israel
2941 4075 2955 4101 ,
2982 4035 3255 4088 universus
3281 4030 3481 4086 scilicet
3506 4042 3606 4083 οω-

341 4120 436 4185 είς
461 4118 577 4187 τὴν
605 4120 829 4192 ἔρημον
853 4124 980 4192 Σίν,
1013 4127 1084 4181 ἐν
1105 4126 1188 4193 τῷ
1221 4127 1371 4196 μηνί
1399 4126 1478 4193 τῷ
1524 4128 1752 4197 πρώτῳ.
1814 4133 1922 4185 Καὶ

2038 4144 2121 4186 tua
2162 4132 2218 4184 in
2246 4130 2512 4184 desertum
2554 4127 2676 4192 Ζὶη,
2708 4143 2883 4182 mense
2922 4128 3115 4194 primo.
3145 4123 3286 4196 lxx,
3320 4119 3399 4194 1.]
3444 4119 3604 4175 Inde-

341 4209 424 4274 ὡς
447 4210 910 4284 ἀπροσδιορίστως
943 4214 1151 4288 [φησὶν,
1184 4218 1254 4271 ἐν
1280 4217 1359 4283 τῷ
1382 4219 1529 4289 μηνί
1564 4219 1644 4286 τῷ
1670 4222 1875 4289 πρώτῳ
1901 4222 1920 4295 ]

2031 4225 2183 4279 ﬁnite
2228 4222 2324 4287 ait,
2362 4237 2538 4275 mense
2586 4223 2784 4289 primo,
2831 4234 2933 4274 nec
2989 4217 3272 4288 apposuit,
3306 4216 3604 4284 Postquam

345 4299 448 4355 καὶ
470 4302 529 4355 οὐ
549 4304 911 4376 προσέθηκεν,
942 4307 1339 4377 ἐξεληλυθότων
1368 4310 1547 4364 αὐτῶν
1575 4313 1641 4365 ὲκ
1673 4312 1776 4383 γῆς
1820 4315 1921 4367 Αί-

2030 4315 2237 4383 egressi
2263 4314 2490 4369 fuerunt
2525 4328 2589 4367 ex
2625 4321 2767 4367 terra
2812 4310 3054 4383 Egypti,
3094 4324 3217 4363 cum
3253 4322 3417 4377 supra
3451 4306 3591 4360 dixe-

343 4389 578 4459 γύπτου.
614 4395 760 4448 ’Λινω
797 4396 927 4468 γὰρ,
972 4399 1160 4470 φησὶν,
1196 4399 1254 4451 έν
1305 4398 1384 4470 τῷ
1411 4400 1576 4455 πέντε
1630 4402 1724 4455 καὶ
1761 4403 1929 4458 δεκάς

2039 4408 2113 4461 rit
2139 4405 2289 4477 quod
2353 4403 2630 4461 secundus
2665 4404 2905 4459 instabat
2933 4416 3131 4457 annus.
3177 4399 3277 4456 Hie
3323 4412 3454 4452 vero
3493 4395 3604 4466 priv

342 4496 450 4551 τῳ,
477 4483 569 4537 καὶ
598 4482 657 4537 ὲν
701 4483 780 4556 τῷ
804 4487 1038 4557 είκοστῷ
1068 4487 1350 4558 κεφαλαίῳ
1380 4488 1516 4560 (67),
1549 4491 1632 4543 ὃτι
1671 4490 1925 4565 δεύτερον

2034 4513 2183 4553 mum
2210 4496 2344 4552 dicit
2368 4511 2612 4551 mensem
2635 4511 2699 4551 ex
2728 4495 3093 4566 quadraginta
3127 4492 3288 4548 annis
3321 4490 3446 4545 istis
3464 4503 3604 4561 quos

343 4574 652 4649 ἐνειστήκει
697 4577 837 4643 ἔτος.
880 4579 1020 4634 Ἀλλ’
1058 4580 1293 4635 ἐνταῦθα
1322 4582 1469 4654 μῆνα
1517 4583 1733 4655 πρῶτόν
1787 4604 1924 4659 φησι

2030 4587 2293 4644 Dominus
2321 4602 2418 4643 eos
2446 4588 2502 4641 in
2526 4586 2746 4642 deserto
2776 4584 2895 4641 fore
2921 4594 3009 4641 est
3052 4584 3318 4639 minatus.
3350 4581 3430 4635 En
3459 4579 3602 4634 enim

341 4665 442 4721 τὸν
471 4667 579 4722 τῶν
607 4672 1019 4743 τεσσαράκοντα
1050 4673 1209 4737 ἑτῶν,
1255 4673 1298 4728 ἃ
1322 4674 1620 4745 ἠπείλησεν
1670 4678 1868 4743 αὐτοὺς
1897 4683 1926 4734 ὁ

2027 4687 2384 4735 revertuntur
2408 4680 2606 4734 iterum
2640 4678 2696 4732 in
2725 4679 3004 4733 desertum
3027 4676 3148 4730 Zin.
3174 4674 3330 4729 Unde
3358 4687 3453 4728 eos
3484 4685 3602 4725 mo-

343 4755 483 4821 est;
509 4756 728 4813 ἔσεσθαι
756 4762 814 4815 έν
850 4764 923 4833 τῇ
958 4761 1172 4834 ἐρήμῳ,
1208 4763 1267 4815 ὲν
1312 4761 1392 4832 τῷ
1445 4762 1676 4834 εἰκοστῷ
1722 4764 1927 4837 πρώτῳ

2027 4772 2174 4829 visse
2217 4772 2386 4828 tradit
2410 4780 2466 4828 et
2500 4771 2683 4841 longis
2709 4780 2865 4826 actos
2905 4769 3189 4826 erroribus
3230 4765 3517 4822 advenisse
3546 4763 3604 4817 in

344 4849 627 4921 κεφαλαίῳ
665 4851 800 4924 (68).
838 4854 968 4907 Ἰδοὺ
998 4854 1107 4924 γὰρ
1135 4853 1296 4907 πάλιν
1314 4853 1656 4926 ὑπέστρεφον
1703 4856 1781 4920 sit,
1830 4857 1929 4930 τὴν

1581 4871 1656 4919 ρον
1703 4856 1781 4920 εἰς
1830 4857 1929 4930 τὴν
2029 4862 2227 4929 Cades,
2258 4877 2368 4932 quo
2401 4860 2781 4930 exploratores
2810 4866 2943 4914 sunt
2968 4859 3196 4915 reversi.

344 4939 553 5011 ἔρημον
600 4943 750 5005 Σινά,
781 4943 904 4997 ὅθεν
944 4944 1109 5013 φησὶν
1148 4946 1457 5016 ἀπηρκέναι
1499 4947 1719 5013 αὐτοὺς,
1761 4948 1820 5001 ὲν
1868 4950 1948 5019 τῷ
2017 4953 2248 5024 εἰκοστῷ
2308 4951 2586 5022 κεφαλαίῳ
2632 4951 2743 5021 (69)
2780 4968 2792 4981 °
2856 4951 2951 5005 καὶ
3004 4951 3176 5003 πολλὰ
3242 4944 3603 5019 πλανηθέντες

345 5031 739 5102 παραγίνονται
768 5036 826 5088 έν
848 5035 1033 5107 Κάδης
1064 5052 1079 5067 ·
1103 5036 1236 5089 ὅπου
1272 5032 1411 5103 ἦσαν
1459 5038 1509 5091 οἱ
1541 5040 1883 5093 κατάσκοποι
1948 5042 2392 5107 ὑποστρέψαντες
2427 5042 2564 5112 πρὸς
2588 5043 2826 5113 Μωῦσῆν
2865 5044 2959 5095 καὶ
3015 5042 3111 5111 τὴν
3149 5039 3488 5109 συναγωγὴν,
3537 5035 3607 5087 ἐν

342 5122 425 5194 τῷ
465 5124 694 5197 είκοστῷ
720 5125 918 5199 πρώτῳ
946 5128 1225 5201 κεφαλαίῳ
1254 5129 1390 5202 (70).

415 5284 439 5315 ³
465 5280 565 5338 Job
596 5300 706 5349 tur,
731 5284 785 5339 4.
860 5285 1017 5340 δλίεει.
1070 5300 1188 5349 Litt,
1229 5286 1282 5341 5.
1361 5288 1393 5320 5‘
1420 5288 1580 5344 Joan.
1620 5306 1701 5358 Ill,
1734 5292 1790 5348 2.
1869 5295 1889 5326 ⁵
1920 5294 2021 5349 lsa.
2067 5310 2140 5351 tx.
2170 5293 2244 5357 2;
2291 5292 2425 5347 Luc.
2454 5292 2611 5348 1.79.

1834 5432 2067 5489 NOTA'J.

416 5543 533 5621 (Q7)
551 5542 687 5621 Οὐδὲ
709 5543 898 5621 ταβταῌ
911 5545 1298 5621 τάλκεφὰλαία,
1325 5547 1449 5621 οὐδὲ
1476 5548 1696 5621 caesi;
1721 5567 1929 5621 μνημο-
1956 5555 1998 5613 C

716 5543 898 5621 raptat
911 5545 1298 5621 τάλκεφὰλαία,
1325 5547 1449 5621 οὐδὲ
1476 5548 1696 5621 caesi;
1721 5567 1929 5621 pvqpo-
1956 5555 1998 5613 C
2033 5551 2131 5621 τῆς
2156 5552 2331 5603 ἐκδόσ.

344 5614 629 5703 acceptave;
645 5617 703 5669 ὲν
728 5614 805 5695 τῷ
838 5616 937 5687 τῆς
1134 5615 1265 5700 κώδ.
1283 5620 1491 5703 ⁸ξεῖταξ
1530 5614 1797 5703 ξρπέρδέ
1817 5614 1922 5703 2ij.

2088 5614 2213 5703 te»
2483 5619 2551 5703 ἐξ·
2572 5619 2658 5703 ἐξ·
2687 5617 2884 5703 vtato
2916 5636 3039 5688 κεφη
3219 5617 3402 5703 vim

349 5701 441 5809 ex:
477 5687 533 5807 ἓν
561 5686 800 5809 imiimi)
831 5702 870 5753 ι,
896 5686 993 5740 καὶ
1021 5689 1080 5740 ὲν
1109 5688 1187 5759 τῷ
1217 5703 1233 5742 ι
1280 5688 1358 5741 ὲδ.
1396 5687 1491 5741 τοῦ
1535 5691 1568 5743 υ
1632 5686 1757 5760 κέφ.
1814 5686 1922 5744 τῶν
2104 5686 2215 5759 (7U)
2255 5686 2443 5814 Ἐνδξῷ
2472 5691 2538 5744 42
2569 5690 2644 5742 ὲδ.
2668 5688 2758 5742 τοῦ
2800 5690 2861 5745 12
2910 5686 3013 5760 κεφ
3086 5691 3196 5743 τῶν
3257 5686 3425 5758 Ἀριθι
3468 5686 3610 5740 ταῦτ

432 5772 482 5815 ρι
524 5794 535 5806 .
600 5773 661 5809 στ
685 5774 735 5808 ν.
2026 5778 2126 5815 της
2151 5763 2245 5815 τῆς
2279 5762 2340 5814 ἐκ
2408 5777 2454 5813 σ.

431 5772 535 5823 pm.
568 5772 735 5809 εστιν.
2026 5778 2126 5832 της
2151 5779 2245 5833 της
2279 5772 2454 5814 εκδοσ.

424 5825 535 5895 (68)
596 5827 682 5880 Ἐν
706 5826 784 5897 τῷ
825 5828 855 5883 8
892 5828 966 5882 ὲδ.
994 5827 1085 5881 τοῦ
1135 5828 1198 5884 li
1230 5846 1355 5899 κεφ.
1392 5829 1500 5885 τῶν
1532 5830 1700 5901 'AptO.
1763 5831 1919 5900 τῆσδε
