4090 6522
567 408 667 472 851
1902 420 2182 481 PROCOP

2231 421 2251 481 Ι
2279 420 2523 482 ϐΑΖᾸΞΙ
3743 418 3846 480 852

568 519 739 577 l‘mro
762 519 923 593 413
969 537 1109 590 quae
1136 538 1199 577 ex
1235 533 1386 593 petra
1426 527 1859 595 emanationem,
1894 533 1986 586 alii
2012 534 2137 602 qui-
2168 546 2183 593 Α

2315 531 2426 604 Τὴν
2463 532 2556 585 τοῦ
2592 529 2785 596 ὓδατος
2807 533 2871 586 ὲκ
2902 532 3001 604 τῆς
3033 531 3241 604 πέτρας
3275 532 3453 604 ῥύσιν,
3480 530 3531 586 οι
3587 529 3691 602 μὲν
3750 528 3847 599 τὴν

567 613 687 665 dem
720 615 964 669 eanutcat
999 612 1065 666 de
1093 627 1200 684 qua
1240 615 1293 667 in
1346 613 1534 669 Exodo
1579 633 1703 674 esse
1747 620 1993 685 tradunt,
2046 623 2139 677 alii

2251 625 2424 698 αὐτὴν
2456 621 2593 679 εἶναι
2624 642 2756 695 φασι
2785 625 2924 695 (70‘)
2950 628 3017 697 τῇ
3051 625 3110 678 ἐν
3140 628 3205 697 τῇ
3248 626 3445 695 Ἐξόδῳ
3479 642 3495 658 ο
3534 628 3583 678 οἱ
3631 625 3693 677 δὲ
3732 623 3844 693 (7.1)

568 718 699 757 vero
719 704 905 770 aliant,
931 703 1201 775 siquidem
1228 713 1476 777 tempora
1502 708 1743 765 variant.
1771 711 2142 770 Nihilominus

2252 718 2466 789 ἑτέραν,
2494 718 2621 786 εῐγε
2652 717 2749 771 καὶ
2776 719 2825 771 οἱ
2857 719 3039 788 χρόνοι
3068 720 3339 789 διάφοροι.
3366 719 3511 790 Πλὴν
3542 719 3592 770 el
3631 716 3714 787 μὴ
3768 715 3849 768 λέ-

569 800 748 849 tamen
786 796 998 866 p--iores
1033 796 1173 852 hanc
1196 799 1580 867 repetitionem
1612 817 1743 858 esse
1767 804 2032 860 dicerem.

1695 818 1743 858 se
1767 804 2032 860 dicerem.
2252 827 2401 878 γοιεν
2431 812 2478 864 οἱ
2508 810 2735 881 πρῶτοι,
2777 810 3117 882 ἐπανάληψιν
3150 807 3310 864 εἶναι.

640 935 744 999 Qui
770 951 898 990 vero
921 937 1082 991 aliam
1108 953 1233 994 esse
1264 948 1541 1005 asserunt,
1574 940 1628 995 id
1664 941 1844 1012 ipsum
1866 943 1946 999 sic
1980 954 2259 1013 astruunt,
2282 948 2428 1019 quod
2458 947 2728 1018 siquidem
2760 948 3002 1018 pepulus
3025 959 3179 1002 retro
3208 945 3401 1016 pedem
3428 961 3525 1015 per
3551 945 3847 1000 desertum

566 1021 775 1088 tulerit,
807 1022 899 1077 siti
929 1025 999 1078 ob
1028 1024 1470 1095 desperationem
1514 1027 1581 1083 de
1606 1032 1976 1099 promissione
2012 1034 2285 1090 bonorum
2330 1044 2652 1105 conceptam
2694 1035 3052 1090 laboraverit.
3116 1034 3390 1088 (laterum
3431 1032 3619 1088 Moses
3654 1032 3850 1085 denuo

567 1110 705 1178 ipsis
758 1109 952 1183 irrigat
996 1111 1278 1168 desertum
1314 1157 1328 1180 ,
1368 1131 1464 1185 per
1524 1125 1758 1186 petram,
1805 1134 1869 1173 ae
1921 1122 2182 1189 pcenitent

2237 1139 2255 1178 3
2298 1123 2460 1193 quale
2488 1123 2559 1177 sit
2597 1122 2927 1193 mysterium
2970 1121 3150 1176 docet.
3191 1119 3486 1191 Postquam
3540 1120 3700 1174 enim
3763 1134 3852 1189 pe-

570 1209 708 1251 tram
741 1199 1193 1270 degustaverant,
1228 1203 1293 1256 ad
1337 1204 1648 1273 voluptates
1680 1204 2035 1277 [Egyptiaeas
2072 1212 2317 1265 animum
2351 1209 2684 1264 rellexerunt
2715 1210 2939 1263 iterum.
2972 1208 3249 1274 Quocirca
3278 1206 3423 1261 fante
3450 1214 3506 1261 et
3538 1206 3745 1275 inopia
3778 1220 3852 1257 re-

566 1302 689 1340 rum
730 1288 798 1342 ad
826 1289 990 1343 vitam
1026 1290 1241 1344 utilium
1267 1292 1593 1360 puniuntur.
1652 1293 2144 1352 Verumenimvero
2175 1305 2299 1367 post
2338 1306 2517 1352 actam
2553 1296 2938 1367 paenitentiam
2970 1335 2985 1361 ,
3024 1302 3241 1365 petram
3276 1294 3426 1347 illam
3473 1308 3641 1362 quam
3680 1292 3850 1346 dese-

570 1385 799 1429 ruerunt
825 1377 907 1432 eis
938 1377 1185 1433 invenire
1226 1378 1354 1433 licet
1388 1379 1618 1433 iterum.
1666 1379 1731 1434 Et
1757 1381 1870 1437 hare
1906 1384 2127 1452 quidem
2175 1386 2277 1439 illi.
2323 1384 2485 1455 Atqui
2536 1399 2670 1439 vero
2718 1398 2844 1438 cum
2886 1383 3082 1438 molles
3118 1382 3391 1437 Israelita:
3423 1390 3634 1443 essent,
3670 1394 3851 1449 parvo

569 1463 638 1516 ali
663 1478 755 1532 tuo
794 1464 1144 1520 incommodo
1171 1465 1334 1534 genio
1367 1481 1558 1520 eorum
1600 1466 1836 1531 offenso,
1881 1470 2144 1539 magistro
2169 1488 2270 1527 suo
2303 1474 2574 1527 insultant
2605 1471 2898 1537 continuo,
2929 1479 2985 1525 et
3027 1470 3223 1524 beatos
3258 1470 3569 1540 praedicant
3605 1482 3713 1522 eos
3757 1468 3848 1535 qui

572 1557 802 1621 propter
830 1552 1177 1606 coturnicum
1213 1553 1508 1621 ingluviem
1554 1553 1908 1618 interierant,
1939 1572 2039 1611 nec
2071 1561 2421 1630 perpendunt
2462 1561 2683 1616 interim
2728 1559 2872 1630 quod
2904 1558 3048 1613 dona
3082 1573 3320 1629 quaeque
3368 1556 3851 1613 excellentissima

572 1653 599 1689 a
637 1639 921 1695 'aboribus
954 1656 1169 1709 semper
1214 1642 1587 1711 excipiuntur.
1615 1642 1971 1714 QuaprOpter
1997 1645 2082 1700 Itis
2119 1647 2471 1703 alfectionutn
2507 1648 2646 1703 telis
2700 1646 2928 1701 fortiter
2960 1655 3156 1702 contra
3189 1654 3274 1701 est
3308 1645 3580 1700 eundum.
3631 1642 3849 1697 Verum

570 1728 687 1783 haec
720 1742 809 1783 res
843 1727 1179 1793 hominibus,
1218 1729 1321 1783 sub
1350 1730 1467 1798 lege
1500 1730 1681 1785 fraudi
1720 1732 1824 1786 fuit
1854 1731 2001 1798 ideo,
2027 1746 2085 1789 ut
2117 1734 2168 1790 bi
2202 1739 2291 1806 qui
2320 1738 2372 1790 in
2403 1735 2626 1791 Christo
2662 1743 2839 1804 agunt
2867 1734 3000 1804 quid
3026 1734 3131 1789 sibi
3159 1740 3414 1803 paratum
3445 1740 3617 1797 esset,
3641 1745 3853 1784 cerne-

570 1824 712 1872 rent.
750 1816 920 1873 Porro
941 1833 1064 1872 eum
1092 1819 1204 1887 jam
1238 1821 1483 1875 novisset
1511 1821 1648 1876 Deus
1700 1837 1864 1892 quant
1900 1824 2142 1892 segniter
2171 1824 2374 1892 egisset
2414 1822 2467 1875 in
2504 1820 2995 1892 Exodo,quamque
3022 1820 3130 1875 cito
3168 1821 3333 1874 circa
3386 1819 3546 1873 fidem
3574 1818 3852 1888 lapsurus

574 1913 721 1961 esset
750 1904 928 1960 Moses
956 1922 969 1958 :
1000 1905 1236 1961 Assume
1256 1946 1271 1969 ,
1305 1908 1502 1976 inquit,
1532 1917 1618 1962 tcc
1642 1925 1730 1963 um
1754 1926 1821 1965 ex
1861 1911 2174 1966 senioribus
2204 1909 2383 1980 populi
2414 1910 2663 1979 aliquos;
2699 1909 2908 1979 virgam
2950 1907 3080 1962 item
3117 1922 3224 1978 qua
3252 1907 3450 1961 ﬂumen
3477 1904 3849 1977 percussisti,

578 2007 708 2047 ecce
728 2006 831 2063 ego
851 1992 964 2048 illic
980 1994 1246 2049 consisto.
1271 1994 1469 2049 Ibidem
1496 2010 1717 2067 quoque
1740 2013 2010 2069 eongrega
2038 2007 2240 2054 ccetunt
2275 2008 2330 2051 ttt
2350 1996 2635 2060 etAaron,
2655 2012 2764 2066 quo
2795 2003 2968 2051 testes
2996 1995 3338 2049 infirmitatis
3369 1994 3545 2048 animi
3577 1994 3847 2064 ipsorum

568 2079 781 2150 pudore
826 2080 1125 2145 sull'undat,
1162 2096 1227 2138 ac
1253 2083 1308 2137 in
1344 2084 1668 2138 memoriam
1707 2087 1947 2155 priorem
1976 2087 2257 2152 virtutem,
2291 2102 2398 2155 qua
2436 2087 2495 2139 in
2530 2087 2857 2155 sanguinem
2901 2085 3185 2139 convertit
3213 2099 3435 2155 aquam,
3465 2085 3713 2138 reducat
3750 2096 3851 2137 :ac

568 2167 813 2239 denique
842 2169 983 2224 bona
1017 2184 1114 2240 spe
1144 2184 1267 2226 esse
1311 2170 1637 2225 miraculum
1677 2172 1884 2227 editum
1930 2175 1995 2228 iri
2035 2174 2245 2240 jubeat.
2297 2172 2541 2227 Tandem
2587 2173 2792 2241 itaque,
2831 2172 2991 2242 quasi
3028 2174 3145 2241 ipse
3181 2171 3507 2225 miraculum
3557 2169 3851 2241 perficiat,

569 2272 700 2309 num
725 2272 790 2312 ex
820 2264 973 2327 petra
999 2258 1100 2312 hac
1124 2273 1319 2328 aquam
1353 2259 1508 2313 vobis
1531 2260 1817 2315 elicietntts
1849 2262 2034 2332 inquit
2070 2262 2180 2315 ?Et
2207 2262 2291 2315 bis
2323 2261 2558 2331 percutit
2589 2268 2806 2331 petram
2843 2260 3004 2330 quasi
3030 2260 3164 2313 nihil
3190 2260 3261 2313 sit
3290 2258 3537 2313 futurum
3564 2259 3846 2328 amplius,

569 2360 734 2415 q-zam
768 2346 912 2416 quod
946 2346 1098 2417 virga
1129 2361 1227 2401 sua
1273 2354 1599 2417 extorqueat
1633 2349 1706 2412 vi,
1737 2352 2007 2420 quasique
2043 2350 2234 2405 divina
2273 2348 2477 2402 virtute
2507 2347 2559 2401 id
2610 2363 2719 2401 non
2749 2347 2864 2413 fiat,
2893 2347 2959 2402 ad
2992 2362 3157 2414 quam
3195 2346 3581 2402 illustrandam
3640 2346 3852 2400 unicus

572 2432 883 2487 sufﬁciebat
915 2434 1079 2488 ictus.
1114 2433 1374 2505 Largitur
1400 2452 1533 2491 vero
1569 2437 1789 2492 laticem
1818 2441 1962 2494 Deus
1997 2455 2065 2493 ne
2087 2435 2485 2493 imbecillitatis
2514 2435 2955 2491 insimularetur.
2987 2434 3171 2491 Moses
3202 2435 3551 2491 infidelitatis
3594 2449 3831 2504 poenam

572 2522 826 2592 suscipit.
861 2520 1114 2577 Diximus
1137 2531 1321 2577 autem
1353 2523 1406 2578 itt
1446 2526 1865 2580 cmntnentariis
1903 2542 2070 2596 super
2096 2526 2304 2593 Exodo,
2342 2525 2546 2580 lllosem
2611 2524 2677 2578 ad
2714 2524 2889 2594 legem
2932 2523 3137 2579 assumi
3179 2523 3497 2593 oportuisse
3528 2521 3602 2575 ad
3636 2536 3838 2577 sacer-

574 2607 787 2663 dotium
817 2607 1091 2663 Aaronem
1127 2626 1142 2675 ;
1169 2609 1234 2664 ad
1271 2612 1480 2664 cultum
1518 2627 1650 2665 vero
1680 2612 1817 2683 legis
1840 2613 2093 2667 Mariam.
2122 2613 2471 2683 Quapropter
2500 2628 2597 2683 per
2635 2614 2960 2683 prophetam
2998 2611 3181 2681 inquit
3209 2610 3351 2666 Deus
3383 2610 3450 2665 ad
3480 2608 3844 2665 Jerusalem:

582 2714 600 2746 ι
642 2694 813 2750 Emisi
847 2704 977 2751 ante
1013 2695 1206 2752 facient
1246 2707 1394 2752 tuam
1426 2697 1671 2769 Moysetn
1709 2711 1762 2753 et
1790 2703 2061 2755 Aaronetn
2084 2702 2124 2754 ".
2163 2721 2182 2753 ι
2224 2701 2323 2755 Per
2352 2701 2565 2755 cultum
2602 2715 2821 2768 quoque
2858 2699 3099 2769 typicum
3134 2696 3556 2753 lsraelsalutent
3590 2704 3682 2751 est
3707 2711 3845 2751 con-

572 2790 820 2839 secutus.
859 2782 1037 2855 Cujus
1069 2785 1244 2855 gratia
1277 2801 1494 2840 carmen
1524 2786 1803 2857 cpinicion
1829 2787 2014 2843 condit
2036 2787 2252 2858 quidem
2286 2787 2520 2860 Moyses,
2553 2789 2841 2842 exorditur
2870 2801 2998 2840 vero
3036 2785 3229 2849 Maria,
3260 2800 3380 2856 quae
3411 2785 3536 2839 fatis
3575 2784 3845 2838 concedit

572 2871 753 2941 pimo
784 2887 995 2936 mense,
1033 2887 1147 2943 quo
1181 2872 1395 2928 Pascha
1434 2875 1712 2929 immolari
1745 2876 1902 2942 solet,
1952 2892 2060 2945 quo
2103 2875 2266 2933 etiam
2309 2876 2398 2930 siti
2434 2874 2708 2930 laboravit
2747 2875 3002 2945 populus.
3038 2873 3174 2927 Nam
3204 2873 3263 2927 in
3303 2888 3491 2927 mense
3548 2886 3836 2925 novarum

573 2958 794 3031 frugum
837 2961 1073 3017 moritur
1104 2962 1294 3016 cultus
1327 2963 1423 3032 qui
1459 2962 1513 3017 in
1552 2966 1696 3035 typis
1732 2965 2097 3029 consistebat,
2148 2965 2418 3019 illucescit
2454 2978 2584 3018 vero
2621 2962 2712 3016 Dei
2746 2964 2994 3017 verbum.
3034 2959 3380 3032 Quapropter
3410 2962 3573 3024 dixit,
3609 2978 3627 3009 ε
3686 2958 3842 3028 Ipse-

580 3056 691 3102 met
722 3048 919 3105 adsum
964 3049 1058 3120 qui
1091 3050 1291 3121 loquor
1335 3059 1598 3121 tanquam
1636 3069 1838 3107 aurora
1881 3055 1935 3108 in
1985 3053 2285 3117 montibus,
2322 3061 2375 3106 et
2414 3052 2559 3107 velut
2591 3052 2645 3106 in
2687 3066 2874 3107 mense
2908 3066 3019 3105 nov
3043 3064 3196 3103 arum
3235 3050 3473 3120 frttgum.
3517 3068 3537 3101 ι
3571 3046 3652 3100 Ad
3688 3049 3843 3100 hunc

572 3135 794 3189 modum
830 3151 1057 3207 quoque
1089 3136 1395 3192 Ecclesiam
1424 3140 1668 3209 gentium
1702 3152 1861 3195 vocat
1900 3141 2154 3211 inquiens
2182 3158 2194 3195 :
2224 3156 2243 3191 ι
2270 3141 2464 3210 Surge.
2494 3154 2729 3210 propera
2756 3138 2932 3192 antica
2958 3152 3100 3203 mea,
3131 3138 3374 3191 formosa
3403 3151 3522 3190 mea
3546 3134 3840 3199 columba,

570 3239 704 3279 ecce
743 3226 887 3281 enim
913 3227 1220 3296 hietnsjam
1250 3227 1498 3292 transiit,
1533 3238 1586 3283 et
1621 3229 1801 3284 imber
1835 3245 1893 3283 se
1919 3229 2189 3298 recipiens
2224 3228 2358 3281 abiit
2387 3228 2516 3282 sibi.
2552 3224 2739 3281 Plures
2764 3234 3145 3295 apparuerunt
3179 3226 3236 3278 in
3276 3233 3447 3285 terra,
3477 3230 3705 3291 tempus
3741 3236 3843 3291 pu-

571 3312 796 3367 tationis
845 3312 1065 3369 advenit
1094 3314 1136 3367 ⁸.
1170 3334 1188 3366 ι
1223 3314 1597 3370 Reﬂoruimns
1628 3317 1777 3371 enint
1811 3316 1871 3371 in
1905 3315 2126 3371 Christo
2172 3314 2239 3369 ad
2278 3315 2584 3369 novitatem
2645 3314 2793 3376 vitae,
2826 3312 3053 3383 quando
3106 3312 3238 3382 legis
3281 3311 3431 3365 cultu
3464 3320 3734 3365 cessante
3765 3307 3840 3362 si-

573 3403 773 3458 tientes
794 3402 1005 3472 potavit
1030 3402 1329 3459 Christus:
1362 3421 1380 3454 ι
1414 3403 1678 3458 Biberunt
1713 3405 1858 3458 enim
1887 3419 1951 3458 ex
1989 3414 2143 3473 petra
2188 3403 2461 3473 spirituali
2500 3417 2625 3472 quae
2668 3411 2858 3457 secuta
2886 3411 2992 3467 est,
3034 3402 3238 3470 inquit,
3271 3408 3424 3471 petra
3470 3414 3605 3454 vero
3634 3397 3838 3452 Chris-

572 3497 665 3543 tus
694 3500 813 3545 erat
850 3490 894 3546 ⁹.
928 3508 946 3542 t
987 3488 1149 3545 Petra
1185 3491 1331 3545 enim
1365 3491 1609 3545 divinam
1643 3500 1895 3546 naturam
1922 3490 2203 3561 exprimit,
2226 3498 2453 3560 propter
2497 3489 2816 3542 firmitatem
2848 3503 2915 3542 ac
2945 3487 3306 3543 soliditatem.
3346 3485 3544 3540 Coram
3592 3484 3836 3538 seniori-

576 3578 683 3633 bus
728 3592 864 3633 vero
894 3577 1119 3634 lsraelis
1150 3586 1207 3633 et
1243 3579 1433 3648 populi
1470 3580 1552 3634 bis
1587 3579 1712 3635 ferit
1743 3580 1942 3635 Moses.
1974 3580 2083 3635 Ceu
2116 3577 2261 3634 enitn
2291 3590 2478 3630 coram
2512 3574 2659 3629 Mose
2689 3574 2912 3629 Christo
2968 3575 3340 3638 oblatrarunt,
3383 3591 3401 3623 ι
3442 3572 3618 3635 Tolle,
3681 3572 3835 3633 tolle,

572 3664 835 3736 crucifige
863 3682 986 3721 eum
1014 3667 1083 3731 ¹⁰,
1119 3685 1137 3719 ι
1171 3665 1337 3736 idque
1370 3681 1477 3721 non
1531 3668 1721 3732 sentel,
1755 3667 1839 3723 bis
1870 3668 2016 3722 enim
2048 3664 2389 3737 percutiunt;
2424 3678 2533 3716 non
2568 3662 2711 3716 enim
2754 3663 3080 3716 occiderunt
3104 3661 3305 3727 solum,
3328 3675 3519 3715 verum
3543 3660 3713 3713 etiam
3748 3673 3837 3712 oc-

574 3753 789 3810 cultare
804 3754 1270 3811 resurrectionem
1292 3754 1414 3824 ejus
1438 3755 1868 3823 contenderunt,
1888 3756 2270 3826 stipendiaque
2292 3751 2565 3807 militibus
2594 3751 2714 3821 ejus
2748 3752 2825 3806 rei
2849 3753 3024 3821 gratia
3052 3752 3429 3820 praabuerunt.
3456 3748 3834 3815 Quantumvis

573 3851 757 3897 tamen
789 3841 1186 3899 bacchantibus
1223 3858 1288 3899 ac
1325 3844 1636 3899 furentibus
1667 3843 1826 3919 ipsis,
1855 3844 2022 3900 edidit
2057 3853 2262 3914 petram
2296 3844 2526 3908 ﬂuxum,
2554 3850 2608 3899 et
2639 3850 2840 3897 terram
2880 3842 3034 3912 prius
3068 3840 3371 3906 desertam,
3400 3839 3561 3893 initio
3589 3853 3619 3890 a
3644 3835 3833 3891 Iudaea

574 3928 742 3992 ficto,
776 3933 1013 4001 operuit.
1054 3932 1239 3997 Quare
1272 3947 1376 4002 per
1414 3932 1714 4002 prophetas
1743 3932 1890 3987 dixit
1940 3949 2000 3986 ε(
2037 3930 2117 3986 Ειι
2168 3948 2270 4002 ego
2301 3932 2521 3988 declino
2560 3945 2725 4001 super
2761 3944 2856 3983 eos
2920 3929 3063 3984 sicut
3110 3930 3314 3983 ﬂumen
3361 3926 3539 3996 pacis.
3587 3936 3640 3979 et
3684 3926 3828 3980 sicut

575 4017 1088 4074 torrensinnndans
1117 4018 1347 4088 gloriam
1377 4020 1619 4087 gentium
1643 4019 1707 4072 υ.
1745 4037 1764 4070 ι
1808 4018 2137 4089 llujusmodi
2176 4022 2434 4092 quiddam
2471 4020 2613 4091 apud
2654 4019 2911 4073 Davidem
2941 4033 3160 4088 quoque
3193 4015 3380 4085 inquit
3416 4032 3429 4067 :
3467 4032 3485 4065 ι
3520 4013 3714 4069 Estus
3737 4013 3831 4066 fit:-

575 4104 649 4158 vii
677 4103 954 4159 laatiflcant
999 4107 1188 4160 urbem
1245 4104 1342 4160 Dei
1374 4107 1442 4160 ι’.
1483 4125 1501 4157 ι
1535 4105 1600 4160 Et
1630 4106 1832 4162 iterum
1868 4107 1998 4162 alibi
2033 4126 2047 4163 :
2093 4127 2111 4159 ‹
2144 4108 2209 4163 Ει
2240 4116 2487 4165 torrente
2519 4106 2847 4163 deliciarum
2902 4114 3127 4160 tuarum
3165 4104 3386 4174 potabis
3414 4118 3514 4158 eos
3548 4102 3612 4156 ".
3652 4120 3672 4153 ι
3707 4099 3832 4153 Per-

574 4191 889 4247 cussionem
921 4208 1049 4248 vero
1078 4202 1244 4263 petra:
1284 4194 1563 4262 praecessit.
1598 4194 1913 4261 infidelitas,
1945 4196 2017 4251 ob
2049 4212 2212 4266 quam
2237 4194 2736 4267 reprehenduntur,
2764 4207 3037 4263 pmnaque
3061 4189 3226 4264 414
3253 4191 3550 4261 irrogatur,
3578 4197 3635 4242 ut
3662 4203 3828 4258 popu-

578 4280 687 4333 lum
723 4280 776 4334 in
812 4286 1015 4335 terram
1055 4279 1410 4336 introducere
1434 4296 1541 4335 non
1581 4282 1829 4351 possint;
1864 4283 1946 4337 lex
1972 4284 2175 4339 etenim
2203 4300 2323 4355 qua:
2351 4283 2495 4355 typis
2528 4297 2592 4337 ae
2630 4281 2819 4352 ﬁguris
2858 4288 3098 4340 constat.
3128 4282 3182 4334 in
3218 4288 3417 4334 terram
3447 4276 3828 4348 promissionis

576 4367 847 4425 adducere
878 4384 978 4424 nos
1017 4384 1125 4424 non
1159 4371 1381 4441 poterit,
1410 4386 1510 4424 nec
1540 4371 1705 4424 etiam
1740 4371 2036 4427 sacerdotii
2104 4370 2407 4429 secundum
2441 4384 2563 4426 eam
2596 4368 2831 4424 instituti
2865 4368 3237 4431 imbecillitas,
3273 4364 3368 4420 sed
3412 4365 3467 4419 in
3491 4374 3705 4435 patrum
3725 4376 3830 4418 ser-

574 4467 681 4513 tent
754 4473 855 4513 nos
888 4458 1140 4529 perducit
1181 4458 1383 4513 ductor
1436 4455 1624 4513 Iesus.

644 4564 736 4621 Sic
750 4569 826 4621 ait
844 4567 1012 4636 frater
1035 4576 1153 4621 tuus
1173 4566 1365 4622 Israel.
1381 4566 1519 4639 [ΧΧ.
1539 4568 1607 4622 14
1630 4566 1650 4640 ]
1672 4566 1839 4623 Edom
1865 4569 2031 4637 enim,
2049 4570 2151 4627 hoc
2187 4581 2228 4637 Β

2205 4583 2228 4637 3
2334 4566 2398 4621 '0
2434 4566 2700 4635 ἀδελφός
2728 4583 2843 4621 σου
2884 4564 3153 4633 Ἰσραήλ.
3194 4563 3252 4617 '0
3289 4562 3399 4634 γὰρ
3449 4560 3644 4631 Ἐδὼμ,
3671 4574 3820 4611 τουτ-

572 4671 675 4726 est,
707 4660 927 4716 Idumaei
946 4677 1009 4716 ex
1049 4660 1217 4726 Esau,
1246 4660 1338 4730 qui
1378 4659 1545 4716 Edom
1570 4674 1789 4731 quoque
1811 4662 2136 4718 nominaba-

2252 4659 2399 4715 ἐστιν
2427 4660 2477 4713 οἱ
2518 4659 2779 4725 Ἰουδαῖοι,
2809 4658 2868 4725 ἐξ
2908 4656 3101 4721 Ἠσαῦ,
3144 4656 3202 4721 ὃς
3245 4658 3341 4710 καὶ
3390 4654 3569 4724 Ἐδὼμ
3613 4651 3819 4721 ὠνομὰ-

572 4760 682 4819 tur,
708 4752 989 4824 propagati
1029 4760 1177 4809 sunt.
1234 4750 1427 4806 Frater
1458 4766 1586 4807 vero
1624 4750 1730 4808 iste
1778 4750 1989 4819 Jacobi,
2046 4754 2143 4824 qui

2255 4750 2400 4817 ζετο.
2428 4750 2683 4820 Ἀδελφδς
2707 4751 2766 4805 δὲ
2792 4745 2947 4815 οὗτος
2992 4748 3189 4804 Ἰακὼὸ
3222 4748 3316 4803 τοῦ
3351 4751 3443 4802 καὶ
3478 4746 3714 4819 Ἰσραήλ.
3733 4744 3818 4797 0i-

647 4932 663 4958 ⁷
694 4930 856 4985 Miclt.
881 4946 957 4989 vr.
996 4933 1045 4984 l.
1126 4934 1147 4965 ⁸
1176 4931 1336 4988 Cant.
1370 4951 1432 5001 tt,
1497 4935 1582 4997 ll,
1629 4936 1715 4991 l2.
1792 4935 1812 4964 ⁹
1855 4935 1869 4988 l
1905 4935 2033 4989 (lor.
2070 4950 2123 5000 x,
2162 4936 2190 4989 4

575 4999 614 5033 ’³
638 4997 784 5056 Psal.
808 5018 967 5056 xxxv.
1001 5000 1052 5056 9.

2199 4974 2215 4991 .
2295 4934 2509 4991 "Joan.
2540 4948 2655 4998 xtx,
2679 4932 2735 4986 6.
2814 4931 2854 4962 “
2885 4930 2989 4986 lsa.
3025 4946 3167 4993 1.th,
3197 4928 3283 4982 12.
3361 4928 3403 4959 ¹¹
3430 4924 3576 4981 Psal.
3604 4941 3730 4988 xcv,
3766 4920 3811 4975 5.

2077 5120 2307 5177 ΝΟΤιΕ.

640 5235 773 5303 (70⁸)
798 5234 899 5286 Τὸν
936 5230 1241 5303 Ἀλεξανδρ.
1272 5221 1539 5302 Κύριλλῢν
1578 5234 1709 5297 ἴσως
1757 5233 1924 5299 λέγει.
1979 5234 2149 5297 Αὐτὸς
2256 5231 2436 5296 αύτως
2459 5231 2555 5285 καὶ
2596 5228 2988 5303 Ἰώσηπον-(γὲν
3007 5228 3132 5303 fit}
3156 5245 3279 5303 κςερ.
3322 5226 3434 5303 -εεαῦ⁵
3461 5228 3495 5281 5
3534 5227 3661 5303 περὶ
3699 5224 3816 5276 Ἰουο

575 5297 673 5379 psit
700 5297 811 5379 γᾷρ
953 5304 1095 5379 ξύμ.
1117 5297 1318 5379 ⁸ιεξιέρ.
1344 5297 1399 5379 j,
1423 5303 1538 5358 σελ.
1570 5304 1715 5379 δερ).
1753 5297 1839 5354 τα
1861 5306 1919 5379 ξιξ)
1943 5304 2019 5379 τῷ
2066 5304 2146 5379 l7,
2255 5297 2749 5379 δαῖζηᾲρᾉαξρλογξ
2770 5297 2938 5379 βιῦζζ)
2969 5297 3070 5379 τῆς
3102 5301 3160 5379 ἐγ
3201 5298 3478 5379 Ῥαφιδεὶν
3502 5297 3688 5379 μένον..

572 5364 818 5447 Ξιεφ.’τῆς
845 5364 1246 5447 Ἑξόρςςὲκοξὶξ.
1269 5364 1445 5447 iaciat
1476 5374 1823 5447 προστίοηᾳι.
1860 5374 1971 5427 Καὶ
1992 5364 2151 5427 Ζπαι)τὶ
2333 5364 2541 5447 (ἨᾚΌ
2568 5364 2914 5447 Ιλῖύςςέξτιξεθῖῖ)Δ
2948 5364 3049 5447 ’θεαὶ
3087 5370 3161 5447 τάξ
3198 5370 3454 5447 έήμαςτα,
3497 5364 3728 5447 δηλονρτι
3754 5364 3811 5444 ξὰ

576 5437 674 5517 μὲῦ
705 5437 857 5515 ἐν’τῆ
895 5437 1090 5517 Ἐξὸδῳ
1120 5444 1179 5496 τὸ
1209 5444 1349 5517 θεῖον
1383 5444 1483 5514 ἔφη
1510 5437 1929 5517 κάρηςτμῴδημᾳ-
1964 5447 2147 5517 Κᾳτα-
2259 5437 2618 5517 πρόκείμξναρ
2666 5437 2859 5517 aisais
2901 5440 3114 5517 λέξεσξιξθ
3140 5441 3167 5493 ὁ
3197 5437 3464 5517 Ηροξάὶτε.
3494 5439 3552 5490 έν
3609 5437 3683 5505 τῷ
3726 5437 3811 5517 Ti?

574 5506 861 5587 ἃερματιέῗ
902 5506 1218 5587 δὲ’ὦάπερῌ
1244 5516 1301 5567 ὲν
1355 5506 1483 5587 φάς’
1508 5506 1791 5587 ignotior;
1815 5506 2149 5587 "st'agutspav
2255 5506 2391 5587 Δῦγ,
2425 5506 2572 5587 κῶδα
2600 5506 2868 5587 ἐκτίθηᾳι.
2916 5506 3262 5587 μΣυνῌᾴδελεΑδξ
3280 5508 3358 5578 τῷ
3387 5509 3611 5587 Νρᾳσης
3655 5507 3747 5587 ,καὶ
3787 5506 3810 5555 ὁ

574 5577 875 5659 αφ’ή’γηαιν,
900 5587 986 5657 ἢν,
1029 5577 1259 5659 acti-Ex
1284 5577 1489 5659 τρύῖών
1508 5577 1603 5659 τίὖῦ
1633 5577 1729 5659 καὶ
1753 5577 1845 5659 ﬁt:
1889 5577 1999 5659 τ’ὦγ
2023 5577 2151 5659 ἑξῆς
2263 5577 2538 5659 ᾝςὲύχιοξ2
2562 5584 2738 5659 λέγῳν
2770 5577 2857 5659 (ὲνΔ
2879 5584 2943 5651 τῇ
2983 5577 3272 5659 manlia):
3316 5577 3493 5659 @3595)
3516 5596 3529 5607 ·
3572 5577 3811 5659 Δειξῖερεξ

573 5644 871 5726 δήλόἷρξὸτί
896 5644 1023 5727 μῖξαν
1054 5658 1148 5710 καὶ
1168 5656 1267 5728 τὴν
1288 5654 1459 5728 αὐτὴν
1495 5651 1633 5709 εἶναι
1672 5654 1924 5728 βρόλεταμ
1949 5644 2151 5728 eqvis}
2251 5644 2436 5728 αὑτοίξ
2483 5644 2649 5728 ὖδωρξ
2670 5654 2735 5708 ἐκ
2771 5644 2995 5728 ξξεέτρας
3044 5651 3307 5728 ὁ-Μᾲωᾳῆς
3338 5644 3811 5728 ἐξῆζαγξνεςΑξ-υαξ

573 5716 915 5799 τῆςίμγὲτραξ
944 5728 1115 5799 ptiar).
1196 5716 1355 5799 ’Ᾱλλὰ
1380 5716 1487 5799 {dp
1513 5728 1605 5799 ttat
1653 5716 1863 5799 Φίλωνα
1891 5727 1970 5799 (ἐν
2000 5716 2078 5797 ita
2109 5740 2147 5788 t,
2254 5716 2427 5799 μξνὲύ
2457 5728 2523 5799 τῇ
2555 5716 2749 5799 ὲρξήμῳ
2770 5716 3015 5799 {imp-1‘16:
3052 5721 3115 5775 τὸ
3136 5716 3397 5799 ρεύτέρον
3421 5716 3601 5788 ’δὲίὲν
3624 5716 3805 5786 Καδης·

578 5793 1112 5867 πέρῖΜιώσᾙβιὸλ.
1149 5797 1256 5851 σελ.
1297 5793 1588 5868 βόὅγτνῆς
1622 5796 1770 5868 pet-th
1789 5797 1887 5865 τὴν
1920 5793 2147 5868 ὀρτυγο-
2256 5793 2423 5852 Ἔνθα
2452 5793 2685 5868 Μαρὶὰρ.
2713 5793 2891 5866 ἑτάφή
2931 5793 3325 5863 τελευτήσασα.

583 5865 797 5943 μήτραν
836 5865 993 5938 μόνω
1037 5865 1443 5939 μνημονεύοντα
1469 5865 1675 5933 ῥύσεως
1718 5865 1949 5939 εὕρομεν
1979 5884 1991 5897 ο
2042 5867 2147 5921 ὠσ-
