4090 6498
298 332 403 400 853

1347 318 1883 381 COMMENTARII
1922 317 2005 378 IN
2038 312 2430 377 NUMEROS.

3447 285 3551 355 854

297 442 417 496 κεία
459 438 516 493 δέ
565 436 658 490 καὶ
701 428 1010 503 συγγενικὴ
1048 427 1188 501 πρὸς
1214 427 1276 481 τὸ
1312 427 1576 497 πείθεινὴ
1611 424 1870 497 προσφώ-
1905 428 1928 482 Α

2021 432 2031 476 ί
2066 422 2236 475 Israel
2263 419 2450 473 dii-tus
2472 419 2578 482 est,
2613 411 2733 467 fuit.
2766 406 3025 465 Adhibita
3047 410 3134 460 est
3179 407 3360 456 autem
3394 396 3555 452 fami-

295 550 469 601 νησις.

1981 515 2066 569 liaa
2086 511 2550 585 eoguatiouisque
2567 503 2917 576 compellatio
2936 499 3005 556 ad
3030 496 3295 567 majorem
3323 504 3553 562 persua-

1982 598 2512 657 siouis-etlicaciam.

367 728 915 784 Commiserattonem
972 724 1103 779 item
1132 728 1342 792 captat,
1375 720 1515 775 mala
1566 716 1801 772 antehac
1849 717 2119 772 avxantlata
2162 714 2349 770 verbis
2368 708 2702 781 obiiciendo,
2755 703 3046 773 innuitque
3081 696 3327 753 divinum
3346 706 3473 762 erga
3495 705 3557 744 se

303 820 573 884 studium,
625 832 689 871 ac
756 816 1042 869 virtutem.
1070 832 1088 865 ι
1131 808 1578 865 Exclamavimus
1633 808 1777 861 enim
1808 804 1873 857 ad
1914 804 2225 864 Dominum,
2252 778 2454 870 inquit,
2503 812 2565 851 ac
2601 794 2815 849 audivit
2868 805 2991 853 nos,
3024 788 3306 853 missoque
3362 778 3555 834 nuntio

2588 883 2593 884 ν
2683 882 2691 884 ς
2833 879 2864 884 μ-
3010 877 3021 884 -
3199 872 3234 884 η
3389 883 3394 884 ,
3491 880 3509 884 _
3539 864 3552 884 .

302 908 493 961 eduxit
530 920 626 961 nos
650 919 714 959 ex
752 901 995 973 .Egypto
1029 901 1092 953 ⁸⁵.
1143 919 1161 952 ι
1202 898 1374 965 Quale
1403 896 1537 950 illud
1569 908 1789 964 quoque
1819 898 1904 946 est
1932 890 2078 961 quod
2109 864 2346 945 verbuni
2380 883 2601 940 Domini
2647 882 2784 936 citat
2814 877 3056 933 dicentis
3092 892 3105 928 :
3145 893 3163 925 ι
3197 866 3464 925 Descendi
3487 864 3553 916 ad

302 997 642 1067 eripiendum
676 1010 772 1051 eos
801 996 865 1058 "’,
911 1014 927 1045 ι
965 992 1110 1064 quod
1142 1008 1237 1060 per
1271 990 1523 1060 angelum
1556 1002 1680 1043 esse
1708 985 1911 1039 factum
1946 982 2124 1038 Moses
2152 980 2325 1036 novit.
2362 978 2469 1033 Sed
2507 974 2770 1046 quoniam
2819 970 3163 1028 exercituum
3202 959 3557 1018 transitiones

311 1086 636 1157 perniciosae
657 1092 808 1145 sunt,
836 1099 896 1137 se
928 1098 1025 1137 nec
1056 1097 1152 1150 per
1185 1095 1370 1148 agros,
1396 1092 1499 1133 nec
1525 1076 1708 1130 vineta
1732 1072 2111 1144 profecturum
2130 1085 2251 1125 esse
2281 1074 2626 1139 prmocupat.

388 1200 545 1252 Ἐπεὶ
572 1198 646 1269 μὴ
703 1197 847 1267 ὕδωρ
878 1192 1022 1265 εἶχον
1052 1197 1115 1247 ἐκ
1159 1192 1411 1264 φρεάτων
1458 1188 1770 1249 ἀνελλιπὲς,
1807 1185 1882 1238 Οὐ

307 1290 569 1359 πιόμεθα,
605 1288 793 1359 φησὶν,
847 1288 911 1340 ἐκ
934 1286 1140 1339 λάκκου
1196 1303 1313 1347 σου,
1367 1286 1571 1355 προῖκα
1617 1277 1882 1350 δηλονότι.

310 1381 480 1434 Τοῦτο
510 1382 619 1452 γὰρ
652 1381 957 1450 ἐπήνεγκεν
982 1377 1231 1448 ὕστερον.

2061 1187 2127 1240 Ει
2156 1183 2419 1255 quoniam
2440 1191 2638 1247 aquam
2669 1189 2779 1231 non
2812 1171 3107 1233 habebant,
3131 1181 3197 1222 ex
3240 1160 3420 1235 puteis
3451 1154 3560 1211 tuis

1990 1287 2044 1335 ct
2078 1250 2310 1332 lacubus
2347 1287 2458 1327 non
2507 1268 2783 1331 bibemus,
2820 1262 3022 1332 inquit,
3056 1257 3231 1330 gratis
3285 1250 3560 1307 videlicet.

1993 1384 2120 1425 nam
2157 1368 2263 1422 hoc
2296 1366 2475 1436 ipsum
2508 1369 2697 1432 postea
2738 1353 3053 1413 subintulit.

380 1496 583 1551 Verum
628 1496 720 1550 ille
748 1493 884 1550 nihil
915 1494 997 1548 eis
1025 1490 1460 1553 obsecundatur,
1489 1486 1804 1554 bellumque
1829 1486 2068 1539 minatur
2093 1499 2109 1548 ;
2139 1480 2186 1535 si
2215 1494 2347 1533 vero
2374 1478 2480 1532 illis
2509 1474 2812 1535 difﬁdebat,
2840 1463 3211 1541 jurejurando
3239 1475 3334 1517 eos
3369 1459 3565 1513 adacto

312 1603 448 1657 opus
466 1593 613 1641 erat.
648 1582 756 1640 Sed
778 1583 908 1654 quid
934 1582 1119 1637 verbis
1142 1591 1225 1637 est
1246 1597 1407 1650 opus,
1435 1592 1638 1648 pravus
1668 1584 1809 1640 erat,
1835 1586 1940 1628 nec
1957 1567 2243 1625 dissimilis
2264 1563 2534 1619 invidenti
2564 1561 2754 1633 gloria).
2771 1573 2984 1614 eorum.
3006 1553 3141 1608 Nam
3196 1565 3290 1606 seu
3338 1544 3567 1602 conscio

2234 1655 2242 1657 ξ
2785 1646 2823 1657 λ
2989 1644 3000 1656 α
3081 1641 3092 1652 ι
3130 1639 3165 1657 ο.
3186 1651 3324 1657 Αμυμ
3392 1633 3565 1657 ..ἴλη-ιι

314 1633 379 1657 vr
406 1633 612 1641 νυν-*τ*
650 1633 756 1640 τνν-
782 1633 907 1654 -ι----
948 1633 1115 1637 ν--ννέθ
1151 1633 1220 1637 ’-’
1256 1633 1307 1650 'r
1374 1633 1406 1644 'I
1438 1633 1452 1648 I
1797 1633 1807 1640 '

313 1676 439 1731 dicit
471 1692 484 1726 :
521 1693 538 1726 ι
582 1672 665 1727 Tu
706 1671 986 1742 cognitum
1012 1670 1181 1724 habes
1212 1669 1455 1723 laborem
1478 1673 1533 1718 ct
1585 1677 1862 1718 atrumnas
1889 1674 2013 1729 qua:
2061 1671 2161 1712 nos
2196 1655 2702 1708 circumvenerunt.
2736 1666 2755 1699 ι
2785 1646 2958 1701 Porro
2989 1641 3093 1712 ipsi
3130 1639 3329 1694 iterum
3388 1633 3567 1709 dicam

2464 1741 2471 1742 κ
2915 1733 2925 1742 .
3232 1733 3245 1742 .
3385 1717 3531 1742 --..ι-12

315 1717 439 1731 ω-..
471 1717 484 1726 .
521 1717 536 1726 .
591 1717 665 1727 -..
709 1717 986 1742 ,νοω-η---
1014 1717 1178 1724 μ----
1212 1717 1454 1723 -η,-,---
1590 1717 1596 1718 ,
1908 1717 1923 1729 _

315 1772 445 1818 cunt
472 1781 485 1817 :
510 1782 529 1814 ‹
557 1760 667 1818 Per
689 1761 942 1817 semitam
972 1760 1161 1813 tritam
1201 1755 1595 1820 ascendemus,
1627 1767 1728 1806 nec
1748 1765 1846 1821 per
1884 1762 2067 1820 agros,
2094 1745 2393 1799 innuentes
2428 1741 2567 1794 viam
2607 1751 2768 1807 quam
2816 1733 3024 1803 regiam
3054 1733 3272 1789 vocant,
3318 1742 3336 1773 ι
3385 1717 3567 1790 publi-

315 1870 408 1909 seu
467 1852 768 1906 militarem
830 1849 1235 1920 signiﬁcantes.
1275 1864 1293 1897 ι
1327 1845 1399 1899 De
1452 1858 1596 1913 aqua
1641 1842 1773 1895 item
1813 1847 1904 1893 tua
1961 1851 2069 1890 non
2086 1833 2359 1893 bibemus,
2398 1846 2416 1878 ι
2448 1825 2646 1894 inquit.
2675 1837 2799 1877 Cum
2834 1833 2974 1889 θαιιιίι
3012 1832 3074 1871 ea
3106 1828 3228 1885 (ιυεε
3257 1811 3310 1865 Ῐ¹¹
3342 1807 3570 1861 meum”

2556 1911 2575 1920 -ι
2666 1918 2671 1920 .
2887 1916 2896 1920 -
3038 1919 3055 1920 η
3081 1919 3112 1920 ,,
3131 1898 3488 1920 .,____-!l.2...nn
3550 1910 3565 1920 ι

316 1898 408 1909 ..υ-
831 1898 1013 1920 -νο---η
1506 1898 1521 1913 ,

315 1952 395 1997 est
417 1938 649 2010 propria
674 1938 750 1994 sit
791 1933 1609 2004 laborantium.lmpuuitatem
1638 1942 1771 1984 vero
1807 1924 2043 1981 transitu
2089 1919 2453 1981 indicaturus,
2496 1932 2513 1964 ι
2550 1911 2716 1967 Juxta
2752 1916 2991 1962 montem
3032 1898 3514 1974 pertransibiinus,
3549 1910 3566 1942 ι

316 2029 511 2099 inquit.
544 2029 816 2084 Caeterum
840 2024 1009 2081 Israel
1032 2022 1257 2078 deﬂexit
1281 2022 1349 2076 ab
1392 2035 1479 2083 eo,

383 2167 458 2220 Τὸ
514 2166 678 2236 γένος
731 2163 886 2233 τιμᾷ,
936 2161 1032 2215 καὶ
1068 2159 1142 2230 μὴ
1201 2157 1536 2229 τιμώμενος.
1583 2148 1903 2221 Τοῦτοτγὰρ

319 2258 490 2312 ἐδόκει
541 2255 668 2327 Θεῷ
711 2255 848 2323 (71⁸)
885 2270 900 2285 ·
933 2252 1055 2323 μηδ’
1084 2252 1174 2304 ὅτε
1206 2247 1454 2302 δοκοῦσιν
1488 2247 1536 2299 οί
1581 2243 1717 2316 πρὸς
1742 2242 1899 2311 γένος

318 2348 604 2421 ἀρνεῖσθαι
622 2348 721 2417 τὴν
745 2345 928 2415 φιλίαν
950 2345 1047 2415 τὴν
1062 2342 1171 2397 ἀπὸ
1194 2340 1289 2394 τοῦ
1318 2338 1532 2407 γένους.

1936 2135 2255 2214 “algentis
2285 2147 2369 2196 est
2415 2136 2704 2198 reveritus,
2733 2133 2798 2186 ah
2836 2144 2902 2186 eo
2956 2126 3160 2183 nullam
3212 2116 3574 2177 reverentiam

2012 2238 2348 2290 consecutus
2383 2228 2532 2284 licet.
2595 2223 2691 2279 Dei
2750 2222 2893 2276 enim
2933 2219 3193 2272 voluntas
3235 2217 3339 2273 est,
3400 2221 3574 2278 genus

2015 2342 2126 2381 non
2168 2325 2440 2393 abnegare
2481 2317 2584 2373 etsi
2617 2313 2872 2384 iniuriam
2908 2307 3093 2364 faciat.
3123 2302 3390 2370 Quoniam
3415 2298 3580 2369 igitur

322 2395 603 2421 —.—----v—-
634 2395 714 2417 --ι-
965 2395 1078 2415 --.η
1332 2395 1343 2407 .
1492 2395 1506 2401 -

322 2456 461 2497 nunc
498 2454 700 2495 omnes
726 2452 917 2493 sumus
942 2435 1143 2490 fratres
1167 2422 1982 2498 dilectionis,magnanimitate
2007 2418 2334 2488 injuriarum
2365 2409 2798 2467 recordationem
2833 2401 3054 2457 vincere
3087 2395 3367 2452 debemus.

387 2565 781 2637 Προστεθήτω
795 2562 1022 2631 Ἀαρὼν
1033 2559 1175 2627 πρὸς
1194 2556 1299 2610 τὸν
1311 2553 1465 2610 ,λαόν
1482 2550 1690 2606 αὑτοῦ.
1706 2548 1835 2603 Ἀπέ
1843 2565 1906 2620 ρ-

324 2676 521 2731 χονται,
553 2656 619 2711 τδ
647 2656 834 2717 ἀτελὲς
885 2652 1068 2706 αὐτῶν
1113 2646 1432 2716 ἐπιγνόντες
1477 2644 1524 2697 οἱ
1573 2641 1692 2709 Θεῷ
1740 2639 1908 2709 φίλοι.

324 2751 394 2805 Τὸ
418 2749 526 2821 γὰρ
568 2745 932 2819 μεγαλαυχεῖν
962 2741 1035 2805 ὡς
1066 2740 1153 2794 ἐπὶ
1179 2735 1515 2807 κατορθώσει
1535 2731 1746 2793 τελείας
1776 2732 1906 2802 ἀρε-

325 2842 435 2912 τῆς,
472 2838 752 2910 Ἐλλήνων
790 2838 1014 2905 σοφίας’
1042 2832 1219 2887 καίτοι
1258 2829 1393 2902 μηδὲ
1422 2825 1634 2881 τελείαν
1656 2824 1690 2897 ἦ
1710 2823 1909 2879 ἄπται-

329 2950 445 2986 στον
501 2929 848 3001 ἐσχηκότων,
905 2927 970 2997 ἢν
1024 2925 1208 2990 ἔδοξαν
1239 2918 1565 2992 κατορθοῦν.
1601 2917 1675 2971 Οὐ
1711 2915 1821 2987 γὰρ
1845 2915 1910 2967 ἐκ

329 3027 541 3096 φύσεως
580 3024 641 3077 τὸ
677 3022 798 3076 κατ’
841 3017 1043 3090 ἀρετὴν
1100 3015 1372 3083 ὀφείλεται
1414 3012 1639 3077 τέλειον,
1693 3007 1815 3061 οὐδὲ
1851 3004 1912 3059 τδ

338 3095 408 3189 μὴ
429 3112 811 3187 δυσχεραίνειν
833 3111 922 3163 ἐπὶ
940 3108 1173 3177 Θανάτῳ.
1200 3106 1377 3174 Ὅπερ
1393 3102 1570 3157 αὐτῶν
1599 3101 1648 3154 οἱ
1676 3095 1913 3170 μαθηταὶ

332 3212 439 3273 τοῖς
490 3204 837 3265 διδασκάλοις
888 3198 1229 3271 χαρίζονται,
1285 3195 1418 3268 μηδέ
1476 3193 1536 3246 τὸ
1579 3190 1724 3246 κατὰ
1752 3189 1937 3257 φύσιν.

334 3298 578 3371 πληροῦν
632 3294 971 3366 δυναμένοις.
1002 3291 1135 3355 Θεὸς
1176 3290 1233 3343 δὲ
1276 3286 1522 3359 βούλεται
1564 3284 1659 3339 καὶ
1704 3282 1915 3347 ζῶντας

334 3370 717 3452 καὶίάπιόντας
745 3385 1047 3455 ἐπιγνῶναι
1086 3383 1147 3436 τὸ
1178 3380 1388 3435 ἑαυτῶν
1411 3376 1610 3441 ἐνδεὲς,
1628 3434 1631 3435 ν
1649 3370 1919 3429 αἰτεῖσθαι

335 3485 390 3538 δέ
418 3483 553 3553 παρ’
584 3479 747 3535 αὑτοῦ
780 3480 881 3549 τὴν
914 3476 1217 3531 τελείωσιν.
1253 3470 1473 3541 Ἀτελὴς
1499 3469 1610 3539 γὰρ
1660 3467 1694 3535 ἡ
1748 3455 1917 3533 ’φύσις

340 3577 393 3628 ἐν
422 3552 511 3644 τῷί
533 3570 745 3642 πρώτῳ
777 3567 1068 3639 ἀνθρώπῳ.
1090 3563 1380 3634 γενομένη,
1435 3560 1531 3614 καὶ
1582 3555 1776 3626 ἀτελὴς
1825 3552 1915 3623 ζῇ,

341 3666 431 3719 καὶ
451 3662 656 3733 ἀτελὴς
691 3659 1014 3731 καταλήγει,
1041 3652 1409 3726 προσδεομένη
1458 3648 1553 3703 τοῦ
1606 3643 1918 3701 τελειωτοῦ.

348 3761 448 3811 Ὃν.
469 3757 573 3810 καὶ
595 3756 643 3808 οἱ
673 3755 731 3807 ἐν
757 3752 889 3824 ᾅδου
913 3749 1166 3811 ἐπόθουν,
1192 3746 1241 3797 οἱ
1280 3745 1375 3797 καὶ
1422 3741 1523 3813 τὴν
1563 3738 1822 3808 τελευτὴν
1866 3737 1924 3788 ἐν

345 3849 641 3918 ἐπιγνώσει
663 3846 761 3915 τῆς
804 3843 938 3906 ἰδίας
962 3839 1169 3899 ἐνδείας
1190 3834 1604 3903 ὑπομείναντες.
1637 3829 1757 3883 Ἐπ’
1787 3828 1928 3896 ὠφε-

344 3943 459 4014 λείᾳ
481 3942 584 3995 οὖν
609 3938 670 3993 τὸ
690 3936 925 3992 ἀκοῦσαι
958 3932 1025 3988 δι’
1048 3934 1113 4002 ἣν
1137 3929 1320 3983 αἰτίαν
1348 3927 1447 3979 οὐκ
1469 3921 1813 3997 ἐφικνοῦνται
1833 3918 1925 3972 τοῦ

348 4032 717 4105 προκειμένου
742 4026 970 4083 σκοποῦ.
1008 4024 1100 4088 Ὠς
1139 4022 1233 4077 καὶ
1265 4018 1478 4082 Παῦλος
1499 4017 1659 4085 ἔγνω,
1688 4028 1929 4067 καταπο-

348 4098 612 4191 νούμενος
658 4117 794 4188 ὑπὲρ
820 4114 922 4170 τοῦ
969 4112 1046 4184 μὴ
1084 4110 1471 4182 μεγαλαυχεῖν.
1514 4104 1675 4175 Δηλοῐ
1720 4102 1791 4155 δέ
1823 4098 1932 4153 τῶν

350 4212 532 4282 ψυχῶν
560 4210 619 4264 τὸ
637 4208 902 4262 ἀθάνατον
933 4205 1014 4269 τὸ,
1057 4222 1075 4255 ‹
1110 4201 1473 4273 Προστεθήτω
1504 4196 1641 4267 πρὸς
1683 4194 1774 4248 τὸν
1806 4191 1934 4245 λαὸν

353 4304 538 4359 αὑτοῦ.
581 4321 601 4355 ι
620 4302 761 4356 Λαδν
783 4299 899 4370 γὰρ.
926 4293 1064 4351 εἶναι
1094 4296 1188 4349 καὶ
1223 4292 1422 4355 αὐτῶν,
1455 4289 1528 4353 ὡς
1557 4286 1665 4341 τῶν
1689 4285 1928 4350 ζώντων.

353 4396 487 4449 Κατ’
511 4393 828 4463 οἰκειότητα
849 4390 906 4443 δέ
929 4388 1146 4459 τρόπων
1170 4385 1203 4455 ἠ
1237 4380 1510 4445 σύνταξις.
1540 4377 1653 4430 Καὶ
1682 4372 1933 4444 Λάζαρος

355 4490 460 4558 γὰρ
500 4488 564 4539 ἐν
594 4485 812 4546 κόλποις
851 4479 1131 4549 Ἀϐραάμ·
1168 4478 1196 4528 ὁ
1221 4475 1277 4528 δέ
1301 4472 1549 4535 πλούσιος
1591 4468 1782 4539 χωρὶς,
1809 4464 1932 4519 καί-

356 4595 437 4631 τοι
475 4576 705 4645 Πατέρα
740 4571 925 4626 καλῶν
950 4569 1040 4623 τὸν
1077 4566 1351 4637 Ἀϐραάμ.

2080 2546 2379 2615 Colligatur
2402 2540 2581 2593 Aaron
2602 2531 2670 2586 ad
2684 2528 2901 2601 populos
2927 2540 3074 2579 suos.
3099 2518 3241 2594 [XX
3265 2513 3382 2588 εει]
3411 2512 3579 2567 Dece-

2017 2641 2156 2695 dunt
2172 2603 2332 2689 amici
2350 2629 2444 2684 Dei
2468 2640 2567 2682 sua
2584 2618 2997 2692 imperfcclione
3015 2612 3257 2681 cognita;
3276 2621 3399 2661 nam
3418 2603 3587 2673 glori-
3624 2621 3626 2624 ν

2028 2728 2111 2782 ari
2133 2730 2283 2779 recte
2302 2734 2367 2773 ac
2397 2690 2696 2774 secundum
2723 2705 2946 2761 virtutis
2981 2698 3374 2772 perfectionem
3408 2690 3587 2745 faeto-

2011 2831 2132 2871 rum
2150 2828 2214 2868 ex
2235 2810 2547 2865 Graecorum
2571 2797 2838 2870 sapientia
2860 2791 3319 2857 est,Graacorum,
3336 2783 3587 2853 inquam,

2014 2906 2109 2978 qui
2147 2918 2269 2960 eam
2297 2901 2555 2956 virtutem
2587 2888 2894 2948 secundum
2930 2897 3096 2956 quam
3130 2888 3281 2936 recte
3319 2872 3589 2946 agerevi-

2017 2971 2313 3062 debantur,
2358 3006 2469 3046 non
2525 2984 2829 3058 perfectam
2870 2986 2967 3033 aut
3021 2988 3225 3046 puram.
3255 2971 3586 3025 habuerunt.

2016 3092 2135 3148 Non
2181 3058 2335 3144 enim.
2361 3090 2573 3138 naturae
2615 3080 2904 3143 acceptum
2940 3066 3136 3123 referri
3168 3063 3326 3119 debet
3353 3059 3501 3129 quod
3535 3058 3595 3112 fit

2020 3181 2323 3242 secundum
2362 3176 2651 3235 virtutem,
2703 3160 3165 3237 quemadmodum
3200 3170 3306 3211 nec
3356 3151 3516 3215 illud,
3548 3150 3595 3205 si

2021 3276 2147 3347 quis
2177 3269 2371 3327 mortis
2395 3274 2553 3321 metu
2573 3276 2681 3317 non
2707 3256 2996 3318 adiciatur,
3022 3248 3169 3322 quod
3199 3260 3391 3303 eorum
3425 3242 3598 3299 disci-

1945 3365 1987 3423 C
2024 3334 2139 3438 puli
2188 3374 2418 3420 suorum
2455 3354 2849 3425 magistrorum
2903 3346 3092 3417 gratia1
3125 3340 3424 3397 dederunt.
3457 3334 3595 3390 Cum

2023 3428 2219 3515 natura
2241 3456 2357 3523 ipsa
2384 3456 2487 3505 hoc
2514 3448 2736 3518 explere
2766 3458 2875 3498 non
2902 3439 3237 3511 potuissent.
3262 3429 3427 3501 Atqui
3454 3428 3600 3482 Deus

2025 3550 2167 3611 vult,
2198 3556 2261 3602 ut
2314 3554 2427 3599 tam
2468 3541 2579 3596 vivi
2624 3552 2786 3611 quam
2839 3530 3094 3590 morituri
3138 3540 3309 3584 suam-
3356 3523 3601 3593 ipsorum

2024 3642 2347 3700 tenuitatem
2370 3639 2696 3707 agnoscant,
2721 3629 2789 3683 ab
2807 3628 2926 3698 ipso
2946 3637 3076 3680 vero
3101 3614 3493 3691 perfectionem
3511 3623 3605 3680 pe-

2024 3744 2164 3791 tant.
2202 3731 2393 3785 Manca
2417 3710 2621 3782 etenim
2649 3738 2713 3776 ac
2739 3716 3065 3789 imperfecta
3093 3713 3151 3766 in
3177 3708 3354 3781 primo
3376 3701 3606 3758 homine

2030 3828 2177 3883 facta
2204 3830 2290 3879 est
2320 3829 2545 3883 natura,
2572 3813 3005 3886 imperfectaque
3031 3805 3191 3869 vivit,
3217 3809 3271 3856 et
3297 3812 3422 3854 esse
3459 3791 3606 3847 desi-

2028 3919 2130 3979 nit,
2170 3930 2234 3970 ac
2270 3915 2394 3984 ejus
2424 3881 2837 3984 quiperfectus
2866 3908 2952 3957 est
2970 3913 3075 3969 ope
3100 3894 3329 3963 indiget,
3363 3900 3523 3958 quem
3547 3881 3603 3937 hi

2034 4010 2131 4081 qui
2168 3976 2320 4079 apud
2349 3976 2572 4059 inferos
2591 3982 2841 4059 fuerunt,
2874 3990 3288 4062 expetiverunt,
3317 3976 3606 4052 quietiam

2032 4101 2177 4156 diem
2205 4111 2367 4153 suum
2404 4094 2459 4148 in
2492 4089 2775 4161 agnitione
2818 4097 2932 4140 sua:
2977 4077 3300 4148 indigentim
3329 4070 3605 4127 obierunt.

2035 4189 2384 4259 Quapropter
2411 4184 2546 4239 utile
2580 4188 2665 4237 est
2695 4176 2887 4232 audire
2929 4186 3095 4243 quam
3122 4169 3195 4224 ob
3219 4178 3449 4221 causam
3482 4174 3610 4215 sco-

2038 4296 2164 4353 pum
2184 4277 2465 4350 praeﬁxum
2486 4289 2592 4329 non
2606 4256 3461 4340 assequantur,quemadmodum
3475 4250 3614 4305 Ριιιιο

2041 4374 2127 4429 lus
2150 4348 2367 4442 quoque
2384 4365 2700 4429 confitetur,
2729 4375 2866 4417 cum.
2885 4354 3101 4425 inquit,
3124 4366 3185 4407 se
3218 4351 3279 4403 in
3295 4348 3399 4401 hoc
3437 4351 3613 4397 totum

2042 4479 2165 4521 esse
2200 4471 2262 4517 ut
2304 4458 2693 4531 gloriationcm
2731 4451 2814 4507 sui
2866 4450 3208 4516 compescat.
3231 4438 3352 4492 Prae
3408 4449 3467 4490 se
3510 4431 3616 4485 fert

2064 4565 2246 4611 autem
2292 4553 2601 4608 animorum
2636 4540 3102 4600 immortalitatem
3146 4535 3251 4589 hoc
3275 4527 3419 4600 quod
3453 4522 3612 4580 dixit:

475 4616 705 4645 ..-ητα
742 4616 919 4626 .._.._.
1342 4616 1347 4617 ,

365 4689 383 4722 ι
419 4669 728 4738 Colligatur
767 4664 835 4718 ad
875 4660 1136 4732 populum
1170 4672 1355 4713 suum.
1407 4671 1426 4705 ι
1476 4651 1744 4723 Populum
1796 4647 1944 4704 enim
1982 4663 2107 4704 esse
2147 4662 2213 4703 ac
2247 4660 2371 4701 eum
2403 4657 2471 4698 ex
2495 4636 2806 4695 viventibus
2844 4637 3101 4686 constare
3174 4625 3346 4694 figura
3412 4616 3628 4672 oratio--

363 4767 447 4822 uis
482 4763 785 4831 Scriptura:
811 4754 1067 4811 familiari
1104 4751 1404 4808 iudicatur.
1460 4745 1598 4801 Nam
1664 4751 1720 4800 et
1773 4740 2014 4796 Lazarus
2055 4740 2109 4794 in
2136 4738 2260 4795 sinu
2293 4732 2523 4791 Abraha:
2542 4743 2665 4786 esse
2695 4719 3105 4781 dieitur.Divcs
3134 4728 3263 4771 vero
3288 4719 3443 4768 extra
3469 4723 3617 4773 eum,

363 4855 717 4930 quantumvis
745 4858 957 4923 patrem
994 4847 1275 4901 invocaret
1307 4840 1606 4896 Abraham.

433 4971 525 5043 Τῷ
554 4966 910 5040 πρεσϐυτέρῳ
924 4962 1019 5016 τοῦ
1038 4960 1232 5030 γένους
1272 4952 1600 5027 παρέπεμψε
1628 4950 1727 5023 τὴν
1768 4948 1945 5004 διαδο-
1974 4930 2020 4986 Π

367 5038 863 5136 χήνίΤιμιώτερον
894 5056 1003 5124 γὰρ
1034 5053 1197 5122 φύσει
1225 5049 1286 5103 τὸ
1318 5045 1709 5119 πρεσϐύτερον,
1756 5038 1825 5095 εί
1846 5041 1940 5112 μή

366 5128 547 5220 τίτὴν
577 5128 643 5202 ἐκ
666 5146 883 5216 φύσεως
912 5141 1191 5214 ἐμποδίζοι
1220 5135 1407 5207 τιμὴν,
1426 5135 1501 5198 ὡς
1520 5133 1612 5187 ἐπὶ
1636 5131 1728 5186 τοῦ
1770 5128 1941 5184 Ἦσαῦ

369 5246 464 5299 καὶ
492 5240 585 5296 τοῦ
613 5236 905 5306 Μανασσῆ.
952 5231 1068 5302 Ἐφ’
1115 5224 1189 5287 ὧν
1227 5227 1324 5282 καὶ
1362 5227 1411 5279 οἰ
1442 5224 1602 5278 τύποι
1638 5222 1747 5277 τῶν
1803 5220 1946 5274 λαῶν

371 5333 585 5398 οἰκείως
646 5329 1070 5386 ὑποτυποῦνται.
1112 5324 1176 5377 Ei
1224 5321 1281 5374 δέ
1306 5317 1606 5389 προαχθείη
1647 5334 1701 5370 τι
1738 5314 1827 5369 διὰ
1887 5312 1949 5365 τὸ

450 5516 493 5562 υ
521 5513 844 5574 Deut.xxv|,
877 5510 932 5576 Ἰ,
958 5509 1012 5562 8.
1092 5507 1134 5537 ⁸⁸
1162 5500 1336 5559 Exod.
1369 5516 1447 5563 ιιι,
1483 5498 1536 5553 8.

2121 4942 2390 4997 Caeterum
2425 4931 2632 4990 seniori
2676 4925 2911 5000 generis»
2951 4922 3361 4978 successionem
3398 4911 3624 4969 commii

2055 5038 2148 5101 sit,
2174 5042 2365 5088 natura
2392 5026 2536 5083 enim
2571 5019 2950 5094 praestantius,
2976 5013 3121 5086 quod
3148 5018 3305 5067 aetate
3326 5007 3501 5077 majus
3517 5015 3621 5070 est,

2052 5129 2095 5185 si
2114 5141 2220 5181 non
2241 5118 2443 5191 aliquid
2474 5115 2776 5172 naturalem
2806 5111 3122 5180 dignitatem
3142 5102 3623 5173 impediat,quem-

2052 5188 2345 5272 admodum
2396 5221 2559 5277 super
2600 5203 2741 5259 Esau
2800 5210 2854 5256 et
2888 5200 3145 5254 Manasse
3182 5190 3473 5253 accidit,in
3505 5188 3627 5258 qui-

2056 5310 2158 5365 bus
2208 5302 2319 5376 typi
2354 5298 2676 5372 populorum
2710 5309 2818 5349 usu
2844 5287 3100 5347 familiari
3124 5284 3445 5343 redduntur.
3470 5278 3623 5347 Quod

1865 5619 2071 5680 NOTE
2083 5662 2097 5676 .

465 5771 595 5840 (71⁸)
639 5766 784 5823 Ἀντὶ
822 5764 928 5819 τῶν
969 5755 1276 5831 ἐπομ.τάδε
1309 5750 1588 5825 ἔχειὸτῆς
1635 5747 1771 5815 Ᾱὺγ.
1820 5742 1948 5797 κώδ.
1987 5757 1999 5772 ’

2047 5734 2199 5810 μὴτὸ
2232 5734 2385 5803 γένος
2425 5727 2727 5801 ἀρνεῖσθαι,
2752 5724 2853 5778 κᾶν
2879 5721 3061 5792 ἀδικῇ.
