4090 6514
559 291 664 354 855
1882 292 2231 355 PROCOPII
2272 293 2516 356 GAZJEI
3706 301 3806 364 856

556 401 811 458 siautem
843 400 975 472 quid
1007 400 1338 472 productum
1388 399 1553 457 fuerit
1604 401 1729 472 ejus
1777 402 1951 472 gratia
1983 420 2099 474 quo

2238 406 2430 477 μέλλον
2455 406 2696 473 ἔσεσθαι,
2723 406 2799 471 ὡς
2826 410 2857 462 ό
2882 404 3084 480 κόσμος
3121 408 3228 480 πρὸ
3279 408 3572 480 ἀνθρώπου
3618 412 3716 465 καὶ
3742 414 3806 466 τὰ

558 501 746 565 postea
777 493 1023 550 futurum
1054 503 1194 561 erat,
1225 509 1355 549 num
1378 494 1734 567 praestantius
1762 509 1984 566 quoque
2012 494 2099 550 lue

2236 496 2429 567 ἄλογα,
2457 499 2517 553 οὐ
2546 501 2921 572 προτιμότερα
2936 499 3115 556 ταῦτα
3140 500 3253 555 τῶν
3290 501 3360 555 δι’
3388 502 3426 556 ἃ
3469 509 3687 571 γέγονε.
3711 503 3807 556 Φύ-

555 588 630 642 rit
657 588 681 643 τ
708 588 875 643 veluti
905 587 1147 643 mundus
1180 596 1235 644 et
1260 587 1421 642 bruta
1454 602 1579 659 quae
1616 588 1844 644 homine
1903 587 2099 643 lueruu

2236 606 2318 645 σει
2346 592 2455 664 γὰρ
2483 592 2657 648 ταῦτα
2685 593 3012 666 τιμιώτερα,
3036 596 3088 648 εξ
3125 595 3220 649 καὶ
3240 594 3489 665 δεύτερα.

555 681 739 752 priora
767 681 791 736 τ
819 680 1061 746 Minime,
1102 696 1214 736 non
1251 681 1399 736 enim
1432 682 1829 738 excellentiora
1876 699 1939 739 ea
1988 692 2119 738 sunt
2157 682 2225 740 iis
2254 696 2478 756 propter
2520 702 2642 759 quae
2667 696 2797 745 sunt
2828 687 2995 756 facta,
3050 688 3185 760 quin
3215 690 3619 745 venerabiliora
3683 702 3805 747 sunt

550 776 672 834 haec
708 784 907 833 natura
946 776 1053 833 etsi
1088 776 1420 849 posteriora.

626 914 793 971 Porro
805 930 953 971 mors
978 913 1283 972 sacerdotis
1304 913 1468 988 415
1495 931 1601 971 non
1632 923 1716 972 est
1739 915 2473 988 obscura,quemadmodum
2503 930 2601 971 nec
2644 930 2711 970 ao
2739 915 3118 972 sacerdotium
3137 920 3511 990 Inauguratio.
3531 917 3803 977 Praeclara

549 1004 700 1060 enim
729 1012 784 1058 et
812 1003 1174 1075 suspicienda
1207 1018 1295 1061 res
1327 1003 1699 1060 sacerdotium
1728 1012 1835 1070 est,
1864 1004 1921 1060 in
1943 1019 2054 1077 quo
2093 1002 2276 1060 omnia
2303 1001 2742 1085 illustratﬁeus,
2781 1012 2837 1058 et
2868 1004 3202 1075 principium
3229 1048 3245 1071 ,
3279 1016 3333 1060 et
3360 1006 3523 1061 linem
3548 1051 3565 1074 ,
3593 1018 3655 1062 et
3680 1025 3805 1064 suc-

549 1105 790 1147 cessum.
818 1090 958 1146 Dicit
985 1092 1130 1148 enim
1164 1109 1178 1146 :
1218 1111 1238 1145 ι
1266 1091 1437 1148 Nemo
1457 1093 1711 1148 accendit
1732 1093 2009 1149 lucernam
2041 1101 2097 1148 et
2124 1093 2181 1147 in
2212 1090 2539 1147 abscondito
2564 1092 2740 1163 ipsam
2775 1092 3038 1156 collocat,
3069 1095 3164 1150 sed
3194 1109 3362 1164 super
3382 1097 3801 1164 candelabrum,

550 1193 662 1250 quo
689 1193 881 1235 omnes
904 1187 1175 1251 quotquot
1210 1179 1594 1252 ingrediuntur
1619 1181 1801 1236 lumen
1830 1181 2077 1251 aspicere
2101 1190 2304 1250 queant
2328 1180 2414 1233 ⁸⁸⁵.
2440 1197 2459 1231 ι
2490 1179 2645 1250 Apud
2670 1179 2867 1235 lsaiam
2896 1181 3027 1237 item
3054 1181 3235 1252 inquit
3263 1201 3278 1237 :
3316 1202 3336 1235 ι
3371 1184 3551 1248 Super
3567 1195 3801 1240 montem

549 1268 829 1323 excelsum
858 1268 1164 1325 conscende
1193 1276 1249 1323 tu
1278 1271 1370 1340 qui
1405 1269 1555 1325 Sioni
1582 1270 1705 1325 laeta
1735 1269 2032 1326 denuntias
2065 1269 2131 1321 ¹⁸.
2176 1286 2194 1318 ι
2241 1266 2316 1322 lta
2359 1267 2526 1322 etiam
2566 1265 2832 1322 Dominus
2866 1267 3019 1323 solus
3054 1268 3172 1338 ipse
3207 1284 3392 1324 secum
3421 1271 3560 1342 egit,
3589 1273 3803 1342 quando

549 1357 806 1429 spiritum
839 1374 867 1411 a
899 1372 1133 1428 corpore
1169 1372 1427 1428 separare
1464 1358 1736 1413 voluerat.

621 1499 791 1556 Porro
831 1515 955 1556 cum
1010 1500 1372 1571 praerogativa
1429 1500 1650 1570 generis
1705 1500 1760 1555 in
1787 1500 1905 1570 lege
1933 1499 2099 1554 carni:

2287 1494 2399 1565 Τῆς
2423 1492 2481 1547 δὲ
2503 1493 2645 1547 κατὰ
2673 1494 2830 1561 γένος
2850 1494 3014 1564 τιμῆς
3046 1494 3339 1565 ἱσχυούσης
3367 1496 3461 1549 επὶ
3510 1495 3611 1550 τοῦ
3665 1513 3799 1571 σαρ-

548 1593 748 1659 valeat,
781 1593 1011 1664 spiritus
1053 1607 1273 1663 quoque
1306 1592 1361 1648 in
1416 1593 1691 1663 spirituali
1734 1593 1888 1647 cultu
1932 1591 2076 1647 valet

2221 1583 2379 1639 κικοῦ
2411 1584 2600 1655 νόμου,
2632 1585 2667 1655 ἡ
2697 1587 2839 1637 κατὰ
2873 1585 3092 1655 πνεῦμα
3135 1585 3229 1637 ἐπὶ
3277 1585 3377 1655 τῆς
3420 1588 3803 1658 πνευματικῆς

550 1698 766 1739 morum
812 1683 957 1740 enim
1008 1682 1313 1738 similitudo
1372 1682 1425 1737 in
1485 1699 1685 1754 genere
1718 1682 2099 1754 quodammodc

2222 1676 2531 1741 Θεοσεϐείας
2563 1676 2760 1748 ἰσχύει,
2794 1675 2986 1749 ὥσπερ
3006 1677 3197 1746 γένους
3226 1677 3380 1743 ὄντος
3422 1679 3525 1747 τῆς
3567 1678 3801 1750 ὁμοτρο-

547 1783 653 1843 cst,
676 1778 819 1832 sicut
847 1775 967 1845 ejus
996 1773 1073 1828 rei
1100 1774 1325 1845 liguram
1356 1776 1497 1845 gerit
1523 1776 1655 1830 illud
1680 1775 1826 1844 quod
1843 1777 2099 1833 Abrahan

2220 1768 2374 1832 πίας.
2440 1767 2529 1831 Ὠς
2568 1762 2709 1821 εἶναι
2760 1766 2953 1821 τούτου
2980 1766 3150 1822 τύπον
3199 1768 3397 1831 ἐκεῖνο,
3451 1767 3593 1822 καθὸ
3620 1769 3803 1839 πατὴρ

430 1878 433 1881 ·
548 1875 708 1937 pater
735 1875 925 1924 noster
957 1865 1082 1922 ﬁdei
1108 1866 1468 1923 similitudine
1491 1867 1728 1923 exsistit.

2220 1862 2380 1935 ἡμῶν
2414 1860 2669 1934 Ἀϐραὰμ
2700 1860 2944 1923 πίστεως
2993 1860 3299 1933 ὁμοιότητι.
3367 1863 3479 1916 Καὶ
3526 1861 3689 1915 τοῦτο
3727 1863 3803 1916 δι·-

2217 1954 2500 2026 καιότερόν
2533 1970 2592 2008 τε
2620 1954 2714 2008 καὶ
2745 1952 3115 2027 ἰσχυρότερον,
3138 1952 3216 2019 ὡς
3261 1954 3358 2009 καὶ
3379 1953 3565 2025 ψυχῆς
3596 1955 3799 2022 ὑγίεια,

2218 2046 2538 2118 σωματικῆς
2564 2044 2915 2118 τιμιώτερον.

628 2122 761 2196 ῦυίη
799 2128 965 2183 etiam
986 2127 1124 2184 stola
1149 2127 1456 2199 spiritualis
1476 2130 1686 2184 carnali
1717 2139 1903 2198 exuta,
1921 2130 2099 2189 anima

2286 2136 2457 2210 Στολὴ
2488 2137 2837 2210 πνευματικὴ
2858 2178 2873 2203 ,
2906 2138 3008 2209 τῆς
3046 2138 3368 2211 σωματικῆς
3409 2139 3797 2211 ἀφῃρημένης.

543 2219 801 2289 congruit
831 2233 862 2273 a
912 2235 1145 2293 corpore
1189 2232 1237 2275 et
1267 2222 1651 2291 corporalibus
1692 2220 2003 2282 defectibus
2032 2240 2099 2283 se

2217 2232 2448 2306 ἁρμόζει
2476 2234 2624 2306 ψυχῇ
2653 2232 2997 2308 χωριζομένη
3023 2234 3119 2290 τοῦ
3156 2235 3428 2307 σώματος,
3453 2236 3551 2290 καὶ
3575 2236 3686 2292 τῶν
3715 2237 3798 2289 εν-

539 2308 770 2381 Ῑυηοιαι,
825 2319 1163 2382 quapropter
1221 2313 1471 2369 terrestri
1538 2316 1778 2370 tentorio
1828 2315 2010 2372 diruto
2056 2317 2099 2373 ir

2217 2325 2408 2381 τεῦθεν
2435 2325 2858 2397 ἐλαττωμάτων.
2899 2327 2994 2381 Διὸ
3040 2327 3136 2383 καὶ
3189 2328 3346 2384 ποθεῖ
3389 2328 3453 2383 τὸ
3483 2330 3795 2402 οἰκητήριον

544 2399 771 2455 caeleste
793 2400 1136 2456 domicilium
1169 2401 1358 2457 subire
1401 2417 1622 2473 quoque
1660 2403 1959 2463 desiderat.
1990 2407 2099 2463 Nor

2220 2417 2690 2474 δπενδύσασθαιτὸ
2711 2418 2772 2486 ἐξ
2808 2419 3067 2493 οὐρανοῦ,
3100 2419 3372 2492 λυομινης
3406 2422 3507 2493 τῆς
3555 2399 3792 2491 ἐπιγείου

540 2491 767 2560 quidem
796 2498 857 2546 ut
878 2506 1119 2562 corpore
1161 2491 1422 2548 reddatur
1460 2494 1629 2560 nuda,
1666 2511 1768 2551 nec
1799 2498 1946 2552 enim
1973 2497 2099 2555 Pau-

2221 2509 2457 2579 σκηνῆςο
2493 2510 2592 2581 οὐχ
2646 2510 2787 2565 ὥστε
2826 2491 3011 2583 γνμνὴ
3036 2491 3287 2583 σώματος
3314 2491 3596 2583 ¹γενέσθαι,
3657 2513 3792 2568 καθὰ

544 2584 635 2639 lus
693 2582 837 2640 idem
876 2586 1069 2651 sentit,
1107 2585 1202 2641 sed
1238 2593 1297 2639 ut
1326 2586 1575 2657 corporis
1601 2602 1771 2643 onere
1805 2588 2099 2661 liberetur;

2218 2601 2296 2671 τῷ
2316 2601 2516 2674 Παύλῳ
2538 2602 2705 2669 δοκεῖ,
2746 2603 2881 2659 ἀλλὰ.
2895 2604 2990 2659 τοῦ
3010 2603 3325 2679 βαροῦντος.
3366 2605 3458 2660 Διὸ
3482 2607 3580 2659 καὶ
3609 2607 3792 2662 στενά-

542 2682 767 2747 propter
794 2690 938 2732 onus
966 2676 1113 2733 enim
1140 2677 1430 2748 gemimus,
1460 2677 1639 2750 inquit
1665 2681 1731 2739 ".

2220 2689 2387 2762 ζομεν
2412 2692 2492 2764 τῷ
2522 2692 2704 2766 βάρει.

610 2807 881 2863 Caeterum
910 2808 964 2863 in
995 2816 1181 2865 monte
1209 2809 1518 2865 moriuntur
1542 2807 1723 2867 Moses
1751 2821 1807 2867 et
1835 2813 2040 2880 Aaron,
2073 2830 2139 2874 ac
2168 2819 2222 2875 in
2248 2821 2430 2894 figura
2463 2840 2565 2882 ceu
2592 2828 2809 2884 animas
2835 2829 2889 2884 in
2928 2829 3102 2884 altum
3129 2830 3366 2887 subduci
3396 2831 3667 2887 indicant.
3700 2832 3790 2889 Est

541 2911 674 2986 vero
712 2896 1021 2986 dill‘erentia
1083 2898 1138 2953 in
1196 2898 1323 2965 hoc,
1375 2900 1522 2969 quod
1558 2900 1699 2955 alter
1744 2902 2122 2977 longinquius,
2185 2911 2345 2967 alter
2402 2915 2632 2986 propius
2667 2925 2829 2973 terra:
2876 2928 3077 2975 sanctae
3128 2921 3385 2976 moritur.
3412 2920 3597 2978 Moses
3648 2922 3786 2977 enim

540 2984 736 3080 virtuti
766 2984 874 3039 fuit
904 2985 1123 3080 vicinus
1155 2986 1352 3057 magis.
1394 2990 1659 3080 quamvis
1678 2989 1996 3080 diﬂlulentiae
2037 3009 2202 3065 super
2245 2984 2749 3069 aquacommisse
2776 3007 2938 3077 culpa
2982 3008 3275 3063 amborum
3318 3024 3417 3080 par
3440 3009 3636 3065 fuerit.
3671 3009 3784 3065 Non

538 3072 691 3128 enim
721 3072 1025 3129 secundum
1067 3084 1300 3144 partem,
1327 3074 1421 3130 sed
1453 3074 1758 3131 secundum
1786 3083 1961 3134 totum
1986 3078 2246 3144 iudicium
2278 3086 2405 3144 ﬁeri
2450 3091 2636 3148 debet.

607 3188 669 3245 In
690 3184 887 3259 iudicii
946 3200 1077 3241 vero
1143 3194 1348 3242 sortem
1397 3194 1613 3258 tempus
1666 3203 1887 3259 quoque
1938 3193 2099 3259 cadit,

2280 3201 2535 3270 Κρισεως
2556 3205 2649 3258 καὶ
2677 3206 2708 3259 ό
2738 3206 2952 3278 χρόνος,
2980 3209 3123 3263 κατὰ
3154 3210 3255 3280 τὴν
3300 3209 3459 3277 ἀξίαν
3506 3214 3781 3287 ἐπαγομέ-

538 3280 702 3352 cujus
733 3279 950 3335 ratione
981 3291 1080 3348 pro
1111 3277 1382 3349 dignitate
1428 3292 1704 3350 cujusque
1734 3296 1882 3337 mors
1910 3289 1994 3338 est
2024 3285 2099 3338 in-

2217 3304 2308 3341 νου
2337 3289 2568 3346 θανάτου
2588 3277 2787 3369 πρώτῃί
2828 3298 2927 3367 μὲν
2956 3300 3021 3368 τῇ
3058 3277 3311 3372 Μαριὰμ,
3341 3302 3584 3375 δευτέρῳ
3627 3277 3786 3377 ὸίτῴ

538 3380 717 3439 vecta,
752 3372 932 3442 primo
967 3370 1186 3441 qnidem
1217 3368 1421 3429 Mariae.
1452 3370 1699 3426 secundo
1722 3387 1855 3428 vero
1880 3373 2099 3444 Aaroni,

2233 3378 2463 3452 Ἀαρὼν,
2488 3385 2658 3457 τρίτῳ
2702 3368 2761 3440 δὲ
2787 3389 2865 3459 τῷ
2892 3389 3136 3444 Μωῦσεῖ.
3157 3368 3394 3467 *Ἐπειδὴ
3437 3368 3534 3450 καὶ
3551 3368 3564 3375 ’
3580 3368 3783 3470 μεικροζ

537 3466 700 3522 tertio
751 3464 986 3535 denique
1038 3463 1234 3535 Moysi,
1289 3462 1563 3533 siquidem
1621 3464 1835 3521 dierum
1888 3482 2099 3539 quoque

2217 3471 2422 3543 ημερία
2458 3475 2647 3543 μισθὸς
2679 3477 2881 3550 ἀρετῆς
2896 3480 3075 3534 ἔκειτο
3098 3482 3237 3537 κατὰ
3255 3485 3348 3540 τὸν
3378 3462 3781 3560 νόμονίηρωτη

456 3606 457 3609 η
537 3557 823 3631 longitudo
854 3557 1138 3629 praemium
1173 3557 1400 3613 virtutis
1441 3556 1494 3611 in
1528 3557 1646 3628 lege
1673 3569 1758 3615 est
1779 3562 2099 3617 constituta.

2217 3560 2308 3615 οὖν
2347 3562 2578 3637 τελευτᾷ
2634 3568 2668 3638 ἡ
2706 3569 3102 3642 ἐπιτιμηθεῖσα
3150 3573 3351 3645 μᾶλλον
3393 3577 3481 3647 ἐφ’
3524 3573 3609 3644 οἷς

538 3650 721 3707 Primo
776 3650 943 3722 igitur
970 3648 1101 3706 fatis
1135 3648 1461 3720 defungitur
1494 3664 1558 3704 ea
1599 3666 1720 3721 quae
1758 3652 1883 3722 plus
1913 3669 2099 3725 reprae-

2217 3651 2484 3716 Μωῦσέως
2510 3657 2801 3729 ἐτόλμησε.
2842 3661 3066 3717 Γυναικὶ
3097 3665 3207 3735 γὰρ
3236 3666 3436 3733 μᾶλλον
3461 3668 3607 3743 ἢπερ
3630 3670 3778 3742 ἀνδρὶ

537 3745 820 3802 bensionis
842 3745 1130 3809 habuerat,
1154 3759 1220 3800 eo
1236 3742 1383 3815 quod
1411 3754 1601 3799 contra
1632 3745 1817 3801 Mosen
1848 3749 2099 3818 quiddam

2217 3742 2266 3797 τὸ
2291 3748 2500 3816 σιωπᾷν
2526 3765 2588 3802 τε
2605 3749 2701 3805 καὶ
2736 3752 3053 3826 μετριάζειν
3090 3759 3379 3831 προσήκει.
3428 3761 3700 3817 Ἐλάττων
3724 3764 3777 3818 δὲ

533 3853 666 3895 ausa
691 3838 895 3895 fuerat.
934 3835 1104 3908 Magis
1129 3837 1273 3891 enim
1299 3845 1506 3900 tacere,
1538 3850 1603 3891 ac
1629 3836 1915 3894 moderate
1945 3854 2099 3910 agere

2217 3836 2485 3909 προδήλως
2506 3840 2601 3895 τοῦ
2624 3843 2901 3910 Μωῡσέως
2927 3847 2958 3900 ὁ
3001 3847 3213 3921 Ἀαρὼν

532 3930 793 3986 feminam
822 3945 986 4001 quam
1026 3928 1205 3984 virum
1236 3929 1413 3987 decet.
1451 3928 1625 3985 Porro
1663 3929 1894 3986 inferior
1924 3934 2101 4001 palam

532 4023 679 4080 Mose
705 4025 887 4078 Aaron
918 4022 1042 4088 fuit,
1101 4037 1276 4091 quare
1331 4022 1576 4077 secundo
1601 4022 1801 4077 merito
1839 4024 2098 4082 moritur.

603 4110 671 4166 Et
703 4112 905 4166 audivit
951 4109 1283 4166 Chananwus
1318 4125 1412 4164 rex
1458 4110 1630 4175 Arad,
1669 4119 1777 4166 etc.
1832 4110 2099 4187 [XXLL]

2217 4211 2254 4215 _
2268 4120 2388 4215 [Καὶ
2453 4122 2722 4192 ἤκουσεν
2762 4131 2797 4184 ὀ
2843 4132 3178 4203 Χαναναῖος
3218 4136 3521 4209 ,βασιλεὺς
3575 4145 3765 4215 Ἀράδ.

529 4203 707 4261 Eccur
728 4219 859 4261 vero
876 4204 1111 4276 populus
1137 4204 1226 4259 ille
1248 4203 1340 4275 qui
1362 4201 1699 4274 profectione
1720 4214 1913 4260 contra
1931 4204 2099 4263 Deum

2217 4210 2332 4305 Πῶς
2356 4214 2473 4305 ὁρτῇ
2528 4218 2670 4272 κατὰ
2697 4219 2829 4275 Θεὸν
2855 4201 3264 4298 ἐναντιούμενος
3288 4234 3483 4305 πορείᾳ
3500 4201 3600 4289 οιαὶ
3618 4201 3766 4292 τῖεολεζ

528 4297 746 4361 nititur,
804 4304 858 4352 et
919 4294 1220 4367 praeliatur,
1273 4307 1326 4352 et
1362 4296 1550 4366 praelia
1591 4295 2096 4363 vincit?Quoniam

2217 4304 2300 4395 psi
2322 4304 2416 4358 καὶ
2436 4309 2559 4379 νικᾷ
2584 4325 2601 4377 ;
2631 4310 2862 4367 Ὀτιὸιὰ
2903 4314 3083 4371 πόνων
3106 4294 3192 4372 ἀἱ
3237 4294 3635 4395 κατορθῶσειςο
3678 4332 3765 4384 καὶ

524 4389 745 4445 vexatio
792 4388 874 4458 (ιιι
902 4387 1086 4459 vulgo)
1139 4385 1233 4443 dat
1285 4387 1646 4455 intellectum,
1694 4398 1749 4445 et
1775 4390 2096 4449 aﬂlictiones

2217 4393 2338 4467 πρὸς
2364 4396 2497 4455 Θεὸν
2523 4400 2843 4473 ἐπιστρέφει
2862 4407 2922 4460 τὸ
2954 4409 3183 4481 πάσχειν
3205 4385 3393 4479 κακῶς

526 4482 593 4537 ad
618 4480 1161 4581 Deumconvertunt,
1177 4481 1642 4581 quemadmodum
1669 4483 1772 4581 boc
1793 4485 1937 4557 quod
1961 4497 2087 4581 vota
2123 4487 2232 4581 lico
2259 4504 2596 4563 nuncupant,
2648 4506 2811 4565 patet.
2854 4480 3107 4572 quodque
3144 4508 3252 4560 voti
3305 4506 3441 4563 ﬁunt
3467 4521 3761 4581 compotes,

524 4570 671 4661 quod
701 4570 903 4661 iactum
944 4586 1011 4626 eo
1047 4570 1193 4641 quod
1214 4570 1411 4661 impios
1440 4572 1614 4628 solum
1649 4574 1869 4631 vincere
1897 4576 2117 4641 vellent,
2146 4577 2469 4650 lucrumque
2496 4598 2602 4638 non
2637 4594 2936 4657 captarent.
2995 4570 3167 4649 Porro
3196 4598 3519 4654 vocabulum
3560 4570 3763 4661 fierem

524 4659 938 4761 donarium
970 4674 1065 4715 seu
1093 4659 1378 4761 anathema
1405 4670 1680 4731 perpetuae
1710 4664 1987 4720 memoria:
2017 4674 2326 4723 consecrat.
2356 4664 2452 4725 Est
2473 4669 2601 4726 item
2633 4673 2848 4743 signum
2887 4676 3111 4747 justitia:
3138 4681 3331 4740 divinae
3358 4694 3524 4755 atque
3577 4659 3762 4761 pote...

525 4746 633 4812 tiae,
660 4754 715 4803 et
739 4748 957 4817 pietatis
984 4762 1173 4804 eorum
1206 4749 1299 4820 qui
1330 4749 1577 4805 fecerunt
1610 4761 1817 4805 votum.

592 4875 1555 4985 ξξῘῩῗῩῘῨῘίἯῩῘῨίῩῨξῗη,ΡΨΪΨ
1608 4891 1891 4985 imm?"
1921 4883 2024 4957 [θ’]
2057 4886 2553 4985 Ν⁰¹¹Α³¹¹¹Ρ¹ίιῖῗ²ί¹
2592 4900 2797 4950 “imm
2831 4907 3080 4955 ³³η⁰ι³¹η
3124 4906 3488 4974 contendunt.
3528 4924 3756 4985 propter

521 4962 875 5060 dididentiam
903 4964 1066 5034 cujus
1097 4967 1315 5060 nomine
1335 4976 1464 5060 sunt
1492 4970 1865 5060 condemnati,
1894 4988 2082 5029 verum
2119 4990 2152 5030 a
2181 4982 2340 5048 tergo
2404 4978 2702 5037 lduuueam
2738 4985 3021 5056 regionem
3075 5003 3387 5060 pererrant.

520 5053 667 5150 enim
694 5066 785 5150 res
813 5053 1329 5150 omnesquaacitra
1354 5054 1524 5110 Deum
1577 5056 1968 5150 instituuntur,
2021 5063 2485 5134 quemadmodum
2539 5068 2645 5121 vita
2699 5053 2918 5142 quoque
2959 5053 3093 5145 ipsa.
3133 5087 3359 5150 propter
3406 5053 3753 5143 ἀίωάέιξᾷέξιί

523 5140 838 5239 resolvitur.
870 5140 949 5195 Ac
972 5139 1025 5194 1ιί
1049 5140 1144 5210 qui
1169 5138 1311 5195 bona
1346 5143 1709 5239 capessebant
1740 5148 1915 5239 prius,
1949 5150 2115 5207 animi
2142 5153 2463 5208 inﬁrmitate
2492 5138 2737 5224 superati
2766 5138 3042 5220 aerumnas
3071 5138 3375 5235 perferunt.
3402 5138 3759 5239 Quemadmo:

519 5225 848 5332 dum-Adam
874 5240 1115 5325 quoque,
1140 5240 1267 5280 cum
1304 5227 1622 5332 mandatum
1650 5234 2032 5332 praeterisset,
2068 5253 2133 5292 ex
2168 5242 2452 5311 voluptate
2493 5242 2548 5297 in
2573 5244 2813 5300 laborem
2836 5256 2921 5305 est
2957 5225 3280 5310 translatus.
3312 5225 3753 5332 mlius—5%.:

521 5322 744 5418 agentes
766 5313 1001 5418 deprimi
1044 5326 1282 5413 necesse
1301 5322 1389 5418 est
1417 5330 1432 5380 ;
1473 5330 1599 5371 cum
1634 5318 1778 5373 enim
1812 5317 1924 5375 Deo
1946 5327 2306 5395 ogganniunt,
2349 5329 2453 5385 sibi
2482 5330 2617 5401 ipsis
2641 5334 2967 5403 supplicium
3009 5352 3327 5399 accersunt.
3362 5313 3755 5418 ldqueisirquis

516 5401 583 5455 ad
615 5401 699 5455 sui
720 5401 1088 5495 eruditionem
1114 5401 1344 5495 arripiat
1368 5402 1519 5495 bono
1546 5420 1679 5495 esse
1730 5417 1933 5476 potest,
1964 5419 2023 5464 ut
2053 5412 2107 5466 in
2142 5414 2324 5485 seipso
2353 5431 2576 5472 omnem
2621 5401 2864 5490 culpam,
2894 5423 3061 5495 inque
3117 5427 3229 5486 Deo
3268 5401 3475 5489 nullam
3512 5401 3753 5492 residere

489 5495 777 5560 agnoscat
806 5488 1059 5547 videlicet
1084 5505 1099 5543 :
1124 5491 1203 5547 Ac
1232 5488 1403 5548 Deum
1426 5493 1650 5566 quidem
1678 5495 1806 5551 mali
1835 5511 1946 5553 non
1971 5511 2274 5575 auctorem,
2300 5505 2399 5567 sed
2446 5508 2629 5565 omnis
2650 5488 2916 5571 bonitatis
2941 5488 3062 5574 esse
3090 5518 3320 5580 fontem.
3350 5524 3530 5597 Atque
3549 5488 3620 5582 ea
3631 5488 3754 5582 iis;

590 5698 651 5731 "‘
680 5698 815 5755 Luc.
850 5716 924 5767 χι,
955 5704 1042 5760 35.
1121 5707 1168 5739 ¹⁶
1192 5705 1292 5764 lsa.
1325 5724 1409 5774 δι,
1442 5710 1493 5765 9.
1574 5711 1614 5743 ’⁷
1651 5711 1691 5768 ιι
1717 5714 1841 5770 Cor.
1877 5730 1905 5767 ν
1934 5754 1947 5780 ,
1989 5716 2043 5770 ‘2.
