4090 6556
163 329 276 390 857
1244 331 1778 395 COMMENTARII

1852 335 1904 398 N
1939 336 2328 401 NUMEROS.
3354 346 3461 408 858

163 447 551 512 obvenerunt,
569 448 718 518 quod
750 456 872 518 post
896 456 978 504 tot
1009 447 1403 506 beneﬁciorum
1429 451 1807 521 experimenta
1827 451 2134 523 divinaeque
2156 452 2429 507 alimonia:
2449 451 2834 522 perceptiones
2863 460 3182 509 terrestrem
3203 458 3461 526 quaesita-

167 540 331 587 runt.
370 532 468 590 llis
497 535 711 591 similes
734 545 860 591 sunt
891 552 1087 593 omnes
1113 538 1204 606 qui
1227 539 1698 606 concupiscentiis
1731 539 2033 604 ducuntur,
2067 555 2268 611 resque
2283 555 2406 610 qua;
2436 539 2541 595 sub
2566 540 2907 596 intellectum
2933 542 3138 598 cadunt
3171 559 3344 614 nugas
3367 559 3462 600 vo-

169 629 332 682 cant.
369 637 545 691 quare
574 623 910 694 supplicium
939 640 1033 694 per
1061 634 1345 695 serpentes
1375 626 1486 680 illis
1514 626 1811 696 irrogatur.
1841 625 1936 681 Sic
1960 627 2132 681 Adam
2169 642 2392 699 quoque
2423 643 2489 681 ex
2516 628 2836 684 arctissima
2866 630 3270 687 consuetudine
3292 648 3458 702 quam

169 723 304 762 cum
336 707 450 764 Deo
481 709 695 776 habuit,
721 721 950 782 propter
985 727 1213 782 parvam
1280 727 1346 768 ac
1387 713 1550 769 vilem
1590 713 2097 784 concupiscentiam
2135 715 2375 770 consilio
2416 717 2696 786 serpentis
2740 716 2796 770 iu
2830 725 3063 773 mortem
3097 728 3182 774 est
3215 719 3458 778 delatus.

170 795 379 866 Itaque
408 812 629 854 morsus
665 799 942 863 serpentis
975 815 1126 854 mors
1160 799 1250 869 qui
1282 801 1336 854 in
1373 800 1645 855 Adamum
1677 799 1872 856 incidit
1902 803 2099 857 merito
2126 802 2410 858 diceretur
2444 804 2637 874 utique
2682 804 2778 874 qui
2828 805 3064 877 indiguit
3094 809 3461 866 conversione

171 885 376 940 multis
395 883 569 958 516
600 886 885 942 laboribus
913 888 1211 957 acquisita.
1250 887 1733 954 Quemadmodum
1768 890 2008 960 populus
2029 905 2251 960 quoque
2291 891 2357 945 de
2387 905 2498 961 quo
2525 891 2581 945 in
2609 892 2892 960 praesenti.
2914 893 2982 946 ad
3020 892 3260 962 legatum
3289 895 3458 952 istum

172 980 380 1026 contra
414 988 580 1040 quem
608 982 1052 1040 murmurarunt,
1085 975 1343 1031 meliores
1371 984 1499 1047 post
1526 976 1738 1031 cladem
1771 976 1926 1042 facti,
1954 976 2349 1045 advolvuntur,
2382 987 2440 1033 et
2474 977 2809 1034 medicinam
2849 992 3291 1051 consequuntur,
3316 999 3460 1042 aereo

175 1068 450 1128 serpente
479 1060 590 1117 illis
619 1071 828 1117 erecto.
865 1061 1068 1134 Figura
1100 1072 1286 1120 autem
1318 1063 1434 1119 haec
1466 1078 1652 1119 rerum
1677 1079 1800 1135 quae
1823 1064 1890 1119 ad
1919 1079 2021 1120 nos
2050 1072 2200 1120 sunt.
2245 1065 2722 1132 Quemadmodum
2775 1068 2922 1122 enim
2963 1067 3040 1123 illi
3086 1069 3230 1124 bona
3256 1073 3460 1141 quibus

175 1162 206 1200 a
232 1147 351 1202 Deo
377 1146 562 1204 aﬂ‘ecti
591 1160 752 1204 erant
774 1159 1128 1220 spreverunt,
1156 1166 1222 1206 ac
1260 1153 1451 1207 carnis
1482 1152 1859 1222 voluptatibus
1895 1152 2053 1222 longe
2078 1161 2203 1224 post
2235 1153 2570 1217 habuerunt,
2595 1154 2670 1208 ita
2703 1153 2868 1224 vulgo
2900 1169 3092 1210 omnes
3120 1155 3174 1210 in
3206 1158 3459 1227 Opificem

177 1245 451 1289 nostrum
492 1236 843 1306 impegimus,
878 1247 934 1292 et
958 1239 1062 1293 suh
1096 1253 1318 1294 morsus
1344 1239 1687 1309 serpentium
1723 1239 2097 1310 spiritualium
2148 1241 2476 1309 cecidimus,
2509 1241 2715 1298 nostris
2755 1255 2786 1294 a
2832 1240 2940 1298 Deo
2973 1242 3151 1298 relicti
3192 1247 3460 1316 concupi-

179 1322 450 1390 scentiis,
471 1338 500 1376 a
535 1325 741 1394 quibus
771 1325 974 1380 animis
1019 1326 1293 1381 vulnerati
1319 1341 1484 1396 opera
1512 1326 1781 1397 principis
1805 1339 2122 1399 serpentum
2151 1329 2415 1385 draconis
2436 1337 2721 1400 apostatae,
2739 1327 2832 1399 qui
2859 1328 3134 1385 Adamum
3159 1331 3462 1398 interemit,

178 1425 386 1465 sumus
413 1413 620 1466 necati.
661 1411 774 1466 Hoc
806 1427 936 1467 vero
964 1414 1167 1467 malum
1224 1415 1280 1468 in
1332 1415 1455 1484 ejus
1516 1415 1763 1470 sobolem
1816 1427 2077 1487 tanquam
2102 1433 2170 1473 ex
2210 1418 2397 1474 radice
2451 1417 2789 1475 demanavit.
2824 1415 3030 1474 Verum
3072 1421 3466 1490 conspeximus

178 1509 536 1567 serpentem.
570 1499 674 1553 hoc
705 1507 813 1561 est,
854 1499 1161 1556 Christum.
1195 1500 1484 1568 Quomodo
1510 1517 1638 1558 vero
1673 1505 1720 1558 is
1747 1505 1841 1575 qui
1865 1513 2063 1560 natura
2089 1520 2186 1561 sua
2221 1504 2372 1577 (nam
2406 1505 2550 1560 Deus
2584 1509 2718 1576 est),
2742 1507 2925 1562 bonus
2947 1522 3072 1563 cum
3108 1507 3200 1572 sit,
3235 1522 3466 1578 serpens

180 1586 292 1642 dici
326 1589 533 1657 possit.
567 1587 842 1654 Quoniam
871 1588 1052 1643 factus
1084 1597 1168 1645 est
1198 1590 1393 1646 similis
1441 1591 1644 1657 nostri,
1705 1608 1816 1647 non
1875 1601 2072 1648 natura
2111 1594 2410 1657 malorum,
2470 1594 2568 1650 sed
2596 1609 2791 1649 eorum
2833 1595 2922 1664 qui
2977 1597 3267 1652 voluntate
3307 1596 3466 1668 pravi

179 1679 552 1743 exstiterunt,
580 1689 638 1732 ut
666 1679 881 1733 dicatur
906 1679 972 1732 ad
1006 1693 1138 1734 nos:
1172 1679 1231 1734 Si
1257 1679 1427 1750 igitur
1451 1695 1550 1736 vos
1575 1682 1667 1751 qui
1698 1682 1851 1751 pravi
1887 1682 2044 1748 estis,
2075 1689 2131 1738 et
2158 1697 2280 1752 qua:
2307 1683 2592 1753 deinceps.
2629 1681 2871 1754 Serpens
2890 1683 3056 1755 igitur
3084 1693 3169 1740 est
3189 1694 3468 1756 quatenus

181 1770 488 1842 pravitatis
513 1769 929 1825 similitudinem
962 1771 1179 1835 attinet,
1211 1787 1376 1840 quam
1408 1774 1855 1841 assumpsitcum
1895 1771 2074 1829 factus
2107 1782 2258 1830 esset
2298 1775 2482 1829 homo.
2515 1773 2718 1830 Verum
2757 1777 2802 1830 si
2841 1777 2966 1845 quis
2991 1792 3118 1831 eum
3152 1786 3335 1834 mente
3367 1793 3467 1834 sua

183 1856 628 1927 contempletur,
662 1856 731 1910 ab
763 1856 990 1911 interitu
1025 1858 1166 1912 liber
1196 1859 1322 1913 erit.
1351 1859 1743 1930 Spectabimus
1781 1876 1911 1916 vero
1932 1860 2248 1928 Christum,
2291 1864 2336 1918 si
2371 1863 2696 1934 mysterium
2721 1863 2870 1934 quod
2903 1865 2958 1919 in
2993 1865 3113 1934 ipso
3142 1865 3470 1922 continetur

182 1951 339 1999 recte
362 1944 828 2007 intellexerimus,
863 1945 1011 2014 quod
1041 1955 1239 1999 natura
1267 1961 1394 2001 cum
1436 1954 1589 2004 esset
1637 1946 1802 2012 Deus,
1835 1949 2000 2004 homo
2037 1949 2218 2007 lactus
2242 1958 2350 2012 est.
2385 1952 2537 2005 salva
2579 1952 2828 2006 bonitate
2862 1967 2963 2008 sua
2991 1967 3159 2019 quam
3200 1952 3465 2008 habebat:

185 2046 501 2104 pravorum
531 2034 682 2087 enim
711 2034 949 2101 sumpsit
980 2033 1254 2100 habitum,
1285 2050 1395 2089 non
1455 2043 1515 2090 ut
1566 2036 1686 2105 ipse
1723 2051 1925 2108 pravus
1955 2037 2131 2103 lieret,
2176 2038 2272 2094 sed
2300 2045 2357 2092 ut
2392 2054 2494 2094 nos
2527 2038 2704 2093 bonos
2721 2037 2985 2098 ediceret.
3021 2041 3099 2093 Ac
3128 2039 3304 2110 ipsius
3335 2055 3471 2097 sane

185 2122 419 2191 signum
450 2135 682 2191 serpens
714 2120 842 2175 fuit.
877 2119 1167 2178 Exaltatus
1191 2130 1279 2178 est
1307 2123 1454 2178 enim
1489 2123 1748 2179 Christus
1781 2140 1949 2195 super
1967 2141 2154 2192 cruce,
2181 2126 2646 2196 quemadmodum
2669 2125 2875 2182 Judaeis
2907 2125 3196 2197 praedixit:
3219 2146 3236 2179 ι
3268 2127 3473 2194 Quem-

187 2207 501 2264 admodum
524 2208 668 2264 enim
696 2207 877 2265 Moses
914 2209 1180 2265 exaltavit
1215 2218 1530 2280 serpentem
1582 2210 1637 2264 in
1689 2210 1935 2278 deserto,
1970 2213 2046 2268 ita
2078 2214 2307 2269 exaltari
2350 2223 2574 2286 Oportet
2603 2211 2802 2268 Filium
2843 2214 3109 2280 hominis,
3133 2222 3187 2269 et
3227 2224 3340 2269 tum
3372 2231 3471 2270 co-

187 2296 486 2364 gnoscetis
509 2295 656 2366 quod
675 2311 776 2367 ego
801 2312 922 2352 sum
952 2297 1017 2351 ⁸⁸.
1058 2314 1078 2348 ι
1119 2296 1394 2352 Caeterum
1423 2312 1653 2368 serpens
1675 2313 1862 2355 aeneus
1880 2299 2006 2367 fuit,
2040 2312 2268 2373 propter
2290 2301 2704 2374 praedicationis
2727 2301 3062 2372 evangelicae
3096 2301 3472 2357 vocalitatcm.

189 2386 363 2456 Atqui
400 2400 555 2442 mors
579 2400 702 2455 qua:
731 2400 798 2441 ex
825 2385 1106 2442 morsibus
1137 2384 1352 2440 redibat
1411 2394 1643 2441 curatur
1687 2396 1926 2453 tantum,
1977 2390 2222 2461 ipsasque
2259 2389 2450 2445 bestiae
2497 2404 2607 2444 non
2654 2389 2932 2455 delentur,
2980 2403 3080 2460 per
3109 2389 3317 2445 bestias
3345 2404 3476 2444 vero

190 2476 694 2547 concupiscentias
728 2476 874 2532 dico.
894 2475 1257 2532 Peccatorum
1289 2476 1436 2531 enim
1451 2476 1546 2546 qui
1577 2491 1798 2532 crucem
1823 2477 2128 2546 intuentur,
2159 2494 2308 2536 mors
2327 2478 2688 2550 quantumvis
2721 2492 2890 2549 prava
2923 2477 3130 2533 nullam
3153 2477 3261 2532 vim
3285 2477 3474 2532 habet.

186 2569 399 2625 Carnis
451 2583 582 2626 vero
634 2568 1096 2640 concupiscentia
1153 2584 1278 2639 qua:
1337 2567 1559 2636 spiritui
1603 2567 1933 2623 adversatur
1992 2569 2215 2638 penitus
2270 2583 2379 2622 non
2429 2575 2516 2623 est
2573 2564 2752 2621 deleta
2802 2573 2857 2620 et
2921 2565 3217 2620 exstincta.
3248 2563 3308 2618 In
3342 2563 3475 2619 tide-

192 2661 346 2715 Iibus
377 2659 588 2715 etenim
644 2674 864 2716 morsus
917 2659 1386 2729 concupiscentia:
1435 2673 1558 2713 sese
1591 2667 1814 2713 movent
1847 2656 2072 2726 saepius,
2107 2656 2202 2712 sed
2233 2654 2459 2727 quando
2488 2653 2750 2709 cruciﬁxi
2796 2652 3169 2708 recordantur
3198 2668 3476 2709 venenum

191 2749 454 2804 diluunt.

271 2837 415 2889 Ὅτε
437 2835 742 2904 ἐγόγγυσαν
761 2834 1074 2905 ἀπάραντες
1098 2833 1156 2900 ἐξ
1181 2836 1280 2906 Ὢρ
1298 2835 1394 2888 τοῦ
1427 2835 1587 2906 ὅρους
1639 2851 1792 2904 περι·
1819 2841 1867 2898 Α

1865 2890 1867 2898 λ
1965 2834 2136 2890 Porro
2176 2834 2533 2890 manifestum
2561 2840 2647 2889 est
2695 2842 2892 2902 quater
2915 2847 3012 2902 per
3053 2839 3317 2888 cunctum
3375 2832 3480 2888 iter

196 2928 593 2990 κυκλώσαντες
618 2929 718 2998 τὴν
741 2929 845 2997 γῆν
879 2927 1056 2997 Ἐδὼμ
1081 2929 1137 2979 ἐν
1159 2926 1234 2997 τῷ
1267 2927 1372 2998 πρὸ
1398 2925 1588 2980 τούτου
1621 2943 1794 2994 κεφα-

1897 2943 2064 2998 super
2093 2943 2235 2998 aqua
2269 2939 2801 2983 commurmurasse.
2827 2924 2968 2980 Olim
3031 2940 3157 2980 cum
3195 2926 3480 2981 venissent

194 3022 342 3093 λαῑῳ
369 3020 507 3091 (72).
548 3021 632 3083 Ὠς
655 3020 910 3091 τετράκις
945 3020 1057 3089 (75)
1086 3019 1370 3086 φαίνονται
1420 3016 1794 3088 γογγύσαντες

1893 3016 1954 3071 in
1990 3015 2247 3082 Mcrram,
2275 3016 2736 3087 quemadmodum
2768 3023 2853 3070 est
2881 3015 2936 3070 in
2966 3014 3179 3070 Exodo.
3227 3014 3481 3070 Secundo

194 3115 283 3184 ἐφ’
316 3112 480 3168 ὕδατι
506 3113 564 3166 ἐν
587 3113 734 3182 πάσῃ
766 3115 833 3182 τῇ
865 3112 998 3181 ὁδῴ’
1030 3111 1199 3176 ἅπαξ,
1223 3112 1303 3171 είς
1328 3109 1576 3181 Μερῤὰν,
1610 3109 1687 3172 ὡς
1735 3108 1795 3163 ὲν

1896 3109 1952 3165 in
1984 3108 2302 3180 Raphidim,
2336 3110 2482 3165 sicut
2543 3108 2659 3164 illic
2712 3109 2912 3164 iterum
2960 3117 3166 3166 exstat.
3202 3107 3395 3164 Tertio
3425 3108 3480 3162 in

194 3208 275 3277 τῷ
338 3204 576 3275 εἰκοστῷ
626 3205 838 3276 ἑϐδόμῳ
899 3203 1183 3274 κεφαλαίῳ
1231 3204 1329 3273 τῆς
1375 3201 1591 3269 Ἐξὸδου
1632 3201 1744 3271 (74)
1776 3215 1791 3231 ο

1897 3202 2121 3260 deserto
2178 3203 2273 3257 Sin
2325 3201 2530 3266 Cades,
2576 3209 2636 3256 ut
2679 3202 2734 3256 in
2780 3201 3233 3268 Numeris.Quod
3256 3201 3479 3272 quidem

196 3297 488 3370 δεύτερον,
515 3299 573 3352 ἐν
607 3297 871 3367 Ῥαφιδὶν,
905 3297 981 3359 ὡς
1041 3297 1099 3348 ἐν
1143 3293 1222 3365 τῷ
1271 3292 1580 3363 τριακοστῷ
1615 3292 1797 3346 δευτέ-

1904 3310 2045 3366 aqua
2073 3303 2159 3351 est
2183 3295 2731 3351 obmurmurationis.
2772 3294 2982 3360 Quarto
3026 3309 3191 3363 super
3228 3292 3484 3364 praesenti

201 3409 281 3462 ρῳ
327 3391 450 3459 (75)
485 3407 501 3421 ο
545 3389 750 3460 τρίτον,
783 3392 841 3443 ἐν
876 3391 941 3461 τῇ
990 3389 1186 3458 ἐρήμῳ
1227 3388 1285 3440 ἐν
1317 3385 1619 3458 Κάδης,ὠς
1639 3386 1698 3437 ἐν
1718 3383 1796 3455 τῷ

485 3407 501 3421 ο
545 3389 750 3460 τρίτον,
783 3392 841 3443 ἐν
876 3391 941 3461 τῇ
990 3389 1186 3458 ἐρήμῳ
1227 3388 1285 3440 ἐν
1317 3387 1522 3458 Κάδης,
1543 3385 1619 3448 ὡς
1639 3386 1698 3437 ἐν
1718 3383 1796 3455 τῷ
1905 3397 2092 3458 puteo.

201 3480 527 3552 τριακοστῷ
556 3480 789 3553 δευτέρῳ
809 3481 917 3534 τῶν
956 3480 1229 3552 Ἀριθμῶν
1255 3479 1368 3550 (76)
1395 3494 1408 3508 ·
1459 3479 1598 3548 ὅπερ
1651 3477 1799 3531 ἐστὶν
1836 3475 1980 3549 ὕδωρ
2005 3479 2320 3548 ἀντιλογίας
2347 3495 2361 3510 ·
2410 3479 2669 3552 τέταρτον
2711 3479 2804 3532 επὶ
2853 3478 2950 3533 τοῦ
2993 3479 3259 3547 παρόντος
3314 3475 3486 3549 φρέα-

201 3595 321 3641 τος.

274 3671 446 3736 Quod
479 3668 699 3739 quidem
734 3666 956 3722 crimini
989 3667 1099 3721 illis
1127 3665 1360 3734 objicit:
1400 3685 1416 3717 ι
1441 3657 1530 3720 Ἀρ
1564 3675 1848 3722 moventes
1905 3665 2034 3720 inde
2069 3663 2454 3720 castrametati
2510 3673 2641 3718 sunt
2689 3663 2742 3718 in
2773 3661 2977 3718 Oboth.
3019 3681 3038 3715 ι
3085 3660 3181 3716 His
3206 3661 3492 3732 subjungit

206 3761 619 3830 profectionem
648 3773 813 3826 quam
844 3755 1096 3811 fecerunt
1120 3755 1175 3810 in
1210 3765 1413 3811 terram
1448 3771 1623 3825 usque
1684 3756 2159 3811 Amorrbacorum.
2193 3752 2366 3821 Cujus
2409 3752 2709 3806 terminum
2744 3767 2869 3806 esse
2896 3752 3033 3806 dicit
3072 3753 3351 3806 Arnouem
3393 3750 3491 3820 qui

205 3865 337 3904 eam
375 3863 407 3901 a
446 3845 741 3902 Moabitide
801 3843 1115 3913 distinguit.
1182 3841 1332 3898 Nihil
1387 3844 1533 3899 enim
1567 3858 1760 3898 eorum
1788 3859 1910 3914 qua:
1943 3842 2212 3896 divinitus
2252 3839 2388 3894 (lunt
2435 3848 2642 3895 temere
2673 3840 2999 3894 narratione
3029 3855 3187 3894 sacra
3217 3839 3490 3908 proditur.

209 3939 498 3993 Divinitus
523 3950 655 3989 vero
687 3935 792 3990 ista
826 3932 1099 4004 profectio
1150 3941 1293 3990 erat.
1345 3947 1455 3986 non
1505 3932 1688 3985 minus
1717 3946 1881 4000 quam
1943 3929 2321 3999 apostolorum
2355 3928 2563 3996 quibus
2614 3927 2942 3981 monstravit
2976 3927 3216 3998 Spiritus
3248 3940 3489 3997 quanam

206 4026 462 4083 eundum
489 4031 660 4088 esset,
690 4031 746 4079 et
767 4021 860 4092 qui
891 4020 1204 4077 erudiendi.
1243 4017 1430 4074 Innuit
1495 4027 1681 4074 autem
1719 4017 2147 4086 descriptionem
2196 4015 2468 4069 bellorum
2523 4016 2578 4068 in
2615 4015 2808 4070 Bibliis
2875 4022 2993 4068 tum
3056 4014 3322 4083 temporis
3368 4027 3497 4069 esse

211 4113 451 4179 factam,
481 4111 672 4167 dicens
700 4128 713 4165 :
742 4128 758 4161 ι
792 4108 1088 4179 Propterea
1122 4108 1296 4162 fertur
1331 4108 1387 4161 in
1417 4105 1563 4161 libro
1597 4106 1864 4160 bellorum
1901 4104 2137 4158 Domini.
2167 4121 2186 4153 ι
2219 4101 2494 4156 Caeterum
2533 4102 2749 4156 Domini
2784 4102 2919 4157 bella
2943 4101 3225 4168 dicuntur,
3245 4117 3343 4172 per
3373 4117 3497 4170 qua:

209 4209 419 4272 gentes
455 4198 636 4268 impiae
661 4195 1090 4261 exscinduutur,
1110 4194 1370 4266 quoniam
1398 4193 1571 4248 divini
1609 4192 1659 4248 id
1694 4201 1779 4249 est
1820 4192 2039 4262 judicii.
2073 4189 2176 4256 Qui
2209 4189 2278 4243 ad
2309 4189 2688 4244 Abrahamum
2731 4190 2873 4245 dixit
2909 4191 2976 4258 ‘9,
3004 4190 3250 4247 nondum
3280 4191 3498 4262 expleta

211 4303 351 4344 esse
383 4294 608 4356 percata
651 4284 1126 4349 Amori-binorum,
1167 4295 1226 4337 ut
1260 4283 1311 4336 iu
1348 4297 1539 4338 eorum
1573 4281 1735 4338 sedes
1768 4280 2024 4337 lsraeiem
2069 4277 2251 4347 possit
2284 4278 2603 4333 instituere.

287 4377 632 4448 Σιηέίγτιγιε,Δ
663 4377 817 4446 φησὶ,
851 4375 959 4430 τὸν
1005 4375 1180 4439 λαὸν,
1223 4372 1322 4428 καὶ
1381 4372 1554 4426 δώσω
1601 4372 1807 4440 αὺτοῖς
1838 4377 1882 4436 Β

1979 4367 2176 4436 Collige
2195 4381 2333 4430 vero,
2362 4367 2562 4436 inquit,
2587 4366 2860 4434 populant,
2881 4376 2930 4420 et
2961 4367 3097 4420 dabo
3113 4367 3189 4421 eis
3212 4383 3408 4437 aquam
3428 4367 3499 4420 ad

213 4473 384 4540 ὕδωρ
421 4470 602 4525 πιεῖν.
662 4468 926 4523 Βούλεται
979 4468 1086 4539 γὰρ
1134 4465 1267 4529 Θεὸς
1317 4465 1415 4528 τὰς
1467 4465 1811 4533 θαυμασίους

1920 4460 2197 4514 bibendum
2221 4458 2390 4531 [XX],
2420 4457 2534 4530 16.]
2566 4457 2690 4514 Vult
2720 4461 2866 4515 enim
2895 4457 3036 4515 Deus
3075 4460 3500 4529 ntirilicaipsius

214 4565 512 4638 ἐνεργείας
533 4563 700 4617 αὑτοῦ
732 4559 1166 4634 μνημονεύεσθαι
1195 4572 1210 4588 ⁸
1248 4557 1322 4622 ὡς
1358 4556 1685 4626 ὠφελεῖσθαι
1737 4557 1813 4629 μὴ

1920 4554 2183 4608 beneﬁcia
2217 4554 2517 4619 celebrari,
2555 4561 2614 4608 ut
2663 4568 2770 4607 non
2814 4560 3025 4605 tantum
3084 4561 3384 4621 praesentes
3413 4552 3501 4607 sui

219 4660 393 4729 μόνον
417 4658 542 4723 τοὺς
575 4656 852 4729 παρόντας
879 4657 943 4726 τῇ
964 4653 1085 4724 θέᾳ.
1116 4651 1252 4706 ἀλλὰ
1279 4651 1372 4704 καὶ
1405 4652 1532 4714 τοὺς
1585 4651 1813 4722 ὕστερον

1918 4646 2383 4716 contemplatione
2425 4646 2640 4714 juvent,
2682 4644 2780 4699 sed
2834 4652 2889 4698 et
2920 4652 3174 4714 posteros
3217 4644 3504 4700 auditione

216 4753 390 4822 ἀκοῇ.
444 4747 534 4812 Ὦς
562 4750 660 4802 καὶ
698 4747 973 4818 Ἰωάννης,
1005 4763 1023 4796 ι
1053 4745 1262 4809 Ταῦτα,
1292 4743 1450 4816 φησὶ,
1473 4743 1808 4815 γέγραπταί,

1918 4751 1983 4792 ac
2014 4737 2183 4792 fama.
2237 4737 2714 4804 Quemadmodum
2745 4735 2988 4792 Joannes
3025 4752 3040 4789 :
3079 4756 3098 4789 ι
3138 4736 3263 4792 llaec
3297 4740 3502 4806 scripta

219 4843 318 4897 ἵνα
376 4839 732 4910 πιστεύσητε,
785 4839 865 4893 ὅτι
924 4836 1130 4908 Ἰησοῦς
1153 4838 1301 4889 ἐστιν
1330 4835 1358 4887 ὁ
1386 4834 1643 4905 Χριστός.
1678 4853 1696 4884 ›
1734 4833 1808 4886 0'3

1915 4837 2065 4894 sunt,
2088 4829 2290 4900 inquit,
2313 4836 2371 4882 ut
2388 4828 2648 4883 credatur
2671 4826 2816 4897 quod
2841 4823 3004 4882 Jesus
3022 4827 3096 4880 sit
3112 4825 3369 4881 Christus
3395 4827 3496 4880 ".3

219 4934 340 5005 γὰρ
368 4932 533 5002 κενῆς
560 4930 801 5002 ἱστορίας
823 4929 1047 5000 μνήμην
1079 4930 1106 4981 ὁ
1128 4926 1281 4991 Θεὸς,
1308 4924 1444 4979 ἀλλὰ
1475 4925 1573 4992 τὴν
1622 4923 1682 4988 ἐξ
1707 4923 1809 4976 αὺ-

1913 4921 2033 4976 Non
2060 4923 2210 4978 enim
2246 4922 2432 4976 inanis
2461 4921 2799 4976 narrationis
2833 4921 3193 4986 mentionem,
3221 4918 3318 4976 sed
3353 4919 3505 4975 utili-

220 5028 328 5097 τῆς
353 5025 627 5094 ὠφέλειαν
646 5021 948 5094 χαρίζεται.
995 5020 1087 5073 Διὸ
1127 5019 1223 5072 καὶ
1253 5018 1481 5089 μάταιον
1516 5015 1577 5068 τὸ
1607 5018 1812 5085 σημεῖα

1916 5025 2082 5073 tatem
2114 5033 2178 5072 ex
2223 5033 2288 5072 ea
2349 5019 2608 5073 haustam
2653 5016 2796 5072 Deus
2854 5024 3193 5073 rcmuuerat.
3230 5017 3505 5083 Quocirca

222 5119 413 5189 ζητεῖν
445 5117 556 5179 ἀεὶ,
588 5115 684 5170 καὶ
715 5114 865 5182 παρὰ
895 5114 1121 5183 γνώμην
1153 5110 1312 5162 τοῦτο
1347 5108 1504 5161 Θεοῦ.
1558 5109 1654 5169 Ὃς
1681 5105 1810 5175 βού-

1923 5109 2080 5178 sigua
2120 5123 2338 5179 semper
2379 5125 2629 5180 quzercre
2687 5126 2888 5165 vanqu
2947 5117 3057 5178 est,
3087 5125 3152 5165 ac
3188 5111 3358 5166 menti
3411 5109 3487 5165 Dc

303 5299 348 5332 ⁸⁸
375 5297 542 5353 Juau.
576 5314 657 5361 Ill,
697 5297 785 5352 14.
866 5299 905 5330 ’θ
937 5293 1075 5351 Gen.
1129 5310 1220 5360 xv,
1259 5293 1351 5348 16.
1430 5293 1474 5323 ³ο
1503 5290 1667 5346 .loau.
1707 5307 1797 5357 xx,
1830 5291 1920 5344 51.

1761 5411 1993 5467 ΝΟΤίΈ.

308 5512 424 5582 (72)
461 5511 651 5583 Ἄλλη,
681 5510 755 5571 ὡς
781 5511 944 5576 ἔοικε,
975 5509 1096 5564 κατ’
1121 5505 1469 5580 αὐτὸνῂτῶν
1499 5502 1815 5576 κεφαλαίων
1989 5505 2110 5592 ,(75)
2179 5505 2265 5557 Ἐν
2301 5502 2378 5572 τῷ
2426 5503 2510 5555 i7.
2567 5504 2624 5555 ’0
2678 5505 2733 5557 δὲ
2778 5507 2873 5575 τῆς
2917 5503 3053 5572 Αὐγ.
3110 5497 3238 5553 κὼδ.
3277 5500 3350 5565 ὡς
3394 5502 3513 5558 ἐκεῖ

231 5584 711 5722 διῖξῗβῖξτράκις
735 5652 813 5706 δέ.
855 5652 916 5705 'O
949 5651 1049 5719 τῆς
1080 5652 1214 5718 Αὑιί.
1250 5649 1380 5704 κώδ.
1451 5717 1499 5722 __
1584 5717 1594 5722 _
1673 5717 1684 5722 _
1794 5718 1816 5722 _
2152 5644 2240 5698 Ἐν
2259 5645 2446 5720 τῷεὶθ.
2497 5643 2555 5699 ὐ
2589 5647 2641 5700 δὲ
2675 5647 2766 5718 τῆς
2813 5647 2945 5715 Αὐγ.
2988 5644 3116 5701 mea.
3159 5645 3234 5709 ὡς
3267 5645 3324 5697 ἐν
3363 5641 3514 5715 'Apt.

479 5715 566 5778 Ἐν
614 5722 689 5794 τῷ
739 5724 822 5778 15.
899 5723 957 5775 Ὀ
987 5715 1045 5775 δὲ
1233 5722 1365 5788 Λὺγ.
1397 5717 1524 5773 κώδ.
1569 5717 1641 5780 ὡς
1671 5717 1726 5768 ἐν
1755 5718 1821 5784 τῇ
1931 5715 2108 5791 Ομοῖςς

251 5795 464 5866 Ἐξὸδῳ.
