4090 6504
668 310 775 374 859

1992 327 2078 387 PB
2088 327 2339 390 OCOPlI
2396 331 2640 392 GAZ.‘EI

3823 338 3919 401 διο

676 425 992 487 adversum.
1022 422 1115 494 qui
1150 439 1332 480 rerum
1356 428 1521 484 semel
1542 435 1821 501 gestarum
1852 438 2119 492 memoria
2152 453 2253 492 nos

2358 440 2509 495 λεται
2568 445 2634 513 τῇ
2697 440 2887 515 μνήμῃ
2926 441 3033 495 τῶν
3066 441 3146 504 εἰς
3195 438 3343 509 ἅπαξ
3372 440 3675 511 γεγονότων
3706 442 3919 497 ὠφελεῖ-

668 517 850 587 juvari
881 520 1015 572 vult.

2356 532 2499 586 σθαι.

752 629 982 695 Quidam
1020 645 1149 686 vero
1176 633 1244 687 ad
1276 631 1653 705 derogandum
1703 638 1870 694 rebus
1920 641 2093 695 semel
2145 640 2321 712 gestis
2362 644 2500 702 alias
2547 662 2767 717 semper
2795 648 3109 717 requirunt.
3161 645 3317 703 Unde
3373 648 3507 702 illud
3542 657 3627 703 est
3664 667 3727 701 ξι
3760 651 3915 709 Ρηη

670 718 960 787 progenies
995 719 1213 789 signum
1275 724 1527 793 requirit,
1570 723 1665 779 sed
1691 725 1910 795 signum
1938 742 2046 781 non
2071 726 2295 784 dabitur
2325 734 2373 788 ei
2407 736 2474 791 “.
2518 755 2537 788 ι

739 829 1024 885 Cantioms
1053 847 1184 885 vero
1215 847 1337 902 quae
1394 848 1561 903 super
1609 849 1750 904 aqua
1794 835 1939 890 edita
1993 846 2095 902 est,
2127 853 2253 893 cum

670 922 963 977 meminit:
1007 938 1231 979 serenas
1295 925 1503 995 gratias
1604 942 1704 996 pro
1775 927 2055 984 beneﬁciis
2109 930 2256 985 refe-

2431 842 2712 914 ’ᾼσματος
2745 844 3094 915 μεμνημένος
3122 844 3216 898 τοῦ
3239 845 3332 897 ἐπὶ
3362 844 3460 898 τοῦ
3497 844 3707 911 ὕδατος,
3728 848 3912 904 δείκνυε

2357 950 2462 997 σιν,
2502 936 2586 988 ὅτι
2610 935 2691 1001 δεῖ
2717 936 2952 1007 φαιδράς
2999 936 3351 1008 εὐχαριστίας
3378 938 3473 991 ἐπὶ
3535 940 3657 1003 ταῖς
3711 941 3907 1014 εὐεργε-

668 1012 877 1070 τθηάοε
898 1016 1271 1085 esseindicat.
1302 1018 1587 1072 Canticum
1615 1034 1744 1074 vero
1767 1020 1940 1074 istud:
1963 1038 1982 1073 ι
2011 1021 2254 1079 Ascende

2359 1026 2504 1090 σίαις
2535 1026 2861 1095 ἀνάγεσθαι.

671 1116 726 1163 et
755 1105 909 1173 Beer,
940 1126 959 1158 ι
996 1117 1051 1163 et
1076 1124 1196 1178 quae
1227 1107 1510 1179 deinceps.

743 1238 968 1293 Arduus
994 1237 1136 1292 enim
1174 1237 1331 1292 labor
1367 1249 1572 1309 puteos
1632 1241 1819 1299 fodere
1846 1252 1954 1308 est,
1991 1243 2087 1298 Dei
2117 1259 2248 1299 vero

672 1333 926 1388 voluntas
960 1348 1085 1387 cum
1117 1333 1329 1386 accedit
1362 1332 1534 1388 levior
1592 1334 1876 1390 laboribus
1929 1334 2251 1405 lapicidina-

672 1426 773 1481 riis
826 1425 906 1479 ﬁt.
967 1424 1262 1480 Fossarum
1341 1426 1739 1482 circumductio
1807 1442 1927 1497 quae
1991 1427 2154 1498 417
2219 1442 2249 1480 a

672 1521 879 1574 sanctis
939 1533 1063 1574 cum
1116 1518 1331 1573 baculis
1390 1519 1469 1584 ﬁt,
1505 1535 1569 1575 ea
1599 1529 1704 1587 est,
1737 1536 1860 1593 quae
1895 1535 2059 1575 omne
2107 1536 2247 1592 opus

668 1609 901 1681 perlicit.
976 1602 977 1605 “

743 1702 846 1755 Pro
874 1714 938 1756 eo
969 1715 1099 1755 vero
1133 1701 1279 1770 quod
1313 1701 1517 1756 dicitur
1554 1722 1571 1754 ‹
1608 1704 1660 1757 in
1702 1719 1868 1773 regno
1915 1706 2185 1774 ipsorum,
2220 1724 2239 1757 ι

2434 1245 2609 1311 Πολὺς
2642 1248 2741 1317 μὲν
2768 1250 2796 1302 ό
2822 1249 2984 1315 πόνος
3007 1251 3102 1305 ἐπὶ
3140 1253 3260 1314 ταῖς
3298 1252 3688 1324 φρεωρυχίαις,
3721 1253 3907 1311 Θεοῦδὲ

2359 1336 2609 1408 βουλήσει
2650 1340 2747 1392 καὶ
2783 1340 3051 1411 λατομίας
3084 1342 3345 1396 ἐπιπόνου
3398 1342 3512 1413 (77)
3568 1342 3911 1415 δυνατώτερον

2359 1431 2723 1503 περιχάραξις
2755 1435 2812 1485 ἐν
2837 1433 3165 1505 βακτηρίαις
3204 1435 3308 1488 ὑπὸ
3354 1435 3465 1488 τῶν
3506 1435 3679 1503 ἁγίων
3717 1438 3912 1503 γινομὲ-

2365 1539 2431 1593 νη
2458 1523 2591 1594 (78),
2629 1524 2893 1597 λατομίας
2914 1526 3012 1580 καὶ
3034 1526 3271 1598 όρύξεως
3302 1526 3539 1597 δύναμιν
3558 1526 3910 1596 ἐκπληροῦσι.

2439 1702 2589 1755 Ἀντὶ
2644 1702 2762 1767 τοῦ,
2827 1723 2846 1755 ι
2902 1704 2991 1757 Ἐν
3038 1708 3102 1775 τῇ
3148 1704 3401 1775 βασιλείᾳ
3430 1704 3612 1758 αὐτῶν
3640 1746 3655 1767 ,
3696 1724 3712 1755 ι
3765 1706 3793 1759 ό
3831 1707 3912 1775 μὲν

670 1792 895 1860 Aquilas
945 1792 1044 1857 ait,
1096 1768 1306 1846 baculo.
1372 1793 1719 1850 Tlieodolion
1772 1812 1923 1858 vero,
1968 1795 2033 1850 In
2088 1797 2250 1867 virgis

2368 1797 2598 1860 Ἀκύλας
2629 1798 2818 1868 φησιν,
2844 1797 2949 1852 Ἐν
2986 1797 3061 1865 τῇ
3077 1768 3413 1866 buxum/g1"
3441 1799 3469 1850 ὁ
3501 1798 3575 1867 ,δὲ
3620 1768 3911 1863 Θεοδοτίων,

667 1901 869 1940 eorum.

724 1975 818 2027 'Ab
844 1974 1056 2029 zEnone
1105 1976 1173 2029 ad
1224 1975 1391 2031 Jacob
1450 1995 1612 2048 usque
1645 1989 1691 2033 et
1723 1981 1791 2032 ad
1821 1981 1967 2049 ﬁlios
2002 1981 2249 2036 Ammon.

671 2066 811 2141 [24.]
841 2066 1008 2143 Jacob
1038 2085 1159 2138 qua:
1189 2069 1641 2125 Ammonitarum
1698 2082 1838 2136 erat,
1871 2075 2096 2142 excipit.
2125 2073 2253 2128 Erat

666 2161 810 2217 enim
867 2177 1056 2216 eorum
1106 2162 1197 2233 qui
1227 2178 1256 2217 e
1290 2161 1387 2217 Lot
1417 2166 1770 2221 exstiterunt.
1840 2165 2056 2235 Ubique
2104 2167 2250 2221 enim

668 2254 812 2309 bella
883 2255 1140 2310 intestina
1188 2256 1423 2326 attingit.
1494 2258 1627 2312 Erat
1674 2273 1807 2313 vero
1856 2274 1920 2313 ea
1979 2259 2252 2314 terminus

671 2348 1118 2403 Amor-rimorum
1148 2348 1518 2417 captivorum.
1545 2347 1706 2404 Jazer
1736 2366 1870 2405 vero
1901 2365 1964 2403 ea
1996 2359 2102 2415 est,
2128 2364 2252 2420 quae

668 2452 793 2495 cum
822 2448 978 2493 terra:
1014 2437 1378 2493 Moabitarum
1418 2448 1566 2494 esset
1588 2442 1659 2495 ab
1694 2441 1871 2506 initio,
1903 2452 2089 2511 postea
2123 2441 2243 2497 Sco—

668 2531 759 2584 nis
798 2538 884 2586 est
941 2530 1107 2584 facta.
1167 2528 1446 2585 Caeterum
1491 2545 1613 2586 eam
1654 2532 1837 2586 levant
1876 2533 2129 2604 tyrannis
2189 2548 2254 2589 ac

668 2619 926 2675 violentis
961 2619 1279 2674 hominibus
1312 2619 1594 2686 lsraelitm,
1640 2622 1819 2693 iisque
1848 2624 1941 2693 qui
1983 2624 2252 2693 pristinos

668 2712 877 2767 incolas
912 2711 1253 2765 ademerant.

738 2799 811 2854 Ea
840 2817 968 2857 vero
994 2810 1078 2861 est
1127 2799 1339 2857 Esebon
1405 2804 1539 2859 urbs
1577 2802 1795 2873 Seniiis,
1837 2807 1889 2863 id
1922 2820 2006 2864 est
2047 2818 2252 2868 metro-

669 2891 834 2961 polis.

741 2986 878 3041 Ilinc
897 2988 958 3056 ﬁt
976 2989 1139 3058 utqui
1162 2992 1450 3059 proverbiis
1468 3001 1711 3055 utuntur,
1728 2992 1927 3047 dicant.
1952 2994 2118 3066 [XXL
2136 2994 2257 3067 27.}

670 3079 906 3135 Constat
967 3082 1073 3136 sibi
1130 3081 1223 3139 Dei
1280 3084 1501 3152 justitia
1557 3101 1680 3154 qua:
1715 3102 1811 3155 per
1835 3088 2323 3177 successionean

670 3168 1005 3225 fauiiliarum
1042 3172 1305 3243 deinceps
1336 3175 1548 3229 reddita
1600 3183 1706 3239 cst,
1745 3175 1812 3228 ad
1854 3185 2057 3231 terram
2098 3192 2253 3232 ever—

668 3261 895 3316 tt-udum
920 3279 1084 3333 quam
1114 3264 1426 3320 Amorrhaai
1464 3267 1686 3336 lugubri
1715 3270 2076 3338 quassatione
2105 3268 2252 3324 edita

668 3355 873 3426 injuste
900 3367 1265 3427 occuparunt.
1288 3359 1439 3413 Adeo
1477 3369 1534 3412 ut
1563 3359 1846 3413 lioiiiinum
1905 3362 2251 3417 sermonibus

668 3449 976 3504 combustio
1006 3450 1255 3519 priorum
1304 3450 1612 3505 incolarum
1651 3453 2056 3507 decantaretur.
2091 3452 2252 3509 Mise-

672 3541 942 3595 ratiOnem
1003 3541 1209 3595 etenim
1266 3551 1577 3597 commovet
1633 3562 1701 3598 ει
1745 3545 1832 3599 Va:
1898 3545 1997 3599 tibi
2053 3545 2250 3611 Moab,

671 3632 906 3702 periisti,
942 3650 962 3685 ι
1007 3644 1057 3686 et
1087 3646 1210 3701 qua:
1241 3633 1529 3704 deinceps.
1556 3634 1881 3691 Devastatos
1906 3636 2053 3690 enim
2081 3636 2255 3692 fuisse

674 3723 938 3779 Moabitas
986 3723 1214 3791 indicat,
1248 3724 1643 3795 dispersosque
1668 3726 1901 3796 juvenes
1947 3735 2002 3782 et
2055 3728 2253 3797 juven-

676 3818 850 3882 culas,
884 3833 1024 3887 quos
1063 3816 1203 3872 Deus
1266 3832 1415 3872 nunc
1438 3826 1526 3873 est
1563 3820 1732 3876 ultus.
1771 3818 1908 3873 Nam
1955 3819 2252 3888 impietatis

674 3918 729 3966 et
757 3909 1094 3980 impuritatis
1125 3925 1297 3965 causa
1352 3910 1422 3965 ad
1483 3911 1842 3965 everteudum
1876 3918 2068 3982 gentes
2100 3910 2255 3967 inco-

672 4002 754 4057 las
782 3999 1052 4056 lsraelitis
1081 4002 1309 4055 omnino
1340 4000 1486 4056 Deus
1520 4001 1767 4056 tradidit.

747 4178 816 4233 Et
849 4178 1109 4233 habitavit
1158 4177 1334 4233 Israel
1378 4180 1435 4233 in
1473 4178 1713 4233 omnibus
1777 4180 1995 4234 urbibus
2060 4180 2252 4234 Amor-

674 4270 936 4326 rharorum
977 4268 1069 4342 [52
1098 4269 1118 4342 ]
1143 4269 1488 4341 Quapropter
1519 4271 1687 4326 David
1723 4274 1774 4327 in
1832 4271 2091 4339 Psalmis,
2127 4289 2253 4329 cum

673 4363 933 4436 potentiae
964 4373 1019 4419 et
1040 4363 1276 4433 iustitia:
1298 4352 1518 4421 nomine
1547 4364 1716 4421 Deum
1759 4367 2112 4433 celebrasset,
2170 4368 2253 4422 iu-

671 4455 794 4525 quit
846 4471 860 4508 :

672 4546 840 4602 Israel
867 4549 938 4604 “.
980 4566 999 4599 ι
1036 4545 1173 4601 Cum
1227 4547 1375 4603 enim
1432 4547 1501 4603 de
1530 4556 1774 4603 extrema
1825 4549 2049 4604 civitate
2094 4547 2253 4605 Jaser

672 4638 846 4695 dicit:
893 4659 912 4692 ι
949 4639 1227 4710 Ceperunt
1288 4654 1407 4694 eam
1464 4648 1517 4695 et
1566 4641 1720 4695 vicos
1770 4641 1929 4709 ejus,
1958 4641 2159 4711 inquit,
2198 4650 2254 4696 et

670 4734 952 4802 ejecerunl
1000 4734 1383 4787 Amorrlueum
1459 4735 1582 4803 ejus
1649 4735 1756 4790 loci
1803 4735 2061 4789 incolam.
2124 4755 2142 4787 ι
2196 4734 2254 4789 Id

672 4825 850 4895 ipsum
886 4841 1011 4881 cum
1040 4827 1094 4880 in
1132 4841 1240 4879 una
1265 4840 1329 4879 ac
1354 4827 1521 4883 altera
1552 4839 1709 4895 gente
1736 4830 1840 4883 sub
1870 4829 2019 4883 lilose
2049 4827 2253 4882 factum

675 4918 742 4972 sit
793 4927 1033 4985 tantum,
1092 4922 1160 4977 dc
1208 4923 1519 4978 vastatione
1550 4922 1735 4976 futura
1780 4921 2049 4976 universa:
2096 4927 2257 4977 terra:

682 5012 999 5082 impiorum,
1023 5029 1087 5069 ac
1117 5016 1330 5070 colonia
1355 5015 1629 5086 justorum
1663 5015 2021 5071 vaticinatur.
2059 5032 2077 5065 ι
2114 5012 2251 5067 Boni

666 5105 818 5158 enim
853 5114 1056 5159 terram
1124 5106 1505 5177 possidebunt,
1554 5107 1756 5177 inquit,
1810 5114 1865 5160 et
1896 5105 2071 5159 sancti
2106 5105 2159 5158 in
2188 5119 2252 5159 ea

676 5197 1032 5264 residebunt;
1066 5198 1237 5270 iniqui
1272 5214 1400 5253 vero
1434 5215 1501 5254 ex
1543 5214 1605 5254 ea
1636 5199 2096 5269 exstirpabuntur
2123 5195 2251 5251 [ιιιι-

672 5290 818 5346 ditus
846 5292 944 5345 ".t

741 5470 783 5500 ¹¹
824 5468 1014 5536 Matth,
1038 5485 1132 5533 xu,
1165 5468 1253 5523 59.
1332 5468 1375 5498 "
1402 5465 1545 5521 Psal.
1580 5482 1683 5520 Lxx
1702 5483 1798 5532 vn,
1829 5464 1917 5519 55.

2369 1890 2472 1942 Ἐν
2498 1888 2624 1955 ταῖς
2651 1889 2903 1956 ῥάϐδοις
2930 1889 3155 1944 αὐτῶν.

2442 1980 2585 2032 Ἀπὸ
2636 1979 2862 2048 Ἀρνῶν
2899 1981 3013 2047 ἕως
3057 1982 3276 2044 ’1ιι6ὼκ,
3318 1982 3431 2047 ἓως
3488 1981 3639 2036 υἱῶν
3692 1980 3909 2048 Ἀμμάγ.

2353 2070 2464 2142 Τὴν
2506 2071 2702 2125 ’ῐαΰὼκ
2731 2072 2825 2125 τοῦ
2854 2073 3072 2141 Ἀμμὰν
3093 2070 3277 2136 οὖσαν,
3300 2073 3530 2144 ἐξαιρεῖ.
3554 2068 3664 2125 Ἶιν
3688 2072 3795 2143 γὰρ
3820 2074 3912 2124 τῶν

2354 2165 2418 2217 ἐκ
2447 2162 2540 2216 τοῦ
2585 2162 2710 2216 Λὼτ
2734 2163 3058 2232 γεγονότων.
3096 2161 3379 2233 Πανταχοῦ
3431 2163 3541 2235 γὰρ
3587 2165 3717 2226 τοὺς
3768 2161 3909 2215 πολέ-

2357 2271 2491 2325 μους
2514 2254 2639 2317 τοὺς
2672 2256 3030 2323 συγγενικοὺς
3052 2256 3423 2325 περιίσταται.
3454 2256 3607 2326 Αὕτη
3624 2255 3681 2309 δὲ
3698 2257 3837 2325 ὃριον
3855 2251 3910 2326 ἦν

2351 2343 2462 2396 τῶν
2518 2344 2864 2414 Ἀμορραίων
2919 2343 3029 2397 τῶν
3078 2345 3391 2415 ἡλωκότων.
3453 2347 3641 2418 Ἰαζὴρ
3675 2346 3907 2416 ἐτύγχανε

2357 2435 2456 2505 μὲν
2492 2431 2586 2489 οὖν
2641 2436 2741 2505 τῆς
2772 2435 3082 2490 Μωαϐιτῶν
3131 2433 3400 2506 οὖσανγῆς
3445 2437 3505 2503 ἐξ
3526 2438 3789 2508 ἀρχῆς,ή
3833 2440 3906 2491 τοῦ

2354 2523 2495 2578 Σιὼν
2512 2525 2783 2595 γενομένη
2811 2523 3058 2595 ὕστερον.
3112 2526 3506 2596 ’Δςαιροῦνται
3536 2527 3597 2581 δέ
3628 2528 3794 2597 αὐτὴν
3819 2529 3907 2580 τῶν

2355 2616 2732 2685 ἀδικησάντων
2777 2619 2826 2670 οἱ
2852 2618 3225 2689 Ἰσραηλῖται,
3269 2618 3379 2672 τῶν
3426 2620 3775 2691 ἀφελομένων
3804 2621 3907 2683 τοὺς

2354 2706 2623 2778 πρότερον
2653 2706 3017 2771 ἐνοικοῦντας.

2436 2798 2627 2851 Ἔστιν
2677 2798 2913 2853 Ἐσεόὼν
2951 2800 3107 2865 πόλις
3148 2800 3324 2869 Σιὼν,
3364 2802 3615 2856 τουτέστι
3665 2802 3906 2874 μητρόπο-

2355 2890 2460 2954 λις.

2426 2980 2530 3033 Διὰ
2550 2978 2732 3034 τοῦτο
2762 2980 3013 3049 ἐροῦσιν
3048 2984 3104 3037 οἱ
3144 2985 3606 3053 αἱνιτματισται.
3640 2985 3737 3039 Διά
3776 2984 3908 3038 τοῦτο

2355 3071 2542 3141 ἔλεγον
2583 3075 2632 3127 οἱ
2668 3075 3199 3146 παροιμιαζόμενον
3229 3076 3559 3149 Δικαιοσύνη
3616 3079 3907 3132 συνίσταται

2359 3164 2495 3218 Θεοῦ
2524 3166 2666 3220 κατά
2692 3167 2944 3239 διαδοχὴν
2974 3169 3180 3237 γενεῶν
3231 3170 3459 3242 ὕστερον
3510 3172 3907 3225 ἀνταποδοθεῖτα

2359 3257 2440 3320 είς
2492 3258 2786 3328 ἀφαίρεσιν
2834 3261 2933 3329 τῆς
2967 3263 3090 3331 γῆς,
3150 3262 3217 3333 ἢν
3249 3262 3311 3315 ού
3351 3261 3581 3327 δικαίως
3626 3266 3909 3333 Ἀμοῤῥαίοι

2358 3349 2689 3416 κατέλαϐον,
2766 3352 2991 3422 οίκτράν
3046 3354 3424 3425 ἐργασάμενοι
3467 3354 3566 3426 τὴν
3638 3355 3909 3409 Μωαϐιτῶν

2360 3441 2674 3513 πόρθησιν·
2734 3444 2811 3507 ὼς
2840 3445 2935 3499 καὶ
2982 3446 3041 3499 ἐν
3079 3449 3411 3517 παροιμίαις
3455 3448 3765 3519 ἀνθρώπων
3813 3448 3908 3518 ᾆδε.

2360 3532 2596 3606 σθαιτὴν
2624 3536 2964 3590 κατάκαυσιν
2984 3538 3095 3591 τῶν
3128 3542 3669 3610 προενοικησάντων.
3703 3541 3805 3595 Καὶ
3823 3541 3907 3612 γὰρ

2357 3627 2453 3681 καὶ
2481 3620 2727 3699 ὀδυρμόν
2748 3632 2944 3699 ἐπάγει
2970 3647 2984 3662 ·
3016 3650 3034 3682 ι
3077 3632 3216 3684 Οὐαί
3249 3648 3332 3685 σοι
3368 3675 3381 3697 ,
3409 3634 3609 3699 Μωάϐ,
3642 3634 3860 3699 ἀπώλου,
3889 3653 3903 3685 ι

2358 3717 2453 3771 καὶ
2471 3720 2539 3771 τά
2577 3719 2725 3788 ἑξῆς.
2758 3719 3122 3785 Ἀναστάτους
3140 3723 3248 3794 γάρ
3269 3723 3423 3793 δηλοῖ
3446 3725 3773 3797 γεγενῆσθαι
3807 3727 3907 3789 τοὺς

2356 3809 2652 3889 Μωαϐίτας
2677 3812 2773 3865 καὶ
2800 3812 3293 3878 διασκεδασθέντας
3319 3816 3475 3879 νέους
3524 3833 3588 3869 τε
3653 3818 3746 3871 καὶ
3786 3818 3905 3880 νέας,

2354 3900 2449 3961 οὓς
2463 3900 2558 3955 νῦν
2589 3903 2721 3967 Θεὸς
2750 3904 3067 3976 ἐξεδίκησεν
3094 3922 3107 3936 ’
3143 3907 3332 3978 ἐπειδὴ
3374 3907 3513 3971 ὅλως
3546 3908 3797 3970 ἀσεϐείας
3833 3908 3908 3961 καὶ

2355 3994 2700 4067 ἀκαθαρσίας
2733 3996 2895 4050 ἕνεκα
2921 3998 2992 4051 τὰ
3023 3997 3150 4069 ἔθνη
3196 3997 3265 4052 τὰ
3302 4001 3665 4072 ἐνοικήσαντα
3714 4000 3909 4055 δέδωκεν

2356 4086 2560 4155 ἐξελεῖν
2588 4091 2701 4152 τοῖς
2731 4090 3124 4162 Ἰσραηλίταις.

2428 4178 2537 4232 Kal
2566 4178 2921 4249 κατῴκησεν
2948 4181 3187 4250 Ἰσραὴλ
3209 4182 3279 4236 ἐν
3315 4183 3543 4251 πάσαις
3568 4185 3698 4251 ταῖς
3728 4187 3909 4239 πόλεσι

2356 4270 2477 4325 τῶν
2520 4273 2903 4342 Ἀμορῤιιίων.
2931 4275 3133 4347 Διόπερ
3162 4275 3191 4327 ὁ
3215 4275 3376 4330 Δαόὶδ
3410 4279 3468 4330 ἐν
3491 4276 3703 4347 ὕμνοις,
3747 4299 3764 4329 ‹
3790 4280 3909 4333 Κατ-

2359 4364 2658 4436 εσκήνωσε,
2701 4368 2887 4438 φησὶν,
2921 4368 2978 4422 ἐν
3028 4370 3150 4433 ταῖς
3206 4370 3401 4438 φυλαῖς
3440 4370 3624 4424 αὐτῶν
3652 4372 3747 4436 τὰς
3771 4372 3911 4440 φυλὰς

936 4474 954 4507 ι
1008 4455 1259 4509 lnsrituit
1313 4456 1370 4510 in
1460 4456 1713 4512 teulmiis
1776 4457 2018 4527 ipsorum
2075 4458 2253 4513 tribus

2359 4455 2454 4509 τοῦ
2500 4456 2739 4528 Ἰσραὴλ,
2780 4476 2799 4508 ι
2842 4459 2937 4511 ἐπὶ
2970 4459 3198 4529 δυνάμει
3232 4461 3329 4515 καὶ
3357 4461 3679 4533 δικαιοσύνῃ
3708 4463 3792 4515 τὸν
3807 4462 3908 4514 Θεὸν

2361 4547 2639 4617 ἀνυμνῶν.
2670 4548 2859 4617 Λέγων
2906 4550 3015 4619 γὰρ
3041 4552 3287 4624 περὶτῆς
3317 4554 3555 4625 ἐσχάτης
3608 4556 3807 4619 πόλεως
3830 4554 3907 4622 τῆς

2374 4637 2577 4710 Ἰαζὴρ,
2626 4659 2645 4692 ι
2683 4642 3081 4706 Κατελάθοντο,
3116 4646 3306 4714 φησὶν,
3343 4646 3545 4717 αὐτὴν,
3594 4648 3795 4711 καὶτὰς
3822 4645 3905 4699 κὼ-

2367 4750 2473 4803 μας
2506 4733 2695 4804 αὐτῆς,
2728 4735 2822 4787 καὶ
2871 4734 3126 4801 ἐξέϐαλον
3164 4738 3256 4790 τὸν
3294 4737 3628 4809 ’Ᾱμοῤῥαῖον
3681 4740 3767 4793 τὸν
3804 4755 3903 4791 κατ-

2363 4824 2619 4879 οικοῦντα
2645 4825 2776 4880 ἐκεῖ.
2819 4847 2837 4879 ι
2874 4828 3045 4881 Τοῦτο
3073 4829 3159 4897 ἐφ’
3176 4828 3295 4893 ἑνὸς
3326 4829 3515 4894 ἔθνους
3555 4831 3651 4884 καὶ
3687 4832 3898 4901 δευτέρου

2363 4916 2654 4985 γενόμενον
2687 4916 2791 4970 ὑπὸ
2817 4918 3119 4985 Μωῦσὲως,
3148 4919 3251 4991 τὴν
3278 4920 3402 4974 καθ’
3427 4920 3559 4991 ὅλης
3584 4923 3689 4993 γῆς
3718 4937 3897 4990 γενηται

2366 5007 2500 5080 μένη
2531 5007 2795 5080 πόρθησιν
2823 5010 3056 5078 ἀσεϐῶν,
3088 5010 3184 5064 καὶ
3209 5011 3536 5084 κατοίκησιν
3564 5014 3668 5067 ὑπὸ
3690 5012 3890 5071 δικαίων,

2360 5102 2719 5173 προφητεύει.
2754 5121 2773 5154 ι
2811 5103 3054 5175 Χρηστοὶ
3082 5104 3211 5175 γὰρ,
3253 5104 3455 5176 φησὶν,
3482 5104 3693 5159 ἔσονται
3717 5104 3888 5173 nixam-

2363 5211 2453 5265 ρες
2482 5195 2606 5265 γῆς,
2632 5194 2728 5249 καὶ
2756 5197 2896 5248 ὅσιοι
2931 5194 3427 5266 ύπολειφθήσονται
3468 5197 3529 5249 ἐν
3567 5198 3720 5266 αὐτῇ.
3762 5196 3812 5249 Οί
3847 5193 3887 5246 δὲ

2359 5290 2665 5361 παράνομοι
2701 5287 3248 5361 ὲξολοθρευθήσονται
3288 5289 3348 5357 ἐξ
3382 5288 3574 5360 αὐτῆς.
3618 5310 3635 5343 ι

2001 5464 2045 5494 ’³
2081 5462 2225 5518 Psal.
2280 5480 2469 5525 xxxvr,
2509 5461 2598 5520 58.

2190 5581 2396 5636 NOTAE
2408 5623 2420 5634 .

746 5701 857 5771 (77)
881 5702 953 5754 Τὸ
986 5704 1094 5755 πᾶν
1130 5704 1289 5771 ἔργον
1316 5704 1575 5757 ἀνύουσα.
1596 5704 1778 5757 Ταῦτα
1809 5703 1929 5757 ἀντὶ
1954 5702 2062 5757 τῶν
2086 5705 2250 5773 ἐπομ.
2308 5700 2364 5754 'U
2406 5705 2525 5757 αὐτ.

744 5773 855 5842 (78)
882 5773 1003 5827 Τῶν
1025 5776 1082 5828 ἐν
1109 5774 1395 5845 λατομίαις
1430 5775 1624 5829 πόνων.
1665 5776 1720 5828 Ὁ
1755 5774 1877 5828 αύτ.
