4090 6506
205 382 314 448 861

1305 391 1842 456 COMMENTARII
1879 393 1962 457 IN
1997 395 2386 458 NUMEROS.

3370 384 3474 448 882

288 498 556 569 Δεύτερος
590 500 691 568 Ὠγ
715 502 746 554 ο
771 501 870 571 τῆς
906 499 1107 556 Βασάν.
1152 503 1249 566 Ὃς
1285 503 1471 570 δεδιὼς
1499 509 1664 578 ὃμοια
1690 524 1797 560 πα-

1972 508 2124 564 Alter
2155 515 2241 562 est
2275 507 2354 577 0g
2383 522 2476 561 rex
2513 505 2713 570 Basan,
2749 503 2842 576 qui
2877 519 2944 559 ne
2989 501 3179 560 eadem
3217 500 3321 568 sibi
3351 516 3478 556 eve-

209 589 352 653 Θείν,
387 589 514 644 οὑδέ
542 589 844 661 πρεσϐείαν
869 592 1142 662 ἀνέμεινε.
1167 593 1376 665 Θαρῤεἰ
1406 597 1504 666 μὲν
1524 597 1619 652 οὖν
1641 597 1800 652 δυνά-

213 699 330 752 μει.
370 681 506 745 Θεὸς
528 681 585 736 δέ
619 682 860 747 καὶτοὺς
886 685 1145 755 ἰσχυροὺς
1172 686 1475 741 ὑποτάσσει
1499 691 1615 752 τοῖς
1639 689 1798 744 ἀσθε-

211 772 386 836 νέσιν,
419 771 498 835 ὡς
542 774 1040 843 ἐνλΔευτερονομίῳ
1061 775 1245 844 φησὶν,
1285 777 1367 830 ὅτι
1390 777 1554 847 Ἐθνη
1590 779 1798 848 μεγάλα

209 865 310 916 καὶ
351 865 677 935 ἰσχυρότερα
707 865 916 918 ἑαυτῶν
952 865 1149 919 ἔλαϐον
1189 868 1339 938 παρὰ
1368 867 1526 924 Θεοῦ.
1552 870 1660 923 Καὶ
1685 870 1798 939 εἴγε

207 957 307 1009 τὸν
342 958 529 1026 νόμον,
555 957 646 1026 ἐφ’
675 949 718 1023 ᾧ
759 957 1180 1028 κατῳκίσθησαν
1203 999 1216 1022 ,
1289 959 1580 1028 ἐφύλαξαν,
1621 957 1800 1030 ἐμφα-

211 1050 304 1111 νὲς
331 1048 396 1101 τὸ
424 1051 524 1120 τῆς
565 1048 778 1116 ἀγαθῆς
819 1049 1083 1120 Προνοίας
1133 1050 1334 1118 ἐγίνετ’
1391 1051 1479 1115 ἂν,
1530 1051 1800 1120 αἰσχύνων

210 1143 348 1206 τοὺς
366 1143 461 1195 ἐπὶ
481 1144 591 1205 τοῖς
618 1142 878 1213 πολέμοις
899 1142 992 1194 τὸν
1016 1144 1088 1213 Δη
1101 1144 1359 1214 μιουργὸν
1382 1137 1797 1208 διαϐάλλοντας.

213 1233 357 1286 Θεοῦ
391 1233 503 1306 γὰρ
533 1234 681 1300 ἄξιον
723 1235 782 1288 τὸ
817 1234 1094 1288 πολιτείαν
1129 1234 1338 1304 ἀγαθὴν
1385 1235 1506 1288 ἀντὶ
1560 1238 1803 1306 πονηρᾶς

213 1325 465 1395 είσάγειν
488 1327 730 1397 ζωῆς.“’0
748 1328 840 1379 καὶ
869 1325 936 1378 δι’
969 1326 1134 1397 εὐχῆς
1155 1328 1264 1390 τοῖς
1300 1327 1478 1394 ἁγίοις
1529 1327 1800 1395 λέγουσιν,

220 1435 242 1470 ε
283 1417 596 1472 Ἐκλίποιεν
622 1417 936 1489 ἁμαρτωλοὶ
979 1419 1086 1471 ἀπὸ
1129 1419 1229 1487 τῆς
1273 1419 1377 1488 γῆς
1424 1420 1521 1472 καὶ
1589 1419 1803 1488 ἄνομοι,

215 1506 370 1561 ὥστε
403 1508 480 1579 μὴ
509 1507 776 1578 ὑπάρχειν
803 1506 1021 1570 αὐτούς.
1063 1526 1081 1558 ι
1117 1507 1242 1570 Πῶς
1279 1507 1336 1560 δέ
1380 1507 1475 1561 καὶ
1517 1508 1578 1561 οὐ
1623 1509 1801 1578 σωτή-

219 1617 348 1672 ριον
376 1599 454 1670 τῷ
485 1599 677 1670 κόσμῳ
703 1598 763 1651 τὸ
786 1598 1151 1667 γινώσκεσθαι
1181 1599 1318 1652 Θεόν
1351 1617 1365 1666 ;
1393 1600 1420 1652 ὃ
1453 1598 1719 1672 πρόδηλον
1741 1599 1808 1655 ἐκ

211 1693 322 1763 τῆς
355 1691 464 1748 τῶν
491 1691 744 1770 πονηρῶν
767 1691 1098 1763 ἐξαιρέσεως
1128 1691 1370 1762 γίνεται.

1906 599 2089 654 nirent
2119 600 2348 663 veritus,
2381 613 2480 653 sua
2516 598 2755 668 potentia
2808 596 2983 652 fretus
3011 595 3227 650 obviam
3268 608 3328 650 se
3366 593 3474 647 illis

1907 693 2090 756 vertit,
2125 693 2564 762 legationemque
2585 705 2778 744 eorum
2812 688 3122 745 antevertit.
3147 687 3311 766 Atqui
3335 686 3476 740 Deus

1907 785 2164 837 robustos
2187 798 2404 854 quoque
2437 780 2714 838 debilibus
2741 781 2986 850 subiicit,
3015 777 3474 849 quemadmodum

1907 871 1962 924 in
2000 870 2422 925 Deuteronomio
2452 869 2586 924 dicit
2619 869 2704 934 ἰς
2740 884 2865 922 nam
2897 871 3131 938 populos
3175 868 3332 936 longe
3363 880 3478 918 rna-

1902 965 2053 1034 jores
2084 979 2145 1020 ac
2176 964 2438 1019 fortiores
2487 980 2547 1020 se
2595 963 2692 1018 Dei
2750 978 2856 1033 ope
2912 962 3407 1032 ceperunt.Atqne
3431 959 3478 1012 si

1908 1057 2080 1127 legem
2099 1071 2206 1126 qua
2233 1066 2393 1111 terrae
2422 1056 2658 1110 instituti
2687 1063 2817 1112 sunt
2845 1057 3254 1120 observassent,
3293 1051 3479 1106 divina

1909 1146 2251 1216 providentia
2282 1145 2575 1204 manifeste
2609 1161 2730 1202 sese
2761 1145 3097 1200 exseruisset
3130 1146 3339 1214 utique.
3365 1141 3482 1196 Cm-

1909 1246 2088 1293 tcrmn
2155 1238 2366 1308 pudore
2428 1237 2733 1292 aﬂ‘ecerunt
2770 1235 2988 1290 laudum
3024 1235 3337 1291 bellicarum
3362 1233 3482 1301 opi-

1908 1328 2028 1383 ﬁcis
2055 1329 2474 1384 obtrectatores.
2547 1327 2716 1382 Deum
2779 1327 2926 1382 enim
2996 1326 3155 1380 decet
3205 1325 3260 1378 in
3296 1325 3478 1379 locum

1910 1436 2090 1492 prava:
2115 1421 2237 1475 vitae
2258 1421 2460 1476 bonum
2491 1419 2706 1476 vivendi
2736 1419 2986 1474 ordinem
3022 1418 3300 1472 invehere.
3325 1415 3482 1482 Quod

1911 1514 2084 1569 sancti
2116 1514 2169 1568 in
2207 1514 2362 1568 novis
2396 1513 2665 1584 imprimis
2696 1513 2921 1579 habent,
2957 1527 3020 1567 ac
3053 1510 3245 1565 dicunt
3276 1527 3291 1564 :
3327 1526 3346 1560 ι
3374 1509 3484 1562 Ex-

1910 1609 2094 1664 cidant
2153 1615 2471 1678 peccatores
2527 1614 2696 1671 terra,
2742 1615 2821 1660 et'
2858 1605 3054 1675 iniqui,
3107 1603 3242 1658 adeo
3269 1611 3335 1655 ut
3375 1615 3485 1655 non

1913 1700 2184 1770 supersint
2217 1699 2456 1768 amplius
2488 1700 2554 1752 ’⁸.
2595 1718 2613 1750 ι
2650 1698 2860 1767 Ecquid
2887 1713 3018 1752 vero
3047 1697 3139 1750 Dei
3175 1694 3486 1763 cognitione

1913 1791 2190 1847 salubrius
2223 1790 2430 1844 mundo
2473 1804 2597 1844 esse
2628 1789 2854 1858 potest?
2904 1788 2955 1843 id
2989 1787 3136 1858 quod
3165 1788 3376 1840 clarum
3416 1797 3485 1840 ex

1782 1936 1786 1940 »
1843 1871 1884 1924 Β
1913 1899 2204 1955 pravorum
2237 1882 2517 1938 excisione
2551 1880 2630 1936 fit.

289 1961 484 2019 Διττδν
512 1963 664 2026 ἔθνος
690 1962 1052 2034 ταράττεται,
1087 1964 1148 2018 τό
1194 1981 1252 2017 τε
1308 1963 1657 2018 Μωαϐιτικδν
1710 1963 1806 2018 καὶ

215 2057 281 2110 τὸ
311 2055 726 2111 Μαδιανιτικὸν.
754 2057 864 2116 Καὶ
888 2057 1217 2120 ἀπειπόντες
1255 2055 1347 2110 τὸν
1393 2057 1652 2129 πόλεμον,
1703 2055 1807 2118 ¹ἐπὶ

212 2150 325 2222 τὴν
359 2148 597 2219 μαγείαν
630 2148 955 2221 ἐτράποντο.

293 2333 515 2385 Διαλύει
549 2331 643 2395 τὰς
669 2330 846 2386 αὐτῶν
871 2330 1094 2395 ἐλπίδας
1126 2331 1279 2397 Θεὸς,
1307 2334 1431 2403 μηδ’
1471 2333 1594 2388 ὅσον
1641 2332 1808 2403 φθέγ-

219 2423 420 2489 ξασθαι
478 2423 839 2492 συγχωρήσας
884 2421 961 2492 τῷ
999 2422 1245 2493 Βαλαάμ.
1287 2425 1399 2494 Οὐχ
1453 2423 1535 2476 ὅτι
1592 2423 1810 2494 κατάρα

222 2515 304 2582 μὴ
357 2513 547 2566 δικαία
594 2512 918 2583 λυμαίνεται
957 2513 1122 2584 (κατά
1174 2514 1283 2584 γὰρ
1322 2515 1411 2568 τὸν
1465 2515 1808 2585 Σολομῶντα,

224 2625 245 2658 ι
299 2607 438 2676 ’Λρὰ
479 2606 682 2676 ματαία
705 2607 804 2658 οὐκ
853 2606 1204 2659 ἐπελεύσεται
1258 2607 1479 2678 οὐδενὶ),
1527 2626 1546 2660 ι
1603 2607 1701 2680 τὴν
1753 2609 1811 2664 δὲ

222 2700 366 2752 ιδίαν
396 2699 714 2769 ἐπικουρίαν
743 2700 960 2770 ἐμφανῆ
995 2698 1074 2769 τῷ
1096 2699 1208 2769 λαῷ
1245 2701 1587 2772 καταστῆσαι
1624 2701 1811 2772 βουλό-

223 2809 415 2862 μενος,
442 2791 518 2856 ὡς
546 2790 612 2845 ἂν
646 2792 720 2863 μὴ
740 2793 838 2861 τῆς
865 2792 1148 2850 εὐσεϐείας
1184 2793 1541 2858 σαλεύωνται,
1581 2795 1675 2848 καὶ
1724 2794 1810 2848 ἴνα

221 2889 327 2938 καὶ
347 2884 416 2938 τὰ
451 2883 613 2937 λοιπὰ
647 2883 772 2956 ἔθνη
797 2883 1062 2952 ἐπιγνῶσι
1101 2884 1192 2936 τὸν
1237 2885 1392 2950 Θεὸν,
1435 2887 1573 2940 καθά
1621 2906 1753 2958 φησι
1792 2908 1805 2922 ·

227 2995 248 3027 ε
291 2977 407 3030 Καὶ
433 2975 692 3047 διαγγελῇ
727 2974 786 3027 τὸ
808 2974 982 3046 ὄνομά
1011 2993 1110 3044 μου
1138 2976 1195 3027 ὲν
1231 2976 1382 3049 πάσῃ
1406 2981 1470 3049 τῇ
1498 2982 1589 3048 γῇ.
1628 2998 1646 3030 ι
1705 2982 1813 3035 Καὶ

221 3070 296 3122 τὰ
319 3070 530 3137 σημεῖα
572 3067 682 3137 γὰρ
705 3066 879 3120 ἐποίει
910 3067 1003 3119 καὶ
1029 3066 1118 3119 διὰ
1166 3065 1257 3118 τὸν
1299 3068 1534 3137 Ἰσραὴλ,
1592 3071 1684 3124 καὶ
1727 3073 1815 3126 διὰ

222 3162 295 3213 τὶ
340 3160 490 3230 ἔθνη,
519 3159 592 3223 ὡς
611 3159 676 3212 ἂν
707 3158 1091 3230 ἐπιστραφείη.
1121 3159 1299 3212 Πολλὰ
1333 3159 1590 3230 γὰρΘεοῦ
1613 3181 1812 3236 κατορ-

225 3250 420 3304 θοῦσιν
472 3249 815 3320 οἰκονομίαι,
875 3248 1132 3303 δοκοῦσαι
1186 3249 1348 3319 μόνον
1420 3252 1539 3318 ἐνὸς
1593 3252 1812 3324 ἔγεσθαι

235 3342 589 3413 πράγματος.

1981 1973 2177 2026 Verum
2232 1980 2354 2042 post
2404 1972 2501 2025 hos
2554 1971 2803 2041 geminus
2867 1970 3122 2024 turbatur
3212 1965 3482 2036 populus.

1908 2063 2238 2118 Moabiticus
2273 2070 2326 2117 et
2367 2061 2772 2140 Madianiticus.
2802 2062 2912 2128 Qui
2941 2075 3064 2114 cum
3096 2058 3238 2114 bello
3277 2071 3485 2111 renun-

1911 2160 2171 2222 tiassent,
2205 2156 2292 2212 ead
2347 2138 2708 2226 imposturam
2746 2154 3059 2209 Satanicam
3107 2166 3227 2208 sese
3256 2163 3487 2219 recepe-

1909 2258 2058 2318 runt.

1983 2339 2089 2392 Sed
2131 2338 2526 2409 spesipsorum
2589 2335 2882 2391 labefactat
2927 2333 3092 2398 Deus,
3117 2347 3240 2386 cum
3272 2347 3340 2386 ne
3365 2337 3488 2386 tan-

1910 2434 2088 2488 tillum
2136 2432 2358 2503 quidem
2406 2430 2591 2501 eloqui
2649 2428 2908 2488 Balaamo
2961 2423 3323 2495 permisisset,
3377 2435 3489 2476 non

1909 2525 2128 2596 quidem
2159 2523 2305 2594 quod
2340 2522 2648 2579 exsecratio
2674 2520 2876 2588 iniusta
2902 2515 3100 2584 lmdat;
3126 2517 3288 2587 juxta
3321 2515 3488 2568 Saloa

1911 2634 2127 2674 monem
2160 2619 2330 2684 enim,
2373 2635 2391 2667 ι
2427 2614 2751 2668 Exsecratio
2799 2625 2938 2666 vana
2988 2624 3102 2664 non
3140 2605 3492 2677 superveniet

1912 2711 2168 2780 cuiquam
2193 2709 2259 2774 ’⁸,
2303 2725 2322 2758 ι
2367 2721 2559 2760 verum
2629 2713 2688 2756 ut
2735 2701 3054 2772 praesidium
3106 2712 3265 2755 suum
3303 2695 3492 2752 decla-

1914 2810 2060 2857 raret
2091 2799 2312 2870 p0pulo,
2343 2811 2408 2852 ac
2465 2795 2705 2850 eiliceret
2734 2809 2802 2848 ne
2844 2807 2874 2845 a
2916 2791 3128 2862 pietate
3152 2788 3491 2848 deciderent,

1913 2894 2270 2962 reliquiaeque
2301 2887 2491 2960 populi
2520 2887 2687 2941 Deum
2715 2889 3105 2954 agnoscerent,
3136 2879 3494 2950 quemadmo-

1919 2986 2047 3041 dum
2083 2983 2263 3053 inquit
2301 2997 2315 3033 :
2353 2999 2372 3032 ι
2411 2979 2475 3033 Et
2500 2977 2805 3047 divulgabit
2837 2989 3019 3029 meum
3065 2986 3264 3027 nomen
3297 2970 3351 3023 in
3384 2974 3494 3022 tota

1919 3077 2153 3133 terra".
2225 3092 2245 3126 ι
2305 3072 2452 3138 Quin
2532 3068 2697 3125 etiam
2763 3067 2918 3136 signa
2978 3064 3150 3118 edidit
3204 3075 3329 3114 cum
3397 3072 3495 3128 per

1919 3167 2172 3222 lsraelem
2201 3171 2318 3218 tum
2353 3163 2516 3216 etiam
2547 3173 2641 3228 per
2667 3167 2882 3228 gentes,
2912 3163 2970 3209 ut
3019 3155 3086 3208 ad
3121 3167 3179 3206 se
3206 3157 3496 3204 converte-

1921 3268 2024 3316 ret.
2052 3257 2224 3312 Multa
2256 3254 2406 3311 enim
2434 3252 2700 3320 praeclare
2751 3246 2845 3302 Dei
2883 3243 3285 3313 gubernatione
3334 3243 3493 3303 fiunt,

1920 3364 2042 3421 qua:
2064 3348 2133 3402 ab
2158 3360 2268 3400 uno
2297 3353 2508 3398 tantum
2541 3340 2764 3410 negotio
2797 3337 3037 3404 pendere
3061 3335 3345 3388 videntur.

183 3504 194 3512 .
302 3425 576 3488 Caeterum
617 3433 790 3501 signis
816 3432 956 3488 nihil
981 3442 1162 3489 motus
1196 3435 1357 3489 Balac
1408 3436 1702 3491 accersivit
1753 3437 2074 3495 Balaamum
2129 3446 2391 3506 tanquam
2433 3431 2824 3502 potentiorem.
2867 3427 2956 3482 cui
2991 3423 3203 3479 indicat
3237 3421 3500 3481 Dens,‘ut

229 3523 495 3590 quamvis
524 3521 781 3596 hostilem
820 3520 1020 3575 habeat
1060 3522 1328 3588 animum,
1364 3530 1643 3593 quatenus
1667 3533 1844 3581 tamen
1875 3528 2174 3582 familiaris
2204 3526 2298 3590 sit,
2346 3521 2624 3591 siquidem
2663 3517 2943 3587 opificium
2976 3512 3122 3581 ejus,
3153 3509 3316 3565 etiam
3347 3507 3492 3596 invi-

231 3619 330 3665 tus
363 3594 643 3664 contraria
673 3608 840 3662 dicat.
884 3607 1046 3677 Atqui
1082 3607 1253 3662 Israel
1288 3592 1601 3681 intelligens
1633 3614 1777 3682 quod
1815 3616 2002 3686 ipsum
2036 3630 2137 3670 suo
2165 3613 2342 3684 ipsius
2375 3609 2561 3680 gladio
2597 3605 2906 3677 jugularet,
2945 3600 3206 3668 majorem
3239 3592 3501 3664 concepit.

232 3695 520 3749 fiduciam.
579 3693 803 3749 Necnon
841 3695 948 3764 ipsi
980 3693 1178 3748 Balaac
1224 3711 1445 3766 quoque
1505 3701 1754 3753 ostendit
1819 3682 1959 3772 quos
1992 3682 2257 3772 impedire
2289 3704 2544 3762 conetur,
2577 3709 2675 3749 eos
2714 3704 2913 3760 nempe
2944 3703 3009 3742 ex
3041 3686 3246 3756 quibus
3286 3682 3502 3737 oritura

231 3796 389 3840 esset
427 3786 582 3840 stella
620 3800 745 3853 quae
778 3793 968 3854 gentes
1008 3793 1155 3838 esset
1184 3794 1492 3840 servatura.

309 3872 461 3926 Nam
490 3873 596 3926 scio
623 3871 762 3942 quod
785 3872 973 3942 quibus
996 3871 1347 3937 benedixeris,
1383 3875 1448 3927 iis
1488 3873 1818 3929 benedictum
1842 3877 1932 3929 sit.
1966 3873 2156 3946 [ΧλΙῇ
2198 3871 2277 3943 6.]
2323 3871 2416 3926 Vis
2453 3869 2759 3923 dmmonum
2791 3864 2843 3918 in
2877 3859 3130 3917 subditos
3161 3855 3353 3912 efﬁcax
3390 3860 3499 3917 est,

234 3964 432 4032 quaesi
474 3963 618 4018 Dens
651 3963 884 4018 ccasilio
919 3979 1018 4016 suo
1050 3979 1153 4032 pro
1191 3964 1299 4034 piis
1341 3980 1401 4020 se
1435 3974 1699 4034 apponat,
1755 3972 2070 4026 enervatnr,
2096 3978 2290 4032 quema
2315 3959 2578 4013 dmodum
2615 3970 2739 4010 cum
2773 3952 2909 4006 Mosi
2940 3950 3288 4004 adversatum
3350 3953 3502 3998 esset

237 4057 431 4125 liquet.
463 4054 627 4124 Atqui
661 4055 846 4124 aliquo
877 4070 1048 4123 usque
1078 4070 1138 4108 se
1158 4054 1412 4110 extendit
1446 4033 1622 4111 virtus
1646 4057 1761 4122 illa,
1791 4039 2250 4127 quemadmodum
2279 4051 2346 4105 de
2385 4048 2577 4119 aspide
2616 4046 2797 4116 inquit
2834 4043 3033 4097 David:
3066 4060 3084 4093 ι
3117 4036 3343 4094 Veneno
3379 4033 3502 4090 inﬁ'

234 4145 398 4197 ciens
439 4156 468 4195 a
507 4141 751 4209 sapiente
784 4139 1025 4194 inficitur
1056 4142 1124 4195 ".
1167 4161 1185 4192 ι

213 4219 215 4221 ι
310 4229 481 4302 418
511 4229 576 4283 El
609 4229 829 4282 τεάάαηι
861 4228 1003 4282 υοῦἱε
1031 4229 1186 4283 verba
1225 4245 1342 4298 qua!
1407 4230 1615 4284 locutus
1651 4230 1816 4299 fuerit
1853 4228 2109 4283 Dominus
2135 4227 2240 4300 [8.]
2292 4223 2703 4280 Divinationem
2739 4236 2836 4292 per
2871 4217 3148 4274 insomnia
3193 4214 3503 4286 profitetur,

239 4334 409 4386 qnam
433 4316 653 4386 quidem
689 4331 794 4369 non
822 4331 852 4369 a
877 4315 988 4372 Deo
1013 4332 1145 4370 vero
1167 4317 1429 4386 requirit,
1460 4318 1714 4387 quamvis
1789 4317 2077 4372 Deminum
2135 4317 2401 4379 nominet,
2437 4312 2530 4368 sed
2577 4327 2606 4364 a
2650 4314 2894 4364 ilaeinone
2940 4309 3042 4363 sibi
3090 4303 3368 4368 familiari,
3403 4309 3505 4355 eta

239 4407 387 4462 falso
412 4406 574 4462 dictis
603 4406 736 4470 diis,
765 4405 857 4474 qui
900 4421 1047 4461 nunc
1070 4421 1167 4474 per
1199 4405 1496 4465 insomnia.
1527 4420 1675 4459 nunc
1743 4420 1840 4475 per
1869 4405 2121 4475 auguria,
2165 4417 2314 4457 nunc
2364 4402 2472 4454 alio
2505 4409 2672 4467 atque
2704 4399 2811 4450 alio
2840 4396 3014 4449 'modo
3052 4408 3151 4448 sua
3195 4390 3507 4444 hominibus

241 4496 513 4566 produnt.
575 4493 730 4549 Unde
787 4493 1054 4564 deinceps
1105 4493 1361 4562 sequitur
1393 4509 1406 4545 :
1440 4511 1458 4544 ‹
1496 4490 1734 4546 Posthac
1795 4508 1905 4547 non
1948 4491 2229 4562 profectus
2287 4504 2371 4546 est
2415 4488 2630 4541 Balaam
2666 4499 2816 4538 more
2847 4498 2950 4538 suo
2979 4481 3196 4536 obviam
3225 4477 3444 4539 avibus,
3480 4493 3500 4524 ι

243 4584 473 4654 quando
503 4583 645 4636 vidit
672 4591 908 4636 conatus
935 4595 1068 4636 suos
1093 4595 1218 4636 esse
1247 4580 1456 4643 irritos,
1483 4588 1538 4633 et
1563 4581 1810 4646 linguam
1846 4595 2003 4635 suam
2033 4579 2211 4634 menti
2246 4577 2584 4648 respondere
2614 4587 2724 4626 non
2758 4586 2944 4642 posse.

326 4669 484 4726 Venit
506 4678 683 4724 autem
712 4669 849 4724 Deus
875 4668 945 4722 ad
982 4667 1237 4729 Balaam,
1263 4676 1311 4720 et
1335 4667 1470 4720 dixit
1495 4667 1566 4721 ei.
1595 4664 1734 4738 [$0.]
1784 4666 2090 4722 Adventum
2123 4666 2300 4736 angeli
2329 4665 2626 4734 signiticet,
2655 4655 3124 4729 quemadmodum
3163 4651 3256 4707 Dei
3285 4649 3508 4710 nomine

245 4759 477 4831 angelos
505 4755 820 4827 significare
853 4755 1140 4826 Scriptura
1169 4754 1479 4809 consuevit.
1511 4751 1690 4807 Veluti
1716 4769 1842 4807 cum
1866 4754 2072 4810 dicitur
2107 4756 2487 4823 comparuisse
2518 4748 2662 4819 apud
2712 4745 2995 4800 Labanum
3024 4750 3082 4795 ut
3118 4753 3352 4811 pugnam
3383 4751 3520 4831 cum

245 4846 427 4902 Jacob
456 4855 852 4901 remoraretur.
916 4824 1050 4897 item
1112 4841 1466 4897 Abimelecho
1514 4856 1610 4912 per
1645 4841 2038 4896 Abrahamum.
2080 4839 2217 4896 Cum
2259 4854 2390 4894 vero
2432 4835 2705 4893 secundos
2748 4833 2970 4886 nuntios
3020 4829 3262 4883 misisset
3315 4824 3509 4878 Balaac

250 4949 566 5004 aureosque
598 4940 812 4988 montes
847 4931 1158 5001 pollicendo
1186 4911 1521 4995 invitasset,
1556 4943 1722 4997 super
1769 4927 1873 4981 hoc
1919 4929 2140 4997 negotio
2174 4941 2306 4981 suos
2333 4924 2617 4979 daemones
2672 4921 2872 4974 iterum
2904 4915 3165 4982 consulit,
3205 4911 3348 5004 quod
3381 4923 3510 4979 erga

227 5022 429 5078 'Deum
471 5038 530 5078 se
554 5021 734 5077 facere
790 5018 950 5073 dicit.
1010 5018 1248 5089 Angelus
1293 5017 1459 5087 igitur
1489 4995 2016 5085 cumapparuisset,
2057 5016 2270 5070 veniam
2325 5011 2551 5086 nuntios
2583 5003 2957 5063 consectandi
2988 5001 3262 5057 concedit.
3299 4995 3502 5052 Verum

253 5112 360 5166 iter
392 5110 574 5181 ipsum
608 5119 831 5178 propler
861 5087 1284 5177 permissionem
1329 5105 1478 5158 illam
1509 5103 1683 5158 nihilo
1719 5103 1917 5160 melius
1975 5111 2092 5169 est;
2147 5118 2272 5158 nam
2316 5116 2440 5156 cum
2487 5099 2652 5154 rebus
2681 5109 2821 5167 quas
2859 5093 3016 5163 prius
3049 5089 3296 5145 audierat
3354 5087 3511 5140 tidem

250 5173 576 5270 ilerogaret,
611 5173 978 5266 interrogavit
1011 5195 1235 5258 iterum,
1270 5194 1475 5263 opibus
1505 5192 1736 5247 interim
1769 5192 2007 5255 inhians,
2045 5200 2220 5260 quare‘
2262 5190 2440 5260 ipsum
2493 5202 2596 5243 suo
2628 5182 2885 5256 permisit
2922 5177 3162 5248 ingenio.
3197 5173 3502 5270 Confestim

251 5289 426 5357 igitur
447 5286 644 5341 stravit
671 5287 906 5350 asinam,
939 5299 1007 5339 ne
1034 5299 1064 5337 a
1092 5283 1201 5336 Deo
1231 5293 1587 5337 revocaretur
1639 5281 1872 5336 veritus.
1951 5279 2224 5345 Quocirca
2284 5258 2333 5332 ei
2382 5286 2642 5346 tanquam
2700 5269 2948 5326 malefico
2986 5266 3303 5336 indignatur
3323 5258 3512 5357 etiam,

250 5375 511 5446 quamvis
547 5388 656 5428 non
689 5382 924 5434 avertat,
950 5386 1018 5427 ne
1043 5372 1152 5424 vim
1187 5370 1266 5425 illi
1297 5370 1480 5424 facere
1536 5369 1804 5424 videatur.
1847 5367 1968 5436 Ipse
2003 5383 2134 5422 vero
2161 5373 2243 5421 est
2267 5366 2359 5436 qui
2384 5361 2864 5434 comprehenderis
2892 5356 3060 5409 vincit
3136 5352 3412 5446 sapientes
3458 5346 3513 5398 in

251 5436 464 5522 astutia
494 5481 595 5520 sua
625 5466 693 5519 ".
731 5463 865 5518 Nam
897 5464 1096 5534 linguae
1120 5477 1248 5517 cum
1295 5461 1366 5516 sit
1395 5461 1514 5531 ipse
1546 5459 1753 5532 opifex,
1785 5475 1904 5516 eam
1935 5471 2033 5528 pro
2055 5453 2286 5509 arbitrio
2337 5467 2437 5508 suo
2465 5452 2629 5518 regit,
2655 5447 2824 5502 etiam
2855 5457 2979 5534 cum
3007 5440 3054 5495 ei
3083 5453 3189 5493 non
3212 5436 3345 5490 utile
3370 5439 3516 5488 esset

253 5557 434 5617 abire,
470 5571 596 5611 cum
638 5555 832 5610 Balaac
857 5531 1003 5610 enim
1035 5552 1195 5623 perit,
1221 5566 1457 5621 cumque
1487 5531 1748 5620 populum
1780 5550 1846 5602 de
1872 5547 2048 5617 ipsius
2071 5541 2408 5614 providentia
2477 5535 2809 5608 persuadere
2839 5531 3058 5623 vellet._
3121 5611 3155 5623 η
3201 5610 3214 5623 .

329 5642 404 5697 Et
424 5611 572 5697 stetit
594 5643 810 5714 angelus
830 5611 1197 5711 utrimpediret
1228 5611 1406 5694 illuni.
1469 5611 1608 5710 ['22:]
1638 5636 1776 5692 Cum
1825 5611 2006 5691 verbis
2030 5611 2156 5688 eum
2199 5629 2547 5700 castigasset,
2595 5623 2952 5687 animumque
2995 5613 3062 5669 ad
3105 5611 3344 5667 divinam
3387 5619 3520 5678 pro-

334 5789 380 5819 ”
409 5787 567 5840 Deut.
593 5800 668 5844 iv,
699 5783 791 5840 38.
866 5783 911 5815 "
934 5780 1078 5839 Psal.
1107 5795 1224 5847 cur,
1261 5747 1350 5835 35.
1429 5776 1473 5808 "
1506 5774 1665 5830 Prov.
1701 5790 1800 5829 xxv

264 5858 437 5914 ιαυν.
473 5873 560 5914 nt.
598 5857 678 5911 l9.

1911 5776 1938 5826 ι.
2017 5772 2057 5802 ’⁷
2095 5767 2266 5824 Exod.
2300 5782 2377 5831 iv,
2412 5764 2492 5820 l6.
2571 5762 2615 5794 ³⁸
2643 5759 2802 5816 Prov.
2835 5770 2908 5820 xi,
2937 5751 2990 5807 6.
3040 5770 3054 5791 ο
3102 5749 3146 5782 ²⁹
3180 5745 3280 5803 Job
3313 5760 3360 5818 γε
3405 5743 3508 5812 13;

308 5862 437 5915 (Lor.
473 5873 560 5920 nt,
598 5862 678 5911 lt).
