4090 6530
651 331 762 396 863
1991 334 2349 397 PROCOI’II
2385 334 2629 398 GAZA‘II
3785 339 3858 402 8M

655 444 898 517 [t'It‘liiim
952 437 1373 512 suscipiendum
1417 446 1564 495 metu
1622 440 2008 508 instruxisset,
2043 442 2248 499 factum
2275 444 2596 500 subintulit.
2637 443 2760 510 Quo
2795 454 2864 496 eo
2894 441 3022 512 ipso
3058 453 3276 510 quoque
3301 439 3540 509 quantus
3567 434 3618 488 in
3646 436 3860 504 immensa

655 535 748 589 hei
786 531 1135 606 providentia
1161 529 1464 585 thesaurus
1500 537 1650 585 esset
1679 531 1960 602 repositus
1995 529 2261 588 israeiita:
2298 531 2702 602 intelligerent,
2741 545 2970 602 quoque
3013 527 3081 584 de
3124 526 3350 582 Christo
3397 520 3648 582 vaticinia
3676 543 3768 584 non
3794 549 3861 588 so-

653 622 765 677 lum
799 622 854 674 in
881 617 1083 675 Israeie
1114 625 1450 673 tererentur.
1482 614 1618 670 Nam
1653 627 1833 673 metus
1865 633 1894 672 a
1929 619 2156 689 magica:
2222 619 2411 675 studio
2444 618 2702 682 abduxit.
2762 627 2818 675 et
2864 618 2920 673 in
2965 615 3206 688 gratiam
3254 613 3422 669 Balac
3467 612 3575 670 Deo
3602 617 3859 690 rebeliaret,

653 708 856 764 eil‘ecit.
889 705 1365 774 Quemadmodum
1399 703 1536 759 Mosi
1573 721 1798 775 quoque
1824 708 2020 762 eodem
2055 706 2243 762 habitu
2271 709 2550 780 apparuit,
2587 716 2648 762 ut
2669 707 2722 764 ei
2754 714 2960 763 metum
2984 704 3274 770 eximeret,
3306 720 3378 759 ne
3410 703 3730 762 Pharaonem
3747 713 3860 767 exti-

653 802 946 858 suesceret,
985 793 1211 864 Deoque
1271 791 1599 848 iuobediens
1650 801 1822 852 esset.
1869 791 2102 848 instruit
2152 811 2287 851 vero
2325 812 2451 851 eum
2481 797 2550 852 ad
2593 796 2846 852 divinum
2876 794 3236 851 vaticinium.
3273 791 3410 848 Nam
3437 796 3698 865 apparitio
3723 803 3859 871 angeli

653 893 860 938 metum
892 882 1048 944 fecit,
1083 897 1246 951 quem
1275 881 1485 935 indicat
1519 881 1689 936 etiam
1723 882 1828 936 hoc
1848 881 1997 952 quod
2031 880 2202 938 Deum
2231 883 2375 940 dixit
2406 901 2507 956 pro
2547 885 2766 956 angelo,
2816 884 3143 956 angelorum
3193 884 3400 954 quippe
3434 892 3860 952 conspectusami.

653 978 736 1030 c's
763 988 855 1028 res
879 971 1286 1041 iucundissima
1310 985 1435 1025 esse
1463 970 1629 1032 solet,
1661 969 1919 1027 hostibus
1945 986 2079 1026 vero
2105 972 2387 1030 horrenda
2424 975 2611 1030 valde.
2645 973 2923 1030 Caeterum
2955 973 3113 1028 asina
3140 970 3390 1042 ipsorum
3439 971 3668 1042 ineptias
3694 979 3859 1048 prospi-

656 1063 835 1126 ciens,
865 1076 963 1116 eas
985 1059 1292 1128 redarguit,
1329 1059 1534 1113 malum
1564 1059 1710 1114 enim
1740 1075 1939 1115 cavere
1969 1059 2146 1116 satius
2181 1069 2267 1117 est
2296 1078 2462 1134 quam
2518 1063 2856 1128 admittere;
2899 1061 3183 1129 simulque
3233 1059 3470 1124 indicat,
3503 1059 3643 1130 quod
3687 1061 3730 1118 si
3766 1066 3859 1135 quis

656 1151 770 1206 Deo
798 1152 872 1206 sit
892 1149 1218 1205 inobediens
1249 1148 1478 1217 angelus
1507 1161 1614 1200 non
1657 1146 1830 1202 aliter
1858 1163 1976 1202 rem
2008 1147 2266 1216 aestimet,
2310 1153 2634 1224 aquiusque
2675 1150 2819 1204 ferat
2852 1164 3017 1220 quam
3047 1149 3092 1204 si
3133 1147 3254 1218 ipse
3291 1156 3646 1218 contempt-us
3671 1163 3792 1206 esset
3813 1169 3859 1208 ac

653 1241 958 1312 neglectus.
991 1239 1127 1295 illud
1159 1253 1290 1292 vero
1310 1238 1461 1308 quod
1491 1245 1773 1307 spectatur
1799 1238 2040 1306 speciem
2072 1237 2377 1307 quamdam
2421 1255 2606 1294 rerum
2637 1239 2822 1300 habet,
2858 1252 3058 1292 revera
3092 1244 3281 1292 tamen
3315 1235 3460 1290 nihil
3484 1247 3591 1299 est,
3622 1252 3719 1292 non
3747 1239 3858 1294 enim

651 1327 868 1397 gladius
894 1327 1105 1397 angelis
1139 1333 1244 1385 est.
1281 1341 1383 1380 nec
1411 1326 1614 1379 ferrum
1647 1324 1702 1378 in
1734 1325 1876 1380 ccelo
1907 1343 1924 1392 ;
1957 1325 2146 1379 omnia
2170 1341 2308 1381 vero
2339 1325 2506 1397 plena
2536 1326 2776 1381 terroris
2805 1331 2941 1379 sunt
2969 1323 3018 1378 ei
3052 1323 3147 1393 qui
3180 1331 3330 1379 metu
3363 1322 3760 1394 indiget,etiam
3782 1343 3858 1382 vox

651 1415 768 1486 ipsa
803 1415 966 1470 asini.
997 1413 1170 1468 Porro
1195 1413 1311 1482 ipsa
1341 1412 1484 1467 visio
1515 1411 1800 1466 auditione
1830 1413 2006 1466 multo
2063 1411 2390 1467 borribilior
2429 1413 2711 1484 irrogatur
2743 1411 2796 1467 ei
2824 1411 2918 1481 qui
2955 1418 3314 1481 spectaturus
3345 1419 3464 1466 erat
3504 1413 3757 1481 angelum,
3780 1430 3860 1470 non

648 1517 716 1554 vo
751 1500 878 1563 ﬁne,
911 1508 969 1554 nt
993 1507 1142 1556 metu
1207 1499 1294 1555 sui
1345 1499 1453 1554 iter
1502 1498 1925 1567 intercluderet,
1964 1514 2091 1554 cum
2137 1500 2320 1570 ipsum
2353 1501 2404 1556 ei
2432 1511 2583 1556 esset
2625 1515 2997 1566 concessum,
3042 1514 3237 1555 verum
3287 1507 3350 1555 ut
3387 1499 3459 1555 ab
3491 1499 3694 1555 insidiis
3712 1511 3864 1558 contra

649 1605 1038 1660 quemcunque
1070 1597 1395 1660 praetextum
1420 1588 1789 1643 abstraheret.

720 1701 984 1772 Angelum
1036 1715 1168 1755 vero
1223 1699 1376 1753 illum
1431 1697 1750 1753 Michaelem
1812 1711 1936 1752 esse
1983 1696 2232 1761 tradunt,
2264 1709 2312 1768 Α

2264 1709 2312 1768 Α
2402 1699 2508 1753 τδν
2553 1697 2786 1769 ἄγγελόν
2856 1716 2995 1769 φασι·
3044 1696 3269 1768 Μιχαὴλ
3325 1691 3473 1750 εἶναι
3538 1696 3627 1751 τδν
3669 1698 3867 1769 ἐγκεχει-

650 1808 772 1847 eum
802 1791 1051 1847 videlicet
1077 1791 1170 1861 qui
1199 1791 1456 1846 lsraelem
1489 1798 1575 1844 est
1602 1788 1850 1843 adortus.
1871 1787 2233 1844 chraismus

2341 1793 2596 1864 ptojtévov
2619 1794 2710 1847 τὸν
2734 1790 3068 1864 Ἰσραήλητδ
3079 1789 3158 1856 δὲ,
3178 1789 3478 1855 διαϐαλεῖν,
3498 1790 3558 1844 τὸ
3581 1791 3672 1860 μὲν
3694 1791 3871 1862 Ἐϐραῖ-

649 1879 866 1951 quidem
894 1879 1170 1948 impedire.
1201 1880 1430 1951 Aquilas
1451 1893 1578 1934 vero
1611 1877 1781 1934 Satau
1827 1877 2010 1934 habet.
2061 1877 2240 1935 Theo-

2339 1886 2436 1941 κὺν
2461 1887 2554 1940 καὶ
2569 1884 2822 1951 Ἀκύλας,
2846 1881 3068 1946 Σατὰν,
3086 1881 3201 1952 ἔχει
3221 1899 3236 1914 ·
3271 1883 3300 1935 ό
3330 1881 3392 1938 δὲ
3415 1881 3724 1949 Θεοδοτίων,
3747 1883 3871 1938 ἀντι-

649 1971 834 2026 dotion
867 1969 1099 2026 obstare.

980 1983 1099 2025 ‘are.
2340 1975 2595 2032 κεῖσθαι.

721 2063 1298 2119 Enimn-declinasse!
1315 2079 1495 2118 coram
1513 2079 1612 2128 me.
1629 2061 1820 2134 [XXIL
1836 2061 1955 2135 35.]
1966 2060 2237 2118 Obedien—

2411 2069 2520 2123 Καὶ
2549 2068 2667 2124 νῦν
2693 2071 2750 2122 ει·
2767 2069 2854 2138 μὴ
2880 2068 3194 2135 ἐξέκλινεν
3221 2065 3324 2122 ἀπ’
3348 2064 3520 2137 ἐμοῦ.
3548 2065 3621 2120 Th
3671 2064 3872 2132 εὐπειθὲς

648 2159 723 2211 tia
760 2157 882 2226 ejus
915 2156 1015 2211 tibi
1046 2155 1208 2211 saluti
1243 2154 1363 2211 fuit.
1395 2155 1476 2210 ita
1516 2155 1654 2224 perit
1688 2154 1943 2210 videlicet
1964 2153 2241 2224 quidquid

2341 2159 2561 2228 ἐκείνης
2609 2159 2801 2228 γέγονέ
2840 2175 2924 2212 σοι
2990 2159 3276 2230 σωτήριον.
3333 2154 3527 2219 Οὕτως
3562 2156 3798 2210 ἀπόλλυσι
3826 2159 3871 2211 τὸ

651 2244 763 2302 Deo
824 2255 910 2302 est
967 2247 1297 2313 adversum,
1365 2244 1834 2318 quemadmodum
1897 2246 2137 2302 tenebrae
2203 2261 2240 2302 a

2339 2249 2480 2319 πρὸς
2513 2248 2647 2303 Θεὸν
2698 2249 3042 2322 ἐναντίωμα,
3093 2249 3348 2321 καθάπερ
3395 2247 3692 2302 ἀπόλλυται
3721 2248 3871 2313 σκότος

649 2341 793 2396 luce.

2339 2342 2446 2398 ὑπὸ
2479 2342 2676 2412 φωτός.

720 2431 988 2498 Quoniam
1040 2449 1146 2486 non
1196 2429 1316 2486 noui
1355 2431 1495 2502 quod
1565 2438 1622 2482 tu
1661 2439 1847 2483 contra
1903 2445 1985 2483 me
2040 2439 2235 2484 stares.

2414 2432 2630 2503 οὐγὰρ
2657 2432 3030 2503 ἠπιστάμην,
3061 2433 3151 2487 ὅτι
3179 2434 3261 2488 σύ
3289 2452 3386 2502 μοι
3419 2432 3798 2499 ἀνθέστηκας.
3828 2433 3872 2488 Εἰ

648 2521 792 2595 [δι]
816 2523 972 2588 Quod
999 2524 1043 2579 si
1068 2539 1256 2578 verum
1289 2522 1492 2577 fatetur
1541 2537 1665 2576 cum
1708 2520 1962 2575 veritatis
1993 2519 2238 2576 indictus

2341 2525 2416 2598 μὴ
2441 2525 2698 2595 ψεύδεται
2738 2525 2811 2589 ὡς
2839 2526 3099 2596 ἀληθείας
3135 2527 3349 2598 ἐχθρὸς,
3394 2525 3559 2597 δῆλός
3619 2527 3770 2590 ἐστιν,
3818 2525 3873 2586 ὡς

647 2623 795 2669 esset
820 2614 1013 2678 hostis,
1057 2630 1116 2669 se
1151 2629 1218 2669 ex
1265 2614 1426 2670 nudis
1462 2614 1646 2668 verbis
1700 2613 1765 2666 ad
1816 2627 1878 2668 se
1925 2611 2083 2666 factis
2124 2627 2234 2664 non

2336 2618 2432 2686 οὐχ
2462 2616 2633 2681 οὕτως
2659 2619 2766 2670 ἀπὸ
2796 2618 2914 2671 τῶν
2934 2620 3242 2690 εἰρημένων
3272 2619 3451 2686 λόγων
3499 2617 3720 2687 ιγνώκει
3754 2617 3873 2674 Θιόν.

649 2707 941 2776 agnovisse
990 2705 1158 2761 Deum
1222 2714 1477 2770 testatur,
1515 2713 1855 2775 quapropter
1889 2703 2063 2775 angeli
2094 2705 2234 2758 visio

1930 2703 2063 2775 ngcli
2094 2705 2234 2758 visio
2337 2709 2504 2765 Ὅθεν
2533 2713 2831 2781 ἀναγκαῖον
2861 2711 2956 2765 τοῦ
2984 2712 3218 2780 ἀγγέλου
3247 2712 3308 2764 τδ
3335 2713 3545 2780 θέαμα.

647 2797 964 2853 necessaria
995 2808 1134 2853 erat.

721 2891 989 2946 Subduxit
1014 2908 1133 2946 eum
1163 2892 1218 2945 in
1244 2891 1454 2946 excelsa
1505 2889 1664 2945 Baal.
1718 2889 1860 2962 [IL]
1907 2890 2204 2961 Impiornm
2248 2890 2654 2946 sacriﬁciorum
2683 2894 2839 2946 locus
2882 2891 3395 2948 machinationibus
3433 2900 3635 2948 contra
3665 2891 3875 2947 lsraelem

648 2979 983 3045 destinatur,
1013 2989 1348 3052 argumento
1386 2979 1788 3034 imbecillitatis
1837 2978 2174 3039 daemonum,
2239 2981 2616 3036 multitudinis
2650 2983 3025 3044 victimarum,
3063 2990 3120 3036 et
3166 2981 3381 3036 tecbnze
3435 2980 3789 3052 Balaamiqui
3818 2988 3880 3034 tot

647 3074 913 3136 tantaque
944 3076 1214 3137 gesserat.
1242 3066 1398 3122 Nulla
1427 3068 1574 3122 enim
1609 3067 1693 3122 vis
1724 3075 1922 3123 contra
1955 3066 2276 3123 Dominum.
2320 3065 2465 3134 Quin
2493 3079 2548 3124 et
2581 3069 2764 3125 sacris
2789 3085 2848 3125 se
2873 3071 3059 3142 jungit
3085 3069 3309 3138 Balaac,
3335 3069 3619 3141 simulque
3644 3076 3880 3139 operatur,

647 3171 760 3226 quo
788 3155 1085 3211 inrmitas
1115 3171 1179 3210 ea
1223 3157 1296 3212 sit
1326 3155 1662 3212 evidentior.

721 3242 835 3315 Ego
867 3243 1059 3299 tradam
1084 3245 1134 3300 si
1166 3245 1303 3315 forte
1331 3243 1590 3299 Dominus
1624 3243 1756 3298 mihi
1777 3242 1985 3299 obuiam
2014 3245 2134 3314 ﬁat.
2168 3241 2387 3315 [ΧΧΠΙ.
2429 3241 2513 3315 5.]
2541 3243 2827 3298 Dremoues
2869 3242 2972 3299 sibi
3029 3243 3338 3300 familiares
3369 3242 3636 3307 consulit,
3665 3257 3692 3296 a
3712 3242 3882 3314 uguriis

647 3331 795 3386 enim
831 3332 908 3387 uti
933 3342 1323 3388 consueverat.
1370 3331 1572 3387 Verum
1603 3347 1800 3386 eorum
1841 3333 1975 3385 nulli
2013 3347 2342 3403 comparere
2397 3341 2484 3388 est
2543 3334 2897 3403 permissum.
2953 3331 3117 3388 Venit
3145 3333 3311 3405 419
3340 3348 3529 3389 auem
3569 3331 3784 3387 nnntiu.
3811 3331 3889 3388 Dei.

649 3420 744 3490 qui
777 3419 913 3474 nihil
935 3419 1157 3490 quidem
1192 3421 1359 3485 dixit,
1397 3421 1494 3475 sed
1539 3419 1598 3475 in
1625 3435 1692 3476 eo
1715 3435 1840 3489 quae.
1864 3419 2123 3475 dicturus
2145 3429 2295 3476 esset
2315 3428 2581 3491 operatus
2604 3429 2710 3476 est.

720 3532 872 3589 Dixit
902 3536 1096 3606 igitur,
1119 3551 1216 3607 pro
1240 3546 1491 3604 operatus
1522 3546 1620 3601 est,
1647 3538 1906 3607 ponitur;
1944 3553 2053 3592 non
2080 3537 2227 3593 enim
2263 3538 2304 3592 Β

2266 3538 2304 3592 Β
2404 3539 2499 3606 Τὸ,
2527 3540 2718 3604 εἶπεν,
2749 3539 2871 3593 ἀντὶ
2901 3537 3028 3606 τοῦ,
3053 3539 3414 3609 ἐνήργησεν.
3459 3542 3538 3597 ού
3583 3543 3687 3614 γὰρ
3723 3536 3881 3613 ἐρρέθη

647 3624 815 3681 verba
849 3626 927 3682 illi
984 3627 1131 3682 facta
1187 3637 1337 3695 sum,
1379 3629 1474 3684 sed
1528 3629 1747 3685 animus
1787 3639 2087 3701 apparatus
2125 3640 2230 3688 est.

2333 3633 2577 3705 ῥήματα,
2612 3633 2749 3686 ἀλλά
2771 3631 3198 3702 παρεσκευάσθη
3228 3632 3453 3706 ἡψυχὴ.
3477 3634 3694 3688 Μᾶλλον
3715 3633 3766 3686 δὲ
3785 3647 3880 3700 νοη-

649 3712 824 3772 Porro
856 3716 987 3786 quid
1020 3719 1488 3775 incommoditatis
1518 3721 1624 3776 erit
1656 3722 1861 3776 sentire
1882 3723 2028 3792 quod
2059 3739 2238 3795 augu-

2331 3727 2474 3788 τέον,
2506 3726 2582 3788 ὠς
2620 3724 2721 3778 ούκ
2744 3724 3023 3794 ἐχρήσατο
3055 3723 3305 3793 συνήθως
3338 3727 3452 3788 τοῖς
3493 3726 3728 3786 οἰωνοῖς,
3776 3722 3881 3790 Bap-

649 3806 750 3861 riis
785 3821 891 3860 non
929 3807 1094 3862 solito
1127 3824 1277 3863 more
1307 3823 1442 3863 usus
1480 3809 1572 3874 sit,
1611 3825 1845 3880 sperans
1868 3812 2126 3866 nimirum
2155 3813 2236 3866 fu-

2336 3815 2444 3884 ρὦ
2464 3815 2612 3884 αύτῴ
2644 3813 3079 3885 συναντήσεσθαι
3109 3814 3200 3866 τὸν
3225 3813 3474 3880 εἰπόντα,
3494 3815 3581 3868 ὅτι
3606 3816 3668 3868 Ὃ
3693 3813 3752 3867 ἂν
3777 3812 3883 3864 εἴπω

649 3904 834 3951 turum
865 3897 971 3953 sibi
1020 3898 1240 3952 obviam
1271 3915 1398 3953 eum
1433 3900 1527 3969 qui
1569 3898 1807 3968 dixerat,
1863 3902 2239 3974 quodcunque

1144 3915 1240 3952 iam
1271 3915 1398 3953 eum
1433 3900 1527 3969 qui
1569 3898 1807 3968 dixerat,
1863 3902 2239 3974 quodcunque
2337 3924 2442 3973 σοι,
2475 3906 2759 3976 λαλήσεις.

649 4005 751 4058 ego
784 3989 882 4043 tibi
908 3987 1194 4044 dictavero
1235 3991 1502 4061 loqueris.

725 4077 794 4132 Et
833 4080 936 4148 fuit
968 4082 1186 4148 spiritus
1216 4081 1311 4136 Dei
1349 4085 1401 4137 in
1434 4085 1570 4154 ipso.
1611 4083 1753 4139 Metu
1784 4085 1928 4141 enim
1956 4085 2360 4154 apparitionum
2395 4082 2701 4137 adornatus
2736 4080 2939 4145 fuerat,
2967 4095 3067 4135 nec
3101 4081 3302 4133 mirum
3343 4097 3496 4144 sane,
3541 4096 3664 4134 cum
3695 4090 3742 4134 et
3760 4078 3883 4134 asina

651 4167 880 4239 spiritus
917 4168 1068 4223 illius
1089 4169 1388 4225 eilicaciam
1421 4173 1746 4241 recepisset,
1783 4175 2040 4242 quamvis
2072 4176 2351 4244 ignoraret
2387 4187 2510 4240 qua:
2549 4170 2892 4225 dicerentur.
2943 4167 3086 4224 Deus
3116 4168 3262 4224 enim
3296 4185 3364 4223 ex
3398 4168 3669 4240 lapidibus
3703 4181 3884 4239 quoque

649 4272 841 4313 vocem
875 4259 1130 4324 suscitat,
1155 4258 1314 4328 juxta
1348 4260 1481 4316 illud
1512 4277 1524 4313 :
1562 4279 1581 4312 ι
1621 4260 1778 4328 Quod
1803 4262 1851 4317 si
1884 4263 2168 4316 tacuerint
2209 4259 2312 4326 illi,
2350 4258 2567 4328 lapides
2599 4255 3057 4312 vociferabuntur
3092 4257 3158 4310 ³³.
3201 4275 3225 4307 ι

724 4366 791 4423 Et
820 4379 1094 4436 assumpta
1122 4368 1384 4439 parabole
1425 4369 1526 4442 [7.]
1569 4370 1683 4426 Hoc
1727 4371 1891 4425 modo
1920 4371 2230 4441 sapientem

2407 4365 2520 4423 Καὶ
2543 4367 2868 4422 ἀναλαϐὼν
2897 4366 3013 4434 τὴν
3051 4366 3412 4435 παραϐολὴν
3438 4367 3642 4423 αὑτοῦ.
3681 4363 3885 4437 Παραύο-

650 4477 962 4519 sermonem
1015 4477 1213 4519 vocare
1268 4462 1553 4534 Scriptura
1616 4464 1777 4528 solet,
1823 4462 1982 4533 juxta
2040 4465 2227 4520 illud:

2337 4458 2458 4530 λὴν,
2499 4457 2592 4511 τὸν
2633 4458 2796 4527 σοφὸν
2824 4456 2981 4526 λόγον
3007 4457 3198 4510 εἴωθεν
3231 4460 3264 4528 ἠ
3299 4458 3490 4530 Γραφη
3537 4458 3742 4526 λέγειν,
3772 4454 3884 4510 κατὰ

654 4574 674 4608 s
710 4555 966 4626 Aperiam
1006 4553 1060 4610 in
1087 4553 1342 4624 parabole
1369 4571 1433 4611 os
1463 4570 1644 4610 meum
1679 4555 1746 4609 ⁸².
1793 4573 1812 4606 ι

2335 4551 2417 4618 τὸ,
2457 4569 2477 4603 s
2525 4549 2752 4614 Ἀνοίξω
2787 4551 2846 4603 ὲν
2881 4550 3170 4621 παραϐολῇ
3203 4549 3264 4602 τὸ
3295 4550 3470 4621 στόμα
3499 4567 3626 4621 μου.
3661 4569 3677 4602 s

719 4670 862 4727 Dicit
893 4681 1074 4725 autem
1105 4685 1168 4724 ea
1200 4685 1323 4740 qua:
1351 4669 1720 4724 lsraelitarum
1755 4669 1948 4724 audire
1978 4669 2217 4724 maxime
2245 4667 2530 4731 intererat,
2558 4680 2678 4734 qua
2711 4666 2765 4718 in
2799 4664 3156 4735 proverbium
3185 4673 3343 4719 erant
3371 4665 3610 4728 abitura,
3641 4661 3884 4720 lsraelem-

646 4774 754 4830 que
786 4757 1014 4814 mirifice
1043 4774 1173 4829 erga
1211 4757 1377 4814 Deum
1407 4757 1689 4812 aﬂectnra.
1723 4756 1968 4822 Quorum
2004 4757 2257 4813 lsraelem
2289 4753 2719 4810 commonefacit
2753 4768 2974 4824 quoque
3017 4767 3112 4822 per
3145 4751 3426 4807 Michaeam
3458 4755 3624 4818 Deus,
3662 4765 3774 4808 cum
3808 4750 3880 4805 in-

648 4849 769 4917 quit
805 4865 819 4901 :
859 4865 877 4897 s
915 4845 1118 4918 Popule
1144 4849 1240 4912 mi,
1274 4846 1404 4916 quid
1435 4846 1537 4901 ieci
1568 4846 1666 4900 tibi
1703 4847 1800 4908 “,s
1831 4853 1885 4900 et
1916 4861 2035 4916 quze
2065 4845 2349 4913 deinceps.
2375 4843 2530 4910 Quod
2556 4845 2700 4897 enim
2727 4843 3068 4913 benignitate
3100 4841 3192 4895 Dei
3223 4843 3427 4897 factum
3458 4854 3567 4909 est,
3596 4842 3883 4898 condemna-

648 4935 786 4989 lioni
821 4935 968 4990 cedit
1020 4933 1352 4999 infidelibus,
1388 4936 1589 5005 quibus
1637 4935 1887 4990 dicitur:
1925 4952 1944 4987 ι
1999 4934 2124 4990 llaec
2181 4931 2416 4991 Domino
2471 4931 2720 4987 vicissim
2777 4930 3010 4986 redditis
3051 4929 3118 4984 “.
3163 4948 3182 4982 ι
3224 4928 3378 4985 Unde
3412 4931 3479 4986 ad
3535 4931 3701 4988 Deum
3742 4927 3885 4998 inquit

649 5020 821 5076 David
853 5039 869 5076 :
915 5039 934 5073 ι
981 5019 1048 5076 Ut
1072 5021 1393 5091 justiilceris
1425 5023 1479 5078 in
1505 5023 1692 5079 verbis
1728 5024 1839 5079 tuis
1872 5023 1938 5079 ³⁸.
1985 5041 2004 5074 ›

723 5130 847 5187 Νοη
883 5140 941 5186 ut
970 5131 1125 5188 homo
1161 5130 1302 5185 Deus
1341 5133 1607 5202 perforari
1630 5144 1828 5202 potest.
1867 5133 2009 5207 [l9.|
2037 5134 2234 5190 Cazteri

2406 5135 2530 5203 Οὐχ
2557 5130 2636 5198 ὡς
2663 5131 2978 5198 ἄνθρωπος
3003 5132 3037 5185 ὁ
3077 5129 3223 5196 Θεὸς
3241 5129 3650 5198 διατρηθηναι.
3669 5121 3883 5182 Οιλοιποὶ

649 5232 711 5279 ut
740 5224 1063 5288 mentiatur,
1093 5220 1474 5286 reddiderunt,
1502 5224 1724 5294 quidam
1749 5240 1882 5280 vero
1913 5231 1970 5278 ut
1995 5240 2232 5294 suspen-

2332 5227 2654 5293 ὲξέδωκαν,ι
2693 5222 2783 5276 ἴνα
2821 5221 3148 5293 ψεύσηται.»
3183 5221 3342 5285 Τινὲς
3362 5222 3440 5286 δὲ,
3469 5241 3488 5272 ι
3516 5217 3877 5289 ὑπερτεθῆναι»

650 5317 816 5372 datur
840 5325 895 5372 et
924 5316 1284 5387 despiciatur,
1316 5327 1714 5387 exposuerunt.
1743 5316 1980 5373 Tantum
2009 5318 2232 5384 adjutus

2333 5322 2428 5374 καὶ
2455 5315 2827 5388 παροφθῆναι,
2843 5334 2860 5365 ι
2880 5314 3240 5384 ἐξηγήσαντο.
3264 5311 3449 5375 Οὕτως
3467 5311 3738 5381 ὠφέλησεν
3753 5305 3883 5360 αὐτὸν

651 5417 738 5464 est
794 5407 959 5465 minis
1012 5409 1214 5479 angeli.
1263 5408 1531 5464 Caeterum
1574 5409 1760 5480 pravis
1805 5418 1860 5464 et
1914 5407 2232 5464 inﬁdelibus

2335 5412 2369 5481 ἡ
2401 5409 2599 5481 ἀπειλὴ
2635 5406 2729 5460 τοῦ
2766 5405 3026 5474 ἀγγέλου.
3054 5406 3166 5459 Καὶ
3193 5405 3452 5474 πονηροῖς
3474 5404 3532 5457 δὲ
3556 5404 3648 5457 καὶ
3669 5398 3881 5456 ἀπίστοις

540 5574 542 5576 ν
657 5497 842 5552 divina
895 5498 1244 5556 ordinatione
1294 5501 1476 5554 futura
1517 5500 1851 5564 revelantur,
1876 5499 2155 5569 quemadu

2336 5505 2405 5557 δι’
2438 5502 2755 5572 οἰκονομίαν
2782 5499 2843 5552 τὸ
2879 5498 3075 5568 μέλλον
3107 5495 3578 5563 ἀποκαλύπτεται,
3608 5497 3678 5558 ὡς
3707 5491 3792 5547 καὶ
3820 5486 3881 5554 τῷ

654 5589 784 5644 dum
816 5589 1115 5660 Pharaoni,
1144 5592 1675 5650 Nabttcbodonozori
1701 5601 1755 5650 et
1786 5593 1896 5650 lilio
1934 5593 2132 5663 ipsius.

2343 5595 2565 5667 Φαραὼ,
2601 5594 2695 5649 καὶ
2731 5590 3232 5663 Ναϐουχοδονόσορ,
3267 5589 3366 5645 καὶ
3391 5589 3470 5663 τῷ
3499 5589 3682 5645 τούτου
3714 5581 3857 5642 παιδί.

737 5769 778 5802 ³⁸
816 5770 950 5828 Luc.
987 5786 1093 5836 xu,
1147 5776 1224 5831 ιο,
1306 5779 1347 5808 ³²
1394 5779 1527 5835 i‘aal.
1571 5781 1850 5848 Lxxvn,‘2.
1930 5780 1975 5813 ³³
2005 5778 2350 5845 alicui/1,3.

1806 5781 1850 5836 Ξ..
1930 5780 1975 5813 ³³
2005 5778 2350 5845 Miclt.v1,3.
2436 5782 2476 5812 ³⁸
2516 5781 2667 5834 llcul.
2706 5797 2874 5844 xxxii,
2911 5783 2962 5834 ti.
3046 5780 3088 5814 ³⁵
3117 5775 3260 5833 Psal.
3294 5792 3345 5840 ι,
3372 5773 3421 5829 6.
