4090 6508
153 411 268 476 85λί
1215 402 1748 466 COMMENTARII
1790 403 1872 465 IN
1907 403 2300 464 NUMEROS.
3328 404 3431 467 866

237 523 294 576 lit
319 521 424 590 fuit
453 536 611 588 super
631 535 689 574 eo
717 518 950 587 Spiritus
979 518 1102 572 Dei.
1129 515 1344 590 [XXIIL
1364 517 1444 590 8.]
1469 516 1660 573 Nullus
1685 516 1830 572 enim
1862 515 2241 586 potestdicere
2258 512 2522 568 Dominus
2540 515 2647 570 nisi
2671 514 2724 569 in
2753 515 2962 585 Spiritu
3004 516 3120 584 Dei,
3141 525 3194 571 et
3220 515 3322 570 hac
3349 536 3434 572 ra-

150 614 307 666 tione
363 608 644 678 Caiaphas
707 622 928 678 quoque
961 607 1314 660 vaticinatur.
1373 604 1581 660 Lumen
1623 605 1770 660 enim
1804 604 1860 658 in
1893 603 2134 658 tenebris
2179 603 2350 667 lucet,
2383 615 2446 655 ac
2486 601 2728 656 tenebtte
2760 602 2945 672 ipsum
2975 617 3085 658 non
3117 605 3434 674 apprehen-

150 702 315 756 dunt.
342 703 468 765 Quo
499 697 684 752 minus
721 712 850 751 vero
890 696 1277 751 admirationis
1311 695 1472 750 nobis
1500 700 1718 765 pareret
1747 689 1890 746 asini
1918 688 2146 753 factum,
2180 697 2370 757 utpote
2408 686 2556 758 quod
2587 686 2768 756 majus
2797 697 2941 753 erat,
2978 689 3176 744 divina
3211 689 3438 744 ordina-

154 791 304 843 tione
335 796 465 841 ante
500 785 792 855 praavisum
817 793 959 839 erat.
988 783 1095 840 Per
1124 784 1238 838 haec
1265 783 1414 838 enim
1469 783 1618 837 velut
1669 795 1764 852 per
1791 778 2102 848 jumentqu
2151 776 2293 832 Deus
2334 784 2421 833 est
2469 777 2710 832 locutus.
2745 777 3017 834 Caeterum
3048 792 3174 832 cum
3209 776 3433 832 Balaam

149 875 530 931 dilerentiam
579 874 845 929 sensisset
893 872 1139 926 animant
1189 871 1257 924 ad
1299 870 1354 924 id
1375 871 1523 940 quod
1561 885 1691 924 vere
1724 881 1827 923 nec
1855 874 1915 922 ut
1945 867 2110 936 paulo
2142 875 2271 921 ante
2301 866 2646 937 praestigioso
2677 864 2899 921 videbat
2923 865 3149 935 adjecit.
3186 863 3344 921 Unde
3380 873 3436 920 et

152 963 289 1018 illud
327 979 342 1015 :
379 981 397 1014 ι
432 960 674 1014 Revelati
713 970 840 1014 sunt
863 959 1010 1015 oculi
1055 957 1175 1028 ejus
1214 965 1480 1027 tanquam
1526 954 1848 1027 perSpicilli.
1907 973 1926 1006 ι
1971 953 2208 1020 Quidam
2253 971 2382 1010 vero
2431 955 2658 1008 tradunt
2687 953 2838 1023 quod
2871 969 2967 1024 per
2995 953 3238 1009 ruditum
3265 954 3435 1010 asina:

150 1051 223 1106 de
256 1049 446 1104 studio
473 1048 580 1104 sibi
607 1048 890 1118 proposito
917 1047 987 1100 sit
1017 1045 1248 1101 edoctus
1286 1060 1396 1099 non
1420 1044 1579 1098 aliter
1599 1059 1762 1114 quam
1789 1060 1887 1115 per
1915 1046 2098 1099 avium
2122 1055 2322 1100 cantus
2349 1053 2444 1099 aut
2467 1045 2729 1115 garritus,
2756 1044 2989 1114 ejusque
3013 1059 3212 1098 sonum
3235 1058 3436 1115 quem-

153 1136 456 1193 admodum
491 1136 775 1188 brutorum
810 1133 1130 1187 animalium
1175 1146 1340 1188 voces
1385 1139 1774 1195 consueverat,
1804 1133 2009 1189 virtute
2042 1133 2283 1204 quadam
2332 1148 2397 1187 ac
2436 1133 2686 1205 potentia
2711 1131 3045 1186 daemoniaci:
3071 1131 3436 1196 consuluerit,

153 1223 626 1298 quemadmodum
659 1222 971 1277 luculenter
1005 1220 1293 1290 Scriptura
1327 1218 1630 1274 enarravit.
1659 1217 1860 1275 Verum
1884 1234 1983 1290 per
2008 1234 2071 1274 ea
2105 1235 2226 1290 qua:
2250 1220 2326 1274 illi
2369 1219 2550 1274 fraudi
2584 1217 2809 1274 luerunt
2847 1219 3070 1274 virtutis
3101 1219 3304 1274 divina:
3340 1218 3435 1272 llr-

158 1315 412 1370 tnitatem
447 1309 660 1365 didicit.
703 1310 782 1364 Ac
816 1309 983 1364 simili
1010 1323 1143 1364 sane
1177 1309 1342 1363 modo
1379 1308 1521 1379 legio
1571 1307 1624 1362 in
1668 1307 1980 1378 Evangeliis
2026 1308 2287 1377 potentias
2327 1307 2528 1361 divinae
2556 1305 2624 1360 ad
2674 1306 3044 1362 resistendum
3080 1316 3269 1378 parata
3293 1314 3434 1368 erat,

154 1417 286 1456 cum
332 1410 514 1454 autem
543 1399 797 1453 cominus
818 1398 1066 1454 venisset
1120 1397 1211 1452 ille
1258 1396 1420 1466 cujus
1459 1395 1735 1467 majestati
1788 1410 1854 1450 ac
1882 1395 2113 1454 imperio
2161 1397 2347 1451 omnia
2388 1395 2702 1465 subjacent,
2737 1395 2909 1450 Deum
2937 1409 3062 1450 esse
3081 1394 3434 1460 exclamavit,

151 1489 520 1562 judicemque
547 1485 665 1541 fore
693 1496 778 1540 est
804 1484 1118 1540 confessus.

229 1577 405 1645 Atque
430 1575 495 1629 de
521 1573 748 1628 collibus
781 1574 996 1627 intuear
1026 1588 1165 1626 eum.
1191 1569 1298 1643 [9.]
1325 1569 1407 1625 Ab
1440 1571 1675 1626 excelsis
1695 1573 1844 1628 enim
1874 1571 2006 1630 Baal
2049 1574 2286 1631 vertices
2320 1575 2501 1646 populi
2534 1573 2932 1646 prospiciebat.

233 1665 373 1720 Ecce
392 1666 615 1734 populus
647 1663 877 1718 seorsim
907 1661 1198 1716 habitabit.
1243 1661 1307 1713 Et
1347 1660 1558 1729 legibus
1586 1661 1732 1716 enim
1771 1671 1826 1717 et
1872 1663 1996 1718 loco
2040 1662 2305 1734 disjuncti
2354 1672 2533 1719 erant.
2573 1662 2744 1720 Nobis
2779 1678 2912 1717 vero
2948 1661 3205 1732 spiritus,
3237 1658 3291 1713 id
3327 1667 3436 1719 est,

155 1753 310 1825 quod
339 1754 474 1825 ipsis
495 1753 648 1807 locus
672 1759 817 1815 erat,
845 1765 1040 1820 parum
1069 1749 1216 1802 enim
1249 1747 1512 1801 momenti
1542 1748 1696 1804 locus
1721 1750 1787 1804 ad
1816 1752 2018 1806 mentis
2041 1752 2372 1808 divisionem
2423 1751 2608 1817 affert,
2637 1767 2760 1822 qu'e
2789 1751 2954 1806 etiam
2979 1748 3436 1804 consuetudinem

159 1842 446 1897 innoxiam
483 1839 682 1896 reddit.
715 1840 832 1893 Non
866 1838 1013 1892 enim
1038 1837 1216 1892 studia
1249 1836 1492 1905 gentium
1521 1837 1869 1905 aemulamur,
1898 1839 2026 1896 licet
2047 1857 2170 1895 cum
2201 1841 2310 1896 illis
2339 1857 2645 1896 versemur.
2678 1841 2744 1894 Et
2764 1839 2892 1911 quis
2925 1850 3175 1894 numeret
3205 1836 3438 1908 populos

161 1930 355 1986 Israel.
394 1929 689 1999 Utriusque
724 1927 946 1984 nomine
977 1926 1154 1980 honor
1203 1925 1270 1978 ad
1307 1939 1402 1980 eos
1435 1925 1618 1988 redit,
1648 1933 1703 1980 et
1735 1926 1964 1995 privata:
1993 1929 2164 1994 sedis,
2205 1937 2260 1983 et
2289 1930 2484 1997 amphe
2514 1927 2914 1984 multitudinis.

235 2042 513 2098 Moriatur
539 2039 750 2092 animus
781 2051 928 2090 meus
962 2045 1129 2090 morte
1147 2034 1443 2103 justorum,
1477 2042 1526 2087 et
1559 2035 1694 2102 [iant
1721 2045 1957 2092 extrema
1988 2055 2104 2092 mea
2145 2039 2192 2092 ei
2222 2039 2445 2094 similia.
2484 2037 2622 2111 [l0.]
2656 2037 2760 2106 Qui
2791 2037 3116 2093 insidiarum
3143 2050 3312 2091 causa
3348 2052 3440 2090 vc-

159 2143 326 2191 uerat
360 2132 680 2188 societatem
713 2128 908 2180 horum
952 2125 1237 2178 hominum
1265 2124 1529 2193 consequi
1564 2133 1843 2195 precatur.
1879 2124 2030 2180 Adeo
2072 2125 2238 2179 Deum
2279 2127 2634 2197 diligentibus
2663 2127 2850 2180 omnia
2902 2125 3045 2179 bono
3086 2123 3306 2177 cedunt.
3339 2121 3438 2176 llic

160 2225 312 2279 enim
343 2223 394 2276 id
421 2219 567 2291 quod
590 2225 780 2271 contra
815 2213 1072 2283 populum
1107 2212 1459 2269 machinatus
1490 2221 1612 2267 erat
1665 2212 1732 2266 ad
1785 2211 1875 2268 Dei
1926 2213 2155 2281 gloriam
2207 2215 2647 2283 cognoscendam
2702 2215 2804 2267 iter
2831 2213 3090 2281 praebuit,
3124 2212 3436 2265 daetnonum

164 2311 484 2367 inﬁrmitate
511 2323 580 2361 ne
610 2305 762 2358 hiare
795 2301 1019 2372 quidem
1048 2309 1247 2354 contra
1281 2301 1372 2354 Dei
1402 2300 1693 2356 consilium
1718 2299 1954 2355 valente.
1989 2300 2174 2366 Quare
2227 2303 2329 2355 etsi
2376 2302 2522 2372 quod
2564 2300 2797 2366 faciunt,
2838 2316 2944 2353 non
2981 2299 3200 2370 propria
3234 2299 3285 2353 id
3320 2300 3430 2352 vir-

166 2408 286 2454 tute
315 2398 550 2459 l'aciunt,
578 2394 672 2448 sed
698 2391 854 2447 venia
886 2390 1001 2452 Dei,
1039 2390 1127 2459 qui
1160 2391 1281 2459 pios
1315 2390 1402 2444 sui
1425 2390 1670 2445 cultores
1708 2402 1924 2458 semper
1947 2388 2206 2459 protegit,
2235 2388 2393 2457 juxta
2423 2390 2555 2444 illttd
2593 2406 2606 2440 :
2643 2406 2662 2441 t
2698 2389 2804 2454 Qui
2835 2402 2933 2443 vos
2971 2389 3219 2458 attingit,
3253 2388 3437 2455 pnpi!-

167 2490 274 2540 lam
299 2484 450 2540 oculi
485 2482 588 2537 mei
619 2478 888 2548 contingit
911 2477 978 2530 ³⁸.
1015 2495 1034 2528 ι

241 2593 436 2646 Annon
470 2590 750 2644 observare
772 2588 932 2642 debeo
963 2602 1081 2658 qua:
1106 2586 1242 2641 Deus
1265 2586 1519 2641 indiderit
1546 2588 1572 2641 2³
1601 2586 1741 2659 [l2.]
1768 2585 1882 2643 lloc
1913 2599 2021 2651 est,
2043 2587 2163 2644 Non
2195 2605 2418 2660 possum
2447 2599 2564 2644 arte
2589 2603 2706 2643 mea
2734 2587 2839 2643 hoc
2869 2585 3084 2642 ellicere
3122 2587 3268 2656 quod
3291 2586 3440 2640 sole-

153 2681 316 2736 ‘bam.
354 2678 490 2732 Huic
517 2692 649 2732 sane
675 2674 1090 2744 sull‘ragabitur,
1119 2683 1172 2728 et
1197 2674 1511 2744 obsignabit
1542 2689 1709 2730 omne
1728 2690 1792 2731 os
1815 2691 2007 2731 eorum
2063 2677 2156 2747 qui
2200 2679 2386 2748 inique
2442 2677 2766 2746 loquuntur.
2795 2675 3067 2730 Caeterum
3101 2674 3262 2730 Balac
3287 2673 3438 2730 arbi-

165 2778 368 2830 tratur,
395 2767 514 2820 loco
549 2772 761 2818 mutato
794 2770 1134 2817 mutaturum
1173 2762 1421 2816 animum
1462 2778 1684 2832 quoque
1721 2763 1992 2820 divinum.

251 2879 509 2934 Verticem
543 2878 716 2932 collis.
746 2875 885 2948 [14.]
931 2876 1112 2930 Alium
1148 2891 1294 2929 nunc
1321 2891 1430 2930 non
1475 2877 1660 2930 minus
1695 2877 1864 2931 altum
1900 2880 2207 2948 exploravit
2239 2880 2442 2935 locmn.
2477 2878 2656 2947 Super
2682 2878 2771 2932 his
2814 2877 2962 2932 enim
3001 2876 3295 2932 simulacra
3327 2875 3440 2930 col—

168 2968 415 3022 iocantes
444 2982 599 3021 sacra
626 2966 903 3020 faciebant
932 2965 1031 3018 eis.
1065 2963 1370 3018 Consilium
1402 2980 1532 3018 vero
1565 2980 1756 3019 eorum
1792 2973 1876 3020 est
1911 2965 2236 3022 idololatria:
2274 2965 2440 3039 420
2481 2966 2845 3020 humilitatem
2883 2968 3128 3021 locorum
3183 2963 3439 3020 sublimi-

173 3061 288 3108 tate
315 3055 629 3108 sublevare.
667 3051 966 3106 Procubuit
996 3052 1141 3105 enim
1176 3051 1358 3114 homo,
1392 3060 1447 3106 et
1482 3067 1604 3107 sese
1640 3051 1839 3121 abjecit
1869 3053 1973 3119 vir,
2004 3055 2183 3126 inquit
2213 3057 2480 3126 pr0plteta
2503 3093 2518 3118 ,
2548 3054 2773 3124 quando
2803 3053 2871 3108 de
2913 3053 3182 3107 idolorum
3214 3051 3442 3104 cultori.

167 3141 279 3195 bus
301 3140 464 3196 verba
488 3139 641 3194 facit.
672 3139 836 3210 Atqui
888 3137 1034 3193 Deus
1084 3146 1304 3208 propter
1336 3138 1589 3192 lsraclem
1620 3138 1754 3193 nihil
1788 3153 1896 3195 non
1939 3142 2095 3207 facit,
2129 3145 2295 3197 etiam
2328 3157 2456 3196 cum
2508 3157 2606 3212 per
2643 3156 2859 3212 magum
2895 3141 3174 3210 loquatur.
3215 3140 3443 3208 Propter

170 3243 338 3297 quem
377 3228 556 3299 Cyrus
583 3228 751 3283 etiam
784 3227 1140 3297 quantumvis
1177 3226 1437 3296 indignus
1473 3225 1762 3295 imperium
1800 3236 1882 3284 ter
1916 3233 2211 3285 maximum
2243 3231 2593 3300 adipiscitur,
2627 3246 2739 3300 quo
2773 3229 3027 3285 lsraelem
3061 3229 3258 3283 liberet
3285 3227 3440 3281 vide-

173 3315 326 3379 licet,
359 3314 428 3368 ad
461 3330 626 3386 quem
658 3314 799 3369 dixit
839 3331 852 3366 :
891 3331 910 3365 t
951 3311 1181 3384 Propter
1217 3312 1474 3366 lsraclem
1503 3328 1725 3368 servum
1763 3332 1940 3371 meum
1975 3327 2025 3372 te
2055 3319 2272 3374 nomine
2309 3327 2403 3372 tuo
2437 3317 2645 3372 vocabo
2677 3317 2742 3371 ".
2780 3335 2798 3368 ›

249 3425 328 3479 Ἰῖᾱ
355 3423 577 3486 ἔνδοξα
604 3424 911 3492 ἀρχόντων
946 3423 1017 3476 ἐν
1051 3419 1233 3486 αὐτῷ.
1295 3421 1546 3484 Ἀκύλας,
1594 3421 1759 3476 Ἀλα-

1933 3426 2180 3498 Insignia
2228 3431 2526 3496 principum
2571 3429 2626 3481 in
2673 3445 2754 3482 eo.
2824 3425 2964 3498 [l7.]
2999 3425 3217 3496 Aquila,
3269 3424 3444 3480 Latus

174 3517 412 3585 ,ιατμὸς
453 3513 754 3580 βασιλέως
802 3515 871 3569 ἐν
899 3512 1080 3579 αὐτῷ.
1111 3512 1426 3584 Σύμμαχος,
1462 3515 1756 3582 σημασία.

1855 3521 2058 3576 clamor
2094 3523 2390 3592 principum
2421 3523 2476 3576 in
2499 3539 2580 3577 eo.
2613 3521 2978 3592 Symmachus
3011 3520 3180 3573 habet
3210 3519 3440 3588 signum.

174 3607 497 3671 Θεοδοτίων,
523 3606 891 3675 σαλπισμός.
920 3606 1169 3658 Δεεκνυσι
1195 3603 1276 3666 δὲ,
1305 3603 1381 3668 ὡς
1412 3604 1552 3675 πρὸς
1584 3603 1660 3675 τῷ
1686 3605 1761 3675 μὴ

1864 3612 2201 3668 Tlteodotion
2229 3617 2376 3668 tuba.
2411 3612 2627 3668 lndicat
2655 3624 2837 3666 autem
2869 3612 3014 3683 quod
3052 3611 3117 3666 ad
3145 3613 3448 3680 impunita-

179 3701 384 3772 βλάψαι
417 3698 775 3770 νικηθήσεται
807 3700 835 3751 ὁ
867 3696 1070 3760 Βαλὰκ,
1105 3697 1336 3767 πάσχων
1367 3696 1403 3751 ἆ
1441 3699 1612 3750 ποιεῖν
1671 3699 1760 3749 ὲν-

1864 3714 1966 3761 tem
2005 3705 2115 3760 illis
2149 3707 2564 3761 concedendam
2598 3707 2666 3760 ad
2699 3717 2882 3760 actum
2911 3707 2983 3760 sit
3023 3706 3228 3768 iturus,
3271 3705 3326 3759 ni
3350 3720 3448 3759 ea-

179 3793 372 3863 ενὸησε
397 3809 413 3823 ο
446 3791 626 3845 καίτοι
649 3789 744 3844 τοῦ
794 3789 930 3844 Θεοῦ
961 3789 1228 3853 εἰπόντος,
1267 3808 1286 3840 ι
1328 3789 1420 3860 Μὴ
1453 3787 1767 3859 ἐχθραίνετε

180 3887 290 3951 τοῖς
312 3885 652 3949 Μωαϐίταις,
684 3904 704 3937 ο
741 3884 928 3956 ἐπειδὴ
948 3887 1061 3948 τοῖς
1087 3885 1224 3947 υἱοῖς
1254 3882 1376 3937 Λὼτ
1410 3883 1610 3937 δέδωκε
1631 3881 1767 3936 ταύ-

179 3991 280 4047 την
307 3976 408 4045 τὴν
455 3975 578 4046 γῆν.
639 3975 732 4026 Ἐκ
788 3973 886 4043 μὲν
932 3968 1025 4026 οὖν
1053 3971 1150 4025 τοῦ
1191 3973 1382 4041 γένους
1413 3973 1572 4042 ἔσχον
1602 3972 1665 4024 τὸ
1692 3972 1768 4043 μὴ

178 4069 476 4122 ἀνάστατοι
509 4068 760 4134 γενέσθαι
780 4082 795 4096 ο
827 4066 920 4118 καὶ
955 4066 1223 4134 ἄρξαντες
1253 4065 1311 4118 δὲ
1342 4064 1581 4128 ἀδικίας,
1612 4065 1765 4118 ἅντι-

181 4160 493 4213 πεπόνθασι
516 4157 934 4228 κατακριθέντες
961 4159 1064 4209 ὑπὸ
1108 4156 1242 4210 Θεοῦ
1269 4155 1363 4210 τοῦ
1393 4156 1627 4219 διδόντος
1667 4155 1767 4220 τὰς

182 4251 406 4312 ἀδικίας
437 4252 680 4305 ἑκάστων
713 4252 795 4312 εἰς
825 4251 922 4313 τὰς
966 4249 1209 4317 κεφαλὰς
1246 4250 1446 4304 αὐτῶν.
1480 4248 1766 4317 Σημασίας

178 4343 235 4395 δὲ
264 4345 368 4404 τὰς
404 4339 710 4408 σάλπιγγας
737 4339 957 4409 νοητέον
981 4341 1078 4402 τὰς
1106 4339 1198 4392 ἐπὶ
1224 4339 1437 4409 σημείῳ
1466 4337 1560 4391 τοῦ
1594 4339 1764 4410 οὐρα-

181 4436 295 4487 νίου
330 4432 599 4503 βασιλέως
639 4433 960 4503 αἰρομένας.
1006 4433 1101 4493 Ὃς
1163 4429 1304 4501 μετὰ
1343 4431 1664 4499 σαλπίγγων
1704 4432 1766 4498 ὲξ

179 4524 419 4598 οὐρανοῦ
452 4525 742 4597 παρέσται,
770 4522 1150 4586 ἀποκαθιστὰς
1197 4523 1297 4594 τὴν
1334 4522 1690 4591 ἐπαγγελίαν.

1863 3795 1987 3852 dem
2015 3799 2127 3867 pati
2164 3799 2295 3854 velit
2323 3815 2445 3868 quae
2473 3800 2585 3852 illis
2618 3799 2822 3853 inferre
2857 3800 3138 3868 cogitavit.
3185 3799 3448 3864 Quamvis

1872 3905 2003 3945 vero
2035 3890 2180 3948 Deus
2212 3891 2463 3946 dixerat:
2505 3909 2524 3944 ι
2546 3891 2816 3946 Moabitae
2853 3890 3117 3946 infestare
3152 3892 3324 3946 nolite
3344 3890 3444 3958 “,i

1871 3981 2134 4050 quoniam
2189 3981 2320 4036 ﬁliis
2374 3979 2476 4035 Lot
2508 3996 2629 4034 eam
2671 3991 2875 4035 terram
2923 3981 3170 4044 dederat,
3205 3981 3451 4051 adeoque

1873 4072 2092 4141 generis
2137 4074 2496 4141 praerogativa
2532 4073 2739 4127 vastari
2796 4088 2904 4126 non
2957 4074 3299 4140 debuerant;
3343 4075 3447 4144 ipsi

1873 4170 2056 4217 tamen
2076 4163 2408 4231 injuriarum
2434 4164 2594 4233 primi
2623 4179 2748 4217 cum
2789 4164 2900 4218 sint
2927 4173 3205 4230 auctores,
3225 4167 3448 4219 easdem

1871 4254 2121 4309 vicissim
2156 4265 2292 4309 sunt
2327 4255 2573 4325 perpessi
2604 4256 2760 4323 justo
2803 4255 2896 4309 Dei
2929 4256 3162 4324 judicio,
3203 4256 3296 4326 qui
3331 4256 3452 4310 uni-

1870 4343 2073 4413 cuique
2100 4344 2447 4413 iniquitatem
2480 4361 2648 4413 super
2673 4359 2835 4416 caput
2859 4363 3017 4400 suum
3052 4346 3254 4400 reddit.
3281 4345 3450 4416 Signa

1871 4444 2002 4483 vero
2029 4444 2091 4484 ea
2119 4433 2282 4485 tubas
2314 4432 2487 4488 fuisse
2527 4436 2883 4505 cogitandum
2909 4444 3013 4500 est,
3054 4436 3256 4505 quibus
3292 4437 3344 4489 in
3375 4437 3451 4490 si-

1871 4534 2036 4588 gnum
2055 4523 2438 4576 etmemoriam
2459 4524 2702 4580 caelestis
2721 4527 2864 4596 regis
2882 4527 3204 4588 eanehatur,
3220 4525 3309 4594 qui
3333 4541 3452 4594 pro.

1800 4609 1843 4665 Β
1871 4613 2136 4667 missione
2168 4628 2269 4669 sua
2302 4623 2610 4670 restaurata
2644 4632 2771 4671 cum
2809 4619 2953 4671 tubis
2987 4618 3211 4671 caelitus
3249 4617 3446 4672 aderit.

252 4727 480 4796 Aliquid
540 4727 703 4795 igitur
752 4725 1016 4779 molestiae
1049 4740 1076 4777 a
1123 4724 1278 4777 Balac
1312 4723 1393 4777 eis
1427 4723 1528 4776 fuit
1558 4723 1892 4791 injunctum.
1925 4723 2065 4779 lllud
2095 4740 2226 4781 vero
2253 4725 2398 4796 quod
2429 4725 2561 4781 dicit
2597 4745 2610 4782 :
2651 4726 2973 4782 Benedicam
3013 4728 3084 4791 ei,
3126 4742 3228 4781 nec
3261 4742 3451 4782 recan-

182 4825 341 4885 talioo,
377 4825 649 4876 luculenta
691 4821 759 4875 de
795 4823 1001 4873 sanctis
1034 4819 1354 4874 christianis
1387 4820 1672 4889 prephetia
1707 4827 1812 4876 est.

259 4915 422 4970 Altus
454 4916 551 4966 erit
582 4928 670 4966 rex
697 4915 809 4981 ejus
840 4914 904 4964 ab
943 4913 1110 4980 Agag,
1145 4910 1676 4981 magniﬁcabiturque
1721 4928 1941 4982 regnum
1979 4913 2118 4981 ejus.
2155 4911 2369 4984 [XXIV,
2408 4915 2487 4988 7.]
2529 4915 2646 4970 Hoc
2677 4922 2787 4980 est,
2835 4929 3005 4986 supra
3048 4930 3274 4988 regnum
3309 4918 3445 4994 Gng,

182 5005 283 5059 8³(-
317 5001 688 5072 Symmachus
709 5021 722 5049 ι
743 5008 764 5052 ι
789 4999 1132 5052 Theodotion
1161 5008 1554 5066 exposuerunt.

261 5091 406 5143 Deus
428 5088 608 5142 eduxit
637 5103 756 5141 eum
783 5102 846 5140 ea:
869 5085 1127 5155 At‘gypto.
1165 5083 1267 5156 [8.]
1304 5083 1421 5138 Non
1453 5086 1776 5151 humanum,
1809 5085 2008 5157 inquit,
2042 5087 2142 5144 hoc
2173 5089 2274 5144 iter
2305 5098 2409 5158 est,
2438 5105 2539 5146 nec
2565 5091 2868 5148 collabetur
2893 5093 3057 5149 etiam
3086 5111 3101 5162 ;
3135 5093 3275 5151 Deus
3302 5099 3444 5151 enim

181 5179 299 5233 dux
335 5177 458 5244 ejus
480 5185 582 5230 est.

259 5264 435 5316 Ilobor
456 5264 571 5329 ejus
599 5271 652 5312 ut
681 5260 1049 5314 monocerotis.
1093 5257 1412 5312 Monoceros
1451 5259 1649 5312 animal
1683 5267 1767 5314 est
1801 5257 1942 5330 quod
1969 5258 2135 5314 nullis
2173 5261 2448 5316 hominum
2494 5263 2704 5321 viribus
2736 5266 2790 5321 in
2832 5268 3116 5324 servitium
3155 5265 3322 5336 redigi
3353 5282 3449 5335 po-

188 5362 319 5407 test.
341 5352 418 5405 Eo
450 5353 612 5419 igitur
643 5364 741 5404 ceu
763 5349 1011 5416 exemplo
1045 5346 1306 5399 indomita
1334 5347 1514 5414 populi
1550 5348 1632 5400 vis
1659 5348 1948 5403 indicatur.

292 5461 560 5532 ομολόγει
607 5459 836 5527 Βαλαὰμ
883 5459 980 5519 τὰς
1031 5455 1225 5510 ἑαυτοῦ
1275 5457 1468 5524 τέχνας
1503 5457 1770 5526 ἡττῆσθαι

195 5554 298 5610 ὑπὸ
387 5553 463 5604 ὦν
502 5553 577 5623 μὴ
604 5551 907 5620 χρωμένων
947 5550 1159 5609 αὑταῖς.
1211 5547 1350 5599 Ἀλλ’
1383 5548 1483 5600 οὐκ
1529 5548 1762 5618 ἕρημος,

195 5649 347 5717 φησὶ,
391 5645 478 5698 διὰ
515 5641 674 5696 τοῦτο
703 5641 1003 5713 μελλόντων
1027 5637 1392 5711 προγνώσεως
1412 5654 1424 5667 ·
1468 5638 1604 5693 ἀλλὰ
1634 5640 1770 5711 πρὸς

264 5847 308 5878 ³·
332 5843 564 5897 Zachar.
598 5856 656 5905 tt,
698 5840 751 5894 8.
827 5839 868 5871 ³⁷
897 5839 1007 5894 lsa.
1044 5854 1163 5902 xcv,
1194 5837 1246 5891 ι.
1323 5835 1367 5867 ³⁸
1398 5833 1554 5892 Deut.
1594 5849 1653 5900 ll,
1679 5835 1732 5890 9.

1943 5460 2151 5516 Interea
2180 5477 2307 5517 vero
2339 5467 2710 5521 confitebatur
2736 5467 2954 5521 Balaam
2992 5475 3140 5521 artes
3163 5481 3295 5519 suas
3323 5482 3444 5520 esse

1870 5561 2157 5620 superatas
2203 5554 2272 5608 ab
2321 5554 2389 5612 iis
2433 5559 2526 5627 qui
2579 5574 2674 5613 eas
2728 5575 2837 5614 non
2895 5566 3218 5612 tractarent.
3251 5556 3444 5611 Verum

1876 5657 2058 5700 rerum
2094 5643 2400 5702 futurarum
2450 5651 2765 5720 cognitione
2806 5660 3094 5723 propterea
3131 5669 3240 5708 non
3271 5651 3443 5709 desti-
