4090 6526
625 402 731 468 867
1963 403 2240 464 PROCOF

2249 405 2313 463 ἸΙ
2352 401 2598 464 ΟΑΖΕΙ
2888 426 2893 430 ’
3777 409 3864 471 8ὓ8

627 519 869 576 tuuntur,
909 509 1128 581 inquit;
1160 508 1388 566 audient
1412 509 1565 566 enim
1589 507 1778 565 futura
1801 525 1913 565 non
1951 512 2075 567 sine
2101 510 2209 565 uti-
2241 565 2242 571 η

2250 519 2284 572 Α
2312 510 2372 563 τὸ
2392 512 2667 581 χρήσιμον
2692 505 3021 562 ἀκούσονται
3056 506 3122 559 τὰ
3153 505 3436 577 μέλλοντα.
3467 524 3485 559 ι
3512 508 3661 563 Κατὰ
3685 516 3865 583 καιρὸν,

625 603 779 658 litate
807 615 906 657 sua
933 617 952 651 ι
997 599 1270 669 Tempore
1328 589 1453 664 suo,
1487 597 1687 669 inquit,
1719 598 1940 655 dicetur
1969 598 2051 655 eis
2084 598 2215 670 quid

2318 604 2475 673 φησὶ,
2513 602 2816 674 ῥηθήσεται
2841 600 2898 653 τί
2925 601 3231 653 ὲπιτελέσει
3260 600 3289 653 ὁ
3314 600 3470 663 Θεὸς.
3503 619 3521 652 ι
3557 601 3634 654 Τὰ
3662 605 3761 674 γὰρ
3780 608 3872 659 δαι.

626 695 875 751 facturus
901 696 976 749 sit
1016 693 1184 749 Deus.
1219 711 1238 745 ι
1284 691 1562 748 Vaticinia
1593 693 1738 748 enim
1768 692 2080 747 daemonum
2106 708 2212 747 non

2321 697 2500 767 μόνων
2536 696 2597 748 οὐ
2630 693 2770 766 πρὸς
2822 692 2885 745 τὸ
2941 693 3235 763 χρήσιμον.
3288 692 3350 743 '0
3399 692 3497 759 μὲν
3544 692 3648 762 γὰρ
3698 695 3871 764 Ἀχαὰὺ

627 788 1029 845 adutilitatem
1062 793 1338 855 spectant.
1376 785 1574 840 Achab
1612 785 1817 840 etenim
1857 784 2217 839 divinationi-

2321 787 2605 859 μαντείαις
2645 785 3045 856 ἀπατώμενος,
3106 784 3208 853 τῆς
3264 783 3499 853 ἀληθοῦς
3532 784 3624 837 τοῦ
3665 788 3871 857 Μιχαίου

630 882 1023 947 ιιυδνάεεθριιιε
1046 892 1197 932 νει-ω
1221 876 1508 932 Μίοιιαίρω
1536 879 1837 948 prophetiae
1876 878 2034 933 bonis
2064 877 2216 932 exci-

2322 884 2665 952 προςρητείας
2706 878 3064 949 ἑξεκρούετο·
3103 879 3131 930 ὁ
3161 878 3216 930 δὲ
3249 878 3412 930 Δαϐιδ
3442 879 3753 947 προακούων
3785 883 3873 936 τῶν

627 974 726 1028 dit.
763 972 935 1027 David
971 987 1100 1027 vero
1121 987 1245 1025 cum
1278 972 1547 1025 bellorum
1577 972 1760 1027 exitus
1780 970 1937 1042 prius
1971 970 2241 1025 audivis-r

2324 974 2579 1043 πολέμων
2600 973 2668 1026 τὰ
2698 972 2825 1042 τέλη
2862 972 2958 1026 καὶ
2986 973 3086 1042 τὴν
3116 972 3448 1041 πρόῤῥησιν,
3484 973 3722 1026 ἐκινεῖτο.
3744 974 3872 1029 Οὕτω

628 1063 817 1120 set:ad
855 1064 1182 1117 vaticinium
1212 1078 1335 1120 sese
1364 1063 1824 1117 accommodavit.
1848 1061 1925 1115 lta
1948 1061 2218 1132 Josaphat

2325 1065 2423 1118 καὶ
2465 1065 2729 1133 Ἰωσαφὰτ
2762 1064 2948 1131 ἔλεγεν
2971 1079 2983 1093 ·
3024 1080 3042 1113 ι
3094 1060 3535 1133 Ἐμπιστεύσατε
3557 1060 3632 1131 τῷ
3660 1061 3767 1134 Θεῷ
3799 1066 3873 1118 καὶ

627 1172 848 1231 quoque
877 1157 1015 1210 dixit
1053 1173 1067 1209 :
1105 1174 1123 1207 ι
1161 1154 1381 1209 Credite
1410 1154 1521 1209 Deo
1545 1162 1599 1209 et
1634 1155 1915 1225 propheta:
1937 1154 2058 1224 ejus
2086 1155 2151 1207 ³⁸.
2194 1174 2213 1205 ι

1353 1172 1381 1209 e
1410 1154 1521 1209 Deo
1545 1162 1599 1209 et
1634 1155 1915 1225 propheta:
1937 1154 2058 1224 ejus
2086 1155 2151 1207 ³⁸.
2194 1174 2213 1205 ι
2326 1156 2689 1237 τῷτπροφήτῃ
2721 1153 2912 1207 αὑτοῦ.
2949 1172 2967 1205 ι

698 1269 976 1324 Accubans
992 1267 1241 1321 dormivit
1268 1274 1324 1320 ut
1354 1267 1454 1321 leo.
1472 1265 1685 1338 [XXIV,
1704 1264 1781 1337 9.]
1802 1266 1959 1332 Quod
1977 1265 2122 1319 enim
2155 1280 2181 1317 a
2199 1276 2396 1322 natura
2422 1284 2521 1325 sua
2551 1270 2635 1323 leo
2660 1268 2850 1330 habet,
2872 1265 2927 1320 id
2948 1280 3013 1320 ex
3037 1263 3149 1320 Deo
3168 1261 3359 1320 Israel.
3386 1261 3593 1329 Quibus
3617 1268 3873 1322 conlitetur

627 1356 875 1423 Balaam,
901 1374 959 1412 se
994 1371 1101 1410 non
1129 1372 1194 1410 ex
1229 1356 1395 1409 animi
1423 1356 1625 1426 pietate
1651 1395 1665 1421 ,
1700 1356 1791 1409 sed
1821 1353 2052 1407 invitum
2082 1368 2145 1406 ac
2180 1356 2455 1413 nolentem
2489 1357 2592 1411 ista
2616 1354 2819 1410 dicere.

702 1466 762 1522 Si
786 1465 1010 1535 placebit
1046 1466 1177 1529 Deo,
1209 1464 1527 1535 IIieronym.
1562 1480 1578 1518 :
1608 1461 1700 1516 sed
1732 1461 1990 1515 Dominus
2024 1471 2073 1514 te
2108 1461 2223 1531 pri-

2395 1466 2461 1519 ΕΙ
2489 1463 2695 1533 ἀρέσει
2724 1461 2805 1528 τῷ
2830 1460 2971 1527 Θεῷ.
2992 1460 3067 1515 Οὐ
3091 1459 3227 1513 Θεὸν
3255 1460 3369 1529 (79)
3392 1458 3520 1513 οὐδὲ
3542 1459 3704 1521 οὕτως
3727 1462 3872 1526 εἰδώς·

629 1561 769 1614 vavit
815 1560 1030 1613 honore.
1087 1557 1243 1630 [IL]
1298 1557 1418 1611 Non
1472 1556 1616 1627 quod
1679 1554 1848 1611 Deum
1904 1555 2225 1625 cognoverit

2330 1559 2391 1613 οὐ
2425 1560 2535 1629 γὰρ
2584 1558 2649 1613 ἂν
2703 1558 2888 1611 ἐκάλει
2918 1556 3011 1609 τὸν
3070 1558 3269 1625 μάγον,
3323 1552 3448 1606 οὐδὲ
3481 1552 3568 1606 διὰ
3592 1554 3766 1608 τούτου
3795 1556 3875 1627 τὴν

630 1649 828 1715 Balac,
869 1651 1076 1721 alioqui
1132 1652 1278 1705 enim
1316 1666 1426 1704 non
1475 1649 1807 1705 accersisset
1858 1656 2057 1702 vatem.
2116 1648 2224 1702 ιο.

2270 1688 2281 1709 ⁸,
2333 1650 2588 1721 βυήθειαν
2638 1649 2948 1720 προσεδόκα
2982 1648 3119 1719 (80).
3179 1646 3319 1698 Ἀλλ’
3348 1645 3589 1708 ἐκείνους
3629 1646 3721 1714 μὲν
3764 1642 3876 1702 εἶναι

632 1745 819 1814 quitur
850 1752 1034 1797 autem
1078 1743 1144 1795 ad
1179 1757 1386 1796 morem
1418 1741 1738 1796 Graecorum
1766 1778 1783 1805 ,
1824 1740 1920 1811 qui
1960 1739 2224 1795 dicuntur

2331 1740 2637 1812 ἡγούμενος
2666 1741 2795 1802 τοὺς
2816 1739 2947 1808 παρ’
2981 1737 3212 1808 Ἕλλησι
3244 1737 3690 1807 νενομισμένους,
3730 1738 3774 1791 οἳ
3797 1740 3875 1793 θυ-

632 1835 923 1890 sacriliciis
958 1833 1269 1902 transponi.
1822 1887 1833 1890 ,

2334 1834 2478 1895 σίαις
2504 1830 2891 1901 μετατίθεσθαι
2921 1830 3032 1901 (Si)
3064 1830 3318 1897 λέγονται
3350 1827 3485 1899 παρ’
3518 1829 3712 1891 αὐτοῖς.

702 1926 935 1980 Revelati
992 1926 1133 1978 oculi
1194 1926 1330 1994 ejus.
1363 1923 1505 1997 [15.]
1555 1924 1771 1995 Reliqui
1812 1931 2213 1995 exposuerunt,
2253 1904 2298 1963 Β

2259 1904 2298 1963 Β
2396 1923 2979 1993 Ἀποκεκαλυμμένοι
3010 1925 3063 1976 οἱ
3102 1922 3402 1991 ὀφθαλμοὶ
3444 1920 3649 1976 αὑτοῦ.
3696 1922 3752 1975 Οί
3785 1922 3874 1977 λοι-

638 2038 658 2071 ι
690 2025 953 2087 tanquam
991 2032 1187 2072 somno
1218 2017 1483 2084 obturati,
1516 2035 1532 2067 ι
1567 2016 1660 2072 sed
1695 2026 1974 2085 utcunque
2007 2016 2226 2069 clausos

2326 2015 2419 2069 ποὶ
2446 2015 2775 2081 ὲξέδωκαν,ι
2789 2014 3249 2085 ὲμπεφραγμένοι
3268 2015 3345 2077 ὡς
3372 2016 3431 2067 ὲν
3454 2000 3651 2080 ὖπνῳξι
3670 2013 3875 2084 δηλονότι

632 2111 804 2166 fuisse
836 2118 1077 2173 constat,
1113 2111 1252 2164 adeo
1279 2120 1337 2164 ut
1366 2126 1565 2166 sensus
1596 2118 1850 2180 expertes
1887 2117 2097 2164 essent.
2120 2107 2225 2163 Per

2263 2165 2267 2171 _
2324 2107 2709 2178 κεκλεισμένοι
2734 2123 2747 2138 ·
2773 2107 2911 2178 ὅπερ
2936 2108 3036 2161 οὐκ
3063 2105 3356 2180 αἰσθητὴν,
3381 2106 3710 2178 προφητικὴν
3730 2106 3779 2161 δὲ
3795 2124 3875 2177 ση-

631 2204 1026 2258 revelationem
1078 2216 1208 2256 vero
1265 2216 1458 2257 eorum
1515 2201 1785 2256 visionem
1845 2199 2221 2271 propheticum

1267 2216 1458 2257 eorum
1515 2201 1785 2256 visionem
1845 2199 2221 2271 propheticum
2327 2202 2508 2273 μαίνει
2543 2200 2642 2272 τὴν
2668 2202 2882 2271 ὅρασιν.

632 2295 835 2351 innuit.

672 2450 677 2455 .
705 2408 1141 2475 Quameenustw
1183 2417 1306 2462 sunt
1339 2406 1530 2461 domus
1560 2415 1685 2470 ture,
1713 2404 1906 2461 Jacob.
1941 2405 2045 2479 [5.]
2088 2406 2386 2460 Fortunam
2425 2399 2638 2456 Israelis
2668 2399 2911 2455 celebrat
2935 2400 3195 2455 vaticinio
3221 2402 3284 2457 de
3315 2415 3384 2456 eo
3407 2401 3497 2472 qui
3530 2417 3592 2457 ex
3614 2401 3689 2457 eis
3718 2404 3873 2459 oriun-

632 2498 738 2552 dus
760 2504 925 2551 esset.
962 2495 1095 2549 Nam
1116 2497 1272 2565 juxta
1295 2496 1523 2549 Paulum
1556 2514 1573 2547 ι
1607 2494 1770 2549 Salus
1802 2511 1868 2550 ex
1905 2494 2105 2550 Iudaeis
2135 2503 2218 2549 est
2255 2492 2356 2547 ⁸ο.»
2392 2488 2594 2543 Eadem
2627 2503 2754 2542 vero
2784 2487 3069 2558 prOphetia
3093 2488 3224 2557 quid
3257 2490 3554 2559 postremis
3582 2491 3871 2559 temporibus

633 2599 732 2655 per
763 2583 1042 2640 Christum
1071 2581 1371 2652 gerendum
1400 2591 1566 2649 esset,
1600 2582 1865 2651 praedicit.
1905 2582 2039 2637 Item
2070 2597 2190 2635 mox
2223 2580 2339 2635 lore
2370 2590 2430 2632 ut
2472 2575 2690 2630 Israelis
2722 2575 2954 2645 populus
2989 2576 3042 2629 in
3067 2575 3171 2630 hoc
3203 2576 3403 2632 itinere
3426 2578 3720 2646 amplietur,
3748 2588 3794 2632 et
3828 2581 3870 2633 in

636 2671 849 2726 caelesti
877 2685 1002 2738 rege
1032 2686 1096 2723 ex
1138 2670 1269 2738 ipsis
1303 2669 1539 2725 oriundo
1570 2677 1831 2739 tanquam
1868 2670 2126 2739 irrigatus
2160 2674 2369 2735 surgat.
2393 2666 2469 2719 Ac
2502 2671 2561 2718 ut
2587 2664 3085 2719 luculentissimum
3119 2664 3279 2719 linem
3311 2664 3470 2719 bellis
3497 2664 3869 2737 Cogicistaciat,

636 2758 741 2825 Qui
773 2756 888 2827 Gog
925 2757 1120 2812 ultimo
1156 2757 1583 2830 insultu_cunlra
1608 2765 1832 2812 sanctos
1864 2756 1958 2811 Dei
1991 2758 2135 2812 iacto
2187 2755 2310 2824 igne
2355 2752 2566 2807 cmlesti
2611 2766 2675 2807 ac
2727 2751 2917 2805 divino
2953 2766 3077 2806 cum
3129 2751 3379 2807 exercitu
3433 2767 3533 2808 suo
3575 2753 3869 2815 absumetur.

632 2856 789 2925 juxta
827 2845 1129 2900 Ezechielis
1188 2846 1530 2916 prophetiam
1566 2845 1633 2899 δι.
1687 2846 1821 2914 Ejus
1854 2860 1980 2900 vero
2013 2845 2131 2899 loco
2163 2842 2311 2913 quod
2350 2841 2573 2905 dicitur,
2614 2859 2633 2891 ι
2675 2841 2740 2894 Et
2769 2839 3011 2909 prodibit
3041 2839 3227 2904 homo,
3269 2858 3288 2891 ι
3330 2840 3507 2910 posuit
3559 2838 3871 2911 Symmachus

636 2951 802 3002 aquas
832 2934 1067 3002 rigantes
1111 2940 1160 2985 et
1207 2933 1589 2985 incrementum
1638 2931 1974 3001 adjuvantes.
2042 2930 2443 2987 Descensurum
2501 2927 2698 2982 etenim
2739 2928 2913 2982 instar
2966 2928 3164 2998 pluviae
3208 2943 3380 2999 super
3411 2929 3600 2992 vellus.
3623 2928 3871 2985 Dominum

635 3022 768 3075 dicit
802 3017 977 3072 David
1004 3017 1070 3072 “.
1100 3018 1312 3084 Quibus
1333 3019 1621 3088 subjungit
1647 3019 1790 3072 vires
1836 3017 2042 3088 populi,
2092 3017 2295 3087 quibus
2346 3026 2592 3087 tempore
2643 3016 2973 3071 brevissimo
3017 3026 3207 3071 contra
3236 3026 3431 3088 gentes
3466 3019 3536 3073 sit
3566 3018 3869 3072 invaliturus.

634 3106 754 3162 Jum
784 3122 912 3162 vero
944 3107 1055 3161 haec
1085 3108 1270 3160 omnia
1317 3107 1383 3161 de
1441 3104 1665 3160 Christo
1713 3106 1898 3173 aptius
1931 3104 2326 3174 intelligentur.
2358 3104 2530 3170 Quem
2583 3104 2728 3158 cnim
2788 3102 2956 3159 Isaias
3001 3103 3301 3176 Aﬂgyptum
3358 3106 3655 3177 ingressum
3678 3108 3871 3161 tentoria

633 3194 855 3268 IEgypti
904 3210 1304 3251 concussurum
1358 3194 1493 3249 dicit
1559 3194 1626 3256 “,
1658 3193 1818 3266 421
1878 3209 2003 3248 eum
2053 3193 2142 3248 hic
2183 3208 2330 3248 nunc
2375 3193 2585 3249 indicat
2614 3208 2678 3247 ex
2716 3208 2779 3249 ea
2810 3195 3010 3249 redire.
3048 3195 3205 3249 Sicut
3249 3198 3456 3250 factum
3484 3211 3601 3251 esse
3629 3196 3872 3265 Evangelia

634 3292 927 3339 testantur.
954 3281 1090 3337 Nam
1111 3298 1234 3337 cum
1280 3282 1509 3353 fugisset
1531 3298 1655 3336 cum
1689 3283 2008 3351 parentibus
2034 3283 2150 3337 suis
2184 3296 2213 3334 a
2244 3281 2458 3336 Herode
2489 3280 2744 3336 Christus
2786 3281 3065 3351 profectus
3099 3293 3183 3338 est
3210 3283 3266 3337 in
3299 3282 3623 3355 Aigyptum;
3654 3284 3873 3339 defuncto

637 3382 818 3427 autem
853 3387 941 3441 eo,
970 3376 1167 3427 iterum
1199 3379 1282 3425 'est
1305 3386 1580 3425 reversus.
1613 3369 1717 3435 Qui
1758 3371 1925 3425 etiam
1959 3371 2107 3426 solus
2137 3385 2204 3424 ex
2233 3370 2442 3424 semine
2464 3368 2679 3425 Israelis
2713 3371 3014 3424 multarum
3038 3372 3281 3441 gentium
3310 3372 3493 3427 factus
3516 3381 3597 3428 est
3628 3372 3870 3435 Dominus,

638 3462 775 3516 adeo
809 3471 867 3514 ut
908 3468 1105 3530 praeter
1150 3460 1328 3529 ipsum
1362 3473 1525 3513 nemo
1557 3458 1699 3513 alius
1736 3458 1842 3511 hac.
1888 3457 2173 3528 prophetia
2225 3456 2565 3528 designetur.
2602 3456 2716 3512 Sub
2766 3458 2927 3529 cujus
2961 3458 3190 3530 imperio
3218 3460 3386 3515 etiam
3420 3476 3637 3532 regnum
3668 3460 3768 3531 Cog
3790 3458 3871 3514 llo-

638 3550 768 3612 ruit,
801 3548 951 3617 quod
983 3547 1139 3615 juxta
1166 3545 1423 3600 Hebraeos
1455 3544 1747 3614 imperium
1777 3545 2154 3599 Romanorum
2207 3544 2504 3613 signiticat,
2560 3545 2665 3599 sub
2714 3561 2822 3614 quo
2876 3544 3082 3602 Christi
3123 3547 3377 3603 doctrina
3409 3550 3642 3618 vigorem
3690 3563 3873 3618 quoque

638 3652 797 3692 suum
821 3636 1030 3691 habuit.
1060 3633 1233 3700 Quem
1261 3632 1513 3687 Ezechiel
1546 3632 1853 3702 principem
1913 3633 2088 3698 Rhos,
2123 3639 2177 3686 et
2200 3633 2447 3701 Mosoch,
2499 3642 2553 3689 et
2603 3632 2812 3689 Thobel
2863 3636 3133 3691 nominat.
3169 3636 3273 3692 Per
3312 3636 3465 3693 Illius
3492 3637 3701 3708 quidem
3734 3646 3782 3689 ut
3807 3648 3873 3691 est

638 3726 941 3781 verisimile
974 3724 1283 3779 Romanum
1312 3721 1605 3792 imperium
1640 3722 1878 3776 ohscure
1912 3722 2209 3787 denotans,
2242 3721 2516 3792 siquidem
2542 3728 2595 3776 et
2620 3722 2992 3792 principatum
3018 3735 3072 3778 et
3092 3736 3258 3794 caput
3283 3726 3349 3781 ad
3386 3724 3637 3780 Hebraeos
3662 3725 3869 3780 deuolat.

636 3814 741 3870 Per
764 3814 988 3870 Mosoch
1030 3828 1160 3867 vero
1183 3811 1436 3881 Mysiam,
1469 3822 1523 3865 et
1552 3819 1745 3878 gentes
1792 3809 1960 3879 hujus
2005 3812 2356 3881 undiquaque
2393 3808 2658 3865 Romanis
2712 3809 2981 3865 subditas.
3030 3810 3137 3867 Per
3190 3811 3399 3868 Thobel
3441 3822 3618 3867 autem
3655 3811 3868 3876 Iberiam,

638 3913 700 3958 ut
718 3909 910 3956 auctor
939 3910 1025 3956 est
1051 3898 1348 3969 Iosephus.
1404 3896 1630 3954 Necnon
1658 3912 1786 3953 vero
1811 3900 2001 3970 gloriae
2028 3898 2392 3954 Mouocerotis
2416 3897 2675 3953 Christus
2700 3900 2976 3969 particeps
3007 3910 3147 3966 erat,
3172 3916 3238 3955 eo
3264 3904 3409 3972 quod
3435 3911 3625 3957 cuncta
3652 3898 3871 3955 divinita-

638 3993 711 4048 tis
748 3994 913 4061 copia
952 3991 1006 4044 in
1040 4004 1107 4046 eo
1146 3988 1426 4045 residebat
1465 3989 1847 4060 corporaliter,
1902 3995 2048 4046 sicut
2094 3987 2394 4059 Apostolus
2424 3986 2492 4051 “,
2550 3995 2603 4040 et
2635 3988 2804 4040 unico
2854 4002 3026 4042 cornu
3054 3986 3411 4043 innuebatur.
3463 3988 3565 4056 Qui
3597 4004 3743 4060 porro
3771 3985 3869 4041 telis

638 4079 1017 4148 spiritualibus
1052 4076 1313 4131 Satanam
1339 4088 1393 4132 et
1415 4086 1584 4131 totam
1613 4078 1789 4148 ipsius
1810 4082 2096 4132 cohortem
2123 4072 2482 4130 daemonicam
2517 4072 2723 4127 invicta
2748 4087 2846 4129 sua
2878 4075 3119 4144 potentia
3151 4074 3484 4147 proﬂigavit.
3519 4078 3688 4147 Atque
3707 4074 3871 4130 etiarn-

637 4181 769 4229 num
798 4165 1058 4236 gentibus
1094 4165 1283 4218 multis
1309 4163 1656 4230 dominatur,
1699 4178 1765 4219 ac
1806 4178 2000 4218 earum
2032 4163 2341 4218 crassitiem
2397 4174 2593 4214 sensus
2624 4169 2757 4230 puta
2804 4161 3063 4217 carnales
3106 4164 3383 4234 depascit,
3422 4180 3495 4225 ac
3527 4165 3592 4219 ad
3619 4173 3867 4234 angustam

636 4254 781 4308 viam
814 4252 943 4306 vitae
978 4261 1198 4307 aeterna:
1229 4251 1459 4306 idoneos
1488 4251 1703 4320 redigit.
1737 4250 1840 4317 Qui
1873 4251 2103 4320 insuper
2143 4246 2630 4320 (quemadmodum
2691 4247 2894 4320 inquit)
2937 4264 3061 4306 cum
3106 4252 3283 4307 leonis
3340 4269 3496 4309 more
3548 4252 3868 4312 recubuisset,

635 4341 867 4412 quievit,
900 4339 1007 4394 hoc
1038 4347 1146 4402 est,
1189 4337 1532 4393 iunctionem
1562 4354 1719 4394 suam
1754 4338 1831 4407 (id
1874 4338 2021 4393 enim
2054 4336 2138 4392 his
2163 4336 2344 4392 verbis
2376 4334 2567 4404 voluit)
2604 4336 2866 4406 suscepit.
2897 4336 3015 4404 Qua
3042 4347 3301 4411 tanquam
3330 4342 3552 4413 regulus
3584 4340 3765 4411 aliquis
3788 4354 3867 4392 ne-

638 4429 786 4483 mine
819 4428 996 4495 ipsum
1032 4426 1365 4498 prohibente
1397 4425 1661 4481 audacter
1692 4425 1984 4497 imperium
2011 4433 2100 4482 est
2131 4435 2381 4479 venatus.
2419 4421 2591 4488 Quem
2623 4422 2718 4492 qui
2749 4431 3016 4495 tanquam
3045 4426 3215 4481 Deum
3242 4430 3576 4499 suspiciunt,
3609 4436 3660 4481 et
3687 4424 3866 4482 doctri-

637 4530 761 4569 nam
792 4515 965 4585 ipsius
990 4524 1330 4576 reverentur,
1366 4528 1474 4567 non
1518 4522 1629 4567 tam
1663 4513 1844 4568 verbis
1864 4527 2031 4583 quam
2062 4512 2229 4568 rebus
2265 4509 2401 4579 ipsis
2445 4507 2542 4563 Dei
2576 4508 3024 4568 benedictionem
3056 4515 3391 4582 sortiuntur,
3426 4532 3489 4573 ac
3509 4516 3740 4585 quotidie
3765 4527 3864 4566 cre-

635 4613 822 4669 scunt,
855 4619 917 4657 ac
942 4611 1216 4673 augentur
1244 4602 1429 4658 verius
1459 4617 1522 4656 ac
1559 4601 2031 4673 magniﬁcentius,
2055 4599 2211 4669 juxta
2236 4597 2368 4655 illud
2403 4614 2416 4649 :
2451 4615 2469 4647 ι
2508 4594 2757 4653 Crescite
2794 4607 2850 4654 et
2886 4601 3333 4671 multiplicamini
3368 4607 3437 4660 ".
3486 4623 3505 4657 ι
3545 4601 3863 4671 Quemadmo-

634 4690 764 4746 dum
792 4706 823 4745 e
855 4702 1044 4745 contra
1071 4705 1181 4745 non
1216 4690 1398 4745 minus
1424 4688 1631 4765 Judaeis
1661 4705 1785 4744 cum
1823 4689 1973 4743 hunc
2003 4688 2274 4744 exsecrati
2297 4696 2506 4750 essent,
2537 4688 2767 4743 accidit.
2799 4688 3277 4756 Quemadmodum
3314 4696 3449 4751 huic
3481 4713 3692 4767 quoque
3731 4693 3866 4747 Balac

637 4780 885 4850 contigit,
922 4780 1016 4850 qui
1044 4794 1169 4834 cum
1195 4778 1334 4832 diris
1370 4778 1639 4834 devovere
1669 4777 1834 4833 vellet
1874 4777 2155 4843 Israelem,
2179 4775 2592 4849 exspectatione
2624 4777 2831 4849 magica
2894 4780 2947 4834 in
2985 4782 3165 4851 ipsum
3221 4799 3514 4853 conversa,
3542 4779 3863 4841 exsecrationi

635 4868 814 4923 factus
834 4875 920 4922 est
950 4867 1245 4922 obnoxius.

705 4984 880 5036 Porro
920 4982 1036 5036 haec
1065 4981 1351 5051 pr0phetia
1396 4996 1492 5051 per
1527 4980 1713 5034 omnia
1745 4979 1939 5036 Jacobi
1976 4981 2213 5051 prophe-
2243 4987 2285 5045 (ζ

2244 4987 2285 5045 c
2390 4980 2696 5051 Παρέοικεν
2715 4980 2858 5052 αὓτη
2885 4982 2951 5053 τῇ
2978 4981 3074 5035 τοῦ
3097 4982 3297 5036 Ἰακὼϐ
3318 4982 3640 5055 προφητείᾳ.
3663 4979 3745 5051 Τῷ
3763 4977 3859 5048 μὲν.

637 5075 724 5128 tie
754 5073 1071 5143 respondet,
1106 5073 1255 5126 velut
1311 5073 1415 5126 hoc
1444 5089 1458 5125 :
1498 5091 1516 5123 ι
1551 5072 1629 5126 Ex
1663 5072 1911 5143 germine
1960 5087 2104 5138 meo,
2140 5071 2215 5127 ﬁli

2326 5090 2344 5123 ι
2367 5071 2464 5127 Ἐκ
2484 5073 2719 5145 βλαστοῦ
2741 5091 2866 5145 μου,
2886 5074 2971 5128 υἱέ
2992 5092 3120 5147 μου.
3134 5076 3358 5147 ἀνέσης,
3372 5096 3390 5129 ι
3404 5073 3859 5144 τὸμεἙξελεύσετιι

635 5162 731 5223 mi,
771 5160 1075 5215 ascendisti
1103 5158 1151 5191 “
1185 5176 1197 5211 :
1236 5178 1253 5211 ι
1285 5159 1359 5225 ei,
1404 5160 1647 5230 prodibit
1705 5176 1773 5215 ex
1818 5163 2031 5218 semine
2073 5162 2214 5234 ejus,

2319 5165 2385 5219 ὲκ
2414 5167 2510 5222 τοῦ
2533 5169 2852 5241 σπέρματος
2881 5168 3074 5235 αὐτοῦ,
3104 5189 3122 5221 ι
3162 5168 3322 5240 δῆλον
3350 5171 3407 5223 δὲ
3437 5171 3516 5223 ὅτι
3553 5166 3644 5221 τοῦ
3665 5161 3859 5219 Ἰακώϐ·

794 5284 834 5379 ll
873 5294 1052 5350 Paral.
1089 5310 1188 5379 lxx,
1217 5293 1326 5379 ξολ
1422 5294 1466 5326 ⁸⁸
1508 5295 1670 5379 Ῑξρλη.
1708 5297 1928 5379 31L“.
2037 5299 2082 5331 δ’
2122 5298 2319 5379 Ezech.

2226 5302 2319 5357 :ch.
2354 5319 2545 5375 χχχιχ,
2586 5308 2609 5362 I
2641 5323 2795 5379 seqq.
2860 5315 2863 5317 ’
2911 5307 2955 5339 ⁸⁸
2989 5307 3137 5363 Psal.
3173 5323 3321 5376 ιλιι,
3347 5310 3400 5363 6.
3511 5308 3554 5337 ⁸³
3586 5306 3681 5360 lsa.
3714 5298 3841 5361 uni

634 5367 682 5399 “
713 5367 930 5423 Culoss.
986 5383 1044 5433 ιι,
1087 5371 1140 5421 9.
1216 5367 1262 5397 “
1288 5365 1425 5419 Cen.
1464 5381 1503 5430 ι,
1536 5366 1628 5421 28.
1705 5368 1751 5401 ⁸⁸
1782 5367 1920 5423 Gen.
1958 5385 2107 5436 xux,
2133 5372 2186 5423 9.

2136 5485 2365 5545 NOTAE.

670 5574 830 5660 ’(Ἱθ),
867 5572 1078 5660 Οὐχίξις
1112 5573 1244 5629 Θεὸν
1276 5574 1431 5639 εἰδὼς
1454 5575 1482 5627 ὁ
1514 5575 1699 5631 Βαλάκ
1729 5593 1743 5609 ⁶
1770 5577 1829 5631 οὐ
1855 5576 1987 5650 γὰρ,
2018 5596 2105 5633 κτ.
2159 5580 2216 5633 '0
2392 5581 2637 5660 Καὶ-μὲν
2668 5582 3040 5660 τοὺςηθυέεσσι
3071 5586 3167 5640 καὶ
3196 5588 3437 5660 εὐχωλῇς
3471 5587 3710 5660 ἀγανῇσι.

636 5645 1107 5728 τῆέᾼῦῖ-,κὼδοη
1243 5714 1256 5728 ,
1336 5716 1360 5727 _
1706 5717 1717 5728 _
1869 5645 1876 5647 ﬁ
1933 5645 1945 5650 ”
1970 5721 1984 5728 _
2021 5721 2101 5728 ___
2121 5719 2135 5728 .
2394 5645 2566 5728 ᾼοιὸῇ
2594 5670 2675 5718 τε,
2714 5645 2911 5728 κνίσσῃ
2941 5672 3021 5722 τε,
3050 5645 3459 5728 παρατρὼπῶσ’
3488 5645 3742 5726 Momm:

702 5714 814 5802 (till)
846 5715 1035 5802 Λέγῳχ
1064 5714 1119 5800 δε
1138 5714 1265 5786 περὶ
1295 5716 1402 5769 τῶν
1423 5717 1832 5789 νενομισμένων
1853 5721 1985 5791 παρ’
2020 5719 2213 5794 Ἕλλη.
2391 5714 2738 5802 ᾼισσὸμενοι,
2763 5726 2853 5802 (ira
2881 5714 3372 5802 ¥€v_rt;_dnepbﬁn
3408 5729 3494 5783 καὶ
3515 5714 3736 5802 ᾁεέᾴρτῃ.
3754 5787 3768 5796 .

632 5786 933 5869 σινιρζατ.
976 5786 1184 5869 'Qabt.
1255 5858 1267 5869 .
1311 5859 1361 5869 Μ
1597 5856 1619 5869 Δ
1654 5786 1699 5869 λ
1786 5858 1797 5869 .
1882 5860 1893 5869 -
1935 5786 1944 5791 ’
2172 5786 2184 5794 ’
2367 5786 2677 5869 fonnem
2703 5794 2847 5865 στίχ.
2890 5796 3018 5866 495,
3068 5786 3378 5869 195,196.,
3445 5799 3532 5853 καὶ
3557 5786 3802 5859 ’ίυπτῆἑ
3839 5791 3850 5841 l

697 5858 811 5925 (3|)
840 5872 858 5891 ο
901 5872 917 5890 ·
958 5871 972 5887 ο
1011 5856 1276 5929 Στρεπτοὶ
1307 5859 1363 5912 δέ
1386 5875 1445 5911 τε
1476 5858 1570 5912 καὶ
1595 5856 1709 5913 Θεοὶ
1740 5858 1913 5914 αὐτοί.
2366 5856 2529 5918 1).ιᾶ6.
