4090 6498
240 380 347 444 863

1329 388 1869 456 COMMENTARII
1904 394 1987 455 IN
2023 393 2419 457 NUMEROS.

3406 402 3514 466 870

238 492 316 561 τῷ
344 491 426 554 δὲ.
466 509 485 542 ι
520 490 694 556 Αύτὺς
719 490 875 547 ἔσται
918 493 1219 566 προσδοκία
1248 496 1441 563 ὲθνῶν,
1484 517 1503 551 ι
1541 500 1622 566 τὸ,
1664 518 1684 553 ‹
1709 501 1818 556 Kal

1927 500 2113 558 Jacobi
2169 510 2321 572 puta.
2374 500 2513 555 Huic
2562 515 2711 564 vero,
2765 522 2783 554 ι
2832 501 2952 573 Ipse
3008 504 3116 559 erit
3162 516 3511 578 exspectatio

238 584 523 655 κυριεύσει
558 584 729 639 ὲθνῶν
760 586 973 640 πολλῶν
994 604 1007 617 θ
1049 606 1069 639 ι
1101 589 1194 642 καὶ
1225 589 1327 660 τῷ,
1367 608 1387 642 r
1421 590 1489 645 Al
1520 593 1702 663 χεῖρές
1729 609 1825 647 σου

238 679 423 732 ἐπάνω
473 678 583 732 τῶν
636 678 849 750 ἐχθρῶν
897 696 1013 747 σου,
1049 700 1067 733 ι
1115 681 1197 746 τὸ,
1254 700 1274 733 ‹
1314 684 1425 736 Kal.
1466 683 1646 739 ἔδεται
1692 685 1821 754 ἔθνη

239 770 451 840 ἐχθρῶν
498 770 686 825 αὐτοῦ.
728 792 746 823 ι
800 772 930 838 Kal,
968 794 986 825 ι
1015 776 1152 837 Ταῖς
1183 774 1391 844 βολίσιν
1444 772 1614 830 αὑτοῦ
1653 794 1824 831 κατα-

239 861 483 927 τοξεύσει
535 863 782 935 ἐχθρῶν·
834 884 851 916 ι
905 865 1001 918 καὶ
1064 865 1162 937 τῷ,
1221 883 1240 916 ι
1291 865 1541 936 Σκύμνος
1610 867 1824 932 λέοντος

251 954 439 1013 Ἰούδα.
478 974 497 1005 ι
535 956 631 1008 καὶ
672 956 741 1009 τὰ
769 955 920 1026 ἑξῆς,
954 957 1023 1009 τὰ
1066 957 1311 1027 παρόντα
1341 957 1528 1022 πάλιν,
1577 957 1654 1023 ὡς
1697 961 1822 1033 περὶ

237 1044 467 1108 λέοντος.

1928 595 2172 665 gentium
2203 595 2295 660 ‘7;
2352 611 2372 644 ι
2413 592 2563 648 hoc:
2628 615 2650 647 ‹
2686 593 2753 648 Ει
2819 597 3197 653 dominabitur
3250 601 3510 669 gentibus

1926 687 2328 757 compluribus.
2372 706 2389 738 ι
2454 687 2593 742 Huic
2645 689 2822 743 item:
2884 707 2902 740 ε
2938 688 3134 746 Manus
3190 699 3299 745 tua:
3341 708 3509 762 supra

1928 778 2115 834 hostes
2155 786 2281 834 tuos
2312 778 2397 844 ul;
2435 797 2451 830 ι
2492 779 2595 835 hoc
2626 796 2642 832 :
2682 798 2701 831 ι
2741 778 3015 851 Deglutiet
3045 791 3235 850 gentes
3262 781 3507 837 hostium

1928 869 2070 939 ejus.
2107 888 2125 919 ι
2162 867 2225 922 Et
2256 887 2268 923 :
2302 889 2319 920 ι
2344 870 2493 924 'l‘elis
2524 871 2644 939 ejus
2681 871 2963 927 confodiet
3020 873 3263 927 hostem.
3303 892 3322 925 ι
3377 873 3507 928 Item

1930 960 2098 1015 huic:
2152 978 2169 1011 t
2204 960 2437 1016 Catulus
2489 961 2859 1039 leonisJuda,
2891 983 2909 1015 ι
2957 975 3010 1019 et
3060 982 3181 1036 quae
3220 964 3505 1036 deinceps.

1928 1050 2061 1106 Item
2117 1067 2240 1120 qua:
2298 1054 2352 1106 in
2410 1055 2988 1126 praesenti,tanquam
3040 1055 3107 1110 de
3166 1057 3321 1112 leone
3366 1058 3504 1129 hoc,

237 1137 517 1193 Christum
579 1139 1069 1204 condemnaturum
1112 1155 1235 1198 esse
1295 1154 1502 1215 gentes.
1547 1143 1677 1201 Item
1715 1146 1856 1217 quod
1917 1144 2214 1201 Zacharias
2276 1146 2913 1206 dicitl‘liusurrecturos
2978 1150 3230 1222 inquiens
3301 1151 3504 1207 liberos

237 1226 548 1282 Graecorum
577 1236 631 1282 et
655 1228 769 1283 fore
802 1228 967 1283 duces
1006 1228 1194 1295 lsrael,
1230 1238 1488 1303 tanquam
1525 1233 1699 1289 facem
1727 1234 1938 1304 igneam
1971 1250 2092 1305 quae
2120 1245 2403 1305 grassatur
2436 1236 2487 1289 in
2519 1237 2713 1306 paleis.

311 1336 378 1388 Ἀ
409 1334 647 1400 ποιήσει
681 1334 877 1401 όλαὸς
907 1354 1086 1404 ουτος
1110 1336 1188 1404 τῷ
1209 1339 1336 1406 λαῷ
1366 1358 1505 1405 σου,
1523 1341 1615 1395 ἐπ’
1636 1340 1821 1409 ἐσχά-

235 1447 341 1483 του
381 1426 500 1482 τῶν
526 1427 784 1498 ἡμερῶν.
817 1428 959 1483 Ἀλλ’
990 1430 1051 1482 ού
1088 1432 1228 1502 μόνα
1255 1432 1325 1485 τὰ
1349 1433 1480 1498 περὶ
1509 1431 1820 1486 Μωαϐιτῶν

232 1524 405 1591 λέγει,
432 1523 569 1577 ἀλλὰ
604 1522 672 1575 τὰ
708 1522 836 1592 περὶ
887 1524 1108 1577 πάντων
1150 1524 1480 1593 ἀνθρώπων,
1524 1525 1819 1595 πρόσωπον

237 1618 338 1687 μὲν
366 1616 549 1668 λαϐὼν
595 1615 657 1669 τὸ
688 1615 1077 1687 προκείμενον,
1127 1618 1186 1669 ἐν
1211 1616 1362 1689 αύτῷ
1391 1618 1450 1672 δὲ
1486 1618 1545 1672 τὸ
1588 1618 1818 1672 καθόλου

233 1707 545 1780 προδηλῶν.

1998 1344 2132 1410 Quae
2165 1345 2325 1412 faciet
2358 1347 2585 1415 populus
2619 1348 2709 1403 ille
2752 1348 2944 1417 popula
2974 1357 3089 1414 tuo,
3117 1349 3366 1403 extremis
3397 1349 3511 1403 die-

1928 1435 2045 1493 bus.
2072 1434 2286 1507 [XXIV,
2311 1437 2425 1510 14.]
2448 1438 2812 1509 Hieronymus
2835 1441 2996 1496 habet
3026 1460 3039 1496 :
3066 1459 3085 1491 ι
3117 1440 3354 1511 Populus
3386 1450 3509 1494 tuus

1926 1526 2281 1595 populolmic.
2311 1529 2511 1583 Verum
2539 1530 2653 1584 haec
2690 1546 2797 1585 non
2828 1533 2895 1586 de
2917 1531 3172 1588 Muabitis
3205 1532 3383 1586 solum
3415 1532 3503 1585 di-

1927 1619 2023 1683 cit,
2056 1618 2153 1674 sed
2176 1619 2244 1683 de
2266 1620 2525 1675 omnibus
2549 1622 2888 1678 hominibus.
2918 1625 3254 1679 Prmsentem
3282 1621 3505 1693 quidem

1935 1725 2119 1765 rerum
2156 1709 2352 1766 faciem
2389 1720 2640 1781 usurpat,
2673 1712 2728 1768 in
2763 1729 2825 1769 ea
2859 1730 2989 1770 vero
3019 1728 3272 1770 cunctam
3305 1713 3507 1770 seriem

1928 1801 2240 1858 adumbrat.

307 1890 598 1946 Ostendam
628 1890 697 1953 ei.
734 1889 825 1945 sed
859 1907 964 1944 non
993 1907 1130 1945 nunc
1171 1890 1285 1957 beo,
1315 1890 1405 1946 sed
1429 1909 1533 1946 non
1565 1909 1725 1963 prope
1753 1901 1851 1947 est.
1885 1891 2024 1965 [17.]
2059 1891 2469 1963 Hieronymus:
2510 1893 2730 1959 Videbo,
2759 1896 2936 1963 illum,
2965 1895 3055 1949 sed
3080 1912 3181 1950 non
3213 1894 3391 1959 modo,
3425 1896 3506 1965 in:

237 1978 425 2033 tuebor
452 1978 629 2042 illum,
660 1979 750 2031 sed
780 1996 882 2032 non
918 1995 1102 2048 prope.
1138 1978 1359 2034 Orietur
1389 1980 1547 2034 stella
1594 1995 1659 2033 ea:
1691 1977 1879 2033 Iacob.
1915 1980 2024 2036 Hac
2059 1984 2370 2053 prophetia,
2399 1984 2625 2038 tradunt
2653 1970 2925 2041 exeitatos
2962 1984 3204 2039 Balaami
3247 1994 3501 2055 posteros

234 2068 513 2136 (servasse
547 2068 693 2119 enim
733 2067 877 2135 apud
915 2083 972 2119 se
1005 2081 1104 2136 par
1125 2068 1229 2137 est)
1261 2082 1383 2121 cum
1413 2066 1692 2122 vidissent
1725 2069 1958 2122 alienam
1991 2085 2052 2123 ac
2084 2070 2363 2124 insolitam
2401 2071 2627 2126 stellam
2644 2073 3179 2142 perpendiculariter
3211 2088 3377 2144 supra
3405 2071 3504 2129 Ju-

233 2155 407 2210 dteam
441 2156 726 2208 immotam
768 2163 938 2219 stare,
977 2156 1197 2210 venisse
1226 2156 1557 2227 inquisitum
1591 2157 1897 2210 indicatum
1932 2156 2085 2211 illum
2125 2173 2332 2229 regem,
2367 2159 2835 2229 quemadmodum
2887 2159 3179 2215 Matthzeus
3234 2161 3289 2215 in
3316 2159 3503 2215 Evan-

233 2243 381 2315 gelio
422 2242 666 2313 prodidit
691 2242 759 2296 ".

314 2329 457 2383 Ἀλλ’
485 2329 579 2383 ἐπὶ
603 2331 671 2399 τῇ
695 2328 792 2381 τοῦ
816 2328 1023 2397 ἄστρου
1060 2330 1282 2401 ἐπιτολῇ
1320 2329 1550 2401 θραῦσιν
1572 2329 1815 2394 ἔσεσθαι,

1995 2331 2195 2387 Verum
2227 2336 2511 2392 enimvero
2561 2338 2733 2392 stella:
2765 2336 2934 2407 hujus
2960 2346 3139 2391 ortum
3186 2351 3500 2398 cessurum,

232 2421 388 2492 φησι,
412 2419 509 2472 τοῦ
548 2418 724 2472 Μωόιϐ
743 2434 758 2449 ο
788 2417 882 2483 οὓς
912 2420 1033 2473 κατ’
1068 2420 1203 2473 ἰδίαν
1229 2420 1535 2491 ὠνόμασεν,
1561 2420 1637 2484 ὡς
1668 2422 1818 2473 ἀντι-

231 2511 583 2575 καθεστῶτας
615 2511 737 2564 τότε
786 2511 865 2581 τῷ
897 2513 1133 2583 Ἰσραὴλ,
1172 2512 1267 2566 καὶ
1307 2514 1390 2566 ὅτι
1430 2516 1542 2574 τοῖς
1577 2512 1817 2575 εἰδώλοις

228 2605 415 2661 αὐτῶν
448 2602 820 2673 ἀκολουθήσας
855 2605 1050 2670 όλαὺς,
1090 2603 1348 2676 ἐτελέσθη
1380 2604 1457 2676 τῷ
1491 2602 1817 2674 Βεελφεγὼρ

229 2699 341 2770 θεῷ
373 2699 467 2753 τοῦ
508 2698 703 2753 Μωάϐ.
752 2698 843 2751 Διὸ
876 2698 969 2751 καὶ
1010 2699 1291 2771 ἀρχηγοὺς
1321 2698 1489 2751 αὑτοῦ
1523 2699 1649 2761 τοὺς
1684 2697 1817 2769 παρ’

228 2792 398 2847 αὑτοῦ
449 2792 791 2862 τιμωμένους
838 2789 1075 2860 ἐδήλωσε
1116 2790 1399 2861 δαίμονας,
1451 2791 1540 2843 ὅτε
1588 2790 1682 2844 καὶ
1731 2788 1819 2855 ἐξ·

225 2885 572 2953 επόρνευσαν
597 2885 679 2948 είς
698 2884 797 2947 τὰς
829 2883 1203 2947 Μωαϐίτιδας.
1226 2884 1317 2937 Διὸ
1351 2883 1685 2956 προφητεύει
1717 2884 1818 2955 τὴν

226 2978 313 3040 είς
343 2976 660 3030 τούναντίον
698 2974 809 3031 τῶν
856 2976 1203 3047 πραγμάτων
1247 2976 1573 3046 μεταϐολὴν,
1603 2975 1819 3039 δεικνὺς

225 3068 359 3132 τοὺς
386 3068 913 3139 μεγαλαυχήσαντάς
942 3083 1075 3120 ποτε
1117 3065 1264 3121 κατὰ
1299 3066 1393 3120 τοῦ
1439 3066 1659 3140 Ἰσραὴλ
1696 3066 1818 3120 δαί-

230 3177 403 3231 μονας
456 3161 566 3214 τῶν
622 3158 931 3213 Μωαϐιτῶν
980 3160 1074 3211 ἐπὶ
1115 3157 1209 3212 τοῦ
1273 3157 1562 3229 μέλλοντος
1615 3157 1815 3229 ἄστρου

229 3252 464 3323 θραῦσιν
507 3252 719 3306 παθεῖν.
767 3246 868 3305 Ὧν
905 3252 1173 3314 πεσόντας
1220 3251 1347 3313 τοὺς
1399 3251 1552 3313 υἱοὺς
1584 3251 1692 3321 Σὴθ
1724 3250 1818 3305 καὶ

242 3344 423 3414 Ἐδῶμ
459 3346 557 3399 καὶ
601 3343 800 3412 Ἡσαῦ,
849 3344 944 3396 καὶ
978 3343 1157 3395 πάντα
1201 3342 1270 3395 τὰ
1302 3341 1433 3411 ἔθνη
1476 3342 1564 3396 διὰ
1610 3341 1817 3396 τούτων

228 3434 565 3506 δηλούμενα,
609 3433 810 3502 μᾶλλον
852 3432 909 3486 δὲ
963 3433 1173 3494 πάντας
1230 3432 1327 3503 μὲν
1361 3432 1690 3504 ἀνθρώπους
1730 3431 1818 3485 διὰ

228 3526 342 3579 τῶν
384 3525 519 3579 υἱῶν
566 3526 672 3597 Σὴθ
715 3526 1005 3595 ἐδήλωσεν,
1042 3524 1149 3595 ίδία
1181 3524 1236 3576 δὲ
1288 3526 1415 3588 τοὺς
1461 3524 1815 3593 Ἰδουμαίους,

229 3618 362 3673 ἐπεὶ
391 3619 484 3674 τὸν
523 3618 685 3673 αὑτὸν
715 3618 919 3689 τρόπον
968 3615 1424 3690 προσηνέχθησαν
1468 3616 1547 3686 τῷ
1574 3616 1814 3688 Ἰσραήλ.

1929 2425 2126 2494 inquit,
2155 2426 2209 2480 in
2241 2429 2456 2481 ruinam
2484 2428 2872 2492 Moabitarum,
2894 2445 3034 2499 quos
3061 2430 3292 2484 seorsim
3325 2429 3508 2483 nomi-

1926 2524 2076 2573 navit
2103 2519 2249 2587 quod
2284 2530 2415 2573 tunc
2449 2521 2710 2588 temporis
2734 2527 2925 2574 contra
2980 2519 3236 2576 Israelem
3273 2524 3504 2582 starent,

1924 2619 1979 2665 ct
2010 2613 2154 2681 quod
2196 2612 2245 2665 id
2281 2612 2426 2665 idola
2468 2613 2715 2682 ipsorum
2755 2620 3000 2667 sectatus
3046 2613 3282 2683 p0pulus
3328 2610 3507 2666 sacri-

1926 2704 2146 2760 ﬁcasset
2174 2704 2412 2775 Beelphe
2448 2705 2809 2761 Moabitarum
2861 2705 2991 2760 Deo.
3028 2705 3181 2760 Unde
3230 2713 3286 2760 et
3338 2707 3506 2759 duces

1926 2812 2115 2850 eorum
2167 2811 2231 2851 ac
2287 2798 2483 2852 heroas
2505 2798 2599 2865 qui
2656 2798 2709 2851 in
2744 2799 2963 2852 sitmmo
3010 2799 3185 2868 pretio
3229 2804 3372 2868 apud
3412 2815 3507 2854 eos

1925 2895 2106 2951 erant,
2135 2890 2360 2958 quando
2396 2888 2657 2941 lsraelita:
2693 2902 2818 2940 cum
2879 2885 3193 2943 Monbitidis
3247 2889 3505 2943 fornicati

1927 2986 2079 3039 sunt,
2137 2975 2439 3044 expressit.
2487 2973 2762 3040 Quocirca
2798 2990 2983 3029 rerum
3026 2978 3080 3031 in
3137 2978 3293 3048 pejus
3340 2977 3507 3033 devo-

1926 3068 2189 3121 lutionem
2233 3066 2592 3131 vaticinatur,
2625 3075 2680 3121 et
2718 3069 2960 3121 ostendit
3008 3067 3367 3125 Moabitarum
3410 3070 3507 3127 he-

1928 3172 2077 3224 roas,
2107 3157 2202 3226 qui
2241 3157 2511 3212 lsrrelitis
2553 3158 2682 3211 olim
2727 3159 2965 3227 superbe
3002 3160 3393 3216 insultaverint
3447 3164 3506 3217 in

1924 3259 2046 3303 ortu
2103 3248 2302 3303 futurae
2352 3250 2526 3302 stellae
2576 3250 2922 3320 collapsnros
2972 3268 3117 3316 esse,
3169 3262 3223 3307 et
3268 3268 3391 3307 cum
3423 3256 3505 3309 eis

1924 3340 2067 3396 ﬁlios
2102 3341 2259 3404 Seth,
2293 3340 2487 3401 Edam.
2523 3340 2695 3407 Esau,
2719 3350 2773 3396 et
2806 3358 2996 3398 omnes
3021 3346 3161 3399 alias
3188 3354 3378 3414 gentes
3408 3363 3507 3415 per

1926 3436 2048 3490 illas
2074 3435 2438 3505 signiﬁcatas.
2466 3432 2612 3501 Quin
2644 3437 2758 3491 imo
2784 3450 2976 3491 omnes
3003 3438 3252 3492 homines
3281 3441 3506 3496 nomine

1928 3526 2166 3581 ﬁliorum
2200 3525 2331 3581 Setli
2388 3528 2623 3598 intelligi
2664 3529 2857 3581 voluit.
2893 3530 3166 3599 Imprimis
3208 3548 3335 3586 vero
3381 3532 3506 3588 ldu-

1930 3633 2093 3671 mazos
2128 3618 2220 3686 qui
2272 3618 2461 3671 eodem
2496 3619 2659 3673 modo
2709 3620 2774 3673 ad
2832 3619 3091 3675 Israelem
3128 3631 3258 3677 sunt
3316 3625 3503 3680 tlel..ti.

232 3711 453 3776 Πάντας
491 3705 588 3766 οὖν
627 3727 761 3781 φησι
810 3710 913 3781 τῆς
964 3710 1099 3773 ἰδίας
1149 3708 1458 3762 παύσεσθαι
1492 3708 1818 3780 δεισιδαιμο-

1927 3707 2129 3765 Omnes
2170 3711 2335 3778 igitur
2374 3710 2555 3780 inquit
2594 3727 2623 3765 a
2654 3727 2752 3766 sua
2808 3715 3200 3783 superstitione
3244 3724 3298 3772 et
3341 3718 3506 3790 [.22

228 3803 377 3857 νίας.

308 3821 326 3855 ι
363 3841 377 3857 .

308 3821 601 3967 ἱζέμνηται
661 3897 757 3950 καὶ
822 3894 918 3949 τοῦ
974 3894 1258 3966 Ἀμαλὴκ,
1310 3894 1387 3957 ὡς
1441 3894 1685 3958 ἐλθόντος
1737 3892 1816 3964 τῷ

244 3990 470 4061 Ἰσραὴλ
520 3990 820 4061 πρότερον,
878 3988 977 4043 καὶ
1048 3987 1366 4058 νικηθέντος
1434 3987 1655 4040 ἐκτάσει
1709 3986 1818 4040 τῶν

229 4083 517 4144 ιΙωῦσέως
549 4082 769 4152 χειρῶν.

1925 3802 2201 3871 impietate
2236 3816 2359 3855 esse
2390 3801 2706 3856 destitutos.

1993 3893 2220 3949 Necnon
2297 3911 2426 3950 vero
2485 3896 2927 3951 Amalecitarum
3012 3901 3263 3955 meminit
3317 3912 3507 3973 utpote

1924 4003 2114 4041 eorum
2146 3987 2238 4057 qui
2276 3986 2530 4041 Israelem
2569 3998 2695 4042 ante
2746 3989 3087 4056 invaserant,
3121 4003 3174 4046 et
3207 3994 3277 4048 ab
3316 4008 3380 4049 eo
3407 4010 3507 4049 ex-

1927 4078 2179 4135 tensione
2218 4094 2480 4132 manuum
2513 4078 2681 4134 Mosis
2712 4080 2839 4134 victi
2881 4092 3061 4136 erant.

313 4172 557 4227 Meminit
584 4172 711 4225 item
736 4169 894 4225 Cinei
924 4170 1017 4240 qui
1062 4184 1281 4238 semper
1312 4168 1569 4224 infensus
1605 4167 1708 4223 fuit
1739 4170 1964 4240 populo,
2000 4172 2094 4240 qui
2133 4170 2397 4226 aﬂiuitate
2440 4187 2659 4242 quoque
2697 4173 2929 4242 junctus
2976 4175 3079 4230 fuit
3108 4175 3267 4242 Mosr,
3305 4196 3502 4247 quern-

234 4258 534 4317 admodum
570 4273 637 4313 ex
690 4257 847 4312 libris
899 4255 1156 4311 Judicum
1195 4256 1263 4311 de
1310 4256 1586 4311 Cbaberto
1617 4254 1791 4312 Cineo
1839 4259 1935 4329 qui
1991 4276 2141 4315 unus
2189 4261 2428 4314 tiliorum
2481 4259 2656 4317 Johab
2713 4264 2892 4318 soceri
2943 4263 3112 4321 Mosis
3154 4275 3297 4332 erat,
3350 4285 3505 4325 asse-

230 4362 391 4406 runt.

322 4438 613 4503 Ἐξέτεινε
646 4436 762 4504 τὴν
797 4434 1041 4502 σκηνὴν
1070 4434 1257 4488 αὑτοῦ
1286 4432 1396 4500 ἕως
1431 4435 1667 4489 Βασωνὶ
1705 4434 1811 4504 τῆς

226 4530 399 4600 παρὰ
431 4530 546 4598 τὴν
588 4528 793 4594 Κεδές.
841 4526 1091 4596 Κατέσχε
1138 4525 1247 4595 γὰρ
1290 4526 1457 4598 μέρος
1512 4527 1615 4592 τῆς
1655 4527 1816 4595 ἁγίας

223 4623 360 4692 γῆς,
394 4624 490 4675 καὶ
518 4620 611 4673 ἐπὶ
636 4620 771 4673 πολὺ
812 4619 1124 4691 παρέτεινε.
1164 4617 1253 4671 Διὸ
1281 4616 1428 4686 λέγει
1463 4619 1592 4689 περί
1626 4619 1812 4685 αὑτοῦ,

237 4735 261 4768 ι
304 4712 523 4785 ’ἰσχυρὰ
553 4716 586 4784 ἡ
617 4711 873 4767 κατοικία
915 4728 1031 4764 σου.
1065 4729 1083 4759 ι

1997 4435 2068 4489 Et
2130 4436 2363 4490 extendit
2424 4445 2708 4492 tentorium
2767 4457 2923 4494 suum
2982 4440 3276 4497 Baseanem
3343 4460 3523 4515 usque

1926 4536 2125 4582 terram
2158 4531 2306 4584 ultra
2337 4530 2532 4586 Gades.
2564 4530 2886 4587 Tenuerunt
2918 4534 3062 4587 enim
3100 4544 3309 4603 partem
3343 4543 3505 4589 terra:

1927 4629 2157 4679 sanctm.
2186 4632 2239 4675 et
2293 4624 2481 4692 aliquo
2516 4640 2694 4693 usque
2723 4626 2988 4680 extendit.
3019 4623 3176 4681 Unde
3207 4626 3275 4682 de
3317 4642 3384 4682 eo
3416 4628 3506 4682 di-

1929 4713 2005 4766 cit
2034 4731 2048 4767 :
2092 4737 2105 4759 ι
2149 4711 2341 4769 Valida
2372 4723 2458 4769 est
2499 4715 2769 4769 habitatio
2800 4724 2917 4769 tua.
2950 4733 2969 4766 ›

308 4803 505 4859 Omnia
534 4804 705 4876 igitur
743 4805 862 4858 loca
894 4802 1015 4872 ejus
1043 4802 1111 4857 de
1138 4816 1251 4873 quo
1280 4802 1622 4858 vaticinatur
1659 4804 1773 4860 fore
1802 4807 1959 4871 dicit,
1995 4814 2185 4877 utpote
2214 4808 2309 4877 qui
2338 4824 2400 4862 ea
2452 4824 2480 4862 a
2509 4819 2661 4879 patre
2690 4812 3047 4866 luereditario
3077 4820 3373 4881 acceperit,
3407 4829 3501 4883 qm

224 4894 305 4947 ad
338 4906 464 4946 eum
499 4891 681 4946 dicit:
721 4910 740 4944 ι
764 4890 991 4945 Postula
1023 4904 1053 4943 a
1078 4904 1189 4951 me,
1224 4897 1280 4944 et
1309 4890 1453 4945 dabo
1489 4891 1590 4945 tibi
1613 4905 1806 4962 gentes
1850 4896 2226 4951 luereditatem
2261 4908 2433 4960 tuam,
2476 4916 2492 4948 ι
2533 4901 2586 4953 in
2617 4916 2779 4969 quam
2806 4902 2854 4955 si
2891 4903 3073 4956 sancti
3101 4904 3502 4969 concesserint,

223 4981 306 5035 ab
334 4996 394 5034 ea
432 4980 712 5037 lsraelitas
747 4980 1033 5036 excisuros
1058 4991 1184 5033 esse
1213 4976 1575 5035 vaticinatur.
1622 4980 1760 5035 Dicit
1812 4983 1984 5054 igitur
2011 4993 2067 5040 et
2112 4985 2287 5041 Israel
2321 4989 2452 5042 totis
2496 4988 2708 5043 viribus
2748 4989 3003 5044 omnium
3060 4994 3359 5046 maximam
3397 4993 3501 5046 im-

223 5070 493 5138 pietatem
530 5068 780 5123 admisit.

308 5160 416 5213 Καὶ
452 5159 604 5230 ὲξεγε
618 5160 877 5232 ρθήσεται
922 5157 983 5223 ἐξ
1025 5155 1242 5212 Ἰακώϐ.
1275 5155 1372 5220 Τίς
1400 5148 1555 5219 οὗτος
1578 5198 1591 5220 ,
1631 5157 1659 5209 ό
1690 5173 1818 5228 προ¹

2003 5159 2352 5234 Quapropter
2379 5175 2637 5235 exsurget
2682 5167 2751 5222 ab
2792 5167 2894 5231 eis,
2931 5174 2983 5223 et
3024 5168 3325 5223 auferetur.
3360 5166 3500 5233 Quis

222 5251 605 5321 φητευόμενος
632 5249 726 5303 τοῦ
754 5248 892 5303 Θεοῦ
922 5248 1116 5317 Λόγος.
1138 5246 1264 5320 [Ὃς
1306 5246 1399 5300 καὶ
1434 5246 1684 5299 ἀπώλεσε
1717 5265 1817 5302 σω-

221 5345 461 5414 ζόμενον
506 5348 573 5399 ὲκ
600 5342 854 5431 πόλεως.]
888 5338 1058 5415 Οἶμαι
1098 5342 1156 5397 δὲ
1201 5342 1300 5414 τὴν
1336 5342 1691 5413 Ἰερουσαλὴμ
1736 5345 1821 5395 al-

222 5437 506 5492 νίττεσθαι
538 5438 650 5506 (82)
674 5454 689 5468 '
716 5437 776 5503 ἐξ
804 5432 872 5509 ἧς
902 5435 1069 5490 ῶλετο
1108 5435 1215 5498 πᾶς
1266 5432 1598 5504 σωζόμενος,
1650 5434 1683 5498 ἢ
1727 5436 1820 5488 καὶ

220 5529 298 5583 τὸ
322 5530 427 5583 ne,
448 5529 543 5583 τοῦ
575 5529 763 5593 ἔθνους
793 5527 971 5583 αὐτῶν
998 5526 1323 5597 πολίτευμα.

1927 5253 2060 5311 ille?
2089 5255 2409 5325 prtedictum
2446 5255 2533 5310 Dei
2574 5254 2836 5322 Verbum,
2876 5259 3024 5329 quod
3074 5258 3312 5330 perdidit
3352 5260 3498 5329 quod

1929 5360 1997 5399 ex
2031 5348 2166 5402 urbe
2214 5348 2408 5409 evasit,
2448 5344 2879 5419 Hierosolymam
2931 5352 3095 5403 tacite
3136 5349 3397 5412 innueus,
3435 5364 3500 5401 ex

1927 5452 2042 5507 qua
2085 5438 2252 5508 quicu
2273 5454 2418 5508 nque
2455 5437 2652 5502 evasit,
2698 5440 2878 5508 periit.
2931 5439 3192 5506 Quamvis
3236 5437 3506 5510 quidquid

1930 5544 1993 5584 ex
2030 5528 2191 5599 gente
2216 5544 2407 5585 eorum
2437 5539 2543 5594 est.
2571 5529 2768 5586 civitas
2798 5538 2902 5585 cst.

313 5644 355 5676 "
388 5645 588 5700 Cenes.
620 5659 768 5711 nix,
804 5644 889 5699 10.
968 5644 1012 5674 ⁸⁸
1047 5641 1180 5699 ibid.
1223 5642 1278 5698 8.
1356 5641 1399 5673 δ’
1426 5618 1660 5697 zachar.
1694 5658 1792 5710 ιιι,
1821 5642 1873 5698 6.
1952 5644 1999 5676 ⁸⁰
2031 5643 2226 5701 Matth.
2260 5661 2324 5711 tt,
2354 5645 2390 5699 2
2424 5661 2579 5718 seqq.
2660 5647 2701 5679 ⁸¹
2738 5644 2887 5701 Psal.
2917 5660 2980 5710 tt,
3020 5643 3074 5699 8.

1738 5735 1976 5796 NOTA‘S.

305 5806 419 5880 (82)
456 5808 855 5879 Λὶνιττόμενος.
885 5806 943 5859 '0
963 5805 1063 5877 τῆς
1093 5805 1226 5874 Λύγ.
1264 5804 1394 5860 mae.
