4090 6526
636 384 736 450 871
1938 379 2286 441 PROCOPII
2313 378 2550 440 GAZﬁl
3775 380 3865 444 872

710 501 985 556 Ca‘terum
1020 495 1195 552 stellae
1228 495 1555 568 mysterium
1598 493 1970 564 inspiciamus
2004 490 2350 547 accuratius.
2394 490 2454 545 ln
2487 490 2648 561 signa
2686 499 2742 544 et
2780 500 3028 562 tempora
3074 505 3268 546 omnes
3307 491 3504 547 stellas
3535 496 3736 562 positas
3761 514 3867 558 esse

641 587 814 644 tradit
868 587 1071 642 Moses.
1123 584 1522 642 Producuntur
1560 584 1711 639 extim
1747 583 1816 637 ad
1853 596 1943 636 res
1991 579 2467 651 exspectationem
2518 579 2807 634 hominum
2860 578 3133 651 fugientes
3184 579 3336 634 vultu
3387 578 3610 636 micanti
3655 581 3866 656 fulgores

642 675 952 738 stellarum,
980 688 1122 744 quas
1150 681 1352 729 vocant
1390 679 1658 733 cometas,
1695 669 1908 734 trabes,
1952 675 2006 722 et
2036 667 2258 731 barbas,
2292 678 2348 723 et
2386 667 2727 739 bujusmodi.
2767 669 2932 739 Atqui
2969 666 3286 724 Servatoris
3311 668 3471 723 stella
3505 669 3590 724 his
3639 676 3868 736 omnibus

643 762 924 819 recentior
952 761 1190 817 exstitit.
1223 762 1440 832 Quippe
1486 775 1611 830 quae
1642 759 1998 813 demonstrat
2041 771 2234 812 revera
2268 773 2530 829 magnum
2568 766 2626 814 et
2668 758 2959 827 spirituale
3001 758 3277 812 luminare
3318 757 3543 813 ctelitus
3576 758 3864 832 demissum,

645 858 822 906 totum
852 849 1042 905 orbem
1070 849 1384 904 illustrans.
1417 847 1559 914 Quid
1597 848 1749 903 enim
1786 855 1897 900 tam
1923 843 2279 915 magnificum
2310 851 2531 914 tamque
2555 843 2848 898 mirificum
2882 843 3025 897 inter
3059 843 3316 898 homines
3350 842 3564 899 factum
3596 846 3718 901 est?
3748 847 3868 905 Con-

645 947 862 993 suetum
893 952 1026 994 vero
1055 937 1361 1007 Scriptura:
1393 951 1568 992 sacrae
1598 942 1707 998 est.
1744 933 1912 990 simul
1953 947 2178 988 servare
2209 945 2434 1001 semper
2460 931 2682 1002 signum
2713 929 2863 1001 quod
2909 938 3142 1000 apparet
3171 946 3298 987 cum
3333 933 3695 1002 pronuntiato
3731 951 3870 1008 super

643 1039 714 1080 eo
740 1024 915 1086 edito,
959 1031 1015 1079 et
1049 1039 1276 1080 sensum
1327 1023 1705 1094 spiritualem,
1757 1021 1919 1092 cujus
1974 1021 2151 1092 gratia
2180 1021 2398 1091 signum
2440 1022 2682 1086 exsistit,
2733 1028 2794 1075 ut
2825 1019 3167 1075 narrationis
3209 1020 3609 1077 certitudinem
3633 1037 3870 1093 quantum

647 1123 832 1184 potest
861 1111 1109 1183 adjuvet.
1155 1112 1233 1166 lta
1265 1123 1566 1184 utrumque
1594 1111 1686 1167 hic
1714 1127 1937 1183 quoque
1969 1116 2055 1165 est
2108 1118 2498 1164 conservatum
2540 1107 2666 1180 ejus
2715 1108 2890 1164 stella
2927 1123 3050 1179 quae
3091 1108 3374 1179 apparuit,
3405 1125 3528 1179 quae
3581 1111 3872 1182 signiﬁcavit

647 1199 820 1254 Deum
847 1201 1071 1256 cmlitus
1097 1200 1536 1264 illuminantem,
1561 1215 1727 1270 quem
1758 1198 1924 1253 etiam
1953 1197 2232 1253 hominem
2265 1203 2489 1266 prepter
2511 1195 2883 1251 ministerium
2908 1196 3032 1266 ejus
3055 1195 3346 1266 prephetia
3378 1204 3566 1251 vocat.
3593 1195 3870 1256 Secundum

647 1287 1001 1344 divinitatem
1034 1291 1182 1344 enim
1215 1290 1426 1360 passim
1465 1291 1762 1352 orientem,
1797 1295 1852 1342 et
1891 1285 2098 1351 lumen,
2131 1292 2185 1338 et
2217 1283 2402 1339 Solem
2426 1284 2663 1355 iustitia:
2706 1274 2972 1355 appellat,
3009 1292 3200 1352 utpote
3243 1282 3337 1353 qui
3384 1283 3659 1338 illuminat
3685 1301 3870 1344 onmem

649 1376 931 1433 hominem
962 1377 1057 1446 qui
1092 1377 1145 1432 in
1180 1377 1445 1432 mundum
1476 1377 1650 1431 venit.
1687 1375 1847 1432 Unde
1884 1375 1939 1428 in
1975 1372 2238 1444 praesenti
2264 1385 2485 1442 quoque
2529 1372 2652 1427 loco
2681 1369 2902 1426 oriendi
2936 1370 3164 1426 verbum
3204 1379 3288 1425 est
3329 1369 3660 1426 adhibitum.
3701 1371 3872 1432 Huma-

651 1480 783 1521 num
813 1480 948 1521 vero
980 1473 1209 1536 propter
1240 1464 1563 1521 affectiones
1592 1478 1717 1534 quae
1747 1464 1802 1518 in
1832 1460 1973 1517 illud
2006 1460 2346 1524 inciderunt,
2376 1474 2475 1515 ceu
2507 1459 2723 1530 lapsum
2755 1467 3204 1514 resurrecturum
3225 1473 3347 1513 esse
3373 1457 3577 1528 inquit.
3608 1460 3713 1512 Hoc
3743 1471 3874 1530 pacto

650 1551 827 1610 Isaias
848 1569 1073 1626 quoque
1102 1572 1117 1609 :
1156 1573 1175 1608 ι
1199 1552 1267 1609 Et
1300 1555 1411 1610 erit
1445 1553 1604 1608 radix
1634 1551 1816 1618 Jesse,
1844 1559 1900 1608 et
1930 1548 2026 1620 qui
2052 1549 2234 1620 surgit
2258 1547 2328 1601 ad
2360 1545 2742 1618 imperandum
2768 1546 3044 1617 gentibus,
3082 1547 3138 1601 in
3164 1559 3230 1600 eo
3253 1544 3562 1616 sperabunt
3592 1557 3762 1617 gentes
3778 1548 3868 1602 ".t

651 1641 732 1698 Ex
774 1642 948 1699 Jacob
974 1643 1123 1698 enim
1177 1643 1388 1714 pepulo
1417 1642 1674 1697 videlicet
1718 1640 2174 1696 circumcisionis
2209 1635 2470 1692 omnibus
2509 1634 2739 1692 emicuit
2773 1650 2787 1688 :
2825 1633 2895 1689 ad
2939 1648 3103 1706 quem
3134 1632 3388 1689 dicitur:
3431 1651 3449 1685 ι
3482 1632 3622 1689 Ecce
3671 1636 3808 1705 posui
3835 1647 3878 1693 te

653 1732 712 1786 in
746 1741 1142 1786 testamentum
1171 1730 1416 1799 generis.
1458 1731 1514 1784 in
1540 1730 1728 1785 lumen
1759 1729 2012 1799 gentium
2044 1728 2114 1780 ⁸³.
2157 1745 2176 1778 ι

725 1843 999 1898 Caeterum
1037 1844 1194 1906 illud,
1219 1860 1237 1894 ι
1263 1841 1562 1897 OSIendam
1595 1842 1644 1896 ei
1678 1857 1786 1895 non
1812 1849 1995 1894 autem
2022 1854 2190 1904 nunc,
2216 1858 2234 1890 ι
2271 1843 2312 1898 Α

2271 1843 2312 1898 Α
2412 1833 2506 1899 Τὸ,
2531 1852 2551 1885 t
2582 1834 2751 1899 Δείξω
2784 1833 2957 1906 αὐτῷ,
2992 1833 3087 1888 καὶ
3126 1835 3247 1905 οὐχὶ
3269 1833 3388 1900 νῦν,
3423 1853 3443 1887 ι
3483 1836 3510 1888 ὁ
3539 1835 3634 1905 μὲν
3667 1836 3877 1903 Ἀκύλας,

652 1936 887 2007 Aquilas
913 1934 1162 2005 quidem,
1224 1933 1446 2001 Videbo,
1479 1933 1770 1999 enuntiat;
1816 1930 2188 2003 Symmachus
2219 1949 2232 1986 :

2345 1928 2641 1996 Ὀψομαι,
2701 1927 2904 1998 φησίν
2951 1927 2980 1980 ὁ
3023 1927 3081 1981 δὲ
3117 1927 3439 1998 Σύμμαχος,
3502 1927 3668 1997 Ὀρῶ·
3725 1930 3790 1995 ὡς
3829 1933 3881 1986 ἂν

661 2026 861 2092 Video;
893 2025 1037 2096 quod
1085 2027 1188 2081 iSta
1233 2034 1490 2081 eventum
1535 2024 1714 2094 longis
1761 2023 1980 2078 demum
2029 2021 2237 2077 exactis

2345 2022 2579 2090 μακροῖς
2613 2018 2843 2090 ὕστερον
2880 2019 3097 2092 χρόνοις
3145 2020 3457 2090 μελλόντων
3493 2021 3691 2075 τούτων
3731 2025 3881 2077 ἐπιτε-

653 2120 993 2191 temporibus
1034 2120 1145 2175 sint
1190 2120 1480 2175 sortitura.
1532 2117 1626 2173 Bis
1661 2116 1808 2172 mille
1836 2117 1983 2172 enim
2014 2115 2147 2170 anni
2180 2115 2236 2170 in

2341 2111 2575 2167 λεῖσθαι.
2611 2114 2767 2166 Μετὰ
2811 2111 2922 2184 γὰρ
2959 2112 3194 2184 δισχίλια
3223 2113 3321 2184 τῆς
3353 2114 3708 2184 προρρήσεως
3736 2115 3881 2188 ἀπήν-

653 2213 761 2270 hoc
787 2212 1113 2268 vaticinium
1142 2211 1483 2268 inciderunt.

1041 2228 1113 2268 tm
1142 2211 1483 2268 inciderunt.
2341 2223 2509 2276 τηκεν
2538 2205 2656 2277 ἔτη.

727 2327 1081 2400 Quapropter
1114 2329 1171 2382 in
1223 2327 1489 2398 praedicta
1528 2327 1777 2399 gentium
1812 2324 2186 2395 trepidatione
2218 2334 2411 2380 contra
2445 2341 2506 2380 se
2539 2324 2803 2389 invicem,
2849 2323 3044 2385 veluti.
3093 2331 3149 2377 et
3199 2323 3292 2378 ille
3319 2321 3538 2392 ejectus
3573 2339 3638 2378 ex
3667 2332 3795 2379 terra
3819 2324 3884 2380 in-

653 2415 807 2486 juste
839 2431 870 2469 a
909 2431 970 2471 se
1016 2425 1292 2487 occupata
1331 2417 1388 2471 in
1421 2417 1708 2486 Assyriam
1749 2414 2145 2475 transferetur,
2188 2414 2512 2484 praecinitnr
2542 2427 2606 2467 ea
2661 2428 2828 2478 quam
2881 2409 3184 2467 Zacharias
3249 2427 3482 2482 quoque
3525 2412 3796 2482 praedixit,
3840 2423 3884 2468 et

656 2505 922 2560 Servatur
953 2505 1007 2558 in
1045 2504 1368 2575 Evangelia.
1399 2504 1676 2577 Postque:
1702 2521 1828 2559 eum
1865 2504 2116 2558 indicare
2156 2503 2274 2557 vult
2301 2517 2466 2573 quam
2493 2516 2585 2557 res
2615 2501 2889 2555 horrenda
2927 2502 2981 2555 in
3024 2499 3131 2556 line
3165 2500 3236 2556 sit
3268 2500 3482 2566 futura,
3515 2500 3693 2571 inquit
3723 2519 3735 2555 :
3765 2520 3780 2552 ι
3814 2499 3884 2556 Va:

655 2591 783 2664 quis
805 2593 949 2646 vivet
968 2592 1082 2648 haec
1115 2592 1353 2648 faciente
1371 2593 1506 2658 Deo,
1532 2612 1550 2645 ι
1572 2593 1796 2664 quando
1825 2593 2084 2648 videlicet
2118 2591 2251 2645 illud
2280 2601 2534 2646 exactum
2559 2588 2886 2659 fueritquod
2906 2605 3001 2660 per
3018 2588 3341 2644 Zachariam
3373 2595 3463 2644 est
3499 2589 3882 2659 promulgatum.

663 2697 684 2733 ι
707 2677 1005 2750 Pr0pterea
1026 2696 1132 2736 non
1157 2697 1381 2751 parcam
1400 2683 1642 2753 amplius
1667 2681 2078 2736 habitatoribus
2100 2688 2283 2735 terrae.
2309 2699 2326 2731 ι
2358 2679 2475 2746 Ει,‹
2500 2679 2646 2734 Ecce
2668 2693 2771 2748 ego
2795 2679 2952 2731 trado
2968 2691 3305 2747 quemquam
3325 2677 3379 2730 in
3413 2691 3630 2730 manum
3653 2679 3780 2747 regis
3795 2678 3881 2742 sui,

657 2774 715 2820 et
741 2767 1074 2822 exscindcnt
1107 2779 1337 2832 terram,
1372 2785 1474 2823 nec
1500 2770 1732 2839 eripiam
1759 2785 1824 2823 ex
1862 2785 2029 2822 manu
2059 2784 2251 2823 eorum
2271 2768 2339 2832 “,
2375 2787 2392 2820 ι
2436 2775 2695 2822 cessante
2727 2774 2860 2820 tunc
2888 2774 3223 2821 testamento
3251 2765 3397 2834 quod
3427 2780 3552 2820 cum
3583 2767 3817 2836 gentibus
3841 2768 3882 2820 in

658 2851 768 2910 fide
798 2855 1003 2911 Christi
1027 2868 1272 2912 erectum
1305 2866 1410 2911 est.
1440 2857 1675 2924 Quando
1715 2862 1881 2912 etiam
1916 2869 2118 2912 contra
2157 2857 2408 2912 inlideles
2442 2856 2778 2927 supplicium
2818 2854 3025 2920 tendet,
3058 2853 3532 2925 quemadmodum
3560 2855 3688 2909 dicit
3709 2854 3882 2909 Zacha-

661 2942 816 2999 rias:
854 2945 1184 3015 «Accipiam
1245 2945 1457 3017 virgam
1529 2962 1705 3001 meam
1747 2963 1868 3016 quae
1909 2953 2138 3001 vocatur
2203 2945 2410 3010 Decus,
2464 2953 2519 3000 et
2558 2943 2880 3000 abscindam
2951 2958 3073 2997 eam
3125 2953 3184 2996 ut
3221 2941 3444 2996 irritum
3499 2942 3688 2998 faciam
3734 2942 3883 2997 ftedus

661 3047 846 3087 meum
875 3034 1022 3102 quod
1072 3035 1324 3105 percussi
1370 3051 1497 3090 cum
1539 3037 1800 3093 omnibus
1840 3037 2079 3107 populis,
2115 3045 2170 3090 et
2210 3033 2572 3103 dissipabitur
2624 3033 2678 3085 in
2712 3029 2802 3085 die
2849 3029 2942 3084 illa
2973 3031 3041 3084 ".
3088 3049 3106 3080 ι
3155 3028 3322 3084 Multa
3361 3045 3502 3086 sane
3533 3032 3666 3084 mala
3713 3031 3761 3085 in
3801 3031 3884 3086 fine

662 3127 973 3190 temporum
1012 3123 1317 3178 manebunt
1339 3131 1616 3194 quotquot
1647 3125 1920 3194 prmtlicit,
1950 3122 2098 3194 quod
2139 3121 2277 3178 Siim
2301 3129 2357 3176 et
2382 3119 2477 3191 qui
2511 3133 2542 3173 a
2574 3129 2730 3188 parte
2755 3117 2997 3174 Cethiim
3032 3116 3275 3189 aflligeut
3302 3118 3587 3190 Assyrios,
3614 3128 3665 3174 et
3685 3119 3883 3190 allligent

663 3207 868 3266 Heher.
907 3208 1053 3276 Quin
1088 3210 1322 3283 insuper
1357 3213 1477 3282 ipse
1506 3228 1730 3283 quoque
1763 3211 1897 3267 Siim
1929 3213 2150 3281 peribit.

733 3295 803 3350 Et
831 3314 951 3351 cum
973 3303 1290 3355 surrexisset
1313 3299 1565 3366 Balaam,
1585 3318 1821 3357 reversus
1838 3309 1916 3356 est
1942 3302 1996 3355 in
2020 3301 2192 3356 locum
2213 3315 2386 3354 suum.
2407 3295 2623 3372 [XXIV,
2641 3295 2761 3370 25.]
2777 3295 2894 3352 Non
2924 3297 3157 3364 patriam
3187 3297 3385 3362 innuit,
3404 3312 3594 3353 verum
3616 3297 3871 3352 stationem

661 3399 782 3439 eam
813 3385 959 3440 unde
985 3388 1274 3457 profectus
1298 3399 1385 3443 est
1433 3389 1500 3443 ad
1537 3391 1704 3445 Balac
1752 3391 1805 3444 in
1841 3391 2030 3446 urbem
2075 3389 2470 3444 suburbiorum
2504 3393 2564 3441 ut
2596 3400 2763 3456 supra
2801 3385 3071 3440 meminit.
3100 3383 3236 3438 Nam
3282 3392 3334 3440 et
3377 3385 3505 3456 ipse
3548 3399 3752 3456 quoque
3779 3399 3880 3439 cum

661 3473 827 3530 Baiae
880 3477 952 3530 a-h
993 3476 1263 3533 lsraelitis
1298 3477 1614 3533 trucidatur
1651 3486 1709 3532 ut
1745 3479 1914 3549 paulo
1950 3490 2077 3549 post
2110 3477 2397 3533 indicabit.

732 3580 896 3654 423
933 3580 999 3636 El
1017 3585 1413 3638 contaminatus
1438 3595 1514 3641 est
1543 3587 1772 3655 populus
1801 3586 2147 3657 fornicaudo.
2187 3581 2382 3658 lxxv,
2420 3581 2500 3655 1.]
2532 3581 2692 3636 Nulla
2723 3589 2919 3637 contra
2947 3580 3224 3636 hominem
3254 3588 3340 3636 est
3383 3580 3719 3651 potentia,ni
3757 3580 3881 3651 prius

663 3669 767 3725 sibi
802 3672 904 3740 ipsi
934 3671 1197 3727 damnum
1222 3673 1494 3729 intulerit.
1528 3674 2002 3741 Quemadmodum
2042 3673 2132 3730 iSti
2159 3671 2496 3745 quilihidine
2520 3670 2663 3741 capti
2691 3668 2985 3726 Dominum
3016 3670 3284 3726 oblivioni
3334 3669 3696 3736 mandarunt;
3725 3685 3881 3740 queui-

663 3759 955 3813 admodum
1005 3769 1193 3830 postea
1249 3776 1467 3832 quoque
1523 3761 1784 3818 Salomon
1839 3763 1933 3833 qui
1986 3762 2277 3818 mulierum
2327 3760 2501 3831 gratia
2563 3757 2728 3813 idolis
2787 3758 2993 3828 templa
3049 3757 3344 3813 etstruxit.
3373 3757 3559 3823 Quare
3582 3773 3700 3812 cum
3727 3756 3880 3828 populi

664 3845 832 3916 hujus
856 3849 1114 3904 socordia
1147 3863 1212 3905 ac
1246 3850 1464 3920 ignavia
1498 3849 1611 3906 Deo
1637 3860 1783 3906 esset
1810 3853 2030 3922 cognita
2057 3851 2382 3920 alienigenis
2424 3849 2694 3905 uxoribus
2728 3848 2839 3903 illis
2888 3848 3204 3903 interdixit.
3230 3845 3404 3904 Nobis
3432 3863 3562 3904 vero
3611 3848 3697 3918 qui
3724 3848 3769 3902 iu
3797 3846 3880 3901 ﬁde

663 3935 900 4004 agimus,
929 3951 1056 3990 cum
1090 3937 1202 3993 illis
1236 3940 1567 3994 conversari
1608 3954 1705 4009 per
1737 3939 1969 3992 Paulum
2005 3939 2281 4010 permisit.
2309 3937 2473 3992 Novit
2507 3938 2655 3992 enim
2691 3937 2839 4008 quod
2865 3935 3047 3991 idonei
3084 3937 3261 3992 simus
3290 3938 3470 4008 magis
3515 3935 3664 3991 utilia
3688 3938 3883 3992 suadere

664 4037 829 4092 quam
863 4025 1042 4079 noxiis
1072 4027 1481 4097 obtemperare.
1539 4027 1810 4082 Caeterum
1869 4027 2213 4099 Beelphcgor
2274 4027 2483 4082 idolum
2511 4043 2636 4082 esse
2661 4026 2887 4081 tradunt
2907 4026 3202 4082 cadaveris
3243 4025 3488 4098 Phogor,
3516 4028 3743 4082 cultores
3764 4025 3879 4081 enim

664 4109 808 4181 ejus,
840 4111 917 4166 ait
955 4128 968 4165 :
1007 4131 1026 4163 ‹
1059 4112 1438 4168 Vescebantur
1469 4115 1713 4170 victimis
1753 4124 2118 4170 mortuorum.
2155 4114 2447 4171 Irritarunt
2475 4125 2660 4170 autem
2689 4115 2864 4170 Deum
2897 4115 3102 4170 studiis
3129 4117 3271 4171 suis.
3304 4135 3322 4168 ι

736 4197 908 4255 Porro
941 4199 1216 4269 Moabitae,
1247 4203 1428 4258 edocti
1466 4205 1612 4273 quod
1649 4205 1819 4260 nullis
1855 4205 1980 4260 aliis
2019 4205 2238 4261 insidiis
2273 4213 2315 4268 Β

2273 4213 2315 4268 Β
2413 4204 2692 4267 Μαθόντες
2714 4204 2768 4257 δὲ
2798 4204 3111 4268 Μωαϐῖται,
3141 4204 3214 4269 ὡς
3255 4204 3537 4269 ἀνάλωτος
3588 4204 3688 4258 ὑπο
3732 4216 3878 4270 nam;

663 4306 831 4363 quam
871 4291 964 4346 Dei
999 4293 1309 4350 offensione
1343 4305 1571 4366 possent
1614 4296 2014 4367 comprehendi
2056 4297 2244 4354 Israe-

2349 4295 2642 4359 ἐπιϐουλῆς
2709 4295 2947 4367 Ἰσραὴλ,
3007 4295 3149 4367 πλὴν
3191 4298 3240 4349 εἱ
3277 4297 3352 4367 μὴ
3385 4295 3729 4368 προσκρούσῃ
3768 4291 3876 4361 Θεῷ,

663 4383 799 4449 lita,
832 4383 1136 4442 dietatione
1177 4386 1397 4442 Balaam
1426 4389 1683 4460 laqueum
1711 4391 1820 4444 illis
1861 4406 1958 4460 per
1985 4391 2245 4446 mulieres

2350 4389 2447 4462 τὴν
2476 4388 2584 4443 τῶν
2615 4388 2891 4458 γυναικῶν
2922 4389 3125 4457 παγίδα
3150 4389 3486 4460 συνέστησαν
3512 4388 3648 4442 κατὰ
3673 4383 3875 4454 γνώμην.

663 4476 767 4546 p’ro
822 4475 1056 4531 arbitrio
1110 4477 1500 4536 extenderunt.
1557 4479 1818 4538 Mulieres
1877 4484 2026 4538 enim
2062 4482 2131 4536 ad
2184 4496 2245 4538 se

2353 4484 2429 4547 ὣς
2460 4499 2614 4554 φησι,
2647 4482 2759 4555 (85)
2785 4482 3038 4552 Βαλαάμ.
3075 4483 3141 4534 Αἱ
3173 4481 3283 4553 γὰρ
3337 4480 3591 4549 γυναῖκες
3629 4482 3731 4540 τοῖς
3770 4475 3876 4546 πρὸς

665 4566 1104 4638 ingredientibus
1134 4571 1392 4627 dixerunt
1427 4590 1441 4628 :
1483 4591 1503 4626 ι
1528 4571 1593 4628 Ni
1629 4576 1791 4630 deum
1825 4584 2082 4631 nostrum
2112 4575 2245 4630 ado-

2352 4577 2521 4642 αὺτὰς
2561 4576 2822 4630 εἰσιοῦσιν
2866 4575 3051 4644 ελεγον
3089 4591 3103 4607 ⁸
3145 4594 3163 4628 t
3203 4576 3334 4631 Ἐὰν
3362 4575 3440 4647 μὴ
3480 4573 3558 4646 τῷ
3607 4569 3707 4641 θεῷ
3755 4568 3877 4640 ἡμῶν

663 4661 942 4728 raveritis,
971 4682 988 4715 ι
1023 4670 1078 4717 et
1099 4671 1320 4730 caetera,
1375 4663 1547 4720 Deum
1590 4664 1820 4737 inquatn
1881 4682 2046 4738 quem
2081 4676 2248 4723 vocat

2350 4671 2771 4741 προσκυνήσητε
2809 4685 2823 4700 ·
2881 4688 2900 4721 ι
2943 4668 3001 4722 ὃν
3057 4669 3214 4722 καλεῖ
3288 4666 3616 4738 Βεελφογὼρ
3667 4663 3750 4718 καὶ
3799 4661 3877 4713 Φο-

665 4753 1004 4827 Beelphegor
1035 4765 1089 4810 et
1120 4755 1361 4827 Phogor.
2359 4760 2498 4831 γώρ.

738 4844 888 4905 Tolle
918 4856 1133 4901 cunctos
1154 4848 1422 4917 principes
1447 4849 1627 4919 populi
1661 4860 1710 4905 el
1747 4852 2046 4922 exemplum
2075 4854 2131 4907 in
2165 4869 2251 4908 eos
2285 4852 2393 4922 fac.
2431 4852 2534 4927 [4.]
2569 4853 2719 4922 Euge
2742 4853 3135 4925 benignitatem
3194 4868 3491 4907 maximam
3523 4861 3576 4908 et
3602 4851 3875 4907 facilitatem

665 4951 790 5006 qua:
849 4934 1128 5005 supplicio
1163 4950 1492 5006 paucorum,
1548 4939 1697 5008 quod
1763 4955 1957 4997 omnes
1989 4952 2331 5007 meruerant,
2361 4955 2448 4998 est
2480 4951 2764 5000 contenta.
2799 4941 2962 4998 Juxta
2997 4942 3176 4997 illud:
3204 4960 3222 4995 t
3255 4942 3592 5013 Castigando
3629 4939 3880 5008 castigavit

667 5038 757 5078 me
787 5021 1182 5078 Dominus".t
1232 5024 1497 5095 Exemplo
1553 5028 1700 5082 enim
1733 5028 1928 5083 horum
1990 5046 2187 5101 sapere
2236 5031 2508 5088 docentur
2569 5034 2793 5105 reliqui,
2853 5035 2997 5088 sicut
3056 5048 3252 5087 eorum
3319 5048 3539 5104 quoque
3568 5031 3710 5100 quia
3742 5027 3879 5081 Pilato

662 5111 898 5182 jugulati
921 5119 976 5165 et
1003 5110 1204 5180 sepulti
1250 5112 1490 5177 fuerant,
1520 5130 1688 5184 super
1718 5118 1922 5188 quibus
1961 5116 2225 5175 Servator
2257 5122 2474 5194 inquit:
2513 5142 2530 5175 ‹
2561 5122 2719 5189 Quod
2755 5123 2801 5178 si
2827 5121 3209 5192 paenitentiam
3247 5135 3359 5175 non
3396 5121 3638 5190 egeritis,
3666 5115 3878 5189 graviora

665 5200 751 5257 his
771 5200 928 5255 vobis
956 5199 1210 5254 evenient
1228 5198 1298 5253 ".

736 5295 907 5350 Porro
953 5294 1298 5365 principibus
1356 5294 1561 5366 quibus
1623 5294 1783 5349 facile
1839 5305 1926 5350 est
1959 5296 2241 5354 maleficos

2423 5299 2548 5362 Τοῖς
2581 5298 2862 5370 ἄρχουσιν,
2898 5295 2978 5364 οἷς
3012 5303 3106 5354 καὶ
3149 5303 3330 5374 ῥᾴδιον
3373 5305 3501 5368 τοὺς
3543 5304 3878 5375 ἡμαρτηκυτας

664 5387 1075 5460 deprehendere
1133 5389 1467 5460 supplicium
1527 5388 1825 5453 commisit,
1896 5396 1949 5442 et
2009 5404 2246 5459 suspen-

2352 5391 2555 5464 εὑρεῖν,
2595 5391 2693 5464 τὴν
2754 5393 3034 5465 τιμωρίαν
3092 5394 3386 5464 ἐπέτρεψε,
3432 5398 3524 5451 καὶ
3553 5395 3647 5466 τὴν
3686 5386 3875 5458 ἀνακρέ-

736 5529 785 5563 ⁸¹
815 5530 921 5585 lsa.
956 5545 1031 5594 ιι,
1066 5529 1118 5584 1.
1195 5529 1241 5562 ³³
1273 5527 1380 5583 lsa.
1411 5543 1526 5594 ιιι,
1569 5527 1662 5582 l5.
1737 5527 1782 5560 "
1816 5525 2052 5583 Zachar.
2089 5545 2169 5596 xt,
2199 5527 2253 5582 6.
2333 5529 2351 5560 ¹¹

2333 5529 2378 5561 ⁸⁵
2406 5530 2544 5585 ibid.
2573 5547 2630 5593 χ,
2666 5531 2752 5585 ll.
2827 5533 2872 5563 ⁸⁸
2900 5529 3050 5586 Psal.
3079 5545 3250 5598 cxvii,
3302 5532 3391 5588 l8.
3466 5534 3509 5567 "
3559 5531 3686 5586 Luc.
3728 5523 3877 5591 xtu,3

2181 5644 2417 5703 NOTIE.

746 5759 867 5836 (83)
899 5759 1073 5836 Φίλων
1101 5759 1131 5812 ὁ
1170 5757 1550 5836 Ἐβρι-ὲνΑσεμλ.
1585 5758 1849 5836 “Fufeti
1875 5759 1916 5836 ὁΔ
1945 5759 2176 5836 Ἰιὶισληττ1
2199 5762 2257 5836 sv

2364 5779 2470 5836 ριτ.
2500 5763 2557 5815 ὲν
2580 5762 2658 5834 τῷ
2679 5763 2744 5836 3,
2769 5765 2906 5836 italo
2936 5765 3134 5820 Εὖσὲὁ.
3168 5767 3225 5817 ὲν
3251 5765 3328 5836 τῷ
3359 5765 3445 5828 14,
3477 5763 3552 5818 ὲδ.
3597 5760 3682 5815 τοῦ
3714 5753 3875 5836 προλα-

671 5829 798 5900 κεφ.
837 5831 891 5898 6,
921 5829 1013 5884 τοῦ
1041 5829 1094 5896 4,
1123 5832 1254 5901 περὶ
1297 5831 1452 5886 Ἰουδ.
1482 5831 1612 5904 ἀρχ.
1645 5829 1785 5903 βιὸλ.
1835 5831 1928 5883 καὶ
1981 5832 2009 5884 ὁ
2049 5831 2254 5884 Θεοδώο
2363 5829 2475 5886 ϐάν.
2508 5829 2641 5901 usq),
2665 5834 2760 5889 καὶ
2785 5837 2812 5888 ό
2863 5835 3038 5906 Ὦριγ.
3075 5838 3133 5890 ὲν
3168 5835 3246 5904 τῷ
3283 5829 3503 5904 τὲροτέρ.
3538 5832 3786 5899 ὑπομνήμ.
