  <div class='ocr_page' id='page_1' title='image "/cluster/home/n/w/nwhite01/storage/ocr_20150623/87:1/hvd.32044020319117/444.png"; bbox 0 0 4090 6550; ppageno 0'>
   <div class='ocr_carea' id='block_1_1' title="bbox 382 366 3667 456">
    <p class='ocr_par' dir='ltr' id='par_1_1' title="bbox 382 366 3667 456">
     <span class='ocr_line' id='line_1_1' title="bbox 382 366 3667 456; baseline -0.008 1"><span class='ocrx_word' id='word_1_1' title='bbox 382 393 494 456; x_wconf 83' lang='grc'><strong>873</strong></span> <span class='ocrx_word' id='word_1_2' title='bbox 1472 366 2011 443; x_wconf 79' lang='lat' dir='ltr'><strong>COMMENTARII</strong></span> <span class='ocrx_word' id='word_1_3' title='bbox 2057 378 2137 439; x_wconf 80' lang='lat' dir='ltr'><strong>IN</strong></span> <span class='ocrx_word' id='word_1_4' title='bbox 2181 374 2576 438; x_wconf 68' lang='lat' dir='ltr'><strong>nummos.</strong></span> <span class='ocrx_word' id='word_1_5' title='bbox 3562 369 3667 436; x_wconf 74' lang='lat' dir='ltr'><strong>su</strong></span> 
     </span>
    </p>
   </div>
   <div class='ocr_carea' id='block_1_2' title="bbox 388 484 1973 580">
    <p class='ocr_par' dir='ltr' id='par_1_2' title="bbox 388 494 1973 580">
     <span class='ocr_line' id='line_1_2' title="bbox 388 494 1973 580; baseline -0.009 -19"><span class='ocrx_word' id='word_1_6' title='bbox 388 522 556 580; x_wconf 75' lang='grc' dir='ltr'>μασιν</span> <span class='ocrx_word' id='word_1_7' title='bbox 600 503 783 559; x_wconf 72' lang='grc' dir='ltr'>αὐτῶν</span> <span class='ocrx_word' id='word_1_8' title='bbox 828 500 966 574; x_wconf 72' lang='grc' dir='ltr'><strong>πρὸς</strong></span> <span class='ocrx_word' id='word_1_9' title='bbox 1010 498 1111 563; x_wconf 75' lang='grc' dir='ltr'><strong>τὰς</strong></span> <span class='ocrx_word' id='word_1_10' title='bbox 1163 496 1259 551; x_wconf 75' lang='grc' dir='ltr'>τοῦ</span> <span class='ocrx_word' id='word_1_11' title='bbox 1320 496 1473 569; x_wconf 78' lang='grc' dir='ltr'>ἡλίου</span> <span class='ocrx_word' id='word_1_12' title='bbox 1518 495 1734 565; x_wconf 74' lang='grc' dir='ltr'>αὐγὰς,</span> <span class='ocrx_word' id='word_1_13' title='bbox 1785 494 1862 557; x_wconf 81' lang='grc' dir='ltr'>ὡς</span> <span class='ocrx_word' id='word_1_14' title='bbox 1906 494 1973 548; x_wconf 73' lang='grc' dir='ltr'>ἂν</span> 
     </span>
    </p>
   </div>
   <div class='ocr_carea' id='block_1_3' title="bbox 2084 484 3665 580">
    <p class='ocr_par' dir='ltr' id='par_1_3' title="bbox 2084 484 3665 555">
     <span class='ocr_line' id='line_1_3' title="bbox 2084 484 3665 555; baseline -0.005 -9"><span class='ocrx_word' id='word_1_15' title='bbox 2084 491 2300 546; x_wconf 84' lang='lat' dir='ltr'><strong>sionem</strong></span> <span class='ocrx_word' id='word_1_16' title='bbox 2348 501 2549 544; x_wconf 83' lang='lat' dir='ltr'><strong>eorum</strong></span> <span class='ocrx_word' id='word_1_17' title='bbox 2580 490 2775 542; x_wconf 87' lang='lat' dir='ltr'><strong>contra</strong></span> <span class='ocrx_word' id='word_1_18' title='bbox 2801 484 2940 542; x_wconf 90' lang='lat' dir='ltr'><strong>solis</strong></span> <span class='ocrx_word' id='word_1_19' title='bbox 2968 484 3180 548; x_wconf 86' lang='lat' dir='ltr'><strong>radios,</strong></span> <span class='ocrx_word' id='word_1_20' title='bbox 3226 499 3339 555; x_wconf 88' lang='lat' dir='ltr'><strong>quo</strong></span> <span class='ocrx_word' id='word_1_21' title='bbox 3386 492 3665 540; x_wconf 78' lang='lat' dir='ltr'><strong>terrorem</strong></span> 
     </span>
    </p>
   </div>
   <div class='ocr_carea' id='block_1_4' title="bbox 383 576 1973 671">
    <p class='ocr_par' dir='ltr' id='par_1_4' title="bbox 383 576 1973 671">
     <span class='ocr_line' id='line_1_4' title="bbox 383 576 1973 671; baseline -0.009 -18"><span class='ocrx_word' id='word_1_22' title='bbox 383 576 605 671; x_wconf 50' lang='grc' dir='ltr'>φοϐοῖεν</span> <span class='ocrx_word' id='word_1_23' title='bbox 658 596 950 667; x_wconf 79' lang='grc' dir='ltr'>ὁρώμενοι.</span> <span class='ocrx_word' id='word_1_24' title='bbox 979 594 1159 664; x_wconf 81' lang='grc' dir='ltr'><strong>Ὅπερ</strong></span> <span class='ocrx_word' id='word_1_25' title='bbox 1200 592 1453 665; x_wconf 79' lang='grc' dir='ltr'><strong>μυσαρὸν</strong></span> <span class='ocrx_word' id='word_1_26' title='bbox 1501 586 1821 660; x_wconf 74' lang='grc' dir='ltr'><strong>νομίζουσιν</strong></span> <span class='ocrx_word' id='word_1_27' title='bbox 1845 585 1973 640; x_wconf 81' lang='grc' dir='ltr'><strong>Ἕλ-</strong></span> 
     </span>
    </p>
   </div>
   <div class='ocr_carea' id='block_1_5' title="bbox 2084 576 3668 671">
    <p class='ocr_par' dir='ltr' id='par_1_5' title="bbox 2084 576 3668 652">
     <span class='ocr_line' id='line_1_5' title="bbox 2084 576 3668 652; baseline -0.002 -16"><span class='ocrx_word' id='word_1_28' title='bbox 2084 590 2317 652; x_wconf 82' lang='lat' dir='ltr'><strong>aspectu</strong></span> <span class='ocrx_word' id='word_1_29' title='bbox 2378 594 2481 635; x_wconf 82' lang='lat' dir='ltr'><strong>suo</strong></span> <span class='ocrx_word' id='word_1_30' title='bbox 2534 578 2774 649; x_wconf 81' lang='lat' dir='ltr'><strong>pariant.</strong></span> <span class='ocrx_word' id='word_1_31' title='bbox 2804 576 2960 644; x_wconf 86' lang='lat' dir='ltr'><strong>Quod</strong></span> <span class='ocrx_word' id='word_1_32' title='bbox 3014 576 3415 632; x_wconf 89' lang='lat' dir='ltr'><strong>abominationi</strong></span> <span class='ocrx_word' id='word_1_33' title='bbox 3454 576 3668 633; x_wconf 91' lang='lat' dir='ltr'><strong>ducunt</strong></span> 
     </span>
    </p>
   </div>
   <div class='ocr_carea' id='block_1_6' title="bbox 384 668 1973 765">
    <p class='ocr_par' dir='ltr' id='par_1_6' title="bbox 384 668 1973 765">
     <span class='ocr_line' id='line_1_6' title="bbox 384 668 1973 765; baseline -0.01 -18"><span class='ocrx_word' id='word_1_34' title='bbox 384 668 550 765; x_wconf 48' lang='lat' dir='ltr'><strong>inve;</strong></span> <span class='ocrx_word' id='word_1_35' title='bbox 601 690 738 763; x_wconf 75' lang='grc' dir='ltr'><strong>ἡλίῳ</strong></span> <span class='ocrx_word' id='word_1_36' title='bbox 794 685 1074 742; x_wconf 77' lang='grc' dir='ltr'><strong>δεικνύναι</strong></span> <span class='ocrx_word' id='word_1_37' title='bbox 1102 683 1264 756; x_wconf 73' lang='grc' dir='ltr'><strong>σῶμα</strong></span> <span class='ocrx_word' id='word_1_38' title='bbox 1304 685 1521 753; x_wconf 76' lang='grc' dir='ltr'><strong>νεκρὸν,</strong></span> <span class='ocrx_word' id='word_1_39' title='bbox 1546 680 1873 751; x_wconf 76' lang='grc' dir='ltr'>ἀγνοοῦντες</span> <span class='ocrx_word' id='word_1_40' title='bbox 1904 679 1973 743; x_wconf 82' lang='grc' dir='ltr'><strong>ὡς</strong></span> 
     </span>
    </p>
   </div>
   <div class='ocr_carea' id='block_1_7' title="bbox 2084 668 3665 765">
    <p class='ocr_par' dir='ltr' id='par_1_7' title="bbox 2084 668 3665 743">
     <span class='ocr_line' id='line_1_7' title="bbox 2084 668 3665 743; baseline -0.001 -15"><span class='ocrx_word' id='word_1_41' title='bbox 2084 672 2258 728; x_wconf 68' lang='grc' dir='ltr'><strong>[ἱταί</strong></span> <span class='ocrx_word' id='word_1_42' title='bbox 2290 672 2339 727; x_wconf 90' lang='lat' dir='ltr'><strong>si</strong></span> <span class='ocrx_word' id='word_1_43' title='bbox 2363 680 2646 727; x_wconf 85' lang='lat' dir='ltr'><strong>mortuum</strong></span> <span class='ocrx_word' id='word_1_44' title='bbox 2692 670 2932 725; x_wconf 79' lang='lat' dir='ltr'><strong>cadaver</strong></span> <span class='ocrx_word' id='word_1_45' title='bbox 2983 670 3090 725; x_wconf 90' lang='lat' dir='ltr'><strong>soli</strong></span> <span class='ocrx_word' id='word_1_46' title='bbox 3116 670 3475 726; x_wconf 88' lang='lat' dir='ltr'><strong>obtendatur.</strong></span> <span class='ocrx_word' id='word_1_47' title='bbox 3499 668 3665 743; x_wconf 82' lang='lat' dir='ltr'><strong>igno—</strong></span> 
     </span>
    </p>
   </div>
   <div class='ocr_carea' id='block_1_8' title="bbox 383 765 1973 855">
    <p class='ocr_par' dir='ltr' id='par_1_8' title="bbox 383 771 1973 855">
     <span class='ocr_line' id='line_1_8' title="bbox 383 771 1973 855; baseline -0.012 -13"><span class='ocrx_word' id='word_1_48' title='bbox 383 785 569 842; x_wconf 72' lang='grc' dir='ltr'><strong>ἀδικία</strong></span> <span class='ocrx_word' id='word_1_49' title='bbox 597 783 732 855; x_wconf 79' lang='grc' dir='ltr'><strong>μόνη</strong></span> <span class='ocrx_word' id='word_1_50' title='bbox 758 780 1012 853; x_wconf 77' lang='grc' dir='ltr'>μολύνειν</span> <span class='ocrx_word' id='word_1_51' title='bbox 1036 777 1353 841; x_wconf 73' lang='grc' dir='ltr'><strong>ἐπίσταται,</strong></span> <span class='ocrx_word' id='word_1_52' title='bbox 1379 775 1452 829; x_wconf 81' lang='grc' dir='ltr'>οὐ</span> <span class='ocrx_word' id='word_1_53' title='bbox 1488 774 1723 844; x_wconf 78' lang='grc' dir='ltr'>πρᾶγμα</span> <span class='ocrx_word' id='word_1_54' title='bbox 1756 771 1973 825; x_wconf 80' lang='grc' dir='ltr'>παιδευ-</span> 
     </span>
    </p>
   </div>
   <div class='ocr_carea' id='block_1_9' title="bbox 2084 765 3667 855">
    <p class='ocr_par' dir='ltr' id='par_1_9' title="bbox 2084 765 3667 837">
     <span class='ocr_line' id='line_1_9' title="bbox 2084 765 3667 837; baseline 0 -15"><span class='ocrx_word' id='word_1_55' title='bbox 2084 776 2266 823; x_wconf 87' lang='lat' dir='ltr'><strong>rantes</strong></span> <span class='ocrx_word' id='word_1_56' title='bbox 2296 766 2556 821; x_wconf 70' lang='lat' dir='ltr'><strong>videlicet</strong></span> <span class='ocrx_word' id='word_1_57' title='bbox 2582 765 2731 836; x_wconf 86' lang='lat' dir='ltr'><strong>quod</strong></span> <span class='ocrx_word' id='word_1_58' title='bbox 2784 765 3054 835; x_wconf 78' lang='lat' dir='ltr'><strong>iniquitas</strong></span> <span class='ocrx_word' id='word_1_59' title='bbox 3107 766 3225 821; x_wconf 86' lang='lat' dir='ltr'><strong>sola</strong></span> <span class='ocrx_word' id='word_1_60' title='bbox 3259 766 3667 837; x_wconf 82' lang='lat' dir='ltr'><strong>inquinationis</strong></span> 
     </span>
    </p>
   </div>
   <div class='ocr_carea' id='block_1_10' title="bbox 385 853 1973 941">
    <p class='ocr_par' dir='ltr' id='par_1_10' title="bbox 385 853 1294 941">
     <span class='ocr_line' id='line_1_10' title="bbox 385 853 1294 941; baseline -0.008 -14"><span class='ocrx_word' id='word_1_61' title='bbox 385 874 543 927; x_wconf 70' lang='grc' dir='ltr'>τικδν</span> <span class='ocrx_word' id='word_1_62' title='bbox 566 853 660 926; x_wconf 66' lang='grc' dir='ltr'>κο).</span> <span class='ocrx_word' id='word_1_63' title='bbox 674 871 976 941; x_wconf 79' lang='grc' dir='ltr'>ὠφέλιμον.</span> <span class='ocrx_word' id='word_1_64' title='bbox 1282 899 1294 909; x_wconf 88' lang='lat'><strong>-</strong></span> 
     </span>
    </p>
   </div>
   <div class='ocr_carea' id='block_1_11' title="bbox 2084 853 3666 941">
    <p class='ocr_par' dir='ltr' id='par_1_11' title="bbox 2084 853 3666 927">
     <span class='ocr_line' id='line_1_11' title="bbox 2084 853 3666 927; baseline -0.001 -14"><span class='ocrx_word' id='word_1_65' title='bbox 2084 870 2252 913; x_wconf 84' lang='lat' dir='ltr'><strong>causa</strong></span> <span class='ocrx_word' id='word_1_66' title='bbox 2304 869 2407 921; x_wconf 84' lang='lat' dir='ltr'><strong>est,</strong></span> <span class='ocrx_word' id='word_1_67' title='bbox 2460 870 2568 912; x_wconf 89' lang='lat' dir='ltr'><strong>nec</strong></span> <span class='ocrx_word' id='word_1_68' title='bbox 2623 853 2956 926; x_wconf 79' lang='lat' dir='ltr'><strong>supplicium</strong></span> <span class='ocrx_word' id='word_1_69' title='bbox 3017 854 3168 926; x_wconf 89' lang='lat' dir='ltr'><strong>quod</strong></span> <span class='ocrx_word' id='word_1_70' title='bbox 3211 862 3355 927; x_wconf 82' lang='lat' dir='ltr'><strong>opus</strong></span> <span class='ocrx_word' id='word_1_71' title='bbox 3390 857 3526 911; x_wconf 85' lang='lat' dir='ltr'><strong>utile</strong></span> <span class='ocrx_word' id='word_1_72' title='bbox 3558 865 3666 920; x_wconf 60' lang='lat' dir='ltr'><strong>est.</strong></span> 
     </span>
    </p>
   </div>
   <div class='ocr_carea' id='block_1_12' title="bbox 2084 948 2946 1006">
    <p class='ocr_par' dir='ltr' id='par_1_12' title="bbox 2084 948 2946 1006">
     <span class='ocr_line' id='line_1_12' title="bbox 2084 948 2946 1006; baseline -0.005 0"><span class='ocrx_word' id='word_1_73' title='bbox 2084 958 2139 1006; x_wconf 80' lang='lat' dir='ltr'><strong>et</strong></span> <span class='ocrx_word' id='word_1_74' title='bbox 2163 949 2463 1004; x_wconf 73' lang='lat' dir='ltr'><strong>eruditioni</strong></span> <span class='ocrx_word' id='word_1_75' title='bbox 2497 948 2946 1003; x_wconf 86' lang='lat' dir='ltr'><strong>accommodum.</strong></span> 
     </span>
    </p>
   </div>
   <div class='ocr_carea' id='block_1_13' title="bbox 2158 1039 3668 1114">
    <p class='ocr_par' dir='ltr' id='par_1_13' title="bbox 2158 1039 3668 1114">
     <span class='ocr_line' id='line_1_13' title="bbox 2158 1039 3668 1114; baseline 0.002 -21"><span class='ocrx_word' id='word_1_76' title='bbox 2158 1040 2402 1094; x_wconf 76' lang='lat' dir='ltr'><strong>Adduxit</strong></span> <span class='ocrx_word' id='word_1_77' title='bbox 2435 1039 2661 1109; x_wconf 76' lang='lat' dir='ltr'><strong>fratrem</strong></span> <span class='ocrx_word' id='word_1_78' title='bbox 2686 1056 2843 1095; x_wconf 83' lang='lat' dir='ltr'><strong>suum</strong></span> <span class='ocrx_word' id='word_1_79' title='bbox 2878 1039 2947 1093; x_wconf 87' lang='lat' dir='ltr'><strong>ad</strong></span> <span class='ocrx_word' id='word_1_80' title='bbox 2980 1039 3415 1095; x_wconf 77' lang='lat' dir='ltr'><strong>Madianitidem.</strong></span> <span class='ocrx_word' id='word_1_81' title='bbox 3438 1039 3541 1114; x_wconf 54' lang='grc' dir='ltr'>ιο]</span> <span class='ocrx_word' id='word_1_82' title='bbox 3576 1042 3668 1097; x_wconf 69' lang='grc' dir='ltr'>ιιι-ι</span> 
     </span>
    </p>
   </div>
   <div class='ocr_carea' id='block_1_14' title="bbox 2084 1133 3665 1202">
    <p class='ocr_par' dir='ltr' id='par_1_14' title="bbox 2084 1133 3665 1202">
     <span class='ocr_line' id='line_1_14' title="bbox 2084 1133 3665 1202; baseline 0.001 -13"><span class='ocrx_word' id='word_1_83' title='bbox 2084 1137 2297 1189; x_wconf 75' lang='lat' dir='ltr'><strong>eertum</strong></span> <span class='ocrx_word' id='word_1_84' title='bbox 2335 1142 2421 1190; x_wconf 90' lang='lat' dir='ltr'><strong>est</strong></span> <span class='ocrx_word' id='word_1_85' title='bbox 2450 1149 2519 1188; x_wconf 92' lang='lat' dir='ltr'><strong>an</strong></span> <span class='ocrx_word' id='word_1_86' title='bbox 2552 1134 2928 1189; x_wconf 76' lang='lat' dir='ltr'><strong>accusationis</strong></span> <span class='ocrx_word' id='word_1_87' title='bbox 2987 1133 3152 1188; x_wconf 89' lang='lat' dir='ltr'><strong>modo</strong></span> <span class='ocrx_word' id='word_1_88' title='bbox 3208 1134 3559 1202; x_wconf 82' lang='lat' dir='ltr'><strong>indicaverit,</strong></span> <span class='ocrx_word' id='word_1_89' title='bbox 3597 1138 3665 1190; x_wconf 78' lang='lat' dir='ltr'><strong>ait</strong></span> 
     </span>
    </p>
   </div>
   <div class='ocr_carea' id='block_1_15' title="bbox 2084 1224 3083 1296">
    <p class='ocr_par' dir='ltr' id='par_1_15' title="bbox 2084 1224 3083 1296">
     <span class='ocr_line' id='line_1_15' title="bbox 2084 1224 3083 1296; baseline 0 -17"><span class='ocrx_word' id='word_1_90' title='bbox 2084 1224 2247 1279; x_wconf 79' lang='lat' dir='ltr'><strong>fratri</strong></span> <span class='ocrx_word' id='word_1_91' title='bbox 2275 1239 2376 1280; x_wconf 91' lang='lat' dir='ltr'><strong>suo</strong></span> <span class='ocrx_word' id='word_1_92' title='bbox 2398 1225 2746 1296; x_wconf 82' lang='lat' dir='ltr'><strong>prostituerit</strong></span> <span class='ocrx_word' id='word_1_93' title='bbox 2773 1225 3083 1281; x_wconf 79' lang='lat' dir='ltr'><strong>mulierem;</strong></span> 
     </span>
    </p>
   </div>
   <div class='ocr_carea' id='block_1_16' title="bbox 461 1038 1975 1119">
    <p class='ocr_par' dir='ltr' id='par_1_16' title="bbox 461 1038 1975 1119">
     <span class='ocr_line' id='line_1_16' title="bbox 461 1038 1975 1119; baseline -0.007 -17"><span class='ocrx_word' id='word_1_94' title='bbox 461 1047 815 1117; x_wconf 80' lang='grc' dir='ltr'><strong>Προσήγαγε</strong></span> <span class='ocrx_word' id='word_1_95' title='bbox 848 1045 955 1098; x_wconf 75' lang='grc' dir='ltr'><strong>τὸν</strong></span> <span class='ocrx_word' id='word_1_96' title='bbox 985 1042 1256 1119; x_wconf 68' lang='grc' dir='ltr'><strong>ἀδελφὸν</strong></span> <span class='ocrx_word' id='word_1_97' title='bbox 1279 1040 1469 1097; x_wconf 82' lang='grc' dir='ltr'><strong>αὐτοῦ</strong></span> <span class='ocrx_word' id='word_1_98' title='bbox 1501 1039 1656 1110; x_wconf 76' lang='grc' dir='ltr'><strong>πρὸς</strong></span> <span class='ocrx_word' id='word_1_99' title='bbox 1696 1038 1816 1105; x_wconf 82' lang='grc' dir='ltr'><strong>τὴν</strong></span> <span class='ocrx_word' id='word_1_100' title='bbox 1850 1040 1975 1093; x_wconf 80' lang='lat' dir='ltr'><strong>Ma-</strong></span> 
     </span>
    </p>
   </div>
   <div class='ocr_carea' id='block_1_17' title="bbox 387 1130 1973 1207">
    <p class='ocr_par' dir='ltr' id='par_1_17' title="bbox 387 1130 1973 1207">
     <span class='ocr_line' id='line_1_17' title="bbox 387 1130 1973 1207; baseline -0.006 -15"><span class='ocrx_word' id='word_1_101' title='bbox 387 1139 666 1194; x_wconf 77' lang='grc' dir='ltr'>διανῖτιν.</span> <span class='ocrx_word' id='word_1_102' title='bbox 730 1137 960 1207; x_wconf 79' lang='grc' dir='ltr'>Ἀδηλον</span> <span class='ocrx_word' id='word_1_103' title='bbox 1022 1139 1071 1189; x_wconf 78' lang='grc' dir='ltr'>ει</span> <span class='ocrx_word' id='word_1_104' title='bbox 1132 1133 1508 1207; x_wconf 77' lang='grc' dir='ltr'><strong>προσήγγειλε</strong></span> <span class='ocrx_word' id='word_1_105' title='bbox 1553 1130 1906 1203; x_wconf 70' lang='grc' dir='ltr'>κατηγορῶν,</span> <span class='ocrx_word' id='word_1_106' title='bbox 1938 1131 1973 1202; x_wconf 82' lang='grc' dir='ltr'>ἢ</span> 
     </span>
    </p>
   </div>
   <div class='ocr_carea' id='block_1_18' title="bbox 389 1228 1583 1305">
    <p class='ocr_par' dir='ltr' id='par_1_18' title="bbox 389 1228 1583 1305">
     <span class='ocr_line' id='line_1_18' title="bbox 389 1228 1583 1305; baseline -0.004 -18"><span class='ocrx_word' id='word_1_107' title='bbox 389 1236 441 1287; x_wconf 71' lang='grc' dir='ltr'><strong>εἰ</strong></span> <span class='ocrx_word' id='word_1_108' title='bbox 471 1231 803 1305; x_wconf 77' lang='grc' dir='ltr'><strong>προεξένησε</strong></span> <span class='ocrx_word' id='word_1_109' title='bbox 822 1230 902 1303; x_wconf 78' lang='grc' dir='ltr'><strong>τῷ</strong></span> <span class='ocrx_word' id='word_1_110' title='bbox 930 1228 1147 1301; x_wconf 73' lang='grc' dir='ltr'>ἀδελφῷ</span> <span class='ocrx_word' id='word_1_111' title='bbox 1177 1230 1279 1301; x_wconf 79' lang='grc' dir='ltr'><strong>τὴν</strong></span> <span class='ocrx_word' id='word_1_112' title='bbox 1324 1229 1583 1297; x_wconf 83' lang='grc' dir='ltr'>γυναῖκα.</span> 
     </span>
    </p>
   </div>
   <div class='ocr_carea' id='block_1_19' title="bbox 467 1361 3671 1436">
    <p class='ocr_par' dir='ltr' id='par_1_19' title="bbox 467 1361 3671 1436">
     <span class='ocr_line' id='line_1_19' title="bbox 467 1361 3671 1436; baseline -0.002 -8"><span class='ocrx_word' id='word_1_113' title='bbox 467 1374 601 1428; x_wconf 91' lang='lat' dir='ltr'><strong>Illud</strong></span> <span class='ocrx_word' id='word_1_114' title='bbox 643 1386 775 1427; x_wconf 83' lang='lat' dir='ltr'><strong>vero</strong></span> <span class='ocrx_word' id='word_1_115' title='bbox 826 1379 1038 1427; x_wconf 88' lang='lat' dir='ltr'><strong>certum</strong></span> <span class='ocrx_word' id='word_1_116' title='bbox 1072 1383 1138 1425; x_wconf 86' lang='lat' dir='ltr'><strong>ex</strong></span> <span class='ocrx_word' id='word_1_117' title='bbox 1169 1366 1407 1423; x_wconf 80' lang='lat' dir='ltr'><strong>historia</strong></span> <span class='ocrx_word' id='word_1_118' title='bbox 1464 1374 1550 1422; x_wconf 89' lang='lat' dir='ltr'><strong>est</strong></span> <span class='ocrx_word' id='word_1_119' title='bbox 1582 1364 1734 1436; x_wconf 88' lang='lat' dir='ltr'><strong>quod</strong></span> <span class='ocrx_word' id='word_1_120' title='bbox 1788 1361 2156 1435; x_wconf 82' lang='lat' dir='ltr'><strong>impudicitiae</strong></span> <span class='ocrx_word' id='word_1_121' title='bbox 2215 1368 2331 1419; x_wconf 82' lang='lat' dir='ltr'><strong>suae</strong></span> <span class='ocrx_word' id='word_1_122' title='bbox 2387 1363 2683 1418; x_wconf 84' lang='lat' dir='ltr'><strong>atrocitate</strong></span> <span class='ocrx_word' id='word_1_123' title='bbox 2706 1362 3004 1432; x_wconf 82' lang='lat' dir='ltr'><strong>adjustam</strong></span> <span class='ocrx_word' id='word_1_124' title='bbox 3071 1363 3210 1419; x_wconf 86' lang='lat' dir='ltr'><strong>iram</strong></span> <span class='ocrx_word' id='word_1_125' title='bbox 3282 1367 3671 1436; x_wconf 83' lang='lat' dir='ltr'><strong>provocaverit</strong></span> 
     </span>
    </p>
   </div>
   <div class='ocr_carea' id='block_1_20' title="bbox 390 1452 3667 1527">
    <p class='ocr_par' dir='ltr' id='par_1_20' title="bbox 390 1452 3667 1527">
     <span class='ocr_line' id='line_1_20' title="bbox 390 1452 3667 1527; baseline -0.002 -11"><span class='ocrx_word' id='word_1_126' title='bbox 390 1462 649 1518; x_wconf 78' lang='lat' dir='ltr'><strong>Phineas.</strong></span> <span class='ocrx_word' id='word_1_127' title='bbox 711 1458 869 1527; x_wconf 85' lang='lat' dir='ltr'><strong>Quod</strong></span> <span class='ocrx_word' id='word_1_128' title='bbox 919 1458 1182 1513; x_wconf 84' lang='lat' dir='ltr'><strong>videlicet</strong></span> <span class='ocrx_word' id='word_1_129' title='bbox 1206 1457 1261 1510; x_wconf 90' lang='lat' dir='ltr'><strong>in</strong></span> <span class='ocrx_word' id='word_1_130' title='bbox 1293 1462 1602 1525; x_wconf 87' lang='lat' dir='ltr'><strong>conspectu</strong></span> <span class='ocrx_word' id='word_1_131' title='bbox 1654 1453 1828 1509; x_wconf 81' lang='lat' dir='ltr'><strong>Musis</strong></span> <span class='ocrx_word' id='word_1_132' title='bbox 1853 1462 1908 1507; x_wconf 91' lang='lat' dir='ltr'><strong>et</strong></span> <span class='ocrx_word' id='word_1_133' title='bbox 1936 1453 2252 1524; x_wconf 88' lang='lat' dir='ltr'><strong>principum</strong></span> <span class='ocrx_word' id='word_1_134' title='bbox 2309 1452 2597 1507; x_wconf 82' lang='lat' dir='ltr'><strong>libidinem</strong></span> <span class='ocrx_word' id='word_1_135' title='bbox 2650 1452 2926 1519; x_wconf 87' lang='lat' dir='ltr'><strong>exercuit,</strong></span> <span class='ocrx_word' id='word_1_136' title='bbox 2964 1452 3104 1506; x_wconf 86' lang='lat' dir='ltr'><strong>nihil</strong></span> <span class='ocrx_word' id='word_1_137' title='bbox 3158 1453 3462 1524; x_wconf 82' lang='lat' dir='ltr'><strong>quidquam</strong></span> <span class='ocrx_word' id='word_1_138' title='bbox 3503 1457 3667 1510; x_wconf 88' lang='lat' dir='ltr'><strong>etiam</strong></span> 
     </span>
    </p>
   </div>
   <div class='ocr_carea' id='block_1_21' title="bbox 384 1530 3670 1619">
    <p class='ocr_par' dir='ltr' id='par_1_21' title="bbox 384 1530 3670 1619">
     <span class='ocr_line' id='line_1_21' title="bbox 384 1530 3670 1619; baseline -0.003 -14"><span class='ocrx_word' id='word_1_139' title='bbox 384 1551 669 1608; x_wconf 70' lang='lat' dir='ltr'><strong>reveritus</strong></span> <span class='ocrx_word' id='word_1_140' title='bbox 715 1549 962 1619; x_wconf 80' lang='lat' dir='ltr'><strong>ipsorum</strong></span> <span class='ocrx_word' id='word_1_141' title='bbox 1016 1546 1317 1615; x_wconf 83' lang='lat' dir='ltr'><strong>lacrytnas,</strong></span> <span class='ocrx_word' id='word_1_142' title='bbox 1384 1558 1528 1614; x_wconf 88' lang='lat' dir='ltr'><strong>quas</strong></span> <span class='ocrx_word' id='word_1_143' title='bbox 1587 1550 1714 1597; x_wconf 91' lang='lat' dir='ltr'><strong>ante</strong></span> <span class='ocrx_word' id='word_1_144' title='bbox 1743 1541 2046 1597; x_wconf 84' lang='lat' dir='ltr'><strong>tentorium</strong></span> <span class='ocrx_word' id='word_1_145' title='bbox 2099 1539 2436 1596; x_wconf 66' lang='lat' dir='ltr'><strong>eﬁ‘udernnt.</strong></span> <span class='ocrx_word' id='word_1_146' title='bbox 2490 1538 2629 1594; x_wconf 83' lang='lat' dir='ltr'><strong>Nam</strong></span> <span class='ocrx_word' id='word_1_147' title='bbox 2663 1530 2871 1596; x_wconf 82' lang='lat' dir='ltr'><strong>Paulus</strong></span> <span class='ocrx_word' id='word_1_148' title='bbox 2907 1555 3131 1609; x_wconf 89' lang='lat' dir='ltr'><strong>quoque</strong></span> <span class='ocrx_word' id='word_1_149' title='bbox 3174 1542 3561 1597; x_wconf 78' lang='lat' dir='ltr'><strong>lamentandos</strong></span> <span class='ocrx_word' id='word_1_150' title='bbox 3604 1559 3670 1596; x_wconf 77' lang='lat' dir='ltr'><strong>ac</strong></span> 
     </span>
    </p>
   </div>
   <div class='ocr_carea' id='block_1_22' title="bbox 390 1626 3668 1711">
    <p class='ocr_par' dir='ltr' id='par_1_22' title="bbox 390 1626 3668 1711">
     <span class='ocr_line' id='line_1_22' title="bbox 390 1626 3668 1711; baseline -0.004 -16"><span class='ocrx_word' id='word_1_151' title='bbox 390 1638 665 1711; x_wconf 88' lang='lat' dir='ltr'><strong>lugendos</strong></span> <span class='ocrx_word' id='word_1_152' title='bbox 699 1650 823 1692; x_wconf 88' lang='lat' dir='ltr'><strong>esse</strong></span> <span class='ocrx_word' id='word_1_153' title='bbox 850 1646 1174 1707; x_wconf 82' lang='lat' dir='ltr'><strong>peceatores</strong></span> <span class='ocrx_word' id='word_1_154' title='bbox 1222 1641 1440 1699; x_wconf 83' lang='lat' dir='ltr'><strong>censet,</strong></span> <span class='ocrx_word' id='word_1_155' title='bbox 1505 1646 1693 1685; x_wconf 86' lang='lat' dir='ltr'><strong>verum</strong></span> <span class='ocrx_word' id='word_1_156' title='bbox 1714 1645 1867 1686; x_wconf 83' lang='lat' dir='ltr'><strong>nunc</strong></span> <span class='ocrx_word' id='word_1_157' title='bbox 1893 1629 2120 1701; x_wconf 83' lang='lat' dir='ltr'><strong>quidem</strong></span> <span class='ocrx_word' id='word_1_158' title='bbox 2146 1627 2216 1682; x_wconf 88' lang='lat' dir='ltr'><strong>ad</strong></span> <span class='ocrx_word' id='word_1_159' title='bbox 2246 1627 2631 1698; x_wconf 75' lang='lat' dir='ltr'><strong>paenitentiam</strong></span> <span class='ocrx_word' id='word_1_160' title='bbox 2662 1641 2840 1697; x_wconf 66' lang='lat' dir='ltr'><strong>poenae</strong></span> <span class='ocrx_word' id='word_1_161' title='bbox 2896 1628 3096 1684; x_wconf 83' lang='lat' dir='ltr'><strong>dilatio</strong></span> <span class='ocrx_word' id='word_1_162' title='bbox 3137 1626 3360 1694; x_wconf 81' lang='lat' dir='ltr'><strong>invitat,</strong></span> <span class='ocrx_word' id='word_1_163' title='bbox 3386 1630 3668 1685; x_wconf 81' lang='lat' dir='ltr'><strong>interdum</strong></span> 
     </span>
    </p>
   </div>
   <div class='ocr_carea' id='block_1_23' title="bbox 391 1715 3669 1796">
    <p class='ocr_par' dir='ltr' id='par_1_23' title="bbox 391 1715 3669 1796">
     <span class='ocr_line' id='line_1_23' title="bbox 391 1715 3669 1796; baseline -0.002 -15"><span class='ocrx_word' id='word_1_164' title='bbox 391 1744 530 1785; x_wconf 82' lang='lat' dir='ltr'><strong>vero</strong></span> <span class='ocrx_word' id='word_1_165' title='bbox 560 1724 951 1796; x_wconf 81' lang='lat' dir='ltr'><strong>caStigationis</strong></span> <span class='ocrx_word' id='word_1_166' title='bbox 975 1737 1146 1779; x_wconf 82' lang='lat' dir='ltr'><strong>causa</strong></span> <span class='ocrx_word' id='word_1_167' title='bbox 1175 1723 1362 1777; x_wconf 76' lang='lat' dir='ltr'><strong>fervor</strong></span> <span class='ocrx_word' id='word_1_168' title='bbox 1394 1730 1500 1776; x_wconf 80' lang='lat' dir='ltr'><strong>est.</strong></span> <span class='ocrx_word' id='word_1_169' title='bbox 1545 1718 1704 1775; x_wconf 83' lang='lat' dir='ltr'><strong>Unde</strong></span> <span class='ocrx_word' id='word_1_170' title='bbox 1748 1719 1931 1774; x_wconf 89' lang='lat' dir='ltr'><strong>illud:</strong></span> <span class='ocrx_word' id='word_1_171' title='bbox 1978 1716 2134 1772; x_wconf 69' lang='lat' dir='ltr'><strong>«Lex</strong></span> <span class='ocrx_word' id='word_1_172' title='bbox 2186 1717 2327 1771; x_wconf 86' lang='lat' dir='ltr'><strong>iram</strong></span> <span class='ocrx_word' id='word_1_173' title='bbox 2373 1716 2638 1773; x_wconf 73' lang='lat' dir='ltr'><strong>allicit“.</strong></span> <span class='ocrx_word' id='word_1_174' title='bbox 2669 1735 2686 1768; x_wconf 74' lang='grc' dir='ltr'><strong>ι</strong></span> <span class='ocrx_word' id='word_1_175' title='bbox 2728 1715 3082 1786; x_wconf 79' lang='lat' dir='ltr'><strong>Quapropter</strong></span> <span class='ocrx_word' id='word_1_176' title='bbox 3142 1718 3365 1774; x_wconf 86' lang='lat' dir='ltr'><strong>animus</strong></span> <span class='ocrx_word' id='word_1_177' title='bbox 3428 1717 3669 1774; x_wconf 74' lang='lat' dir='ltr'><strong>Phinees</strong></span> 
     </span>
    </p>
   </div>
   <div class='ocr_carea' id='block_1_24' title="bbox 390 1804 3671 1880">
    <p class='ocr_par' dir='ltr' id='par_1_24' title="bbox 390 1804 3671 1880">
     <span class='ocr_line' id='line_1_24' title="bbox 390 1804 3671 1880; baseline -0.003 -8"><span class='ocrx_word' id='word_1_178' title='bbox 390 1814 823 1872; x_wconf 67' lang='lat' dir='ltr'><strong>mstuavitndeo</strong></span> <span class='ocrx_word' id='word_1_179' title='bbox 848 1822 1039 1868; x_wconf 80' lang='lat' dir='ltr'><strong>utnec</strong></span> <span class='ocrx_word' id='word_1_180' title='bbox 1085 1812 1454 1880; x_wconf 81' lang='lat' dir='ltr'><strong>interrogaret</strong></span> <span class='ocrx_word' id='word_1_181' title='bbox 1509 1809 1844 1879; x_wconf 81' lang='lat' dir='ltr'><strong>principem,</strong></span> <span class='ocrx_word' id='word_1_182' title='bbox 1892 1821 1996 1862; x_wconf 88' lang='lat' dir='ltr'><strong>nec</strong></span> <span class='ocrx_word' id='word_1_183' title='bbox 2053 1807 2353 1861; x_wconf 84' lang='lat' dir='ltr'><strong>consilium</strong></span> <span class='ocrx_word' id='word_1_184' title='bbox 2410 1814 2784 1876; x_wconf 77' lang='lat' dir='ltr'><strong>exspectaret.</strong></span> <span class='ocrx_word' id='word_1_185' title='bbox 2826 1804 2962 1860; x_wconf 87' lang='lat' dir='ltr'><strong>Nam</strong></span> <span class='ocrx_word' id='word_1_186' title='bbox 3014 1806 3240 1877; x_wconf 86' lang='lat' dir='ltr'><strong>pietatis</strong></span> <span class='ocrx_word' id='word_1_187' title='bbox 3296 1806 3671 1879; x_wconf 81' lang='lat' dir='ltr'><strong>prepugnator</strong></span> 
     </span>
    </p>
   </div>
   <div class='ocr_carea' id='block_1_25' title="bbox 392 1893 3670 1973">
    <p class='ocr_par' dir='ltr' id='par_1_25' title="bbox 392 1893 3670 1973">
     <span class='ocr_line' id='line_1_25' title="bbox 392 1893 3670 1973; baseline -0.003 -12"><span class='ocrx_word' id='word_1_188' title='bbox 392 1914 555 1967; x_wconf 86' lang='lat' dir='ltr'><strong>erat.</strong></span> <span class='ocrx_word' id='word_1_189' title='bbox 605 1912 661 1959; x_wconf 90' lang='lat' dir='ltr'><strong>et</strong></span> <span class='ocrx_word' id='word_1_190' title='bbox 710 1903 977 1973; x_wconf 78' lang='lat' dir='ltr'><strong>puniebat</strong></span> <span class='ocrx_word' id='word_1_191' title='bbox 1027 1901 1372 1971; x_wconf 85' lang='lat' dir='ltr'><strong>impietatem</strong></span> <span class='ocrx_word' id='word_1_192' title='bbox 1427 1898 1519 1954; x_wconf 85' lang='lat' dir='ltr'><strong>ubi</strong></span> <span class='ocrx_word' id='word_1_193' title='bbox 1570 1908 1724 1962; x_wconf 80' lang='lat' dir='ltr'><strong>erat,</strong></span> <span class='ocrx_word' id='word_1_194' title='bbox 1772 1911 1982 1965; x_wconf 85' lang='lat' dir='ltr'><strong>eosque</strong></span> <span class='ocrx_word' id='word_1_195' title='bbox 2036 1894 2284 1964; x_wconf 77' lang='lat' dir='ltr'><strong>singulos</strong></span> <span class='ocrx_word' id='word_1_196' title='bbox 2332 1896 2427 1963; x_wconf 91' lang='lat' dir='ltr'><strong>qui</strong></span> <span class='ocrx_word' id='word_1_197' title='bbox 2485 1893 2739 1949; x_wconf 78' lang='lat' dir='ltr'><strong>libidinis</strong></span> <span class='ocrx_word' id='word_1_198' title='bbox 2799 1896 2982 1948; x_wconf 83' lang='lat' dir='ltr'><strong>scelus</strong></span> <span class='ocrx_word' id='word_1_199' title='bbox 3041 1904 3421 1963; x_wconf 84' lang='lat' dir='ltr'><strong>patravera‘nt.</strong></span> <span class='ocrx_word' id='word_1_200' title='bbox 3482 1897 3670 1967; x_wconf 82' lang='grc' dir='ltr'>Καμι-</span> 
     </span>
    </p>
   </div>
   <div class='ocr_carea' id='block_1_26' title="bbox 396 1982 3673 2060">
    <p class='ocr_par' dir='ltr' id='par_1_26' title="bbox 396 1982 3673 2060">
     <span class='ocr_line' id='line_1_26' title="bbox 396 1982 3673 2060; baseline -0.003 -11"><span class='ocrx_word' id='word_1_201' title='bbox 396 1995 543 2049; x_wconf 83' lang='grc' dir='ltr'>νεῖον</span> <span class='ocrx_word' id='word_1_202' title='bbox 566 1992 713 2048; x_wconf 88' lang='lat' dir='ltr'><strong>enim</strong></span> <span class='ocrx_word' id='word_1_203' title='bbox 762 1988 994 2060; x_wconf 76' lang='lat' dir='ltr'><strong>Aquilus</strong></span> <span class='ocrx_word' id='word_1_204' title='bbox 1016 1989 1489 2060; x_wconf 76' lang='lat' dir='ltr'><strong>quidcm&#39;teclum,</strong></span> <span class='ocrx_word' id='word_1_205' title='bbox 1525 1985 1896 2057; x_wconf 77' lang='lat' dir='ltr'><strong>Symmachus</strong></span> <span class='ocrx_word' id='word_1_206' title='bbox 1930 1998 2061 2038; x_wconf 89' lang='lat' dir='ltr'><strong>vero</strong></span> <span class='ocrx_word' id='word_1_207' title='bbox 2087 1982 2449 2050; x_wconf 75' lang='lat' dir='ltr'><strong>prostibulum</strong></span> <span class='ocrx_word' id='word_1_208' title='bbox 2476 1984 2755 2052; x_wconf 82' lang='lat' dir='ltr'><strong>exposuit.</strong></span> <span class='ocrx_word' id='word_1_209' title='bbox 2813 1983 3084 2037; x_wconf 66' lang='lat' dir='ltr'><strong>Caeterum</strong></span> <span class='ocrx_word' id='word_1_210' title='bbox 3136 1990 3261 2038; x_wconf 82' lang='lat' dir='ltr'><strong>eum</strong></span> <span class='ocrx_word' id='word_1_211' title='bbox 3306 1983 3673 2039; x_wconf 74' lang='lat' dir='ltr'><strong>Providentiae</strong></span> 
     </span>
    </p>
   </div>
   <div class='ocr_carea' id='block_1_27' title="bbox 394 2068 3663 2146">
    <p class='ocr_par' dir='ltr' id='par_1_27' title="bbox 394 2068 3663 2146">
     <span class='ocr_line' id='line_1_27' title="bbox 394 2068 3663 2146; baseline -0.003 -9"><span class='ocrx_word' id='word_1_212' title='bbox 394 2082 656 2137; x_wconf 81' lang='lat' dir='ltr'><strong>minister</strong></span> <span class='ocrx_word' id='word_1_213' title='bbox 684 2087 855 2145; x_wconf 83' lang='lat' dir='ltr'><strong>esset,</strong></span> <span class='ocrx_word' id='word_1_214' title='bbox 888 2076 1040 2132; x_wconf 75' lang='lat' dir='ltr'><strong>facto</strong></span> <span class='ocrx_word' id='word_1_215' title='bbox 1080 2092 1186 2132; x_wconf 89' lang='lat' dir='ltr'><strong>suo</strong></span> <span class='ocrx_word' id='word_1_216' title='bbox 1244 2075 1514 2146; x_wconf 81' lang='lat' dir='ltr'><strong>singulari</strong></span> <span class='ocrx_word' id='word_1_217' title='bbox 1570 2073 1944 2128; x_wconf 86' lang='lat' dir='ltr'><strong>universalem</strong></span> <span class='ocrx_word' id='word_1_218' title='bbox 2003 2073 2219 2144; x_wconf 78' lang='lat' dir='ltr'><strong>plagam</strong></span> <span class='ocrx_word' id='word_1_219' title='bbox 2277 2073 2571 2128; x_wconf 75' lang='lat' dir='ltr'><strong>exstinxit.</strong></span> <span class='ocrx_word' id='word_1_220' title='bbox 2606 2071 2679 2127; x_wconf 87' lang='lat' dir='ltr'><strong>Ea</strong></span> <span class='ocrx_word' id='word_1_221' title='bbox 2704 2075 2909 2127; x_wconf 89' lang='lat' dir='ltr'><strong>etenim</strong></span> <span class='ocrx_word' id='word_1_222' title='bbox 2956 2075 3157 2128; x_wconf 90' lang='lat' dir='ltr'><strong>terrori</strong></span> <span class='ocrx_word' id='word_1_223' title='bbox 3194 2073 3417 2143; x_wconf 84' lang='lat' dir='ltr'><strong>quidem</strong></span> <span class='ocrx_word' id='word_1_224' title='bbox 3464 2068 3570 2129; x_wconf 82' lang='lat' dir='ltr'><strong>iuit</strong></span> <span class='ocrx_word' id='word_1_225' title='bbox 3605 2077 3663 2129; x_wconf 91' lang='lat' dir='ltr'><strong>in</strong></span> 
     </span>
    </p>
   </div>
   <div class='ocr_carea' id='block_1_28' title="bbox 403 2160 3669 2237">
    <p class='ocr_par' dir='ltr' id='par_1_28' title="bbox 403 2160 3669 2237">
     <span class='ocr_line' id='line_1_28' title="bbox 403 2160 3669 2237; baseline -0.002 -12"><span class='ocrx_word' id='word_1_226' title='bbox 403 2169 667 2231; x_wconf 77' lang='lat' dir='ltr'><strong>sublatis,</strong></span> <span class='ocrx_word' id='word_1_227' title='bbox 728 2167 847 2237; x_wconf 89' lang='lat' dir='ltr'><strong>ipse</strong></span> <span class='ocrx_word' id='word_1_228' title='bbox 875 2181 1005 2221; x_wconf 86' lang='lat' dir='ltr'><strong>vero</strong></span> <span class='ocrx_word' id='word_1_229' title='bbox 1060 2166 1224 2221; x_wconf 82' lang='lat' dir='ltr'><strong>etiam</strong></span> <span class='ocrx_word' id='word_1_230' title='bbox 1261 2180 1454 2219; x_wconf 83' lang='lat' dir='ltr'><strong>eorum</strong></span> <span class='ocrx_word' id='word_1_231' title='bbox 1490 2177 1777 2217; x_wconf 83' lang='lat' dir='ltr'><strong>numerum</strong></span> <span class='ocrx_word' id='word_1_232' title='bbox 1811 2161 2031 2215; x_wconf 91' lang='lat' dir='ltr'><strong>minuit.</strong></span> <span class='ocrx_word' id='word_1_233' title='bbox 2060 2163 2231 2233; x_wconf 79' lang='lat' dir='ltr'><strong>Atqui</strong></span> <span class='ocrx_word' id='word_1_234' title='bbox 2264 2171 2434 2218; x_wconf 68' lang='lat' dir='ltr'><strong>aestus</strong></span> <span class='ocrx_word' id='word_1_235' title='bbox 2465 2163 2560 2217; x_wconf 90' lang='lat' dir='ltr'><strong>ille</strong></span> <span class='ocrx_word' id='word_1_236' title='bbox 2582 2163 2677 2233; x_wconf 88' lang='lat' dir='ltr'><strong>qui</strong></span> <span class='ocrx_word' id='word_1_237' title='bbox 2715 2164 3026 2219; x_wconf 80' lang='lat' dir='ltr'><strong>exstinctus</strong></span> <span class='ocrx_word' id='word_1_238' title='bbox 3065 2178 3192 2218; x_wconf 86' lang='lat' dir='ltr'><strong>esse</strong></span> <span class='ocrx_word' id='word_1_239' title='bbox 3225 2164 3452 2229; x_wconf 86' lang='lat' dir='ltr'><strong>dicitur,</strong></span> <span class='ocrx_word' id='word_1_240' title='bbox 3500 2160 3669 2235; x_wconf 82' lang='lat' dir='ltr'><strong>justi-</strong></span> 
     </span>
    </p>
   </div>
   <div class='ocr_carea' id='block_1_29' title="bbox 402 2249 3667 2326">
    <p class='ocr_par' dir='ltr' id='par_1_29' title="bbox 402 2249 3667 2326">
     <span class='ocr_line' id='line_1_29' title="bbox 402 2249 3667 2326; baseline -0.001 -16"><span class='ocrx_word' id='word_1_241' title='bbox 402 2254 506 2323; x_wconf 80' lang='lat' dir='ltr'><strong>tia,</strong></span> <span class='ocrx_word' id='word_1_242' title='bbox 531 2272 651 2326; x_wconf 77' lang='lat' dir='ltr'><strong>quae</strong></span> <span class='ocrx_word' id='word_1_243' title='bbox 682 2267 876 2311; x_wconf 77' lang='lat' dir='ltr'><strong>contra</strong></span> <span class='ocrx_word' id='word_1_244' title='bbox 907 2269 1102 2310; x_wconf 85' lang='lat' dir='ltr'><strong>omnes</strong></span> <span class='ocrx_word' id='word_1_245' title='bbox 1124 2256 1342 2325; x_wconf 86' lang='lat' dir='ltr'><strong>ﬂagrat,</strong></span> <span class='ocrx_word' id='word_1_246' title='bbox 1375 2260 1481 2307; x_wconf 86' lang='lat' dir='ltr'><strong>est.</strong></span> <span class='ocrx_word' id='word_1_247' title='bbox 1517 2250 1693 2305; x_wconf 88' lang='lat' dir='ltr'><strong>Porro</strong></span> <span class='ocrx_word' id='word_1_248' title='bbox 1738 2249 2007 2321; x_wconf 77' lang='lat' dir='ltr'><strong>singulari</strong></span> <span class='ocrx_word' id='word_1_249' title='bbox 2064 2250 2169 2304; x_wconf 88' lang='lat' dir='ltr'><strong>hoc</strong></span> <span class='ocrx_word' id='word_1_250' title='bbox 2219 2264 2319 2305; x_wconf 86' lang='lat' dir='ltr'><strong>suo</strong></span> <span class='ocrx_word' id='word_1_251' title='bbox 2360 2250 2528 2316; x_wconf 83' lang='lat' dir='ltr'><strong>facto,</strong></span> <span class='ocrx_word' id='word_1_252' title='bbox 2558 2259 2616 2305; x_wconf 89' lang='lat' dir='ltr'><strong>et</strong></span> <span class='ocrx_word' id='word_1_253' title='bbox 2644 2251 2792 2319; x_wconf 87' lang='lat' dir='ltr'><strong>quod</strong></span> <span class='ocrx_word' id='word_1_254' title='bbox 2839 2250 3059 2323; x_wconf 80' lang='lat' dir='ltr'><strong>fervore</strong></span> <span class='ocrx_word' id='word_1_255' title='bbox 3097 2251 3191 2307; x_wconf 88' lang='lat' dir='ltr'><strong>Dei</strong></span> <span class='ocrx_word' id='word_1_256' title='bbox 3230 2266 3540 2307; x_wconf 82' lang='lat' dir='ltr'><strong>commotus</strong></span> <span class='ocrx_word' id='word_1_257' title='bbox 3561 2266 3667 2318; x_wconf 85' lang='lat' dir='ltr'><strong>est,</strong></span> 
     </span>
    </p>
   </div>
   <div class='ocr_carea' id='block_1_30' title="bbox 402 2337 3667 2410">
    <p class='ocr_par' dir='ltr' id='par_1_30' title="bbox 402 2337 3667 2410">
     <span class='ocr_line' id='line_1_30' title="bbox 402 2337 3667 2410; baseline -0.001 -12"><span class='ocrx_word' id='word_1_258' title='bbox 402 2344 651 2399; x_wconf 82' lang='lat' dir='ltr'><strong>divinam</strong></span> <span class='ocrx_word' id='word_1_259' title='bbox 678 2345 1020 2398; x_wconf 88' lang='lat' dir='ltr'><strong>voluntatem</strong></span> <span class='ocrx_word' id='word_1_260' title='bbox 1048 2351 1133 2398; x_wconf 90' lang='lat' dir='ltr'><strong>est</strong></span> <span class='ocrx_word' id='word_1_261' title='bbox 1162 2348 1523 2405; x_wconf 77' lang='lat' dir='ltr'><strong>consecutos,</strong></span> <span class='ocrx_word' id='word_1_262' title='bbox 1580 2339 1842 2408; x_wconf 88' lang='lat' dir='ltr'><strong>vicesque</strong></span> <span class='ocrx_word' id='word_1_263' title='bbox 1894 2337 2194 2401; x_wconf 83' lang='lat' dir='ltr'><strong>mactandi,</strong></span> <span class='ocrx_word' id='word_1_264' title='bbox 2252 2339 2458 2405; x_wconf 76' lang='lat' dir='ltr'><strong>ipsdm,</strong></span> <span class='ocrx_word' id='word_1_265' title='bbox 2511 2339 2764 2407; x_wconf 78' lang='lat' dir='ltr'><strong>inquam,</strong></span> <span class='ocrx_word' id='word_1_266' title='bbox 2829 2338 3209 2393; x_wconf 82' lang='lat' dir='ltr'><strong>sacerdotium</strong></span> <span class='ocrx_word' id='word_1_267' title='bbox 3261 2345 3348 2393; x_wconf 79' lang='lat' dir='ltr'><strong>est</strong></span> <span class='ocrx_word' id='word_1_268' title='bbox 3413 2342 3667 2410; x_wconf 81' lang='lat' dir='ltr'><strong>adeptus;</strong></span> 
     </span>
    </p>
   </div>
   <div class='ocr_carea' id='block_1_31' title="bbox 404 2422 3670 2502">
    <p class='ocr_par' dir='ltr' id='par_1_31' title="bbox 404 2422 3670 2502">
     <span class='ocr_line' id='line_1_31' title="bbox 404 2422 3670 2502; baseline -0.001 -17"><span class='ocrx_word' id='word_1_269' title='bbox 404 2427 705 2502; x_wconf 84' lang='lat' dir='ltr'><strong>Sanguinis</strong></span> <span class='ocrx_word' id='word_1_270' title='bbox 733 2430 882 2486; x_wconf 87' lang='lat' dir='ltr'><strong>enim</strong></span> <span class='ocrx_word' id='word_1_271' title='bbox 911 2431 1067 2484; x_wconf 84' lang='lat' dir='ltr'><strong>citati</strong></span> <span class='ocrx_word' id='word_1_272' title='bbox 1093 2428 1292 2485; x_wconf 77' lang='lat' dir='ltr'><strong>etlusio</strong></span> <span class='ocrx_word' id='word_1_273' title='bbox 1318 2426 1761 2482; x_wconf 82' lang='lat' dir='ltr'><strong>abominationis</strong></span> <span class='ocrx_word' id='word_1_274' title='bbox 1787 2422 1894 2480; x_wconf 83' lang='lat' dir='ltr'><strong>fuit</strong></span> <span class='ocrx_word' id='word_1_275' title='bbox 1926 2439 2148 2494; x_wconf 82' lang='lat' dir='ltr'><strong>expers.</strong></span> <span class='ocrx_word' id='word_1_276' title='bbox 2182 2426 2329 2492; x_wconf 86' lang='lat' dir='ltr'><strong>Quin</strong></span> <span class='ocrx_word' id='word_1_277' title='bbox 2357 2425 2413 2478; x_wconf 90' lang='lat' dir='ltr'><strong>id</strong></span> <span class='ocrx_word' id='word_1_278' title='bbox 2439 2427 2583 2496; x_wconf 66' lang='lat' dir='ltr'><strong>quoii</strong></span> <span class='ocrx_word' id='word_1_279' title='bbox 2622 2426 2748 2492; x_wconf 87' lang='lat' dir='ltr'><strong>jure</strong></span> <span class='ocrx_word' id='word_1_280' title='bbox 2782 2426 2852 2479; x_wconf 88' lang='lat' dir='ltr'><strong>ab</strong></span> <span class='ocrx_word' id='word_1_281' title='bbox 2877 2442 2943 2481; x_wconf 91' lang='lat' dir='ltr'><strong>eo</strong></span> <span class='ocrx_word' id='word_1_282' title='bbox 2979 2425 3189 2480; x_wconf 79' lang='lat' dir='ltr'><strong>factum</strong></span> <span class='ocrx_word' id='word_1_283' title='bbox 3243 2424 3448 2493; x_wconf 80' lang='lat' dir='ltr'><strong>fuerat,</strong></span> <span class='ocrx_word' id='word_1_284' title='bbox 3481 2426 3670 2482; x_wconf 86' lang='lat' dir='ltr'><strong>honu-</strong></span> 
     </span>
    </p>
   </div>
   <div class='ocr_carea' id='block_1_32' title="bbox 404 2514 3661 2586">
    <p class='ocr_par' dir='ltr' id='par_1_32' title="bbox 404 2514 3661 2586">
     <span class='ocr_line' id='line_1_32' title="bbox 404 2514 3661 2586; baseline -0.002 -10"><span class='ocrx_word' id='word_1_285' title='bbox 404 2534 523 2576; x_wconf 85' lang='lat' dir='ltr'><strong>rem</strong></span> <span class='ocrx_word' id='word_1_286' title='bbox 558 2519 778 2573; x_wconf 89' lang='lat' dir='ltr'><strong>meruit.</strong></span> <span class='ocrx_word' id='word_1_287' title='bbox 808 2518 1081 2585; x_wconf 76' lang='lat' dir='ltr'><strong>Quoniam</strong></span> <span class='ocrx_word' id='word_1_288' title='bbox 1120 2531 1251 2573; x_wconf 87' lang='lat' dir='ltr'><strong>vero</strong></span> <span class='ocrx_word' id='word_1_289' title='bbox 1287 2514 1561 2573; x_wconf 81' lang='lat' dir='ltr'><strong>interfecti</strong></span> <span class='ocrx_word' id='word_1_290' title='bbox 1590 2514 1832 2585; x_wconf 83' lang='lat' dir='ltr'><strong>insignes</strong></span> <span class='ocrx_word' id='word_1_291' title='bbox 1856 2526 1928 2568; x_wconf 72' lang='lat' dir='ltr'><strong>ac</strong></span> <span class='ocrx_word' id='word_1_292' title='bbox 1960 2514 2203 2570; x_wconf 85' lang='lat' dir='ltr'><strong>illustres</strong></span> <span class='ocrx_word' id='word_1_293' title='bbox 2223 2522 2401 2579; x_wconf 86' lang='lat' dir='ltr'><strong>erant,</strong></span> <span class='ocrx_word' id='word_1_294' title='bbox 2433 2528 2499 2568; x_wconf 89' lang='lat' dir='ltr'><strong>eo</strong></span> <span class='ocrx_word' id='word_1_295' title='bbox 2527 2515 2830 2586; x_wconf 83' lang='lat' dir='ltr'><strong>insigniora</strong></span> <span class='ocrx_word' id='word_1_296' title='bbox 2891 2520 3115 2585; x_wconf 86' lang='lat' dir='ltr'><strong>quoque</strong></span> <span class='ocrx_word' id='word_1_297' title='bbox 3152 2525 3346 2570; x_wconf 84' lang='lat' dir='ltr'><strong>eorum</strong></span> <span class='ocrx_word' id='word_1_298' title='bbox 3382 2516 3661 2586; x_wconf 82' lang='lat' dir='ltr'><strong>supplicia</strong></span> 
     </span>
    </p>
   </div>
   <div class='ocr_carea' id='block_1_33' title="bbox 400 2608 766 2663">
    <p class='ocr_par' dir='ltr' id='par_1_33' title="bbox 400 2608 766 2663">
     <span class='ocr_line' id='line_1_33' title="bbox 400 2608 766 2663; baseline -0.011 0"><span class='ocrx_word' id='word_1_299' title='bbox 400 2608 766 2663; x_wconf 76' lang='lat' dir='ltr'><strong>exstiterunt.</strong></span> 
     </span>
    </p>
   </div>
   <div class='ocr_carea' id='block_1_34' title="bbox 479 2686 3671 2764">
    <p class='ocr_par' dir='ltr' id='par_1_34' title="bbox 479 2686 3671 2764">
     <span class='ocr_line' id='line_1_34' title="bbox 479 2686 3671 2764; baseline 0.001 -15"><span class='ocrx_word' id='word_1_300' title='bbox 479 2695 702 2751; x_wconf 69' lang='lat' dir='ltr'><strong>Because</strong></span> <span class='ocrx_word' id='word_1_301' title='bbox 720 2701 882 2764; x_wconf 72' lang='lat' dir='ltr'><strong>caput</strong></span> <span class='ocrx_word' id='word_1_302' title='bbox 906 2692 1069 2746; x_wconf 81' lang='lat' dir='ltr'><strong>totius</strong></span> <span class='ocrx_word' id='word_1_303' title='bbox 1090 2703 1399 2761; x_wconf 64' lang='lat' dir='ltr'><strong>synagoga.</strong></span> <span class='ocrx_word' id='word_1_304' title='bbox 1427 2686 1729 2761; x_wconf 70' lang='lat' dir='ltr'><strong>[XXVI,2.]</strong></span> <span class='ocrx_word' id='word_1_305' title='bbox 1759 2687 2058 2758; x_wconf 79' lang='lat' dir='ltr'><strong>Postquam</strong></span> <span class='ocrx_word' id='word_1_306' title='bbox 2091 2687 2392 2744; x_wconf 86' lang='lat' dir='ltr'><strong>indicasset</strong></span> <span class='ocrx_word' id='word_1_307' title='bbox 2416 2691 2678 2761; x_wconf 91' lang='lat' dir='ltr'><strong>populum</strong></span> <span class='ocrx_word' id='word_1_308' title='bbox 2716 2700 2874 2747; x_wconf 82' lang='lat' dir='ltr'><strong>extra</strong></span> <span class='ocrx_word' id='word_1_309' title='bbox 2912 2692 3214 2748; x_wconf 88' lang='lat' dir='ltr'><strong>terminum</strong></span> <span class='ocrx_word' id='word_1_310' title='bbox 3248 2709 3277 2747; x_wconf 87' lang='lat' dir='ltr'><strong>a</strong></span> <span class='ocrx_word' id='word_1_311' title='bbox 3315 2692 3425 2751; x_wconf 88' lang='lat' dir='ltr'><strong>Deo</strong></span> <span class='ocrx_word' id='word_1_312' title='bbox 3464 2699 3671 2751; x_wconf 84' lang='lat' dir='ltr'><strong>consti-</strong></span> 
     </span>
    </p>
   </div>
   <div class='ocr_carea' id='block_1_35' title="bbox 406 2776 3671 2850">
    <p class='ocr_par' dir='ltr' id='par_1_35' title="bbox 406 2776 3671 2850">
     <span class='ocr_line' id='line_1_35' title="bbox 406 2776 3671 2850; baseline 0.001 -13"><span class='ocrx_word' id='word_1_313' title='bbox 406 2792 589 2838; x_wconf 89' lang='lat' dir='ltr'><strong>tutum</strong></span> <span class='ocrx_word' id='word_1_314' title='bbox 624 2783 863 2847; x_wconf 89' lang='lat' dir='ltr'><strong>venisse,</strong></span> <span class='ocrx_word' id='word_1_315' title='bbox 894 2780 1095 2835; x_wconf 87' lang='lat' dir='ltr'><strong>iterum</strong></span> <span class='ocrx_word' id='word_1_316' title='bbox 1130 2793 1284 2832; x_wconf 84' lang='lat' dir='ltr'><strong>nunc</strong></span> <span class='ocrx_word' id='word_1_317' title='bbox 1317 2776 1378 2831; x_wconf 94' lang='lat' dir='ltr'><strong>in</strong></span> <span class='ocrx_word' id='word_1_318' title='bbox 1435 2776 1647 2831; x_wconf 75' lang='lat' dir='ltr'><strong>militia:</strong></span> <span class='ocrx_word' id='word_1_319' title='bbox 1676 2777 1995 2831; x_wconf 90' lang='lat' dir='ltr'><strong>idoneorum</strong></span> <span class='ocrx_word' id='word_1_320' title='bbox 2036 2791 2326 2831; x_wconf 90' lang='lat' dir='ltr'><strong>numerum</strong></span> <span class='ocrx_word' id='word_1_321' title='bbox 2377 2778 2654 2848; x_wconf 83' lang='lat' dir='ltr'><strong>inquirit;</strong></span> <span class='ocrx_word' id='word_1_322' title='bbox 2688 2795 2813 2833; x_wconf 88' lang='lat' dir='ltr'><strong>cum</strong></span> <span class='ocrx_word' id='word_1_323' title='bbox 2850 2781 2997 2834; x_wconf 89' lang='lat' dir='ltr'><strong>enim</strong></span> <span class='ocrx_word' id='word_1_324' title='bbox 3034 2788 3222 2850; x_wconf 83' lang='lat' dir='ltr'><strong>patres</strong></span> <span class='ocrx_word' id='word_1_325' title='bbox 3255 2793 3384 2838; x_wconf 88' lang='lat' dir='ltr'><strong>ante</strong></span> <span class='ocrx_word' id='word_1_326' title='bbox 3412 2788 3671 2840; x_wconf 80' lang='lat' dir='ltr'><strong>recensiti</strong></span> 
     </span>
    </p>
   </div>
   <div class='ocr_carea' id='block_1_36' title="bbox 407 2857 3669 2933">
    <p class='ocr_par' dir='ltr' id='par_1_36' title="bbox 407 2857 3669 2933">
     <span class='ocr_line' id='line_1_36' title="bbox 407 2857 3669 2933; baseline -0.002 -6"><span class='ocrx_word' id='word_1_327' title='bbox 407 2870 825 2933; x_wconf 82' lang='lat' dir='ltr'><strong>occubuissent,</strong></span> <span class='ocrx_word' id='word_1_328' title='bbox 851 2868 950 2921; x_wconf 80' lang='lat' dir='ltr'><strong>lilii</strong></span> <span class='ocrx_word' id='word_1_329' title='bbox 980 2867 1229 2933; x_wconf 87' lang='lat' dir='ltr'><strong>ipsorum</strong></span> <span class='ocrx_word' id='word_1_330' title='bbox 1261 2862 1330 2917; x_wconf 87' lang='lat' dir='ltr'><strong>ad</strong></span> <span class='ocrx_word' id='word_1_331' title='bbox 1369 2863 1647 2918; x_wconf 86' lang='lat' dir='ltr'><strong>calculum</strong></span> <span class='ocrx_word' id='word_1_332' title='bbox 1679 2873 1971 2918; x_wconf 77' lang='lat' dir='ltr'><strong>vocantur.</strong></span> <span class='ocrx_word' id='word_1_333' title='bbox 2010 2865 2190 2932; x_wconf 77' lang='lat' dir='ltr'><strong>Atque</strong></span> <span class='ocrx_word' id='word_1_334' title='bbox 2246 2857 2367 2918; x_wconf 76' lang='lat' dir='ltr'><strong>hoc&#39;</strong></span> <span class='ocrx_word' id='word_1_335' title='bbox 2395 2879 2531 2920; x_wconf 84' lang='lat' dir='ltr'><strong>sane</strong></span> <span class='ocrx_word' id='word_1_336' title='bbox 2580 2865 2718 2921; x_wconf 89' lang='lat' dir='ltr'><strong>illud</strong></span> <span class='ocrx_word' id='word_1_337' title='bbox 2780 2874 2888 2930; x_wconf 88' lang='lat' dir='ltr'><strong>est,</strong></span> <span class='ocrx_word' id='word_1_338' title='bbox 2951 2868 3099 2931; x_wconf 84' lang='lat' dir='ltr'><strong>quod</strong></span> <span class='ocrx_word' id='word_1_339' title='bbox 3145 2867 3315 2923; x_wconf 81' lang='lat' dir='ltr'><strong>David</strong></span> <span class='ocrx_word' id='word_1_340' title='bbox 3374 2869 3669 2928; x_wconf 87' lang='lat' dir='ltr'><strong>Dominum</strong></span> 
     </span>
    </p>
   </div>
   <div class='ocr_carea' id='block_1_37' title="bbox 406 2950 3671 3027">
    <p class='ocr_par' dir='ltr' id='par_1_37' title="bbox 406 2950 3671 3027">
     <span class='ocr_line' id='line_1_37' title="bbox 406 2950 3671 3027; baseline 0.001 -15"><span class='ocrx_word' id='word_1_341' title='bbox 406 2957 621 3014; x_wconf 78' lang='lat' dir='ltr'><strong>dixisse</strong></span> <span class='ocrx_word' id='word_1_342' title='bbox 673 2956 894 3027; x_wconf 85' lang='lat' dir='ltr'><strong>inquit:</strong></span> <span class='ocrx_word' id='word_1_343' title='bbox 930 2972 948 3006; x_wconf 77' lang='grc' dir='ltr'><strong>ι</strong></span> <span class='ocrx_word' id='word_1_344' title='bbox 1005 2953 1065 3008; x_wconf 88' lang='lat' dir='ltr'><strong>Si</strong></span> <span class='ocrx_word' id='word_1_345' title='bbox 1096 2950 1478 3022; x_wconf 86' lang='lat' dir='ltr'><strong>ingredientur</strong></span> <span class='ocrx_word' id='word_1_346' title='bbox 1515 2950 1575 3005; x_wconf 91' lang='lat' dir='ltr'><strong>in</strong></span> <span class='ocrx_word' id='word_1_347' title='bbox 1596 2951 1843 3020; x_wconf 84' lang='lat' dir='ltr'><strong>requiem</strong></span> <span class='ocrx_word' id='word_1_348' title='bbox 1884 2951 2145 3016; x_wconf 82' lang='lat' dir='ltr'><strong>meam&quot;,</strong></span> <span class='ocrx_word' id='word_1_349' title='bbox 2172 2969 2192 3003; x_wconf 71' lang='grc' dir='ltr'><strong>ι</strong></span> <span class='ocrx_word' id='word_1_350' title='bbox 2223 2960 2281 3006; x_wconf 91' lang='lat' dir='ltr'><strong>et</strong></span> <span class='ocrx_word' id='word_1_351' title='bbox 2318 2968 2442 3022; x_wconf 70' lang='lat' dir='ltr'><strong>qua:</strong></span> <span class='ocrx_word' id='word_1_352' title='bbox 2498 2954 2767 3024; x_wconf 87' lang='lat' dir='ltr'><strong>deinceps</strong></span> <span class='ocrx_word' id='word_1_353' title='bbox 2815 2964 3147 3023; x_wconf 87' lang='lat' dir='ltr'><strong>sequuntur.</strong></span> <span class='ocrx_word' id='word_1_354' title='bbox 3206 2957 3454 3022; x_wconf 86' lang='lat' dir='ltr'><strong>Quorum</strong></span> <span class='ocrx_word' id='word_1_355' title='bbox 3508 2960 3671 3015; x_wconf 76' lang='lat' dir='ltr'><strong>liberi</strong></span> 
     </span>
    </p>
   </div>
   <div class='ocr_carea' id='block_1_38' title="bbox 410 3038 3671 3117">
    <p class='ocr_par' dir='ltr' id='par_1_38' title="bbox 410 3038 3671 3117">
     <span class='ocr_line' id='line_1_38' title="bbox 410 3038 3671 3117; baseline 0.001 -17"><span class='ocrx_word' id='word_1_356' title='bbox 410 3046 605 3117; x_wconf 81' lang='lat' dir='ltr'><strong>utique</strong></span> <span class='ocrx_word' id='word_1_357' title='bbox 633 3044 867 3099; x_wconf 76' lang='lat' dir='ltr'><strong>formam</strong></span> <span class='ocrx_word' id='word_1_358' title='bbox 900 3042 1153 3098; x_wconf 79' lang='lat' dir='ltr'><strong>terebant</strong></span> <span class='ocrx_word' id='word_1_359' title='bbox 1183 3038 1358 3093; x_wconf 80' lang='lat' dir='ltr'><strong>iidelis</strong></span> <span class='ocrx_word' id='word_1_360' title='bbox 1381 3038 1592 3109; x_wconf 89' lang='lat' dir='ltr'><strong>populi,</strong></span> <span class='ocrx_word' id='word_1_361' title='bbox 1623 3039 1718 3108; x_wconf 91' lang='lat' dir='ltr'><strong>qui</strong></span> <span class='ocrx_word' id='word_1_362' title='bbox 1761 3038 1926 3093; x_wconf 79' lang='lat' dir='ltr'><strong>ﬁnem</strong></span> <span class='ocrx_word' id='word_1_363' title='bbox 1956 3039 2116 3108; x_wconf 85' lang='lat' dir='ltr'><strong>legis,</strong></span> <span class='ocrx_word' id='word_1_364' title='bbox 2149 3040 2439 3096; x_wconf 85' lang='lat' dir='ltr'><strong>Christum</strong></span> <span class='ocrx_word' id='word_1_365' title='bbox 2503 3043 2733 3112; x_wconf 86' lang='lat' dir='ltr'><strong>recepit.</strong></span> <span class='ocrx_word' id='word_1_366' title='bbox 2769 3040 3128 3098; x_wconf 87' lang='lat' dir='ltr'><strong>Tinctionem</strong></span> <span class='ocrx_word' id='word_1_367' title='bbox 3162 3044 3294 3099; x_wconf 81' lang='lat' dir='ltr'><strong>item</strong></span> <span class='ocrx_word' id='word_1_368' title='bbox 3324 3048 3671 3116; x_wconf 87' lang='lat' dir='ltr'><strong>spiritualem</strong></span> 
     </span>
    </p>
   </div>
   <div class='ocr_carea' id='block_1_39' title="bbox 407 3126 3670 3204">
    <p class='ocr_par' dir='ltr' id='par_1_39' title="bbox 407 3126 3670 3204">
     <span class='ocr_line' id='line_1_39' title="bbox 407 3126 3670 3204; baseline 0.001 -16"><span class='ocrx_word' id='word_1_369' title='bbox 407 3149 538 3204; x_wconf 65' lang='lat' dir='ltr'><strong>qua</strong></span> <span class='ocrx_word' id='word_1_370' title='bbox 563 3131 919 3188; x_wconf 83' lang='lat' dir='ltr'><strong>circumcisio</strong></span> <span class='ocrx_word' id='word_1_371' title='bbox 936 3137 1074 3185; x_wconf 89' lang='lat' dir='ltr'><strong>teste</strong></span> <span class='ocrx_word' id='word_1_372' title='bbox 1099 3127 1272 3182; x_wconf 89' lang='lat' dir='ltr'><strong>Paulo</strong></span> <span class='ocrx_word' id='word_1_373' title='bbox 1296 3128 1521 3183; x_wconf 79' lang='lat' dir='ltr'><strong>exsistit</strong></span> <span class='ocrx_word' id='word_1_374' title='bbox 1552 3143 1568 3181; x_wconf 87' lang='lat'><strong>:</strong></span> <span class='ocrx_word' id='word_1_375' title='bbox 1603 3147 1625 3179; x_wconf 73' lang='grc' dir='ltr'><strong>ι</strong></span> <span class='ocrx_word' id='word_1_376' title='bbox 1646 3126 1758 3183; x_wconf 80' lang='lat' dir='ltr'><strong>Nos</strong></span> <span class='ocrx_word' id='word_1_377' title='bbox 1796 3128 1941 3182; x_wconf 90' lang='lat' dir='ltr'><strong>enim</strong></span> <span class='ocrx_word' id='word_1_378' title='bbox 1966 3141 2185 3193; x_wconf 89' lang='lat' dir='ltr'><strong>sumus,</strong></span> <span class='ocrx_word' id='word_1_379' title='bbox 2220 3127 2424 3194; x_wconf 82' lang='lat' dir='ltr'><strong>inquit,</strong></span> <span class='ocrx_word' id='word_1_380' title='bbox 2462 3131 2825 3186; x_wconf 86' lang='lat' dir='ltr'><strong>circumcisio</strong></span> <span class='ocrx_word' id='word_1_381' title='bbox 2858 3140 3136 3201; x_wconf 88' lang='lat' dir='ltr'><strong>quotquot</strong></span> <span class='ocrx_word' id='word_1_382' title='bbox 3170 3132 3227 3186; x_wconf 84' lang='lat' dir='ltr'><strong>iit</strong></span> <span class='ocrx_word' id='word_1_383' title='bbox 3261 3135 3461 3203; x_wconf 80' lang='lat' dir='ltr'><strong>spiritu</strong></span> <span class='ocrx_word' id='word_1_384' title='bbox 3502 3135 3670 3191; x_wconf 81' lang='lat' dir='ltr'><strong>Deum</strong></span> 
     </span>
    </p>
   </div>
   <div class='ocr_carea' id='block_1_40' title="bbox 408 3214 3671 3296">
    <p class='ocr_par' dir='ltr' id='par_1_40' title="bbox 408 3214 3671 3296">
     <span class='ocr_line' id='line_1_40' title="bbox 408 3214 3671 3296; baseline 0.001 -21"><span class='ocrx_word' id='word_1_385' title='bbox 408 3220 652 3276; x_wconf 85' lang='lat' dir='ltr'><strong>colimus</strong></span> <span class='ocrx_word' id='word_1_386' title='bbox 670 3217 736 3274; x_wconf 75' lang='lat'><strong>“.</strong></span> <span class='ocrx_word' id='word_1_387' title='bbox 761 3238 779 3270; x_wconf 76' lang='grc' dir='ltr'><strong>ι</strong></span> <span class='ocrx_word' id='word_1_388' title='bbox 813 3218 879 3272; x_wconf 85' lang='grc' dir='ltr'>Ει</span> <span class='ocrx_word' id='word_1_389' title='bbox 903 3219 1107 3272; x_wconf 89' lang='lat' dir='ltr'><strong>iterum</strong></span> <span class='ocrx_word' id='word_1_390' title='bbox 1140 3234 1154 3271; x_wconf 92' lang='lat'><strong>:</strong></span> <span class='ocrx_word' id='word_1_391' title='bbox 1194 3236 1212 3268; x_wconf 78' lang='grc' dir='ltr'><strong>ι</strong></span> <span class='ocrx_word' id='word_1_392' title='bbox 1237 3214 1569 3271; x_wconf 88' lang='lat' dir='ltr'><strong>Circumcisi</strong></span> <span class='ocrx_word' id='word_1_393' title='bbox 1604 3216 1741 3269; x_wconf 91' lang='lat' dir='ltr'><strong>estis</strong></span> <span class='ocrx_word' id='word_1_394' title='bbox 1780 3215 1901 3268; x_wconf 86' lang='lat' dir='ltr'><strong>sine</strong></span> <span class='ocrx_word' id='word_1_395' title='bbox 1932 3229 2129 3269; x_wconf 88' lang='lat' dir='ltr'><strong>manus</strong></span> <span class='ocrx_word' id='word_1_396' title='bbox 2170 3216 2483 3272; x_wconf 91' lang='lat' dir='ltr'><strong>ministerio</strong></span> <span class='ocrx_word' id='word_1_397' title='bbox 2504 3219 2573 3272; x_wconf 66' lang='grc' dir='ltr'><strong>εί.</strong></span> <span class='ocrx_word' id='word_1_398' title='bbox 2599 3236 2619 3269; x_wconf 76' lang='grc' dir='ltr'><strong>ι</strong></span> <span class='ocrx_word' id='word_1_399' title='bbox 2657 3218 2905 3286; x_wconf 82' lang='lat' dir='ltr'><strong>Quorum</strong></span> <span class='ocrx_word' id='word_1_400' title='bbox 2937 3226 3129 3291; x_wconf 89' lang='lat' dir='ltr'><strong>typum</strong></span> <span class='ocrx_word' id='word_1_401' title='bbox 3166 3223 3308 3292; x_wconf 88' lang='lat' dir='ltr'><strong>gerit</strong></span> <span class='ocrx_word' id='word_1_402' title='bbox 3370 3221 3543 3280; x_wconf 84' lang='lat' dir='ltr'><strong>Josue</strong></span> <span class='ocrx_word' id='word_1_403' title='bbox 3575 3223 3671 3296; x_wconf 88' lang='lat' dir='ltr'><strong>qui</strong></span> 
     </span>
    </p>
   </div>
   <div class='ocr_carea' id='block_1_41' title="bbox 414 3301 3675 3381">
    <p class='ocr_par' dir='ltr' id='par_1_41' title="bbox 414 3301 3675 3381">
     <span class='ocr_line' id='line_1_41' title="bbox 414 3301 3675 3381; baseline 0.002 -17"><span class='ocrx_word' id='word_1_404' title='bbox 414 3314 667 3381; x_wconf 78' lang='lat' dir='ltr'><strong>posteros</strong></span> <span class='ocrx_word' id='word_1_405' title='bbox 692 3305 1058 3363; x_wconf 85' lang='lat' dir='ltr'><strong>circumcidit.</strong></span> <span class='ocrx_word' id='word_1_406' title='bbox 1094 3302 1201 3357; x_wconf 92' lang='lat' dir='ltr'><strong>Sed</strong></span> <span class='ocrx_word' id='word_1_407' title='bbox 1225 3302 1489 3373; x_wconf 87' lang='lat' dir='ltr'><strong>quoniam</strong></span> <span class='ocrx_word' id='word_1_408' title='bbox 1525 3317 1634 3355; x_wconf 89' lang='lat' dir='ltr'><strong>non</strong></span> <span class='ocrx_word' id='word_1_409' title='bbox 1663 3317 1795 3355; x_wconf 82' lang='lat' dir='ltr'><strong>vera</strong></span> <span class='ocrx_word' id='word_1_410' title='bbox 1833 3301 1926 3355; x_wconf 90' lang='lat' dir='ltr'><strong>illa</strong></span> <span class='ocrx_word' id='word_1_411' title='bbox 1978 3303 2332 3360; x_wconf 87' lang='lat' dir='ltr'><strong>circumcisio</strong></span> <span class='ocrx_word' id='word_1_412' title='bbox 2386 3305 2512 3373; x_wconf 79' lang='lat' dir='ltr'><strong>fuit,</strong></span> <span class='ocrx_word' id='word_1_413' title='bbox 2573 3306 2781 3361; x_wconf 91' lang='lat' dir='ltr'><strong>dicitur</strong></span> <span class='ocrx_word' id='word_1_414' title='bbox 2834 3307 3003 3380; x_wconf 63' lang='grc'><strong>424</strong></span> <span class='ocrx_word' id='word_1_415' title='bbox 3051 3309 3256 3364; x_wconf 86' lang='lat' dir='ltr'><strong>alicubi</strong></span> <span class='ocrx_word' id='word_1_416' title='bbox 3298 3329 3310 3365; x_wconf 90' lang='lat'><strong>:</strong></span> <span class='ocrx_word' id='word_1_417' title='bbox 3347 3330 3363 3363; x_wconf 79' lang='grc' dir='ltr'><strong>ι</strong></span> <span class='ocrx_word' id='word_1_418' title='bbox 3388 3311 3675 3370; x_wconf 71' lang='lat' dir='ltr'><strong>Praecidito</strong></span> 
     </span>
    </p>
   </div>
   <div class='ocr_carea' id='block_1_42' title="bbox 410 3388 3671 3471">
    <p class='ocr_par' dir='ltr' id='par_1_42' title="bbox 410 3388 3671 3471">
     <span class='ocr_line' id='line_1_42' title="bbox 410 3388 3671 3471; baseline 0.002 -21"><span class='ocrx_word' id='word_1_419' title='bbox 410 3394 597 3450; x_wconf 80' lang='lat' dir='ltr'><strong>cordis</strong></span> <span class='ocrx_word' id='word_1_420' title='bbox 646 3394 814 3449; x_wconf 89' lang='lat' dir='ltr'><strong>vestri</strong></span> <span class='ocrx_word' id='word_1_421' title='bbox 846 3392 1110 3448; x_wconf 88' lang='lat' dir='ltr'><strong>duritiam</strong></span> <span class='ocrx_word' id='word_1_422' title='bbox 1127 3390 1194 3443; x_wconf 75' lang='lat'><strong>&quot;.</strong></span> <span class='ocrx_word' id='word_1_423' title='bbox 1216 3404 1235 3443; x_wconf 71' lang='grc' dir='ltr'><em>ε</em></span> <span class='ocrx_word' id='word_1_424' title='bbox 1273 3389 1545 3444; x_wconf 81' lang='lat' dir='ltr'><strong>Recen‘set</strong></span> <span class='ocrx_word' id='word_1_425' title='bbox 1575 3389 1764 3458; x_wconf 87' lang='lat' dir='ltr'><strong>itaque</strong></span> <span class='ocrx_word' id='word_1_426' title='bbox 1816 3388 1961 3444; x_wconf 78' lang='lat' dir='ltr'><strong>ﬁlios</strong></span> <span class='ocrx_word' id='word_1_427' title='bbox 2026 3391 2439 3459; x_wconf 80' lang='lat' dir='ltr'><strong>defunctorum,</strong></span> <span class='ocrx_word' id='word_1_428' title='bbox 2479 3409 2670 3449; x_wconf 88' lang='lat' dir='ltr'><strong>verum</strong></span> <span class='ocrx_word' id='word_1_429' title='bbox 2713 3410 2827 3449; x_wconf 91' lang='lat' dir='ltr'><strong>non</strong></span> <span class='ocrx_word' id='word_1_430' title='bbox 2864 3411 2930 3451; x_wconf 89' lang='lat' dir='ltr'><strong>co</strong></span> <span class='ocrx_word' id='word_1_431' title='bbox 2960 3398 3148 3465; x_wconf 87' lang='lat' dir='ltr'><strong>modo,</strong></span> <span class='ocrx_word' id='word_1_432' title='bbox 3180 3407 3292 3469; x_wconf 78' lang='lat' dir='ltr'><strong>quo&quot;</strong></span> <span class='ocrx_word' id='word_1_433' title='bbox 3326 3416 3503 3471; x_wconf 88' lang='lat' dir='ltr'><strong>nuper</strong></span> <span class='ocrx_word' id='word_1_434' title='bbox 3534 3417 3671 3458; x_wconf 87' lang='lat' dir='ltr'><strong>usus</strong></span> 
     </span>
    </p>
   </div>
   <div class='ocr_carea' id='block_1_43' title="bbox 412 3476 3671 3554">
    <p class='ocr_par' dir='ltr' id='par_1_43' title="bbox 412 3476 3671 3554">
     <span class='ocr_line' id='line_1_43' title="bbox 412 3476 3671 3554; baseline 0.002 -17"><span class='ocrx_word' id='word_1_435' title='bbox 412 3493 555 3548; x_wconf 89' lang='lat' dir='ltr'><strong>erat,</strong></span> <span class='ocrx_word' id='word_1_436' title='bbox 591 3483 767 3552; x_wconf 87' lang='lat' dir='ltr'><strong>primo</strong></span> <span class='ocrx_word' id='word_1_437' title='bbox 791 3481 1047 3536; x_wconf 90' lang='lat' dir='ltr'><strong>videlicet</strong></span> <span class='ocrx_word' id='word_1_438' title='bbox 1078 3477 1419 3533; x_wconf 88' lang='lat' dir='ltr'><strong>numerando</strong></span> <span class='ocrx_word' id='word_1_439' title='bbox 1462 3476 1640 3532; x_wconf 89' lang='lat' dir='ltr'><strong>tribus</strong></span> <span class='ocrx_word' id='word_1_440' title='bbox 1679 3490 1803 3547; x_wconf 66' lang='lat' dir='ltr'><strong>quae</strong></span> <span class='ocrx_word' id='word_1_441' title='bbox 1829 3492 1893 3530; x_wconf 81' lang='lat' dir='ltr'><strong>ex</strong></span> <span class='ocrx_word' id='word_1_442' title='bbox 1926 3478 2119 3534; x_wconf 87' lang='lat' dir='ltr'><strong>liberis</strong></span> <span class='ocrx_word' id='word_1_443' title='bbox 2154 3481 2518 3546; x_wconf 79' lang='lat' dir='ltr'><strong>canstabant,</strong></span> <span class='ocrx_word' id='word_1_444' title='bbox 2563 3480 2768 3536; x_wconf 89' lang='lat' dir='ltr'><strong>deinde</strong></span> <span class='ocrx_word' id='word_1_445' title='bbox 2827 3498 2926 3537; x_wconf 92' lang='lat' dir='ltr'><strong>eos</strong></span> <span class='ocrx_word' id='word_1_446' title='bbox 2985 3484 3079 3553; x_wconf 86' lang='lat' dir='ltr'><strong>qui</strong></span> <span class='ocrx_word' id='word_1_447' title='bbox 3115 3498 3181 3540; x_wconf 81' lang='lat' dir='ltr'><strong>ex</strong></span> <span class='ocrx_word' id='word_1_448' title='bbox 3206 3488 3384 3541; x_wconf 86' lang='lat' dir='ltr'><strong>servis</strong></span> <span class='ocrx_word' id='word_1_449' title='bbox 3415 3505 3429 3554; x_wconf 93' lang='lat'><strong>;</strong></span> <span class='ocrx_word' id='word_1_450' title='bbox 3464 3489 3671 3543; x_wconf 89' lang='lat' dir='ltr'><strong>nullam</strong></span> 
     </span>
    </p>
   </div>
   <div class='ocr_carea' id='block_1_44' title="bbox 413 3564 3674 3636">
    <p class='ocr_par' dir='ltr' id='par_1_44' title="bbox 413 3564 3674 3636">
     <span class='ocr_line' id='line_1_44' title="bbox 413 3564 3674 3636; baseline 0.001 -10"><span class='ocrx_word' id='word_1_451' title='bbox 413 3573 564 3627; x_wconf 87' lang='lat' dir='ltr'><strong>enim</strong></span> <span class='ocrx_word' id='word_1_452' title='bbox 600 3571 869 3624; x_wconf 89' lang='lat' dir='ltr'><strong>rationem</strong></span> <span class='ocrx_word' id='word_1_453' title='bbox 926 3567 1223 3635; x_wconf 91' lang='lat' dir='ltr'><strong>utriusque</strong></span> <span class='ocrx_word' id='word_1_454' title='bbox 1286 3564 1503 3635; x_wconf 84' lang='lat' dir='ltr'><strong>generis</strong></span> <span class='ocrx_word' id='word_1_455' title='bbox 1552 3565 1738 3620; x_wconf 86' lang='lat' dir='ltr'><strong>habet.-</strong></span> <span class='ocrx_word' id='word_1_456' title='bbox 1771 3565 1849 3619; x_wconf 76' lang='lat' dir='ltr'><strong>Ac</strong></span> <span class='ocrx_word' id='word_1_457' title='bbox 1885 3566 2067 3635; x_wconf 88' lang='lat' dir='ltr'><strong>primo</strong></span> <span class='ocrx_word' id='word_1_458' title='bbox 2126 3567 2349 3636; x_wconf 88' lang='lat' dir='ltr'><strong>quidem</strong></span> <span class='ocrx_word' id='word_1_459' title='bbox 2411 3568 2611 3622; x_wconf 85' lang='lat' dir='ltr'><strong>recitat</strong></span> <span class='ocrx_word' id='word_1_460' title='bbox 2641 3584 2705 3623; x_wconf 84' lang='lat' dir='ltr'><strong>ex</strong></span> <span class='ocrx_word' id='word_1_461' title='bbox 2750 3568 2899 3625; x_wconf 85' lang='lat' dir='ltr'><strong>tribu</strong></span> <span class='ocrx_word' id='word_1_462' title='bbox 2956 3571 3332 3627; x_wconf 70' lang='lat' dir='ltr'><strong>delebtiSsima</strong></span> <span class='ocrx_word' id='word_1_463' title='bbox 3366 3572 3493 3629; x_wconf 83' lang='lat' dir='ltr'><strong>Levi</strong></span> <span class='ocrx_word' id='word_1_464' title='bbox 3532 3575 3674 3631; x_wconf 80' lang='lat' dir='ltr'><strong>lilios‘</strong></span> 
     </span>
    </p>
   </div>
   <div class='ocr_carea' id='block_1_45' title="bbox 413 3652 3674 3731">
    <p class='ocr_par' dir='ltr' id='par_1_45' title="bbox 413 3652 3674 3731">
     <span class='ocr_line' id='line_1_45' title="bbox 413 3652 3674 3731; baseline 0.002 -17"><span class='ocrx_word' id='word_1_465' title='bbox 413 3660 659 3731; x_wconf 88' lang='lat' dir='ltr'><strong>quinque</strong></span> <span class='ocrx_word' id='word_1_466' title='bbox 702 3654 844 3724; x_wconf 71' lang='lat' dir='ltr'><strong>Lem,</strong></span> <span class='ocrx_word' id='word_1_467' title='bbox 874 3670 939 3712; x_wconf 88' lang='lat' dir='ltr'><strong>eo</strong></span> <span class='ocrx_word' id='word_1_468' title='bbox 970 3654 1116 3726; x_wconf 82' lang='lat' dir='ltr'><strong>quod</strong></span> <span class='ocrx_word' id='word_1_469' title='bbox 1144 3654 1428 3724; x_wconf 85' lang='lat' dir='ltr'><strong>proprium</strong></span> <span class='ocrx_word' id='word_1_470' title='bbox 1460 3652 1709 3707; x_wconf 86' lang='lat' dir='ltr'><strong>ordinem</strong></span> <span class='ocrx_word' id='word_1_471' title='bbox 1764 3652 2025 3709; x_wconf 89' lang='lat' dir='ltr'><strong>habitura</strong></span> <span class='ocrx_word' id='word_1_472' title='bbox 2066 3658 2237 3720; x_wconf 86' lang='lat' dir='ltr'><strong>esset,</strong></span> <span class='ocrx_word' id='word_1_473' title='bbox 2263 3657 2563 3712; x_wconf 89' lang='lat' dir='ltr'><strong>ministerii</strong></span> <span class='ocrx_word' id='word_1_474' title='bbox 2592 3659 2809 3713; x_wconf 83' lang='lat' dir='ltr'><strong>scilicet</strong></span> <span class='ocrx_word' id='word_1_475' title='bbox 2840 3660 3009 3717; x_wconf 90' lang='lat' dir='ltr'><strong>sacri.</strong></span> <span class='ocrx_word' id='word_1_476' title='bbox 3050 3662 3257 3718; x_wconf 89' lang='lat' dir='ltr'><strong>Deinde</strong></span> <span class='ocrx_word' id='word_1_477' title='bbox 3297 3660 3416 3719; x_wconf 85' lang='lat' dir='ltr'><strong>Gad</strong></span> <span class='ocrx_word' id='word_1_478' title='bbox 3441 3675 3495 3721; x_wconf 90' lang='lat' dir='ltr'><strong>et</strong></span> <span class='ocrx_word' id='word_1_479' title='bbox 3534 3666 3674 3721; x_wconf 73' lang='lat' dir='ltr'><strong>Aser</strong></span> 
     </span>
    </p>
   </div>
   <div class='ocr_carea' id='block_1_46' title="bbox 416 3741 3671 3821">
    <p class='ocr_par' dir='ltr' id='par_1_46' title="bbox 416 3741 3671 3821">
     <span class='ocr_line' id='line_1_46' title="bbox 416 3741 3671 3821; baseline 0.002 -20"><span class='ocrx_word' id='word_1_480' title='bbox 416 3746 631 3802; x_wconf 68' lang='lat' dir='ltr'><strong>ancillae</strong></span> <span class='ocrx_word' id='word_1_481' title='bbox 654 3746 817 3803; x_wconf 80' lang='lat' dir='ltr'><strong>ﬁlios.</strong></span> <span class='ocrx_word' id='word_1_482' title='bbox 861 3744 1066 3801; x_wconf 88' lang='lat' dir='ltr'><strong>Deinde</strong></span> <span class='ocrx_word' id='word_1_483' title='bbox 1096 3742 1353 3799; x_wconf 80' lang='lat' dir='ltr'><strong>Rachelis</strong></span> <span class='ocrx_word' id='word_1_484' title='bbox 1413 3741 1605 3796; x_wconf 65' lang='lat' dir='ltr'><strong>liberae</strong></span> <span class='ocrx_word' id='word_1_485' title='bbox 1665 3742 1808 3797; x_wconf 81' lang='lat' dir='ltr'><strong>tilios</strong></span> <span class='ocrx_word' id='word_1_486' title='bbox 1842 3752 1975 3821; x_wconf 84' lang='lat' dir='ltr'><strong>tres,</strong></span> <span class='ocrx_word' id='word_1_487' title='bbox 2008 3758 2075 3798; x_wconf 86' lang='lat' dir='ltr'><strong>ex</strong></span> <span class='ocrx_word' id='word_1_488' title='bbox 2127 3747 2331 3814; x_wconf 89' lang='lat' dir='ltr'><strong>quibus</strong></span> <span class='ocrx_word' id='word_1_489' title='bbox 2393 3747 2572 3816; x_wconf 86' lang='lat' dir='ltr'><strong>primo</strong></span> <span class='ocrx_word' id='word_1_490' title='bbox 2616 3750 2810 3801; x_wconf 86' lang='lat' dir='ltr'><strong>recitat</strong></span> <span class='ocrx_word' id='word_1_491' title='bbox 2865 3747 3005 3803; x_wconf 81' lang='lat' dir='ltr'><strong>ﬁlios</strong></span> <span class='ocrx_word' id='word_1_492' title='bbox 3066 3748 3307 3820; x_wconf 83' lang='lat' dir='ltr'><strong>.loseph,</strong></span> <span class='ocrx_word' id='word_1_493' title='bbox 3366 3754 3671 3809; x_wconf 76' lang='lat' dir='ltr'><strong>secundum</strong></span> 
     </span>
    </p>
   </div>
   <div class='ocr_carea' id='block_1_47' title="bbox 414 3828 3666 3905">
    <p class='ocr_par' dir='ltr' id='par_1_47' title="bbox 414 3828 3666 3905">
     <span class='ocr_line' id='line_1_47' title="bbox 414 3828 3666 3905; baseline 0.002 -14"><span class='ocrx_word' id='word_1_494' title='bbox 414 3836 663 3891; x_wconf 88' lang='lat' dir='ltr'><strong>ordinem</strong></span> <span class='ocrx_word' id='word_1_495' title='bbox 699 3833 1094 3905; x_wconf 76' lang='lat' dir='ltr'><strong>generationis.</strong></span> <span class='ocrx_word' id='word_1_496' title='bbox 1147 3832 1400 3886; x_wconf 85' lang='lat' dir='ltr'><strong>Manasse</strong></span> <span class='ocrx_word' id='word_1_497' title='bbox 1431 3839 1486 3885; x_wconf 87' lang='lat' dir='ltr'><strong>et</strong></span> <span class='ocrx_word' id='word_1_498' title='bbox 1514 3828 1799 3899; x_wconf 81' lang='lat' dir='ltr'><strong>Ephraim.</strong></span> <span class='ocrx_word' id='word_1_499' title='bbox 1837 3829 2044 3886; x_wconf 84' lang='lat' dir='ltr'><strong>Deinde</strong></span> <span class='ocrx_word' id='word_1_500' title='bbox 2079 3833 2329 3887; x_wconf 90' lang='lat' dir='ltr'><strong>ultimum</strong></span> <span class='ocrx_word' id='word_1_501' title='bbox 2364 3833 2620 3890; x_wconf 80' lang='lat' dir='ltr'><strong>Rachelis</strong></span> <span class='ocrx_word' id='word_1_502' title='bbox 2653 3833 2827 3890; x_wconf 78' lang='lat' dir='ltr'><strong>illium</strong></span> <span class='ocrx_word' id='word_1_503' title='bbox 2872 3834 3189 3905; x_wconf 73' lang='lat' dir='ltr'><strong>Beniamin.</strong></span> <span class='ocrx_word' id='word_1_504' title='bbox 3225 3838 3441 3905; x_wconf 82' lang='lat' dir='ltr'><strong>Quibus</strong></span> <span class='ocrx_word' id='word_1_505' title='bbox 3466 3842 3666 3898; x_wconf 87' lang='lat' dir='ltr'><strong>iterum</strong></span> 
     </span>
    </p>
   </div>
   <div class='ocr_carea' id='block_1_48' title="bbox 414 3916 3673 3995">
    <p class='ocr_par' dir='ltr' id='par_1_48' title="bbox 414 3916 3673 3995">
     <span class='ocr_line' id='line_1_48' title="bbox 414 3916 3673 3995; baseline 0.002 -17"><span class='ocrx_word' id='word_1_506' title='bbox 414 3923 629 3979; x_wconf 84' lang='lat' dir='ltr'><strong>ancillae</strong></span> <span class='ocrx_word' id='word_1_507' title='bbox 665 3922 807 3978; x_wconf 78' lang='lat' dir='ltr'><strong>illius</strong></span> <span class='ocrx_word' id='word_1_508' title='bbox 833 3920 947 3975; x_wconf 82' lang='lat' dir='ltr'><strong>Dan</strong></span> <span class='ocrx_word' id='word_1_509' title='bbox 967 3930 1024 3976; x_wconf 90' lang='lat' dir='ltr'><strong>et</strong></span> <span class='ocrx_word' id='word_1_510' title='bbox 1054 3918 1363 3990; x_wconf 85' lang='lat' dir='ltr'><strong>Nephtalim</strong></span> <span class='ocrx_word' id='word_1_511' title='bbox 1412 3916 1721 3987; x_wconf 71' lang='lat' dir='ltr'><strong>subiungit.</strong></span> <span class='ocrx_word' id='word_1_512' title='bbox 1772 3916 1887 3971; x_wconf 75' lang='lat' dir='ltr'><strong>Prae</strong></span> <span class='ocrx_word' id='word_1_513' title='bbox 1906 3932 1973 3972; x_wconf 83' lang='lat' dir='ltr'><strong>se</strong></span> <span class='ocrx_word' id='word_1_514' title='bbox 2006 3917 2211 3974; x_wconf 78' lang='lat' dir='ltr'><strong>ferebat</strong></span> <span class='ocrx_word' id='word_1_515' title='bbox 2240 3930 2421 3975; x_wconf 90' lang='lat' dir='ltr'><strong>autem</strong></span> <span class='ocrx_word' id='word_1_516' title='bbox 2455 3920 2559 3974; x_wconf 88' lang='lat' dir='ltr'><strong>hoc</strong></span> <span class='ocrx_word' id='word_1_517' title='bbox 2593 3921 3046 3990; x_wconf 72' lang='lat' dir='ltr'><strong>coniunctionem</strong></span> <span class='ocrx_word' id='word_1_518' title='bbox 3077 3924 3303 3981; x_wconf 85' lang='lat' dir='ltr'><strong>Israelis</strong></span> <span class='ocrx_word' id='word_1_519' title='bbox 3333 3927 3430 3995; x_wconf 89' lang='lat' dir='ltr'><strong>qui</strong></span> <span class='ocrx_word' id='word_1_520' title='bbox 3466 3927 3673 3985; x_wconf 88' lang='lat' dir='ltr'><strong>ductus</strong></span> 
     </span>
    </p>
   </div>
   <div class='ocr_carea' id='block_1_49' title="bbox 413 4005 3675 4081">
    <p class='ocr_par' dir='ltr' id='par_1_49' title="bbox 413 4005 3675 4081">
     <span class='ocr_line' id='line_1_49' title="bbox 413 4005 3675 4081; baseline 0.001 -13"><span class='ocrx_word' id='word_1_521' title='bbox 413 4023 503 4068; x_wconf 71' lang='grc' dir='ltr'><strong>εει</strong></span> <span class='ocrx_word' id='word_1_522' title='bbox 533 4013 732 4081; x_wconf 84' lang='lat' dir='ltr'><strong>spiritu</strong></span> <span class='ocrx_word' id='word_1_523' title='bbox 764 4010 1069 4073; x_wconf 83' lang='lat' dir='ltr'><strong>servitutis,</strong></span> <span class='ocrx_word' id='word_1_524' title='bbox 1094 4014 1149 4063; x_wconf 88' lang='lat' dir='ltr'><strong>et</strong></span> <span class='ocrx_word' id='word_1_525' title='bbox 1188 4015 1437 4062; x_wconf 71' lang='lat' dir='ltr'><strong>noetram</strong></span> <span class='ocrx_word' id='word_1_526' title='bbox 1471 4005 1565 4076; x_wconf 88' lang='lat' dir='ltr'><strong>qui</strong></span> <span class='ocrx_word' id='word_1_527' title='bbox 1617 4006 1796 4060; x_wconf 82' lang='lat' dir='ltr'><strong>vocati</strong></span> <span class='ocrx_word' id='word_1_528' title='bbox 1844 4022 2037 4061; x_wconf 91' lang='lat' dir='ltr'><strong>sumus</strong></span> <span class='ocrx_word' id='word_1_529' title='bbox 2091 4021 2189 4075; x_wconf 90' lang='lat' dir='ltr'><strong>per</strong></span> <span class='ocrx_word' id='word_1_530' title='bbox 2243 4008 2591 4078; x_wconf 87' lang='lat' dir='ltr'><strong>adoptionem</strong></span> <span class='ocrx_word' id='word_1_531' title='bbox 2623 4009 2677 4062; x_wconf 91' lang='lat' dir='ltr'><strong>in</strong></span> <span class='ocrx_word' id='word_1_532' title='bbox 2719 4010 2923 4079; x_wconf 89' lang='lat' dir='ltr'><strong>spiritu</strong></span> <span class='ocrx_word' id='word_1_533' title='bbox 2954 4010 3251 4067; x_wconf 83' lang='lat' dir='ltr'><strong>libertatis.</strong></span> <span class='ocrx_word' id='word_1_534' title='bbox 3325 4011 3480 4068; x_wconf 83' lang='lat' dir='ltr'><strong>Un‘de</strong></span> <span class='ocrx_word' id='word_1_535' title='bbox 3540 4031 3675 4071; x_wconf 85' lang='lat' dir='ltr'><strong>sane</strong></span> 
     </span>
    </p>
   </div>
   <div class='ocr_carea' id='block_1_50' title="bbox 413 4089 3672 4171">
    <p class='ocr_par' dir='ltr' id='par_1_50' title="bbox 413 4089 3672 4171">
     <span class='ocr_line' id='line_1_50' title="bbox 413 4089 3672 4171; baseline 0.001 -16"><span class='ocrx_word' id='word_1_536' title='bbox 413 4089 585 4156; x_wconf 64' lang='lat' dir='ltr'><strong>Hosis</strong></span> <span class='ocrx_word' id='word_1_537' title='bbox 635 4100 767 4155; x_wconf 86' lang='lat' dir='ltr'><strong>illud</strong></span> <span class='ocrx_word' id='word_1_538' title='bbox 814 4108 901 4154; x_wconf 91' lang='lat' dir='ltr'><strong>est</strong></span> <span class='ocrx_word' id='word_1_539' title='bbox 931 4117 946 4153; x_wconf 87' lang='lat'><strong>:</strong></span> <span class='ocrx_word' id='word_1_540' title='bbox 977 4118 995 4149; x_wconf 79' lang='grc' dir='ltr'><strong>ι</strong></span> <span class='ocrx_word' id='word_1_541' title='bbox 1023 4098 1353 4152; x_wconf 62' lang='lat' dir='ltr'><strong>Exhilaratus</strong></span> <span class='ocrx_word' id='word_1_542' title='bbox 1402 4102 1534 4151; x_wconf 90' lang='lat' dir='ltr'><strong>sunt</strong></span> <span class='ocrx_word' id='word_1_543' title='bbox 1559 4098 1755 4164; x_wconf 88' lang='lat' dir='ltr'><strong>gen&#39;tes</strong></span> <span class='ocrx_word' id='word_1_544' title='bbox 1809 4102 1934 4150; x_wconf 86' lang='lat' dir='ltr'><strong>cum</strong></span> <span class='ocrx_word' id='word_1_545' title='bbox 1969 4094 2172 4164; x_wconf 88' lang='lat' dir='ltr'><strong>populo</strong></span> <span class='ocrx_word' id='word_1_546' title='bbox 2216 4095 2343 4150; x_wconf 87' lang='lat' dir='ltr'><strong>hoc.</strong></span> <span class='ocrx_word' id='word_1_547' title='bbox 2374 4110 2393 4146; x_wconf 66' lang='grc' dir='ltr'><strong>ι</strong></span> <span class='ocrx_word' id='word_1_548' title='bbox 2432 4094 2564 4150; x_wconf 89' lang='lat' dir='ltr'><strong>Item</strong></span> <span class='ocrx_word' id='word_1_549' title='bbox 2600 4096 2921 4152; x_wconf 84' lang='lat' dir='ltr'><strong>Servatoris</strong></span> <span class='ocrx_word' id='word_1_550' title='bbox 2954 4097 3057 4153; x_wconf 92' lang='lat' dir='ltr'><strong>hoc</strong></span> <span class='ocrx_word' id='word_1_551' title='bbox 3095 4116 3109 4153; x_wconf 90' lang='lat'><strong>:</strong></span> <span class='ocrx_word' id='word_1_552' title='bbox 3149 4119 3167 4149; x_wconf 79' lang='grc' dir='ltr'><strong>ι</strong></span> <span class='ocrx_word' id='word_1_553' title='bbox 3192 4099 3309 4153; x_wconf 86' lang='lat' dir='ltr'><strong>Erit</strong></span> <span class='ocrx_word' id='word_1_554' title='bbox 3346 4108 3489 4157; x_wconf 81' lang='lat' dir='ltr'><strong>unus</strong></span> <span class='ocrx_word' id='word_1_555' title='bbox 3515 4116 3672 4171; x_wconf 85' lang='lat' dir='ltr'><strong>grex,</strong></span> 
     </span>
    </p>
   </div>
   <div class='ocr_carea' id='block_1_51' title="bbox 411 4182 3674 4258">
    <p class='ocr_par' dir='ltr' id='par_1_51' title="bbox 411 4182 3674 4258">
     <span class='ocr_line' id='line_1_51' title="bbox 411 4182 3674 4258; baseline 0.001 -15"><span class='ocrx_word' id='word_1_556' title='bbox 411 4196 472 4243; x_wconf 90' lang='lat' dir='ltr'><strong>et</strong></span> <span class='ocrx_word' id='word_1_557' title='bbox 521 4204 665 4244; x_wconf 88' lang='lat' dir='ltr'><strong>unus</strong></span> <span class='ocrx_word' id='word_1_558' title='bbox 716 4188 1036 4258; x_wconf 66' lang='lat' dir='ltr'><strong>pastor“.:</strong></span> <span class='ocrx_word' id='word_1_559' title='bbox 1105 4184 1380 4240; x_wconf 81' lang='lat' dir='ltr'><strong>Caeterum</strong></span> <span class='ocrx_word' id='word_1_560' title='bbox 1412 4191 1469 4236; x_wconf 94' lang='lat' dir='ltr'><strong>ut</strong></span> <span class='ocrx_word' id='word_1_561' title='bbox 1494 4183 1841 4251; x_wconf 84' lang='lat' dir='ltr'><strong>reliquarum</strong></span> <span class='ocrx_word' id='word_1_562' title='bbox 1902 4182 2147 4237; x_wconf 89' lang='lat' dir='ltr'><strong>tribuum</strong></span> <span class='ocrx_word' id='word_1_563' title='bbox 2194 4197 2462 4240; x_wconf 89' lang='lat' dir='ltr'><strong>numerus</strong></span> <span class='ocrx_word' id='word_1_564' title='bbox 2522 4202 2551 4237; x_wconf 71' lang='grc' dir='ltr'>ι</span> <span class='ocrx_word' id='word_1_565' title='bbox 2621 4184 2806 4254; x_wconf 89' lang='lat' dir='ltr'><strong>priore</strong></span> <span class='ocrx_word' id='word_1_566' title='bbox 2853 4200 3024 4240; x_wconf 89' lang='lat' dir='ltr'><strong>censu</strong></span> <span class='ocrx_word' id='word_1_567' title='bbox 3080 4186 3389 4243; x_wconf 86' lang='lat' dir='ltr'><strong>diminutus</strong></span> <span class='ocrx_word' id='word_1_568' title='bbox 3444 4200 3549 4255; x_wconf 88' lang='lat' dir='ltr'><strong>est,</strong></span> <span class='ocrx_word' id='word_1_569' title='bbox 3600 4193 3674 4246; x_wconf 82' lang='lat' dir='ltr'><strong>ita</strong></span> 
     </span>
    </p>
   </div>
   <div class='ocr_carea' id='block_1_52' title="bbox 420 4269 3673 4342">
    <p class='ocr_par' dir='ltr' id='par_1_52' title="bbox 420 4269 3673 4342">
     <span class='ocr_line' id='line_1_52' title="bbox 420 4269 3673 4342; baseline 0.001 -12"><span class='ocrx_word' id='word_1_570' title='bbox 420 4274 679 4331; x_wconf 71' lang='lat' dir='ltr'><strong>Leviticat</strong></span> <span class='ocrx_word' id='word_1_571' title='bbox 743 4275 927 4331; x_wconf 84' lang='lat' dir='ltr'><strong>tribus</strong></span> <span class='ocrx_word' id='word_1_572' title='bbox 972 4281 1172 4328; x_wconf 87' lang='lat' dir='ltr'><strong>auctus</strong></span> <span class='ocrx_word' id='word_1_573' title='bbox 1226 4280 1332 4328; x_wconf 86' lang='lat' dir='ltr'><strong>est.</strong></span> <span class='ocrx_word' id='word_1_574' title='bbox 1392 4271 1626 4340; x_wconf 80' lang='lat' dir='ltr'><strong>Semper</strong></span> <span class='ocrx_word' id='word_1_575' title='bbox 1663 4269 1811 4324; x_wconf 89' lang='lat' dir='ltr'><strong>enim</strong></span> <span class='ocrx_word' id='word_1_576' title='bbox 1855 4284 2032 4340; x_wconf 84' lang='lat' dir='ltr'><strong>genus</strong></span> <span class='ocrx_word' id='word_1_577' title='bbox 2081 4271 2317 4326; x_wconf 85' lang='lat' dir='ltr'><strong>electum</strong></span> <span class='ocrx_word' id='word_1_578' title='bbox 2381 4274 2650 4342; x_wconf 84' lang='lat' dir='ltr'><strong>augescit,</strong></span> <span class='ocrx_word' id='word_1_579' title='bbox 2718 4286 2844 4327; x_wconf 86' lang='lat' dir='ltr'><strong>cum</strong></span> <span class='ocrx_word' id='word_1_580' title='bbox 2900 4272 3181 4329; x_wconf 82' lang='lat' dir='ltr'><strong>infensum</strong></span> <span class='ocrx_word' id='word_1_581' title='bbox 3234 4284 3431 4329; x_wconf 83' lang='lat' dir='ltr'><strong>centra</strong></span> <span class='ocrx_word' id='word_1_582' title='bbox 3488 4279 3673 4333; x_wconf 68' lang='lat' dir='ltr'><strong>itumi—</strong></span> 
     </span>
    </p>
   </div>
   <div class='ocr_carea' id='block_1_53' title="bbox 420 4370 645 4417">
    <p class='ocr_par' dir='ltr' id='par_1_53' title="bbox 420 4370 645 4417">
     <span class='ocr_line' id='line_1_53' title="bbox 420 4370 645 4417; baseline -0.004 0"><span class='ocrx_word' id='word_1_583' title='bbox 420 4370 645 4417; x_wconf 85' lang='lat' dir='ltr'><strong>nuatur.</strong></span> 
     </span>
    </p>
   </div>
   <div class='ocr_carea' id='block_1_54' title="bbox 492 4432 3675 4518">
    <p class='ocr_par' dir='ltr' id='par_1_54' title="bbox 492 4432 3675 4518">
     <span class='ocr_line' id='line_1_54' title="bbox 492 4432 3675 4518; baseline -0.001 -11"><span class='ocrx_word' id='word_1_584' title='bbox 492 4448 733 4508; x_wconf 76' lang='lat' dir='ltr'><strong>Senibus</strong></span> <span class='ocrx_word' id='word_1_585' title='bbox 758 4447 1111 4502; x_wconf 70' lang='lat' dir='ltr'><strong>distribuatur</strong></span> <span class='ocrx_word' id='word_1_586' title='bbox 1136 4454 1299 4501; x_wconf 74' lang='lat' dir='ltr'><strong>terra.</strong></span> <span class='ocrx_word' id='word_1_587' title='bbox 1328 4441 1471 4518; x_wconf 81' lang='lat'><strong>[55.]</strong></span> <span class='ocrx_word' id='word_1_588' title='bbox 1510 4445 1590 4499; x_wconf 81' lang='lat' dir='ltr'><strong>Ad</strong></span> <span class='ocrx_word' id='word_1_589' title='bbox 1626 4444 1929 4500; x_wconf 84' lang='lat' dir='ltr'><strong>tollendu‘m</strong></span> <span class='ocrx_word' id='word_1_590' title='bbox 1977 4446 2150 4507; x_wconf 80' lang='lat' dir='ltr'><strong>rixas,</strong></span> <span class='ocrx_word' id='word_1_591' title='bbox 2217 4444 2594 4515; x_wconf 77' lang='lat' dir='ltr'><strong>majOremq’ue</strong></span> <span class='ocrx_word' id='word_1_592' title='bbox 2648 4432 3041 4504; x_wconf 87' lang='lat' dir='ltr'><strong>certitudinem</strong></span> <span class='ocrx_word' id='word_1_593' title='bbox 3091 4451 3156 4505; x_wconf 83' lang='lat' dir='ltr'><strong>ac</strong></span> <span class='ocrx_word' id='word_1_594' title='bbox 3186 4448 3518 4506; x_wconf 82' lang='lat' dir='ltr'><strong>evidentiam</strong></span> <span class='ocrx_word' id='word_1_595' title='bbox 3542 4445 3675 4507; x_wconf 85' lang='lat' dir='ltr'><strong>reti-</strong></span> 
     </span>
    </p>
   </div>
   <div class='ocr_carea' id='block_1_55' title="bbox 412 4532 3676 4608">
    <p class='ocr_par' dir='ltr' id='par_1_55' title="bbox 412 4532 3676 4608">
     <span class='ocr_line' id='line_1_55' title="bbox 412 4532 3676 4608; baseline 0.001 -16"><span class='ocrx_word' id='word_1_596' title='bbox 412 4539 658 4593; x_wconf 83' lang='lat' dir='ltr'><strong>nendum</strong></span> <span class='ocrx_word' id='word_1_597' title='bbox 681 4553 805 4594; x_wconf 85' lang='lat' dir='ltr'><strong>sors</strong></span> <span class='ocrx_word' id='word_1_598' title='bbox 837 4537 914 4591; x_wconf 82' lang='lat' dir='ltr'><strong>iit.</strong></span> <span class='ocrx_word' id='word_1_599' title='bbox 946 4536 1080 4606; x_wconf 79' lang='lat' dir='ltr'><strong>Ejus</strong></span> <span class='ocrx_word' id='word_1_600' title='bbox 1121 4550 1253 4590; x_wconf 87' lang='lat' dir='ltr'><strong>vero</strong></span> <span class='ocrx_word' id='word_1_601' title='bbox 1315 4542 1508 4589; x_wconf 87' lang='lat' dir='ltr'><strong>auctor</strong></span> <span class='ocrx_word' id='word_1_602' title='bbox 1536 4533 1638 4589; x_wconf 88' lang='lat' dir='ltr'><strong>Dei</strong></span> <span class='ocrx_word' id='word_1_603' title='bbox 1676 4543 1766 4589; x_wconf 90' lang='lat' dir='ltr'><strong>est</strong></span> <span class='ocrx_word' id='word_1_604' title='bbox 1791 4534 2110 4589; x_wconf 89' lang='lat' dir='ltr'><strong>consilium.</strong></span> <span class='ocrx_word' id='word_1_605' title='bbox 2138 4532 2261 4589; x_wconf 88' lang='lat' dir='ltr'><strong>Non</strong></span> <span class='ocrx_word' id='word_1_606' title='bbox 2311 4536 2459 4589; x_wconf 88' lang='lat' dir='ltr'><strong>enim</strong></span> <span class='ocrx_word' id='word_1_607' title='bbox 2522 4534 2760 4592; x_wconf 73' lang='lat' dir='ltr'><strong>fortuna:</strong></span> <span class='ocrx_word' id='word_1_608' title='bbox 2806 4552 2966 4592; x_wconf 70' lang='lat' dir='ltr'><strong>caecae</strong></span> <span class='ocrx_word' id='word_1_609' title='bbox 2996 4553 3027 4591; x_wconf 87' lang='lat' dir='ltr'><strong>a</strong></span> <span class='ocrx_word' id='word_1_610' title='bbox 3055 4539 3166 4608; x_wconf 83' lang='lat' dir='ltr'><strong>piis</strong></span> <span class='ocrx_word' id='word_1_611' title='bbox 3214 4540 3532 4596; x_wconf 85' lang='lat' dir='ltr'><strong>hominibus</strong></span> <span class='ocrx_word' id='word_1_612' title='bbox 3587 4557 3676 4595; x_wconf 85' lang='lat' dir='ltr'><strong>res</strong></span> 
     </span>
    </p>
   </div>
   <div class='ocr_carea' id='block_1_56' title="bbox 408 4621 3671 4695">
    <p class='ocr_par' dir='ltr' id='par_1_56' title="bbox 408 4621 3671 4695">
     <span class='ocr_line' id='line_1_56' title="bbox 408 4621 3671 4695; baseline 0 -15"><span class='ocrx_word' id='word_1_613' title='bbox 408 4626 861 4681; x_wconf 86' lang='lat' dir='ltr'><strong>committuntur.-</strong></span> <span class='ocrx_word' id='word_1_614' title='bbox 894 4623 1054 4690; x_wconf 84' lang='lat' dir='ltr'><strong>Quod</strong></span> <span class='ocrx_word' id='word_1_615' title='bbox 1108 4621 1316 4677; x_wconf 85' lang='lat' dir='ltr'><strong>Paulus</strong></span> <span class='ocrx_word' id='word_1_616' title='bbox 1372 4622 1602 4687; x_wconf 89' lang='lat' dir='ltr'><strong>indicat,</strong></span> <span class='ocrx_word' id='word_1_617' title='bbox 1645 4636 1774 4676; x_wconf 89' lang='lat' dir='ltr'><strong>cum</strong></span> <span class='ocrx_word' id='word_1_618' title='bbox 1838 4622 2020 4691; x_wconf 90' lang='lat' dir='ltr'><strong>inquit</strong></span> <span class='ocrx_word' id='word_1_619' title='bbox 2054 4622 2153 4677; x_wconf 89' lang='lat' dir='ltr'><strong>:ln</strong></span> <span class='ocrx_word' id='word_1_620' title='bbox 2188 4637 2299 4692; x_wconf 90' lang='lat' dir='ltr'><strong>quo</strong></span> <span class='ocrx_word' id='word_1_621' title='bbox 2333 4631 2492 4678; x_wconf 90' lang='lat' dir='ltr'><strong>sorte</strong></span> <span class='ocrx_word' id='word_1_622' title='bbox 2522 4625 2757 4679; x_wconf 87' lang='lat' dir='ltr'><strong>extracti</strong></span> <span class='ocrx_word' id='word_1_623' title='bbox 2790 4639 3010 4688; x_wconf 88' lang='lat' dir='ltr'><strong>sumus,</strong></span> <span class='ocrx_word' id='word_1_624' title='bbox 3079 4627 3338 4695; x_wconf 68' lang='lat' dir='ltr'><strong>praeliniti</strong></span> <span class='ocrx_word' id='word_1_625' title='bbox 3366 4629 3671 4685; x_wconf 84' lang='lat' dir='ltr'><strong>secundum</strong></span> 
     </span>
    </p>
   </div>
   <div class='ocr_carea' id='block_1_57' title="bbox 408 4706 3664 4787">
    <p class='ocr_par' dir='ltr' id='par_1_57' title="bbox 408 4706 3664 4787">
     <span class='ocr_line' id='line_1_57' title="bbox 408 4706 3664 4787; baseline 0.002 -22"><span class='ocrx_word' id='word_1_626' title='bbox 408 4719 654 4765; x_wconf 85' lang='lat' dir='ltr'><strong>mentem</strong></span> <span class='ocrx_word' id='word_1_627' title='bbox 675 4711 862 4765; x_wconf 81' lang='lat' dir='ltr'><strong>otnnia</strong></span> <span class='ocrx_word' id='word_1_628' title='bbox 896 4706 1529 4787; x_wconf 9' lang='lat' dir='ltr'><strong>moventis,rsecundum</strong></span> <span class='ocrx_word' id='word_1_629' title='bbox 1582 4708 1877 4762; x_wconf 88' lang='lat' dir='ltr'><strong>consilium</strong></span> <span class='ocrx_word' id='word_1_630' title='bbox 1932 4709 2230 4766; x_wconf 84' lang='lat' dir='ltr'><strong>voluntatis</strong></span> <span class='ocrx_word' id='word_1_631' title='bbox 2283 4712 2481 4781; x_wconf 84' lang='lat' dir='ltr'><strong>ipsius.</strong></span> <span class='ocrx_word' id='word_1_632' title='bbox 2542 4719 2695 4767; x_wconf 89' lang='lat' dir='ltr'><strong>sorte</strong></span> <span class='ocrx_word' id='word_1_633' title='bbox 2744 4713 2979 4782; x_wconf 85' lang='lat' dir='ltr'><strong>gratiam</strong></span> <span class='ocrx_word' id='word_1_634' title='bbox 3021 4713 3369 4780; x_wconf 76' lang='lat' dir='ltr'><strong>declarante,</strong></span> <span class='ocrx_word' id='word_1_635' title='bbox 3397 4719 3664 4787; x_wconf 88' lang='lat' dir='ltr'><strong>quoniam</strong></span> 
     </span>
    </p>
   </div>
   <div class='ocr_carea' id='block_1_58' title="bbox 412 4786 3673 4871">
    <p class='ocr_par' dir='ltr' id='par_1_58' title="bbox 412 4786 3673 4871">
     <span class='ocr_line' id='line_1_58' title="bbox 412 4786 3673 4871; baseline 0.002 -21"><span class='ocrx_word' id='word_1_636' title='bbox 412 4798 588 4851; x_wconf 70' lang='lat' dir='ltr'><strong>verbo</strong></span> <span class='ocrx_word' id='word_1_637' title='bbox 633 4797 799 4851; x_wconf 90' lang='lat' dir='ltr'><strong>etiam</strong></span> <span class='ocrx_word' id='word_1_638' title='bbox 852 4797 912 4850; x_wconf 85' lang='lat' dir='ltr'><strong>lit</strong></span> <span class='ocrx_word' id='word_1_639' title='bbox 956 4786 1263 4851; x_wconf 86' lang='lat' dir='ltr'><strong>secundum</strong></span> <span class='ocrx_word' id='word_1_640' title='bbox 1314 4794 1500 4851; x_wconf 81' lang='lat' dir='ltr'><strong>ﬁdem.</strong></span> <span class='ocrx_word' id='word_1_641' title='bbox 1554 4795 1697 4849; x_wconf 89' lang='lat' dir='ltr'><strong>Idem</strong></span> <span class='ocrx_word' id='word_1_642' title='bbox 1738 4795 1982 4850; x_wconf 87' lang='lat' dir='ltr'><strong>innuunt</strong></span> <span class='ocrx_word' id='word_1_643' title='bbox 2007 4811 2228 4865; x_wconf 88' lang='lat' dir='ltr'><strong>quoque</strong></span> <span class='ocrx_word' id='word_1_644' title='bbox 2272 4798 2557 4866; x_wconf 77' lang='lat' dir='ltr'><strong>Apostoli,</strong></span> <span class='ocrx_word' id='word_1_645' title='bbox 2591 4808 2720 4852; x_wconf 87' lang='lat' dir='ltr'><strong>cum</strong></span> <span class='ocrx_word' id='word_1_646' title='bbox 2758 4800 3057 4870; x_wconf 88' lang='lat' dir='ltr'><strong>inquiunt:</strong></span> <span class='ocrx_word' id='word_1_647' title='bbox 3101 4814 3119 4852; x_wconf 74' lang='grc' dir='ltr'><strong>ι</strong></span> <span class='ocrx_word' id='word_1_648' title='bbox 3162 4800 3397 4858; x_wconf 83' lang='lat' dir='ltr'><strong>Domine</strong></span> <span class='ocrx_word' id='word_1_649' title='bbox 3446 4803 3673 4871; x_wconf 82' lang='grc' dir='ltr'>καρδιο-</span> 
     </span>
    </p>
   </div>
   <div class='ocr_carea' id='block_1_59' title="bbox 411 4882 1973 4955">
    <p class='ocr_par' dir='ltr' id='par_1_59' title="bbox 411 4883 1973 4955">
     <span class='ocr_line' id='line_1_59' title="bbox 411 4883 1973 4955; baseline 0.001 -19"><span class='ocrx_word' id='word_1_650' title='bbox 411 4883 656 4955; x_wconf 78' lang='grc' dir='ltr'><strong>γνῶστα,</strong></span> <span class='ocrx_word' id='word_1_651' title='bbox 676 4885 900 4940; x_wconf 89' lang='lat' dir='ltr'><strong>declara</strong></span> <span class='ocrx_word' id='word_1_652' title='bbox 928 4899 1098 4939; x_wconf 88' lang='lat' dir='ltr'><strong>unum</strong></span> <span class='ocrx_word' id='word_1_653' title='bbox 1128 4898 1295 4955; x_wconf 84' lang='lat' dir='ltr'><strong>quem</strong></span> <span class='ocrx_word' id='word_1_654' title='bbox 1334 4899 1401 4938; x_wconf 86' lang='lat' dir='ltr'><strong>ex</strong></span> <span class='ocrx_word' id='word_1_655' title='bbox 1436 4884 1523 4939; x_wconf 87' lang='lat' dir='ltr'><strong>his</strong></span> <span class='ocrx_word' id='word_1_656' title='bbox 1553 4883 1772 4939; x_wconf 86' lang='lat' dir='ltr'><strong>duobus</strong></span> <span class='ocrx_word' id='word_1_657' title='bbox 1806 4883 1973 4953; x_wconf 80' lang='lat' dir='ltr'><strong>eligar</strong></span> 
     </span>
    </p>
   </div>
   <div class='ocr_carea' id='block_1_60' title="bbox 2084 4882 3671 4955">
    <p class='ocr_par' dir='ltr' id='par_1_60' title="bbox 2090 4882 3671 4955">
     <span class='ocr_line' id='line_1_60' title="bbox 2090 4882 3671 4955; baseline 0.004 -18"><span class='ocrx_word' id='word_1_658' title='bbox 2090 4884 2156 4938; x_wconf 75' lang='lat'><strong>“.</strong></span> <span class='ocrx_word' id='word_1_659' title='bbox 2190 4903 2209 4937; x_wconf 81' lang='grc'><strong>›</strong></span> <span class='ocrx_word' id='word_1_660' title='bbox 2252 4882 2483 4940; x_wconf 87' lang='lat' dir='ltr'><strong>Constat</strong></span> <span class='ocrx_word' id='word_1_661' title='bbox 2533 4886 2727 4955; x_wconf 79' lang='lat' dir='ltr'><strong>itaque</strong></span> <span class='ocrx_word' id='word_1_662' title='bbox 2788 4897 2995 4943; x_wconf 85' lang='lat' dir='ltr'><strong>sortem</strong></span> <span class='ocrx_word' id='word_1_663' title='bbox 3033 4902 3145 4943; x_wconf 86' lang='lat' dir='ltr'><strong>non</strong></span> <span class='ocrx_word' id='word_1_664' title='bbox 3208 4904 3344 4944; x_wconf 89' lang='lat' dir='ltr'><strong>casu</strong></span> <span class='ocrx_word' id='word_1_665' title='bbox 3405 4889 3547 4954; x_wconf 82' lang='lat' dir='ltr'><strong>ﬁeri,</strong></span> <span class='ocrx_word' id='word_1_666' title='bbox 3577 4893 3671 4945; x_wconf 88' lang='lat' dir='ltr'><strong>sed</strong></span> 
     </span>
    </p>
   </div>
   <div class='ocr_carea' id='block_1_61' title="bbox 412 4969 3675 5045">
    <p class='ocr_par' dir='ltr' id='par_1_61' title="bbox 412 4969 3675 5045">
     <span class='ocr_line' id='line_1_61' title="bbox 412 4969 3675 5045; baseline 0.002 -20"><span class='ocrx_word' id='word_1_667' title='bbox 412 4974 587 5041; x_wconf 85' lang='lat' dir='ltr'><strong>penes</strong></span> <span class='ocrx_word' id='word_1_668' title='bbox 622 4972 912 5027; x_wconf 89' lang='lat' dir='ltr'><strong>arbitrium</strong></span> <span class='ocrx_word' id='word_1_669' title='bbox 945 4987 1069 5027; x_wconf 85' lang='lat' dir='ltr'><strong>esse</strong></span> <span class='ocrx_word' id='word_1_670' title='bbox 1096 4970 1213 5026; x_wconf 91' lang='lat' dir='ltr'><strong>Dei.</strong></span> <span class='ocrx_word' id='word_1_671' title='bbox 1249 4971 1303 5027; x_wconf 79' lang='grc' dir='ltr'>ω</span> <span class='ocrx_word' id='word_1_672' title='bbox 1334 4971 1508 5042; x_wconf 84' lang='lat' dir='ltr'><strong>igitur</strong></span> <span class='ocrx_word' id='word_1_673' title='bbox 1537 4969 1686 5042; x_wconf 91' lang='lat' dir='ltr'><strong>quod</strong></span> <span class='ocrx_word' id='word_1_674' title='bbox 1749 4986 1898 5025; x_wconf 91' lang='lat' dir='ltr'><strong>nunc</strong></span> <span class='ocrx_word' id='word_1_675' title='bbox 1962 4972 2120 5036; x_wconf 87' lang='lat' dir='ltr'><strong>dicit,</strong></span> <span class='ocrx_word' id='word_1_676' title='bbox 2174 4973 2446 5044; x_wconf 87' lang='lat' dir='ltr'><strong>quidquid</strong></span> <span class='ocrx_word' id='word_1_677' title='bbox 2507 4974 2703 5045; x_wconf 89' lang='lat' dir='ltr'><strong>utique</strong></span> <span class='ocrx_word' id='word_1_678' title='bbox 2730 4991 2856 5033; x_wconf 86' lang='lat' dir='ltr'><strong>sors</strong></span> <span class='ocrx_word' id='word_1_679' title='bbox 2880 4976 3178 5044; x_wconf 82' lang='lat' dir='ltr'><strong>deﬁnierit,</strong></span> <span class='ocrx_word' id='word_1_680' title='bbox 3212 4976 3281 5032; x_wconf 91' lang='lat' dir='ltr'><strong>de</strong></span> <span class='ocrx_word' id='word_1_681' title='bbox 3300 4977 3493 5033; x_wconf 86' lang='lat' dir='ltr'><strong>divina</strong></span> <span class='ocrx_word' id='word_1_682' title='bbox 3528 4990 3675 5034; x_wconf 81' lang='lat' dir='ltr'><strong>sorte</strong></span> 
     </span>
    </p>
   </div>
   <div class='ocr_carea' id='block_1_62' title="bbox 411 5059 3673 5134">
    <p class='ocr_par' dir='ltr' id='par_1_62' title="bbox 411 5059 3673 5134">
     <span class='ocr_line' id='line_1_62' title="bbox 411 5059 3673 5134; baseline 0.002 -21"><span class='ocrx_word' id='word_1_683' title='bbox 411 5060 728 5125; x_wconf 56' lang='lat' dir='ltr'><strong>dicitgnon</strong></span> <span class='ocrx_word' id='word_1_684' title='bbox 755 5059 1004 5126; x_wconf 80' lang='lat' dir='ltr'><strong>fortuita,</strong></span> <span class='ocrx_word' id='word_1_685' title='bbox 1028 5059 1335 5115; x_wconf 90' lang='lat' dir='ltr'><strong>secundum</strong></span> <span class='ocrx_word' id='word_1_686' title='bbox 1370 5068 1538 5129; x_wconf 81' lang='lat' dir='ltr'><strong>quam</strong></span> <span class='ocrx_word' id='word_1_687' title='bbox 1571 5059 1665 5129; x_wconf 90' lang='lat' dir='ltr'><strong>qui</strong></span> <span class='ocrx_word' id='word_1_688' title='bbox 1702 5059 1936 5129; x_wconf 82' lang='lat' dir='ltr'><strong>imperia</strong></span> <span class='ocrx_word' id='word_1_689' title='bbox 1965 5060 2226 5117; x_wconf 88' lang='lat' dir='ltr'><strong>obvenire</strong></span> <span class='ocrx_word' id='word_1_690' title='bbox 2269 5061 2529 5116; x_wconf 81' lang='lat' dir='ltr'><strong>dieebant</strong></span> <span class='ocrx_word' id='word_1_691' title='bbox 2576 5064 2725 5133; x_wconf 85' lang='lat' dir='ltr'><strong>apud</strong></span> <span class='ocrx_word' id='word_1_692' title='bbox 2768 5061 2989 5119; x_wconf 72' lang='lat' dir='ltr'><strong>Graecos</strong></span> <span class='ocrx_word' id='word_1_693' title='bbox 3044 5063 3533 5134; x_wconf 85' lang='lat' dir='ltr'><strong>reprehensionem</strong></span> <span class='ocrx_word' id='word_1_694' title='bbox 3562 5081 3673 5122; x_wconf 89' lang='lat' dir='ltr'><strong>non</strong></span> 
     </span>
    </p>
   </div>
   <div class='ocr_carea' id='block_1_63' title="bbox 410 5147 3675 5223">
    <p class='ocr_par' dir='ltr' id='par_1_63' title="bbox 410 5147 3675 5223">
     <span class='ocr_line' id='line_1_63' title="bbox 410 5147 3675 5223; baseline 0 -17"><span class='ocrx_word' id='word_1_695' title='bbox 410 5147 1185 5222; x_wconf 71' lang='lat' dir='ltr'><strong>eﬂugiebant.Attribuuntur</strong></span> <span class='ocrx_word' id='word_1_696' title='bbox 1226 5164 1358 5204; x_wconf 89' lang='lat' dir='ltr'><strong>vero</strong></span> <span class='ocrx_word' id='word_1_697' title='bbox 1386 5148 1677 5204; x_wconf 86' lang='lat' dir='ltr'><strong>recensitis</strong></span> <span class='ocrx_word' id='word_1_698' title='bbox 1735 5149 1821 5204; x_wconf 91' lang='lat' dir='ltr'><strong>cis</strong></span> <span class='ocrx_word' id='word_1_699' title='bbox 1890 5147 2190 5204; x_wconf 70' lang='lat' dir='ltr'><strong>Iordanem</strong></span> <span class='ocrx_word' id='word_1_700' title='bbox 2254 5160 2416 5205; x_wconf 72' lang='lat' dir='ltr'><strong>terra:</strong></span> <span class='ocrx_word' id='word_1_701' title='bbox 2479 5161 2687 5207; x_wconf 72' lang='lat' dir='ltr'><strong>sancta:</strong></span> <span class='ocrx_word' id='word_1_702' title='bbox 2735 5160 2943 5221; x_wconf 87' lang='lat' dir='ltr'><strong>partes.</strong></span> <span class='ocrx_word' id='word_1_703' title='bbox 2996 5149 3275 5223; x_wconf 76' lang='lat' dir='ltr'><strong>Deacripti</strong></span> <span class='ocrx_word' id='word_1_704' title='bbox 3340 5154 3494 5209; x_wconf 83' lang='lat' dir='ltr'><strong>enim</strong></span> <span class='ocrx_word' id='word_1_705' title='bbox 3545 5164 3675 5209; x_wconf 84' lang='lat' dir='ltr'><strong>sunt</strong></span> 
     </span>
    </p>
   </div>
   <div class='ocr_carea' id='block_1_64' title="bbox 407 5234 3674 5313">
    <p class='ocr_par' dir='ltr' id='par_1_64' title="bbox 407 5234 3674 5313">
     <span class='ocr_line' id='line_1_64' title="bbox 407 5234 3674 5313; baseline 0.001 -21"><span class='ocrx_word' id='word_1_706' title='bbox 407 5238 646 5309; x_wconf 77' lang='lat' dir='ltr'><strong>juvenes</strong></span> <span class='ocrx_word' id='word_1_707' title='bbox 671 5239 827 5295; x_wconf 88' lang='lat' dir='ltr'><strong>liberi</strong></span> <span class='ocrx_word' id='word_1_708' title='bbox 859 5238 1145 5310; x_wconf 77' lang='lat' dir='ltr'><strong>baptizati,</strong></span> <span class='ocrx_word' id='word_1_709' title='bbox 1170 5239 1265 5309; x_wconf 90' lang='lat' dir='ltr'><strong>qui</strong></span> <span class='ocrx_word' id='word_1_710' title='bbox 1292 5237 1453 5293; x_wconf 89' lang='lat' dir='ltr'><strong>sedes</strong></span> <span class='ocrx_word' id='word_1_711' title='bbox 1484 5236 1709 5292; x_wconf 84' lang='lat' dir='ltr'><strong>lsraelis</strong></span> <span class='ocrx_word' id='word_1_712' title='bbox 1764 5252 1987 5308; x_wconf 90' lang='lat' dir='ltr'><strong>quoque</strong></span> <span class='ocrx_word' id='word_1_713' title='bbox 2020 5244 2205 5293; x_wconf 88' lang='lat' dir='ltr'><strong>tenent</strong></span> <span class='ocrx_word' id='word_1_714' title='bbox 2238 5252 2337 5307; x_wconf 88' lang='lat' dir='ltr'><strong>per</strong></span> <span class='ocrx_word' id='word_1_715' title='bbox 2364 5237 2536 5294; x_wconf 48' lang='lat' dir='ltr'><strong>C‘aleb</strong></span> <span class='ocrx_word' id='word_1_716' title='bbox 2551 5249 2604 5295; x_wconf 89' lang='lat' dir='ltr'><strong>et</strong></span> <span class='ocrx_word' id='word_1_717' title='bbox 2632 5237 2800 5295; x_wconf 81' lang='lat' dir='ltr'><strong>Josue</strong></span> <span class='ocrx_word' id='word_1_718' title='bbox 2836 5238 3209 5308; x_wconf 82' lang='lat' dir='ltr'><strong>signiﬁca‘tas.</strong></span> <span class='ocrx_word' id='word_1_719' title='bbox 3273 5234 3549 5297; x_wconf 72' lang='lat' dir='ltr'><strong>Caeterum</strong></span> <span class='ocrx_word' id='word_1_720' title='bbox 3577 5258 3674 5313; x_wconf 87' lang='lat' dir='ltr'><strong>per</strong></span> 
     </span>
    </p>
   </div>
   <div class='ocr_carea' id='block_1_65' title="bbox 417 5324 3676 5398">
    <p class='ocr_par' dir='ltr' id='par_1_65' title="bbox 417 5324 3676 5398">
     <span class='ocr_line' id='line_1_65' title="bbox 417 5324 3676 5398; baseline 0.001 -18"><span class='ocrx_word' id='word_1_721' title='bbox 417 5327 565 5383; x_wconf 82' lang='lat' dir='ltr'><strong>lilios</strong></span> <span class='ocrx_word' id='word_1_722' title='bbox 588 5326 1123 5398; x_wconf 80' lang='lat' dir='ltr'><strong>intelligitjuvenes,</strong></span> <span class='ocrx_word' id='word_1_723' title='bbox 1174 5339 1383 5394; x_wconf 86' lang='lat' dir='ltr'><strong>eosque</strong></span> <span class='ocrx_word' id='word_1_724' title='bbox 1416 5325 1509 5394; x_wconf 76' lang='lat' dir='ltr'><strong>qni</strong></span> <span class='ocrx_word' id='word_1_725' title='bbox 1541 5338 1610 5379; x_wconf 81' lang='lat' dir='ltr'><strong>ex</strong></span> <span class='ocrx_word' id='word_1_726' title='bbox 1641 5324 1873 5394; x_wconf 85' lang='lat' dir='ltr'><strong>ephebis</strong></span> <span class='ocrx_word' id='word_1_727' title='bbox 1927 5330 2311 5390; x_wconf 81' lang='lat' dir='ltr'><strong>excesserunt,</strong></span> <span class='ocrx_word' id='word_1_728' title='bbox 2369 5327 2630 5397; x_wconf 83' lang='lat' dir='ltr'><strong>belloque</strong></span> <span class='ocrx_word' id='word_1_729' title='bbox 2674 5326 2846 5381; x_wconf 85' lang='lat' dir='ltr'><strong>animi</strong></span> <span class='ocrx_word' id='word_1_730' title='bbox 2880 5328 3138 5384; x_wconf 84' lang='lat' dir='ltr'><strong>obseuris‘</strong></span> <span class='ocrx_word' id='word_1_731' title='bbox 3168 5328 3379 5384; x_wconf 78' lang='lat' dir='ltr'><strong>viribus</strong></span> <span class='ocrx_word' id='word_1_732' title='bbox 3420 5330 3676 5384; x_wconf 84' lang='lat' dir='ltr'><strong>instructi</strong></span> 
     </span>
    </p>
   </div>
   <div class='ocr_carea' id='block_1_66' title="bbox 418 5412 3678 5486">
    <p class='ocr_par' dir='ltr' id='par_1_66' title="bbox 418 5412 3678 5486">
     <span class='ocr_line' id='line_1_66' title="bbox 418 5412 3678 5486; baseline -0 -16"><span class='ocrx_word' id='word_1_733' title='bbox 418 5423 571 5481; x_wconf 78' lang='lat' dir='ltr'><strong>sunt,</strong></span> <span class='ocrx_word' id='word_1_734' title='bbox 606 5418 859 5486; x_wconf 79' lang='lat' dir='ltr'><strong>quamvis</strong></span> <span class='ocrx_word' id='word_1_735' title='bbox 882 5414 1007 5470; x_wconf 91' lang='lat' dir='ltr'><strong>belli</strong></span> <span class='ocrx_word' id='word_1_736' title='bbox 1049 5413 1225 5468; x_wconf 87' lang='lat' dir='ltr'><strong>aleam</strong></span> <span class='ocrx_word' id='word_1_737' title='bbox 1256 5420 1564 5467; x_wconf 86' lang='lat' dir='ltr'><strong>tentassent</strong></span> <span class='ocrx_word' id='word_1_738' title='bbox 1616 5428 1928 5484; x_wconf 80' lang='lat' dir='ltr'><strong>nunquam.</strong></span> <span class='ocrx_word' id='word_1_739' title='bbox 1959 5415 2038 5467; x_wconf 83' lang='lat' dir='ltr'><strong>Ac</strong></span> <span class='ocrx_word' id='word_1_740' title='bbox 2062 5417 2158 5482; x_wconf 89' lang='lat' dir='ltr'><strong>per</strong></span> <span class='ocrx_word' id='word_1_741' title='bbox 2181 5412 2329 5470; x_wconf 88' lang='lat' dir='ltr'><strong>iilios</strong></span> <span class='ocrx_word' id='word_1_742' title='bbox 2359 5415 2577 5485; x_wconf 89' lang='lat' dir='ltr'><strong>quidem</strong></span> <span class='ocrx_word' id='word_1_743' title='bbox 2615 5416 2809 5468; x_wconf 84' lang='lat' dir='ltr'><strong>eorum</strong></span> <span class='ocrx_word' id='word_1_744' title='bbox 2848 5415 2943 5485; x_wconf 80' lang='lat' dir='ltr'><strong>qui</strong></span> <span class='ocrx_word' id='word_1_745' title='bbox 2982 5415 3037 5469; x_wconf 89' lang='lat' dir='ltr'><strong>in</strong></span> <span class='ocrx_word' id='word_1_746' title='bbox 3074 5412 3462 5484; x_wconf 61' lang='lat' dir='ltr'><strong>legeluerunt</strong></span> <span class='ocrx_word' id='word_1_747' title='bbox 3500 5434 3678 5470; x_wconf 84' lang='lat' dir='ltr'><strong>novus</strong></span> 
     </span>
    </p>
   </div>
   <div class='ocr_carea' id='block_1_67' title="bbox 416 5499 3677 5575">
    <p class='ocr_par' dir='ltr' id='par_1_67' title="bbox 416 5499 3677 5575">
     <span class='ocr_line' id='line_1_67' title="bbox 416 5499 3677 5575; baseline 0.001 -20"><span class='ocrx_word' id='word_1_748' title='bbox 416 5502 747 5558; x_wconf 88' lang='lat' dir='ltr'><strong>innuebatur</strong></span> <span class='ocrx_word' id='word_1_749' title='bbox 767 5503 1024 5573; x_wconf 86' lang='lat' dir='ltr'><strong>populus,</strong></span> <span class='ocrx_word' id='word_1_750' title='bbox 1051 5503 1146 5572; x_wconf 90' lang='lat' dir='ltr'><strong>qui</strong></span> <span class='ocrx_word' id='word_1_751' title='bbox 1184 5500 1241 5554; x_wconf 89' lang='lat' dir='ltr'><strong>in</strong></span> <span class='ocrx_word' id='word_1_752' title='bbox 1269 5500 1469 5554; x_wconf 90' lang='lat' dir='ltr'><strong>librum</strong></span> <span class='ocrx_word' id='word_1_753' title='bbox 1502 5500 1629 5555; x_wconf 67' lang='lat' dir='ltr'><strong>vitae</strong></span> <span class='ocrx_word' id='word_1_754' title='bbox 1664 5500 1896 5556; x_wconf 89' lang='lat' dir='ltr'><strong>inscribi</strong></span> <span class='ocrx_word' id='word_1_755' title='bbox 1924 5500 2073 5570; x_wconf 90' lang='lat' dir='ltr'><strong>digni</strong></span> <span class='ocrx_word' id='word_1_756' title='bbox 2099 5499 2450 5570; x_wconf 80' lang='lat' dir='ltr'><strong>judicantur,</strong></span> <span class='ocrx_word' id='word_1_757' title='bbox 2487 5507 2723 5572; x_wconf 83' lang='lat' dir='ltr'><strong>quorum</strong></span> <span class='ocrx_word' id='word_1_758' title='bbox 2758 5502 2963 5575; x_wconf 88' lang='lat' dir='ltr'><strong>singuli</strong></span> <span class='ocrx_word' id='word_1_759' title='bbox 3010 5510 3111 5574; x_wconf 76' lang='lat' dir='ltr'><strong>pro</strong></span> <span class='ocrx_word' id='word_1_760' title='bbox 3152 5504 3371 5559; x_wconf 88' lang='lat' dir='ltr'><strong>ratione</strong></span> <span class='ocrx_word' id='word_1_761' title='bbox 3407 5504 3677 5558; x_wconf 77' lang='lat' dir='ltr'><strong>virtutum</strong></span> 
     </span>
    </p>
   </div>
   <div class='ocr_carea' id='block_1_68' title="bbox 293 5587 3679 5674">
    <p class='ocr_par' dir='ltr' id='par_1_68' title="bbox 293 5587 3679 5674">
     <span class='ocr_line' id='line_1_68' title="bbox 293 5587 3679 5674; baseline 0.001 -29"><span class='ocrx_word' id='word_1_762' title='bbox 293 5646 328 5674; x_wconf 49' lang='grc' dir='ltr'><em>λ</em></span> <span class='ocrx_word' id='word_1_763' title='bbox 412 5591 831 5657; x_wconf 82' lang='lat' dir='ltr'><strong>describuntur,</strong></span> <span class='ocrx_word' id='word_1_764' title='bbox 865 5589 1401 5661; x_wconf 84' lang='lat' dir='ltr'><strong>mansuetorumque</strong></span> <span class='ocrx_word' id='word_1_765' title='bbox 1430 5597 1582 5644; x_wconf 83' lang='lat' dir='ltr'><strong>terra</strong></span> <span class='ocrx_word' id='word_1_766' title='bbox 1612 5587 1900 5655; x_wconf 82' lang='lat' dir='ltr'><strong>fruuntur,</strong></span> <span class='ocrx_word' id='word_1_767' title='bbox 1932 5588 2042 5644; x_wconf 92' lang='lat' dir='ltr'><strong>nisi</strong></span> <span class='ocrx_word' id='word_1_768' title='bbox 2091 5589 2242 5659; x_wconf 90' lang='lat' dir='ltr'><strong>quod</strong></span> <span class='ocrx_word' id='word_1_769' title='bbox 2272 5587 2524 5659; x_wconf 86' lang='lat' dir='ltr'><strong>ampliori</strong></span> <span class='ocrx_word' id='word_1_770' title='bbox 2564 5602 2823 5645; x_wconf 85' lang='lat' dir='ltr'><strong>mensura</strong></span> <span class='ocrx_word' id='word_1_771' title='bbox 2861 5589 3034 5645; x_wconf 86' lang='lat' dir='ltr'><strong>videri</strong></span> <span class='ocrx_word' id='word_1_772' title='bbox 3084 5590 3222 5646; x_wconf 77' lang='lat' dir='ltr'><strong>ferte</strong></span> <span class='ocrx_word' id='word_1_773' title='bbox 3272 5593 3468 5666; x_wconf 84' lang='lat' dir='ltr'><strong>possit.</strong></span> <span class='ocrx_word' id='word_1_774' title='bbox 3529 5591 3679 5648; x_wconf 70' lang='grc' dir='ltr'><strong>Μυη-</strong></span> 
     </span>
    </p>
   </div>
   <div class='ocr_carea' id='block_1_69' title="bbox 483 5746 1973 5834">
    <p class='ocr_par' dir='ltr' id='par_1_69' title="bbox 483 5746 1973 5832">
     <span class='ocr_line' id='line_1_69' title="bbox 483 5746 1973 5832; baseline -0.004 -11"><span class='ocrx_word' id='word_1_775' title='bbox 483 5764 535 5798; x_wconf 85' lang='grc'><strong><em>⁸⁸</em></strong></span> <span class='ocrx_word' id='word_1_776' title='bbox 566 5764 724 5821; x_wconf 80' lang='lat' dir='ltr'><strong>Rom.</strong></span> <span class='ocrx_word' id='word_1_777' title='bbox 762 5781 834 5827; x_wconf 81' lang='lat' dir='ltr'><strong>iv,</strong></span> <span class='ocrx_word' id='word_1_778' title='bbox 873 5764 955 5820; x_wconf 73' lang='grc' dir='ltr'>ιδ.</span> <span class='ocrx_word' id='word_1_779' title='bbox 1034 5759 1079 5797; x_wconf 72' lang='grc'><strong><em>⁸⁸</em></strong></span> <span class='ocrx_word' id='word_1_780' title='bbox 1110 5763 1257 5819; x_wconf 87' lang='lat' dir='ltr'><strong>Psal.</strong></span> <span class='ocrx_word' id='word_1_781' title='bbox 1290 5774 1436 5830; x_wconf 71' lang='lat' dir='ltr'><strong>xcrv,</strong></span> <span class='ocrx_word' id='word_1_782' title='bbox 1470 5764 1565 5832; x_wconf 82' lang='lat' dir='ltr'><strong>ll;</strong></span> <span class='ocrx_word' id='word_1_783' title='bbox 1612 5746 1780 5819; x_wconf 76' lang='lat' dir='ltr'><strong>Hebr.</strong></span> <span class='ocrx_word' id='word_1_784' title='bbox 1810 5779 1889 5822; x_wconf 82' lang='lat' dir='ltr'><strong>Ill.</strong></span> <span class='ocrx_word' id='word_1_785' title='bbox 1922 5763 1973 5819; x_wconf 85' lang='lat' dir='ltr'><strong>ll</strong></span> 
     </span>
    </p>
   </div>
   <div class='ocr_carea' id='block_1_70' title="bbox 2084 5746 3773 5834">
    <p class='ocr_par' dir='ltr' id='par_1_70' title="bbox 2089 5762 3773 5834">
     <span class='ocr_line' id='line_1_70' title="bbox 2089 5762 3773 5834; baseline 0.004 -18"><span class='ocrx_word' id='word_1_786' title='bbox 2089 5764 2134 5796; x_wconf 83' lang='grc'>⁶⁰</span> <span class='ocrx_word' id='word_1_787' title='bbox 2163 5762 2395 5834; x_wconf 83' lang='lat' dir='ltr'><strong>Philipp.</strong></span> <span class='ocrx_word' id='word_1_788' title='bbox 2433 5781 2513 5831; x_wconf 81' lang='lat' dir='ltr'><strong>nr,</strong></span> <span class='ocrx_word' id='word_1_789' title='bbox 2543 5766 2598 5819; x_wconf 76' lang='grc'>3.</span> <span class='ocrx_word' id='word_1_790' title='bbox 2680 5764 2720 5795; x_wconf 80' lang='grc'><strong>⁸⁸</strong></span> <span class='ocrx_word' id='word_1_791' title='bbox 2750 5763 2961 5822; x_wconf 88' lang='lat' dir='ltr'><strong>Coloss.</strong></span> <span class='ocrx_word' id='word_1_792' title='bbox 3010 5780 3073 5833; x_wconf 79' lang='lat' dir='ltr'><strong>rt,</strong></span> <span class='ocrx_word' id='word_1_793' title='bbox 3109 5768 3195 5823; x_wconf 88' lang='lat' dir='ltr'><strong>ll.</strong></span> <span class='ocrx_word' id='word_1_794' title='bbox 3275 5770 3318 5799; x_wconf 83' lang='lat'>“</span> <span class='ocrx_word' id='word_1_795' title='bbox 3350 5770 3467 5823; x_wconf 66' lang='grc' dir='ltr'><strong>,νυοί</strong></span> <span class='ocrx_word' id='word_1_796' title='bbox 3498 5788 3559 5834; x_wconf 85' lang='grc' dir='ltr'>ιι,</span> <span class='ocrx_word' id='word_1_797' title='bbox 3596 5771 3689 5828; x_wconf 68' lang='grc' dir='ltr'><em>ις’,ο</em></span> <span class='ocrx_word' id='word_1_798' title='bbox 3754 5788 3773 5811; x_wconf 58' lang='grc'><strong>’-</strong></span> 
     </span>
    </p>
   </div>
   <div class='ocr_carea' id='block_1_71' title="bbox 407 5834 1332 5902">
    <p class='ocr_par' dir='ltr' id='par_1_71' title="bbox 407 5834 1332 5902">
     <span class='ocr_line' id='line_1_71' title="bbox 407 5834 1332 5902; baseline -0.002 -10"><span class='ocrx_word' id='word_1_799' title='bbox 407 5836 457 5868; x_wconf 74' lang='grc'><strong>⁸³</strong></span> <span class='ocrx_word' id='word_1_800' title='bbox 488 5834 650 5892; x_wconf 75' lang='lat' dir='ltr'><strong>Joan.</strong></span> <span class='ocrx_word' id='word_1_801' title='bbox 692 5852 748 5902; x_wconf 73' lang='grc' dir='ltr'><strong>χ,</strong></span> <span class='ocrx_word' id='word_1_802' title='bbox 779 5834 866 5899; x_wconf 70' lang='grc'>16.</span> <span class='ocrx_word' id='word_1_803' title='bbox 944 5836 990 5867; x_wconf 74' lang='grc'><strong>⁸⁵</strong></span> <span class='ocrx_word' id='word_1_804' title='bbox 1020 5836 1143 5890; x_wconf 79' lang='lat' dir='ltr'><strong>Act.</strong></span> <span class='ocrx_word' id='word_1_805' title='bbox 1177 5852 1216 5901; x_wconf 85' lang='grc' dir='ltr'>ι,</span> <span class='ocrx_word' id='word_1_806' title='bbox 1243 5836 1332 5890; x_wconf 62' lang='grc' dir='ltr'>Ἡ.</span> 
     </span>
    </p>
   </div>
   <div class='ocr_carea' id='block_1_72' title="bbox 658 5930 1973 5995">
    <p class='ocr_par' dir='ltr' id='par_1_72' title="bbox 658 5930 1487 5993">
     <span class='ocr_line' id='line_1_72' title="bbox 658 5930 1487 5993; baseline -0.004 -1"><span class='ocrx_word' id='word_1_807' title='bbox 658 5933 930 5992; x_wconf 60' lang='grc' dir='ltr'>Ρλτιιοι..</span> <span class='ocrx_word' id='word_1_808' title='bbox 964 5932 1080 5993; x_wconf 72' lang='lat' dir='ltr'><strong>Gn.</strong></span> <span class='ocrx_word' id='word_1_809' title='bbox 1124 5930 1487 5991; x_wconf 69' lang='lat' dir='ltr'><strong>LXXXVI}.-</strong></span> 
     </span>
    </p>
   </div>
   <div class='ocr_carea' id='block_1_73' title="bbox 2084 5930 3321 5995">
    <p class='ocr_par' dir='ltr' id='par_1_73' title="bbox 3236 5937 3321 5995">
     <span class='ocr_line' id='line_1_73' title="bbox 3236 5937 3321 5995; baseline 0.024 -2"><span class='ocrx_word' id='word_1_810' title='bbox 3236 5937 3321 5995; x_wconf 68' lang='lat'><strong>28</strong></span> 
     </span>
    </p>
   </div>
   <div class='ocr_carea' id='block_1_74' title="bbox 3700 5896 3737 5919">
    <p class='ocr_par' dir='ltr' id='par_1_74' title="bbox 3700 5896 3737 5919">
     <span class='ocr_line' id='line_1_74' title="bbox 3700 5896 3737 5919; baseline 0 -2"><span class='ocrx_word' id='word_1_811' title='bbox 3700 5896 3737 5919; x_wconf 56' lang='grc' dir='ltr'><strong>’κ</strong></span> 
     </span>
    </p>
   </div>
  </div>
