4090 6516
595 353 699 417 ιτς.
1661 406 1668 414 .
1890 315 2193 422 Pnoeom

2283 362 2525 422 GAZASI
3757 372 3867 432 876

598 488 780 527 suram
821 474 991 537 enim,
1022 473 1122 539 ait,
1154 473 1463 543 pulchram,
1496 488 1764 544 pressam,
1800 490 2133 529 concussam
2167 482 2219 527 et
2245 475 2468 530 uberem
2502 477 2555 530 in
2590 478 2771 531 sinum
2807 488 3053 534 vestrum
3091 481 3338 536 fundent.
3363 480 3625 546 Proinde,
3656 483 3864 551 inquit.

595 562 974 632 compluribus
1004 563 1391 629 augmentabis
1429 565 1739 632 portionem
1801 578 1984 627 suam,
2024 571 2083 616 ut
2117 561 2355 632 quisque
2387 567 2694 621 secundum
2727 582 2929 624 census
2956 571 3041 624 sui
3088 572 3361 625 rationem
3397 572 3685 625 sortiatur.
3725 572 3869 627 llinc
3924 554 3925 557 η

601 651 768 705 etiam
807 649 891 714 fit,
924 649 1071 718 quod
1109 650 1450 719 pluralitatis
1478 666 1709 706 numero
1744 651 1911 706 libros
1945 652 2246 719 explicatos
2276 668 2397 707 esse
2427 655 2589 707 tradit
2634 654 2843 721 Daniel,
2876 672 2941 711 ac
2984 658 3192 711 indicat
3224 659 3618 727 descriptionis
3672 660 3869 713 diver-

598 754 690 793 sas
714 753 845 805 esse
868 752 1186 792 mensuras.
1215 736 1353 792 llinc
1416 753 1636 807 quoque
1685 738 1941 792 tributim
1994 741 2455 811 nominatimque,
2518 746 2776 812 quamvis
2833 748 3217 814 cognationem
3250 749 3488 802 describi
3547 751 3873 818 imperavit.

600 825 844 894 Denique
863 839 993 879 vero
1010 822 1229 894 ,Christi
1262 825 1329 879 de
1362 824 1629 879 felicitate
1654 826 2009 895 pronuntiata
2049 824 2191 880 idem
2220 828 2325 883 sibi
2354 832 2493 885 velle
2516 832 2789 894 videntur,
2824 834 3069 902 hoeipso
3103 835 3249 903 quod
3283 838 3587 891 virtutibus
3623 841 3868 907 singulis

597 930 695 968 sua
715 914 938 982 praemia
962 913 1291 977 decernunt,
1318 914 1673 981 maximaque
1709 913 1776 966 iis
1801 913 1894 982 qui
1929 913 2149 967 sincero
2178 917 2346 970 corde
2386 920 2599 987 praediti
2626 920 2928 974 exsistunt.
2948 920 3116 975 Deum
3150 924 3296 976 enim
3332 923 3619 987 videbunt,
3657 925 3861 993 inquit.

598 1004 798 1068 Quales
831 1001 1033 1055 ibidem
1068 1000 1213 1056 sacri
1244 1000 1455 1056 ordinis
1489 1000 1743 1055 homines
1773 1015 1895 1055 esse
1929 1000 2105 1067 jubet,
2143 1003 2401 1059 selectam
2434 1008 2579 1060 enim
2606 1006 3036 1077 descriptionem
3070 1009 3297 1073 habent,
3333 1009 3597 1081 pra-terea
3654 1015 3862 1068 nullam

597 1093 649 1145 in
688 1103 831 1145 terra
861 1100 1094 1161 partem.
1119 1090 1221 1155 Qui
1252 1090 1418 1143 etiam
1450 1089 1638 1144 dicere
1666 1099 1929 1159 possent:
1957 1088 2155 1158 Utique
2193 1094 2245 1145 in
2282 1095 2537 1148 manibus
2585 1096 2695 1148 tuis
2727 1110 2850 1149 sors
2877 1110 3018 1155 mea.
3055 1098 3349 1165 portioque
3384 1112 3502 1149 mea
3569 1096 3859 1151 Dominus.

596 1176 749 1234 Unde
810 1194 910 1233 nec
964 1179 1229 1249 puerulus
1290 1178 1341 1231 in
1388 1178 1492 1244 eis,
1546 1178 1691 1247 quod
1767 1192 1960 1248 puram
2016 1177 2345 1247 probitatem
2408 1177 2803 1248 signiﬁcat.At
2840 1178 2934 1246 qui
2982 1188 3215 1233 cunctos
3267 1178 3534 1233 describit
3595 1179 3861 1236 Christus

592 1277 676 1322 est
733 1283 828 1337 per
897 1282 1173 1323 summum
1241 1267 1553 1336 pontificem
1614 1274 1667 1320 et
1728 1266 2101 1334 legislatorem
2166 1264 2572 1327 adumbratus,
2643 1264 2738 1335 qui
2793 1265 3003 1318 nullant
3078 1265 3395 1321 inﬁdelibus
3466 1276 3689 1321 sortem
3752 1268 3861 1320 tri-

602 1356 741 1410 bttit.
767 1353 928 1409 Juxta
968 1354 1099 1408 illud
1143 1373 1157 1409 :
1196 1373 1213 1405 ι
1244 1353 1641 1423 Expungantttr
1663 1354 1852 1407 elihro
1868 1354 2405 1419 viventium,eticum
2432 1352 2598 1416 justis
2628 1368 2733 1405 non
2768 1354 3089 1406 scribantur
3115 1354 3185 1404 “.
3226 1372 3244 1404 ι

662 1443 731 1497 Et
762 1460 879 1497 cum
908 1444 1246 1497 accessissent
1278 1443 1407 1510 ﬁlia:
1440 1442 1701 1510 Salpaad.
1746 1440 1980 1513 lxxv",
2012 1440 2089 1511 1.]
2120 1439 2333 1494 Justam
2364 1453 2587 1491 causam
2640 1446 2845 1493 sortem
2879 1448 3184 1507 paternam,
3223 1455 3347 1492 tum
3385 1438 3585 1494 fratres
3632 1444 3720 1494 eis
3750 1455 3861 1494 non

589 1541 797 1596 essent,
839 1532 1073 1602 petendo
1104 1538 1446 1601 proponunt,
1480 1545 1602 1585 cum
1636 1529 1943 1598 impietatis
1976 1536 2133 1598 pater
2163 1524 2711 1589 commisissetnihil,
2745 1540 2933 1579 verum
2970 1527 3185 1595 peccati
3219 1526 3423 1596 proprii
3454 1528 3607 1595 jttsta
3644 1528 3861 1595 persol-

589 1622 779 1684 visset,
812 1628 865 1673 et
894 1620 958 1673 ad
982 1619 1283 1689 longiorem
1313 1618 1474 1672 vitam
1503 1618 1789 1686 pervenire
1818 1631 1925 1670 non
1950 1616 2238 1687 potuisset.
2271 1614 2541 1669 Caeterum
2574 1616 2932 1684 praetendunt
2960 1615 3087 1680 hoc,
3113 1616 3384 1681 siquidem
3420 1620 3540 1671 vita:
3564 1616 3860 1685 longitudo

590 1707 763 1777 legem
818 1705 1245 1759 observantibus
1299 1703 1483 1757 divina
1527 1703 1895 1772 promissione
1940 1702 2207 1772 praeﬁnita
2238 1711 2376 1757 erat.
2413 1701 2657 1757 Possunt
2688 1714 2871 1757 autem
2906 1704 3011 1757 ltoc
3033 1718 3254 1773 quoque
3286 1704 3447 1759 modo
3476 1706 3853 1759 concludere.

586 1794 756 1849 Nemo
787 1794 893 1847 nisi
924 1794 994 1846 ob
1030 1799 1315 1862 peccatum
1341 1793 1559 1861 generis
1586 1791 1875 1845 masculini
1901 1805 2095 1845 exsors
2131 1791 2210 1845 ﬁt.
2246 1790 2413 1859 Atqui
2456 1806 2563 1844 non
2600 1800 2892 1860 tantopere
2922 1791 3173 1860 peccavit
3197 1792 3268 1853 is,
3332 1791 3617 1861 inquiunt,
3684 1790 3856 1862 425

587 1889 647 1935 ut
670 1896 866 1935 nomen
894 1880 1014 1950 ejus
1040 1879 1415 1934 inducendum
1442 1879 1569 1943 siet,
1607 1878 2071 1948 quemadmodum
2102 1893 2319 1944 eorum,
2349 1879 2441 1949 qui
2475 1894 2600 1933 cum
2639 1879 2783 1933 Core
2817 1880 3240 1948 conspirarunt.
3270 1880 3429 1944 Quod
3461 1881 3632 1934 etiam
3678 1878 3859 1931 David

586 1986 687 2024 suo
711 1970 984 2041 proditori
1025 1970 1383 2039 imprecatur,
1444 1969 1703 2035 inquiens
1733 1986 1746 2021 :
1783 1986 1800 2018 ι
1822 1967 2049 2023 Utinam
2080 1982 2111 2021 e
2144 1976 2290 2021 terra
2324 1967 2585 2021 memoria
2634 1966 2753 2034 ejus
2791 1966 3169 2021 exscindatur.
3202 1986 3220 2018 ι
3263 1966 3322 2021 ld
3356 1968 3502 2021 enim
3565 1967 3859 2021 veteribus

584 2068 694 2111 tam
728 2059 927 2111 durum
955 2065 1011 2111 et
1041 2071 1204 2127 grave
1231 2056 1411 2109 visum
1444 2064 1552 2119 est,
1581 2069 1745 2124 quam
1774 2054 1932 2109 nobis
1958 2056 2067 2108 vita
2095 2055 2349 2109 excidere
2370 2064 2599 2119 aeterna,
2623 2069 2654 2108 a
2680 2071 2789 2124 qua
2820 2070 2983 2109 nemo
3018 2055 3243 2123 injuste,
3270 2055 3482 2124 levique
3511 2056 3580 2109 de
3612 2063 3855 2123 peccato

581 2146 859 2215 dejicitur.
894 2144 1085 2199 Exstat
1114 2158 1243 2197 vero
1278 2142 1346 2195 de
1376 2142 1465 2196 his
1500 2143 1666 2196 rebus
1698 2142 1807 2205 lex,
1833 2142 1979 2210 quod
2016 2140 2376 2197 feminzeloco
2399 2143 2770 2197 masculorum
2802 2145 2937 2207 sint,
2973 2151 3027 2196 et
3062 2159 3158 2212 per
3190 2159 3288 2198 eas
3328 2144 3597 2197 memoria
3624 2152 3856 2211 patrum

582 2240 969 2288 conservetur.
1039 2231 1196 2296 Quod
1223 2230 1269 2283 si
1306 2243 1436 2283 vero
1487 2226 1611 2282 ﬁliae
1660 2243 1771 2283 non
1826 2229 2066 2292 fuerint,
2119 2230 2357 2298 aliquem
2396 2230 2465 2284 de
2509 2239 2740 2298 paterno
2790 2246 3020 2299 genere,
3052 2246 3162 2284 non
3219 2239 3470 2285 materno
3534 2231 3857 2290 substituit,

582 2322 905 2391 primasque
970 2318 1128 2374 sexui
1194 2316 1505 2371 masculino
1538 2315 1736 2379 defert,
1772 2331 1837 2370 eo
1873 2315 2019 2385 quod
2084 2320 2435 2385 pertinebant
2494 2323 2694 2376 merito
2754 2330 2868 2375 tum
2892 2322 2959 2376 ad
2992 2338 3088 2377 eos
3117 2323 3213 2391 qui
3252 2324 3305 2376 in
3333 2325 3490 2378 bellis
3530 2324 3856 2379 decertant.

583 2423 697 2466 tum
734 2412 900 2467 etiam
934 2425 1031 2466 eos
1062 2409 1157 2479 qui
1185 2407 1513 2464 certaminis
1558 2408 1783 2476 praemia
1833 2416 2250 2477 compararunt.
2289 2408 2445 2481 Unde
2501 2410 2668 2463 etiam
2729 2410 2935 2463 donum
2990 2410 3315 2479 ltujusmodi
3376 2412 3857 2480 iucundissimum

582 2501 717 2570 ipsis
745 2500 889 2553 haud
925 2499 1201 2553 immerito
1230 2497 1469 2551 exstitit.
1502 2495 1641 2550 Illud
1673 2504 1856 2549 autem
1884 2496 2032 2565 quod
2085 2495 2377 2551 haereditas
2401 2496 2483 2551 eis
2513 2496 2799 2560 tribuitur,
2850 2497 3203 2552 demonstrat
3235 2498 3381 2567 quod
3413 2500 3699 2568 propriam
3745 2512 3857 2550 non

582 2589 898 2651 habuerint,
937 2602 1066 2657 pars
1102 2587 1249 2641 enim
1277 2600 1339 2639 ea
1374 2600 1493 2653 quae
1524 2586 1747 2639 honoris
1809 2586 1988 2655 gratia
2053 2585 2334 2645 tribuitur,
2362 2600 2471 2637 non
2500 2584 2621 2651 ejus
2678 2585 2900 2653 propria
2946 2584 3149 2653 estqui
3186 2585 3422 2654 accepit.
3473 2585 3621 2650 Quin
3667 2585 3845 2637 etiam

581 2676 863 2731 Christum
894 2689 1023 2728 vero
1048 2674 1366 2743 genealogia
1398 2671 1637 2739 Josepho
1689 2673 2023 2742 assignavit,
2081 2688 2208 2726 cum
2258 2680 2440 2725 tamen
2495 2672 2620 2726 ﬁliae
2685 2688 2789 2725 non
2828 2687 2921 2741 per
2958 2673 3200 2741 seipsas,
3244 2672 3337 2725 sed
3365 2682 3589 2741 propter
3638 2680 3855 2741 patrem

582 2763 750 2818 sortis
778 2762 891 2817 sint
924 2776 1181 2830 capaces.
1222 2758 1378 2815 Unde
1405 2758 1538 2812 illud
1573 2767 1659 2813 est
1694 2760 1837 2828 quod
1867 2760 2041 2828 patris
2069 2761 2124 2812 in
2158 2769 2424 2813 aeternum
2485 2759 2725 2813 viventis
2749 2761 2926 2828 gratia
2975 2759 3183 2815 femina
3235 2775 3361 2813 cunt
3414 2776 3566 2814 mare
3640 2769 3853 2828 partem

582 2850 922 2905 haereditatis
951 2866 967 2915 ;
1001 2849 1072 2903 sit
1098 2856 1350 2916 captura.
1388 2846 1560 2900 Eccur
1616 2862 1747 2901 vero
1791 2847 1962 2917 patris
1994 2847 2114 2901 orbi
2156 2847 2343 2916 hujus,
2375 2848 2468 2916 qui
2500 2864 2625 2901 eum
2678 2848 2950 2903 haeredent
3017 2850 3148 2902 facit
3208 2849 3481 2919 siquidem
3514 2849 3639 2919 ejus
3696 2860 3857 2916 pater

585 2937 772 3001 fuerit,
808 2937 1017 2991 mentio
1061 2934 1120 2989 ﬁt
1167 2933 1353 2989 nulla?
1382 2933 1539 2987 Patet
1590 2950 1719 2989 vero
1770 2935 1916 3003 quod
1958 2943 2219 3005 tanquam
2246 2937 2599 3002 confessum,
2642 2938 2991 3008 repetitionis
3039 2938 3278 2993 vitandae
3320 2940 3519 3008 gratia,
3548 2939 3773 2992 omisit.
3802 2935 3856 2989 Si

580 3026 726 3080 enim
755 3024 925 3095 patris
954 3021 1114 3077 fratri
1148 3030 1372 3092 propter
1403 3019 1627 3075 fratrem
1663 3023 1955 3076 haereditas
1985 3023 2157 3087 cedit,
2178 3027 2353 3079 multo
2386 3026 2563 3096 magis
2596 3027 2736 3095 patri
2769 3042 2987 3095 quoque
3051 3028 3227 3080 cedet.
3303 3024 3503 3080 Verum
3553 3028 3851 3080 enimvero

583 3131 651 3170 ne
678 3122 835 3185 pater
868 3127 932 3168 ac
964 3120 1140 3166 mater
1203 3112 1418 3164 inanem
1480 3111 1689 3165 luctum
1756 3112 2035 3182 percipere
2063 3127 2129 3167 ex
2161 3112 2459 3167 liberorum
2491 3124 2668 3168 morte
2696 3113 2932 3183 praeeoci
2980 3113 3327 3181 viderentur,
3350 3114 3577 3184 oblique
3607 3129 3710 3169 eos
3761 3128 3854 3183 pa-

583 3212 832 3259 trttorum
865 3200 1093 3256 nomine
1126 3198 1459 3270 signiﬁcavit
1489 3214 1505 3265 ;

582 3342 777 3398 deinde
826 3355 956 3395 vero
999 3348 1275 3411 parentes,
1326 3339 1486 3403 ﬁlias,
1547 3338 1767 3405 fratres,
1801 3341 2104 3395 avunculos
2133 3358 2193 3407 ;i

2324 3343 2477 3398 Μετᾶ
2497 3344 2555 3397 δὲ
2590 3348 2792 3412 γονεῖς,
2815 3344 2924 3407 ζκαὶ
2951 3345 3279 3417 θυγατέρας,
3313 3348 3408 3400 καὶ
3437 3346 3731 3415 ἀδελφοὺς,
3762 3348 3853 3399 καί

582 3435 774 3503 quinto
812 3429 1049 3499 denique
1091 3429 1284 3483 ordine
1314 3438 1597 3500 cognatos.

654 3525 893 3579 Ascende
922 3526 976 3578 in
1007 3534 1234 3579 montem
1262 3524 1506 3582 Abarim.
1556 3525 1694 3599 [l1]
1729 3526 1917 3581 Potior
1946 3529 2160 3583 Aarone

584 3615 785 3680 Moses,
815 3632 878 3669 ac
909 3616 1140 3686 proinde
1169 3625 1370 3670 terram
1402 3617 1571 3681 videt,
1598 3628 1653 3672 et
1682 3633 1904 3673 causam
1940 3629 2159 3689 propter

583 3723 746 3776 quam
781 3706 1035 3774 indignus
1068 3706 1290 3762 habitus
1326 3717 1385 3761 ut
1429 3707 1825 3779 ingrederetur,
1872 3710 2158 3779 comperit,

582 3812 798 3851 necnon
846 3804 1076 3850 mortem
1124 3811 1279 3851 suam
1328 3798 1731 3863 ante‘audivit,
1776 3798 1887 3851 imo
1920 3814 2050 3853 vero
2106 3807 2161 3853 et

582 3887 839 3951 Aaronis,
871 3887 961 3956 qui
997 3885 1203 3941 nullius
1236 3886 1619 3957 praedictorum
1666 3888 1927 3941 honorem
1964 3902 2159 3942 consc-

582 3982 744 4029 cutus
788 3982 893 4029 est.
944 3973 1035 4028 Sic
1074 3972 1279 4027 Paulus
1324 3988 1543 4043 quoque
1581 3988 1806 4028 causam
1853 3974 2018 4029 discit
2060 3991 2159 4029 cur

582 4068 813 4135 gratiam
846 4082 953 4120 non
985 4066 1040 4120 in
1067 4065 1369 4120 remedium
1411 4069 1482 4121 sit
1508 4068 1737 4137 adeptus
1762 4084 1776 4121 :
1826 4086 1845 4120 ι
1874 4066 2075 4122 Verum
2103 4068 2158 4123 in

582 4159 685 4211 hoc
710 4158 930 4227 quidem
961 4172 1128 4212 causa
1165 4158 1266 4211 fttit
1298 4159 1528 4221 utilitas,
1567 4162 1741 4213 virtus
1770 4160 1913 4214 enim
1951 4176 2067 4215 mea
2102 4161 2154 4214 in

583 4252 900 4307 infirmitate
959 4251 1241 4321 perﬁcitur
1282 4252 1347 4305 “.
1390 4269 1408 4303 ι
1463 4250 1521 4305 Itt
1570 4251 1715 4307 blose
1762 4268 1887 4307 vero
1923 4254 2154 4322 justitia,

580 4342 838 4412 quoniam
871 4344 1198 4413 transgressi
1229 4342 1363 4397 estis
1393 4343 1617 4396 verbum
1658 4360 1858 4408 meum,
1879 4346 2021 4414 quod
2066 4361 2156 4400 sa-

582 4448 650 4487 ne
705 4447 870 4487 sensu
902 4446 1005 4486 suo
1053 4431 1121 4485 ad
1179 4431 1349 4501 legem
1401 4432 1645 4501 respicit,
1678 4448 1798 4502 quae
1857 4433 2153 4502 perfectum

578 4526 809 4583 reddere
834 4543 944 4581 non
978 4535 1178 4596 potest,
1218 4541 1317 4580 nec
1348 4527 1768 4595 promissionem
1802 4528 2108 4583 instaurare
2140 4546 2152 4580 :

585 4636 603 4668 α
643 4617 913 4684 Quoniam
941 4618 1125 4683 justus
1152 4631 1216 4669 ex
1248 4614 1351 4670 (ide
1382 4617 1526 4670 vivet
1574 4616 1637 4671 ⁸⁷.
1682 4636 1699 4667 ι
1754 4616 1871 4671 Non
1930 4618 2153 4671 minima

2262 3439 2441 3500 θείους
2472 3436 2696 3507 πέμπτη
2729 3437 2879 3501 τάξις
2910 3440 2957 3490 οἱ
2994 3443 3291 3507 συγγενεῖς.

2345 3530 2609 3600 ’Λνάϐηθι
2644 3532 2723 3593 εἰς
2754 3530 2814 3582 τὸ
2836 3531 2961 3599 ὅρος
2990 3532 3198 3587 Ναδάό,
3236 3533 3514 3602 Κρείττων
3544 3532 3571 3582 ὁ
3604 3531 3849 3597 Μο.ῦσῆς

2272 3621 2504 3689 Ἀαρών.
2560 3620 2652 3672 Διὸ
2695 3620 2792 3672 καὶ
2841 3620 3028 3690 βλέπει
3062 3622 3159 3693 τὴν
3210 3624 3333 3692 γῆν,
3384 3624 3479 3675 καὶ
3511 3624 3614 3689 τὴν
3667 3624 3847 3675 αἰτίαν

2264 3712 2549 3781 μανθάνει,
2604 3713 2672 3766 δι’
2718 3714 2784 3783 ἢν
2834 3714 3098 3767 εἰσελθεῖν
3144 3716 3243 3768 οὐκ
3284 3716 3531 3784 ἠξίωται.
3582 3716 3698 3768 Καὶ
3751 3714 3847 3785 τὴν

2265 3806 2399 3860 ἰδίαν
2462 3807 2721 3876 τελευτὴν
2786 3810 3138 3876 προακήκοε,
3206 3808 3406 3878 μᾶλλον
3474 3809 3530 3861 δὲ
3592 3809 3690 3861 καὶ
3753 3810 3847 3876 τὴν

2272 3899 2503 3969 Ἀαρὼν,
2550 3899 2761 3951 ἐκείνου
2800 3899 3030 3967 μηδενὸς
3080 3899 3190 3951 τῶν
3237 3901 3545 3970 εἰρημένων
3587 3900 3846 3963 ἀξιωθέν.

2260 4009 2371 4055 τος.
2441 3991 2600 4045 Οὕτω
2649 3994 2745 4044 καὶ
2786 3992 2995 4054 Παῦλος
3033 3993 3292 4061 μανθάνει
3339 3995 3438 4061 τὴν
3492 3995 3697 4055 αἰτίαν,
3748 3996 3844 4061 τῆς

2259 4084 2484 4153 χάριτος
2518 4085 2594 4145 εἰς
2624 4082 2768 4135 ἴασιν
2810 4083 2885 4151 μὴ
2916 4082 3117 4151 τυχών.
3163 4102 3180 4134 ι
3217 4084 3357 4136 Ἀλλ’
3395 4084 3590 4153 ἐκείνῳ
3623 4084 3728 4151 μὲν
3759 4085 3842 4136 αἰ-

2258 4192 2371 4228 τιον
2397 4175 2459 4227 τὸ
2496 4173 2799 4245 συμφέρον.
2841 4175 2905 4225 Ἢ
2952 4174 3062 4243 γὰρ
3100 4175 3326 4244 δύναμίς
3370 4192 3471 4245 μου
3500 4176 3558 4227 ἐν
3583 4176 3841 4244 ἀσθενείᾳ

2259 4266 2577 4319 τελειοῦται.
2607 4285 2624 4316 ι
2655 4266 2780 4318 Ἐπὶ
2808 4266 2864 4318 δὲ
2894 4267 3176 4329 Μωῦσέως
3196 4269 3257 4320 τὸ
3282 4268 3512 4330 δίκαιον,
3534 4268 3660 4319 Ὅτι
3691 4284 3836 4335 παρη

2261 4359 2422 4427 έϐητε
2474 4359 2533 4412 τὸ
2581 4358 2735 4428 ῥῆμά
2783 4375 2905 4428 μου.
2948 4359 3013 4411 Ὃ
3054 4359 3118 4428 δὴ
3169 4360 3265 4411 καὶ
3312 4358 3581 4427 σύμϐολον
3625 4360 3705 4420 εἰς
3749 4360 3837 4409 τὸν

2258 4452 2422 4521 νόμον
2472 4450 2712 4504 τελειοῦν
2764 4452 2838 4520 μὴ
2888 4450 3207 4520 δυνάμενον,
3265 4451 3387 4502 οὐδὲ
3442 4451 3540 4521 τὴν
3598 4452 3835 4517 ἐπαγγεο

2256 4546 2379 4597 λίαν
2413 4544 2898 4613 ἀποκαταστῆσαι·
2963 4560 2982 4593 ι
3009 4542 3130 4594 ’Ὁτι
3167 4544 3195 4594 ὁ
3240 4541 3448 4604 δίκαιος
3494 4544 3560 4593 ὲκ
3601 4543 3833 4601 πίστεως

2258 4634 2503 4705 ζήσεται.
2536 4652 2553 4684 ι
2588 4632 2736 4703 Τιμὴ
2762 4633 2817 4685 δὲ
2846 4632 2939 4685 καὶ
2970 4630 3108 4702 αὕτη
3138 4631 3200 4684 τὸ
3232 4631 3546 4701 προγνῶναι
3586 4633 3655 4683 τὰ
3681 4632 3830 4701 εἰρη-

578 4725 799 4779 quoque
830 4724 956 4779 pars
994 4709 1223 4764 honoris
1254 4715 1361 4775 est,
1401 4724 1580 4763 rerum
1616 4709 2000 4779 praedictarum
2053 4710 2151 4762 ha-
2188 4721 2226 4775 Β
2259 4727 2414 4795 μένα,

578 4803 705 4855 bere
738 4801 1131 4870 cognitionem.

645 4892 917 4947 Caeterum
952 4893 1174 4963 jamjant
1209 4894 1509 4948 moriturus
1558 4893 1753 4959 Moses,
1797 4894 2152 4948 commisera-

580 4984 742 5038 tionis
768 4998 875 5038 non
909 4984 1279 5051 obliviscitur,
1318 4999 1505 5038 curam
1538 4985 1648 5055 agit
1680 4984 1888 5055 populi,
1921 4990 1974 5039 et
2022 5000 2153 5039 suc-

576 5092 853 5133 cessorem
883 5078 1222 5134 constituere
1258 5080 1537 5149 dignatur.
1569 5077 1685 5132 Non
1739 5079 1901 5147 igitur
1925 5079 2151 5133 dubium

575 5179 654 5226 est
691 5172 824 5241 qttin
876 5171 1213 5225 voluntatem
1276 5186 1431 5226 suam
1477 5172 1799 5226 timentibus
1853 5187 1911 5226 se
1966 5170 2152 5225 Domi-

578 5280 680 5319 ntts
706 5262 1082 5318 accommodet
1112 5262 1175 5326 ⁸⁸,
1227 5264 1683 5334 qttemadmodum
1735 5263 1913 5333 inquit
1948 5282 1959 5317 :
1999 5281 2017 5314 ι
2050 5262 2151 5317 Pe-

575 5356 673 5411 tite
719 5365 772 5411 et
820 5354 1102 5425 accipietis
1128 5355 1192 5409 ".
1252 5374 1269 5407 ι
1327 5357 1462 5410 Cutn
1508 5358 1706 5410 ctenim
1764 5357 1811 5411 ei
1867 5357 2152 5411 annuisset

494 5513 498 5516 i
578 5449 740 5513 Deus,
798 5447 1053 5519 producit
1101 5445 1265 5502 Josue
1308 5447 1422 5517 jam
1488 5448 1703 5516 quidem
1753 5446 2151 5501 consuetudine

576 5538 741 5594 llosis
791 5539 1088 5603 initiatum,
1120 5538 1187 5592 ab
1234 5553 1299 5593 eo
1349 5554 1476 5592 vero
1510 5546 1861 5607 acoepturum
1913 5537 2148 5606 regalem

574 5630 853 5701 spiritum,
914 5638 972 5683 ttt
1022 5628 1379 5685 domesticam
1432 5629 1550 5699 ejus
1616 5628 2148 5683 administrationem

644 5806 687 5836 εδ
718 5803 859 5857 Psal.
888 5820 1078 5868 uvttt,
1114 5806 1200 5857 2‘).

1301 5806 1343 5835 ⁸³
1382 5802 1421 5856 ll
1452 5803 1581 5883 Cor.
1614 5820 1707 5868 xtl,
1749 5803 1802 5858 9.
1880 5804 1924 5835 ‘7
1954 5801 2109 5857 Rom.
2148 5822 2184 5869 ι,
2229 5804 2311 5859 Π.
2392 5807 2435 5838 ε’
2482 5805 2626 5861 Psal.
2664 5824 2844 5869 CXLIV,
2890 5808 2971 5866 l9.

2343 4903 2429 4955 Ἐν
2459 4900 2779 4972 συμπαθείᾳ
2807 4901 3075 4954 τελευτῶν
3129 4900 3368 4970 φείδεται
3410 4899 3503 4951 τοῦ
3545 4899 3701 4961 λαοῦ,
3740 4898 3829 4949 καὶ

2256 4994 2397 5058 ἀξιοῖ
2427 4994 2763 5062 καταστῆναι
2809 4992 3072 5061 διάδοχον.
3112 4992 3220 5045 Καὶ
3253 4990 3424 5053 ὅντως
3468 4989 3681 5056 θέλημα
3724 4988 3825 5039 τῶν

2254 5086 2605 5156 φοϐουμένων
2631 5084 2809 5137 αὐτῶν
2841 5086 3074 5155 ποιήσει,
3130 5083 3271 5136 κατὰ
3300 5083 3360 5135 τό
3381 5099 3392 5111 ·
3437 5099 3455 5131 ι
3480 5082 3710 5143 Αἰτεῖτε,
3741 5080 3827 5129 καὶ

2252 5175 2510 5245 λήψεσθε.
2551 5195 2569 5227 ι
2594 5175 2917 5237 Ἐπινεύσας
2942 5174 3049 5242 γὰρ
3092 5174 3223 5235 Θεὸς
3270 5170 3439 5241 αὐτῷ,
3485 5173 3715 5241 προάγει
3742 5166 3826 5218 τὸν

2270 5266 2512 5337 Ἰησοῦν⁹
2573 5267 2674 5337 ἤδη
2729 5266 2828 5334 μὲν
2871 5264 3203 5333 ἡγιασμένον
3259 5265 3323 5315 ὲκ
3368 5264 3466 5330 τῆς
3514 5257 3826 5331 παραμονῆς

2258 5360 2528 5422 Μωσέως,
2563 5361 2623 5411 τὸ
2657 5359 2885 5429 ἀρχικὸν
2922 5358 2977 5411 δὲ
3009 5358 3139 5430 παρ’
3166 5357 3329 5410 αὐτοῦ
3363 5357 3650 5425 μέλλοντος
3672 5351 3819 5405 msi-

2261 5469 2339 5520 μα
2367 5450 2551 5503 λαϐεῖν
2601 5451 2739 5521 πρὸς
2772 5450 2831 5503 τὸ
2875 5450 3092 5513 οἰκείως
3129 5449 3245 5502 ἀντ’
3286 5448 3449 5503 αὑτοῦ
3481 5445 3818 5513 καταστῆναι.

2273 5542 2361 5605 Ὠς
2411 5543 2664 5613 Ἰωάννης
2708 5546 2765 5597 ὲν
2825 5543 3094 5611 πνεύματι
3143 5542 3324 5613 παρῆν
3385 5539 3565 5593 Ἦλιοῦ
3619 5536 3822 5607 πράξων

2260 5630 2372 5695 ῐσα,
2420 5632 2512 5684 καὶ
2562 5632 2894 5704 προδραμεῖν
2932 5632 3141 5703 μέλλων
3174 5632 3401 5702 Κυρίου,
3451 5631 3543 5683 καὶ
3588 5622 3819 5699 55795:?-

3055 5811 3097 5838 θ’
3134 5807 3321 5859 Matth.
3362 5822 3457 5866 vlt,
3493 5809 3545 5859 ἶ.
