4090 6572
293 428 398 493 877
1189 434 1194 439 ’
1306 472 1315 479 .
1389 421 1889 483 ΟΟΜΜΕΝΤΑΒῙ

2009 418 2048 480 .‘I
2085 418 2477 478 NUMEROS.
3469 422 3575 483 878

289 555 380 594 σαι
414 537 511 592 τὸν
544 537 695 592 λαόν’
744 537 803 591 ἐν
851 534 960 605 γὰρ
993 533 1072 604 τῷ
1121 532 1274 603 αὐτῷ
1322 532 1598 604 πνεύματι
1627 533 1695 586 τὰ
1745 532 1887 586 αὐτὰ

2009 530 2145 585 ibire
2178 540 2378 600 posset.
2413 518 2887 595 Quemadmodum
2929 532 3171 590 Joannes
3217 533 3415 603 spiritu
3443 533 3574 589 Ειίιιι

291 629 736 704 κατεργάζεσθαι
799 620 900 682 δεῖ.
968 627 1042 680 Τὸ
1103 626 1465 697 κηδεμονικὸν
1524 626 1583 679 δὲ
1635 626 1729 678 τοῦ
1786 626 1883 696 ἄρ-

2009 621 2186 675 iderat
2216 620 2448 689 aequalia
2498 631 2779 691 gesturus,
2824 640 3201 694 prmcursurus
3233 624 3485 689 Domino,
3521 638 3574 681 et

277 702 478 795 ⁹χοντος
533 724 609 787 ὡς
661 722 756 775 ἐπὶ
818 720 1113 794 προϐάτων
1170 720 1342 790 δηλοῖ.
1395 719 1485 773 Διὸ
1538 721 1634 773 καὶ
1675 723 1703 774 ό
1751 721 1886 789 xor-

2017 720 2373 769 nstructurus
2405 702 2928 783 populum.‘Eodem
2970 717 3116 771 enim
3150 718 3349 787 spiritu
3384 718 3571 774 eadem

294 816 422 879 στὸς
495 815 575 886 τῷ
644 814 837 884 Πέτρῳ
909 813 1080 882 φησί’
1171 832 1189 865 ι
1242 812 1413 865 Βόσκε
1488 812 1558 866 τὰ
1635 811 1888 883 πρόϐατά

2009 820 2213 875 tuoque
2238 804 2478 875 gerenda
2515 812 2664 859 sunt.
2700 804 2914 861 indicat
2948 816 3131 862 autem
3168 825 3277 863 non
3308 809 3573 864 minorem

294 925 423 977 μου,
466 928 485 959 ι
1990 913 2178 953 curam
2224 896 2488 967 principis
2532 912 2655 951 esse
2697 897 2898 953 debere
2943 915 3108 969 super
3154 903 3375 971 populo,
3409 919 3573 972 quam

1990 988 2230 1059 pastoris
2270 1002 2437 1057 super
2483 987 2702 1042 ovibus.
2753 985 2909 1043 Unde
2958 989 3215 1046 Christus
3250 1000 3382 1048 san‘e
3415 994 3577 1049 Petro

1987 1082 2125 1138 dicit
2159 1104 2172 1138 :
2213 1100 2232 1134 ι
2258 1080 2432 1136 Pasce
2454 1095 2586 1138 oves
2613 1097 2764 1137 meas
2793 1083 2862 1137 7°.-
2903 1102 2921 1134 ›

372 1215 854 1293 Quemadmodum
921 1226 1052 1280 vero
1087 1224 1321 1296 apOStoli
1349 1240 1472 1280 cum
1509 1208 1764 1294 spiritum
1802 1219 2105 1283 vivilicum,
2140 1232 2209 1272 ex
2254 1218 2618 1287 inspiratione
2650 1216 2855 1272 Christi
2908 1217 3196 1282 haberent,
3248 1237 3358 1275 non
3412 1208 3574 1276 aliain

300 1313 527 1384 regendi
560 1313 817 1383 peritiam
851 1313 1072 1368 coalitus
1104 1313 1333 1370 missam
1363 1321 1721 1381 acceperant,
1760 1324 1950 1364 verum
2003 1308 2163 1363 aliam
2200 1307 2500 1363 eﬂicaciam
2533 1306 2726 1362 eodem
2760 1306 2981 1376 spiritu,
3014 1315 3155 1364 teste
3186 1309 3358 1364 Paulo
3384 1312 3426 1342 τί
3458 1330 3472 1365 :
3503 1312 3577 1365 ita

300 1419 451 1457 nunc
482 1416 702 1472 quoque
728 1400 872 1455 idem
902 1402 1133 1471 spiritus
1168 1399 1481 1456 sacerdotis
1506 1398 1813 1455 ministerio
1842 1399 1997 1452 adest
2032 1395 2300 1451 mediator
2328 1396 2471 1466 apud
2519 1394 2687 1451 Deum
2718 1395 3024 1451 sacerdotis
3059 1404 3113 1452 et
3142 1398 3352 1467 populi,
3384 1408 3444 1453 ut
3484 1415 3581 1469 per

300 1490 608 1561 principem
637 1488 821 1544 aditus
859 1489 1085 1559 patefiat
1111 1489 1312 1559 populo
1345 1488 1413 1542 ad
1438 1504 1500 1544 ea
1534 1503 1657 1557 quae
1684 1487 1944 1543 sacerdos
1986 1502 2017 1539 a
2050 1484 2159 1540 Deo
2212 1482 2400 1540 refert.
2438 1483 2792 1555 Signiﬁcatur
2822 1497 2954 1539 vero
2977 1484 3235 1540 Christus
3280 1488 3374 1558 qui
3416 1490 3579 1541 amlm

260 1571 269 1585 ”
299 1579 489 1641 simul,
531 1587 585 1632 et
614 1594 708 1632 rex
740 1588 792 1632 et
818 1577 1079 1633 sacerdos
1106 1576 1286 1632 lactus
1318 1584 1424 1632 est.
3024 1648 3026 1651 τ

376 1666 443 1720 Et
461 1665 615 1719 dabis
638 1668 704 1719 de
720 1666 897 1735 gloria
917 1676 1007 1719 tua
1026 1682 1186 1735 super
1204 1683 1266 1720 eu
1278 1682 1349 1719 m.
1375 1660 1612 1736 [XXVlL
1635 1660 1752 1733 20.]
1775 1657 1893 1713 Non
1914 1659 2059 1714 enim
2082 1658 2303 1713 dantem
2326 1658 2380 1713 id
2403 1658 2547 1729 quod
2564 1660 2729 1714 datur
2754 1660 2979 1716 deserit.
2997 1658 3096 1712 Dat
3123 1675 3255 1715 vero
3279 1676 3380 1715 nec
3404 1660 3579 1733 inspi-

301 1762 392 1807 rat
420 1754 564 1809 sicut
589 1754 867 1819 Christus,
901 1754 1175 1824 siquidem
1212 1753 1453 1823 Spiritus
1487 1752 1696 1807 uullum
1731 1750 1894 1804 habet
1924 1746 2150 1800 fontem.
2184 1744 2533 1815 Quapmpter
2565 1762 2633 1802 ne
2668 1748 2982 1803 senioribus
3012 1747 3233 1827 quidem
3266 1748 3578 1819 inspiravit,-

303 1844 441 1908 quin
475 1852 528 1898 et
564 1842 766 1898 ibidem
802 1858 831 1896 a
858 1837 1008 1898 Mose
1034 1843 1300 1908 ablatum,
1332 1841 1683 1912 septuaginta
1733 1826 1874 1892 viris
1916 1834 2130 1890 tribuit.
2182 1832 2246 1887 Et
2277 1834 2367 1889 hic
2397 1832 2542 1889 Deus
2571 1835 2663 1904 qui
2694 1835 2847 1890 dedit
2880 1835 3013 1890 dicit
3043 1854 3056 1889 ι
3095 1854 3113 1887 ι
3144 1826 3412 1905 Imponite
3466 1853 3583 1892 ma-

304 1946 411 1987 nus
443 1940 680 1998 vestras,
713 1941 767 1985 et
800 1946 906 2003 ego
946 1929 1292 1987 benedicam.
1328 1950 1347 1983 ι

378 2040 579 2106 Ὅπως
631 2040 1081 2095 είσακούσωσιν
1128 2040 1315 2095 αὑτοῦ
1369 2041 1425 2095 οἱ
1453 2040 1570 2095 υἱοί
1632 2038 1891 2107 Ἰσραήλ.

2074 2030 2143 2086 Ut
2193 2033 2438 2087 obediant
2493 2033 2541 2088 ei
2597 2033 2699 2103 ﬁlii
2744 2020 2941 2089 Israel.
2989 2024 3130 2108 [20.]
3180 2035 3315 2091 Nam
3346 2038 3437 2106 qui
3473 2050 3582 2092 non

318 2134 379 2185 Ὀ
409 2133 517 2203 γὰρ
560 2132 636 2204 μὴ
683 2132 778 2186 τοῦ
815 2132 978 2202 φύσει
1004 2133 1266 2205 ἄρχοντος
1309 2132 1618 2203 μετασχὼν,
1649 2132 1896 2186 τουτέστι

301 2225 401 2278 τοῦ
448 2224 606 2293 ἁγίου
656 2224 1004 2293 Πνεύματος,
1050 2226 1110 2277 οὐ
1152 2224 1376 2279 δύναται
1406 2224 1619 2297 ἄρχειν.
1668 2223 1897 2293 «Χωρὶς

301 2317 471 2387 ἐμοῦ,
496 2316 682 2385 φησὶν,
705 2316 766 2368 οὐ
793 2315 1024 2369 δύνασθε
1061 2318 1238 2370 ποιεῖν
1266 2317 1442 2371 οὐδέν.
1476 2337 1493 2368 ι
1531 2311 1639 2370 Καὶ
1670 2319 1698 2369 ὁ
1734 2316 1899 2369 Ἀπό-

303 2406 495 2470 στολος
521 2423 537 2439 ·
582 2425 601 2457 ι
631 2405 708 2458 Δι’
742 2399 819 2469 ¹οὗ
859 2405 1129 2475 ἐλάσομεν
1157 2406 1319 2476 χάριν
1356 2406 1450 2460 καὶ¹
1483 2406 1791 2477 ἀποστολὴν
1817 2407 1899 2470 εἰς

305 2496 560 2564 ὑπακοὴν
594 2495 852 2557 πίστεως.
883 2515 901 2546 ι
939 2495 1031 2548 Διὸ
1063 2496 1219 2563 σοφοὶ
1254 2497 1356 2566 μὲν
1378 2497 1471 2551 καὶ
1493 2498 1712 2551 δυνατοὶ
1739 2497 1895 2567 βασι-

305 2586 421 2647 λεῖς
454 2586 646 2655 ἄρχειν
681 2585 782 2637 οὐκ
822 2585 1168 2656 ἠδυνήθησαν
1210 2586 1427 2656 ἀληθῶς
1449 2603 1462 2617 ο
1498 2587 1546 2639 οἱ
1591 2588 1649 2639 δὲ
1679 2586 1903 2663 τῶνπάν-

2004 2128 2261 2198 princeps
2316 2127 2582 2191 nascitur,
2618 2129 2720 2183 hoc
2749 2138 2857 2195 est,
2911 2131 3351 2201 Spiritusancto
3384 2131 3582 2201 praedi:

2004 2228 2093 2273 tus
2117 2226 2223 2283 est,
2257 2219 2528 2288 imperare
2578 2221 2792 2290 nequit.
2832 2240 2850 2273 ι
2879 2221 3009 2277 Sine
3055 2238 3141 2277 me
3169 2224 3338 2287 enim,
3382 2224 3582 2293 inquit,

2006 2311 2079 2365 nil
2125 2311 2355 2381 potestis
2403 2312 2586 2368 facere
2629 2315 2695 2368 ⁷³.
2764 2332 2783 2365 ι
2839 2314 3005 2386 426
3052 2316 3184 2370 ltem
3229 2316 3522 2387 Apostolus
3567 2322 3583 2374 ξ

2008 2421 2026 2453 ι
2061 2403 2167 2459 Per
2228 2419 2388 2474 quem
2452 2408 2773 2475 accepimus
2832 2408 3090 2478 gratiam,
3138 2418 3193 2463 et
3252 2409 3586 2464 iunctionem

2000 2492 2356 2562 apostolicam
2390 2494 2458 2547 ad
2486 2494 2854 2550 obedientiam
2890 2495 3015 2551 lldei
3040 2497 3105 2555 ⁷⁸.
3131 2516 3150 2549 ι
3184 2497 3324 2552 Hinc
3356 2499 3411 2552 ﬁt
3440 2500 3585 2568 quod

2002 2586 2396 2656 sapientissimi
2450 2586 2655 2657 quique
2701 2602 2766 2641 ac
2815 2589 3189 2658 potentissimi
3232 2591 3395 2644 etiam
3444 2598 3589 2646 vera).

307 2677 604 2749 θρωπίνων
656 2675 1218 2751 ἐστερημένοι-ἦρξαν
1246 2680 1341 2733 καὶ
1383 2681 1764 2752 κεκρατήκασι
1805 2683 1902 2735 κό-

307 2786 454 2839 σμου
485 2768 710 2835 παντὸς,
744 2770 793 2821 οἱ
820 2767 1133 2823 ἀπόστολοι.

2000 2679 2387 2748 gubernationi
2423 2680 2661 2749 impares
2698 2679 2901 2735 fuerint
2924 2721 2939 2745 ,
2974 2698 3096 2735 cum
3131 2697 3162 2738 e
3190 2692 3383 2737 contra
3414 2686 3593 2739 omni-‘-

2000 2771 2106 2826 bus
2134 2770 2393 2825 humanis
2437 2771 2606 2828 rebus
2648 2772 2892 2827 destituti
2928 2775 3162 2842 aposwii
3205 2784 3395 2846 regere
3426 2784 3595 2830 nove-

2013 2864 2147 2932 rint,
2172 2873 2459 2935 totumque
2487 2865 2756 2919 mundum
2794 2867 3133 2937 subegerint.

388 2970 457 3025 Et
490 2971 765 3025 consulant
789 2986 906 3025 eum
942 2986 1098 3040 super
1117 2971 1327 3040 judicio
1348 2973 1611 3027 visionum
1644 2990 1827 3028 coram
1858 2975 2111 3033 Domino.
2147 2978 2288 3051 [2L]
2320 2976 2485 3033 Jubet
2515 2993 2545 3032 a
2594 2979 2799 3048 populo
2851 2978 3071 3048 quidem
3125 2980 3342 3034 consuli
3376 2982 3586 3051 princié

308 3073 460 3129 pem,
493 3058 562 3113 ab
591 3058 697 3113 hoc
727 3074 856 3113 vero
887 3059 1249 3124 sacerdotem,
1284 3061 1353 3114 ab
1398 3076 1464 3115 eo
1518 3061 1757 3131 denique
1789 3062 1978 3118 Deum.
2012 3065 2141 3119 Item
2181 3075 2241 3119 ut
2288 3064 2525 3135 populus
2576 3064 2799 3119 dictatis
2854 3066 3122 3134 principis
3176 3075 3385 3135 pareat.
3427 3088 3444 3119 ι
3482 3069 3595 3124 Suo

307 3148 464 3201 enim
496 3153 764 3216 tempore,
792 3147 994 3216 inquit,
1025 3147 1242 3202 dicetur
1271 3148 1463 3203 lsraeii
1491 3150 1638 3219 Quod
1666 3149 1917 3207 facturus
1950 3159 2035 3207 est
2066 3151 2388 3207 Dominus.»
2429 3154 2495 3206 Et
2534 3152 2648 3206 haec
2682 3152 2907 3222 quidem
2949 3163 3324 3221 separatarum
3357 3156 3598 3212 functio-

312 3249 448 3289 num
480 3235 757 3305 copulatio
785 3244 890 3290 est.
918 3234 1173 3291 Christus
1210 3251 1341 3292 vero
1371 3250 1497 3292 cum
1525 3240 1687 3294 ambo
1739 3240 1904 3295 simul
1937 3239 2035 3305 sit,
2071 3253 2101 3292 a
2150 3239 2336 3309 seipso
2383 3238 2752 3309 quodcunque
2794 3237 2927 3303 edit,
2979 3239 3229 3310 nihilque
3284 3240 3597 3299 forinsecus

312 3325 570 3379 assumit.

387 3436 527 3507 Περὶ
559 3435 669 3490 τῶν
714 3436 921 3490 θυσιῶν
965 3437 1075 3492 τῶν
1106 3438 1228 3492 καθ’
1278 3442 1516 3513 ἡμέραν,
1550 3444 1647 3497 καὶ
1691 3444 1903 3499 Σάδδα-

2082 3447 2353 3503 Caeterum
2405 3446 2553 3516 quod
2598 3447 2771 3518 legem
2820 3445 2887 3501 de
2931 3446 3173 3503 victimis
3235 3448 3598 3518 quotidianis,

312 3538 432 3592 τον,
463 3530 558 3581 καὶ
585 3529 906 3600 Νουμηνίαν
934 3531 1273 3587 ὲπανέλαδεν
1305 3532 1486 3601 αὖθις,
1521 3538 1615 3590 καὶ
1648 3537 1903 3602 πολλάκις

2015 3537 2082 3592 de
2116 3538 2393 3600 Sabbatis,
2435 3546 2489 3592 et
2512 3536 2826 3593 Noviluniis
2859 3537 2945 3591 hic
2973 3539 3170 3607 repetit
3191 3549 3241 3594 et
3265 3540 3403 3596 alias
3434 3550 3597 3611 saepe.

312 3619 480 3673 τοῦτο
531 3623 697 3686 ποιεῖ,
750 3621 811 3674 τὸ
856 3624 956 3694 τῆς
997 3623 1323 3693 νομοθεσίας
1368 3627 1657 3681 σπουδαῖον
1697 3626 1903 3690 δεικνὺς

2015 3629 2212 3698 partim
2261 3628 2504 3683 studium
2556 3630 2884 3684 tuendarum
2934 3630 3113 3700 legum
3168 3632 3367 3693 innuit,
3401 3634 3599 3701 partim

316 3715 417 3767 καὶ
442 3710 537 3767 νῦν
570 3712 764 3784 ὥσπερ
796 3707 897 3784 τὴν
948 3712 1201 3786 διαδοχὴν
1231 3717 1331 3786 τῆς
1370 3717 1626 3789 λατρείας
1674 3719 1903 3789 ἐγχειρὶ-

2013 3720 2163 3775 vices
2195 3722 2377 3775 cultus
2416 3719 2589 3774 divini
2635 3721 2691 3774 in
2731 3735 2928 3776 manus
2962 3720 3129 3774 veluti
3172 3720 3340 3775 tradit
3368 3722 3602 3794 principi

316 3797 430 3864 ζων
462 3800 542 3871 τῷ
570 3802 992 3873 νεοκαταστάτῳ
1023 3804 1269 3875 ἄρχοντι.

389 3891 464 3943 Τὸ
492 3892 590 3961 τῆς
623 3892 884 3961 λατρείας
911 3893 1187 3965 ἐνδελεχὲς
1215 3896 1316 3949 ούκ
1345 3898 1411 3969 ἐᾷ
1453 3896 1550 3968 τὴν
1600 3898 1909 3953 θεοσέϐειαν

315 3982 696 4053 ἀποψυγῐψαι.
726 3984 819 4038 Διὸ
859 3987 951 4038 καὶ
980 3986 1194 4052 Παῦλός
1225 4006 1396 4059 φησι·
1454 4010 1472 4042 ι
1504 3990 1595 4061 Τῷ
1638 3991 1910 4062 πνεύματι

316 4075 556 4141 ζέοντες,
579 4076 659 4147 τῷ
682 4077 872 4149 Κυρίῳ
905 4078 1266 4145 δουλεύοντες.
1292 4100 1312 4133 ι

389 4262 471 4332 Τῇ
500 4260 967 4337 πεντεκαιδεκάτῃ
1000 4264 1206 4336 ἡμέρᾳ,
1240 4268 1520 4322 τουτέστιν
1569 4271 1628 4323 ἐν
1659 4272 1724 4342 τῇ
1764 4266 1908 4344 Σκη-

318 4354 581 4427 νοπηγίᾳ.
609 4357 688 4427 Τῇ
719 4357 819 4427 μὲν
849 4358 958 4435 γάρ
983 4360 1176 4430 πρώτῃ
1222 4360 1431 4433 ἡμέρᾳ,
1462 4363 1748 4435 δεκατρεῖς
1774 4367 1907 4420 τάτ-

320 4465 402 4501 τει
456 4450 693 4519 μόσχους
742 4450 821 4514 είς
874 4450 1104 4504 θυσίαν·
1142 4456 1208 4525 τῇ
1265 4453 1322 4506 δὲ
1365 4455 1629 4528 δευτέρᾳ,
1676 4456 1906 4511 δώδεκα.

318 4540 434 4601 Καὶ
482 4546 657 4611 οὕτως
704 4548 1016 4619 ὑφειμένως
1079 4550 1280 4620 μόσχον
1329 4550 1426 4604 ἕνα
1476 4551 1607 4624 περὶ
1673 4552 1777 4622 τῆς
1812 4554 1908 4623 ὀγ-

1938 3839 1980 3897 C
2014 3829 2190 3884 nuper
2223 3815 2549 3871 constituto.

2085 3906 2353 3961 Caeterum
2404 3906 2692 3978 religionis
2755 3908 3082 3963 exercitium
3144 3910 3331 3979 pietati
3387 3911 3600 3964 nullum

2014 3999 2258 4069 spatium
2310 3999 2585 4070 refrigerii
2626 3999 2904 4070 relinquit.
2942 3987 3099 4057 Unde
3148 4002 3350 4059 Paulus
3382 4019 3602 4074 quoque

2015 4083 2195 4160 inquit
2247 4108 2260 4143 :
2317 4109 2336 4142 ι
2383 4088 2590 4160 Spiritu
2656 4091 2902 4148 viventes
2962 4106 3025 4147 ac
3076 4092 3309 4149 Domino
3353 4097 3603 4165 servien-

2016 4178 2099 4233 tes
2126 4178 2188 4231 π.
2228 4196 2247 4229 ι

2086 4269 2261 4325 Porro
2284 4286 2347 4327 ea
2387 4275 2509 4342 qua:
2540 4264 2706 4327 modo
2735 4273 2880 4328 dicta
2911 4283 3041 4329 sunt
3093 4276 3313 4345 proprie
3353 4277 3418 4330 ad
3450 4277 3605 4332 doci-

2013 4365 2087 4419 mi
2117 4364 2295 4434 q‘uinti
2318 4365 2426 4419 diei
2456 4365 2663 4421 mensis
2697 4365 2914 4435 septimi
2941 4367 3165 4430 festum,
3196 4366 3605 4421 Tabernaculo-

2013 4472 2134 4511 rum
2164 4456 2442 4519 videlicet,
2470 4455 2804 4511 referuntur.
2837 4454 3019 4511 Prima
3052 4457 3252 4512 etenim
3285 4459 3372 4512 die
3427 4457 3605 4511 trede-

2017 4550 2121 4603 cim
2153 4548 2421 4618 iuvencos
2449 4549 2725 4618 immolari
2762 4549 2959 4613 Sancit,
3012 4536 3254 4603 secunda
3287 4552 3418 4602 vero
3463 4549 3603 4602 duo-

320 4639 450 4710 δόης
463 4639 576 4711 (84)
600 4657 613 4670 ·
633 4640 700 4712 ἢν
727 4640 1011 4712 ἐπίσχεσιν
1033 4640 1317 4712 ὀνομάζει,
1341 4643 1416 4714 μὴ
1431 4643 1663 4715 ἔχουσαν
1685 4644 1907 4712 ἐξόδιον,

324 4732 461 4785 ἀλλὰ
483 4732 841 4805 [ἀνάπαυσιν]
876 4734 1140 4804 παντελῆ,
1176 4738 1403 4805 σημεῖον
1440 4738 1540 4806 τῆς
1572 4736 1783 4800 τελείας
1814 4732 1911 4792 καὶ

328 4824 561 4897 μονίμου
599 4824 899 4897 μελλούσης
935 4826 1197 4898 ἱδρύσεως
1225 4828 1374 4899 παρὰ
1404 4827 1543 4899 Θεῷ.

2019 4638 2221 4696 decim.
2256 4640 2408 4696 Adeo
2441 4654 2497 4695 ut
2526 4657 2693 4695 unum
2721 4640 3013 4695 subtrahat
3044 4641 3109 4695 ad
3146 4649 3394 4694 octavam
3430 4657 3605 4711 usque

2017 4732 2202 4799 diem,
2267 4748 2432 4804 quam
2495 4732 2880 4787 inhibitiouem
2950 4742 3151 4797 vocat,
3205 4744 3326 4804 qna:
3386 4748 3604 4789 omnem

2018 4822 2226 4875 exitum
2275 4820 2700 4888 intercludebat,
2732 4820 2919 4891 jugem
2969 4822 3215 4893 requiem
3268 4824 3604 4890 continebat,

2022 4921 2433 4984 perennemQue
2486 4912 2727 4968 futuram
2765 4913 2950 4968 sedem
2994 4914 3136 4985 apud
3189 4913 3353 4970 Deum
3393 4917 3606 4988 signiﬁ-

2023 5004 2207 5057 cabat.

398 5112 633 5185 Insuper
659 5126 788 5170 vero
815 5115 1010 5171 octava
1060 5113 1147 5170 die
1183 5130 1354 5169 unum
1385 5104 1682 5185 iuvencum
1718 5114 2031 5182 constituit,
2082 5129 2206 5169 cum
2240 5120 2425 5169 tamen
2456 5113 2581 5169 aliis
2619 5102 3057 5181 diebusjuvenci
3101 5116 3443 5186 complures.
3499 5114 3610 5170 duo

328 5202 462 5257 item
511 5203 649 5258 hirci
699 5200 1052 5269 olferrentur,
1106 5218 1321 5259 necnon
1375 5211 1585 5272 septem
1649 5219 1823 5276 agnos
1865 5220 1966 5275 pro
2016 5202 2408 5274 septemdecim
2464 5202 2700 5257 aliorum
2745 5203 2957 5257 dierum
3005 5203 3186 5258 aﬂ‘erri
3219 5205 3490 5275 praecipit.
3532 5204 3610 5257 Ac

332 5304 479 5344 unus
511 5290 730 5361 quidem
754 5290 1029 5355 iuvencus
1064 5291 1155 5346 ille
1188 5291 1485 5346 multorum
1524 5292 1644 5346 loco
1696 5293 2034 5357 immolatus,
2074 5292 2332 5361 ariesque
2390 5306 2534 5346 unus
2568 5306 2669 5361 pro
2699 5289 2914 5369 duobus
2960 5290 3273 5345 ttnitionem-
3315 5292 3608 5359 utriusque

334 5376 520 5446 populi
549 5378 814 5433 extremis
845 5378 1185 5449 temporibus
1228 5377 1470 5432 futuram
1503 5378 1642 5432 citra
1685 5382 2122 5435 controversiam
2178 5378 2487 5449 partendet,
2538 5379 2684 5434 sicut
2720 5374 2986 5432 Dominus
3030 5392 3255 5447 quoque
3294 5380 3485 5441 sentit,
3527 5381 3610 5431 in-

333 5464 534 5534 quiens
567 5483 581 5521 :
626 5484 645 5517 ι
674 5463 741 5521 Ut
772 5481 965 5523 omnes
990 5482 1156 5521 unum
1196 5466 1327 5531 sint,
1363 5466 1827 5537 quemadmodum
1872 5482 1974 5537 ego
2014 5476 2068 5523 et
2100 5466 2181 5533 tu,
2233 5458 2421 5534 Pater,
2457 5481 2626 5520 unum
2663 5479 2857 5520 sumus
2881 5464 2943 5517 ⁷⁸.
2984 5483 3002 5515 ι
3063 5463 3281 5533 Septem
3316 5480 3447 5519 vero
3479 5466 3607 5536 agni

406 5619 452 5650 τ’
481 5616 639 5676 Joan.
676 5636 791 5689 ut,
825 5622 915 5677 17.
990 5622 1032 5652 ⁷⁸
1075 5619 1094 5673 l
1126 5620 1257 5676 Cor.
1289 5634 1391 5686 vn,
1424 5619 1474 5672 7.
1554 5620 1599 5650 "
1631 5617 1791 5674 Joan.
1826 5636 1903 5675 xv.

2016 5662 2028 5673 .
2106 5621 2153 5653 "
2184 5617 2227 5673 ll
2257 5619 2387 5675 Cor.
2420 5635 2499 5685 lx,
2528 5619 2618 5674 15.

2731 5621 2775 5653 ⁷⁸
2817 5617 2977 5675 Rom.
3009 5634 3108 5687 xli,
3164 5620 3249 5675 ii.

341 5704 476 5754 χιιι,
510 5691 602 5744 2i.

3369 5622 3417 5654 ⁷⁸
3445 5620 3607 5680 Joan:

1851 5783 2083 5842 NOTAE.-

407 5881 518 5949 (S'ti,
539 5880 714 5951 Μέχρι
742 5882 836 5951 τῆς
867 5879 1078 5949 ὀγδόης.
1120 5878 1179 5931 Ὀ
1214 5879 1309 5948 τῆς
1338 5879 1471 5946 Αύγ.
1506 5876 1633 5931 κώδδ
