4090 6528
590 416 697 484 879
1887 417 2245 481 PROCOPII
2275 416 2519 478 eum
3706 433 3793 490 88.,

593 548 694 606 pro
725 530 1146 603 quatuordeemt
1181 530 1565 587 dimissionem
1600 531 1792 602 utique
1818 532 2135 603 signiﬁcare
2170 530 2406 601 possint,
2438 544 2557 599 qua:
2589 528 2824 598 septimo
2863 542 3007 584 anno
3032 533 3188 598 juxta
3224 530 3388 604 legejn
3414 534 3581 602 flebat,
3608 548 3795 612 quando

592 621 845 676 videlicet
871 618 1129 690 gentibus
1152 632 1275 686 quae
1312 617 1455 673 divis
1483 620 1794 674 servierunt
1824 631 2049 689 peccata
2100 618 2472 679 dimittentur,
2521 625 2577 671 et
2625 632 2690 669 ex
2724 617 2993 670 servitute
3034 614 3092 669 in
3127 616 3431 672 libertatem
3460 635 3664 680 asserta
3708 627 3800 684 ῐιηο

592 715 722 763 tota
754 705 1121 761 adducentur.
1162 704 1411 775 Septimo
1443 706 1589 760 enim
1625 719 1775 760 anno
1816 707 1953 777 legis
1977 707 2106 777 jure
2138 706 2192 760 iu
2232 704 2537 759 libertatem
2593 702 3031 758 transferebatur
3066 718 3282 759 servus.
3310 703 3565 762 Ceterum
3598 726 3625 765 a
3669 718 3803 772 nobis

588 796 821 866 requirit
844 802 903 848 ut
931 793 1129 849 diebus
1162 793 1320 849 festis
1347 793 1401 847 in
1433 794 1634 863 primis
1672 809 1873 850 suaves
1918 798 2205 849 mittamus
2235 794 2460 859 odores,
2519 802 2774 863 totosque
2824 793 2934 846 Deo
2982 791 3367 847 devoveamus.
3403 793 3600 866 Duplex
3649 812 3803 859 autem

586 885 734 956 jugls
764 884 929 951 hujus
963 883 1200 938 victima;
1245 882 1567 937 exercitium
1623 890 1729 947 est,
1785 883 2116 935 matutinum
2167 888 2223 935 et
2272 878 2670 948 vespertinum,
2716 878 2863 948 quod
2901 878 3062 934 nobis
3096 879 3362 934 indicium
3412 881 3537 938 facit
3565 885 3628 941 ab
3675 890 3805 943 initio

591 973 715 1027 vitae
743 971 809 1024 ad
844 970 1004 1025 ﬁnem
1036 972 1158 1041 ejus
1189 985 1364 1040 usque
1397 969 1599 1024 odores
1632 969 1760 1025 illos
1790 984 1916 1025 esse
1944 968 2291 1033 retinendos,
2322 966 2391 1020 ad
2420 967 2782 1022 imitationem
2814 968 2938 1037 agni
2968 967 3063 1037 qui
3087 983 3145 1022 se
3172 966 3281 1023 Deo
3309 979 3361 1023 et
3390 970 3529 1025 Patri
3556 989 3646 1043 pro
3672 980 3805 1032 nobis

590 1062 811 1123 obtulit,
847 1076 947 1114 nec
976 1068 1083 1113 tam
1120 1074 1235 1113 suae
1284 1073 1448 1128 quam
1500 1066 1706 1112 nostra!
1747 1058 1873 1111 vitae
1907 1057 2239 1112 suavitatem
2304 1056 2658 1127 futuramque
2705 1058 2947 1111 laetitiam
2983 1059 3191 1113 attulit.
3246 1057 3359 1113 Hoc
3403 1062 3541 1116 enim
3594 1066 3805 1136 similagn

590 1162 716 1201 cum
752 1148 880 1199 vino
908 1157 961 1200 et
992 1146 1113 1199 oleo
1144 1146 1375 1199 subacta
1402 1143 1605 1198 innuit.
1647 1142 1822 1198 Porro
1854 1159 1949 1214 per
1981 1145 2260 1199 victimam
2300 1145 2628 1200 matutinam
2664 1145 3083 1215 signiﬁcabatur
3116 1162 3339 1216 quoque
3381 1150 3487 1203 vita
3513 1166 3624 1221 qua:
3656 1152 3704 1207 in
3726 1172 3803 1225 pa-

590 1234 774 1289 radiso
798 1242 924 1287 ante
949 1233 1449 1302 transgressionem
1478 1230 1602 1297 fuit,
1636 1248 1731 1302 per
1764 1232 2131 1302 vespertinam
2167 1248 2299 1288 vero
2325 1233 2603 1288 restitutio
2638 1235 2815 1289 nostri
2845 1249 2941 1303 per
2967 1231 3319 1289 Servatorem
3353 1239 3600 1293 extremis
3630 1252 3804 1313 tempo-

591 1323 747 1377 ribus
780 1322 938 1375 nobis
980 1320 1253 1376 redditum
1285 1320 1453 1374 facta.
1486 1317 1544 1373 In
1576 1318 1800 1374 Christo
1832 1332 1962 1373 vero
1994 1318 2159 1374 ferias
2191 1330 2417 1391 agentes
2453 1321 2738 1391 multiplex
2769 1322 2958 1377 odoris
2990 1322 3296 1391 spiritualis
3338 1324 3608 1381 incensum
3639 1327 3803 1385 offere-

591 1426 716 1465 mus
749 1408 884 1464 Deo.
936 1407 1057 1462 .lam
1096 1421 1228 1463 vero
1261 1408 1389 1463 novi
1444 1408 1648 1462 mensis
1677 1408 1965 1463 exordium
2000 1422 2196 1461 novatn
2232 1410 2425 1473 vitam,
2477 1410 2588 1462 imo
2610 1409 2966 1465 novissimam
3012 1425 3132 1464 eam
3182 1426 3305 1480 qua:
3348 1411 3401 1464 in
3453 1420 3808 1470 resurrectione

591 1509 936 1552 mortuorum
970 1506 1053 1551 est
1086 1496 1292 1558 futura,
1329 1496 1578 1551 denotat.
1610 1495 1669 1549 In
1700 1512 1808 1566 qua
1840 1498 1980 1549 mori
2012 1495 2283 1566 oportebit
2319 1495 2452 1559 Deo,
2486 1511 2587 1549 nec
2618 1497 2856 1567 amplius
2884 1497 2938 1551 in
2969 1497 3212 1567 peccatis
3247 1499 3448 1565 vivere,
3473 1516 3643 1555 verum
3673 1503 3807 1558 vitam

594 1601 760 1657 agere
795 1599 1089 1654 supernam
1124 1600 1140 1651 ;
1171 1584 1273 1637 hoc
1300 1586 1445 1637 enim
1467 1584 1828 1653 juvencorum
1864 1592 2101 1649 statura,
2134 1598 2243 1651 qua
2274 1583 2507 1638 inferior
2540 1583 2753 1648 hircus,
2801 1600 2910 1655 qua
2961 1584 3198 1655 denique
3232 1586 3415 1640 minor
3440 1600 3684 1657 agnorum
3722 1602 3810 1657 est,

591 1673 775 1728 innuit
814 1689 829 1738 ;
862 1672 1046 1741 quivis
1077 1672 1222 1726 enim
1255 1672 1473 1741 prtemia
1494 1672 1653 1741 quta
1685 1686 2000 1726 mensuram
2033 1686 2189 1724 suam
2223 1680 2552 1740 accepturus
2583 1684 2686 1726 est.
2715 1670 2891 1728 Porro
2921 1672 3030 1727 duo
3062 1673 3249 1743 p0puli
3279 1688 3379 1744 per
3403 1674 3654 1744 juveucos
3697 1679 3811 1733 duos

589 1760 942 1814 denotantur.
974 1757 1179 1815 Horum
1204 1772 1333 1812 vero
1367 1759 1541 1811 unitio
1580 1773 1677 1829 per
1706 1759 1931 1812 unicum
1968 1758 2195 1811 arietem
2240 1758 2627 1814 intermedium
2676 1761 2756 1815 ﬁt.
2793 1759 3123 1816 Sanctorum
3156 1777 3284 1817 vero
3314 1774 3677 1820 consummata
3714 1782 3815 1837 per-

590 1846 779 1910 fectio,
808 1861 905 1917 per
933 1854 1143 1915 septem
1184 1860 1452 1915 agnorum
1486 1845 1897 1915 simplicitatem
1927 1845 2291 1914 signiﬁcatur.
2344 1847 2589 1914 Quorum
2622 1864 2753 1903 sane
2792 1849 3134 1920 singulorum
3183 1850 3348 1906 donis
3388 1852 3643 1907 suavitate
3672 1864 3720 1907 et
3742 1854 3814 1921 ju-

590 1935 872 1989 cunilitate
904 1933 1198 2002 respondet
1222 1933 1343 2001 ejus
1386 1933 1495 1985 vita
1525 1950 1539 1999 ;
1574 1933 1677 1986 hoc
1720 1932 1866 1986 enim
1898 1931 2080 1985 denuo
2135 1932 2391 2004 similago
2418 1936 2546 1990 vino
2590 1936 2819 1991 subacta
2852 1945 2906 1991 et
2939 1937 3060 1991 oleo
3096 1936 3198 1991 sibi
3234 1938 3376 1991 vult.
3422 1936 3611 1994 Hircus
3660 1950 3813 1995 autem

591 2023 888 2077 salutarem
926 2020 1131 2074 Christi
1162 2020 1477 2089 passionem
1517 2019 1831 2082 adumbrat,
1862 2019 2023 2089 cujus
2052 2033 2187 2073 sane
2231 2022 2405 2088 gratia
2451 2022 2632 2077 ninnis
2675 2024 2897 2077 victima
2949 2024 3094 2077 Patri
3131 2033 3360 2094 accepta
3396 2024 3519 2079 fuit.
3565 2044 3582 2077 ι
3607 2025 3722 2081 Sine
3747 2044 3816 2082 nte

588 2110 761 2175 enim,
802 2107 1002 2178 inquit,
1059 2123 1170 2161 non
1201 2109 1432 2177 potestis
1477 2106 1695 2184 efficere
1736 2108 2037 2177 quidquam
2064 2108 2133 2159 7°.
2187 2125 2205 2158 ι
2242 2106 2423 2174 Quare
2474 2116 2589 2166 haec
2621 2113 2843 2166 victima
2870 2113 2995 2168 aliis
3026 2113 3327 2183 copulatur
3358 2130 3589 2184 semper.
3644 2114 3817 2173 Deinde

588 2211 721 2251 vero
748 2176 1121 2265 dies-septimi
1178 2176 1384 2250 mensis
1418 2176 1664 2249 ultimam
1716 2176 1992 2265 significat
2029 2194 2237 2259 tubam,
2300 2198 2367 2253 ad
2400 2200 2558 2271 cujus
2613 2202 2929 2272 clangorem
2983 2176 3188 2255 mortui
3221 2176 3530 2273 resurgent.
3576 2202 3817 2273 Jejunium

588 2299 719 2340 vero
747 2282 973 2338 decimae
1001 2281 1107 2337 diei
1157 2280 1320 2354 427
1355 2282 1518 2351 hujus
1570 2284 1775 2338 mensis
1798 2282 2151 2338 affectionum
2181 2285 2583 2356 jugulationem
2630 2273 2872 2342 denotat.
2911 2288 3179 2357 Deinceps
3229 2289 3345 2357 jam
3378 2290 3620 2345 victimas
3650 2292 3818 2348 decimi

587 2372 766 2443 quinti
808 2371 943 2439 diei,
977 2369 1072 2440 qui
1101 2372 1371 2442 septimus
1401 2369 1523 2425 festi
1575 2378 1715 2436 erat,
1758 2381 2069 2425 enumerat.
2116 2373 2194 2426 Ae
2238 2373 2564 2430 differentiis
2610 2375 2834 2445 quidem
2894 2376 3244 2430 victimarum
3296 2376 3436 2447 legis
3493 2380 3821 2435 modulatione

589 2460 881 2523 institutis,
925 2474 1034 2513 non
1070 2460 1253 2529 inepte
1279 2459 1498 2513 diversa
1534 2457 1702 2523 dona,
1750 2473 1989 2521 summa,
2024 2460 2224 2526 media,
2259 2463 2475 2526 ultima,
2512 2479 2613 2533 pro
2651 2463 2974 2518 animalium
3030 2464 3392 2532 excellentia,
3419 2473 3515 2519 aut
3566 2468 3818 2540 tenuitate.

589 2551 919 2620 figurantur.
953 2546 1152 2603 Verum
1190 2547 1473 2602 enimvero
1504 2547 1701 2618 duplex
1732 2562 1923 2603 eorum
1956 2550 2047 2616 qui
2084 2549 2222 2618 legis
2251 2550 2479 2606 ductum
2517 2552 2693 2607 secuti
2744 2560 2894 2617 sunt,
2939 2561 3154 2621 tempus
3186 2560 3272 2607 est
3305 2570 3319 2606 :
3361 2567 3592 2623 quorum
3620 2556 3820 2609 alterqu

587 2639 813 2710 quidem
849 2638 916 2693 ad
952 2636 1222 2692 Joannem
1249 2636 1549 2708 Baptistam
1583 2651 1761 2706 usque
1796 2636 2176 2703 extenditur»:
2218 2638 2449 2691 alterum
2484 2653 2638 2697 vero,
2675 2638 2929 2703 ulterius,
2978 2653 3088 2707 quo
3122 2647 3371 2708 tempore
3416 2639 3606 2694 iterum
3638 2642 3821 2710 aliquos

589 2727 860 2782 claruisse
894 2727 1077 2783 simile
1110 2735 1197 2781 est
1226 2741 1376 2788 vero,
1406 2726 1557 2780 velut
1607 2724 1929 2779 Zachariam
1973 2734 2027 2779 et
2064 2723 2363 2779 Elisabeth.
2406 2725 2572 2794 Atqui
2616 2740 2881 2781 numerus
2912 2727 3208 2779 vitulorum
3244 2727 3484 2782 subinde
3515 2727 3821 2793 diminttilur,

590 2814 852 2868 nimirum
884 2814 1031 2884 quod
1055 2813 1213 2867 electi
1245 2813 1479 2868 subinde
1508 2812 1791 2878 deﬁciant,
1834 2812 1983 2867 omni
2034 2820 2280 2882 tempore
2311 2812 2538 2881 penuria
2577 2812 2824 2882 ipsorum
2878 2812 2945 2865 ad
2983 2814 3279 2881 septimum
3316 2829 3490 2885 usque
3535 2814 3667 2870 diem
3694 2816 3822 2870 labo-

589 2908 768 2965 rante,
801 2903 907 2955 hoc
955 2908 1061 2962 est,
1096 2902 1163 2954 ad
1212 2900 1508 2955 adventum
1544 2899 1854 2955 Servatoris
1888 2900 2084 2962 nostri,
2129 2914 2242 2968 quo
2296 2909 2543 2968 tempore
2574 2905 2829 2953 cessante
2879 2908 3108 2968 peccato
3159 2908 3214 2954 et
3255 2902 3516 2970 praesenti
3543 2902 3729 2957 sazculo
3770 2904 3824 2956 ad

590 2990 751 3044 linem
779 2989 891 3060 jam
923 2989 1229 3044 inclinante
1260 3003 1429 3044 verus
1475 2988 1851 3043 sabbatismus
1881 2988 2008 3042 erit.
2047 2986 2198 3042 Unde
2243 2998 2500 3043 octavum
2533 2988 2873 3058 egressionis
2902 2988 3046 3043 diem
3084 2991 3453 3061 nuncupavit,
3504 2990 3710 3062 quando
3747 3006 3825 3061 per

590 3076 1054 3131 resurreCtionem
1085 3074 1269 3129 cultus
1299 3076 1434 3144 legis
1463 3075 1707 3141 transiit,
1743 3090 1839 3144 per
1866 3088 2032 3143 quam
2061 3089 2237 3129 novus
2269 3076 2703 3130 adumbrabatur
2734 3076 2972 3147 populus
3003 3078 3096 3146 qui
3146 3076 3495 3145 fortitudine,
3530 3080 3823 3152 integritate,

586 3172 642 3218 et
674 3164 995 3218 sinceritate
1028 3163 1278 3233 polleret.
1314 3162 1417 3218 Per
1443 3163 1741 3232 juvencum
1775 3163 2034 3232 denique,
2066 3169 2120 3216 et
2150 3164 2399 3229 arietem,
2451 3172 2505 3218 et
2548 3178 2720 3232 agnos
2756 3164 2847 3234 qui
2878 3179 3111 3219 numero
3139 3162 3571 3235 perfectissimo,
3605 3177 3826 3236 septena-

585 3254 672 3306 rio
706 3251 920 3307 scilicet
956 3259 1238 3314 constant,
1271 3259 1325 3305 et
1360 3251 1595 3313 hircum,
1624 3250 1831 3304 Christi
1867 3251 2089 3304 victima
2126 3248 2491 3318 signiﬁcatur.

660 3338 787 3394 Non
819 3341 1036 3393 irritum
1088 3338 1246 3407 faciet
1295 3339 1510 3392 verbum
1558 3352 1735 3393 suum.
1796 3334 1988 3408 [XXX,
2039 3336 2118 3407 5.]
2150 3339 2204 3390 Si
2238 3338 2383 3390 enim
2418 3336 2628 3389 homini
2683 3337 2906 3391 mentiri
2948 3351 3113 3407 grave
3142 3346 3247 3402 est,
3282 3349 3494 3405 quanto
3524 3340 3687 3410 magis
3710 3340 3824 3398 Deo.

586 3427 749 3496 cujus
776 3427 1122 3497 majestatem
1154 3441 1280 3480 cum
1337 3425 1699 3488 declarasset,
1740 3424 1938 3493 inquit,
1998 3424 2260 3493 quoniam
2301 3424 2445 3479 Deus
2477 3424 2531 3477 in
2568 3426 2713 3479 cmlo
2747 3440 2912 3494 supra
2967 3434 3073 3491 est,
3108 3436 3170 3479 et
3202 3437 3257 3479 tu
3288 3441 3461 3496 super
3492 3438 3661 3494 terra,
3689 3427 3825 3500 infra.

585 3515 855 3572 Caeterum
891 3517 992 3570 hoc
1014 3514 1089 3567 ad
1124 3514 1491 3567 imitationem
1523 3512 1732 3567 dictum
1761 3520 1847 3567 est
1876 3512 1969 3566 Dei
1994 3512 2092 3582 qui
2118 3512 2298 3581 inquit
2329 3527 2343 3563 :
2380 3530 2402 3561 ι
2442 3509 2559 3566 Non
2593 3512 2813 3565 irritum
2857 3512 3056 3566 faciam
3091 3514 3272 3568 foedus
3302 3529 3486 3569 meum
3519 3515 3588 3569 ".
3626 3534 3648 3570 ι
3704 3580 3709 3583 4

658 3628 814 3695 Quod
847 3643 981 3684 vero
1005 3627 1073 3683 de
1098 3642 1196 3681 sua
1226 3628 1502 3698 cujusque
1526 3629 1709 3681 anima
1754 3625 1910 3689 dicit,
1942 3626 2044 3679 hoc
2075 3636 2181 3687 est,
2213 3622 2258 3677 Δ

2213 3622 2258 3677 Δ
2359 3625 2430 3679 Τὸ
2469 3626 2597 3696 περὶ
2640 3627 2741 3697 τῆς
2788 3627 2983 3681 ἑαυτοῦ
3029 3626 3239 3697 ψυχῆς,
3278 3628 3561 3681 τουτέστιν
3587 3629 3617 3700 ἢ
3646 3629 3827 3700 τροφῶν

587 3722 636 3777 si
681 3723 930 3777 ciborum
981 3720 1375 3776 abstinentiam
1433 3719 1646 3776 voverit
1688 3728 1783 3773 aut
1838 3718 2171 3782 tousiouem,

2281 3718 2493 3789 ἀποχὴν
2538 3717 2752 3784 εὔξαιτο
2776 3759 2791 3785 ,
2824 3718 2857 3789 ἢ
2886 3718 3194 3790 ἀπόκαρσιν
3217 3759 3232 3785 ,
3266 3717 3299 3788 ἢ
3344 3720 3635 3791 πρόϐατον,
3687 3722 3717 3791 ἢ
3746 3722 3827 3793 μόι

586 3829 743 3871 ovem
772 3825 865 3870 aut
896 3815 1127 3870 vitulum
1165 3813 1377 3870 offerat.
2282 3825 2430 3879 σχον.

657 3929 765 3986 Ubi
794 3930 1089 3986 Malachias
1117 3930 1323 4000 Optima
1352 3944 1583 4000 quzeque
1606 3928 1880 3983 adducere
1915 3925 2163 3998 praecipit
2198 3942 2211 3979 :
2254 3941 2273 3975 ι
2314 3921 2672 3989 Maledictus,
2709 3922 2920 3987 dicens,
2969 3925 3064 3994 qui
3116 3925 3173 3980 in
3222 3941 3389 3997 grege
3424 3941 3527 3981 suo
3559 3896 3829 3981 masculum

587 4020 776 4088 habet,
813 4030 866 4074 et
898 4028 1083 4074 votum
1120 4030 1450 4089 nuncupans
1473 4019 1722 4071 immolat
1751 4017 2023 4087 abjectum
2045 4011 2362 4069 Domino".
2392 4028 2422 4063 'r
2454 4010 2580 4082 Ipsa
2604 4024 2741 4067 sane
2768 4010 2961 4082 Jephte
2987 4012 3095 4067 ﬁlia
3119 4015 3163 4047 "
3200 4023 3435 4070 mortem
3466 4014 3649 4070 subire
3670 4015 3831 4068 maluit

589 4109 776 4180 potius
831 4124 991 4178 quam
1022 4118 1083 4162 ut
1117 4108 1292 4177 patris
1317 4118 1504 4161 v0tum
1534 4122 1739 4161 vanum
1766 4106 2115 4175 mendaxque
2141 4103 2317 4165 ﬁeret,
2340 4099 2594 4170 quamvis
2630 4099 2909 4171 ignoraret
2966 4116 3025 4156 se
3071 4111 3259 4173 typum
3313 4103 3576 4159 salutaris
3609 4103 3830 4165 VlClllfllP,

590 4213 686 4269 per
716 4197 891 4266 ipsam
922 4196 1244 4265 figuratum,
1277 4209 1689 4250 consummare.
1730 4192 2082 4264 Quapropter
2107 4207 2242 4248 sane
2269 4208 2298 4245 a
2333 4191 2766 4262 reprehensione
2800 4192 3043 4247 immune
3079 4193 3186 4248 hoc
3226 4193 3437 4248 factum
3461 4203 3598 4260 erat,
3625 4207 3719 4248 nec
3746 4192 3830 4244 ali-

590 4285 736 4358 quod
766 4286 1074 4356 exemplum
1106 4284 1290 4350 habet,
1323 4298 1389 4337 eo
1419 4283 1563 4353 quod
1597 4284 1679 4337 lex
1707 4298 1814 4336 non
1863 4283 1953 4345 sit,
2005 4282 2149 4352 quod
2186 4282 2353 4336 semel
2383 4281 2521 4352 signi
2555 4280 2729 4351 gratia
2760 4288 2843 4335 est
2868 4296 3218 4347 concessum,
3241 4284 3552 4354 praesertim
3579 4298 3700 4339 vero
3729 4296 3830 4336 cum

592 4373 734 4429 Deus
756 4372 1042 4428 hominum
1070 4371 1314 4425 victimis
1351 4371 1655 4441 ahrOgarit.

659 4489 923 4545 Caeterum
950 4487 1057 4542 veli
1083 4502 1281 4541 nomen
1311 4503 1419 4542 non
1450 4495 1690 4541 meretur
1713 4485 1858 4555 quod
1886 4495 2171 4554 parentum

2345 4483 2528 4555 Εὑχὴν
2567 4484 2627 4537 οὐ
2663 4484 2745 4537 δεῖ
2778 4484 2964 4536 λασεῖν
2995 4484 3092 4556 τὴν
3148 4485 3239 4537 ἐπ’
3283 4485 3487 4557 ἀτιμίᾳ
3527 4483 3719 4553 γονέων
3746 4479 3832 4534 ὑπὸ

590 4581 846 4639 dedecori
890 4580 1134 4636 aliberis
1185 4580 1488 4650 suscipitur
1543 4590 1738 4634 contra
1770 4595 1968 4651 pravos
1992 4580 2175 4633 docto-

2275 4576 2481 4631 παίδων
2510 4577 2826 4649 γινομένην,
2863 4576 3004 4630 κατὰ
3029 4577 3159 4639 τοὺς
3200 4577 3478 4645 πονηροὺς
3511 4571 3832 4631 διδασκάλους

590 4691 679 4732 res
710 4688 776 4729 ac
827 4673 1141 4745 magistros,
1182 4675 1274 4743 qui
1325 4688 1420 4728 eos
1459 4671 1783 4735 subornant,
1812 4680 1869 4726 ut
1905 4690 1923 4722 ι
1960 4670 2174 4725 Corhan

2274 4667 2494 4737 λέγειν,
2559 4687 2576 4719 ι
2618 4667 3170 4739 Παρασκευάζοντας,
3224 4668 3449 4738 Κορϐάν
3502 4667 3569 4721 ἂν
3623 4667 3678 4732 ἐξ
3720 4663 3830 4734 ἐμοῦ

591 4769 665 4824 sit
709 4782 1042 4838 quocunque
1077 4782 1116 4820 a
1156 4780 1243 4821 me
1290 4764 1516 4835 adjutus
1556 4763 1728 4819 fueris
1762 4765 1834 4831 ⁸ο,
1885 4781 1903 4814 ι
1940 4760 2171 4818 dicant:

2276 4760 2591 4831 ὠφεληθῇς,
2627 4779 2645 4814 ο
2677 4760 2812 4814 Θεοῦ
2841 4760 3071 4815 καθόλου
3100 4762 3269 4832 τιμᾷν
3298 4761 3514 4831 πατέρα
3538 4757 3829 4829 καὶμητέρα

586 4859 738 4914 Deus
767 4858 911 4914 enim
944 4859 997 4911 in
1032 4858 1351 4913 universum
1386 4867 1599 4930 patrem
1643 4866 1697 4915 et
1738 4866 1964 4912 matrem
1996 4854 2176 4910 colere

2284 4853 2712 4924 προστάξαντος.
2751 4856 2848 4913 ⁸ος
2870 4853 2966 4906 καὶ
2992 4852 3192 4924 ἀκυροί
3228 4854 3493 4921 γυναικὸς
3523 4854 3648 4915 νέας
3672 4850 3828 4920 εὐχὴν,

591 4951 869 5024 praecepit.
890 4948 994 5017 Qui
1028 4966 1183 5004 novre
1205 4968 1424 5020 quoque
1452 4960 1633 5022 nuptae
1661 4960 1848 5005 votum
1872 4947 2174 5031 quod‘citra

2286 4943 2361 5015 μὴ
2390 4944 2805 5005 συναινέςαντος
2826 4943 2921 4996 τοῦ
2957 4944 3203 5014 πατρὸς·
3235 4945 3330 4997 καὶ
3373 4944 3539 4998 πάλιν
3572 4942 3828 5010 summu.

591 5044 1045 5117 approbationem
1078 5041 1250 5111 patris
1279 5042 1507 5105 factum,
1540 5040 1809 5111 infringit,
1848 5040 1978 5093 item
2011 5036 2177 5091 mari-

2285 5039 2361 5108 μὴ
2405 5039 2499 5090 τοῦ
2537 5037 2732 5107 ἀνδρὸς
2776 5037 3190 5100 ἐπινεύσαντος.
3247 5037 3321 5090 Τὸ
3356 5035 3721 5109 γὰριψευσθὶν
3749 5031 3826 5086 ὑπ’

589 5144 718 5191 tata:
741 5135 942 5189 marito
964 5146 1072 5188 non
1096 5134 1498 5189 consentiente.
1519 5132 1676 5198 Quod
1702 5131 1848 5186 enim
1871 5131 1973 5185 sub
1998 5128 2174 5197 majo-

2282 5129 2534 5196 ἐξουσίαν
2570 5130 2927 5200 ἀνέγκλητον,
2954 5130 3058 5182 κᾶν
3095 5128 3233 5199 μετὰ
3263 5129 3440 5184 ταῦτα
3468 5130 3721 5201 χηρεύαῃ.
3742 5141 3828 5194 φη-

590 5244 650 5284 re
683 5234 956 5298 potestate
986 5223 1125 5280 falso
1159 5225 1360 5278 factum
1385 5234 1488 5290 est,
1509 5240 1661 5279 reum
1696 5238 1807 5277 non
1843 5221 1990 5277 facit.
2015 5217 2172 5286 Quod

2216 5203 2253 5258 Β
2282 5224 2386 5287 civ,
2422 5224 2453 5293 ἢ
2484 5224 2578 5277 καὶ
2627 5225 2868 5294 χωρισθῇ
2925 5222 3018 5275 τοῦ
3052 5223 3267 5292 ἀνδρός.
3326 5221 3645 5275 Βεὸαιοῦται
3686 5218 3738 5272 δὲ
3761 5216 3831 5269 διὰ

591 5323 637 5378 si
671 5335 799 5376 vero
828 5319 991 5374 vidua
1019 5317 1184 5373 fuerit
1213 5315 1381 5385 facta,
1427 5328 1515 5371 aut
1541 5317 1706 5372 etiam
1760 5332 1789 5370 a
1838 5313 2036 5368 marito
2061 5310 2174 5367 dis-

2280 5314 2485 5369 τούτων
2514 5315 2575 5369 τὸ
2625 5316 2685 5381 ἐξ
2722 5316 2933 5386 ἀρχῆς·
2979 5316 3061 5369 ὃτι
3106 5315 3197 5368 διὰ
3240 5315 3331 5367 τὸν
3376 5314 3545 5385 ἄνδρα
3575 5308 3830 5381 γέγονενή

585 5416 799 5486 juncta,
825 5421 1013 5466 votum
1044 5411 1099 5465 in
1124 5419 1269 5466 statu
1293 5425 1396 5466 suo
1427 5419 1530 5465 est.
1559 5409 1676 5475 Quo
1708 5423 1841 5463 sane
1862 5407 2173 5460 institutum

2282 5408 2443 5479 γυνὴ,
2480 5410 2577 5462 καὶ
2608 5408 2885 5482 προσῆκόν
2916 5410 3065 5462 ἐστιν
3095 5406 3527 5468 ὑποτάττεσθαι.
3580 5405 3670 5458 καὶ
3714 5397 3832 5455 κατὰ

528 5516 531 5519 ·
592 5503 688 5560 Dei
718 5501 1057 5574 primitivum
1091 5500 1474 5568 confirmatur,
1502 5500 1648 5570 quod
1682 5498 1784 5553 viri
1834 5513 1998 5553 causa
2035 5498 2139 5551 fact

2144 5512 2170 5549 a
2286 5500 2495 5554 Παῦλον
2535 5501 2765 5569 λέγοντα
2789 5544 2804 5568 ,
2835 5502 2869 5571 ὴ
2899 5500 3039 5571 γυνὴ
3073 5500 3160 5553 ἵνα
3191 5500 3428 5570 φοϐῆται
3463 5500 3556 5552 τὸν
3584 5496 3756 5565 ἄνδρα.

593 5601 663 5656 εῖι
702 5600 923 5665 “mlier.
948 5614 1281 5671 mquumque
1312 5614 1433 5654 eam
1461 5613 1583 5654 esse
1612 5596 1887 5652 subditam
1919 5594 2173 5651 exsistat.
2214 5592 2438 5652 Necnon
2492 5598 2647 5653 Pauli
2683 5613 2904 5670 quoque
2962 5597 3120 5663 illud,
3200 5605 3259 5650 ut
3308 5594 3507 5649 mulier
3553 5592 3715 5645 virum
3775 5585 3832 5639 ti-

595 5707 760 5752 Ittcnl.

667 5877 712 5911 ’θ
757 5875 909 5930 Joau.
957 5889 1046 5937 ιν,
1106 5874 1159 5928 5.
1209 5939 1213 5942 ,
1255 5874 1297 5905 ⁷⁷
1330 5872 1435 5929 Job
1490 5888 1577 5939 xc,
1627 5888 1708 5926 ιιι.
1788 5870 1832 5902 ⁷⁸
1865 5870 2099 5925 Malacli.
2130 5887 2169 5935 ι,
2204 5870 2282 5924 Η.

1926 5870 2099 5925 alacli.
2130 5887 2169 5935 ι,
2204 5870 2288 5924 Η.
2369 5869 2415 5902 ⁷⁹
2447 5867 2629 5922 Judic.
2669 5883 2744 5935 si,
2785 5866 2971 5923 ὅθι-59.
3048 5868 3096 5899 ⁸⁸
3126 5867 3297 5922 Marc.
3336 5882 3427 5927 vn,
3459 5866 3541 5919 ll.
