4090 6504
302 368 400 429 εει
1391 374 1925 439 COMMENTARII
1966 378 2047 439 IN
2089 377 2481 441 NUMEROS.
3466 380 3577 444 882

369 480 445 534 Τδ
482 480 732 537 κακῶσαι
756 481 955 553 ψυχὴν,
993 482 1056 537 τὸ
1089 484 1405 554 νηστιῦσαι,
1437 486 1470 559 ἢ
1502 488 1680 551 ἄλλως
1710 491 1883 560 ἁσκῆ-
1913 501 1959 556 Α

1958 550 1959 555 η
2058 490 2271 546 Similis
2292 506 2509 561 quoque
2538 490 2676 544 ratio
2705 504 2896 543 eorum
2925 498 3010 545 est
3035 504 3157 559 quae
3182 488 3250 542 de
3282 487 3573 546 emit-tione

302 589 411 625 σαι.
446 592 465 624 ι
508 573 675 628 Ὅθεν
704 576 974 646 καὶ¹περὶ
1008 575 1103 631 τοῦ
1145 576 1315 649 μηνὸς
1343 579 1447 651 τῆς
1485 582 1742 650 νηστείας
1774 600 1881 653 φη-

1989 581 2180 644 ιιιιὶιιιὶ,
2203 582 2271 635 de
2302 581 2505 651 jejunio
2527 590 2580 635 et
2614 582 2736 635 aliis
2763 580 3052 636 exercitiis
3089 581 3275 644 tradit,
3312 600 3329 633 ι
3369 580 3572 646 Quem.

302 664 387 717 σίν
412 683 425 695 ·
458 665 547 719 Ἐν
582 664 736 737 αὑτῷ
762 667 1042 723 κακώσετε
1070 668 1170 731 τὰς
1193 668 1370 739 ψυχὰς
1395 669 1604 742 ὑμῶν.»

1987 672 2283 729 admodum
2312 673 2379 728 de
2409 689 2594 727 mense
2614 672 2808 741 jejunii
2840 671 3133 744 inquit:ln
3160 688 3226 727 eo
3259 673 3578 728 cruciabitis

1988 764 2209 819 animos
2237 773 2452 820 vestros
2483 762 2550 816 '“.
2598 784 2616 815 ι

386 841 644 896 Ἐκδίκει
676 842 789 912 τὴν
814 844 1135 913 ἐκδίκησιν
1159 845 1278 900 τῶν
1302 846 1448 902 υἱῶν
1488 849 1749 917 Ἰσραήλ.
1780 851 1885 904 Τε-

2065 851 2400 907 Ulciscimini
2448 870 2667 908 causam
2699 854 2938 923 ﬁliorum
2990 852 3186 909 Israel.
3239 852 3452 927 [ΧΧΧΙ.
3491 851 3574 926 2.]

302 932 562 988 λευταίαν
592 936 797 1005 ταύτην
823 938 1024 1008 πρᾶξιν
1056 939 1334 993 ἐπιτάττει
1375 941 1508 1004 Θεὸς
1534 941 1612 1011 τῷ
1641 944 1883 997 Μωῦσεῖ.

1988 943 2251 1000 Ultimum
2292 947 2395 1000 hoc
2446 947 2719 1017 negotium
2773 944 3010 1015 injungit
3060 945 3205 1001 Deus
3247 944 3402 1009 Mosi,
3435 947 3570 1000 iram

317 1026 520 1096 Ὀργὴν
546 1028 655 1096 γὰρ
684 1029 881 1099 ἑαυτῆς
909 1028 1281 1100 ὲθησαύρισαν
1314 1031 1364 1083 oi
1394 1031 1460 1084 ὲκ
1487 1032 1736 1102 Μαδιάμ.
1766 1034 1886 1087 Κα-

1986 1036 2131 1092 enim
2166 1036 2256 1091 Dei
2286 1035 2595 1091 Madianitae
2626 1037 2728 1091 sibi
2767 1035 3166 1094 conflaverant.
3215 1035 3336 1092 Non
3383 1052 3574 1105 asper-

303 1115 397 1169 λὸν
425 1117 481 1170 δὲ
510 1119 904 1188 παράγγελμα,
936 1120 1078 1190 μέγα
1104 1139 1157 1174 τι
1180 1123 1443 1192 πράττειν
1475 1123 1581 1193 πρὸ
1605 1123 1884 1194 τελευτῆς,

1986 1127 2228 1183 nandum
2261 1143 2392 1183 vero
2430 1129 2745 1182 mandatum
2770 1136 2875 1192 est,
2901 1128 3047 1198 quod
3073 1143 3332 1200 magnum
3370 1128 3574 1198 aliquid

302 1206 496 1279 ὥσπερ
523 1208 732 1277 ἐφόδιον
758 1210 893 1281 πρὸς
917 1212 1019 1281 τὴν
1049 1211 1249 1277 ἔξοδον.
1282 1214 1336 1267 ’Λ
1348 1213 1565 1282 ρέσκειν
1587 1213 1644 1266 δὲ
1670 1214 1746 1287 τῷ
1770 1215 1889 1286 Θεῷ

1986 1230 2115 1276 ante
2149 1221 2359 1275 obitum
2401 1236 2612 1291 gerere,
2649 1221 3019 1290 viaticumque
3059 1235 3158 1276 ceu
3212 1221 3279 1276 ad
3308 1222 3430 1277 vitae
3459 1222 3577 1275 exi-

302 1299 515 1369 ταύτην
558 1300 855 1370 παρίστησι
906 1301 970 1353 τδ
1018 1303 1439 1374 παρατάξασθαι
1493 1304 1675 1373 λέγειν
1709 1306 1888 1360 ἔναντι

1988 1322 2102 1369 tum
2132 1326 2453 1381 comparare
2479 1313 2695 1367 suadet.
2722 1302 2993 1368 Caetern'm
3026 1311 3133 1367 Deo
3160 1326 3275 1366 rem
3306 1327 3424 1367 eam
3459 1327 3578 1381 pro-

304 1390 518 1460 Κυρίου
556 1394 647 1444 ἐπὶ
677 1392 925 1464 Μαδιάμ.
959 1393 1114 1447 Κατὰ
1141 1394 1273 1447 Θεὸν
1300 1395 1407 1465 γὰρ
1452 1396 1500 1448 oi
1552 1397 1689 1466 πρὸς
1726 1398 1888 1451 ἐκκο-

1988 1402 2105 1457 bari
2132 1410 2353 1459 constat
2388 1403 2493 1456 hoc
2523 1400 2669 1470 quod
2693 1401 2871 1471 jubet.
2919 1400 3090 1455 aciem
3122 1414 3310 1454 coram
3348 1399 3576 1453 Domino

304 1483 417 1554 πὴν
436 1484 649 1539 ἀσεϐῶν
671 1485 948 1555 γινόμενοι
973 1486 1224 1557 πόλεμοι,
1249 1490 1348 1557 τῆς
1374 1487 1479 1559 γῆς
1508 1488 1661 1553 ὄντες
1690 1490 1893 1562 καθαρ-

1988 1500 2182 1549 contra
2214 1491 2543 1548 Madianitas
2572 1492 2794 1553 instrui.
2829 1491 3023 1553 Divina
3066 1489 3214 1545 enim
3249 1489 3386 1543 bella
3422 1496 3575 1552 sunt,

303 1576 479 1641 τικοὶ,
511 1577 618 1630 κᾶν
647 1577 1047 1648 βλασφημῶσιν
1080 1580 1129 1633 oi
1156 1580 1255 1652 τὴν
1294 1580 1497 1637 κακίαν
1526 1583 1892 1643 ὲνυπόστατον

1988 1598 2112 1653 quae
2142 1582 2210 1639 ad
2242 1584 2659 1654 exstirpandum
2692 1584 2987 1655 impiorum
3015 1592 3242 1642 terram,
3276 1579 3579 1647 sordesque

302 1664 581 1735 λέγοντες.
1990 1685 2342 1745 peccatorum
2380 1675 2797 1747 repurgandum
2829 1674 3232 1744 suscipiuntur,
3283 1678 3577 1741 quantum-

636 1778 639 1781 '
1992 1766 2074 1820 vis
2105 1768 2200 1835 qui
2254 1776 2538 1835 peccatum
2569 1766 2887 1821 hominibus
2937 1766 3151 1832 jactaut
3183 1778 3306 1819 esse
3345 1762 3576 1818 insitum

1984 1858 2423 1915 caiumnientur.

375 1958 554 2028 Atque
584 1958 689 2013 hoc
713 1959 892 2029 ipsum
924 1959 1105 2031 arguit
1133 1962 1394 2017 sacerdos
1423 1963 1517 2033 qui
1565 1980 1671 2017 una
1730 1980 1989 2034 egressus
2035 1978 2118 2025 est
2144 1974 2439 2041 sacraque
2489 1986 2617 2027 vasa
2652 1986 2839 2027 secum
2892 1969 3213 2039 asportavit,
3246 1975 3575 2037 argumento

299 2047 558 2103 videlicet
580 2049 724 2118 quod
757 2064 846 2102 res
872 2048 1066 2104 bellica
1098 2050 1175 2105 rei
1217 2066 1389 2106 sacra:
1446 2053 1520 2107 sit
1575 2069 1739 2122 quam
1794 2056 2094 2111 simillima.
2155 2058 2350 2115 Omnis
2386 2059 2531 2114 enim
2568 2059 2799 2129 aequitas
2850 2072 2913 2112 ac
2958 2057 3171 2126 justitia
3203 2055 3311 2110 Deo
3344 2070 3476 2124 pura
3510 2070 3575 2110 ac

298 2137 512 2189 munda
537 2137 775 2191 videtur.
816 2136 987 2191 Porro
1018 2153 1047 2191 a
1086 2141 1483 2209 superstitibus
1508 2157 1649 2211 quos
1689 2143 1867 2199 Moses
1887 2145 2128 2213 reliquos
2164 2145 2275 2204 fieri
2318 2146 2488 2216 jussit
2522 2160 2814 2200 numerum
2845 2159 3036 2199 eorum
3072 2145 3168 2213 qui
3200 2142 3577 2197 occubuerunt

295 2223 578 2278 aestimare
603 2224 749 2277 licet.
767 2223 1051 2279 Occiditur
1075 2242 1205 2281 vero
1230 2236 1465 2282 cunctus
1494 2231 1772 2283 masculus
1805 2239 2065 2300 tanquam
2098 2232 2294 2299 hostis,
2323 2233 2369 2287 si
2392 2234 2459 2285 ad
2494 2241 2708 2286 aetatem
2745 2245 2903 2287 suam
2934 2229 3265 2299 pervenerit,
3297 2226 3574 2283 lsraelita-

297 2325 428 2363 rum
464 2312 705 2376 futurus,
736 2310 938 2367 femina
983 2313 1110 2367 item
1157 2314 1341 2370 omnis
1381 2332 1503 2385 qum
1533 2319 1717 2372 coitus
1745 2312 2181 2388 experimentum
2214 2327 2456 2389 ceperat,
2489 2327 2714 2390 propter
2745 2325 3014 2387 patratam
3047 2315 3489 2375 fornicationem.
3520 2323 3575 2370 et

298 2395 543 2452 fortasse
577 2397 745 2469 428
771 2399 1120 2468 patrandam.
1150 2400 1283 2455 Nam
1325 2413 1676 2472 peccatorum
1710 2406 1892 2467 linem,
1922 2420 2045 2460 cum
2069 2408 2340 2461 malorum
2375 2406 2590 2477 agmine
2616 2404 2915 2458 adventare
2937 2417 3036 2473 par
3066 2412 3171 2465 est,
3199 2401 3353 2469 juxta
3376 2400 3573 2455 Isaiam

298 2483 401 2551 qui
434 2483 608 2552 inquit
630 2484 698 2550 “,
733 2485 996 2554 reliquias
1027 2489 1228 2543 messis
1257 2497 1352 2543 aut
1382 2489 1669 2545 tindemim
1700 2507 1822 2546 esse
1850 2507 1946 2546 eos
1976 2492 2071 2561 qui
2128 2492 2389 2548 evadunt.
2444 2492 2717 2547 Caeterum
2778 2490 3045 2543 maiorum
3104 2503 3274 2558 super
3308 2486 3575 2541 malitiam

296 2568 626 2626 effusionem
661 2570 799 2626 iram
832 2572 1121 2644 Scriptura
1147 2574 1287 2631 solet
1308 2576 1583 2647 appellare
1615 2576 1733 2644 Dei,
1762 2595 1869 2633 non
1907 2580 2127 2652 quidem
2175 2579 2523 2637 affectionem
2561 2579 2709 2633 illam
2741 2580 2829 2634 cui
2884 2577 3139 2634 homines
3163 2585 3294 2634 sunt
3322 2575 3573 2640 obnoxii,

298 2657 404 2711 sed
443 2672 562 2714 eam
603 2658 726 2715 sine
755 2675 865 2730 qua
906 2660 1001 2716 Dei
1028 2661 1249 2718 bonitas
1286 2663 1437 2721 iners
1464 2664 1588 2732 erit,
1622 2673 1960 2735 peccataque
1980 2678 2315 2724 contemnet.
2355 2668 2501 2725 idem
2530 2683 2660 2724 vero
2689 2668 2938 2723 delectus
2976 2682 3168 2722 eorum
3198 2665 3292 2736 qui
3319 2664 3575 2719 vicerunt

298 2754 489 2809 erant,
520 2748 681 2816 quasi
720 2762 914 2804 omnes
940 2749 1086 2804 inter
1109 2764 1205 2806 eos
1227 2765 1353 2806 cum
1390 2750 1549 2806 laude
1583 2751 1965 2821 dimicassent,
1994 2756 2084 2810 cui
2129 2755 2284 2811 Pauli
2330 2755 2464 2811 illud
2512 2756 2725 2823 aspirat
2760 2770 2775 2807 :
2824 2772 2844 2808 ι
2869 2751 2927 2808 Si
2955 2769 3124 2809 unum
3153 2752 3460 2808 membrum
3494 2751 3575 2805 la-

297 2832 486 2895 borat,
520 2834 703 2887 omnia
736 2835 984 2890 membra
1012 2837 1219 2907 pariter
1268 2836 1522 2893 laborant
1546 2838 1612 2906 ⁸³,
1655 2857 1673 2890 ι
1706 2843 2166 2909 quemadmodum
2213 2842 2465 2913 ejusdem
2516 2856 2739 2913 quoque
2790 2840 3021 2896 honoris
3071 2838 3427 2909 participant.
3456 2836 3571 2893 Una

295 2935 439 2975 vero
463 2937 585 2976 cum
617 2923 829 2978 sanctis
860 2924 1063 2979 militat
1088 2924 1343 2982 Christus
1367 2926 1628 2982 sacerdos
1653 2941 1908 2997 magnus,
1939 2935 1995 2983 et
2029 2927 2348 2998 angelorum
2382 2928 2543 2983 turba
2577 2942 2674 2997 per
2704 2941 2864 2983 sacra
2891 2942 3019 2981 vasa
3054 2933 3467 2995 repraesentata.
3506 2922 3572 2980 lli

296 3010 451 3062 enim
483 3009 732 3065 subsidio
753 3012 915 3067 nobis
942 3026 972 3066 a
1008 3010 1143 3078 Deo,
1172 3012 1557 3083 theologorum
1592 3015 1887 3078 sententia,
1921 3014 2242 3070 mittuntur.
2299 3015 2686 3086 Magistrorum
2723 3029 2788 3069 ac
2835 3013 3126 3070 doctorum
3162 3027 3447 3069 sermones
3477 3027 3573 3081 per

298 3096 469 3151 tubas
498 3108 552 3151 et
586 3099 742 3167 signa
769 3097 1111 3154 indicantur.
1145 3099 1225 3154 ita
1258 3099 1405 3155 enim
1439 3098 1603 3156 facile
1627 3102 1946 3171 superiores
1970 3101 2226 3160 hostibus
2268 3103 2480 3159 nosuis
2505 3110 2560 3157 et
2599 3102 2802 3157 Christi
2843 3101 3160 3163 evademus,
3190 3100 3236 3155 si
3268 3097 3570 3155 secundum

296 3181 565 3238 Davidem
597 3186 1022 3242 riamaverimus
1058 3205 1072 3242 :
1104 3204 1124 3238 ι
1160 3185 1218 3242 1η
1246 3193 1303 3243 te
1331 3187 1521 3243 hostes
1550 3197 1774 3245 nostros
1829 3189 2189 3247 retundemus
2238 3188 2305 3254 “,
2344 3207 2364 3242 ι
2398 3202 2634 3258 quorum
2679 3186 2972 3256 captivitas
3022 3186 3089 3239 ad
3140 3184 3461 3240 Eleazarum
3519 3193 3573 3239 et

297 3267 653 3341 Synagogam
679 3271 1054 3328 deferebatur.
1085 3272 1307 3329 Christo
1333 3275 1479 3330 enim
1511 3290 1686 3332 sacrae
1725 3286 2047 3335 sanctorum
2077 3287 2208 3334 sunt
2230 3280 2486 3341 virtutes,
2514 3276 2898 3339 necobscurae
2924 3276 3162 3348 populis.
3198 3293 3217 3327 ι
3252 3273 3398 3329 Nihil
3425 3274 3573 3329 enim

296 3365 419 3411 tam
454 3360 731 3414 occultum
753 3370 861 3425 est,
896 3362 1098 3433 inquit.
1135 3362 1283 3433 quod
1320 3378 1427 3419 non
1454 3364 1813 3422 manifestum
1844 3366 1940 3423 tiat
1963 3369 2032 3421 ⁸⁸.
2070 3385 2091 3421 ι

374 3489 715 3564 Προηπὴντα
746 3493 859 3555 τοῖς
887 3491 1207 3562 ἀριστεῦσιν
1241 3495 1268 3546 ὁ
1292 3493 1537 3565 Μωῦσῆς
1557 3510 1572 3527 ⁸
1607 3495 1699 3547 καὶ
1726 3495 1884 3549 τοῦτο
1911 3530 1953 3588 C

2056 3490 2176 3545 Ibat
2197 3498 2383 3545 autem
2418 3488 2598 3547 Moses
2623 3490 2679 3545 in
2713 3504 3007 3546 occursum
3051 3503 3365 3559 procerum,
3400 3488 3573 3545 hono-

298 3578 407 3648 μὲν
429 3582 590 3651 τιμῆς
609 3598 623 3613 ο
652 3581 891 3650 ἐπετίμα
923 3582 979 3634 δὲ
1006 3582 1135 3654 περὶ
1164 3582 1275 3638 τῶν
1300 3583 1716 3655 ζωγρηθέντων.
1742 3604 1759 3638 ι
1783 3586 1885 3639 Οὑ-

1988 3581 2067 3635 ris
2090 3580 2289 3651 gratia.
2327 3580 2405 3636 Ac
2437 3580 2877 3652 reprehendebat
2909 3588 3131 3650 propter
3160 3579 3409 3650 captivos
3432 3593 3574 3652 quos

289 3671 414 3737 δεὶς
436 3672 543 3744 γὰρ
577 3674 817 3747 καθαρὸς
838 3673 947 3729 ἀπὸ
975 3676 1173 3745 ῥύπου.
1226 3694 1244 3727 ι

1987 3672 2045 3727 in
2068 3674 2178 3727 vita
2211 3680 2591 3728 servaverant.
2633 3672 2783 3729 Adeo
2838 3688 2967 3727 vero
2997 3692 3009 3725 :
3053 3690 3070 3722 ι
3116 3670 3290 3727 Nemo
3325 3672 3393 3727 ab
3422 3672 3574 3726 omni

1986 3779 2142 3819 naevo
2174 3779 2349 3835 purus
2377 3772 2463 3820 est
2498 3766 2567 3819 ”.
2609 3784 2628 3818 ι

318 3890 335 3903 ’
370 3901 505 3954 item
539 3915 553 3952 :
602 3918 621 3951 ι
662 3899 747 3954 Ab
775 3898 1158 3957 aﬂectionibus
1180 3901 1366 3970 pravis
1396 3900 1599 3954 munda
1629 3915 1715 3955 me
1738 3901 1808 3953 ³⁷.
1853 3918 1871 3952 ι
1905 3899 2035 3955 Item
2067 3919 2081 3955 :
2117 3919 2136 3952 ι
2170 3900 2419 3966 Domine,
2452 3901 2499 3958 si
2538 3900 2860 3971 iniquitates
2893 3911 3116 3959 n05tras
3151 3901 3570 3963 observaveris,

295 3986 552 4051 Domine,
586 3986 715 4057 quis
745 3987 1053 4043 consistere
1077 3988 1281 4058 poterit
1307 3987 1393 4041 "‘l
1420 4006 1438 4038 ι
1478 3985 1543 4040 Ει
1570 4005 1585 4042 :
1612 4005 1629 4040 ι
1667 3985 1897 4042 Peccata
1924 3988 2050 4058 quis
2099 3988 2365 4059 intelliget
2386 3988 2482 4043 8’?
2518 4008 2537 4040 ι
2576 3990 2839 4059 quoniam
2875 4008 2893 4041 ι
2930 3989 3110 4044 omnis
3140 3996 3329 4046 nostra
3357 3989 3573 4059 justitia

294 4073 451 4128 velut
481 4074 646 4143 panni
678 4080 1035 4129 menstruam
1065 4074 1318 4131 mulieris
1355 4075 1456 4128 ³⁸.»
1494 4074 1637 4140 Quin
1671 4073 1875 4131 Paulus
1899 4091 2022 4131 cum
2044 4077 2218 4133 dicat:
2249 4096 2270 4130 ι
2307 4078 2525 4134 Nullius
2556 4079 2687 4133 mihi
2721 4093 2843 4133 sum
2867 4078 3152 4139 conscius,
3174 4092 3363 4132 verum
3395 4078 3448 4131 in
3472 4077 3573 4132 hoc

296 4177 411 4214 non
431 4160 767 4228 justiﬁcatus
797 4177 919 4217 sum
956 4161 1024 4225 ἰ,
1062 4180 1081 4214 ι
1115 4162 1291 4217 addit.
1332 4161 1535 4218 Verum
1563 4163 1847 4219 enimvero
1890 4179 1955 4220 ea
1981 4165 2339 4235 reprehensio
2390 4182 2497 4220 non
2530 4167 2597 4221 ad
2650 4180 2844 4221 omnes
2868 4206 2883 4226 .
2936 4166 3031 4220 sed
3085 4165 3255 4221 duces
3286 4164 3569 4234 capiarum

294 4248 668 4317 respiciebat;
694 4258 944 4319 potentes
970 4250 1118 4305 enim
1147 4250 1441 4307 eiiicaciter
1464 4251 1929 4308 examinabuntur
1956 4252 2023 4307 ".
2055 4251 2192 4307 Nam
2219 4270 2233 4308 :
2272 4270 2291 4304 ι
2338 4252 2441 4307 Cui
2472 4253 2704 4307 multum
2734 4252 3156 4317 commiserunt,
3185 4252 3384 4321 inquit,
3417 4251 3486 4305 ab
3505 4266 3571 4307 eo

294 4337 585 4406 requirent
607 4353 823 4408 quoque
859 4339 1091 4393 multum
1122 4340 1194 4407 ”;
1230 4357 1248 4391 ι
1284 4339 1432 4393 unde
1472 4338 1609 4393 illud
1640 4338 1805 4393 etiam
1839 4357 1853 4393 :
1890 4357 1909 4392 ι
1943 4340 2189 4406 Fratres,
2215 4340 2388 4396 nolite
2414 4340 2573 4395 multi
2610 4340 2861 4409 magistri
2887 4339 3024 4401 fieri,
3058 4340 3337 4411 cognitum
3370 4338 3574 4394 haben-

295 4432 406 4487 tes,
442 4425 589 4493 quod
623 4440 690 4481 eo
718 4426 895 4496 majus
916 4426 1185 4496 judicium
1211 4426 1609 4481 sustinebimus
1631 4426 1698 4479 ".
1734 4444 1752 4477 ι
1781 4424 1886 4491 Qui
1906 4428 2051 4482 enim
2075 4428 2277 4483 sobriis
2314 4426 2663 4498 principibus
2694 4426 3037 4495 obtemperat
3069 4440 3321 4498 magnam
3352 4426 3573 4481 laudem

295 4515 664 4583 consequitur
702 4532 716 4568 :
756 4534 775 4566 ι
811 4514 996 4581 Quare
1022 4515 1221 4570 vestris
1243 4513 1483 4570 ducibus
1512 4524 1719 4583 parete,
1752 4514 1954 4584 inquit,
1987 4515 2088 4586 ipsi
2129 4516 2279 4572 enim
2309 4514 2510 4569 animis
2536 4514 2741 4569 vestris
2766 4513 3077 4582 invigilant,
3112 4521 3371 4581 tanquam
3404 4513 3440 4566 ii
3473 4514 3568 4583 qui

295 4602 570 4657 rationem
606 4602 673 4656 de
708 4604 867 4658 nobis
903 4604 1018 4659 sint
1050 4603 1317 4658 reddituri
1349 4605 1419 4659 ".
1454 4621 1473 4654 ι
1503 4600 1668 4658 Iubet
1690 4612 1872 4657 autem
1904 4617 2001 4658 eos
2024 4610 2286 4673 tanquam
2319 4600 2637 4671 inquinatos
2676 4615 2797 4657 eam
2857 4600 2928 4653 ob
2966 4614 3190 4654 causam
3223 4614 3387 4668 quam
3428 4600 3572 4654 dixi-

296 4705 445 4754 mus,
475 4692 630 4745 tertia
665 4690 755 4746 die
785 4706 908 4746 sese
947 4691 1311 4757 sanctificare,
1347 4706 1410 4746 ea
1439 4691 1650 4746 scilicet
1673 4704 1795 4759 quae
1825 4690 2030 4747 Christi
2062 4690 2321 4746 saeculum
2352 4697 2477 4759 post
2501 4688 2672 4759 legem
2721 4694 2776 4742 et
2837 4685 3137 4756 prophetas
3173 4685 3419 4748 tertium,
3475 4695 3571 4740 aut

295 4776 445 4830 diem
476 4791 595 4830 eam
622 4778 675 4831 in
711 4793 820 4847 qua
856 4793 884 4833 a
918 4780 1147 4833 mortuis
1178 4777 1501 4841 resurrexit,
1536 4784 1913 4848 repraesentat.
1952 4776 2234 4848 Septimus
2270 4776 2399 4831 item
2421 4774 2543 4831 dies
2575 4774 2737 4830 ﬁnem
2774 4773 3005 4829 denotat
3028 4772 3317 4843 praesentis
3352 4773 3564 4837 saeculi,

294 4865 523 4931 quando
561 4876 846 4931 peccatum
871 4866 1098 4920 omnino
1124 4876 1437 4931 evanescet,
1471 4881 1741 4937 sacerque
1781 4864 2017 4936 populus
2039 4865 2095 4919 in
2128 4878 2345 4923 sacrtnn
2369 4860 2709 4933 ingredietur
2735 4860 3058 4923 tentorium,
3095 4860 3242 4931 quod
3274 4859 3564 4915 millesima

296 4968 571 5007 soliorum
605 4954 916 5022 septimana
952 4956 1065 5008 tiet.
1104 4954 1372 5010 Caeterum
1398 4962 1527 5009 ante
1548 4954 1994 5010 communionem
2023 4967 2115 5007 seu
2143 4949 2628 5021 participationem
2664 4948 2925 5019 praecedit
2948 4948 3281 5018 purificatio,
3307 4961 3431 5003 nam
3458 4950 3565 5002 etsi

290 5040 439 5109 justa
473 5041 652 5096 caedes
682 5039 870 5106 fuerit,
893 5040 1088 5098 effusio
1112 5050 1296 5098 tamen
1327 5050 1413 5098 est
1444 5041 1673 5097 fraterni
1704 5040 2012 5113 sanguinis,
2061 5048 2118 5095 et
2165 5038 2275 5093 Deo
2309 5037 2565 5107 displicet
2597 5036 2837 5092 hominis
2867 5035 3173 5092 interuecio
3202 5053 3218 5102 ;
3256 5050 3379 5090 eum
3415 5034 3565 5088 enim

295 5130 363 5182 ad
394 5129 716 5194 vitam,non
748 5131 817 5183 ad
847 5138 1083 5186 mortem
1106 5132 1371 5186 condidit.
1395 5130 1745 5202 Quapropter
1789 5130 1977 5185 Davidi
2010 5127 2080 5184 ab
2105 5126 2224 5196 ipso
2248 5125 2435 5195 templi
2488 5123 2856 5179 exstructioni
2881 5123 3360 5177 interdictumest.
3393 5120 3565 5190 Igitur

296 5217 595 5281 secundas,
616 5233 723 5272 non
748 5219 956 5288 primas
985 5234 1126 5289 opus
1157 5220 1283 5274 belli
1311 5219 1496 5285 habet,
1528 5219 1622 5275 Dei
1656 5218 1878 5289 quidem
1907 5214 2201 5279 sententia,
2230 5211 2483 5282 quamvis
2506 5212 2624 5282 ipse
2651 5211 2945 5267 consilium
2968 5210 3017 5265 ei
3049 5208 3381 5280 suppeditet,
3414 5224 3569 5276 quo-

295 5306 445 5358 circa
481 5305 773 5361 sacerdote
808 5320 902 5360 rex
955 5305 1203 5372 inferior,
1240 5320 1306 5359 eo
1357 5304 1504 5360 enim
1564 5305 1857 5375 augustius
1912 5303 2146 5359 sortitus
2168 5308 2254 5356 est
2289 5299 2680 5355 ministerium.
2732 5297 2891 5353 Unde
2915 5298 2999 5352 lex
3024 5298 3191 5353 etiam
3226 5295 3565 5351 homicidam

296 5390 596 5446 excindere
630 5392 910 5462 praecipit;
940 5392 1117 5449 caedes
1163 5394 1309 5449 enim
1342 5393 1411 5446 ab
1438 5392 1597 5445 initio
1620 5407 1727 5446 non
1750 5390 1851 5445 fuit
1871 5389 2071 5453 libera,
2096 5387 2192 5445 sed
2213 5387 2624 5460 dispensatione
2657 5387 2799 5446 facta
2825 5387 2951 5441 talis
2978 5392 3083 5451 est,
3103 5382 3567 5455 quemadmodum

298 5477 579 5531 abdicatio
600 5494 821 5551 quoque
850 5495 1083 5536 uxorum
1118 5489 1340 5550 promer
1369 5480 1554 5534 cordis
1580 5479 1866 5535 duritiam.

371 5677 413 5707 “
455 5676 619 5731 Nunt.
654 5692 806 5739 χιιι,
833 5676 883 5729 ’1.
958 5678 1002 5713 θ’
1027 5679 1133 5733 lsa.
1169 5678 1378 5745 xvu,5,
1408 5678 1460 5733 6.
1564 5680 1609 5713 ⁸³
1650 5680 1665 5733 Ι
1696 5678 1823 5732 Cor.
1856 5694 1952 5740 xu.
1982 5679 2071 5733 26'.
2175 5679 2222 5709 “
2251 5675 2395 5731 Psal.
2425 5674 2665 5745 thn.A6.
2767 5674 2810 5703 ⁵⁵
2838 5672 2977 5745 [ιιιιε2
3012 5685 3126 5745 vni,
3164 5671 3251 5745 i7.
3356 5670 3400 5701 ⁸⁸
3454 5669 3561 5745 ιρι»

302 5763 413 5802 xiv.
454 5747 506 5800 ι.
585 5745 632 5777 ⁸⁷
664 5747 805 5802 l’sai.
844 5762 999 5810 xvnt,
1031 5748 1117 5801 13.
1193 5749 1238 5780 ⁸⁸
1271 5741 1419 5805 Psal.
1456 5766 1643 5809 ams.
1678 5750 1730 5803 5.
1844 5749 1889 5780 ⁸ο

1942 5749 2070 5803 ”ειι1.
2122 5763 2275 5808 xvm.
2312 5746 2398 5800 i3.
2512 5745 2555 5774 9°
2589 5741 2733 5800 Psal.
2779 5758 2921 5809 LXIV,
2948 5742 3001 5797 6.
3082 5742 3122 5772 ¹’¹
3164 5741 3351 5796 lCor.
3387 5759 3462 5807 tv,
3504 5742 3557 5794 4.

300 5818 344 5848 "
376 5818 607 5887 διψΑΊ,
653 5818 704 5873 Ἰ.
786 5818 829 5849 ’³
864 5817 994 5874 Luc.
1040 5833 1137 5885 xu,
1172 5818 1257 5873 48.
1336 5820 1380 5850 τη
1420 5818 1537 5874 Jac.
1573 5836 1650 5884 ιιι,
1685 5821 1739 5873 2.
1854 5820 1897 5851 ’⁵⁸

786 5818 829 5849 ’³
864 5817 994 5874 Luc.
1040 5833 1137 5885 xu,
1172 5818 1257 5873 48.
1336 5820 1380 5850 τη
1420 5818 1537 5874 Jac.
1573 5836 1650 5884 ιιι,
1685 5821 1739 5873 2.
1854 5820 1897 5851 ’⁵⁸
1941 5819 2104 5875 llcbr.
2145 5832 2265 5884 χιιι,
2310 5815 2393 5869 17.
