4090 6502
513 376 618 443 883
1072 364 1079 365 “
1820 388 2175 449 PROCOPII
2204 392 2448 450 GAZZEI
3684 392 3792 455 834
3822 378 3823 381 ‘

582 497 757 551 Porro
787 505 846 550 ut
873 495 1029 549 nullo
1072 494 1235 550 modo
1273 499 1639 553 contaminari
1682 510 1927 569 possent,
1957 515 2091 571 pur-
2120 508 2167 562 Α

2268 502 2487 555 Σκευῶν
2514 502 2580 555 ὲκ
2610 503 2930 572 περιουσίας
2966 504 3229 573 εἰσήγαγε
3260 504 3531 575 κάθαρσιν
3560 503 3651 556 διὰ
3682 521 3790 555 πυ-

510 589 787 657 gationem
824 603 919 658 per
949 588 1129 657 ignem
1153 598 1207 642 et
1234 602 1431 657 aquam
1465 605 1719 646 vasorum
1755 606 1976 660 quoque
2025 607 2092 646 ex

2205 596 2295 668 ρδς
2317 596 2414 650 καὶ
2444 594 2657 658 ὓδατος.
2687 594 2859 649 Τοῦτο
2888 597 2994 666 γὰρ
3022 596 3101 666 τῷ
3133 598 3277 668 λόγῳ
3298 597 3581 659 Μωῦςέως
3606 596 3795 650 Ἐλεά-

510 681 812 734 abundanti
834 679 1158 735 introduxit.
1180 680 1233 734 ld
1277 682 1421 735 enim
1442 698 1505 737 ex
1529 683 1620 737 Dei
1654 692 1839 738 mente
1855 684 2092 738 orationi

2201 689 2308 759 ξαρ
2331 688 2639 759 προσέθηκε
2672 688 2811 742 κατὰ
2835 689 2895 741 τὸ
2930 689 3293 760 σιωπώμενον
3323 688 3513 759 μαθὼν
3538 690 3603 742 ὲκ
3627 688 3789 749 Θεοῦ,

508 772 679 826 ltlosis
735 770 915 825 obiter
966 770 1186 840 adjecit.
1225 771 1481 835 Eleazar,
1523 774 1671 828 velut
1706 774 1886 828 Moses
1924 775 2093 828 etiam

2198 780 2273 842 ὡς
2326 780 2422 833 καὶ
2452 780 2696 845 Μωῡσῆς
2730 782 2843 843 τοῖς
2868 781 2998 851 περὶ
3026 780 3121 833 τοῦ
3149 783 3342 851 Πάσχα
3374 780 3690 852 προσέθηκε
3732 780 3795 832 τὸ

507 865 778 920 institutis
804 864 1116 929 Paschatis,
1156 865 1327 934 legem
1363 866 1613 935 hyssopi,
1649 866 1778 920 item
1806 880 1914 919 non
1939 880 2096 935 egre-

2201 872 2296 925 τοῦ
2326 870 2605 938 ὑσσώπου,
2630 871 2725 924 καὶ
2757 873 2819 925 τὸ
2848 872 2924 944 μὴ
2946 873 3148 939 ἐξιέναι
3172 874 3270 944 τὴν
3303 872 3474 945 Θύραν
3495 874 3601 936 ἕως
3620 874 3788 945 πρωϊ.

507 957 691 1013 diendi
729 957 931 1020 ostium
960 973 1122 1013 mane
1149 972 1325 1028 usque
1350 961 1625 1029 apposuit.

580 1071 745 1142 Atqui
782 1086 1042 1126 vasorum
1082 1072 1397 1142 purificatio
1430 1089 1549 1127 eam
1588 1091 1713 1146 qua:
1746 1075 1997 1131 homines
2029 1075 2186 1129 decet
2226 1068 2461 1124 maxime
2498 1065 2757 1129 intendit,
2802 1081 2969 1136 quam
3003 1066 3223 1136 quidem
3260 1067 3345 1121 lex
3368 1069 3707 1139 promulgat,
3734 1080 3790 1125 et

506 1160 844 1231 temporibus
875 1160 1190 1214 distinctam
1220 1160 1375 1217 facit.
1410 1160 1628 1217 Modum
1656 1179 1787 1225 uero
1818 1163 2121 1217 introducit
2165 1158 2421 1213 Christus
2451 1156 2543 1225 qui
2582 1155 2650 1209 de
2690 1162 2937 1225 tempore
2962 1171 3073 1211 non
3104 1155 3237 1209 dicit
3267 1172 3282 1221 ;
3311 1156 3425 1225 ipse
3456 1158 3602 1210 enim
3648 1167 3789 1211 tem-

505 1263 608 1316 pus
635 1255 773 1311 erat,
800 1247 891 1316 qui
936 1262 1039 1301 nos
1062 1248 1360 1319 baptizavit
1385 1257 1583 1305 sancto
1616 1251 1823 1319 Spiritu
1856 1258 1910 1303 et
1939 1250 2086 1319 igne.
2120 1247 2185 1301 Ni
2217 1248 2363 1302 enim
2392 1245 2519 1315 quis
2550 1242 2833 1313 rcgenitus
2869 1259 2967 1311 per
2993 1258 3190 1312 aquam
3218 1252 3273 1297 ct
3299 1244 3555 1313 spiritum
3598 1245 3784 1309 fuerit,

505 1351 732 1405 regnum
769 1333 863 1388 Dei
892 1335 1075 1389 videre
1106 1350 1214 1389 non
1244 1337 1447 1405 poterit
1487 1338 1556 1389 ’°.
1602 1337 1682 1391 Ita
1721 1337 1868 1391 enim
1907 1337 2134 1392 mundat
2162 1350 2295 1391 vasa
2318 1349 2439 1403 qua:
2485 1348 2552 1386 ex
2584 1332 2798 1387 robusti
2832 1332 2999 1386 domo
3029 1332 3336 1402 diripuerat
3357 1334 3426 1387 ”.
3457 1331 3781 1401 Postquam

505 1422 888 1491 purgationem
914 1422 1097 1477 aditus
1132 1430 1382 1478 extremo
1405 1434 1615 1478 exacta:
1662 1425 2004 1494 purgationis
2043 1432 2289 1493 tempore
2324 1423 2379 1476 in
2413 1420 2715 1475 tentorium
2766 1419 2978 1488 pateﬁt.
3014 1438 3032 1470 ι
3070 1418 3189 1473 Erit
3214 1421 3359 1474 enim
3396 1428 3552 1486 tunc,
3580 1422 3781 1491 inquit,

504 1509 591 1561 via
631 1525 790 1579 pura,
819 1510 1015 1578 viaque
1046 1520 1236 1565 sancta
1265 1512 1577 1567 vocabitur.
1608 1512 1721 1568 Nec
1749 1512 2005 1567 transibit
2060 1528 2155 1582 per
2184 1512 2331 1566 illam
2361 1510 2507 1564 ullus
2548 1509 2801 1578 impurus
2844 1508 2914 1563 ’⁸.
2954 1527 2972 1561 ι
3010 1506 3212 1562 Verum
3249 1509 3303 1562 in
3361 1524 3423 1564 ea
3471 1510 3641 1564 abluti
3688 1525 3784 1577 per

504 1596 780 1650 Christum
815 1596 1210 1667 ingredientur.
1237 1596 1508 1653 Caeterum
1534 1599 1710 1670 ignem
1738 1599 1959 1669 quidem
2002 1599 2308 1670 symbolum
2329 1613 2453 1653 esse
2480 1596 2706 1651 tradunt
2726 1610 2918 1651 eorum
2951 1595 3041 1665 qui
3070 1611 3167 1666 per
3194 1596 3397 1666 ignem,
3432 1596 3590 1662 juxta
3620 1595 3786 1667 429

505 1683 761 1749 Paulum,
801 1686 1171 1739 servabuntur
1199 1688 1267 1739 νο.
1300 1689 1513 1755 Aquam
1546 1703 1675 1743 vero
1700 1687 1821 1757 ejus
1848 1688 1915 1744 de
1945 1703 2056 1758 quo
2082 1687 2288 1742 dictum
2322 1686 2459 1739 illud
2482 1690 2663 1739 exstat
2696 1701 2710 1738 :
2752 1701 2770 1734 ι
2809 1683 3106 1752 Aperietur
3130 1681 3253 1738 fons
3281 1682 3468 1737 domui
3498 1682 3693 1746 David,
3727 1694 3782 1737 et

504 1772 881 1830 habitantibus
908 1771 1214 1828 Jerusalem
1244 1774 1298 1827 in
1332 1776 1672 1830 ablutionem
1700 1776 2007 1845 peccatoris
2032 1783 2088 1829 et
2154 1782 2512 1829 menstruata:
2567 1773 2607 1826 ί.
2650 1790 2669 1823 ι
2705 1770 2893 1826 Potest
2934 1780 3118 1826 autem
3174 1786 3271 1825 vas
3328 1772 3777 1841 uniuscujusque

503 1874 671 1929 opera
708 1868 1105 1929 reprazsentare
1126 1862 1315 1917 etiam.
1357 1880 1375 1915 ‹
1419 1863 1705 1933 Cujusque
1740 1878 1870 1917 vero
1908 1878 2047 1933 opus
2074 1864 2234 1932 quale
2266 1864 2333 1918 sit
2366 1863 2509 1932 ignis
2539 1862 2656 1931 ipse
2684 1860 3001 1929 probabit’.
3048 1878 3065 1910 ι
3104 1859 3410 1915 Probanmr
3440 1875 3579 1914 vero
3611 1859 3775 1913 etiam

502 1962 598 2016 per
633 1962 826 2017 aquam
853 1963 905 1999 ει
937 1947 1187 2003 Probasti
1216 1950 1362 2004 enim
1397 1966 1513 2016 nos,
1551 1950 1715 2013 Deus,
1738 1951 1916 2020 inquit
1941 1968 1956 2018 ;
1979 1954 2102 2022 igne
2132 1967 2235 2006 nos
2266 1950 2557 2016 excoxisti,
2593 1949 2739 2005 sicut
2762 1956 3053 2018 argentum
3091 1949 3446 2018 excoquitur,
3491 1955 3778 2017 pertrans-

502 2035 667 2090 timus
693 2036 869 2106 ignem
907 2044 960 2090 et
993 2052 1216 2105 aquam,
1247 2046 1301 2091 et
1332 2046 1388 2091 tu
1425 2054 1525 2095 nos
1561 2038 1613 2092 in
1646 2038 1994 2109 refrigerium
2025 2038 2301 2094 adduxisti
2331 2040 2373 2093 ³.
2429 2058 2447 2091 ι
2484 2038 2741 2109 Secundo
2770 2048 2953 2093 autem
2989 2052 3133 2106 aqua
3186 2036 3296 2106 igni
3344 2036 3686 2097 immittitur,
3720 2044 3781 2089 ut

502 2122 645 2190 ignis
680 2123 1149 2178 vehementiorem
1180 2126 1564 2195 purgationem
1592 2127 1819 2199 mitiget,
1876 2142 2191 2199 quanquam
2243 2143 2345 2184 nos
2376 2126 2583 2181 auxilio
2634 2141 2736 2182 suo
2789 2124 3053 2195 praevenit
3084 2132 3145 2177 ut
3178 2123 3332 2178 illum
3384 2122 3777 2194 eﬁugeremus,

501 2227 624 2264 cum
654 2212 814 2266 nobis
845 2226 1043 2282 aquam
1076 2212 1320 2269 dedisset
1354 2214 1517 2270 Deus.

572 2296 800 2352 Recens:
826 2299 1322 2369 capilaIspoliorum
1352 2304 1697 2371 captivitatis.
1721 2304 1938 2377 [XXXL
1957 2306 2073 2380 26.]
2094 2306 2276 2379 Spolia
2297 2305 2493 2362 dividit
2513 2314 2622 2361 tam
2640 2303 2784 2359 inter
2810 2317 2905 2359 eos
2922 2302 3013 2373 qui
3030 2300 3158 2357 belli
3178 2315 3305 2371 pars
3329 2300 3574 2365 fuerunt,
3598 2312 3764 2368 quam

500 2388 647 2443 inter
680 2404 776 2444 eos
816 2390 909 2459 qui
942 2390 1091 2444 domi
1126 2402 1534 2448 remanserunt.
1568 2396 1764 2451 Mutua
1790 2399 1933 2452 enim
1968 2414 2133 2469 opera
2167 2405 2350 2469 partes
2382 2394 2667 2464 indigent;
2719 2399 2779 2445 ut
2816 2390 2995 2455 David
3029 2403 3251 2459 quoque
3281 2395 3472 2458 postea
3502 2387 3639 2441 dicit
3673 2385 3778 2438 mi“

501 2476 797 2532 litantibus
830 2493 939 2531 non
976 2478 1269 2534 inferiores
1298 2496 1423 2536 esse
1453 2497 1547 2537 eos
1579 2483 1671 2552 qui
1699 2499 1888 2539 eorum
1920 2486 2115 2543 domos
2145 2481 2523 2540 custodiunt‘.
2552 2480 2618 2534 Et
2649 2478 3117 2551 quemadmodum
3150 2476 3290 2531 dixit
3321 2493 3335 2531 :
3379 2493 3397 2525 ι
3433 2475 3616 2530 Unius
3649 2488 3777 2542 paro

501 2566 573 2619 tis
605 2565 864 2634 splendor
890 2567 1133 2620 omnium
1168 2566 1227 2620 ﬁt
1261 2570 1639 2635 communis",
1673 2590 1691 2623 ›
1733 2571 1806 2626 ita
1840 2574 1982 2628 inter
2014 2590 2117 2629 nos
2153 2589 2371 2643 quoque
2410 2574 2643 2627 duorum
2676 2570 2932 2625 ordinum
2968 2577 3056 2623 est
3089 2568 3398 2637 permistio,
3438 2573 3487 2619 et
3520 2564 3646 2629 ejus
3681 2562 3777 2633 qui

501 2652 557 2711 in
585 2652 790 2706 mundo
818 2663 1038 2719 manet,
1075 2660 1131 2707 et
1164 2654 1285 2723 ejus
1321 2657 1414 2725 qui
1450 2666 1643 2711 contra
1678 2660 1957 2714 diabolum
1990 2671 2212 2733 pugnat.
2248 2661 2449 2715 Eadem
2480 2659 2627 2715 enim
2661 2658 2833 2729 gloria
2868 2656 3226 2719 illustriores,
3258 2663 3313 2707 ct
3346 2668 3443 2708 eos
3474 2653 3568 2722 qui
3604 2666 3779 2722 parvo

501 2756 645 2794 nexu
681 2740 790 2794 illis
816 2740 996 2809 juncti
1031 2750 1161 2795 sunt
1191 2753 1397 2798 manet.
1430 2744 1710 2816 Siquidem
1742 2745 1949 2803 Paulus
1977 2743 2197 2820 quoq'ue
2228 2749 2298 2804 de
2327 2748 2642 2819 approbatis
2668 2747 2909 2807 locutus,
2946 2743 3165 2813 inquit:
3202 2760 3219 2793 ι
3252 2740 3317 2795 Et
3351 2740 3404 2793 hi
3440 2754 3635 2793 omnes
3664 2753 3776 2792 non

500 2836 856 2898 reportarunt
888 2831 1287 2900 promissiones
1313 2873 1328 2897 ,
1362 2842 1420 2887 ut
1471 2850 1580 2888 non
1616 2836 1825 2905 absque
1872 2838 2031 2893 nobis
2067 2839 2462 2909 perﬁcerentur
2480 2838 2519 2890 ⁸.
2557 2854 2575 2886 ι
2611 2834 2745 2890 Tale
2776 2832 2911 2888 illud
2945 2846 3167 2903 quoque
3204 2837 3289 2885 est
3322 2848 3335 2882 :
3377 2846 3396 2880 ι
3429 2827 3656 2882 Utinam
3691 2843 3778 2880 re-

498 2933 664 2989 B'W“
698 2918 1105 2985 οιὶῑίηυῖεεϐιῖεν
1136 2936 1249 2990 qno
1276 2931 1330 2977 et
1370 2938 1472 2979 nos
1506 2939 1614 2977 una
1648 2925 1932 2981 vobiscum
1969 2942 2357 2998 regnassemus
2375 2926 2416 2979 ⁷.
2452 2944 2470 2977 ι
2510 2924 2640 2979 Item
2673 2924 3013 2994 psalmorum
3050 2922 3191 2976 hoc:
3225 2938 3244 2971 ι
3276 2917 3563 2973 Benedixit
3592 2916 3779 2971 Domi-

498 3022 606 3063 nus
638 3007 956 3063 timentibus
995 3009 1175 3079 ipsum
1204 3048 1221 3073 ,
1254 3018 1364 3064 tam
1402 3013 1588 3081 parvis
1617 3029 1782 3083 quam
1813 3016 2027 3084 magnis
2045 3015 2087 3070 ⁸.
2120 3035 2138 3068 ι
2180 3014 2441 3069 Eamdem
2490 3013 2636 3068 enim
2676 3012 2913 3067 fortasse
2941 3009 3382 3066 benedictionem
3419 3007 3631 3062 habent
3678 3007 3775 3076 qui

498 3096 722 3151 virtutis
755 3111 981 3167 operum
1013 3100 1207 3169 inopes
1232 3139 1247 3162 .
1281 3099 1387 3155 ﬁde
1420 3102 1618 3171 :equali
1673 3113 1804 3157 sunt
1837 3104 2072 3173 prazditi.
2109 3103 2379 3159 Caeterum
2412 3102 2506 3172 qui
2537 3101 2760 3172 praemia
2791 3100 3076 3155 distribuit
3105 3098 3361 3154 Christus
3392 3106 3472 3152 est
3506 3096 3562 3149 in
3592 3094 3779 3165 ponti-

500 3184 603 3237 ﬁce
638 3190 692 3237 et
720 3184 1037 3255 legislalore
1074 3185 1363 3256 ﬁguratus,
1396 3188 1483 3242 cui
1518 3189 1791 3243 assistunt
1818 3192 1994 3261 angeli
2024 3193 2284 3261 praesidio
2314 3191 2551 3246 ﬁdelium
2584 3190 2877 3253 collocati,
2915 3204 3056 3259 quos
3090 3204 3237 3243 nunc
3264 3203 3361 3258 per
3393 3186 3677 3256 principes
3706 3186 3781 3239 si-

500 3271 797 3339 gniﬁcavit.
843 3270 1075 3328 Ctelitus
1113 3274 1257 3328 enim
1303 3276 1517 3339 veniet,
1554 3278 1646 3345 qui
1692 3277 1992 3332 virtutibus
2024 3295 2121 3333 sua
2162 3280 2384 3350 praemia
2410 3278 2560 3349 justa
2594 3277 2812 3331 ratione
2853 3284 2909 3330 et
2946 3276 3109 3330 modo
3137 3274 3413 3328 attribuit.
3447 3270 3775 3342 Hujusmodi

501 3360 654 3416 Isaia:
685 3360 816 3414 illud
861 3370 946 3417 est
984 3380 996 3415 :
1033 3380 1053 3415 ι
1086 3363 1208 3432 Ipse
1242 3363 1618 3419 dominabitur
1650 3366 1860 3431 multis,
1891 3376 1947 3422 et
1979 3368 2201 3423 fortium
2234 3366 2411 3436 spolia
2442 3364 2740 3419 dividet’.)
2769 3362 3137 3433 Quapropter,
3162 3361 3264 3416 etsi
3301 3359 3514 3429 praemii
3549 3373 3781 3413 consor-

499 3452 585 3500 tes
622 3447 782 3517 primi
820 3456 875 3502 et
911 3450 1149 3505 secundi
1169 3450 1445 3505 exsistunt
1468 3492 1484 3516 ,
1513 3467 1636 3507 sors
1671 3460 1853 3507 tamen
1887 3454 2089 3523 cuique
2120 3461 2269 3508 certa
2314 3452 2526 3507 ratione
2555 3452 2903 3507 decernetur.
2936 3449 3014 3504 Ex
3052 3463 3383 3519 unaquaque
3443 3447 3591 3501 enim
3630 3447 3780 3501 tribu

503 3534 713 3588 tnilleni
743 3536 835 3604 qui
869 3545 1184 3604 pugnarunt
1208 3540 1472 3608 aequalem
1505 3540 1959 3610 percipiunt.Qui
1989 3555 2120 3597 sane
2149 3548 2359 3610 partem
2388 3538 2883 3609 quingentesimatn
2913 3536 3157 3608 pontiﬁci
3186 3534 3461 3590 deferunt.
3494 3530 3777 3587 Primitias

502 3622 810 3690 hominum,
852 3624 954 3679 hoc
978 3632 1088 3688 est,
1120 3628 1457 3693 mulierum,
1492 3636 1546 3683 et
1576 3628 1809 3683 aliorum
1841 3629 2086 3684 omnium
2112 3667 2129 3695 ,
2164 3626 2676 3699 quinquagesimam
2708 3634 2918 3695 partem
2958 3635 3195 3684 cunctus
3232 3629 3411 3683 cattus
3443 3618 3651 3675 Levitis
3681 3635 3776 3675 ex-

502 3709 679 3777 hibet.
708 3711 830 3781 Ipse
858 3714 1061 3767 etenim
1089 3715 1332 3784 pontifex
1368 3717 1571 3771 unicus
1598 3726 1721 3782 est,
1755 3716 1959 3772 Levita:
1983 3724 2166 3773 autem
2196 3714 2533 3784 complures.
2565 3714 2717 3768 Alias
2753 3724 2935 3767 autem
2976 3712 3092 3767 ﬁeri
3126 3712 3287 3777 solet,
3326 3718 3386 3763 ut
3422 3718 3680 3779 potentes
3715 3706 3779 3760 ﬁ-

502 3800 710 3854 delium
744 3816 936 3871 parum
970 3803 1234 3872 adjuvent
1266 3804 1435 3859 Deum
1459 3848 1474 3872 ,
1516 3807 1745 3862 secundi
1787 3822 1917 3862 vero
1948 3806 2184 3877 amplius
2219 3824 2234 3862 :
2279 3824 2297 3856 ι
2330 3804 2485 3859 Multi
2540 3804 2684 3859 enim
2719 3804 2896 3857 vocati
2926 3842 2941 3865 ,
2982 3802 3141 3873 pauci
3178 3800 3337 3856 electi
3360 3801 3423 3854 ¹⁶.
3458 3818 3477 3850 ι
3518 3800 3653 3853 Item
3689 3798 3777 3855 cui

502 3887 676 3941 multa
708 3889 1090 3959 relinquentur
1113 3932 1128 3956 ,
1162 3907 1227 3946 eo
1266 3893 1501 3960 amplius
1532 3894 1743 3966 diliget.
1776 3894 1853 3949 Ac
1885 3894 1963 3949 illi
2009 3895 2229 3963 quidem
2268 3895 2487 3949 nemine
2518 3892 2741 3947 interim
2787 3892 3118 3962 decerpente
3160 3892 3461 3961 quidquam
3490 3929 3506 3954 ,
3552 3888 3779 3943 Christo

504 3974 751 4042 pontiﬁci
784 3987 837 4029 et
861 3977 1035 4045 judici
1069 3994 1267 4048 magno
1295 3980 1555 4036 oﬁ‘erunt.
1588 3982 1745 4047 Quod
1778 3981 2027 4037 fecerunt
2055 3982 2337 4053 discipuli,
2370 3990 2424 4037 et
2456 3987 2729 4052 quotquot
2768 3979 2933 4035 hodie
2963 3980 3292 4049 populorum
3326 3977 3587 4031 ductores
3623 3983 3776 4045 sunt,

505 4060 697 4117 facere
724 4062 948 4130 debent,
987 4073 1046 4119 ut
1080 4066 1296 4122 labores
1324 4070 1731 4138 prazdicationis
1758 4072 2091 4141 evangelicae
2128 4071 2237 4125 Deo
2270 4076 2635 4135 consecrent,
2682 4068 2881 4138 hisque
2926 4066 3172 4137 judicem
3219 4066 3460 4136 placent.
3506 4064 3778 4135 Reliquus

507 4158 689 4202 autem
720 4160 898 4205 caelus
924 4152 1199 4220 primitias
1230 4153 1409 4219 olfert,
1443 4171 1630 4211 verum
1666 4158 1889 4212 nonnisi
1936 4173 2032 4227 per
2060 4156 2512 4213 intercessionem
2544 4155 2926 4211 ministrorum
2958 4169 3267 4218 sacrorum,
3298 4153 3466 4208 veluti
3494 4162 3611 4207 tum
3639 4161 3777 4207 tem-

505 4236 659 4305 poris
691 4253 788 4307 per
819 4254 1034 4294 sacram
1068 4238 1382 4295 Levitarum
1423 4243 1651 4299 tribum.
1685 4243 1902 4298 Dictum
1932 4252 2017 4302 est
2044 4245 2189 4299 enim
2217 4284 2232 4309 ,
2268 4259 2438 4314 genus
2469 4243 2702 4299 electum
2730 4281 2746 4307 ,
2778 4251 2832 4297 et
2870 4242 3053 4313 regale
3082 4240 3449 4298 sacerdotium
3470 4240 3537 4291 “.
3579 4240 3653 4294 At
3696 4238 3774 4293 illi

502 4323 720 4379 fructus
749 4328 969 4395 quidem
1003 4326 1273 4393 oﬁ‘crunt',
1304 4346 1491 4385 verum
1526 4346 1631 4386 non
1665 4333 1978 4403 specialiter
2012 4347 2260 4403 personae
2290 4330 2492 4386 Christi
2526 4330 2742 4384 fructus
2763 4329 2995 4385 faciunt.
3020 4328 3348 4399 Huiusmodi
3368 4327 3594 4398 quidam
3621 4335 3777 4383 erant

506 4413 597 4481 qui
631 4414 896 4469 collectas
932 4424 1253 4469 sanctorum
1288 4418 1509 4483 nomine
1540 4420 1631 4487 qui
1665 4420 1719 4473 in
1747 4418 2052 4475 Jerusalem
2090 4426 2282 4486 erant,
2317 4418 2695 4474 conferebant.
2726 4417 2831 4483 Qui
2875 4418 3143 4487 ampliora
3185 4417 3349 4473 etiam
3379 4414 3658 4479 oﬁ'erunt,
3690 4422 3776 4468 ut-

504 4511 633 4571 pote
672 4502 766 4572 qui
807 4503 973 4557 etiam
1009 4504 1264 4573 ampliori
1299 4508 1625 4576 purgatione
1651 4508 1984 4579 indigerent.
2022 4527 2042 4560 (
2076 4508 2179 4574 Qui
2212 4508 2357 4563 enim
2392 4507 2539 4563 lotus
2569 4514 2654 4563 est
2676 4548 2689 4571 ,
2725 4506 2904 4576 inquit
2932 4504 3233 4569 Dominus,
3264 4519 3374 4559 non
3411 4519 3645 4560 necesse
3676 4504 3773 4557 ha-

502 4588 596 4644 bet
628 4590 866 4661 amplius
900 4607 1065 4662 quam
1098 4601 1157 4645 ut
1192 4592 1360 4662 pedes
1396 4594 1562 4661 lavet,
1596 4596 1835 4652 mundus
1866 4597 2012 4653 enim
2049 4597 2214 4652 est".
2248 4613 2267 4647 ι
2312 4593 2539 4647 Minima
2571 4594 2716 4648 enim
2750 4593 3003 4664 quamvis
3038 4592 3245 4648 sanctis
3272 4591 3603 4662 purgatione
3635 4604 3771 4660 opus

502 4687 609 4739 est,
634 4680 817 4749 aliqua
846 4691 1029 4736 tamen
1062 4690 1167 4745 est,
1204 4683 1478 4753 siquidem
1518 4688 1725 4756 peccati
1755 4702 1950 4742 exsors
1976 4700 2137 4741 nemo
2163 4692 2269 4740 est.
2304 4683 2471 4752 Atqui
2495 4684 2843 4757 praemiorum
2870 4682 3113 4738 varietas
3144 4681 3426 4736 indicatur
3454 4682 3623 4735 etiam
3648 4680 3770 4744 hoc,

502 4767 647 4833 quod
684 4769 850 4821 alium
886 4786 1054 4840 super
1084 4771 1330 4841 quinque
1362 4773 1550 4837 urbes,
1592 4774 1756 4828 alium
1795 4791 1961 4846 super
1995 4775 2181 4829 decem
2220 4775 2580 4828 constitutum
2610 4772 2679 4827 iri
2711 4772 2913 4827 dicitur
2935 4772 2997 4825 η.

582 4854 697 4908 Nos
726 4858 859 4909 servi
898 4859 975 4909 tui
1007 4860 1364 4913 recensuimus
1396 4877 1674 4915 numerum
1714 4872 2090 4931 pugnatorum.
2130 4860 2284 4933 [#9.]
2328 4860 2656 4916 Dbtulerunt
2702 4867 2973 4931 quotquot
3023 4860 3289 4931 imperata
3343 4859 3585 4915 fuerant.
3618 4856 3771 4913 Ultro

502 4953 685 4996 autem
715 4943 863 5012 justa
910 4948 1267 5014 gratulatoria
1303 4950 1622 5018 persolvunt
1659 4965 1759 5018 pro
1804 4950 2150 5005 subditorum
2186 4951 2363 5005 salute
2385 4989 2399 5013 ,
2427 4950 2587 5018 quod
2607 4949 2849 5018 ipsorum
2885 4949 3176 5004 nullusvin
3223 4948 3479 5003 conﬂictu
3515 4948 3769 5003 obiisset.

500 5029 839 5099 Papulorum
874 5034 1019 5085 enim
1056 5034 1338 5104 principes
1373 5047 1425 5090 et
1458 5052 1556 5091 sua
1593 5045 1647 5092 et
1680 5038 2001 5107 populorum
2055 5052 2219 5093 causa
2265 5037 2682 5108 augustioribus
2720 5037 2884 5092 donis
2915 5039 3167 5093 venerari
3200 5037 3387 5107 ,Deum
3417 5038 3636 5101 solent,
3669 5036 3771 5090 alio

501 5120 631 5185 quid
670 5135 885 5188 semper
930 5136 993 5172 ex
1027 5121 1330 5175 abundanti
1366 5123 1629 5179 addentes
1653 5166 1667 5189 ,
1701 5134 1755 5177 et
1790 5125 2043 5181 mandata
2078 5136 2495 5197 exsuperantes.
2528 5127 2720 5193 Qualis
2768 5136 2886 5183 erat
2931 5127 3135 5182 Paulus
3176 5128 3267 5197 qui
3321 5128 3465 5181 ultra
3514 5127 3690 5196 legem
3720 5134 3771 5179 et

502 5207 819 5260 mandatum
853 5208 1079 5275 Christi,
1129 5209 1339 5263 nullum
1368 5212 1587 5267 carnale
1614 5213 1895 5282 praemium
1930 5228 1960 5267 a
1991 5216 2073 5269 sui
2109 5214 2388 5285 Evangelii
2418 5215 2706 5285 discipulis
2738 5215 3101 5286 percipiebat,
3127 5230 3192 5269 ac
3226 5214 3581 5286 Evangelium
3615 5225 3767 5268 extra

503 5304 758 5365 sumptus
787 5295 1095 5365 deponebat
1124 5338 1139 5363 ,
1187 5300 1542 5368 quantumvis
1614 5300 1965 5372 Evangelium
2013 5301 2178 5374 530
2226 5304 2681 5359 annuntiantibus
2730 5320 2796 5359 ex
2849 5303 3145 5374 Evangelio
3188 5304 3374 5359 vivere
3414 5303 3769 5373 praecepisset

503 5383 757 5461 Christus
779 5384 843 5438 “.
872 5384 1005 5461 Item
1036 5401 1161 5455 cum
1196 5401 1304 5455 non
1338 5387 1568 5459 haberet
1598 5390 1840 5445 edictum
1871 5390 2075 5446 Christi
2106 5392 2174 5447 de
2203 5391 2513 5464 virginibus
2533 5432 2548 5459 ,
2596 5392 2938 5459 introduxit,
2985 5392 3133 5464 quod
3164 5393 3259 5463 qui
3289 5406 3512 5446 carnem
3550 5396 3764 5454 necant,

568 5608 795 5667 "Joan.
844 5624 928 5670 tu.
968 5609 1024 5664 5.
1160 5610 1206 5642 ⁸⁷
1243 5606 1435 5669 Matth.
1493 5624 1614 5675 xu,
1658 5609 1751 5665 ‘29.
1858 5611 1904 5643 ”
1947 5610 2053 5668 Isa.
2102 5628 2265 5676 xxxv,
2326 5610 2381 5665 8.
2481 5608 2575 5663 "I
2613 5609 2741 5666 Cor.
2802 5625 2898 5673 ιιι,
2971 5608 3059 5663 15.
3163 5609 3179 5641 ¹
3218 5606 3456 5661 Zachar.
3517 5621 3672 5676 xm,
3712 5604 3760 5658 1.

508 5680 527 5713 ⁸
564 5680 578 5732 |
610 5680 738 5734 Cor.
767 5696 846 5737 Ill.
886 5681 973 5736 13.
1067 5679 1087 5711 ³
1121 5678 1269 5735 Psal.
1301 5696 1427 5741 va,
1456 5679 1543 5733 10.
1650 5680 1671 5710 ⁵
1710 5681 1856 5736 Psal.
1891 5698 2063 5747 van,
2097 5684 2118 5735 1

2141 5685 2184 5739 5.
2254 5675 2294 5715 7⁸
2333 5680 2479 5737 Psal.
2509 5697 2733 5738 LxxXIx.
2774 5680 2861 5733 I7.
2966 5680 2988 5710 ⁸
3029 5678 3195 5733 Ichr.
3231 5696 3286 5739 x,
3323 5677 3411 5747 ξε).
3526 5676 3545 5707 ⁷
3589 5675 3756 5747 lCor.

506 5769 579 5813 tv,
614 5756 664 5806 κ.
772 5752 794 5783 ⁸
832 5752 981 5805 Psal.
1038 5765 1195 5813 exul,
1229 5751 1316 5804 l3.
1432 5752 1452 5782 ’
1498 5750 1733 5821 lsa.ft.ur.
1800 5752 1881 5807 l2.
1996 5744 2275 5810 u'Matth.
2308 5768 2437 5821 xxtt,
2472 5754 2556 5808 1-1.
2675 5754 2714 5785 ¹¹
2760 5750 2950 5808 IPctr.
2986 5768 3045 5818 ll,
3087 5750 3141 5805 9.
3254 5751 3294 5780 ¹¹
3336 5744 3493 5801 Joan.
3528 5762 3644 5807 xm,
3676 5744 3759 5809 it).

507 5825 548 5855 ’³
588 5823 720 5893 μιν.
751 5838 863 5889 πικ,
905 5821 991 5885 17,
1029 5822 1114 5877 19.
1197 5822 1240 5854 ¹⁸
1282 5821 1459 5876 lCor.
1500 5836 1573 5887 lx,
1598 5820 1750 5875 2-19.
