4090 6514
300 424 408 487 885
1398 417 1930 479 COMMENTARII
1961 417 2041 476 IN
2070 413 2461 475 NUMEROS.
3458 410 3562 472 886

298 534 648 605 splendidum
694 547 758 588 ac
804 532 1013 584 lautum
1066 530 1119 583 in
1154 529 1379 584 Christo
1420 530 1621 583 donum
1674 524 1987 581 oll’eraut".
2032 524 2096 579 Et
2140 521 2603 594 quemadmodum
2658 520 2712 573 in
2764 517 3119 573 tabernaculo
3159 518 3568 587 reponebantur

299 622 445 676 dona
481 621 689 683 oblata,
728 621 799 673 ita
834 618 1206 672 Ecclesiarum
1238 633 1371 686 opes
1406 624 1719 670 sanctorum
1753 611 2113 683 gloriationes
2159 616 2474 681 perpetuam
2511 607 2652 677 apud
2707 607 2872 659 Deum
2910 611 3327 672 consequuntur
3356 621 3564 659 memo-

298 711 436 764 riam
465 750 479 771 ,
516 725 581 763 ac
615 723 750 761 cura
797 708 984 762 divina
1029 707 1244 777 seipsos
1277 705 1475 777 digno‘s
1505 704 1681 757 sancti
1714 699 1970 755 reddunt.
2004 697 2115 752 lloc
2146 688 2294 752 enim
2327 694 2432 751 sibi
2465 694 2598 748 illud
2628 693 2744 747 vult
2776 691 2919 761 quod
2953 690 3153 746 dicitur
3180 733 3195 758 ,
3235 708 3420 747 coram
3464 694 3558 747 Do.

297 801 451 852 mino
492 797 669 852 nosita
702 812 849 851 esse.

368 814 451 851 uno
492 814 669 867 posua
702 814 849 851 esse.

368 885 476 937 Τοῦ
500 882 724 955 χρυσοῦ,
754 885 786 953 ἡ
814 884 911 953 μὲν
936 880 1033 944 ὕλη
1059 880 1319 953 κοσμικὴ,
1347 882 1458 951 ἠδὲ
1489 884 1683 954 χρῆσις
1706 881 1871 935 πνεύ-

2047 872 2221 926 Porro
2264 868 2385 924 auri
2435 868 2657 939 quidem
2709 865 2939 921 materia
2992 865 3056 919 ad
3110 872 3359 919 ornatum
3414 864 3565 919 facit.

298 983 506 1050 ματική
528 998 542 1012 ’
576 980 829 1049 καθάπερ
862 983 958 1032 καὶ
988 980 1093 1031 τῶν
1121 977 1331 1047 δώρων,
1363 978 1544 1041 ὑλικὸς
1577 977 1676 1046 μὲν
1698 978 1725 1029 ὁ
1749 996 1880 1049 χρυ-

299 1075 411 1137 σὸς,
444 1072 506 1125 τὸ
535 1072 593 1125 δὲ
618 1074 675 1126 ὲν
707 1072 891 1135 αὐτοῖς
918 1066 1055 1134 εἶδος
1078 1069 1187 1123 ἀπὸ
1210 1071 1307 1141 τῆς
1335 1070 1530 1140 τέχνης
1549 1071 1647 1140 οὐχ
1672 1068 1877 1134 ὑλικὸν,

296 1164 440 1217 ἀλλὰ
465 1163 557 1218 νοῦ
590 1162 821 1232 καρπός.

383 1341 791 1412 Ἀπογράςεται
815 1340 879 1394 τὰ
898 1340 1063 1411 δῶρα.
1087 1342 1169 1393 Δι’
1188 1334 1262 1397 ὧν
1290 1340 1398 1412 γὰρ
1425 1339 1881 1411 καρποφοροῦμεν

294 1439 374 1497 εἰς
427 1435 649 1506 ἀρετὴν,
685 1433 771 1486 διὰ
813 1432 1015 1486 τούτων
1058 1432 1510 1502 μνημονευόμεθα
1557 1430 1710 1502 παρά
1739 1430 1876 1501 Θεῷ.

295 1525 439 1577 Οὐδὲ
469 1525 579 1594 γὰρ
612 1523 789 1586 ἄλλως
814 1522 996 1591 τίμιον
1023 1522 1084 1574 τὸ
1114 1523 1300 1591 φυτὸν,
1326 1523 1374 1573 εἰ
1398 1521 1472 1591 μὴ
1497 1520 1586 1573 διὰ
1616 1520 1710 1574 τοῦ
1742 1538 1880 1591 καρ-

292 1617 423 1670 ποῦ.
455 1616 706 1678 Τοιοῦτος
737 1617 765 1668 ὁ
795 1614 904 1667 τῶν
928 1613 1240 1667 ἀποστὸλων
1275 1615 1505 1683 καρπὸς,
1534 1613 1609 1676 ὣς
1635 1613 1736 1667 πού
1769 1630 1876 1683 φη-

292 1724 416 1760 σιν·
452 1708 571 1760 Ἵνα
620 1706 847 1775 γένηται
898 1708 930 1775 ἠ
986 1706 1270 1776 προσφορὰ
1298 1705 1406 1759 τῶν
1441 1704 1609 1758 ἐθνῶν
1639 1705 1875 1777 εὐπρόσ-

287 1799 504 1863 δεκτος,
538 1797 851 1868 ἡγιασμένη
883 1799 940 1849 ὲν
967 1795 1248 1867 Πνεύματι
1277 1797 1440 1867 ἁγίῳ.

368 1976 480 2028 Kal
500 1973 688 2042 κτήνη
707 1970 786 2045 ἦν
801 1974 1036 2040 πλῆθος
1063 1974 1187 2040 τοῖς
1208 1976 1359 2041 υἱοῖς
1384 1976 1637 2046 Ῥουϐίμ.
1658 1977 1767 2048 Τὴν
1790 1980 1876 2031 αι-

298 2069 426 2119 τίαν
460 2066 736 2136 πρόλεγει,
768 2067 835 2118 δι’
857 2067 922 2137 ἢν
964 2067 1064 2135 τῆς
1101 2066 1204 2133 ἔξω
1233 2068 1324 2120 τοῦ
1361 2068 1624 2138 Ἰορδάνου
1651 2070 1753 2140 γῆς
1783 2072 1879 2123 ὲπ-

296 2157 580 2227 εθύμησαν
600 2174 615 2191 ·
646 2158 744 2226 οὐχ
776 2157 850 2220 ὡς
880 2158 1166 2210 ἀπολιπεῖν
1198 2161 1572 2231 προῃρημένοι
1592 2160 1691 2225 τὰς
1714 2163 1878 2227 ἄλλας

295 2248 495 2315 φυλάς.
513 2248 570 2301 Ὀ
604 2248 661 2301 δὲ
682 2248 923 2317 Μωῦσῆς
947 2248 1304 2318 ἀνθρωπίνως
1324 2250 1503 2304 αὐτῶν
1527 2253 1759 2324 ἠγνόησε
1783 2253 1881 2325 τὴν

292 2338 562 2393 διάνοιαν.
595 2339 670 2391 Οὐ
714 2339 823 2409 γὰρ
866 2338 1045 2393 πάντα
1073 2341 1378 2410 προφήταις
1402 2343 1880 2400 ἀποκαλύπτεταιο

296 2430 422 2483 ἀλλ’
448 2428 739 2496 ἀγνοοῦσιν
768 2428 879 2481 ἔσθ’
912 2429 1001 2481 ὅτε
1033 2429 1168 2499 πρὸς
1197 2431 1259 2483 τὸ
1287 2434 1761 2503 συμφέρον.”06εν
1792 2437 1889 2489 αὖ-

293 2523 416 2582 τοῖς
450 2517 781 2588 ἐπετίμησεν
814 2517 1079 2588 ἀρχικῶς,
1110 2517 1205 2570 καὶ
1232 2518 1340 2570 τῶν
1371 2520 1500 2591 περὶ
1549 2519 1887 2592 ἀπειθησάν-

294 2628 415 2680 των
450 2608 586 2679 πρὸς
617 2608 679 2661 τὸ
712 2608 786 2679 μὴ
815 2608 1077 2661 εἰσελθεῖν
1108 2610 1188 2673 εἰς
1219 2608 1316 2679 τὴν
1362 2610 1466 2680 γῆν
1515 2611 1616 2680 τῆς
1645 2614 1885 2681 ἐπαγγε-

295 2700 424 2760 λίας
447 2700 778 2768 ὑπέμνησεν,
800 2692 889 2750 οἷα
913 2697 1233 2753 πεπόνθασι,
1253 2699 1325 2752 Τὸ
1344 2699 1400 2751 δὲ
1421 2701 1646 2769 ἀκριϐὲς
1671 2702 1877 2771 μαθὼν,

297 2789 684 2859 συνεχώρησεν
712 2790 805 2842 ἐπὶ
832 2788 1127 2858 συνθήκαις
1149 2788 1243 2841 τοῦ
1272 2790 1633 2860 συμμαχῆσαι
1662 2795 1775 2856 τοῖς
1791 2793 1885 2847 ἀλ-

1984 983 2117 1022 usus
2151 974 2329 1019 autem
2383 961 2694 1032 spiritualis
2744 970 2851 1025 est,
2882 958 3339 1028 quemadmodum
3392 958 3567 1011 dono-

1981 1073 2103 1111 rum
2135 1070 2354 1127 quoque
2384 1052 2613 1106 materia
2642 1066 2808 1105 aurea
2847 1060 2948 1114 est,
2985 1049 3154 1117 figura
3193 1059 3373 1103 autem
3400 1065 3564 1117 quam

1982 1149 2052 1203 ab
2096 1158 2215 1202 arte
2260 1145 2553 1216 acquisivit
2586 1159 2694 1197 non
2734 1140 3034 1196 rnaterialis
3071 1152 3185 1209 est,
3233 1141 3325 1197 sed
3365 1142 3565 1194 mentis

1983 1238 2009 1293 f
2011 1248 2222 1293 unctus.

2055 1327 2454 1384 Describuntur
2490 1339 2619 1379 vero
2649 1324 2790 1378 dona
2820 1340 2835 1389 ;
2877 1339 2972 1392 per
3012 1337 3371 1391 quascunque
3417 1320 3562 1397 enim

1980 1421 2214 1476 virtutes
2248 1418 2482 1471 fructum
2517 1415 2734 1470 edimus
2754 1455 2769 1478 ,
2800 1429 2896 1484 per
2920 1413 3140 1470 easdem
3168 1428 3389 1483 quoque
3422 1412 3565 1464 cele-

1980 1513 2109 1567 bres
2164 1509 2306 1580 apud
2360 1509 2529 1563 Deum
2591 1508 2774 1561 limus.
2837 1504 2956 1559 Non
3003 1506 3149 1559 enim
3199 1505 3303 1559 alia
3357 1504 3566 1556 ratione

1981 1620 2140 1673 quam
2190 1601 2373 1656 fructu
2415 1600 2470 1653 in
2535 1598 2954 1653 mstimationem
3001 1598 3186 1664 planta
3218 1603 3392 1649 venit.
3421 1592 3569 1647 Talis

1981 1694 2358 1764 apostolorum
2408 1691 2510 1746 fuit
2557 1689 2814 1753 fructus,
2850 1686 3317 1757 quemadmodum
3364 1686 3566 1738 alicubi

1980 1785 2276 1855 Apostolus
2310 1783 2489 1852 inquit
2509 1782 2552 1815 "
2583 1798 2596 1833 :
2624 1779 2955 1850 Utgenlium
3006 1778 3212 1832 oblatio
3261 1784 3487 1847 accepta
3516 1787 3568 1830 et

1981 1878 2320 1935 sanctiﬁcata
2358 1878 2411 1930 in
2445 1876 2653 1945 Spiritu
2698 1883 2892 1929 sancto
2921 1873 3036 1926 ﬁat.

2057 1970 2121 2024 Et
2144 1985 2385 2037 pecorum
2409 1983 2601 2037 magna
2622 1976 2736 2020 erat
2755 1965 2905 2033 copia
2929 1963 3059 2033 ﬁliis
3081 1961 3282 2015 Ruben.
3327 1957 3563 2032 [XXXIL

1982 2060 2059 2131 1.]
2092 2055 2322 2114 Οιιίιειιιιι
2360 2059 2431 2113 ob
2470 2073 2633 2127 quam
2669 2065 2873 2111 terram
2906 2055 2987 2109 cis
3012 2053 3312 2108 Jordauem
3362 2052 3571 2120 appeti-

1980 2159 2198 2215 verunt,
2235 2149 2488 2220 praeﬁgit.
2519 2149 2674 2215 Quod
2708 2148 2966 2203 videlicet
2996 2162 3103 2201 non
3133 2145 3481 2201 induxissent
3512 2145 3566 2197 in

1983 2243 2230 2296 animum
2271 2242 2513 2311 reliquas
2559 2240 2741 2295 tribus
2772 2230 3052 2294 deserere.
3086 2240 3156 2292 At
3198 2237 3378 2292 Moses
3421 2237 3569 2304 ipso-

1982 2349 2103 2388 rum
2125 2333 2421 2388 consilium
2447 2331 2767 2385 bumanitus
2789 2330 3085 2399 ignoravit,
3115 2330 3259 2383 sicut
3288 2327 3569 2397 prophetis

1983 2441 2092 2479 non
2122 2425 2308 2479 omnia
2337 2424 2673 2488 revelantur,
2713 2422 2806 2479 sed
2838 2437 2947 2477 non
2988 2422 3106 2477 sine
3147 2421 3330 2490 aliquo
3354 2420 3569 2474 emolu—

1984 2525 2174 2572 mento
2222 2515 2524 2585 aliquando
2572 2515 2845 2587 ignorant.
2897 2512 3243 2584 Quapropter
3292 2528 3390 2567 eos
3428 2512 3570 2568 satis

1986 2610 2280 2678 imperiose
2310 2608 2635 2678 increpavit,
2664 2616 2717 2662 et
2747 2622 2937 2663 eorum
2966 2608 3060 2678 qui
3095 2607 3246 2675 prius
3275 2606 3327 2659 in
3361 2613 3566 2659 terram

1989 2701 2377 2771 promissionis
2415 2700 2629 2771 ingredi
2667 2700 3018 2763 recusabant,
3054 2697 3379 2752 memoriam
3403 2695 3565 2750 refri-

1987 2792 2172 2854 cavit,
2203 2800 2258 2846 et
2297 2800 2500 2861 quanta
2541 2791 2902 2861 pertulerint,
2948 2790 3228 2844 iudicavit.
3258 2787 3397 2843 Cum
3439 2803 3567 2841 vero

294 2882 511 2944 λοις.Ὂ
541 2881 635 2934 καὶ
665 2880 957 2944 δείκνυσιν,
976 2880 1050 2942 ὡς
1075 2879 1210 2949 πρὸς
1231 2880 1293 2933 τὸ
1322 2881 1599 2953 συμφέρον
1622 2885 1878 2956 ἠγνόησε.

1990 2900 2104 2940 rem
2148 2884 2387 2954 penitius
2423 2884 2793 2953 cognovisset,
2820 2882 2924 2937 ﬁde
2952 2883 3237 2937 societatis
3270 2882 3479 2935 bellica
3500 2881 3568 2935 ab

1984 2977 2121 3047 ipsis
2154 2978 2447 3047 postulata,
2476 2978 2619 3032 votis
2648 2992 2840 3032 eorum
2873 2976 3087 3031 annuit.
3121 2974 3276 3042 Quod
3309 2990 3442 3030 sane
3464 2989 3568 3029 ar—-

1984 3069 2103 3139 guit
2140 3070 2318 3138 ipsum
2352 3069 2418 3123 ad
2459 3069 2754 3123 utilitatem
2785 3070 3091 3140 ignorasse.

370 3175 537 3244 Atqui
571 3174 754 3230 omnia
781 3173 845 3228 ad
878 3173 1047 3227 Deum
1070 3174 1477 3237 accommodat,
1505 3190 1569 3229 ac
1597 3174 1960 3233 defectionem
1990 3190 2279 3250 peceatum
2311 3189 2506 3236 contra
2538 3181 2829 3236 Dominum
2861 3179 3048 3246 vacat,
3072 3190 3127 3236 et
3158 3179 3564 3248 possessionem

298 3264 441 3332 ipsis
473 3262 793 3317 tradendam
818 3302 833 3326 ,
866 3276 1055 3316 coram
1086 3261 1317 3317 Domino
1352 3264 1613 3317 traditum
1650 3265 1718 3319 iri
1754 3267 1905 3322 dicit.
1937 3267 2072 3323 Cum
2109 3271 2255 3325 enim
2288 3271 2511 3341 pietatis
2545 3286 2609 3326 ac
2643 3271 2928 3341 religionis
2956 3271 3030 3325 sit
3058 3271 3342 3339 magister,
3375 3283 3567 3323 omnes

296 3365 437 3404 suas
489 3350 660 3403 animi
697 3349 844 3405 vires
892 3348 1097 3416 ubique
1132 3349 1186 3403 in
1227 3348 1395 3404 Deum
1427 3350 1699 3418 intendit,
1748 3361 1801 3408 et
1848 3358 2107 3426 pupulum
2144 3358 2198 3411 in
2230 3357 2583 3411 concordiam
2626 3358 2845 3429 redigit.
2879 3357 3227 3426 Quapropter
3273 3370 3395 3409 cum
3449 3370 3566 3410 rem

298 3451 464 3491 suam
492 3446 798 3504 promotam
826 3452 951 3492 esse
984 3435 1268 3500 viderent,
1301 3436 1573 3492 instructa
1603 3441 1721 3494 acie
1748 3440 2046 3500 Iordanem
2074 3448 2508 3516 pertransituros
2537 3460 2597 3501 se
2625 3460 2748 3502 esse
2779 3444 3091 3515 recipiunt,
3135 3458 3200 3498 ac
3235 3442 3478 3498 indicant
3509 3441 3564 3496 in

295 3525 483 3580 oculis
512 3524 727 3579 Domini
767 3526 1053 3596 ipsiusque
1110 3526 1373 3595 auspiciis
1410 3527 1511 3582 hoc
1537 3528 1739 3584 bellum
1779 3529 1914 3587 fore.
3296 3568 3327 3590 κ

372 3636 467 3707 Τῷ
499 3636 674 3706 Ἰησοῦ
702 3638 796 3690 καὶ
817 3637 895 3707 τῷ
925 3639 1171 3709 ἀρχιερεῖ
1198 3641 1327 3711 περὶ
1356 3640 1533 3693 αὐτῶν
1564 3643 1880 3708 ἐνετείλατο,

2061 3641 2326 3698 Caeterum
2373 3642 2540 3700 Iosue
2586 3649 2641 3698 et
2688 3642 2930 3714 pontiﬁci
2976 3641 3043 3696 de
3088 3639 3222 3710 ipsis
3264 3636 3567 3705 mandavit,

294 3730 377 3791 ὡς
403 3728 587 3800 ἄρχων
612 3730 835 3797 ἀγαθὸς,
870 3734 964 3783 καὶ
991 3731 1065 3801 μὴ
1089 3732 1181 3785 τοῦ
1215 3733 1407 3802 χρόνου
1438 3734 1599 3804 μόνου
1627 3735 1720 3789 τοῦ
1751 3737 1880 3791 καθ¹

1993 3733 2120 3788 boni
2165 3736 2385 3790 functus
2429 3736 2607 3791 ollicio
2655 3738 2941 3807 principis,
2979 3738 3072 3806 qui
3115 3748 3226 3787 non
3258 3741 3466 3785 tantum
3497 3731 3565 3783 ad

295 3821 498 3874 ἑαυτὸν
529 3821 947 3891 προνοούμενος.

1992 3843 2052 3882 se
2079 3836 2133 3882 et
2160 3844 2257 3882 sua
2282 3829 2499 3899 negotia
2535 3838 2767 3899 spectat.

374 3934 609 4001 Quidam
639 3949 772 3989 vero
798 3935 1043 3998 tradunt,
1086 3936 1231 4005 quod
1260 3936 1328 3991 ob
1362 3938 1670 4007 portionem
1706 3947 1914 4008 quanta
1944 3940 2054 3995 illis
2086 3943 2289 4006 cessit,
2330 3952 2822 4015 quantumcunque
2854 3945 3075 4011 pascuis
3110 3960 3392 4016 pecorum,
3428 3959 3569 4000 uxo-

299 4024 460 4077 ribus
490 4023 615 4076 item
649 4037 714 4077 ac
744 4024 934 4079 liberis
975 4025 1169 4079 idonea
1196 4027 1313 4080 visa
1344 4036 1512 4090 esset,
1541 4024 1836 4082 Iordanem
1872 4043 2219 4098 nequaquam
2249 4031 2615 4099 trajecissent,
2640 4047 2743 4087 nec
2773 4040 3001 4088 eatenus
3025 4033 3244 4103 quidem
3277 4042 3335 4087 ιιι
3359 4032 3567 4088 bellum

300 4124 366 4159 ac
407 4109 654 4175 prmlium
692 4109 1019 4178 conspicere
1066 4118 1330 4179 possent,
1364 4128 1487 4165 cum
1522 4112 1634 4181 jam
1669 4113 1723 4166 in
1768 4115 2050 4170 consortio
2076 4116 2265 4185 gloriae
2302 4118 2536 4171 aliorum
2573 4119 2848 4173 steterint.
2888 4118 3087 4173 Verum
3146 4120 3567 4175 obsecundasse

304 4194 444 4249 misi
478 4198 605 4265 quia
641 4195 997 4251 minitaretur
1031 4199 1159 4252 belli
1192 4200 1414 4267 quidem
1446 4208 1730 4254 consortes
1764 4199 1980 4255 futuros
2005 4243 2020 4267 ,
2068 4203 2220 4271 atqui
2272 4212 2433 4259 terra;
2478 4212 2685 4259 sanctas
2715 4219 2823 4258 non
2860 4206 3177 4275 participes.
3218 4203 3313 4258 liis
3348 4205 3562 4261 similes

303 4284 557 4336 nonnulli
592 4292 763 4346 sunt,
796 4284 889 4353 qui
922 4284 1071 4340 curis
1100 4285 1268 4354 hujus
1304 4288 1428 4340 vita:
1461 4287 1588 4340 victi
1616 4327 1631 4353 ,
1668 4288 1853 4361 studio
1878 4303 2006 4359 erga
2034 4287 2203 4344 Deum
2229 4291 2665 4363 elanguescunt:
2707 4311 2725 4344 ι
2756 4291 2909 4347 Multi
2947 4293 3094 4347 enim
3140 4292 3312 4346 vocati
3342 4332 3356 4357 ,
3409 4292 3565 4361 pauci

298 4386 439 4424 vero
470 4370 710 4426 electi".
741 4390 761 4423 ι
800 4370 913 4427 Etsi
945 4372 1092 4427 enim
1134 4374 1313 4428 vocati
1350 4373 1416 4427 ad
1450 4373 1609 4429 [idem
1676 4374 1919 4441 fuerint,
1964 4387 2184 4447 propter
2215 4379 2524 4448 voluptates
2555 4379 2610 4434 in
2642 4380 2942 4449 proborum
2987 4395 3216 4434 numero
3249 4395 3565 4448 permanere

300 4460 524 4511 nolunt.
554 4458 632 4512 Ac
663 4459 727 4512 ad
761 4459 934 4528 ipsam
971 4459 1193 4528 quidem
1227 4461 1483 4529 baptismi
1518 4462 1749 4532 gratiam
1782 4464 1929 4517 lento
1962 4481 2155 4535 gressu
2190 4467 2484 4532 accedunt,
2510 4477 2718 4538 quanto
2747 4468 2978 4526 lentiore
3015 4483 3144 4523 vero
3189 4468 3254 4521 ad
3306 4482 3565 4537 persecu-

299 4550 509 4600 tionem
534 4586 550 4613 ,
600 4547 645 4600 si
694 4562 818 4601 cum
857 4548 981 4603 aliis
1014 4550 1222 4604 sanctis
1251 4566 1311 4604 ea
1350 4550 1651 4619 aliquando
1682 4551 2006 4620 perferenda
2048 4554 2157 4607 siti
2192 4552 2349 4625 Legis
2372 4571 2503 4610 vero
2535 4556 2734 4614 divinae
2763 4556 3029 4613 conviciis
3075 4556 3267 4611 saltem
3317 4554 3575 4633 excitati»

299 4637 496 4705 iraque
527 4634 709 4688 divina
744 4636 1041 4704 aliquando
1070 4638 1345 4703 exterriti,
1380 4639 1684 4693 mediocres
1726 4653 1790 4692 ac
1818 4639 1964 4694 leves
2005 4641 2283 4711 attingunt
2318 4642 2572 4710 labores,
2606 4658 2728 4696 cum
2763 4642 3081 4711 proceribus
3117 4641 3257 4694 forte
3285 4641 3558 4715 j’ejunaut,

299 4726 603 4794 aliquando
644 4726 784 4779 bello
822 4727 1007 4795 petitis
1043 4726 1305 4783 Ecclesiis
1338 4743 1433 4783 eos
1464 4731 1814 4796 :eumlantur,
1846 4743 2124 4798 nunquam
2156 4729 2334 4783 adhuc
2366 4731 2613 4799 persuasi
2662 4740 2719 4783 ut
2768 4746 2853 4784 res
2880 4716 3267 4798 tnuudii‘bujus
3298 4736 3559 4782 contem—

303 4822 461 4876 nant,
495 4814 589 4867 sed
625 4814 859 4867 subinde
889 4815 955 4867 ad
991 4830 1119 4869 suas
1153 4830 1287 4884 opes
1315 4824 1685 4880 revertuntur,
1724 4826 2081 4885 terrenasque
2134 4816 2447 4886 voluptates
2477 4825 2531 4871 et
2557 4818 2771 4885 lepores
2812 4817 3239 4883 amplectuntur.
3273 4814 3453 4881 Quare
3478 4816 3561 4869 di-

308 4900 547 4968 strrpulis
583 4900 699 4954 suis
735 4901 990 4956 Christus
1022 4903 1267 4971 praecipit
1293 4921 1307 4956 :
1345 4921 1363 4953 ι
1394 4904 1672 4959 Attendite
1695 4919 1763 4957 ne
1794 4911 2092 4957 onereutur
2121 4904 2289 4957 corda
2322 4912 2501 4958 vestra
2535 4905 2684 4959 curis
2712 4888 2763 4959 et
2793 4904 3088 4974 angoribus
3118 4904 3280 4974 hujus
3310 4904 3430 4958 vita:
3452 4905 3513 4959 ³⁸.
3542 4924 3559 4955 ›

299 4987 380 5038 Ac
417 4987 614 5039 borum
642 4988 863 5055 quidem
900 4996 1083 5057 typum
1120 4988 1420 5056 praeierunt
1445 4988 1638 5043 Ruben
1665 5000 1719 5044 et
1748 4988 1861 5044 Gad
1891 5030 1905 5053 ,
1938 4990 2029 5044 ille
2059 4991 2278 5059 quidem
2312 4992 2708 5062 primogenitus
2736 5034 2750 5057 ,
2802 4993 2891 5046 hic
2938 5007 3066 5046 vero
3099 4993 3313 5047 ancilla:
3349 4992 3565 5061 Ztclpbas

300 5072 471 5126 ﬁlius.
508 5072 600 5127 Isti
628 5075 834 5128 etenim
874 5076 1217 5145 primogeniti
1261 5086 1390 5129 sunt
1418 5092 1514 5145 per
1544 5076 1742 5143 tidem;
1772 5076 2018 5133 Ecclesia
2046 5081 2190 5134 enim
2220 5090 2304 5136 est
2335 5082 2836 5151 primogenitorum
2867 5081 3269 5153 descriptorum
3302 5085 3352 5135 in
3384 5084 3565 5148 cmlis,

301 5160 398 5226 qui
426 5160 689 5213 eximiam
721 5160 866 5230 apud
898 5161 1065 5216 Deum
1098 5172 1300 5217 sortem
1338 5174 1466 5217 sunt
1502 5166 1705 5231 sortiti,
1758 5174 2029 5235 quatenus
2057 5168 2310 5222 videlicet
2342 5168 2407 5222 ad
2440 5169 2671 5239 gratiam
2705 5171 2918 5235 attinet,
2954 5185 3061 5224 non
3097 5179 3275 5224 autem
3314 5177 3444 5222 sunt
3480 5171 3563 5222 in-

303 5248 464 5313 genui
518 5262 580 5299 ae
606 5248 876 5302 libertatis
906 5258 1200 5315 amatores,
1243 5265 1368 5304 cum
1402 5251 1787 5308 aliectionibus
1825 5255 2179 5309 ancillentur.
2210 5254 2309 5311 Hic
2343 5257 2547 5327 aliquis
2582 5257 2822 5326 objieere
2854 5259 3062 5328 possit,
3094 5257 3316 5311 lsraelis
3346 5246 3563 5324 quoque

303 5334 752 5403 primogenitum,
784 5351 955 5405 genus
985 5338 1298 5404 pecuinum,
1332 5338 1491 5402 rude,
1522 5354 1587 5393 ac
1618 5340 1883 5394 illiberale
1906 5341 2146 5397 Jordane
2174 5341 2341 5398 ﬂuvio
2370 5345 2553 5398 dirimi
2588 5346 2848 5399 maluisse
2866 5362 2926 5397 ac
2964 5346 3225 5413 separari,
3257 5358 3358 5397 nec
3393 5344 3561 5413 parti-

301 5421 491 5487 cipare
524 5429 683 5476 terra:
702 5422 755 5475 in
787 5438 893 5492 qua
918 5421 1010 5477 Dei
1043 5430 1097 5477 et
1125 5426 1268 5478 ardes
1297 5432 1350 5478 et
1376 5425 1556 5480 cultus
1584 5426 1707 5491 fuit,
1728 5430 1984 5497 quamvis
2016 5430 2081 5483 ad
2116 5445 2234 5484 eam
2258 5440 2510 5485 vocatum
2531 5431 2707 5496 ‘esset,
2731 5431 3004 5501 simulque
3027 5430 3319 5485 deduxisse
3349 5444 3443 5483 eos
3470 5429 3560 5497 qui

303 5508 490 5562 verbis
522 5510 659 5579 legis
687 5511 1065 5566 crediderunt.
1086 5510 1357 5567 Caeterum
1390 5515 1781 5583 procrastinati
1814 5523 1965 5582 sunt,
1995 5517 2136 5571 alius
2165 5518 2385 5586 quidem
2420 5517 2702 5572 dicendo:
2743 5517 2922 5589 43],
2973 5535 2999 5568 ι
3029 5519 3233 5586 Agrum
3264 5518 3392 5579 emi,
3422 5516 3561 5569 alius

306 5607 459 5656 vero,
486 5594 725 5651 Uxorem
757 5598 971 5663 duxi“,
1008 5616 1026 5649 ι
1057 5606 1111 5653 et
1145 5615 1266 5669 qua:
1295 5599 1574 5670 deinceps.
1617 5599 1886 5666 Quocirca
1918 5619 2027 5661 non
2062 5605 2360 5659 deveniunt
2394 5606 2447 5658 in
2483 5605 2781 5659 amicitiam
2817 5605 3031 5663 Domini
3065 5606 3331 5660 dicentis:
3357 5602 3560 5659 Servus

304 5693 414 5732 non
452 5684 601 5737 novit
628 5685 762 5754 quid
803 5685 968 5742 faciat
998 5686 1165 5742 lierns
1194 5687 1402 5757 ipsius,
1439 5704 1535 5747 vos
1568 5699 1749 5744 autem
1781 5692 1990 5745 amicos
2028 5691 2215 5744 vocavi
2242 5709 2254 5759 ;
2295 5692 2474 5744 omnia
2506 5707 2625 5765 quae
2650 5708 2678 5744 a
2702 5691 2861 5749 Patre
2890 5708 3011 5747 meo
3044 5693 3227 5746 audivi
3260 5693 3418 5749 vobis
3454 5693 3557 5750 feci

380 5822 419 5854 ¹⁸
460 5822 477 5872 l
512 5820 638 5877 Cor.
670 5839 763 5889 vn,
795 5824 884 5880 ‘25.
967 5824 1009 5857 ¹⁶
1050 5824 1205 5882 Rom.
1244 5843 1331 5893 xv,
1370 5826 1454 5884 16.
1535 5827 1791 5887 "Matth.
1826 5844 1880 5883 χι

1996 5828 2081 5885 Η.
2162 5828 2204 5860 ’⁸
2229 5828 2361 5885 Luc.
2397 5846 2506 5893 χχι,
2543 5830 2628 5885 δι.
2711 5832 2748 5860 ’τ’
2792 5828 2923 5887 an.
2949 5844 3056 5894 XIV,
3098 5828 3275 5883 lli-20.
