4090 6532
277 382 384 443 889

1374 386 1911 448 COMMENTARII
1937 386 2019 447 IN
2060 387 2458 451 NUMEROS.

3441 394 3548 458 890

348 487 429 541 De
468 488 534 541 iis
581 504 786 558 quoque
833 490 1080 559 ipsorum
1130 493 1426 549 vindictam
1459 496 1593 563 cepit
1620 497 1903 552 Dominus.
1946 497 2005 552 lu
2047 499 2277 553 victoria
2312 498 2383 554 ab
2416 497 2602 569 impiis
2639 506 2792 567 parta
2831 514 3027 556 omnes
3064 500 3141 556 dii
3173 500 3422 571 gentium
3454 518 3549 558 ex-
3606 559 3617 575 ι

276 576 607 663 stirpantur,
635 577 793 647 juxta
828 580 1214 649 propheticum
1241 582 1377 637 illud
1406 600 1420 637 :
1447 603 1465 635 ‹
1491 582 1754 640 lnducam
1788 585 2013 640 nomina
2045 585 2343 647 idolorum,
2373 601 2475 643 nec
2502 588 2614 641 ulla
2642 602 2835 642 eorum
2872 587 3116 644 exstabit
3144 590 3411 643 memoria
3440 590 3543 643 κ.»

274 662 451 719 Porro
504 667 874 737 primogenita
930 684 1220 740 pecorum,
1251 687 1374 740 qua:
1420 674 1647 727 deorum
1700 674 1822 728 ineo
1868 672 2147 728 habebant
2195 673 2439 745 Egyptii
2496 689 2623 729 cum
2664 675 2792 729 aliis
2841 677 3227 749 primogenitis
3274 676 3544 745 perdidit,
3628 662 3641 689 ⁵

278 752 479 809 tutum
526 753 806 810 idolorum
846 758 1149 814 excisionis
1190 771 1539 829 argumento.
1581 760 1813 831 Insuper
1846 776 1977 817 vero
2005 762 2275 830 iubentur
2305 776 2502 817 omnes
2537 763 2906 830 Chananaios,
2942 778 3012 819 ne
3071 762 3278 821 futuris
3344 764 3544 821 incolis

272 838 681 910 impedimento
706 843 845 907 sint,
871 860 1009 901 neve
1033 846 1162 901 ulla:
1184 848 1495 917 impietatis
1521 849 1773 920 reliquiae
1802 858 2153 915 remaneant,
2183 850 2504 905 sustollere.

343 936 521 1008 Τοῦτο
564 949 635 1026 ἦν
685 955 749 1010 τό
769 973 785 987 θ
847 975 868 1008 ι
896 957 972 1013 Οὐ
1009 960 1338 1031 παροικήσει
1365 977 1450 1015 σοι
1479 959 1848 1033 πονηρευόμε-

2032 959 2191 1025 Quod
2225 959 2455 1030 perinde
2492 969 2578 1015 est
2608 975 2673 1015 ac
2704 962 2749 1015 si
2782 962 2931 1016 dicat
2959 978 2974 1015 :
3008 980 3027 1013 ι
3056 960 3173 1015 Non
3203 959 3551 1018 cohabitahit

270 1058 384 1106 νος.
427 1062 449 1097 ι

1959 1050 2063 1105 tibi
2096 1064 2333 1120 pravus;
2377 1065 2481 1105 nec
2525 1053 2930 1122 permanebunt
2962 1051 3151 1123 iniqua
3191 1062 3318 1108 ante
3349 1053 3547 1107 oculos

1966 1148 2092 1196 tuos
2117 1142 2183 1195 ’⁸.
2220 1160 2240 1194 ι

341 1246 421 1303 Ac
454 1265 552 1306 eos
582 1251 801 1322 quidem
833 1260 925 1327 qui
956 1274 1052 1329 per
1078 1258 1380 1317 Iordanem
1418 1256 1895 1330 pertransierunt,
1929 1255 2100 1321 idola,
2134 1266 2187 1310 et
2220 1269 2349 1308 aras
2373 1264 2620 1311 evertere
2651 1254 2936 1325 dignatur,
2961 1255 3111 1325 quod
3145 1270 3348 1309 munus
3382 1253 3544 1309 hodie

266 1350 495 1407 quoque
531 1355 628 1396 eos
659 1343 753 1413 qui
783 1347 1021 1415 gratiam
1070 1364 1165 1417 per
1204 1349 1540 1419 baptismum
1595 1346 1883 1403 consecuti
1921 1351 2072 1408 sunt,
2106 1352 2309 1397 manet.
2354 1341 2521 1398 Juxta
2579 1342 2792 1397 dictum
2834 1344 2970 1397 illud
3008 1362 3022 1397 :
3067 1363 3085 1393 ‹
3127 1341 3247 1396 Non
3284 1343 3543 1398 adorabis

266 1424 410 1480 deos
439 1443 657 1496 eorum,
684 1447 866 1503 neque
905 1437 1054 1492 coles
1082 1452 1200 1493 eos.
1240 1435 1362 1491 Non
1390 1434 1562 1492 facies
1590 1434 1901 1493 secundum
1928 1447 2095 1498 Opera
2139 1432 2415 1498 ipsorum,
2446 1431 2543 1486 sed
2591 1430 2894 1486 evertendo
2925 1439 3166 1492 evertes,
3209 1438 3266 1483 et
3305 1428 3542 1483 commi-

268 1514 493 1569 nueudo
526 1521 871 1577 comminues
899 1532 1114 1582 statuas
1146 1528 1421 1596 ipsorum.
1458 1527 1505 1557 “
1536 1543 1557 1576 ι

354 1631 516 1702 Ὑμῖν
549 1639 660 1703 γὰρ
703 1636 898 1694 ἔδωκα
951 1641 1067 1707 τὴν
1116 1640 1237 1710 γῆν
1275 1640 1477 1696 αὐτῶν
1510 1641 1584 1694 ἐν
1620 1638 1848 1706 κλήρῳ.

264 1723 408 1790 Φησὶ
442 1725 551 1794 γὰρ
594 1726 672 1795 τῷ
714 1729 984 1800 Ἀδραάμο
1029 1750 1047 1781 ι
1075 1731 1170 1784 Σοὶ
1220 1731 1381 1784 δώσω
1402 1730 1596 1800 αὐτὴν,
1631 1729 1727 1781 καὶ
1772 1728 1851 1798 τῷ

266 1813 559 1882 σπέρματι
591 1832 710 1870 σου.
745 1834 765 1867 i
823 1816 1013 1881 οὕτως
1062 1819 1162 1872 οὐκ
1202 1818 1425 1885 ἀνάξιον
1468 1818 1606 1872 Θεοῦ
1639 1817 1852 1887 γίνεται

262 1900 356 1954 διὰ
379 1904 473 1956 τὸν
502 1906 847 1979 προπάτορα,
881 1909 977 1962 καὶ
1005 1910 1121 1973 τοῖς
1155 1910 1255 1962 οὐκ
1290 1910 1520 1978 ἀγαθοῖς
1568 1926 1851 1979 προεγνω-

265 1994 490 2062 σμένοις
529 1998 954 2072 ἀπονεῖμαι-τὴν
986 2002 1114 2071 γῆν,
1143 2004 1224 2066 εἰς
1258 2004 1463 2075 ἐναργῆ
1491 2002 1854 2072 προτῦπωσιν

261 2086 364 2154 τῆς
396 2087 508 2142 ὑπὸ
538 2089 644 2142 τῶν
670 2090 845 2158 ἁγίων
877 2092 1184 2165 μελλούσης
1213 2093 1587 2147 κατοικεῖσθαι
1612 2093 1736 2162 γῆς.

2027 1635 2190 1708 432
2216 1635 2376 1691 Vobis
2395 1636 2535 1690 enim
2551 1645 2693 1689 sorte
2715 1644 2910 1688 terram
2936 1633 3162 1687 attribui
3185 1629 3544 1701 ²τ.1ΧΧΧΙΙΙ,

1958 1729 2106 1800 54.]:
2132 1728 2256 1783 Tibi
2278 1729 2426 1784 enim
2449 1728 2592 1782 dabo
2615 1742 2761 1790 cam,
2789 1726 2855 1779 ad
2871 1726 3246 1780 Abrahamum
3276 1724 3544 1792 inquit,et

1960 1820 2153 1876 semini
2188 1829 2302 1873 tuo.
2338 1839 2357 1871 ι
2390 1817 2579 1888 itaque
2616 1826 2845 1888 propter
2867 1817 3247 1887 patriarcham
3281 1814 3392 1870 Deo
3430 1829 3541 1869 non

1909 1902 1914 1907 ’
1958 1912 2242 1980 indignum
2264 1918 2350 1965 est
2383 1911 2609 1965 minime
2634 1909 2798 1964 bonis
2832 1910 2997 1963 etiam
3024 1915 3152 1963 ante
3180 1908 3315 1961 visis
3338 1916 3539 1962 terrain

1958 2002 2225 2065 tribuere,
2290 2002 2533 2056 evidenti
2586 2000 3065 2055 demonstratione
3107 2000 3346 2062 scilicet,
3394 2001 3539 2070 quod

1954 2093 2132 2147 sancti
2166 2100 2377 2145 terram
2402 2091 2648 2145 futuram
2676 2089 2894 2160 capturi
2924 2089 3059 2145 sint.

340 2198 647 2255 Secundum
681 2203 848 2258 tribus
878 2214 928 2258 et
958 2205 1201 2274 familias
1232 2214 1436 2260 vestras
1463 2205 1845 2273 possessionem
1875 2206 2118 2260 dividite.
2150 2205 2274 2259 Non
2302 2203 2645 2275 promiscue,
2679 2203 2819 2258 adeo
2854 2210 2913 2257 ut
2942 2217 3108 2271 quam
3142 2200 3384 2255 maxime
3433 2200 3541 2254 oh‘

260 2300 521 2346 servetur
547 2292 706 2356 ordo,
746 2308 810 2348 ac
844 2296 1054 2366 quaevis
1096 2296 1273 2351 tribus
1308 2311 1467 2351 suam
1492 2303 1703 2351 certam
1737 2294 2107 2350 nanciscatur
2134 2292 2348 2348 sedem.

345 2428 589 2482 Ἀπειλεῖ
615 2430 826 2496 αὐτοῖς,
857 2434 907 2487 εἰ
937 2434 1012 2504 μὴ
1045 2434 1182 2506 πρὸς
1228 2434 1291 2489 τὸ
1316 2435 1527 2489 δίκαιον
1551 2434 1646 2491 τοῦ
1687 2434 1845 2501 Θεοῦ,

2022 2443 2276 2489 bravtter
2313 2441 2495 2490 autem
2524 2429 2900 2487 comminatur
2941 2430 3076 2493 illis,
3110 2430 3156 2484 si
3207 2429 3540 2486 humanitati

257 2520 403 2574 ἀλλὰ
430 2523 568 2591 πρὸς
599 2524 1017 2597 φιλανθρωπίαν
1035 2528 1188 2591 τινὰς
1220 2526 1614 2581 ἀπολείπωσιν.
1662 2527 1850 2580 ’Δαυν-

260 2613 542 2681 ᾁρμοστον
568 2616 676 2686 γὰρ
702 2615 780 2687 τῷ
818 2617 960 2688 ἁγίῳ
980 2618 1042 2671 τὸ
1073 2619 1149 2689 μὴ
1178 2618 1354 2687 ἅγιον.
1386 2613 1479 2682 Οἷς
1516 2619 1572 2672 δέ
1602 2636 1689 2681 τις
1715 2618 1847 2689 ἀρέ-

261 2722 457 2758 σκεται
494 2706 647 2778 παρά
680 2707 911 2778 γνώμην
941 2709 1099 2777 Θεοῦ,
1144 2710 1356 2774 τούτοις
1393 2709 1690 2765 ἐκδίδοται.
1728 2712 1848 2765 Κα-

259 2796 447 2868 θάπερ
474 2798 717 2852 Ἰουδαῖοι
743 2799 820 2870 τῷ
850 2801 1116 2872 Καίσαρι,
1155 2800 1343 2855 τοῦτον
1372 2802 1618 2873 ἑλόμενοι
1645 2803 1849 2873 μᾶλλον

260 2888 513 2956 βασιλέα,
536 2889 570 2960 ἢ
604 2889 694 2943 τὸν
720 2891 951 2962 Σωτῆρα
978 2893 1235 2965 Χριστόν.
1272 2892 1410 2947 Ὑπὸ
1432 2893 1542 2966 γὰρ
1570 2893 1678 2947 τῶν
1714 2895 1848 2946 Ῥω-

259 2979 443 3059 μαῖων
472 2979 717 3047 ἁλόντες,
758 2970 1064 3038 ἀπώλοντο.

334 3160 698 3232 Προφητικῶς
727 3163 969 3234 Μωῦσῆς
1002 3162 1073 3219 τὰ
1120 3165 1245 3237 ὅρια
1274 3165 1538 3237 προλέγει
1586 3167 1687 3236 τῆς
1719 3169 1845 3237 γῆς.

257 3256 399 3317 οὑδὲ
431 3256 539 3327 γὰρ
581 3253 650 3327 ἦν
681 3257 938 3327 ἐπιμιξία
992 3258 1131 3330 πρὸς
1161 3259 1507 3330 ἀπαγγελίαν
1534 3259 1568 3333 ἢ
1619 3261 1843 3329 γνῶσιν.

254 3348 374 3401 Καὶ
408 3347 683 3418 μέμνηται
710 3348 821 3403 τῶν
853 3349 964 3403 δύω
991 3350 1219 3421 ἡμίσεος
1245 3350 1450 3420 φυλῶν,
1480 3353 1557 3411 ὡς
1583 3352 1660 3423 μὴ
1688 3352 1845 3407 ὕστε-

261 3455 357 3515 ρον
408 3440 774 3493 ἀντιποιοῖντο
818 3441 917 3511 τῆς
956 3442 1090 3496 εῐσω
1122 3443 1249 3513 γῆς.
1304 3445 1363 3496 ὲν
1477 3446 1691 3513 φυτείαι
1725 3445 1845 3501 δέν-

1948 2524 2077 2596 jure
2103 2525 2293 2579 divino
2330 2524 2645 2594 posthabito
2675 2522 2944 2592 quosdam
2998 2530 3239 2577 servent.
3273 2520 3537 2575 Sanctum

1949 2618 2098 2672 enim
2131 2618 2361 2673 minime
2403 2630 2530 2669 cum
2568 2615 2783 2684 polluto
2825 2630 2921 2669 seu
2960 2613 3196 2684 profano
3249 2613 3535 2668 convenit.

1950 2710 2129 2766 Porro
2161 2711 2362 2783 quibus
2401 2710 2605 2779 aliquis
2648 2709 2935 2779 applaudit
2965 2716 3160 2763 contra
3205 2708 3298 2762 Dei
3340 2709 3539 2763 volun-

1952 2815 2144 2871 tatem,
2182 2805 2380 2860 iisdem
2414 2818 2639 2875 quoque
2672 2804 2742 2857 in
2791 2817 2989 2858 manus
3041 2802 3301 2857 traditur.
3335 2801 3540 2867 Quem-

1952 2895 2251 2951 admodum
2290 2894 2613 2966 imperatori
2656 2892 2855 2954 Judaei,
2890 2908 3017 2947 cum
3054 2909 3178 2948 eum
3211 2908 3397 2963 regem
3429 2907 3541 2962 pm

1953 2986 2184 3042 Christo
2226 2985 2526 3042 Servatore
2552 2986 2872 3055 elegissent.
2917 2983 3033 3039 Sub
3083 2984 3347 3040 Romanis
3389 2985 3537 3039 enim

1950 3076 2152 3145 captivi
2187 3077 2496 3144 perierunt.
2974 3120 2997 3127 _

2026 3167 2301 3223 Caeterum
2343 3183 2441 3222 ore
2486 3166 2811 3238 prophetico
2852 3175 3016 3222 terrae
3048 3166 3250 3223 limites
3293 3167 3543 3235 praedicit

1954 3260 2208 3333 Moyses;
2240 3276 2347 3316 non
2367 3260 2515 3316 enim
2546 3260 2614 3316 ad
2647 3258 3189 3325 determinationem,
3214 3275 3309 3313 seu
3345 3262 3540 3330 cogni-

1956 3353 2159 3407 tionem
2195 3358 2322 3421 apta
2370 3358 2489 3406 erat
2530 3351 2843 3422 permistio.
2898 3351 3263 3406 Dimidiarum
3323 3367 3541 3422 quoque

1954 3445 2186 3501 duarum
2226 3444 2468 3499 tribuum
2526 3445 2804 3507 meminit,
2851 3460 2921 3499 ne
2959 3444 3223 3514 deinceps
3276 3444 3537 3501 interiora

254 3530 430 3617 ὅρων,
462 3532 556 3585 καὶ
588 3533 622 3604 ἡ
646 3532 790 3589 κατὰ
818 3534 984 3606 νόμον
1006 3535 1255 3607 λατρεία.

1956 3546 2120 3593 terra:
2172 3538 2223 3593 in
2260 3554 2367 3606 qua
2427 3539 2671 3595 sationes
2708 3538 2998 3606 arborum,
3047 3538 3294 3608 legisque
3338 3539 3541 3594 divina:

1958 3630 2163 3695 cultus,
2188 3631 2559 3686 vindicarent.

333 3743 567 3832 Eleazar
594 3747 844 3800 sacerdos
874 3757 924 3801 et
973 3746 1138 3802 Iosue
1169 3749 1316 3817 ﬁlius
1361 3747 1533 3803 Nave.
1570 3750 1839 3821 [XXX|V,
1875 3755 1988 3829 17.]
2032 3757 2163 3813 liuet
2210 3760 2481 3830 praeponit
2527 3760 2899 3824 sacerdotem,
2934 3774 3003 3815 eo
3048 3758 3196 3831 quod
3253 3761 3319 3815 ad
3364 3761 3542 3831 Deum.

256 3833 491 3887 au-cedat
521 3836 775 3902 propius.

333 3919 403 3973 Et
434 3921 635 4013 dabunt
661 3921 860 4013 Levitis
890 3922 957 3979 de
986 3923 1240 4013 sortibus.
1278 3922 1528 3997 [XXXV,
1557 3925 1639 3999 2.]
1672 3927 1892 3987 Sanctis
1932 3934 2299 3991 subicientem
2329 3936 2743 4006 possessionem
2769 3935 3047 4000 concedit,
3080 3950 3189 3989 non
3221 3936 3537 4013 sortitione,

255 4025 452 4063 verum
486 4009 866 4098 dedicatione,
910 4026 982 4066 ne
1032 4012 1219 4081 inepia
1252 4013 1412 4067 valde
1459 4024 1804 4083 premantur,
1850 4035 1987 4077 neve
2029 4024 2191 4092 copia
2240 4024 2688 4079 emollescerent.
2730 4041 2749 4074 (
2781 4022 3060 4078 Habentes
3110 4024 3284 4089 enim,
3336 4009 3549 4098 inquit:

253 4099 463 4182 victum
491 4106 546 4153 et
577 4097 869 4165 amictum,
903 4099 972 4155 iis
1007 4099 1219 4155 erimus
1247 4101 1494 4156 contenti
1522 4101 1590 4159 ιι.
1622 4121 1641 4155 i
1677 4105 1758 4159 Ad
1796 4105 1889 4163 Dei
1924 4111 2072 4165 enim
2108 4113 2342 4178 cultum,
2362 4127 2469 4167 non
2499 4124 2761 4182 agrorum
2784 4152 2800 4176 ,
2823 4126 2921 4165 eos
2949 4113 3325 4165 consecravit.
3360 4109 3551 4182 Quare

254 4181 466 4242 i’aulu’s
506 4186 689 4256 inquit
716 4185 787 4251 ³⁵,
820 4195 1099 4257 quaistum
1137 4203 1265 4247 esse
1316 4204 1579 4260 magnum
1629 4193 1891 4262 pietatem
1926 4213 2054 4254 cum
2095 4201 2415 4272 frugalitate
2457 4181 2842 4271 conjunctam.
2889 4197 3167 4268 Dispergit
3216 4181 3401 4253 autem
3443 4214 3549 4260 eos

253 4289 355 4346 per
388 4274 591 4340 tribus,
630 4282 693 4331 ut
728 4276 1049 4331 sanctitatis
1093 4291 1210 4335 suae
1260 4279 1596 4336 excellentia
1624 4295 1823 4341 omnes
1868 4292 2098 4340 sanctos
2154 4285 2418 4341 reddant.
2480 4283 2558 4339 ita
2596 4298 2821 4354 quoque
2871 4280 3137 4340 Servatur
3192 4281 3247 4337 in
3294 4282 3543 4351 gentium,

254 4363 502 4419 medium
543 4365 762 4434 ablegat
808 4367 1112 4437 apostolos,
1151 4382 1263 4422 non
1301 4378 1571 4441 tanquam
1597 4378 1762 4429 terra:
1790 4372 2047 4431 dominos
2078 4390 2092 4427 :
2129 4388 2256 4429 nam
2290 4388 2392 4430 nec
2427 4372 2533 4442 ipsi
2570 4372 2794 4442 quidem
2820 4371 2989 4425 ullam
3023 4377 3185 4425 terrae
3229 4373 3543 4439 portionem

253 4452 507 4511 dominio
536 4462 902 4524 acceperant:
938 4470 1129 4512 verum
1161 4456 1238 4513 illi
1272 4458 1498 4528 quidem
1533 4467 1741 4516 terram
1773 4470 1829 4517 et
1856 4461 2025 4517 urbes
2063 4461 2346 4531 principio
2375 4460 2687 4532 accipiunt,
2727 4460 2780 4514 hi
2814 4474 2948 4517 vero
2983 4457 3223 4521 animas,
3258 4465 3529 4528 quantum

251 4539 517 4597 videlicet
570 4541 638 4597 ad
668 4543 849 4599 victus
885 4545 1279 4600 necessitatem
1336 4547 1675 4616 pertinebat,
1705 4563 1738 4603 a
1800 4549 1919 4603 suis
1970 4549 2327 4606 auditoribus
2376 4549 2746 4619 accipientes,
2801 4562 2868 4601 ac
2927 4544 3205 4611 imprimis
3254 4559 3382 4600 cum
3443 4544 3543 4605 liis.

251 4629 471 4695 emissi,
508 4630 604 4700 qui
641 4631 872 4701 proinde
900 4632 1064 4688 etiam
1102 4634 1417 4691 sanctiores
1456 4644 1640 4691 erant.
1674 4635 2050 4692 Externorum
2085 4638 2237 4695 enim
2266 4636 2498 4692 exilitas
2546 4637 2601 4690 in
2633 4633 3037 4707 spiritualibus
3070 4631 3393 4689 sublimitas
3428 4642 3547 4697 est.

251 4714 391 4771 Nam
427 4718 525 4789 qui
564 4720 749 4779 sedem
784 4720 1064 4789 propriam
1099 4736 1212 4777 non
1261 4721 1601 4785 habuerunt,
1625 4731 1795 4777 totam
1831 4731 2038 4779 terram
2071 4724 2197 4793 ejus
2245 4725 2368 4781 loco
2417 4723 2644 4780 habent.
2700 4720 2993 4778 Maudatur
3034 4733 3170 4773 vero
3211 4727 3272 4773 ut
3325 4717 3549 4781 Levitis,

250 4805 424 4862 urbes
464 4807 747 4877 asylorum
779 4808 1185 4867 concedantur.
1221 4807 1299 4863 Eo
1329 4809 1479 4880 quod
1519 4826 1700 4881 genus
1742 4811 1847 4866 hoc
1876 4811 2168 4867 hominum
2218 4811 2480 4885 plurimis
2515 4807 2805 4863 laboribus
2838 4822 2904 4863 ac
2949 4806 3221 4877 periculis
3262 4805 3335 4861 sit
3364 4820 3549 4875 expo-.

250 4897 454 4955 situm,
475 4896 892 4967 plurimumque
915 4905 970 4954 et
999 4913 1063 4952 re
1088 4906 1144 4953 et
1171 4899 1359 4956 verbis
1391 4901 1603 4956 auxilio
1631 4900 1899 4970 indigeat.
1924 4898 2068 4954 Deus
2096 4900 2269 4970 igitur
2295 4914 2430 4953 cura
2464 4914 2565 4954 sua
2595 4911 2888 4953 sacrorum
2916 4905 2973 4950 et
3004 4895 3163 4950 verbi
3186 4894 3551 4961 antistitibus,

251 4983 499 5047 assistit,
535 5000 718 5056 neque
752 4992 960 5041 temere
992 4994 1246 5043 extorres
1286 4986 1443 5042 facit.
1476 4986 1592 5045 iloc
1618 5004 1750 5047 vero
1785 4988 1941 5044 velut
1979 4987 2234 5061 exemplo
2272 4986 2548 5041 Ecclesiis
2603 4983 2973 5054 significatur,
3006 4990 3067 5036 ut
3102 4997 3295 5036 curam
3324 4983 3543 5038 vincto-,

249 5086 379 5125 rum
405 5064 591 5142 agant.
623 5071 984 5129 «Mementote
1008 5075 1152 5129 enim
1189 5075 1745 5149 vinctorum,inquit,
1763 5085 2029 5148 tanquam
2062 5075 2229 5131 simul
2262 5074 2467 5140 :vincti,
2493 5082 2548 5129 et
2572 5073 2943 5129 laborantium
2975 5082 3239 5143 tanquam
3274 5079 3328 5126 et
3357 5071 3461 5145 ipsi
3484 5071 3541 5125 in

248 5174 491 5230 corpore
514 5171 801 5219 morantes
822 5160 923 5219 ³⁸.»
958 5162 1204 5235 Abiectis
1233 5164 1407 5241 enim,
1441 5165 1544 5222 hoc
1573 5172 1660 5221 est
1689 5164 1995 5241 refugium,
2016 5173 2071 5220 et
2104 5164 2175 5219 ad
2206 5164 2376 5217 Deum
2410 5161 2725 5217 revertendi
2762 5160 2969 5233 Spes,’F
2996 5160 3092 5215 Dei
3129 5160 3217 5214 hic
3249 5158 3547 5229 religionis.

250 5252 558 5313 antistites.
592 5251 800 5310 Trinas
834 5262 1021 5313 autem
1057 5256 1315 5312 secernit
1344 5256 1613 5327 utrinque
1642 5255 1903 5311 .lordanis
1933 5253 2105 5314 urbes
2142 5267 2334 5308 eorum
2377 5250 2620 5324 refugio,
2655 5249 2750 5323 qui
2790 5250 2999 5305 caedem
3040 5249 3232 5302 animo
3258 5261 3369 5301 non
3402 5261 3541 5301 con-

251 5347 473 5408 ceptam
510 5350 869 5411 pepererunt,
905 5358 1140 5399 numero
1173 5359 1282 5407 non
1316 5344 1475 5414 longe
1512 5357 1542 5397 a
1569 5341 1863 5407 Trinitatis
1899 5342 2191 5406 dissidenti
2243 5341 2562 5397 observato.
2595 5337 2773 5393 Porro
2806 5353 2940 5394 vero
2975 5335 3351 5406 quadraginta
3400 5335 3545 5403 alias

189 5417 213 5470 ’ἴ
253 5428 423 5483 urbes
452 5430 645 5498 selegit
674 5429 883 5489 Levitis
914 5447 980 5487 ex
1010 5432 1269 5489 omnibus
1300 5430 1585 5494 tribubus,
1616 5432 1808 5501 plures
1832 5446 1963 5487 vero
1985 5445 2054 5485 ex
2090 5431 2172 5486 eis
2207 5445 2331 5501 qua
2356 5429 2624 5500 majorem
2659 5441 2884 5497 quoque
2923 5433 3137 5495 partem
3178 5432 3537 5492 acceperant,

253 5515 551 5584 pauciores
581 5516 650 5570 ab
674 5517 744 5572 iis
776 5533 899 5588 qua
929 5519 1197 5583 minorem
1233 5524 1393 5573 erant
1433 5519 1663 5583 sortitae,
1684 5517 1934 5590 adeoque
1970 5527 2224 5576 exactam
2262 5520 2316 5573 in
2336 5514 2758 5573 definitionibus
2779 5512 3088 5582 aequitatem
3125 5517 3331 5566 servat.
3367 5508 3541 5566 Caete.

255 5617 381 5669 rum
400 5605 551 5673 asyla
566 5620 633 5661 ex
649 5620 809 5678 aequo
839 5606 1111 5678 indigenae
1133 5616 1185 5664 et
1214 5607 1437 5664 advenae
1456 5606 1744 5680 patefacit,
1760 5608 1873 5679 jam
1905 5616 2019 5663 tum
2050 5623 2279 5681 parvam
2302 5604 2765 5678 signiﬁcationem
2788 5598 3129 5672 aequalitatis
3159 5614 3325 5671 quam
3347 5605 3546 5670 genth

2182 5782 2225 5814 "
2252 5780 2386 5836 Gen.
2420 5795 2517 5847 χιι,
2549 5778 2600 5833 7.
2680 5778 2769 5834 "'1
2802 5776 2946 5845 Tim.
2975 5792 3025 5833 Vl
3069 5775 3124 5835 8.
3236 5778 3279 5808 ’δ
3309 5772 3444 5843 ibid.
3481 5772 3544 5843 ti.

325 5780 374 5812 "
402 5778 634 5834 Zachar.
677 5797 801 5847 xm,
833 5784 889 5839 ‘2.

1004 5787 1045 5818 "
1078 5784 1224 5841 Psal.
1262 5786 1314 5850 5,
1342 5787 1394 5840 6.

255 5850 299 5893 ⁸³
342 5849 511 5924 Hebr.
536 5868 652 5923 xm,
677 5852 729 5919 ὃ.

1508 5787 1553 5818 ’⁸
1585 5784 1755 5854 Exod.
1792 5797 1949 5851 xxttt,
1980 5782 2073 5851 24,
