4090 6546
542 380 644 444 891
1878 381 2167 440 PROCOP

2267 378 2512 439 GAZ/EI
3714 374 3809 437 892

547 503 674 541 cum
701 485 908 542 Israele
939 485 1189 540 habituri
1216 486 1345 549 sint,
1382 486 1662 555 pratbens.
1704 488 1873 559 Atqui
1905 489 2245 557 refugiorum
2287 487 2593 541 multitudo
2651 486 2800 541 hunc
2848 486 3008 539 finem
3044 482 3391 553 propositum
3442 480 3636 545 habet,
3674 484 3810 537 utin

552 572 895 643 longitudine
925 571 1139 624 viarum
1173 571 1503 635 homicidas,
1542 589 1614 628 ne
1643 576 1700 628 in
1746 583 2107 646 cognatorum
2151 589 2347 629 manus
2380 574 2650 638 incidant,
2684 574 2957 628 sublevet.
2996 572 3155 624 Sicut
3193 571 3347 624 clare
3381 570 3437 622 in
3475 568 3814 625 Deuterono-

551 663 664 715 mio
700 668 902 715 exstat.
954 658 1159 712 Verum
1204 660 1490 716 enimvero
1547 662 1749 717 caedem
1832 671 2197 732 spontaneam
2250 676 2280 714 a
2340 677 2449 715 non
2507 668 2811 730 spontanee
2878 660 3028 712 notis
3075 673 3139 711 ac
3188 658 3365 726 signis
3412 656 3700 718 distinxit,
3750 675 3815 714 ne

552 757 865 817 proiptum
901 746 1079 801 cuivis
1106 755 1252 800 esset
1305 747 1532 804 dicere:
1585 752 1797 805 Invitus
1832 751 1961 815 feci,
2009 765 2122 819 quo
2166 748 2334 803 simul
2386 748 2671 802 hominum
2710 746 3039 801 immodicos
3095 753 3287 807 aestus,
3318 745 3537 813 quibus
3588 743 3814 801 insidias
3856 804 3863 813 ,

551 835 782 888 caedium
820 834 1027 902 lugent,
1049 833 1224 889 sedat.
1248 833 1302 887 Si
1329 837 1474 889 enim
1501 839 1673 892 telum
1697 840 1961 893 emissum
1994 838 2060 892 ad
2085 836 2287 891 caedem
2322 835 2583 889 idoneum
2636 833 2823 899 fuerit,
2848 842 3157 903 spontanea
3190 833 3371 886 caedes
3410 832 3534 885 haec
3565 839 3673 885 est.
3706 832 3814 886 Non

553 922 857 975 absurdum
890 935 1024 974 vero
1053 922 1157 974 erit
1198 922 1242 975 si
1273 931 1529 990 putemus
1561 940 1655 979 eos
1690 941 1912 994 quoque
1952 940 2068 980 sua:
2096 924 2271 994 ipsius
2294 921 2493 975 animae
2523 936 2762 976 czesores
2794 920 3056 989 esse,qui
3087 920 3329 989 peccatis
3367 934 3499 973 sese
3554 919 3815 975 obnoxios

553 1010 792 1074 faciunt,
818 1009 872 1062 in
905 1008 1171 1062 offensam
1212 1008 1309 1064 Dei
1353 1011 1404 1063 vi
1446 1022 1637 1064 contra
1670 1014 1871 1067 mentis
1898 1013 2220 1068 instinctum
2258 1025 2380 1065 sese
2409 1009 2772 1072 adducentes,
2801 1006 2964 1078 433
3013 1008 3176 1077 idque
3204 1018 3420 1061 naturae
3456 1014 3664 1060 nostra:
3694 1022 3815 1075 par-

554 1098 651 1149 tim
682 1097 838 1159 vitio,
865 1111 985 1164 qua:
1011 1104 1251 1150 mentem
1289 1096 1526 1151 hominis
1564 1099 1632 1152 ab
1666 1100 1893 1154 ineunte
1926 1102 2113 1155 statim
2158 1110 2319 1156 :etate
2367 1100 2949 1169 coneupiscentiarum
3000 1098 3219 1169 legibus
3254 1100 3401 1167 regit
3438 1107 3495 1151 et
3529 1098 3812 1167 gubernat.

553 1183 904 1252 Quapropter
958 1182 1163 1237 misera
1201 1184 1443 1238 hominis
1477 1186 1657 1238 anima
1692 1187 1833 1256 fugae
1880 1203 1945 1241 ex
1990 1189 2197 1241 mundo
2226 1196 2283 1243 et
2313 1202 2551 1257 corpore
2600 1202 2819 1256 pinnam
2858 1187 3118 1249 sustinet,
3169 1200 3333 1255 quam
3371 1184 3515 1238 facit
3549 1186 3603 1237 in
3637 1188 3814 1239 urbem

556 1270 779 1339 refugii,
809 1286 912 1325 ceu
946 1285 1069 1324 cum
1110 1270 1270 1339 longa
1299 1279 1546 1341 tempora
1582 1273 1778 1327 mortis
1827 1274 2011 1327 abdita
2053 1275 2376 1336 incoluerit,
2408 1275 2499 1328 vix
2536 1274 2755 1327 tandem
2790 1274 3016 1328 liberata
3042 1273 3253 1327 Christi
3285 1273 3482 1343 magni
3514 1274 3816 1326 sacerdotis

557 1365 753 1410 morte.
774 1356 878 1421 Qui
912 1372 1036 1409 ctnn
1061 1355 1202 1408 infra
1238 1368 1404 1421 esset,
1437 1357 1651 1413 dimisit
1684 1359 1943 1428 inquiens
1971 1380 1983 1414 :
2022 1380 2038 1411 ι
2074 1362 2447 1430 Egredhnini;
2481 1370 2536 1416 et
2560 1362 2741 1430 iisqui
2771 1360 3093 1415 intenebris
3123 1368 3285 1413 erant
3312 1358 3695 1414 :Revelamini
3722 1363 3811 1413 η.»

559 1443 662 1506 Qui
712 1444 893 1512 reipsa
937 1458 1171 1512 magnus
1216 1444 1464 1512 pontifex
1525 1455 1632 1509 est,
1685 1446 1843 1514 juxta
1881 1447 2057 1500 illud:
2098 1467 2115 1497 ι
2144 1448 2264 1518 lpse
2297 1449 2405 1503 erit
2455 1463 2715 1516 magnus,
2754 1455 2810 1502 et
2844 1446 3019 1503 Filius
3072 1447 3328 1517 Supremi
3384 1446 3764 1499 vocabitur".
3795 1468 3812 1499 ι

560 1532 712 1585 Alias
744 1531 886 1585 enim
920 1539 1120 1599 praeter
1148 1532 1416 1584 rationem
1449 1542 1555 1596 est,
1586 1541 1645 1585 ut
1674 1548 1778 1586 non
1804 1532 2116 1587 dimittatur
2144 1549 2276 1590 reus
2299 1536 2404 1589 nisi
2430 1545 2683 1589 mortuus
2713 1535 2785 1589 sit
2808 1535 2901 1589 ille
2929 1550 3098 1604 penes
3116 1550 3275 1604 quem
3299 1541 3558 1604 potestas
3592 1534 3815 1588 interce-

560 1616 723 1670 dendi
755 1624 860 1677 est,
898 1617 1322 1671 convenientius
1360 1618 1505 1670 enim
1544 1626 1650 1683 est,
1676 1629 1735 1672 ut
1774 1620 1921 1673 vivat
1951 1634 2015 1673 ac
2060 1620 2407 1689 deprecetur.
2432 1621 2635 1676 Verum
2670 1623 2789 1692 ipsa
2816 1637 3038 1691 quoque
3056 1622 3287 1676 emissio
3314 1636 3431 1675 non
3461 1621 3693 1690 aequalis
3718 1632 3815 1685 est,

562 1722 688 1759 cum
726 1706 869 1761 alius
907 1705 1138 1771 dudum,
1176 1706 1319 1759 alius
1350 1722 1520 1775 nuper
1552 1707 1775 1775 fugerit,
1801 1710 2262 1777 quemadmodum
2293 1710 2455 1764 inferi
2485 1726 2710 1779 quoque
2740 1711 2884 1764 alios
2908 1711 3127 1779 longius
3167 1710 3307 1765 alios
3343 1708 3583 1763 brevius
3616 1716 3817 1777 tempus

566 1803 887 1847 tenuerunt.
921 1791 1136 1857 Quibus
1187 1794 1449 1847 omnibus
1478 1794 1686 1847 Christi
1722 1796 1983 1850 subvenit
2036 1799 2302 1866 potentia,
2333 1814 2543 1867 eosque
2595 1798 2835 1852 vinculis
2875 1797 3153 1853 liberavit.
3191 1795 3542 1851 lntercessio
3596 1796 3739 1849 enim
3761 1810 3817 1848 ea

562 1880 670 1933 fuit
700 1881 936 1933 maxima
973 1897 1091 1949 qure
1119 1896 1216 1948 pro
1249 1881 1429 1934 salute
1456 1882 1762 1935 extorrium
1794 1881 1937 1936 facta
1970 1893 2081 1946 est,
2104 1883 2327 1954 quando
2361 1884 2623 1938 videlicet
2655 1900 2683 1936 a
2714 1884 2979 1953 paradiso
3010 1883 3268 1939 Christus
3302 1882 3486 1945 venit,
3510 1889 3567 1934 et
3598 1897 3629 1935 a
3662 1890 3821 1935 morte

560 1967 811 2022 exsulem
844 1968 1084 2020 reduxit.
1123 1966 1240 2020 Non
1275 1968 1543 2035 permittit
1574 1982 1706 2021 vero
1752 1984 1982 2022 munera
2014 1972 2300 2039 accipere,
2343 1987 2523 2041 neque
2570 1987 2670 2042 pro
2710 1971 3043 2026 dimissione
3077 1972 3176 2035 rei,
3211 1986 3397 2040 neque
3431 1984 3537 2039 pro
3572 1968 3697 2038 fuga
3731 1968 3822 2021 bo-

565 2055 778 2108 micidae
815 2070 920 2108 non
956 2054 1269 2123 spontanei.
1302 2052 1505 2107 Eadem
1537 2056 1685 2108 enim
1716 2056 1946 2110 intentio
1966 2065 2056 2111 est
2078 2057 2221 2127 ejus,
2246 2060 2392 2129 quod
2425 2060 2575 2112 illum
2610 2067 2867 2128 oporteat
2903 2058 3066 2123 mori,
3100 2066 3156 2111 et
3181 2057 3304 2127 ejus
3334 2056 3493 2125 quod
3542 2056 3690 2108 hunc
3723 2068 3823 2108 non

563 2142 731 2194 liceat
762 2156 993 2194 munera
1021 2151 1248 2210 propter
1287 2140 1552 2210 effugere.

638 2254 1110 2308 Scribiturautem
1142 2256 1194 2308 iu
1220 2254 1499 2308 nonnullis
1535 2256 1965 2325 exemplaribus,
1989 2275 2007 2307 ι
2029 2272 2137 2311 non

2315 2259 2591 2329 Γράφεται
2621 2258 2731 2311 τῶν
2760 2258 3113 2328 ἀντιγράφων
3130 2257 3186 2309 ἐν
3203 2255 3392 2320 ἐνίοις,
3422 2273 3442 2304 ι
3475 2252 3552 2323 μὴ
3572 2252 3778 2321 φυγεῖν.
3800 2270 3817 2301 ι

565 2348 827 2417 effugere,
857 2366 876 2400 ι
903 2355 961 2402 ut
985 2349 1056 2403 sit
1075 2363 1298 2401 sensus:
1324 2362 1430 2401 non
1455 2348 1716 2402 sumenda
1741 2364 1861 2402 esse
1888 2365 2141 2416 munera,

2267 2347 2427 2424 Ἰναῇ
2460 2368 2472 2379 ·
2505 2350 2595 2420 Μὴ
2625 2351 2733 2403 δεῖν
2781 2350 2966 2403 λαὸεῖν
3033 2348 3182 2420 δῶρα
3231 2349 3325 2401 ἐπὶ
3397 2347 3481 2417 τῷ
3546 2362 3824 2417 συγχωρη-

570 2448 628 2491 nt
677 2440 729 2492 in
776 2455 876 2493 sua
936 2449 1079 2493 terra
1130 2438 1404 2503 habitare,
1471 2453 1649 2507 neque
1710 2438 1897 2508 fugere
1949 2453 2146 2494 conce-

569 2531 753 2586 datur.

2253 2442 2411 2512 θῆναι
2439 2442 2537 2511 τὴν
2564 2433 2772 2496 οἰκείαν
2794 2443 3011 2513 οἰκῆσαι
3039 2442 3167 2512 γῆν,
3200 2441 3298 2493 καὶ
3330 2439 3410 2509 μὴ
3446 2439 3663 2506 φυγεῖν.

644 2643 713 2697 Et
766 2662 870 2699 non
926 2645 1296 2699 contaminatis
1337 2654 1536 2699 terram
1584 2645 1744 2701 cwde.
1782 2642 2025 2715 (XXXV,
2050 2642 2169 2717 '55.]
2219 2642 2457 2698 Pollntio
2507 2645 2652 2699 enim
2711 2655 2870 2700 terra:
2904 2643 3175 2714 injustitia
3215 2651 3324 2707 est,
3350 2637 3670 2711 purificatio
3706 2651 3823 2692 vero

576 2732 808 2786 :ustitia.

568 2769 588 2820 J
645 2822 780 2875 Nam
823 2822 967 2891 quod
1002 2822 1206 2875 dicitur
1251 2829 1452 2875 terram
1506 2822 1730 2891 injustis
1772 2823 2016 2878 caedibus
2056 2823 2154 2877 ob-

573 2916 795 2971 noxiam
858 2930 998 2979 esse,
1064 2921 1117 2967 et
1170 2914 1486 2982 expiatione
1527 2930 1649 2982 qua:
1687 2915 1833 2982 justa
1870 2915 2155 2984 punitione

575 3014 812 3067 constet,
834 3003 1101 3073 indigere,
1132 3004 1314 3056 innuit
1346 3011 1549 3057 terram
1576 3018 1684 3057 non
1723 3004 1777 3057 in
1812 3005 1973 3073 culpa
2011 3020 2155 3067 esse,

573 3113 765 3152 verum
820 3097 873 3150 in
930 3095 1251 3165 pollutionis
1310 3103 1476 3149 sorte.
1506 3112 1524 3144 ι
1563 3094 1639 3149 Ne
1673 3078 2154 3165 {inquinetislenim

575 3188 1027 3256 terram,inquit,
1074 3201 1240 3255 super
1284 3200 1389 3254 qua
1430 3185 1686 3238 habitatis
1738 3201 1859 3239 vos.
1900 3205 1918 3237 ι
1950 3185 2151 3240 Verum

577 3294 734 3336 terrae
766 3280 912 3334 unde
939 3279 1062 3334 talis
1098 3279 1274 3333 honor
1308 3293 1371 3332 ac
1399 3274 1749 3332 reverentia?
1783 3297 1801 3329 ι
1837 3277 2014 3347 Super
2045 3292 2153 3347 qua

575 3387 680 3441 ego
715 3373 1012 3426 tentorium
1048 3386 1224 3424 memn
1252 3369 1411 3439 figam
1438 3378 1582 3424 inter
1612 3386 1730 3424 vos.
1769 3390 1788 3422 ι
1824 3370 1979 3423 Nulla
2008 3369 2154 3424 enim

576 3464 791 3518 ratione
843 3477 950 3516 una
1006 3469 1152 3516 terra
1206 3463 1276 3515 ab
1332 3462 1437 3514 alia
1497 3470 1582 3514 est
1643 3462 1941 3529 disjnneta,
1993 3476 2154 3530 quam

577 3556 934 3626 puritatiset
986 3554 1297 3609 sanctitatis
1351 3555 1492 3623 qua‘
1522 3567 1763 3622 praesens
1830 3552 1973 3607 Deus
2012 3552 2161 3606 exci-

576 3651 746 3720 pitur.

534 3734 539 3737 ’
655 3740 723 3794 Et
748 3741 841 3793 tibi
866 3748 914 3793 et
952 3738 1390 3797 Domino,nostro
1422 3738 1674 3807 pru'cepit
1706 3742 1836 3791 dare
1868 3736 2158 3790 Itwredita-

580 3841 683 3883 tem
714 3828 974 3898 Zelpnad.
1012 3826 1116 3899 [2.]
1143 3826 1183 3879 E
1218 3843 1277 3882 re
1336 3827 1598 3897 peculiari
1658 3827 1852 3880 iterum
1884 3828 1966 3881 lex
1997 3842 2160 3896 gene-

584 3921 720 3976 ralis
746 3918 1047 3974 derivatur.
1102 3918 1221 3973 Non
1270 3918 1417 3987 quod
1483 3920 1626 3973 Deus
1656 3918 1788 3987 quid
1822 3916 1967 3971 facto
2019 3922 2165 3970 esset

584 4027 726 4080 opus
772 4011 1008 4067 antehac
1058 4011 1410 4079 ignoraverit,
1475 4026 1665 4066 verum
1715 4010 1843 4079 quia
1904 4010 2167 4078 temporis

586 4104 1053 4173 opportunitatem
1076 4103 1434 4181 exspectavit.
1456 4102 1928 4168 Quemadmodum
1952 4117 2169 4171 quoque

586 4198 642 4253 in
680 4196 980 4264 blasphemi
1016 4197 1256 4267 negotio,
1289 4195 1555 4264 ejusitem
1590 4196 1687 4265 qui
1728 4195 2028 4249 Sabbatum
2056 4208 2168 4249 non

588 4291 1002 4352 observaverat,
1033 4295 1088 4341 et
1117 4287 1170 4341 in
1206 4287 1310 4341 hoc
1337 4287 1459 4355 ipso
1502 4285 1737 4341 filiarum
1768 4284 2025 4356 Zelpaad.
2061 4284 2172 4341 Ve-

590 4396 714 4437 runt
742 4388 856 4434 tum
889 4379 1108 4449 quidem
1151 4386 1331 4433 astute
1360 4386 1650 4431 tacuerunt
1685 4378 1930 4446 ipsarum
1961 4377 2173 4432 contri-

592 4474 769 4536 l=ules,
833 4470 989 4525 veriti
1048 4468 1304 4523 videlicet
1346 4468 1391 4523 si
1424 4468 1853 4537 interrogarent,
1887 4468 2033 4536 quod
2077 4467 2171 4523 Dei

591 4565 885 4634 imperium
918 4560 1184 4634 impedire
1220 4559 1559 4615 viderentur.
1584 4559 1702 4614 Jam
1731 4574 1860 4614 vero
1876 4575 1994 4614 eam
2028 4576 2175 4629 qum-

593 4659 826 4711 stionem
858 4655 1104 4726 proferre
1135 4653 1243 4708 illis
1288 4660 1371 4706 est
1418 4652 1619 4718 visum,
1655 4652 2054 4722 prospicientes
2088 4652 2174 4706 vi-

593 4750 792 4804 delicet
820 4748 1058 4817 longius,
1114 4764 1181 4799 ne
1212 4747 1432 4801 occasio
1496 4760 1560 4799 ac
1595 4744 1747 4798 radix
1788 4744 2178 4814 pullulasceret

594 4840 939 4895 confusionis
960 4839 1231 4906 tribuum,
1259 4839 1302 4891 si
1334 4836 1457 4891 filia:
1482 4836 1564 4890 lue
1595 4835 1973 4890 luereditatem
2005 4846 2179 4889 nactae

597 4948 696 5002 per
728 4932 950 5001 nuptias
984 4930 1391 4984 contribulibns
1415 4944 1522 4982 non
1549 4929 1935 4991 miscerentur,
1961 4927 2180 4997 quando

600 5037 703 5076 nec
754 5020 1134 5075 hmreditatum
1190 5023 1432 5075 reversio
1474 5035 1619 5074 anno
1643 5019 1868 5088 jubilzeo
1914 5032 2177 5072 concessa

600 5115 782 5168 locum
819 5111 1029 5166 habuit.
1050 5112 1391 5180 Quapropter
1409 5112 1580 5180 legem
1619 5111 1794 5165 sancit
1820 5109 1983 5176 Deus,
2010 5126 2181 5178 quan-

602 5203 806 5257 tumvis
830 5201 1032 5256 dudum
1072 5201 1206 5271 legis
1239 5200 1620 5255 necessitatem
1647 5201 1918 5269 cognitam
1955 5198 2179 5252 habuis-

605 5302 708 5345 set.
743 5292 821 5345 lta
845 5290 1100 5345 Christus
1135 5304 1353 5359 quoque
1383 5289 1450 5343 ad
1473 5286 1605 5341 Jairi
1640 5297 1865 5342 vocatus
1910 5288 2076 5340 filiam
2109 5287 2180 5353 ³³,

604 5384 723 5451 ejus
754 5392 985 5437 mortem
1020 5398 1050 5437 e
1085 5398 1188 5452 qua
1221 5396 1341 5437 eam
1381 5380 1597 5435 reduxit
1630 5394 1735 5433 non
1790 5379 2058 5449 praedicit;
2095 5394 2183 5432 res

606 5475 752 5527 enim
788 5472 986 5528 divina:
1013 5472 1207 5527 nonad
1242 5471 1663 5527 ostentationem
1696 5470 1988 5524 humanam
2030 5484 2181 5522 com-

577 5575 811 5637 ’ραι-πιθα
861 5575 1008 5621 sunt.
1055 5566 1248 5619 Servat
1280 5580 1409 5619 vero
1464 5562 1742 5627 decorum,
1788 5578 1933 5617 nunc
1964 5561 2183 5632 quidem

2327 2823 2401 2876 Τὸ
2452 2824 2632 2891 λέγειν
2675 2823 2862 2895 ἔνοχον
2906 2820 3043 2877 εἶναι
3091 2821 3191 2893 τὴν
3219 2824 3322 2891 γῆν
3368 2819 3467 2870 ἐπὶ
3496 2820 3611 2879 τοῖς
3638 2816 3824 2876 ἀδίκοις

2258 2914 2476 2984 αἵμασι,
2502 2918 2595 2969 καὶ
2631 2914 2862 2986 ἱλασμοῦ
2898 2914 3125 2987 χρῄζειν
3162 2912 3249 2966 διὰ
3298 2912 3399 2980 τῆς
3430 2908 3648 2969 δικαίας
3680 2906 3822 2959 κολάο

2260 3021 2419 3067 σεως,
2470 3004 2545 3066 ώς
2600 3004 2958 3075 μιαινομένην
3021 3004 3191 3071 λέγει,
3249 3002 3345 3054 καὶ
3375 3002 3479 3069 οὐχ
3532 2998 3608 3061 ὼς
3642 2995 3823 3050 αἰτίαν.

2265 3115 2283 3147 ι
2322 3097 2396 3149 Οὐ
2432 3098 2673 3165 μιανεῖτε
2693 3095 2823 3168 γὰρ,
2866 3095 3021 3166 φησὶ,
3052 3093 3150 3164 τὴν
3176 3093 3281 3164 γῆν
3307 3094 3395 3161 ἐφ’
3442 3086 3511 3165 ἧς
3540 3089 3823 3143 κατοικεῖτε

2260 3188 2347 3239 ἐπ’
2370 3187 2561 3256 αὐτῆς.
2608 3206 2626 3238 ο
2657 3188 2851 3258 Τίμιος
2879 3188 2936 3241 δέ
2966 3188 2999 3258 ὴ
3034 3188 3105 3257 γῆ
3132 3204 3145 3217 ·
3179 3185 3373 3251 Aturi;
3411 3203 3431 3235 ι
3458 3181 3577 3252 Ἐφ’
3626 3176 3691 3251 ἦς
3729 3176 3825 3243 ἐγὼ

2262 3276 2675 3346 κατασκηνώσω
2703 3278 2760 3329 ἐν
2786 3277 2935 3347 ὑμῖν.
2960 3294 2977 3326 ι
3004 3276 3081 3345 Γῆ
3108 3274 3218 3345 γὰρ
3243 3277 3347 3343 γῆς
3390 3273 3681 3339 ἀδιάφορος
3710 3267 3823 3335 περὶ

2263 3367 2634 3438 καθαρότητα⁹
2655 3367 2788 3421 Θεοῦ
2810 3367 2867 3420 δὲ
2886 3366 3189 3438 παρουσίαν
3210 3362 3612 3434 ὑποδεξαμένη,
3630 3356 3826 3427 καθαρὰ

2265 3458 2360 3512 καὶ
2387 3458 2540 3528 ἁγία.

2338 3725 2447 3780 Καὶ
2493 3722 2573 3790 τῷ
2614 3724 2810 3790 Κυρίῳ
2861 3723 3159 3788 συνέταξε
3209 3722 3420 3789 Κύριος
3482 3718 3685 3773 δοῦναι
3725 3716 3824 3782 τὴν

2267 3818 2672 3886 κληρονομίαν
2696 3815 2985 3871 Σαλπαὰό
3038 3814 3146 3868 τοῦ
3194 3811 3468 3881 ἀδελφοῦ
3526 3808 3688 3878 ἡμῶν
3712 3809 3824 3872 ταῖς

2268 3908 2634 3979 θυγατράσιν
2665 3908 2873 3964 αὐτοῦ.
2900 3908 3128 3977 Ἕτερος
3157 3908 3223 3959 ὲκ
3249 3902 3485 3973 μερικοῦ
3524 3901 3822 3972 πράγματος

2266 4001 2555 4064 καθολικδς
2583 4000 2880 4071 ἐκφέρεται
2914 3999 3099 4070 νόμος,
3135 3997 3236 4065 οὐχ
3264 3995 3339 4057 ὡς
3368 3991 3510 4046 Θεοῦ
3534 3992 3632 4060 τὴν
3656 3988 3822 4060 χρείαν

2270 4094 2767 4166 προαγνοήσαντος,
2829 4092 2928 4162 τὴν
2972 4091 3066 4143 ἐπὶ
3111 4088 3306 4159 καιροῦ
3339 4087 3397 4140 δὲ
3435 4085 3821 4156 περιμείναντος

2270 4185 2440 4248 θέσιν,
2474 4184 2547 4247 ὡς
2573 4183 2665 4235 ἐπὶ
2695 4183 2787 4236 τοῦ
2813 4182 3159 4253 βλασφήμου,
3190 4184 3286 4237 καὶ
3327 4182 3425 4236 τοῦ
3484 4184 3545 4235 τὸ
3574 4177 3821 4231 Σαϐϐατον

2276 4272 2350 4343 μὴ
2377 4273 2737 4344 τηρήσαντος,
2774 4272 2868 4325 καί⁸
2916 4272 3026 4326 τῶν
3077 4272 3173 4326 τοῦ
3216 4274 3479 4328 Σαλπαὰδ
3512 4269 3814 4341 θυγατέρων.

2284 4367 2445 4421 Ἀλλὰ
2467 4366 2590 4420 τότε
2619 4367 2717 4437 μὲν
2748 4365 3060 4440 ἐσιώπησαν
3110 4368 3354 4432 εὐλαϐῶς
3402 4371 3455 4423 οἰ
3489 4368 3684 4421 τούτων
3709 4361 3819 4431 ὁμό-

2275 4461 2451 4530 φυλοι,
2480 4460 2757 4524 δείσαντες
2783 4461 2880 4532 τὴν
2909 4460 3200 4531 ἐρώτησιν,
3239 4464 3314 4533 μὴ
3346 4463 3441 4515 καὶ
3480 4458 3600 4530 δόξῃ
3622 4455 3819 4523 κώλυμα

2274 4552 2367 4605 τοῦ
2425 4552 2834 4621 ἐπιτάγματος·
2892 4553 2990 4607 νῦν
3015 4554 3072 4607 δὲ
3107 4553 3310 4624 ταύτην
3348 4555 3673 4627 προσάγουσι
3708 4564 3820 4618 προ·

2276 4639 2395 4711 νοίᾳ
2426 4639 2518 4692 τοῦ
2554 4640 2862 4708 μέλλοντος,
2888 4642 2963 4711 μὴ
2981 4642 3073 4695 καὶ
3096 4643 3372 4713 πρόφασις
3391 4644 3615 4714 γένηται
3648 4632 3818 4705 συγχύ·

2281 4749 2418 4795 σεως
2450 4731 2560 4784 τῶν
2599 4731 2805 4800 φυλῶν,
2848 4734 2896 4784 εἰ
2939 4731 3242 4806 θυγατέρες
3296 4730 3718 4805 κληρονομοῦσαι
3757 4724 3817 4795 μὴ

2277 4826 2542 4893 γαμοῖντο
2564 4827 2675 4887 τοῖς
2696 4825 2989 4895 ὁμοφύλοις
3019 4843 3033 4857 ο
3069 4828 3157 4881 ὅτε
3202 4828 3335 4899 μηδὲ
3382 4827 3563 4898 χώραν
3611 4818 3739 4892 εἶχεν
3786 4819 3812 4886 ἡ

2280 4918 2343 4968 ὲκ
2368 4914 2462 4968 τοῦ
2509 4915 2821 4985 ’ἰώϐηλαίου
2855 4917 2965 4970 τῶν
3013 4919 3233 4989 κλήρων
3270 4918 3603 4991 ἀναστροφή.
3644 4913 3723 4966 Διὸ
3746 4926 3817 4961 νου

2286 5005 2506 5076 μοθετεῖ
2536 5006 2689 5074 Θεὸς,
2726 5010 2905 5061 καίτοι
2936 5011 3205 5079 προγνοὺς
3250 5011 3418 5064 πάλαι
3440 5008 3534 5063 τοῦ
3572 5006 3718 5076 νόμου
3737 5000 3816 5068 τὴν

2210 5141 2251 5197 C
2284 5101 2493 5171 χρείαν.
2521 5097 2677 5153 Οὕτω
2740 5102 2999 5171 Χριστὸς,
3034 5101 3172 5171 πρὸς
3210 5101 3308 5172 τὴν
3366 5100 3590 5170 Ἰαείρου
3630 5091 3817 5163 κληθεὶς

2288 5190 2585 5261 θυγατέρα,
2620 5192 2680 5243 οῦ
2711 5190 2965 5262 προλέγει
2988 5192 3193 5264 ταύτης
3214 5192 3306 5247 τδν
3337 5192 3584 5249 θάνατον.
3602 5188 3653 5240 ὃν
3682 5197 3816 5251 γεγο-

2288 5282 2418 5336 νότα
2484 5283 2672 5335 ἰάσατο
2701 5299 2714 5313 ⁸
2773 5284 2849 5350 οὐ,
2890 5285 2999 5356 γὰρ
3056 5287 3136 5349 εἰς
3180 5284 3443 5349 ἐπίδειξιν
3467 5277 3734 5352 ἀνθρώπου
3760 5269 3814 5324 τὰ

2291 5374 2442 5445 παρὰ
2472 5373 2608 5426 Θεοῦ
2634 5390 2648 5403 υ
2686 5374 2945 5443 φυλάττει
2983 5374 3039 5426 δὲ
3066 5374 3128 5427 τὸ
3171 5376 3369 5429 οἰκεῖον
3398 5376 3464 5445 τῇ
3490 5369 3708 5436 ἀξιώσει,
3736 5360 3813 5413 νῦν

2294 5466 2393 5535 μὲν
2430 5464 2524 5519 ἰὼν
2552 5464 2948 5534 φιλανθρώπως
2972 5464 3045 5530 ὡς
3065 5464 3493 5536 ἐπισκεψόμενος
3512 5506 3527 5529 ,
3556 5460 3644 5515 νῦν
3664 5456 3711 5509 δὲ
3738 5454 3813 5505 ἀν’

2295 5558 2458 5613 ιστῶν
2485 5558 2905 5629 τελευτήσασαν.

608 5658 924 5721 bumaniter
970 5657 1035 5711 ad
1086 5673 1204 5713 eam
1266 5656 1469 5722 eundo,
1493 5657 1832 5727 exploratum
1864 5671 1984 5710 eam
2027 5654 2223 5725 quasi,
2269 5670 2414 5709 nunc
2444 5668 2574 5708 vero
2601 5650 2913 5708 defunctam
2952 5648 3265 5706 excitando.
3305 5645 3466 5703 Jubet
3503 5651 3665 5698 autem
3693 5641 3809 5693 nunc

682 5817 723 5850 ³⁸
760 5813 867 5872 lsa.
901 5831 1049 5883 xm,
1073 5818 1125 5873 θ.
1206 5814 1251 5847 ⁸¹
1281 5813 1417 5871 Luc.
1452 5833 1488 5884 ι,
1519 5814 1659 5868 52.”
1683 5813 1793 5869 Luc
1847 5829 1961 5871 vut.
1991 5812 2081 5872 M.
