4090 6518
196 375 301 438 893
1114 371 1652 433 COMMENTARII
1690 370 1771 430 IN
1828 366 2527 430 DEUTERONOMIUM.
3360 358 3465 421 894

197 483 410 554 puellas
448 481 571 539 illas
625 497 1081 554 quorumcunque
1136 486 1305 541 velint
1342 500 1543 541 uxores
1577 498 1728 550 esse;
1756 481 2075 553 coniunctio
2104 482 2253 536 enim
2292 480 2532 534 violenta
2558 519 2573 543 ,
2618 476 2687 531 ad
2713 476 3144 546 disiunctionem
3186 474 3292 527 iter
3325 487 3467 541 prte-

198 572 311 627 bet.
352 571 572 627 Nubere
627 587 762 627 vero
818 573 1231 629 contribulibus
1268 574 1469 644 jubet,
1505 586 1573 627 ne
1615 572 1859 625 tribuum
1893 570 1986 623 fiat
2017 568 2298 635 confusio,
2331 566 2798 638 quemadmodum
2848 579 3014 631 supra
3070 563 3235 619 etiam
3283 559 3470 631 prohi-

198 659 290 714 bet
352 660 593 731 gentiles
642 675 743 715 ceu
782 660 1038 717 etbnicas
1086 661 1320 728 ducere,
1383 660 1589 733 populo
1620 672 1692 714 ne
1737 673 1867 713 cum
1910 657 2096 727 impiis
2129 657 2628 714 commiscerentur
2654 652 3017 723 prospiciens.

216 855 601 871 ﬂ

218 855 2564 890 mw

3141 842 3465 878 am

1411 976 2261 1113 COMMENTARII

910 1426 921 1433 .
969 1244 1132 1371 IN
1226 1232 2615 1368 DEUTERONOMIUM
2638 1323 2669 1353 .

1830 1506 1902 1519 ’.-

280 1580 415 1649 Quae.
441 1597 470 1636 a
500 1580 650 1636 Mose
672 1580 892 1650 quidem
951 1579 1007 1634 in
1070 1581 1173 1635 hoc
1225 1584 1482 1651 praesenti
1509 1584 1654 1640 libro
1686 1594 2036 1656 repetuntur,
2076 1579 2519 1652 praecedentibus
2563 1568 3019 1629 enarrationibus
3074 1562 3479 1619 mandavimus.

208 1668 371 1735 Quod
405 1669 450 1725 si
477 1683 608 1723 vero
636 1667 841 1737 aliquid
877 1668 1211 1737 peculiarem
1266 1652 1781 1740 interpretationem
1815 1674 1955 1728 forte
2002 1671 2272 1740 requirat,
2305 1665 2530 1723 silentio
2560 1677 2589 1715 a
2636 1660 2797 1716 nobis
2838 1673 2946 1711 non
3006 1652 3478 1724 praetermittetur.

209 1758 482 1811 Cancrum
520 1755 782 1825 quoniam
809 1770 839 1808 a
869 1756 988 1825 lege
1029 1756 1118 1809 hic
1152 1756 1289 1810 liber
1317 1736 1518 1813 nomen
1545 1760 1730 1824 habet,
1767 1762 1901 1831 legis
1930 1736 2247 1831 prsefigendi
2276 1764 2405 1811 sunt
2442 1750 2689 1806 termini.
2751 1746 2850 1800 Est
2906 1746 3093 1812 itaque
3149 1741 3233 1793 lex
3300 1736 3483 1791 oratio

208 1859 338 1913 qua
368 1843 499 1913 quid
525 1842 836 1896 faciendum
871 1842 963 1907 sit,
1002 1843 1275 1911 praecipit,
1310 1844 1440 1913 quid
1485 1861 1593 1899 non
1636 1829 1949 1903 faciendum
1999 1848 2071 1901 sit
2126 1853 2295 1899 vetat.
2356 1837 2606 1908 Exempli
2657 1836 2831 1906 gratia
2868 1848 2882 1883 :
2932 1850 2949 1882 ι
2990 1829 3213 1882 Honora
3268 1831 3480 1894 patrem

210 1944 398 1987 tuum.
444 1930 650 2001 Diliges
683 1929 976 1984 Dominum
999 1930 1065 1982 ⁸⁸.
1115 1952 1132 1981 ι
1162 1929 1294 1984 Item
1328 1949 1341 1985 :
1393 1950 1413 1983 ‹
1449 1931 1567 1988 Non
1593 1934 1836 2001 occides,
1892 1951 2002 1990 non
2050 1928 2415 1988 mmcliaberis
2444 1929 2510 1981 ⁸⁸.
2552 1944 2570 1978 ›
2609 1922 2703 1978 Vel
2734 1923 2814 1977 sic
2844 1938 2857 1974 :
2896 1918 2993 1973 Est
3042 1915 3219 1971 oratio
3255 1908 3480 1965 animali

214 2029 417 2075 natura
445 2020 670 2090 politico
738 2017 1062 2088 praecipiens
1097 2017 1182 2071 vel
1218 2027 1435 2075 vetans.
1462 2018 1672 2076 Natura
1705 1998 1854 2076 enim
1881 2023 2139 2092 politicus
2166 2018 2348 2077 oumis
2377 2016 2545 2070 homo
2589 2019 2693 2073 est.
2732 2024 2858 2063 nam
2888 2007 3116 2060 insitum
3151 2008 3236 2055 est
3266 1998 3341 2052 illi
3379 2012 3484 2049 na-

213 2117 340 2163 tura
368 2108 578 2178 legibus
603 2106 918 2176 reipublicae
937 2105 1138 2173 divina:
1167 2122 1385 2175 parere,
1420 2109 1485 2162 de
1513 2124 1619 2176 qua
1645 2109 1852 2164 dictum
1877 2081 1963 2166 est
1992 2128 2005 2163 :
2034 2129 2052 2161 ι
2074 2096 2323 2162 Gloriosa
2349 2103 2415 2158 de
2441 2110 2493 2156 te
2523 2100 2667 2153 dicta
2702 2104 2852 2157 sunt,
2876 2093 3073 2147 civitas
3098 2087 3191 2141 Dei
3216 2085 3315 2139 ".i
3340 2081 3481 2148 Quin

221 2198 396 2251 etiam
422 2196 682 2266 politicus
722 2202 827 2257 est,
855 2194 1001 2265 quod
1034 2200 1157 2249 cum
1190 2195 1529 2250 voluntatem
1595 2213 1752 2252 suam
1789 2206 2001 2252 natura
2045 2189 2513 2263 attemperaverit,
2567 2184 2875 2240 studiosus.
2908 2191 3125 2233 necnon
3176 2180 3371 2244 potens
3398 2168 3480 2222 di-

218 2287 382 2339 eendi
435 2293 541 2340 est.
573 2282 774 2338 Verum
844 2255 1031 2337 nostra
1102 2283 1408 2351 respublica
1438 2284 1493 2338 in
1530 2286 1688 2340 caelis
1747 2286 1983 2339 exsistit.
2024 2280 2121 2336 Vel
2191 2255 2312 2334 sic:
2349 2275 2461 2330 Lex
2509 2280 2595 2328 est
2646 2267 2889 2325 definitio
2952 2261 3161 2334 politici
3193 2259 3262 2313 de
3317 2255 3485 2310 rebus

219 2372 451 2440 agendis
504 2372 591 2426 vel
643 2369 998 2436 omittendis;
1051 2343 1316 2439 politicus
1356 2372 1501 2423 enim
1565 2372 1847 2443 legislator
1881 2365 2404 2439 est,qualis‘Moses
2449 2362 2571 2415 fuit.
2621 2356 2753 2412 Item
2791 2354 3055 2410 Servator
3094 2349 3233 2418 ipse,
3282 2343 3349 2398 de
3376 2355 3487 2412 quo

219 2461 430 2513 dictum
464 2468 548 2514 est
579 2477 593 2512 :
634 2479 652 2510 ι
684 2457 1011 2512 Judicentur
1044 2468 1235 2527 gentes
1267 2473 1454 2513 coram
1488 2468 1541 2513 te
1565 2431 1646 2514 ":
1674 2479 1692 2512 ι
1732 2461 1864 2515 ltem
1890 2476 1946 2514 ει
1976 2431 2286 2515 constitue,
2342 2450 2596 2509 Domine,
2621 2444 2987 2512 legislatorem
3017 2451 3184 2506 super
3209 2435 3358 2503 ipsos
3382 2431 3480 2480 ³⁸.)

219 2548 304 2602 Ad
332 2562 494 2616 quem
528 2546 692 2601 etiam
721 2545 931 2600 dictum
958 2517 1096 2602 est":
1135 2563 1154 2597 ‹
1187 2545 1329 2616 Lege
1347 2554 1437 2599 tua
1458 2562 1543 2601 me
1581 2547 1778 2618 dirige,
1811 2546 2057 2611 Domine,
2086 2559 2183 2615 per
2204 2543 2345 2596 viam
2380 2550 2529 2592 tuam
2560 2537 2625 2586 ³⁸.
2660 2553 2678 2585 ι
2707 2531 2799 2585 Vel
2832 2529 2912 2583 sic
2940 2544 2953 2580 :
2978 2523 3267 2578 Estoratio
3288 2517 3486 2588 praeci-

223 2637 385 2706 piens
415 2634 499 2690 vel
518 2644 706 2689 vetans
734 2634 801 2689 de
825 2634 1085 2689 omnibus
1118 2634 1240 2689 vita)
1266 2608 1599 2699 actionibus,
1620 2608 2019 2705 quie,quando,
2037 2608 2382 2701 et-quomodo
2404 2626 2545 2680 male
2578 2630 2633 2677 et
2678 2634 2803 2675 cum
2823 2616 3023 2670 damno
3045 2611 3196 2666 fiant.
3222 2608 3487 2663 Caeterum
3515 2634 3521 2641 ο

223 2723 529 2779 definitioni
561 2722 688 2777 huic
713 2734 1024 2792 congruunt
1051 2723 1296 2791 exempla
1318 2723 1441 2776 vitae
1461 2694 1875 2793 justorum'q'ua
1908 2738 2014 2779 non
2040 2694 2159 2777 sine
2177 2734 2279 2775 suo
2308 2714 2599 2773 commodo
2628 2706 2883 2766 delectati
2917 2713 3069 2765 sinit,
3101 2700 3317 2768 sibique
3353 2694 3490 2765 ipsis

224 2812 401 2880 legem
432 2811 855 2875 constituerunt,
880 2808 1342 2880 quemadmodum
1375 2787 1583 2864 clarum
1607 2820 1691 2866 est
1718 2787 1943 2866 ex-hoc:
1970 2830 1988 2862 ι
2018 2809 2189 2862 Dicite
2221 2805 2379 2870 mihi,
2416 2818 2515 2857 vos
2542 2801 2635 2870 qui
2662 2799 2834 2868 legem
2856 2789 3179 2863 agnoscitis.
3208 2787 3494 2856 ιθεθηιίιυθ

227 2917 341 2954 non
375 2900 631 2955 auditis.»
655 2873 930 2969 Scriptum
958 2906 1045 2954 est
1068 2901 1213 2954 enim
1245 2898 1389 2969 quod
1411 2900 1687 2954 Abraham
1712 2900 1850 2954 duos
1871 2899 2057 2952 habuit
2077 2897 2238 2960 filios,
2263 2901 2318 2948 et
2342 2890 2576 2959 reliqua.
2594 2886 2819 2954 Insuper
2836 2884 2999 2935 etiam
3021 2878 3148 2932 vitae
3173 2873 3493 2937 delinquen-

227 2989 369 3042 tium
390 2987 689 3053 enarratio,
715 2986 784 3041 de
802 3002 867 3043 eo
890 2986 1037 3057 quod
1059 3002 1185 3041 cum
1212 2958 1354 3042 male
1374 2988 1640 3057 egissent,
1674 2987 1818 3042 male
1844 3002 2064 3058 quoque
2092 2958 2238 3055 passi
2277 2988 2425 3037 sunt.
2457 2958 2650 3044 Qualis
2686 2970 2929 3042 Egyptii
2966 2968 3113 3023 illius
3141 2961 3232 3033 qui
3276 2958 3495 3014 Israeli-

226 3091 340 3132 tam
372 3077 508 3131 diris
540 3077 842 3133 devoturus
870 3085 990 3132 erat
1026 3076 1172 3132 filius
1200 3049 1437 3132 exstitit:
1466 3075 1599 3132 Item
1628 3049 1952 3131 ilsraeliti-cze
1976 3049 2206 3127 feminae
2239 3068 2383 3122 filius
2415 3066 2467 3119 in
2518 3062 2785 3118 Levitico.
2828 3057 2962 3127 Ejus
2988 3055 3115 3107 item
3152 3049 3246 3119 qui
3279 3055 3494 3101 scorta-

229 3171 439 3224 tionem
470 3177 795 3223 excreuerat
825 3182 951 3222 cum
993 3167 1349 3223 Madianitica
1375 3166 1577 3222 femina
1608 3167 1663 3221 in
1697 3162 2037 3221 Numeris“.
2071 3160 2162 3215 Vel
2205 3159 2285 3213 sic
2317 3175 2330 3211 :
2366 3154 2457 3208 Est
2488 3166 2677 3207 norma
2721 3149 2995 3219 justorum
3038 3150 3092 3196 et
3130 3140 3494 3208 injustorum.
3574 3156 3579 3157 ί

229 3257 371 3311 Nam
417 3259 495 3310 uti
530 3256 621 3324 qui
660 3255 966 3311 secundum
1006 3269 1256 3309 normam
1288 3254 1776 3309 architectonicam
1820 3252 2116 3313 fabricant,
2173 3246 2367 3302 scitam
2404 3248 2739 3298 structuram
2794 3233 3058 3294 eflieiunt,
3094 3229 3165 3282 ita
3192 3226 3247 3280 hi
3278 3236 3500 3293 quoque

230 3345 327 3413 qui
356 3344 512 3414 juxta
542 3358 793 3397 normam
818 3342 1410 3413 justorum,juslitiam
1452 3349 1738 3397 exercent.
1757 3339 1854 3395 Vel
1887 3340 1968 3393 sic
2006 3354 2019 3389 :
2054 3334 2309 3389 Mensura
2338 3331 2616 3400 justorum
2652 3334 2706 3379 et
2742 3323 3072 3392 injustorum
3101 3330 3212 3369 non
3249 3320 3356 3365 tam
3399 3309 3500 3361 ho-

231 3435 447 3487 minum
477 3447 644 3502 quam
670 3446 849 3485 rerum
887 3449 900 3484 :
937 3445 1016 3485 ea:
1043 3430 1191 3485 enim
1232 3444 1262 3482 a
1296 3430 1410 3501 lege
1445 3430 1684 3485 definita:
1714 3429 1817 3485 sub
1843 3438 2157 3481 mensuram
2188 3421 2416 3475 eadunt.
2448 3412 2900 3482 Czeterumjuxta
2948 3408 3120 3477 legem
3153 3418 3214 3456 ea
3244 3410 3499 3453 mensura

230 3522 463 3577 obvenit
486 3521 743 3591 singulis,
782 3536 889 3591 qua
921 3520 1021 3590 ipsi
1060 3527 1192 3576 sunt
1223 3520 1421 3585 mensi,
1480 3520 1635 3589 justo
1688 3518 1909 3588 quidem
1965 3524 2263 3572 concussa,
2299 3517 2354 3561 et
2388 3504 2743 3564 exuberans;
2782 3497 2991 3565 injusto
3035 3507 3164 3547 vero
3205 3487 3500 3554 condigna,

234 3610 510 3682 siquidem
535 3575 955 3680 iniquitas-ejus
983 3610 1040 3663 in
1070 3609 1333 3663 verticem
1358 3575 1534 3678 ip'sids
1588 3575 1818 3663 recidet.
1880 3602 1979 3657 Vel
2019 3601 2149 3657 sic:
2187 3596 2283 3652 Est
2318 3598 2498 3650 oratio
2523 3591 2730 3645 docens
2784 3581 3060 3655 quomodo
3104 3575 3500 3647 rempublicam

238 3704 631 3759 administrare
661 3710 935 3772 oporteat,
974 3716 1095 3769 qua:
1120 3700 1369 3756 definitio
1398 3702 1446 3755 ei
1501 3700 1814 3761 conveniet,
1873 3695 1969 3767 qui
2002 3706 2195 3748 omnes
2237 3684 2367 3743 suas
2399 3685 2649 3740 actiones
2690 3680 2756 3733 ad
2796 3673 3191 3744 rempublicam
3223 3667 3501 3772 cmlestrm

238 3752 629 3759 -ς---ητ--ν-ητ
980 3752 1091 3769 νιη-
1319 3752 1361 3756 ν-
1653 3752 1685 3755 ν
1800 3752 1813 3761 ι
1892 3752 1906 3767 .

238 3792 435 3847 refert.
458 3789 556 3845 Vel
588 3790 670 3844 sic
698 3806 712 3844 :
739 3787 835 3842 Est
866 3790 1046 3843 oratio
1074 3803 1199 3858 quae
1226 3788 1283 3842 in
1314 3787 1638 3843 universum
1678 3794 1733 3842 et
1761 3783 2132 3839 communiter
2182 3774 2431 3848 praecipit
2456 3770 2587 3841 quid
2632 3764 2928 3837 agendum,
2963 3768 3018 3815 et
3042 3764 3188 3813 vetat
3223 3752 3366 3823 quod
3396 3766 3504 3804 non

238 3879 542 3951 agendum.
585 3876 677 3932 Vel
707 3878 788 3932 sic
825 3895 838 3931 :
872 3878 970 3931 Est
1002 3841 1285 3932 decretum
1312 3877 1479 3947 regis.
1511 3892 1607 3931 rex
1641 3890 1773 3931 vero
1805 3874 2063 3929 Christus
2080 3841 2200 3934 sit;
2231 3863 2324 3931 qui
2353 3841 2476 3917 suis
2503 3858 2741 3914 decretis
2783 3849 3042 3909 mandata
3090 3846 3225 3915 legis
3254 3841 3509 3896 litteralis

2094 3950 2099 3951 ,
2529 3949 2539 3951 μ
2669 3943 2705 3951 -ι
2755 3950 2759 3951 ,
2804 3942 2814 3951 .
2978 3937 2990 3948 ο
3072 3935 3108 3951 ,ο
3171 3933 3211 3951 ιι
3264 3928 3508 3951 ----..ἷι....,-

239 3928 541 3951 -ο---------
602 3928 783 3932 ,η
1350 3928 1479 3947 ,οη
1658 3928 1699 3931 η
1758 3928 1761 3929 ν
1826 3928 1829 3929 ν

239 3968 377 4031 fecit
407 3964 687 4023 irrita.Vel
709 3965 791 4021 sic
810 3983 825 4021 :
844 3964 938 4019 Est
959 3964 1138 4018 oratio
1159 3964 1533 4019 interdictoria
1565 3964 1807 4019 scientiae
1829 3977 1854 4014 r

1896 3961 2012 4030 giae,
2038 3928 2199 4027 quiam
2218 3928 2500 4013 Christus,
2529 3949 2645 4017 ipsa
2669 3942 2851 3998 Patris
2878 3935 3145 4009 sapientia
3169 3933 3237 3994 “.
3257 3928 3511 4031 omnibus

239 4057 337 4126 qui
370 4055 531 4124 hujus
556 4053 729 4108 ductu
758 4052 824 4105 ad
854 4066 1078 4121 regnum
1111 4050 1374 4105 cmlorum
1402 4066 1498 4105 seu
1538 4049 1634 4105 Dei
1666 4059 1854 4105 conten

1905 4013 2027 4112 unt,
2056 4013 2331 4114 .impertit.
2378 4036 2476 4092 Vel
2520 4013 2601 4091 sic
2636 4049 2649 4085 :
2688 4030 2785 4085 Est
2816 4037 3122 4083 consensus
3152 4019 3392 4074 civitatis
3446 4013 3520 4067 de

241 4143 415 4199 rebus
446 4141 713 4196 faciendis
737 4147 832 4194 aut
856 4153 965 4192 non
994 4137 1284 4200 faciendis.
1304 4138 1377 4193 sit
1414 4153 1545 4193 vero
1568 4138 1763 4192 civitas
1790 4107 2069 4192 consonus
2096 4107 2358 4188 Ecclesiae
2394 4135 2570 4182 castus
2594 4122 2663 4177 de
2689 4119 2855 4176 rebus
2888 4111 3156 4169 faciendis
3189 4117 3284 4161 aut
3307 4107 3512 4159 minus.

241 4231 347 4287 Vel
370 4230 450 4285 sic
474 4228 604 4283 :Est
633 4226 1019 4283 determinatio
1046 4240 1237 4280 eorum
1256 4241 1379 4296 quae
1405 4225 1486 4280 fas
1503 4236 1587 4281 est
1612 4224 1796 4281 facere
1821 4240 1949 4296 erga
1974 4222 2247 4280 homines.
2271 4230 2324 4274 et
2352 4212 2887 4278 Deum,divinasque
2905 4206 3160 4259 virtutes.
3192 4193 3517 4251 Extenditur-

243 4329 429 4375 autem
461 4316 621 4389 435
657 4318 745 4371 lex
766 4330 935 4385 super
966 4292 1327 4385 magistratus
1360 4314 1798 4381 ecclesiasticos,
1837 4292 2161 4376 tribunalia,
2192 4311 2398 4366 bellum
2444 4312 2640 4361 contra
2694 4297 2980 4370 Oppositas
3008 4292 3273 4353 actiones,
3322 4299 3521 4382 pacem

243 4415 521 4472 mutuam,
558 4418 691 4461 sana
739 4403 807 4459 de
838 4401 948 4458 Deo
993 4401 1272 4473 dogmata,
1308 4403 1550 4472 nuptias,
1586 4402 1895 4458 liberorum
1927 4373 2281 4464 eductiones,
2317 4392 2774 4466 praeparationem
2810 4392 3075 4441 extremae
3110 4394 3140 4432 a
3170 4377 3281 4430 vita
3320 4373 3523 4442 migra-.

242 4499 443 4565 tionis,
469 4494 705 4563 denique
730 4493 883 4563 justa
911 4490 1329 4546 defunctorum.
1370 4465 1429 4546 In
1478 4465 1817 4562 unoquoque
1850 4491 1998 4547 enim
2039 4489 2237 4543 borum
2266 4465 2348 4539 vel
2384 4479 2629 4552 legitime
2668 4476 2755 4531 vel
2800 4470 3086 4541 illegitime
3124 4465 3361 4535 quisque
3397 4473 3523 4515 ver-2

244 4594 429 4643 satur.
468 4581 679 4638 Dicitur
703 4594 871 4651 porro
894 4578 1062 4634 etiam
1090 4576 1499 4634 Pentateuchus
1542 4550 1653 4646 lex,
1682 4550 1843 4650 cujus
1873 4577 2125 4635 definitio
2172 4574 2301 4628 talis
2331 4550 2457 4626 est;
2488 4566 2583 4620 Est
2631 4558 3065 4619 commentarius
3099 4552 3168 4606 de
3218 4550 3387 4603 rebus
3433 4561 3520 4599 sa—

245 4674 362 4730 cris
420 4687 487 4726 ac
522 4670 735 4726 sanctis
784 4666 1065 4737 politicus.
1113 4664 1290 4731 Quam
1323 4667 1394 4721 ob
1424 4682 1649 4721 causam
1679 4636 1814 4723 vero
1866 4665 2333 4722 Deuteronomium
2372 4657 2680 4729 appelletur
2705 4692 2719 4715 ,
2756 4652 2873 4719 ipse
2916 4662 3018 4700 nos
3079 4640 3258 4694 Moses
3288 4636 3523 4691 edocuit

245 4775 377 4818 cum
422 4759 643 4830 inquit:
687 4754 871 4813 «Haec
925 4761 1057 4808 sunt
1110 4754 1281 4808 verba
1333 4752 1558 4809 faaderis
1588 4770 1711 4823 qum
1742 4755 2010 4811 Dominus
2035 4752 2298 4825 prmcepit
2331 4727 2469 4802 Mosi
2518 4743 2815 4815 perhibere
2861 4735 2986 4790 filiis
3037 4729 3202 4787 Israel
3248 4727 3303 4779 in
3369 4733 3525 4787 terra

244 4849 432 4912 Moab,
464 4854 665 4916 praeter
693 4841 829 4898 illud
870 4840 1051 4895 fundus
1097 4841 1246 4910 quod
1278 4856 1404 4894 cum
1440 4842 1521 4898 eis
1552 4841 1762 4912 pepigit
1798 4843 1853 4897 in
1884 4845 2092 4899 H‘oreb.
2128 4860 2146 4893 ι

331 4939 692 4996 ἰκανούσθω
719 4935 863 5003 ὑμῖν
901 4933 1203 4988 κατοικεῖν
1235 4933 1307 4986 ἐν
1349 4933 1429 4999 τῷ
1475 4935 1595 5002 ὄρει
1620 4935 1834 5001 τούτῳ.
1867 4942 1913 4998 Α

1909 4987 1913 4997 ,
2011 4934 2157 4991 Satis
2184 4933 2252 4990 sit
2280 4928 2425 4984 vobis
2460 4923 2708 4978 habitare
2731 4920 2782 4972 in
2816 4923 2993 4970 ntonle
3023 4914 3147 4966 ista.
3182 4908 3249 4981 [l,
3274 4904 3357 4978 6.]
3387 4903 3524 4958 Nus-

248 5031 508 5103 Οὐδαμοῦ
545 5000 873 5101 προείρήται
919 5025 1080 5080 τοῦτο
1133 5025 1345 5094 σαφῶς,
1399 5026 1449 5078 εἰ
1500 5000 1575 5095 μὴ
1606 5027 1749 5080 κατὰ
1778 5000 1841 5078 τὸ

1942 5041 2108 5098 quam
2166 5024 2270 5078 hoc
2327 5017 2619 5074 manifeste
2670 5023 2754 5068 est
2792 5008 3139 5081 praedictum,
3200 5001 3306 5056 nisi
3366 5000 3525 5066 juxta

247 5094 661 5195 Σαμάρειτιιέὸν
709 5094 877 5190 μόνον
911 5118 1250 5189 ἀντίγραφον
1285 5118 1344 5170 ὲν
1399 5094 1513 5181 eois
1558 5094 1839 5189 Ἃριθμαῖς

1942 5094 2223 5188 exemplar
2279 5110 2669 5168 Samariticum
2711 5113 2926 5159 tantum
2977 5100 3032 5154 in
3083 5094 3359 5157 Numeris,
3406 5096 3528 5160 post,

254 5183 397 5287 με’ξὰ
422 5183 516 5268 ἰ’.τὸν
541 5215 673 5287 περὶ
701 5183 811 5266 ’ἐῶν
836 5209 949 5265 δύω
976 5183 1297 5278 cuit-1drwa
1331 5210 1492 5279 νόμων
1514 5226 1528 5239 ·
1562 5183 1699 5262 sliat
1719 5183 1840 5272 soi;

1942 5183 2175 5266 duarum
2216 5207 2473 5262 tubarum
2503 5202 2679 5272 legem
2713 5214 2728 5250 :
2759 5203 3014 5250 caeterum
3054 5190 3107 5243 in
3145 5183 3395 5241 Judaicis
3425 5196 3524 5247 po-

264 5273 859 5375 ;louoaixoig,.6uvdjtst
881 5305 1107 5357 νοεῖται.
1149 5273 1241 5357 'Ev
1260 5301 1337 5371 τῷ
1362 5273 1472 5373 γ’ὰρ
1499 5305 1674 5355 εἰπεῖν
1703 5303 1841 5373 μετὰ

1938 5304 2113 5361 tentia
2140 5299 2488 5370 intelligitur.
2523 5295 2637 5349 Hoc
2659 5292 2805 5346 enim
2829 5286 2974 5358 quod
3007 5282 3142 5337 dicit
3177 5284 3299 5347 post
3328 5273 3524 5327 tubas:

263 5400 354 5464 ,ὰς
385 5366 717 5465 σωπιθῆας,
751 5366 780 5446 ι¹
812 5394 923 5448 Καὶ
954 5393 1157 5465 ἐξῆραν
1185 5394 1235 5447 οἱ
1260 5366 1386 5446 υίο).⁷
1415 5366 1651 5465 ’ίσραὴὶη
1686 5366 1714 5447 »-
1740 5394 1838 5463 δη-

1950 5417 1969 5451 σ
2013 5396 2079 5450 Et
2106 5366 2396 5450 moverunt
2424 5389 2515 5443 filii
2542 5386 2711 5442 Israel
2745 5384 2827 5449 Ι’¹;
2860 5399 2879 5433 ι
2915 5379 3240 5448 argumento
3274 5376 3357 5424 est
3379 5366 3527 5438 quod

255 5496 338 5547 Λοί
358 5493 437 5557 ὡς
469 5490 564 5546 τοῦ
604 5488 743 5545 Θεοῦ
778 5486 1126 5551 κωλύσαντος
1172 5488 1267 5547 ἐπὶ
1310 5486 1471 5541 πλέον
1499 5486 1838 5558 ἐνδιατρῖψαι

1624 5486 1838 5558 “Phila!
1949 5490 2092 5547 Deus
2122 5484 2471 5562 prohibuerit
2502 5481 2740 5550 .longius
2770 5490 2838 5531 eo
2869 5473 2976 5529 loci
3012 5466 3239 5525 morari.

173 5642 177 5646 ,
254 5584 334 5656 τῷ
368 5583 541 5653 τόπῳ.

331 5702 378 5736 ³⁸
412 5698 586 5757 Exod.
613 5714 706 5762 xx,
739 5699 841 5766 ης
873 5697 1026 5754 Deut.
1060 5714 1130 5761 vr,
1164 5698 1228 5762 5;
1264 5696 1454 5750 Matth.
1493 5712 1626 5760 XXII,
1659 5696 1710 5751 5.
1786 5696 1832 5766 f5
1868 5695 1940 5750 Ex

1905 5696 2037 5751 xod.
2062 5710 2160 5766 xx,
2197 5694 2284 5756 15,
2312 5692 2414 5757 H;
2451 5690 2611 5766 Deut.
2644 5704 2699 5749 v,
2732 5685 2819 5749 i7,
2860 5682 2966 5766 18A;
3000 5680 3273 5766 Matt-llis},
3310 5680 3398 5747 '21,

261 5778 306 5813 ιε
348 5748 849 5835 Ρεῐῖἶιῖιῖνιζέιῖ
873 5748 901 5753 ’⁷
918 5748 1026 5802 ’ῖῖ
1042 5748 1188 5823 Ρέέιιῖ
1214 5748 1303 5833 3x,
1331 5748 1451 5822 eo."
1493 5748 1749 5822 "svium.
1772 5764 1861 5821 ει.

263 5848 307 5891 ε’
341 5846 500 5905 Num.
533 5858 588 5905 χ,
620 5840 708 5905 12.
1478 5902 1487 5905 4

1918 5748 2013 5799 Ή³⁹
2055 5748 2198 5820 Psal.
2227 5748 2283 5832 v,
2315 5765 2366 5820 9_
2404 5748 2413 5757 ’
2473 5760 2517 5791 ιο
2542 5748 2705 5813 Num,
2754 5748 2881 5821 ω,
2912 5754 2962 5809 6.
3084 5752 3125 5794 ⁸-ί
3160 5750 3333 5822 ιϐοτε
3362 5767 3397 5817 ι,
3428 5748 3522 5815 24.

276 5858 307 5891 ε’
341 5858 500 5913 rium.
533 5858 588 5909 χ,
620 5858 708 5905 1:.
