4090 6508
546 328 658 392 895

1856 341 2211 405 PROCOPII
2249 346 2496 410 GAZzEI

3734 352 3848 416 896

617 438 790 533 Porro
810 436 990 533 Horeb
1024 452 1381 533 repraesentat
1434 446 1643 502 cultum
1678 449 1905 518 legalem
1931 469 1947 519 ;
1972 454 2085 510 illic
2119 455 2265 512 enim
2314 456 2488 529 legem
2538 467 2892 532 acceperunt,
2933 475 2965 516 e
2997 475 3108 532 qua
3156 473 3280 517 sese
3314 476 3538 517 movere
3569 470 3848 533 tauquam

543 542 612 581 ex
639 529 831 581 umbra
867 527 935 581 ad
973 530 1285 597 v'eritatem,
1317 532 1609 602 jnhentur.

620 633 740 689 Non
792 644 973 703 potero
1024 636 1169 693 solus
1230 641 1493 698 sustinere
1539 660 1651 698 vos.
1700 642 1845 715 [I0.'|
1894 645 2019 701 Haec
2074 648 2133 702 in

2310 654 2394 707 οὐ
2429 654 2771 727 δυνήσομαι
2796 660 2986 728 μόνος
3015 659 3223 729 φέρειν
3258 657 3439 728 ὑμᾶς.
3465 658 3662 712 ταῦτα
3692 660 3753 713 ἐν
3775 664 3846 733 τῇ

545 726 734 781 Exodo
795 727 1076 785 adhzerent
1124 731 1412 788 codicibus
1462 733 1836 792 Samariticis.
1894 738 2131 804 Quando

544 818 798 873 videlicet
824 834 985 875 socer
1009 820 1176 877 Mosis
1202 824 1253 878 ei
1283 826 1586 892 consuluit,
1618 834 1679 881 ut
1706 828 1896 897 plures
1922 832 2134 900 princic

545 925 640 979 pes
673 910 988 979 reipublicae
1012 914 1400 971 constitueret.
1440 917 1505 970 Et
1530 918 1584 971 in
1618 934 1835 973 summa
1865 936 1988 991 quae
2009 938 2132 990 per-

546 1001 803 1055 hibentur
831 1003 1057 1071 quidem
1096 1007 1242 1059 dicta
1277 1022 1422 1066 esse.
1460 1023 1569 1063 non
1608 1024 1733 1065 esse
1773 1010 1923 1067 dicta
1954 1015 2134 1069 mani-

547 1091 684 1146 Ieste
704 1093 757 1145 in
782 1094 1131 1150 Samariticis
1150 1099 1567 1167 exemplaribus
1606 1102 1906 1157 invenitur.
1931 1103 2134 1169 Quem-

544 1185 837 1238 admodum
874 1186 1006 1241 illnd
1034 1204 1268 1258 quoque
1314 1192 1464 1260 quod
1503 1193 1598 1247 filii
1630 1193 1798 1252 Israel
1826 1195 1897 1251 ad
1925 1196 2132 1255 Mosam

544 1276 611 1327 de
641 1276 1090 1345 exploratoribus
1134 1281 1414 1347 dixerint,
1466 1299 1590 1339 cum
1638 1295 1819 1341 tamen
1870 1289 1984 1341 veri
2025 1304 2132 1344 non

544 1366 817 1424 dissimile
849 1372 943 1434 sit,
976 1387 1074 1426 eos
1101 1372 1412 1429 dillidentes
1439 1375 1547 1430 Deo
1570 1383 1735 1432 terra:
1764 1380 2132 1449 cognitionem

544 1460 745 1517 habere
787 1464 1057 1521 voluisse.
1107 1467 1464 1537 Quapropter
1513 1485 1647 1525 sane
1677 1487 1801 1524 cum
1839 1472 2009 1527 Deum
2048 1475 2135 1527 in-

545 1561 882 1623 terrogasset
911 1555 1113 1619 Moses.
1157 1573 1268 1612 non
1310 1560 1433 1613 sine
1483 1560 1871 1629 indignatione
1920 1577 1984 1617 ac
2026 1562 2133 1617 Ire-

544 1646 686 1700 mitu
715 1661 781 1701 ex
820 1647 915 1702 illo
944 1649 1143 1705 audit:
1180 1668 1201 1704 ι
1240 1651 1471 1707 Dimitte
1511 1654 1609 1708 tibi
1663 1654 1765 1723 ipsi
1822 1653 1995 1715 viros.
2038 1654 2132 1723 qui

2250 745 2448 817 Ἐξόδῳ
2477 750 2809 820 πρόσκειται
2848 753 2963 815 τοῖς
3003 753 3428 823 Σαμαρειτικοῖς
3451 752 3846 823 ἀντιγράψας,

2235 839 2326 893 ὅτε
2354 842 2448 894 καὶ
2469 844 2498 896 ό
2523 842 2789 915 πενθερὸς
2819 844 2969 915 αὐτῷ
2995 845 3387 899 συνεϐούλευσε
3421 846 3846 917 μερικωτέρους

2233 932 2508 1003 ἄρχοντας
2557 939 2902 1006 καταστῆσαι
2976 938 3085 991 Καὶ
3136 937 3391 998 καθόλου,
3435 938 3503 991 τὰ
3562 938 3844 1007 λεγόμενα

2238 1025 2343 1095 μὲν
2376 1027 2657 1097 εἰρῆσθαι,
2683 1028 2758 1099 μὴ
2790 1030 3061 1100 εἰρημένα
3093 1030 3149 1082 δὲ
3181 1030 3452 1100 φανερῶς,
3478 1031 3537 1082 ἐν
3574 1033 3693 1092 τοῖς
3730 1032 3839 1083 Σα-

2241 1121 2583 1188 μαρειτικοϊς
2640 1121 3004 1191 ἀντιγράφοις
3063 1120 3413 1192 εὑρίσκεται·
3467 1122 3567 1175 καὶ
3610 1122 3673 1174 τὸ
3709 1123 3841 1195 περὶ

2236 1209 2347 1263 τῶν
2373 1209 2508 1266 υἰῶν
2555 1211 2795 1283 Ἰσραὴλ,
2822 1211 2898 1275 ὡς
2928 1211 3113 1267 αὐτῶν
3148 1212 3452 1281 εἰρηκότων
3497 1212 3580 1283 τῷ
3611 1214 3845 1267 Μωῦσεῖ

2237 1300 2370 1371 περὶ
2385 1300 2497 1353 τῶν
2520 1304 2913 1357 κατασκόπων.
2948 1304 3113 1367 Εἰκὸς
3146 1305 3257 1374 γὰρ
3284 1300 3353 1376 ἦν
3382 1305 3863 1369 ἀποστατοῦντας

2237 1388 2437 1451 αὐτοὺς
2467 1389 2545 1459 τῷ
2582 1390 2726 1459 Θεῷ,
2754 1392 2857 1462 τὴν
2896 1393 3002 1462 γῆν
3060 1393 3317 1463 ἐθελῆσαι
3369 1393 3587 1462 μαθεῖν.
3621 1394 3717 1447 Διό
3745 1396 3842 1448 καὶ

2236 1480 2619 1549 ἐρωτήσαντος
2651 1484 2933 1547 Μωῦσέως
2957 1484 3055 1537 τὸν
3085 1484 3241 1550 Θεὸν,
3278 1486 3397 1555 μετ’
3440 1486 3843 1556 ἐμϐριμήσεὼς

2240 1587 2429 1638 φησιν,
2473 1589 2493 1623 ι
2540 1573 2884 1626 Ἀπόστειλον
2918 1575 3133 1646 σεαυτῷ
3156 1575 3377 1646 ἄνδρας,
3420 1579 3519 1630 καὶ
3552 1594 3838 1630 κατασκε-

2242 1660 2539 1727 ψάσθωσαν
2566 1663 2664 1734 τὴν
2695 1665 2819 1735 γῆν,
2854 1684 2872 1716 ι
2919 1665 2995 1729 ὠς
3024 1665 3087 1737 δὴ
3120 1666 3546 1735 ἀπιστούμενος.

544 1740 839 1806 explorent.
874 1749 1078 1797 terram
1108 1743 1193 1810 “,
1245 1764 1263 1797 ι
1306 1755 1575 1817 tanquam
1624 1745 1885 1800 videlicet
1924 1746 2137 1801 diﬂide-

544 1838 650 1885 ret.

619 1945 689 1999 Et
712 1946 935 2015 pertulit
965 1956 1013 2001 te
1036 1947 1320 2003 Dominus.
1349 1947 1489 2020 ['5I.]
1527 1948 1894 2019 Symmachus
1932 1950 2166 2016 portavit
2222 1950 2321 2005 ait.
2357 1950 2412 2003 ld
2446 1965 2578 2005 vero
2613 1950 2831 2020 proprie
2864 1950 3137 2018 signiﬁcat
3176 1964 3377 2017 pueros
3408 1949 3735 2011 iracundos,
3766 1964 3841 2005 ac

544 2034 799 2089 irritatos
837 2049 1081 2095 versare,
1110 2052 1174 2090 ac
1218 2053 1326 2090 una
1370 2038 1755 2099 balbutiendo.
1795 2052 2030 2108 seseque
2064 2039 2177 2093 illis
2214 2039 2552 2094 demittendo
2587 2039 2889 2094 sustinere.
2932 2038 3025 2091 Sic
3070 2038 3217 2090 enim
3264 2034 3409 2092 Deus
3451 2036 3835 2093 inﬁrmitatem

543 2137 736 2175 eorum
766 2122 821 2175 in
852 2136 910 2177 se
936 2123 1212 2193 recipiens
1244 2124 1510 2193 paulatim
1544 2140 1641 2180 eos
1672 2125 1738 2179 ad
1771 2125 1971 2180 altiora
2000 2127 2216 2181 eduxit.

612 2234 680 2289 Et
713 2235 840 2291 mihi
862 2239 1163 2293 succensuit
1195 2238 1452 2294 Dominus
1469 2250 1684 2310 propter
1712 2258 1824 2297 vos.
1850 2241 1988 2314 [ξι-1.]
2017 2241 2132 2313 Ego

2303 2240 2413 2295 Καὶ
2448 2239 2578 2309 ἐμοὶ
2608 2238 2881 2307 ἐθυμώθη
2918 2239 3134 2306 Κύριος
3162 2238 3238 2295 δι’
3285 2238 3464 2308 ὑμᾶς.
3510 2240 3657 2310 Ἐγὼ
3702 2241 3836 2311 γὰρ.

542 2328 689 2383 enim
723 2328 840 2397 ipse
870 2344 978 2385 non
1011 2329 1219 2400 perlide
1247 2333 1358 2399 egi,
1391 2333 1595 2400 inquit,
1624 2342 1824 2389 vestra:
1849 2350 1981 2388 vero
2010 2351 2134 2403 per-

2242 2333 2556 2403 ᾳησ“ιν,οὑκ
2586 2330 2867 2399 ἡπείθησα
2900 2329 2978 2400 τῷ
3028 2330 3169 2401 Θεῷ,
3223 2332 3361 2387 ἀλλά
3406 2334 3507 2403 τὴν
3558 2334 3841 2406 ὑμετέραν

542 2421 685 2479 ﬁdite
707 2437 833 2476 cum
868 2438 1052 2477 essem
1094 2424 1388 2495 impatiens
1423 2425 1618 2480 leviter
1641 2425 1709 2480 de
1746 2428 1904 2480 vobis
1935 2428 2129 2491 statui,

2242 2425 2554 2493 ἀντιλογίαν
2582 2425 2655 2493 μὴ
2690 2424 2877 2493 φέρων
2906 2424 3002 2477 καὶ
3045 2424 3356 2489 ἀπείθειαν,
3391 2426 3680 2499 ὀλιγώρως
3705 2427 3839 2497 περὶ

542 2513 819 2585 verbaque
848 2515 1028 2572 ell‘utii
1061 2533 1182 2586 quae
1223 2517 1397 2573 talem
1435 2519 1767 2577 sententiam
1816 2528 2009 2575 contra
2046 2536 2134 2577 me

2242 2518 2386 2588 ὑμᾶς
2408 2516 2677 2584 διετέθην,
2706 2517 2801 2570 καὶ
2830 2517 3050 2586 ῥήματα
3076 2515 3433 2588 ἐφθεγξάμην
3473 2520 3576 2588 τὴν
3612 2518 3837 2589 amo.

542 2606 875 2663 elicuerunt.

2242 2627 2324 2665 σιν
2369 2610 2578 2679 ταύτην
2613 2610 2918 2679 κινήσαντα
2948 2608 3067 2662 κατ’
3102 2608 3262 2675 ἐμοῦ.

614 2719 825 2773 Armati
854 2718 1259 2789 proﬁciscimini
1293 2728 1418 2773 ante
1448 2720 1648 2789 fratres
1671 2730 1893 2777 vestros.
1926 2718 2016 2792 [Il,
2042 2719 2123 2791 4.]
2158 2719 2410 2775 Edictum
2455 2720 2555 2773 hoc
2590 2727 2677 2775 est
2717 2720 2935 2774 duabus
2961 2720 3216 2775 tribubus
3247 2735 3371 2774 cum
3417 2720 3681 2777 dimidia.
3712 2721 3836 2776 δι’

544 2813 726 2860 terum
754 2804 960 2861 inlimis
995 2807 1186 2877 prima:
1224 2806 1278 2860 in
1313 2800 1686 2877 promissione
1740 2808 2092 2863 deferuntur.
2126 2808 2336 2862 Idcirco
2366 2806 2457 2872 qui
2493 2823 2523 2861 a
2566 2806 2716 2862 Mose
2757 2807 3079 2862 haereditate
3131 2807 3307 2862 dotati
3360 2807 3608 2870 fuerant.
3667 2810 3834 2878 primi

544 2894 941 2963 promissionis
969 2905 1258 2965 compotes
1294 2894 1427 2951 facti
1450 2905 1603 2951 sunt.
1636 2895 1712 2951 De
1747 2896 2182 2967 perfectioribus
2210 2895 2359 2950 enim
2390 2896 2599 2950 dictum
2636 2894 2769 2949 illud
2803 2905 2922 2950 est:
2955 2913 2974 2946 ι
3008 2896 3101 2951 Isti
3126 2912 3321 2951 omnes
3353 2896 3409 2951 in
3448 2898 3832 2952 testimonium

546 2982 770 3039 adducti
810 2998 917 3038 non
960 2993 1319 3054 reportarunt
1349 2986 1775 3056 promissiones,
1815 3005 1834 3038 ›
1876 2995 1930 3042 et
1964 2987 2205 3056 reliqua.

619 3096 743 3155 Non
767 3096 974 3155 addetis
1014 3099 1083 3153 ad
1118 3099 1350 3154 verbum.
1386 3098 1500 3174 μγ,
1531 3099 1615 3172 2.]
1654 3101 1786 3155 Item
1809 3100 1975 3171 paulo
2007 3105 2132 3170 post

546 3192 692 3246 dicet
727 3209 743 3247 :
781 3189 942 3245 «Non
973 3190 1282 3248 declinabis
1309 3195 1390 3247 vel
1435 3192 1502 3246 ad
1544 3192 1828 3247 dexteram
1877 3191 1961 3247 vel
1998 3192 2133 3245 sini-

548 3291 719 3337 stram
748 3279 817 3334 “.
858 3299 877 3333 ι
924 3280 983 3335 In
1023 3279 1343 3338 Proverbiis
1376 3282 1541 3335 etiam
1572 3282 1886 3337 Solomonis
1916 3282 2129 3351 inquit:

553 3392 575 3427 ‹
610 3373 689 3428 Ne
719 3373 891 3429 addas
919 3374 1105 3429 verbis
1142 3375 1232 3429 Dei
1270 3375 1597 3444 quidquam,
1634 3390 1701 3431 ne
1727 3386 1777 3429 te
1810 3375 2129 3445 redarguat,

547 3477 603 3522 et
625 3466 856 3522 mendax
904 3466 1004 3522 [ias
1035 3467 1101 3524 ⁸⁸.
1145 3487 1163 3520 ι
1202 3465 1380 3523 Verba
1422 3467 1569 3521 enim
1604 3466 1695 3521 Dei
1726 3482 1851 3521 cum
1885 3467 2041 3536 plena
2078 3473 2134 3519 et

549 3557 791 3630 perfecta
847 3558 1140 3625 exsistant,
1206 3560 1416 3614 nullum
1447 3558 1764 3615 auctarinm
1806 3557 2128 3614 admittunt.

548 3647 708 3705 Unde
770 3647 903 3702 illud
959 3663 1178 3719 quoque
1236 3648 1303 3704 de
1351 3648 1578 3705 Christo
1632 3648 1842 3702 dictum
1900 3656 2129 3703 exstat:

556 3758 575 3789 σ
615 3738 910 3810 Postquam
945 3741 1355 3799 consummavit
1382 3741 1548 3798 verba
1580 3757 1682 3799 sua
1715 3742 1769 3798 in
1801 3757 1963 3799 aures
1988 3743 2137 3817 ipso-
2164 3715 2208 3773 δ

550 3848 672 3888 rum
702 3833 767 3888 “.
810 3853 829 3886 ι

625 3924 894 3992 Quoniam
921 3923 1031 3979 Iuro
1066 3934 1146 3979 est
1183 3926 1447 3995 sapientia
1476 3935 1653 3983 uestra
1694 3936 1740 3982 et
1763 3928 2009 3984 scientia.
2032 3925 2134 4001 [6.]

2313 3099 2397 3152 os
2430 3094 2812 3165 προσθήσετε
2840 3094 2991 3164 πρὸς
3017 3096 3084 3151 τὸ
3133 3084 3316 3167 ῥῆμα.
3350 3098 3461 3151 Καὶ
3499 3097 3620 3166 μετ’
3653 3097 3832 3167 ὀλίγον

2240 3193 2377 3262 ἐρεῖ,
2416 3188 2517 3244 οὐκ
2564 3188 2837 3249 ἐκκλινεϊς
2894 3186 3044 3256 δεξιά
3088 3188 3212 3242 οὐδὲ
3271 3188 3551 3261 εὐώνυμα.
3616 3189 3728 3244 Καὶ
3772 3190 3835 3241 ἐν

2240 3281 2572 3351 Παροιμίαις
2623 3280 2776 3351 φησί’
2834 3297 2852 3330 ι
2892 3278 2983 3350 Μὴ
3046 3278 3293 3353 προσθῇς
3344 3281 3460 3344 τοῖς
3505 3279 3689 3350 λόγοις
3732 3278 3832 3333 τοῦ

2240 3374 2399 3436 Θεοῦ,
2435 3376 2521 3428 ἵνα
2552 3373 2626 3444 μὴ
2656 3372 2854 3445 ἐλέγξῃ
2883 3390 2967 3437 σε,
3003 3374 3101 3426 καὶ
3128 3371 3333 3443 ψευδὴς
3366 3374 3524 3445 γένῃ.
3573 3392 3592 3425 ι
3632 3374 3707 3426 Οὐ
3740 3374 3830 3427 δέ·

2240 3484 2425 3538 χονται
2454 3466 2562 3537 γὰρ
2586 3464 2907 3536 προσθήκην
2936 3465 2986 3517 οἰ
3019 3464 3169 3533 λόγοι
3194 3465 3425 3536 Κυρίου,
3456 3465 3689 3536 πλήρεις
3723 3466 3830 3519 ὑπ-

2238 3560 2523 3631 άρχοντες.
2548 3558 2782 3629 Εἴρηται
2809 3555 2941 3627 γοῦν
2975 3557 3106 3629 περὶ
3133 3557 3230 3611 τοῦ
3258 3557 3521 3629 Χριστοῦ·
3555 3577 3575 3610 ο
3610 3560 3834 3631 Ἐπειδὴ

2239 3651 2529 3724 ἐπλήρωσε
2552 3651 2620 3704 τὰ
2646 3653 2870 3723 ῥήματα
2896 3649 3063 3703 αὑτοῦ
3096 3652 3177 3713 εἰς
3202 3650 3302 3715 τὰς
3330 3650 3501 3715 ἀκοὰς
3530 3651 3734 3707 αὐτῶν.
3771 3670 3791 3705 ι

2300 3922 2427 3976 ,Ὅτι
2448 3921 2600 3989 αῦτη
2630 3920 2669 3988 ἠ
2702 3920 2889 3993 σοφία
2909 3918 3079 3989 ὑμῶν
3106 3918 3208 3974 καί
3244 3920 3281 3985 ἠ
3307 3920 3586 3986 σύνεσις.
3646 3920 3836 3990 Σοφῶν

554 4015 779 4078 Summa
820 4016 968 4069 enim
1015 4017 1287 4084 sapientia
1340 4027 1396 4075 et
1442 4019 1671 4074 scientia
1711 4028 1796 4073 est
1819 4019 2137 4075 observatio

2242 4016 2348 4087 γὰρ
2376 4015 2473 4069 καὶ
2521 4012 2757 4068 συνετῶν
2798 4014 2832 4084 ἡ
2862 4012 3078 4085 φυλακὴ
3137 4013 3247 4066 τῶν
3304 4013 3538 4069 ἐντολῶν
3596 4014 3830 4084 Κυρίου.

552 4108 939 4166 mandatorum
961 4108 1202 4164 Domini.
1222 4109 1358 4164 Illud
1390 4125 1519 4166 vero
1542 4110 1687 4180 quod
1711 4110 1919 4169 dicitur
1949 4126 2136 4199 coram

2242 4109 2309 4162 Τὸ
2332 4107 2390 4161 δὲ
2422 4105 2735 4178 εἰρημένον,
2774 4123 2793 4156 ι
2832 4104 3078 4158 ἐναντίον
3108 4105 3217 4161 τῶν
3244 4105 3418 4158 ἐθνῶν
3441 4146 3457 4171 ,
3486 4124 3507 4157 ι
3545 4108 3839 4175 συμφωνεῖ

554 4200 791 4281 populis,
821 4216 1124 4256 consonum
1162 4201 1291 4258 huic
1320 4210 1405 4260 est
1438 4218 1454 4255 :
1511 4222 1531 4256 ι
1565 4202 1775 4259 Luceat
1821 4204 1918 4267 lux
1951 4195 2137 4261 vestra

2242 4199 2316 4271 τῷ
2338 4217 2350 4231 ·
2385 4219 2403 4251 ι
2437 4196 2727 4269 Δαμψάτω
2745 4195 2808 4251 τὸ
2824 4196 2941 4265 φῶς
2961 4197 3117 4267 ὑμῶν
3133 4196 3449 4267 ἔμπροσθεν
3473 4197 3583 4257 τῶν
3619 4197 3833 4269 ἀνθρώο

553 4306 743 4358 coram
771 4291 1109 4352 hominibus.
1149 4302 1208 4348 ut
1242 4293 1467 4349 videant
1492 4294 1558 4362 ⁸⁷,
1600 4312 1619 4347 ι
1656 4302 1712 4350 et
1753 4295 1987 4367 reliqua.

2246 4310 2389 4357 πων,
2417 4292 2568 4354 ὅπως
2602 4289 2669 4346 ἂν
2700 4289 2877 4354 ἴδωσι,
2919 4308 2937 4347 ι
2968 4290 3062 4348 καὶ
3090 4288 3158 4344 τὰ
3184 4288 3369 4345 λοιπά.

624 4406 699 4460 Ita
724 4406 868 4461 enim
907 4404 974 4461 ad
1008 4404 1182 4462 Deum
1209 4409 1441 4478 propius
1469 4412 1775 4466 acceditur.
1816 4409 1974 4476 Quod
2027 4410 2168 4465 idem
2207 4408 2389 4463 innuit
2434 4407 2581 4478 quod
2608 4405 2881 4476 sequitur,
2915 4420 2985 4460 ne
3038 4414 3261 4476 propter
3296 4413 3523 4473 peccata
3581 4404 3837 4473 ipsorum

554 4495 745 4566 procul
781 4496 1022 4551 recedat.
1058 4516 1076 4548 ι
1112 4497 1339 4553 Peccata
1382 4500 1528 4553 enim
1569 4507 1775 4565 vestra,
1838 4499 2056 4570 inquit,
2121 4497 2469 4552 intervallum
2527 4493 2771 4550 elliciunt
2810 4494 2956 4547 inter
3004 4508 3091 4548 me
3147 4500 3201 4546 et
3254 4507 3374 4546 vos.
3416 4510 3437 4543 ι
3472 4491 3539 4545 Et
3579 4493 3782 4545 iterum
3820 4510 3835 4523 ο

558 4602 581 4646 ι
616 4582 946 4639 Contendite
979 4584 1047 4639 ad
1076 4600 1199 4652 me;
1236 4593 1291 4639 et
1320 4600 1421 4655 ego
1452 4586 1519 4641 ad
1550 4602 1651 4642 vos
1685 4587 2039 4649 contendam,
2067 4596 2121 4641 et
2149 4600 2251 4655 ego
2279 4595 2331 4639 te
2366 4584 2549 4637 adhuc
2572 4581 2866 4651 eloquente
2910 4579 3090 4633 dicam
3118 4597 3131 4633 :
3170 4578 3311 4633 Ecce
3338 4579 3535 4633 adsum
3558 4579 3626 4633 “.
3668 4598 3687 4631 ι

627 4670 750 4733 Νοη
774 4672 982 4741 facietis
1018 4673 1164 4728 vobis
1215 4674 1344 4742 ipsis
1404 4674 1755 4729 simulacrum
1810 4675 2081 4744 sculptile.
2126 4672 2217 4745 [γ.
2251 4672 2333 4743 8.]
2372 4670 2643 4725 Similiter
2698 4668 2753 4722 in
2811 4667 3025 4732 Exodo,
3065 4667 3159 4720 ubi
3194 4668 3361 4721 etiam
3390 4667 3458 4721 de
3489 4667 3668 4723 stellis
3698 4666 3838 4721 dicit

554 4760 1021 4830 quemadmodum
1057 4762 1342 4818 distribuit
1365 4778 1459 4817 cas
1485 4764 1706 4833 populis
1736 4763 1804 4817 δ’.
1838 4764 1939 4831 Qui
1976 4765 2123 4818 enim
2155 4778 2220 4816 ex
2250 4757 2660 4827 longanimitate
2707 4755 2914 4826 aliquid
2952 4770 3060 4809 non
3113 4755 3404 4823 prohibet,
3476 4763 3674 4809 auctor
3715 4756 3839 4825 ejus

554 4856 663 4903 est.
697 4847 969 4914 Quoniam
1005 4850 1172 4920 igitur
1201 4849 1459 4908 lsraclem
1492 4853 1678 4923 elegit,
1714 4853 1894 4908 locum
1924 4853 2093 4907 habet
2122 4849 2287 4922 536
2319 4847 2456 4902 illud
2503 4846 2802 4911 distribuit,
2833 4843 2981 4916 quod
3014 4846 3435 4899 concessionem
3474 4855 3700 4915 propter
3736 4860 3838 4900 nos

559 4936 764 4990 factam
791 4935 995 5000 innuit,
1040 4938 1354 5007 cuiusmodi
1379 4948 1433 4995 et
1465 4940 1597 4993 illud
1623 4949 1710 4994 est
1739 4957 1752 4992 :
1787 4959 1805 4992 ι
1843 4938 2092 4993 Tradidit
2124 4953 2221 4993 eos
2254 4936 2472 5007 spiritui
2508 4933 2821 5003 vertiginis,
2849 4932 3000 4987 dedit
3029 4931 3224 4986 oculos
3248 4939 3306 4984 ut
3337 4946 3447 4985 non
3480 4930 3758 4995 viderent,
3786 4940 3838 4986 et

558 5038 724 5078 aures
754 5032 814 5077 ut
848 5038 956 5078 non
992 5025 1249 5081 audirent
1267 5028 1334 5081 ⁸⁸.
1373 5046 1391 5079 ι
1436 5028 1569 5083 Tale
1598 5037 1683 5084 est
1713 5030 1858 5100 quod
1890 5030 2109 5085 dicetur
2140 5034 2365 5098 postea:
2405 5044 2423 5076 ι
2464 5022 2582 5078 Νοιι
2618 5023 2767 5077 dedit
2799 5021 2954 5075 vobis
2984 5019 3127 5075 Deus
3160 5021 3475 5085 scientiam,
3509 5035 3613 5074 nec
3645 5021 3839 5074 oculos

559 5112 629 5167 ad
665 5109 981 5179 videndum,
1019 5129 1119 5169 nec
1151 5130 1314 5171 aures
1338 5117 1404 5169 ad
1445 5117 1777 5173 audiendum
1803 5118 1873 5171 ιι.
1912 5138 1931 5168 ι
1968 5114 2232 5184 Quamvis
2289 5114 2523 5168 dixisset
2574 5113 2729 5182 prius
2762 5129 2774 5165 :
2814 5127 2834 5161 ι
2894 5107 3007 5165 Vos
3056 5108 3276 5164 vidistis
3325 5123 3676 5180 quaecunque
3710 5107 3839 5169 fecit
3886 5146 3893 5153 η

558 5201 830 5258 Dominus
859 5201 912 5257 in
939 5212 1087 5257 terra
1114 5202 1337 5276 Egypti
1371 5208 1441 5261 δ’.
1477 5224 1496 5258 ι
1525 5206 1797 5272 Quocirca
1826 5206 1967 5262 bene
1996 5209 2050 5261 in
2086 5203 2190 5261 Job
2222 5203 2433 5259 dictum
2457 5210 2545 5257 est
2577 5219 2591 5255 :
2633 5218 2654 5253 ι
2695 5198 2900 5267 lmpios
2940 5213 3073 5252 vero
3122 5213 3233 5254 non
3283 5205 3470 5254 servat
3506 5203 3708 5266 praeter
3741 5212 3839 5249 voc

559 5289 831 5347 luntatem
866 5290 1110 5361 ipsorum
1139 5293 1206 5346 ⁸³.
1242 5311 1261 5344 ι
1288 5292 1422 5349 Nam
1458 5296 1720 5366 praecepit
1743 5310 1880 5351 sane
1908 5296 2149 5351 advenas
2190 5291 2495 5361 suscipere,
2528 5289 2575 5343 si
2604 5286 2740 5343 illud
2781 5286 3082 5346 distribuit.
3116 5285 3184 5339 de
3224 5283 3320 5341 Dei
3349 5285 3697 5340 luereditaria
3732 5283 3839 5339 Iar-

563 5378 771 5448 gitione
803 5377 974 5450 impie
1010 5378 1447 5437 intellexerimus
1480 5398 1500 5449 ε,
1532 5399 1551 5434 ι
1592 5380 1695 5448 Qui
1723 5383 1840 5440 vult
1871 5389 1932 5441 ut
1958 5396 2151 5441 omnes
2177 5379 2430 5444 homines
2453 5383 2769 5438 serventur,
2802 5382 2857 5431 et
2892 5374 2947 5431 in
2974 5374 3315 5445 agnitionem
3351 5370 3606 5427 veritatis
3644 5386 3839 5441 perve-

563 5466 723 5521 niant
754 5466 821 5520 ".
855 5484 873 5519 ι
964 5480 973 5485 ’

639 5642 685 5673 ⁸³
719 5642 883 5697 Num.
917 5656 1015 5703 χιι,
1057 5640 1145 5697 18.
1221 5642 1265 5675 ⁸⁸
1296 5639 1452 5697 Dent.
1489 5657 1542 5701 v,
1573 5640 1662 5694 δί.
1741 5638 1786 5670 ⁸³
1827 5639 1989 5697 Prov.
2025 5656 2143 5697 xxx.

2242 5680 2247 5693 .
2327 5639 2371 5673 “
2404 5638 2535 5694 an.
2562 5654 2659 5704 vn,
2696 5638 2744 5692 Ι.
2824 5637 2869 5667 ⁸⁷
2913 5636 3107 5691 Matth.
3142 5634 3289 5699 v.16.
3367 5635 3413 5665 "
3447 5631 3565 5704 fisa.
3600 5629 3837 5704 LVIII,

569 5710 615 5744 δ’
650 5708 762 5765 Imo
788 5712 941 5767 Deut.
978 5698 1051 5777 tv,
1100 5713 1196 5769 I9;
1267 5714 1310 5745 '°
1345 5711 1447 5769 lsa.
1492 5698 1564 5778 vi,
1598 5710 1666 5779 9;
1704 5709 1898 5766 Matth.
1937 5727 2059 5780 xm,
2102 5698 2188 5779 Ib,
2223 5710 2309 5767 15.
2385 5710 2428 5745 ¹¹
2466 5698 2811 5769 Ι)οιιι.’χιιι.
2847 5708 2899 5761 4.
2973 5706 3018 5738 ⁵⁹
3052 5698 3191 5763 ibid.
3219 5708 3273 5760 ‘2.
3354 5706 3401 5738 ⁵³
3432 5703 3534 5760 Job
3565 5718 3757 5767 xxxvr,
3782 5698 3836 5761 6.

534 5781 616 5873 ’⁸⁸
650 5780 831 5838 lTim.
877 5800 936 5848 ιι,
973 5782 1026 5837 4.
