4090 6502
196 374 307 441 897
1111 369 1648 433 COMMENTARII
1685 370 1767 432 IN
1808 369 2515 431 DEUTERONOMIUM.
3385 366 3491 430 898

270 484 542 559 Προλόγει
564 485 633 539 τὰ
654 485 719 537 ιιι
747 481 1122 555 παραϐάσεως
1148 484 1337 547 αὐτοῖς
1355 484 1596 553 ἐσόμενα
1617 482 1790 547 δεινὰ,
1823 488 1865 545 Α

1967 480 2228 537 Ριοωόὶοἱι
2268 494 2402 537 vero
2462 480 2546 537 eis
2595 495 2849 552 quaenam
2890 479 3035 535 mala
3069 491 3136 534 ex
3172 486 3492 549 transgres-

198 578 303 634 καὶ
326 577 405 643 ὡς
432 575 588 631 ἔσται
617 574 709 628 διὰ
751 574 1045 645 μετανοίας
1073 573 1340 644 σωθῆναι.
1380 574 1494 626 Καὶ
1536 572 1648 627 τῶν
1688 589 1789 643 ση-

1895 574 2054 629 sione
2079 574 2190 627 sint
2218 580 2487 628 eventura
2514 612 2530 637 ,
2579 582 2632 628 et
2666 571 2947 643 quomodo
2982 584 3079 641 per
3112 569 3490 641 paenitentiam

203 672 377 741 μείων
410 669 846 738 ὑπομιμνήσκει,
900 668 997 720 καὶ
1044 666 1148 737 τῆς
1198 666 1529 735 ἐπιφανείας
1582 666 1687 736 τῆς
1736 666 1795 718 ὲν

1895 665 2108 721 reditus
2129 664 2201 719 ad
2231 664 2469 719 salutem
2504 663 2577 720 sit
2611 662 2858 729 futurus,
2896 662 3329 720 commonefacit
3360 664 3493 719 item

200 764 354 833 Σινᾷ.
384 763 497 816 Καὶ
534 760 617 815 δτι
656 778 676 812 t
714 758 956 812 Τοιαῦτα
1000 758 1103 812 οὐκ
1148 759 1374 828 ἐποίησε
1426 757 1589 812 παντὶ
1623 757 1795 824 ἔθνει,

1895 770 1993 811 eos
2023 756 2332 826 signorum,
2362 756 2489 809 item
2514 754 2888 825 apparitionis
2907 768 3076 825 quam
3101 755 3155 808 in
3184 751 3315 809 Sina
3340 754 3490 810 fecit.

201 856 300 909 καὶ
323 855 395 908 τὰ
416 855 667 925 κρίματα
692 850 863 907 αὐτοῦ
907 851 1011 906 οὐκ
1042 852 1318 925 ἐδήλωσεν
1355 853 1563 918 αὐτοῖς,
1603 872 1621 905 ι
1654 851 1797 907 κατὰ

1902 849 2149 920 Denique
2179 849 2328 919 quod
2360 847 2447 903 his
2477 858 2643 918 atque
2670 844 2985 914 huiusmodi
3025 862 3139 902 non
3176 860 3312 902 usus
3345 856 3494 903 esset

200 948 297 1002 τὸν
319 945 509 999 Δαὸιδ.
1900 954 2027 995 cum
2069 943 2287 996 cunctis
2338 940 2619 1011 gentibus.
2679 938 2951 1009 Quodque
2976 938 3188 1008 judicia
3227 952 3327 995 sua
3381 953 3492 993 non

1903 1031 2261 1101 patefecisset
2288 1034 2394 1099 eis,
2422 1033 2579 1102 juxta
2610 1031 2870 1086 Davidem
2906 1031 2981 1086 ³⁸.

278 1140 407 1194 Non
439 1157 560 1196 cum
590 1140 835 1211 patribus
861 1143 1050 1197 vestris
1073 1143 1272 1213 pepigit
1296 1142 1468 1213 foedus
1492 1144 1612 1209 hoc,
1641 1143 1735 1198 sed
1760 1146 2050 1213 vobiscum,
2103 1157 2212 1202 etc.
2264 1144 2375 1221 [5.]
2402 1147 2523 1202 Non
2563 1148 2711 1202 enim
2764 1160 2906 1216 opus
2936 1143 3175 1199 habebat
3215 1143 3491 1199 Abraham

207 1232 532 1301 posterique
562 1230 742 1302 ipsius
772 1232 983 1287 foedere
1007 1229 1183 1286 Hosis
1211 1231 1527 1286 ministerio
1551 1232 1761 1287 exciso.
1792 1232 1932 1288 Nam
1977 1235 2128 1306 justo
2158 1236 2247 1290 lex
2285 1236 2464 1307 posita
2502 1249 2612 1289 non
2645 1242 2750 1290 est.

278 1347 398 1400 Οὐκ
422 1346 531 1419 ἄρα
562 1347 633 1402 τὰ
683 1350 742 1402 ὲν
785 1346 864 1419 τῷ
895 1348 1047 1419 νόμῳ
1066 1346 1355 1412 Μωῦσέως
1388 1351 1436 1402 οί
1490 1350 1597 1421 πρὸ
1622 1350 1794 1405 Matii-

1976 1350 2087 1407 Nec
2128 1353 2321 1423 utique
2357 1353 2498 1423 justi
2528 1361 2799 1425 quotquot
2841 1360 2971 1407 ante
3014 1350 3219 1407 Mosem
3272 1351 3494 1406 fuerunt

206 1439 349 1504 σέως
380 1440 685 1509 ἐφύλαττον
706 1440 933 1496 δίκαιοι.

1901 1443 2075 1513 legem
2113 1443 2280 1499 Mosis
2309 1446 2702 1500 observarunt.

286 1572 418 1628 lla:
458 1584 636 1628 autem
668 1584 792 1629 sunt
812 1585 1102 1645 precepts,
1132 1575 1297 1639 ritus,
1315 1576 1527 1644 judicia
1557 1592 1676 1646 qua:
1700 1577 1955 1647 pracepit
2000 1575 2263 1630 Dominus
2318 1577 2455 1632 Deus
2490 1588 2681 1644 vester,
2711 1588 2770 1631 ut
2795 1594 2885 1632 vos
2916 1577 3159 1631 docerem
3184 1586 3239 1629 ut
3272 1576 3494 1645 faciatis

202 1676 271 1713 ea
303 1661 357 1713 iu
387 1671 533 1714 terra
558 1659 632 1713 ad
656 1676 816 1731 quam
849 1678 939 1715 vos
986 1662 1253 1717 transitis.
1289 1661 1407 1733 [VL
1438 1661 1518 1734 1.]
1557 1663 1667 1718 Lex
1696 1664 1845 1719 enim
1879 1665 1947 1720 ab
1998 1665 2072 1719 iis
2107 1665 2202 1735 qui
2244 1673 2402 1720 extra
2452 1673 2657 1721 terram
2723 1666 2995 1730 habitant,
3041 1665 3327 1719 observari
3381 1678 3492 1718 non

207 1756 451 1818 poterat,
486 1763 588 1803 nec
616 1749 808 1819 utique
835 1749 1100 1804 omnibus
1129 1748 1214 1803 lex
1246 1753 1455 1820 scripta
1488 1752 1832 1821 congruebat
1870 1753 2115 1823 populis.

279 1886 543 1940 Βούλεται
574 1884 771 1948 αὐτοὺς
800 1883 1034 1955 μελετᾷν
1062 1883 1151 1938 ἀεὶ
1196 1885 1288 1937 τὸν
1331 1884 1518 1955 νόμον,
1548 1884 1646 1939 καὶ
1670 1885 1798 1949 τοὺς
1830 1870 1872 1926 Β

1970 1882 2029 1939 1η
2082 1884 2172 1941 his
2224 1901 2356 1941 vero
2394 1885 2665 1942 sententia
2723 1885 2846 1955 ejus
2879 1893 2988 1953 est,
3040 1893 3101 1940 ut
3133 1901 3357 1956 semper
3385 1884 3493 1958 legi

206 1979 269 2046 ἒξ
302 1976 487 2032 αὐτῶν
514 1974 812 2029 διδάσκειν.
842 1972 983 2045 Περὶ
1002 1974 1207 2037 παντὸς
1236 1974 1347 2045 γὰρ
1383 1973 1591 2026 δικαίου
1630 1974 1799 2043 φησὶν

1907 1977 2191 2043 studeant,
2212 1993 2454 2048 suosque
2488 1978 2697 2033 liberos
2728 1978 2989 2033 doceant.
3021 1976 3095 2032 De
3127 1979 3324 2048 quovis
3347 1978 3491 2032 enim

204 2072 234 2123 δ
275 2069 462 2123 Δαδίδο
498 2086 517 2120 ι
570 2067 629 2121 '0
654 2070 822 2136 νόμος
849 2065 944 2119 τοῦ
991 2064 1125 2120 Θεοῦ
1176 2065 1343 2120 αὑτοῦ
1375 2067 1434 2120 ὲν
1475 2067 1675 2138 καρδίᾳ
1698 2066 1796 2120 αὑ-

1904 2065 2055 2137 justo
2083 2066 2253 2123 David
2287 2070 2502 2139 inquit:
2554 2088 2571 2120 ι
2604 2067 2716 2123 Lex
2755 2065 2847 2124 Dei
2883 2069 2970 2124 sui
3009 2071 3063 2124 in
3086 2069 3251 2125 corde
3294 2070 3492 2140 ipsius.

204 2162 324 2229 τοῦ,
357 2166 456 2233 οὐχ
482 2158 1009 2230 ὑποηελισθήσεται
1036 2162 1104 2212 τὰ
1136 2157 1449 2228 διαδήματα
1478 2157 1665 2214 αὐτοῦ.
1703 2177 1723 2211 ι

1884 2156 2026 2226 ,Νοη
2078 2161 2564 2216 lubefartabunlur
2599 2176 2829 2233 gressus
2865 2162 3009 2232 ejus,
3066 2162 3317 2219 custodia
3347 2166 3494 2218 enim

1907 2253 2115 2317 cordis,
2148 2253 2281 2324 legis
2310 2254 2627 2310 observatio
2665 2262 2750 2309 est
2779 2252 2850 2309 ⁸⁸.
2886 2273 2905 2305 ι

288 2358 397 2415 Vos
437 2362 581 2428 enim,
595 2360 725 2415 estis
748 2360 1021 2429 perpauci.
1052 2355 1187 2430 [Vl],
1220 2358 1301 2432 7.]
1323 2358 1477 2414 Haud
1508 2362 1690 2432 inepte
1717 2363 1786 2419 ad
1818 2364 1942 2424 illos
1970 2369 2065 2439 qui
2104 2380 2362 2441 expertes
2399 2370 2739 2427 hereditatis
2776 2379 2935 2427 erant
2965 2371 3172 2425 dictum
3200 2380 3286 2426 est
3321 2370 3493 2425 illud:

208 2446 514 2505 Pauciores
545 2449 763 2504 cunctis
793 2450 1012 2519 populis
1053 2448 1211 2513 estis,
1249 2458 1414 2518 atque
1465 2450 1604 2505 adeo
1650 2450 1910 2509 similiter
1965 2455 2097 2510 huic
2140 2474 2154 2510 :
2193 2474 2212 2508 ι
2253 2455 2424 2511 Pauci
2482 2459 2574 2529 qui
2630 2467 2929 2513 servantur
2965 2456 3035 2511 ⁸⁷.
3078 2475 3097 2507 ι
3147 2454 3276 2511 ltem
3316 2456 3492 2511 huic:

214 2555 234 2589 ι
266 2537 602 2593 Contendile
624 2536 839 2608 ingredi
869 2552 965 2607 per
998 2543 1210 2590 arctam
1246 2546 1463 2605 portam
1491 2536 1555 2589 ⁸⁸.
1598 2555 1620 2590 ι

286 2624 644 2679 Frumentum
672 2635 848 2691 tuum,
887 2624 1069 2679 viuum
1098 2634 1269 2687 tuum,
1299 2634 1349 2677 et
1377 2624 1554 2678 oleum
1581 2634 1754 2679 tuum.
1783 2625 1926 2701 [i3.]
1957 2627 2052 2685 Dei
2082 2630 2228 2685 enim
2264 2631 2527 2701 legitimis
2557 2632 2686 2687 filiis
2713 2639 2904 2687 sancte
2930 2645 2996 2688 ac
3029 2630 3271 2687 feliciter
3300 2631 3497 2688 cedent

209 2712 421 2771 Christi
446 2712 843 2785 mysteriorum
902 2711 1254 2782 participatio
1284 2719 1340 2765 et
1374 2726 1499 2781 qua:
1527 2727 1625 2782 per
1663 2712 1929 2785 Spiritum
1966 2727 2219 2773 sanctum
2272 2721 2330 2772 lit
2372 2721 2582 2774 unctio.
2612 2720 2714 2787 Qui
2745 2722 2935 2790 utique
2966 2719 3035 2773 ab
3066 2718 3495 2791 :cgritudiuibus

211 2810 415 2862 anima:
438 2807 596 2862 liberi
626 2814 757 2861 sunt
786 2820 850 2861 ac
885 2806 1181 2860 immunes.
1212 2802 1436 2859 Necnon
1470 2820 1602 2861 vero
1648 2805 1831 2860 anima
1858 2803 1956 2860 Dei
1986 2806 2236 2862 studiosa
2261 2806 2351 2863 his
2384 2806 2725 2865 fertilissima
2747 2816 2852 2877 est,
2884 2824 3025 2879 quas
3058 2818 3241 2864 tamen
3271 2808 3494 2862 virtutis

210 2897 477 2966 operibus
512 2895 748 2966 repellit,
783 2904 950 2965 atque
976 2894 1231 2950 discutit.

286 2983 557 3050 Quoniam
587 3000 712 3054 gens
755 2982 867 3038 hac
896 2998 976 3036 me
1002 2981 1237 3051 amplior
1265 2990 1365 3035 est.
1414 2979 1557 3053 {17.}

297 3114 390 3169 Ἐν
416 3118 483 3187 τῇ
522 3115 718 3185 Ἐξόδῳ
754 3114 1198 3188 παραθαρρύνων
1229 3116 1453 3181 αὐτοὺς,
1491 3114 1801 3178 δεδοικότας

1984 3114 2046 3168 lu
2086 3113 2277 3170 Exodo
2311 3130 2437 3169 cum
2472 3115 2832 3171 continuaret
2852 3130 2949 3172 eos
2977 3115 3184 3172 veritos
3211 3115 3500 3189 Egyptia-

209 3206 324 3260 τῶν
359 3208 675 3276 Αἰγυπτίων
701 3207 800 3279 τὴν
831 3207 1068 3278 δύναμιν
1089 3246 1107 3272 ,
1144 3207 1354 3276 ἔφασκε
1375 3224 1388 3237 ·
1426 3225 1444 3259 t
1476 3207 1683 3279 Κύριος
1708 3222 1805 3259 πο-

1910 3220 2034 3259 rum
2067 3207 2230 3271 vires,
2260 3206 2438 3276 inquit
2473 3223 2488 3260 :
2532 3225 2549 3258 ι
2584 3205 2849 3262 Dominus
2879 3206 3250 3278 propugnabit
3277 3223 3374 3276 pro
3399 3224 3499 3262 vo-

212 3298 450 3369 λεμήσει
504 3299 647 3369 ὑπὲρ
702 3299 875 3370 ὑμῶν,
920 3299 1020 3353 καὶ
1074 3299 1234 3369 ὑμεῖς
1277 3299 1590 3371 σιγήσεσθε.
1620 3316 1647 3350 s
1690 3299 1806 3352 ’Ev-

1912 3296 2021 3360 bis,
2058 3312 2270 3368 vosque
2322 3299 2622 3368 quiescetis
2657 3298 2725 3352 ⁸⁸.
2774 3316 2792 3351 ι
2840 3297 2943 3354 llic
2983 3315 3114 3354 vero
3163 3300 3493 3354 memoriam

210 3368 396 3445 ταῦθα
427 3392 486 3445 δὲ
526 3368 634 3447 τῶν
672 3368 775 3464 ἧδιι
836 3393 1070 3463 δυνάμει
1115 3368 1260 3445 ῨΘεοῦ
1304 3368 1809 3463 καιηγωνισμένων

1674 3391 1809 3445 ἐνων
1837 3368 1881 3427 C
1914 3404 2106 3444 eorum
2132 3390 2227 3461 qui
2250 3390 2344 3447 Dei
2376 3392 2583 3448 virtute
2605 3391 2811 3447 devicti
2845 3400 2976 3448 sunt
3007 3390 3285 3447 refricuit.

212 3483 527 3556 ὑπέμνησε.

292 3618 503 3676 Cuncta
535 3619 792 3673 mandata
826 3619 954 3674 haec.
990 3617 1153 3691 [Vlll,
1188 3618 1267 3691 1.]
1310 3617 1430 3674 Νοη
1480 3619 1641 3673 aliter
1690 3626 1890 3689 praeter
1920 3616 2179 3686 pristina,
2209 3632 2274 3673 ea
2308 3618 2423 3688 ipsa
2472 3634 2604 3673 vero
2649 3618 2780 3674 hinc
2829 3617 3140 3673 claritatem
3194 3617 3500 3675 asciscuut.

214 3707 494 3762 Caeterum
527 3706 899 3761 infirmitatem
933 3722 1045 3777 pra:
1077 3721 1138 3763 se
1173 3706 1417 3762 ferentes
1443 3721 1473 3760 a
1522 3710 1688 3761 rebus
1721 3704 2021 3761 sensilibus
2057 3719 2122 3758 ac
2155 3706 2530 3774 temporaneis
2560 3713 2779 3762 avocat.
3248 3714 3259 3721 '

291 3794 364 3848 Et
400 3794 766 3848 recordaberis
798 3794 1035 3848 universi
1078 3794 1313 3859 itineris,
1372 3809 1464 3861 per
1518 3797 1659 3863 quod
1717 3791 1936 3847 deduxit
1974 3801 2022 3845 te
2080 3792 2339 3847 Dominus
2393 3794 2536 3848 Deus
2601 3804 2743 3849 tuus.
2918 3791 2974 3849 Si
3016 3795 3139 3864 ejus
3174 3794 3501 3851 recordatus

216 3882 421 3947 fueris,
448 3883 503 3936 in
526 3882 931 3938 tentationibus
960 3882 1195 3953 reliquis
1222 3898 1335 3938 non
1373 3880 1534 3937 facile
1565 3880 1880 3935 collaberis.
1930 3879 2148 3935 Etenim
2194 3879 2363 3936 David
2427 3896 2552 3937 cum
2581 3882 2793 3937 solidus
2837 3884 2890 3938 in
2918 3882 3031 3939 Deo
3063 3895 3233 3947 esset,
3266 3884 3446 3954 inquit
3483 3903 3497 3940 :

222 3990 245 4023 ι
280 3970 462 4027 Proba
492 3987 600 4035 me,
633 3970 884 4035 Domine,
917 3981 971 4026 et
998 3986 1096 4027 cor
1125 3986 1306 4027 meum
1332 3970 1556 4041 explora
1587 3969 1654 4023 ‘°.
1692 3988 1709 4020 r
1746 3968 1919 4022 Item:
1970 3986 1988 4018 ι
2020 3968 2274 4023 Probasti
2310 3984 2431 4035 nos,
2466 3979 2521 4024 et
2580 3970 2803 4024 tentasti
2846 3984 2966 4035 nos,
3029 3972 3502 4041 quemadmodum

216 4068 469 4116 tentatur
498 4068 784 4130 argentum
811 4058 879 4114 δι.
920 4077 939 4109 ι
969 4059 1050 4113 Ad
1087 4057 1347 4114 Davidem
1375 4058 1505 4113 item
1534 4056 1716 4127 inquit
1746 4054 1891 4111 Deus
1920 4073 1935 4111 :
1967 4075 1987 4107 ι
2025 4057 2107 4110 An
2150 4066 2313 4127 putas
2338 4072 2432 4114 me
2480 4059 2592 4112 alia
2639 4059 2855 4114 ratione
2884 4066 3068 4113 tecum
3097 4060 3299 4129 egisse,
3331 4074 3503 4129 quam

215 4158 283 4204 ut
316 4163 616 4219 appareres
640 4146 872 4217 justus?
913 4166 932 4199 ι
961 4145 1123 4201 Tales
1154 4162 1249 4202 eos
1290 4159 1413 4201 esse
1438 4147 1637 4200 asserit
1670 4143 1931 4213 parabola
1963 4144 2059 4213 qui
2114 4159 2281 4213 super
2312 4156 2526 4216 petram
2562 4147 2759 4202 domos
2817 4155 3217 4201 exstruxerunt
3261 4148 3334 4202 δ’.
3395 4146 3503 4214 Qui

213 4239 444 4309 quidem
473 4252 568 4307 per
595 4237 775 4307 ignem
801 4244 856 4291 et
880 4250 1079 4306 aquam
1105 4234 1356 4299 eluctati,
1389 4235 1442 4288 in
1477 4234 1826 4303 refrigerium
1858 4233 2284 4294 contenderunt,
2320 4244 2376 4288 et
2423 4236 2708 4305 spirituale
2742 4249 2947 4288 manna
2980 4247 3367 4305 perceperunt.
3409 4236 3505 4290 1ης

217 4326 556 4380 tellexcrunt
581 4339 714 4378 vero
754 4339 861 4378 non
893 4324 1012 4379 solo
1041 4338 1180 4391 pane
1213 4323 1490 4377 hominem
1524 4321 1801 4384 victitare,
1855 4336 2043 4374 verum
2076 4336 2188 4376 uno
2224 4338 2446 4394 quoque
2474 4326 2644 4381 verbo
2668 4325 2813 4397 quod
2841 4340 2940 4396 per
2966 4338 3030 4379 os
3060 4322 3155 4378 Dei
3186 4325 3490 4393 egreditur.

216 4412 340 4469 Hoc
371 4412 519 4468 enim
546 4412 622 4466 ibi
652 4410 875 4483 quidem
900 4411 1254 4475 dictumest,
1289 4409 1515 4463 allatum
1538 4421 1674 4463 vero
1705 4421 1735 4460 a
1770 4407 2069 4461 Servatore
2099 4408 2153 4462 in
2190 4411 2499 4466 certamine
2552 4423 2745 4466 contra
2780 4411 3056 4466 diabolum
3082 4420 3169 4465 est
3196 4412 3261 4475 “,
3292 4409 3495 4465 Serva;

218 4514 367 4567 tore,
394 4502 654 4572 inquam,
689 4501 783 4571 qui
824 4509 879 4555 et
909 4509 1150 4555 veterem
1178 4509 1233 4555 et
1277 4513 1474 4553 novam
1507 4498 1677 4567 legem
1710 4497 1915 4551 sattxit.
1940 4497 2216 4553 Caeterum
2255 4510 2383 4554 ante
2407 4516 2607 4553 manna
2653 4501 2969 4555 l'ruitionem
3017 4499 3205 4571 priore
3231 4499 3495 4553 alimento

216 4600 511 4661 assumpto
541 4590 794 4646 atllietari
814 4606 881 4644 ac
916 4590 1222 4645 famescere
1243 4598 1482 4658 Oportet.
1504 4586 1684 4642 Porro
1710 4586 1937 4640 verbum
1983 4602 2182 4641 manna
2236 4596 2376 4651 erat,
2408 4588 2537 4643 licet
2568 4588 2729 4658 panis
2768 4604 2992 4657 quoque
3020 4596 3189 4654 esset,
3227 4588 3494 4658 quemad-a

215 4680 449 4736 modum
477 4677 659 4734 Moses
685 4680 851 4734 etiam
882 4677 1355 4748 interrogantibus
1386 4676 1687 4746 respondet
1721 4691 1737 4730 :
1796 4694 1821 4726 ι
1860 4674 1971 4731 Iste
2003 4683 2087 4731 est
2136 4678 2296 4746 panis
2329 4690 2493 4745 quem
2556 4676 2824 4730 Dominus
2873 4676 3036 4730 nobis
3090 4677 3494 4731 comedendum

216 4769 484 4839 apposuit
515 4767 583 4820 “.
612 4784 639 4818 τ
674 4765 828 4821 Istud
855 4764 1019 4837 437
1042 4775 1127 4821 est
1160 4765 1384 4820 verbum
1420 4763 1571 4834 quod
1603 4765 1786 4819 sanxit
1816 4762 2114 4827 Dominus,
2148 4764 2300 4819 unde
2327 4778 2461 4818 sane
2498 4763 2679 4818 tenuis
2717 4771 2772 4817 et
2803 4763 2965 4817 albus
2994 4763 3182 4818 dictus
3205 4774 3313 4819 est.
3340 4764 3501 4820 Exite

215 4857 370 4910 enim
394 4854 619 4909 verbum
649 4862 760 4918 est,
784 4863 838 4909 et
867 4857 977 4909 tale
1005 4855 1151 4923 quod
1176 4854 1480 4923 pertransit
1509 4862 1742 4908 cunctos
1775 4851 2006 4921 spiritus
2073 4851 2462 4922 intelligentes,
2516 4851 2775 4917 mundos,
2832 4852 3211 4908 tenuissimus.
3259 4850 3496 4910 Necnon

214 4958 353 4998 vero
375 4944 495 5012 ipsa
529 4956 753 5012 quoque
784 4942 1055 5011 sapient'm
1090 4942 1326 5011 spiritus
1356 4951 1443 4997 est
1465 4941 1803 5011 intelligens,
1842 4947 2094 5002 sanctus.
2126 4939 2420 5010 unigeuus,
2459 4938 2703 5008 amplus,
2729 4939 2936 4996 tenuis.

295 5056 433 5112 Erat
458 5073 622 5127 porro
645 5057 823 5113 simile
852 5074 1019 5128 grano
1050 5058 1343 5111 coriandri.
1370 5056 1543 5129 [VII],
1574 5055 1947 5128 3.1Tradunt
1998 5054 2282 5109 coriandri
2330 5063 2586 5109 naturam
2621 5053 2848 5125 penitus
2892 5054 3088 5109 semini
3138 5054 3494 5127 respondere,

217 5148 363 5203 adeo
395 5156 458 5201 ut
488 5146 535 5201 si
563 5146 887 5202 succidatur
904 5148 1078 5201 etiam
1110 5146 1390 5201 coriandri
1425 5161 1635 5210 semen,
1682 5147 1791 5200 vim
1816 5158 1982 5198 suam
2015 5157 2125 5197 non
2159 5142 2404 5209 amittat,
2437 5150 2497 5197 ut
2538 5143 2777 5199 sementi
2809 5142 3068 5198 idoneum
3104 5145 3342 5216 amplius
3384 5160 3494 5200 non

217 5236 481 5290 exsistat.
515 5233 846 5303 ﬂujusmodi
895 5237 1127 5288 verbum
1177 5241 1264 5289 est
1295 5232 1541 5298 omnino,
1592 5232 1754 5302 cujus
1804 5233 1991 5286 omnis
2019 5232 2289 5302 particula
2338 5231 2406 5285 ad
2437 5240 2602 5288 terra:
2653 5234 2864 5288 cultum
2899 5244 3093 5287 natura
3130 5242 3257 5302 apta
3294 5242 3403 5299 est,
3445 5236 3492 5289 si

218 5323 521 5378 mandetur
553 5323 860 5376 commodae
912 5333 967 5377 et
998 5323 1156 5376 bonae
1188 5321 1502 5385 terram-hoc
1526 5328 1613 5375 est
1661 5321 1880 5375 anima».
1916 5319 2014 5375 Est
2066 5333 2233 5389 porro
2276 5320 2465 5374 album
2496 5321 2686 5374 etiam.
2718 5319 2927 5374 Lumen
2976 5319 3121 5373 enim
3155 5319 3382 5374 verbum
3409 5327 3496 5375 est

223 5411 394 5481 idque
426 5409 802 5479 splendidum,
852 5426 916 5465 ac
954 5410 1189 5482 proinde
1230 5424 1453 5479 quoque
1488 5409 1675 5463 album
1705 5410 1886 5479 ipsum
1914 5407 2245 5479 intelligenti
2274 5408 2346 5463 ab
2372 5423 2552 5479 eoque
2586 5407 2821 5463 nutnito.
2852 5407 2954 5464 Est
2981 5407 3108 5461 item
3140 5407 3259 5462 saxi
3288 5407 3490 5463 simile.

221 5499 552 5554 Contortum
593 5498 801 5553 etenim
834 5507 938 5561 est,
969 5507 1024 5552 et
1049 5498 1368 5566 neutiquam
1398 5494 1711 5559 ﬂaccidum,
1745 5510 1925 5564 neque
1979 5493 2210 5561 fluxum,
2242 5511 2432 5553 verum
2481 5511 2729 5553 saxeum.
2774 5496 3010 5550 C(Blt'sle
3040 5496 3239 5565 quippe
3264 5495 3492 5551 verbum

222 5594 330 5653 est,
363 5597 429 5639 ac
459 5584 625 5641 uobis
659 5586 909 5643 caelestia
942 5585 1235 5656 promittit.

300 5767 346 5797 “⁸
372 5765 517 5819 Psal.
550 5780 751 5829 chvu,
787 5765 842 5817 9.
955 5762 1002 5794 ⁸⁸
1035 5761 1184 5815 Psal.
1214 5774 1400 5816 xxxvi.
1435 5758 1524 5829 3i,
1565 5755 1656 5829 52.
1767 5756 1812 5787 "
1841 5753 1915 5829 lsa

1870 5772 2135 5829 sa._xxtv,
2172 5758 2227 5812 6.
2305 5759 2351 5791 ⁸³
2384 5758 2582 5813 Matth.
2613 5774 2712 5823 vn,
2748 5760 2834 5814 l3.
2934 5762 2987 5793 ”
3026 5762 3201 5817 Exod.
3238 5775 3352 5827 xlv,
3399 5760 3485 5815 Ν.

236 5833 281 5864 ⁶⁴
319 5833 465 5889 Psal.
511 5850 637 5899 xxv,
671 5826 747 5886 ἓξ
804 5834 847 5863 ⁶¹
878 5832 1023 5887 Psal.
1057 5846 1181 5899 uv,
1228 5832 1317 5883 10.
1391 5829 1434 5858 ⁸³
1470 5826 1664 5880 Matth.
1703 5842 1800 5891 ru,
1833 5828 1851 5879 ’ἡ

1587 5828 1664 5880 th.
1703 5842 1800 5891 ru,
1833 5827 2040 5892 ‘24,
2102 5829 2143 5860 "
2177 5828 2371 5885 Matth.
2412 5846 2482 5894 tv,
2515 5830 2567 5883 4.
2648 5830 2693 5862 ⁸⁸
2734 5829 2905 5885 Exod.
2949 5848 3058 5893 XVI,
3117 5833 3198 5887 15.
