4090 6530
646 347 756 413 8ῧ9
2008 348 2365 408 PROCOPII
2404 350 2651 411 GAZzEI
2784 362 2787 365 ν
3798 373 3885 437 ροο

714 458 834 515 Νοη
874 456 1011 515 dixit
1047 472 1175 514 vero
1222 477 1237 513 :
1290 456 1491 513 Verum
1537 457 1792 513 etiamin
1840 460 1989 514 omni
2035 460 2222 525 verbo,
2256 469 2303 524 Α

2256 469 2303 524 Α
2406 465 2522 518 Οὐκ
2552 462 2677 519 εἷπε
2710 466 2790 530 δὲ,
2853 467 3012 522 Ἀλλά
3059 470 3154 523 καὶ
3207 470 3303 525 ἐπὶ
3350 477 3516 528 παντὶ
3548 478 3761 549 ῥήματι,
3791 488 3869 541 ἀλ).

644 567 836 607 verum
873 552 991 606 sine
1039 551 1236 613 etiam;
1289 558 1550 620 tanquam
1610 554 1662 605 si
1712 551 1949 607 dixisset
1986 550 2148 605 :Nou
2183 551 2237 605 in

2341 554 2471 608 ἄνευ
2503 553 2599 606 τοῦ
2623 593 2637 616 ,
2669 556 2771 609 καί
2796 571 2809 583 ·
2834 556 2909 621 ὠς
2945 557 3133 627 ἔλεγεν
3152 577 3165 589 ·
3196 559 3311 615 Οὐκ
3342 563 3438 617 ἐπὶ
3480 566 3633 637 τῷδε,
3654 563 3695 638 ᾧ
3740 575 3885 633 οἴεσθε

646 645 753 699 hoc
776 658 887 712 quo
920 642 1126 719 putatis
1158 643 1297 707 solo,
1343 658 1530 698 verum
1578 644 1635 697 in
1704 644 1831 697 hoc.
1874 642 2225 697 Manifestum

2343 648 2511 717 μόνῳ,
2552 646 2669 700 ἀλλ’
2719 649 2812 701 ἐπὶ
2843 649 3001 720 τῷδε.
3038 652 3149 706 Καὶ
3192 654 3372 724 δῆλον,
3408 658 3491 711 ὅτι
3548 662 3611 713 τὺ
3658 665 3816 732 μάννα
3839 674 3884 726 τὸ

644 743 730 789 est
766 743 948 787 autem
984 733 1133 804 quod
1159 748 1361 788 manna
1392 749 1462 788 ex
1494 749 1590 790 ore
1620 734 1984 803 proficiscens
2012 735 2238 790 verbum

2342 741 2782 811 ἐκπορευόμενον
2835 744 2900 795 ἐκ
2929 742 3023 796 τοῦ
3082 746 3381 816 στόματος.
3414 751 3569 820 ῥῆμα
3596 750 3690 824 ἦν’
3724 760 3828 814 ἐπεί
3850 784 3890 819 τι

644 835 785 881 erat.
816 824 951 880 Nam
981 842 1271 883 commune
1303 826 1511 896 aliquid
1540 826 1707 882 habet
1735 842 1959 893 manna,
2005 842 2115 896 quo
2138 828 2239 881 do-

2341 834 2522 887 κοινὸν
2572 835 2688 906 ἔχει
2734 838 2797 890 τὸ
2841 838 3018 908 μάννα
3059 840 3117 905 ἐξ
3168 838 3229 896 οὗ
3277 844 3668 916 διδασκόμεθα,
3711 854 3799 907 οὐκ
3824 862 3890 911 ἐπ’

644 939 835 978 cernur
882 938 992 977 non
1052 923 1170 978 solo
1231 937 1370 993 pane
1406 923 1683 978 hominem
1736 923 1939 988 vivere,
1985 937 2109 976 cum
2146 921 2240 977 Dei

2341 926 2493 996 ἄρτῳ
2555 929 2704 997 μόνῳ
2750 928 2850 999 ζῇν
2895 930 2988 982 τὸν
3036 929 3346 1003 ἄνθρωπον,
3392 937 3535 1007 πρὸς
3574 939 3632 992 τὸ
3668 942 3753 995 τοῦ
3783 947 3888 1001 Θεοῦ

646 1016 843 1079 verbo,
867 1030 977 1084 quo
1016 1015 1278 1070 vivimus.

2343 1017 2517 1088 ῥῆμαι
2551 1018 2637 1087 ἐφς
2664 1011 2707 1085 ᾧ
2738 1018 2943 1090 ζῶμεν.

730 1107 1108 1161 Vestimentum
1138 1116 1285 1160 tuum
1319 1122 1477 1176 super
1522 1115 1570 1160 te
1599 1123 1702 1161 non
1726 1114 1807 1160 est
1835 1104 2110 1170 detritum,
2149 1122 2243 1160 nec

2420 1109 2497 1163 Τὰ
2534 1109 2733 1179 ἱμάτιά
2764 1128 2881 1167 σου
2925 1115 2998 1168 οὐ
3048 1119 3494 1186 κατετρίϐησαν
3522 1120 3641 1175 ἀπὸ
3676 1126 3812 1181 σοῦ·
3848 1134 3889 1185 oi

642 1201 796 1270 pedes
817 1202 893 1254 tui
914 1200 1300 1255 intumuerunt.
1321 1199 1488 1271 [VII],
1505 1199 1585 1272 4.]
1610 1199 1899 1254 Prioribus
1924 1199 2029 1253 hoc
2052 1202 2240 1254 statim

2343 1201 2528 1268 πόδες
2556 1219 2676 1258 σου
2711 1207 2823 1259 οὐκ
2846 1206 3262 1277 ἑτυλώθησαν,
3308 1212 3495 1282 Ἰκανὴ
3529 1220 3787 1285 μαρτυρία
3807 1226 3889 1284 τοῖς

646 1294 956 1365 subjungit,
1003 1308 1071 1348 ne
1102 1308 1326 1348 causam
1357 1309 1455 1348 seu
1486 1294 1866 1349 testimonium
1901 1293 2030 1347 hinc
2074 1291 2243 1345 babe-

2345 1292 2692 1365 βουλομένοις
2717 1296 2817 1367 ζῇν
2861 1299 3311 1370 ἀπερισπάστως.
3346 1297 3540 1375 τΙεςίπερ
3573 1309 3601 1359 ό
3648 1309 3817 1383 Σωτὴρ
3846 1317 3888 1367 ὲν

647 1394 769 1441 rent
798 1386 999 1455 quibus
1051 1385 1106 1438 in
1143 1384 1443 1439 securitate
1491 1384 1688 1455 degere
1722 1384 1941 1437 animus
1989 1392 2090 1436 est.
2123 1380 2243 1447 Quo

2346 1383 2706 1452 Εὑαγγελίοις
2729 1389 2790 1440 οὐ
2823 1390 3093 1461 κέχρηται
3125 1394 3263 1465 πρὸς
3292 1394 3499 1466 ἄνδρας
3524 1392 3616 1451 τὸν
3637 1380 3888 1473 νόμονήμε-

647 1493 783 1535 sane
819 1475 1079 1532 Servator
1119 1476 1175 1529 in
1225 1473 1537 1545 Evangeliis
1592 1489 1717 1529 cum
1778 1474 1911 1527 viris
1970 1471 2242 1541 supersti-

2342 1475 2613 1540 λετῶντας
2672 1478 2953 1551 διακενῆς.
3023 1484 3128 1537 «Et
3187 1476 3297 1557 γὰρ
3359 1486 3717 1555 ἐπιστεύετε,
3767 1471 3888 1565 φήςέ,

648 1569 790 1623 tiose
817 1568 983 1621 etiam
1026 1567 1199 1636 legem
1241 1565 1704 1636 amplectentibus
1731 1580 1901 1636 agens
1942 1580 2081 1620 usus
2132 1570 2239 1618 est.

2343 1567 2589 1629 Μωῦσεῖ,
2632 1568 2953 1624 ἐπιστεύετε
3000 1572 3069 1626 ἂν
3115 1575 3210 1629 καὶ
3254 1576 3400 1645 ἐμοί.
3442 1597 3462 1629 ι
3514 1580 3676 1633 Ὅθεν
3715 1585 3771 1636 ἐκ
3807 1588 3890 1641 τῶν

653 1679 673 1713 ι
705 1660 762 1715 Si
794 1660 940 1716 enim
971 1658 1109 1713 Mosi
1132 1656 1538 1725 credidissetis,
1571 1657 1773 1725 inquit,
1809 1658 2004 1726 utique
2027 1663 2081 1709 et
2104 1655 2240 1709 mihi

2346 1658 2481 1710 πᾶσι
2514 1658 2798 1730 προδήλων
2829 1662 3028 1727 αὐτοὺς
3057 1665 3339 1735 ἐκτρέπει,
3381 1668 3453 1721 τὰ
3477 1673 3697 1725 πετεινά
3721 1676 3801 1727 καὶ
3819 1680 3890 1731 τοῦ

646 1752 1029 1807 credidissetis
1052 1751 1119 1804 ⁸⁵.
1154 1769 1173 1803 ι
1229 1748 1389 1804 Unde
1423 1749 1586 1804 rebus
1637 1749 1897 1804 omnibus
1930 1746 2242 1803 manifestis

2276 1834 2308 1842 -
2346 1749 2521 1821 ἀγροῦ
2551 1752 2621 1805 τὰ
2649 1752 2814 1823 κρίνα
2839 1756 3119 1826 προσθείς.
3151 1759 3267 1812 Οὐκ
3301 1761 3617 1832 ἐδεήθησαν
3648 1765 3701 1818 δὲ
3729 1768 3891 1842 ὑποδηο

646 1860 765 1910 eos,
793 1844 1039 1897 volatilia
1069 1843 1199 1897 caeli
1234 1843 1460 1912 liliaque
1497 1842 1615 1911 agri
1646 1842 2032 1911 proponendo,
2066 1857 2096 1895 a
2128 1841 2243 1896 sol-

2275 1834 2313 1889 Β
2351 1844 2540 1914 μάτων
2562 1846 2613 1898 οἱ
2645 1847 2834 1911 πάλαι,
2875 1849 3147 1921 μηδεμιᾶς
3178 1851 3358 1924 λύμης
3385 1855 3453 1907 ὲκ
3481 1856 3583 1926 τῆς
3612 1857 3724 1910 ὀδοῦ
3748 1834 3890 1930 προέ-

646 1934 933 1988 licitudine
959 1933 1232 1987 convertit
1256 1932 1320 1986 “.
1371 1930 1492 1986 Non
1542 1944 1813 2004 eguerunt
1864 1941 2079 1988 veteres
2122 1934 2239 1988 cal-

2340 1936 2673 2009 τριὸομένης
2727 1940 2907 1993 αὐτῶν
2947 1944 3063 2006 τοῖς
3113 1943 3309 1997 ποσίν⁸
3348 1942 3500 2017 εἶχον
3534 1948 3590 2002 δὲ
3635 1951 3725 2003 καὶ
3765 1955 3890 2023 ἀτριε

645 2028 968 2089 ceamentis,
1034 2041 1099 2079 eo
1153 2025 1299 2095 quod
1358 2024 1524 2094 pedes
1577 2042 1768 2081 eorum
1822 2026 1973 2080 nulla
2023 2026 2240 2081 itineris

2343 2028 2459 2091 δεῖς
2488 2029 2747 2100 ἐσθῆτας,
2800 2033 2897 2085 καὶ
2924 2034 2986 2087 τὸ
3019 2036 3219 2106 μάννα,
3268 2040 3364 2092 καὶ
3405 2042 3510 2110 τῆς
3539 2041 3824 2113 ἀκροτόμου
3849 2048 3893 2097 τὸ

648 2118 950 2187 asperitate
981 2124 1369 2170 attererentur.
1407 2115 1551 2182 Quin
1586 2117 1754 2171 etiam
1798 2117 2111 2172 habuerunt
2144 2134 2239 2173 ve-

2344 2117 2511 2189 ὓδωρ,
2559 2121 2739 2173 πάντα
2784 2124 2921 2195 πρὸς
2967 2123 3112 2196 ζωὴν
3157 2130 3436 2200 αὐτάρκη.
3476 2132 3709 2204 Περιττὴ
3747 2136 3892 2191 δὲκαὶ

644 2214 904 2269 stimenta
949 2227 1057 2266 non
1092 2212 1306 2277 attrita,
1334 2213 1466 2266 item
1498 2228 1721 2278 manna,
1753 2227 1952 2280 aquam
2002 2214 2239 2282 denique

2342 2211 2605 2281 ἀνόνητος
2634 2215 2903 2286 ἐπιθυμία
2942 2221 3035 2272 τδν
3060 2219 3281 2290 ὄλεθρον
3318 2224 3510 2286 αὐτοῖς
3548 2228 3888 2297 πῳεξένησεν,

645 2308 855 2377 largam
885 2323 951 2361 ex
977 2318 1151 2375 petra,
1182 2304 1403 2359 abunde
1435 2305 1698 2357 universa
1742 2304 1809 2357 ad
1842 2304 2030 2358 vitam.
2067 2302 2241 2359 Caete-

2340 2301 2415 2365 ὡς
2455 2304 2549 2355 καὶ
2571 2308 2707 2373 ἡμῖν
2736 2308 2804 2362 τὰ
2846 2312 3087 2381 σαρκικὰ
3118 2314 3501 2384 περιέπουσιν.
3546 2337 3565 2369 ι
3593 2319 3663 2372 Οὐ
3700 2321 3888 2376 δύνασθε

646 2413 772 2451 rum
809 2396 1084 2467 superflua
1118 2410 1216 2450 sua
1259 2404 1314 2449 et
1364 2394 1603 2464 iusipida
1639 2395 2113 2463 concupiscentia,
2149 2395 2238 2448 in-

2338 2393 2468 2485 γὰρ,
2505 2397 2658 2465 φησι,
2695 2397 2817 2451 δυσὶ
2843 2402 3055 2472 κυρίοις
3088 2404 3383 2461 δουλεύειν.
3419 2428 3437 2459 ι
3487 2409 3551 2461 Ei
3579 2408 3635 2461 δὲ
3662 2412 3747 2463 καὶ
3784 2415 3890 2485 arpi;

646 2490 848 2542 teritus
882 2501 1109 2539 usuram
1169 2485 1415 2554 sibiipsis
1457 2484 1732 2549 fecerunt,
1768 2484 2233 2551 quemadmodum

2339 2482 2515 2573 βραχὺ
2570 2488 2937 2554 παιδευτικῶς
2986 2492 3094 2546 τῶν
3140 2496 3472 2567 ἐπιτηδείων
3520 2499 3885 2573 ύστερηθῶμεν.

649 2596 750 2635 nos
786 2594 1006 2649 quoque
1036 2594 1160 2633 cum
1200 2570 1369 2631 rebus
1419 2577 1735 2631 carnalibus
1781 2576 1980 2632 addicti
2018 2591 2231 2631 sumus.

2335 2572 2495 2643 δῆλον
2523 2573 2599 2638 ὠς
2640 2577 2725 2629 ἵνα
2766 2580 3157 2652 περιεχὼμεθα
3186 2586 3245 2637 ἐν
3287 2586 3467 2641 ἅπασι
3496 2587 3591 2640 τοῦ
3626 2570 3884 2646 Geel-K6-

653 2692 672 2724 ι
699 2673 818 2726 Non
853 2672 999 2725 enim
1050 2671 1302 2741 potestis,
1346 2670 1549 2737 inquit,
1598 2669 1813 2724 duobus
1844 2668 2083 2722 dominis
2111 2684 2233 2722 ser-

2342 2682 2434 2735 ρος
2479 2667 2588 2738 γάρ
2625 2670 2809 2741 πατὴρ
2862 2671 3106 2743 ὖ6ρεως’
3154 2675 3312 2746 ὕϐρις
3341 2679 3422 2746 δὲ,
3460 2680 3886 2755 ὑπερηφανίας·ἠ

652 2779 766 2819 vire
788 2764 856 2818 "’.
896 2782 913 2814 ι
947 2761 1104 2828 Quod
1139 2763 1183 2816 si
1213 2772 1391 2815 autem
1429 2761 1494 2813 ad
1542 2760 1704 2813 breve
1740 2768 1958 2828 tempus
1986 2759 2237 2829 discipli-

1139 2763 1183 2816 si
1213 2772 1391 2815 autem
1429 2761 1494 2813 ad
1542 2760 1704 2813 breve
1740 2768 1958 2828 tempus
1986 2759 2237 2829 discipli-
2342 2756 2420 2819 δὲ,
2460 2763 2739 2823 πτώσεως.

650 2867 736 2907 nae
758 2868 921 2907 causa
954 2853 1115 2906 rebus
1148 2850 1474 2905 necessariis
1507 2850 1756 2903 destituti
1821 2850 2109 2915 fuerimus,
2169 2856 2284 2901 tum
2326 2857 2553 2916 apparet
2604 2862 2943 2922 quantopere
3001 2870 3192 2912 omnes
3256 2875 3345 2915 res
3413 2862 3631 2919 divinas
3688 2866 3885 2937 amplexi

650 2942 939 3000 fuerimus.
976 2943 1215 2998 Satietas
1240 2943 1385 2997 enim
1417 2950 1572 3012 pater
1606 2941 1953 2996 contumelia:
1983 2950 2087 3008 est,
2120 2941 2456 2994 contumelia
2502 2942 2678 2998 fastus
2721 2959 2785 2999 ac
2833 2948 3127 3016 superbire,
3160 2966 3223 3007 ea
3283 2953 3527 3025 denique
3607 2957 3780 3027 lapsus
3838 2975 3886 3014 ac

647 3037 925 3090 interitus.

720 3129 853 3199 Ejus
897 3129 986 3198 qui
1036 3136 1083 3181 te
1127 3124 1347 3179 deduxit
1396 3138 1490 3192 per
1537 3122 1805 3178 desertum
1857 3131 2065 3178 vastum
2114 3132 2164 3177 et
2214 3120 2540 3177 horrendum
2572 3120 2729 3177 illud.
2782 3122 2929 3195 [l5.]
2974 3123 3075 3180 Ubi
3114 3140 3348 3197 serpens
3400 3132 3658 3187 mordens
3687 3143 3737 3187 et
3763 3150 3886 3189 scor-

647 3234 798 3291 pius.

716 3308 1187 3379 Quemadmodum
1270 3307 1435 3378 ipsi,
1489 3314 1779 3377 postquam
1853 3310 2300 3375 permeassentc

2263 3310 2300 3369 [ζ
2406 3302 2622 3373 ’Ὠσπερ
2668 3296 2815 3355 οὗτοι
2856 3303 2993 3373 μετὰ
3018 3304 3079 3358 τὸ
3111 3305 3340 3361 διελθεῖν
3382 3310 3483 3378 τὴν
3521 3311 3771 3383 Ἐρυθρὰν
3803 3315 3878 3367 θά-

644 3419 799 3459 mare
856 3400 1145 3465 Rubrum,
1198 3399 1252 3453 in
1314 3414 1424 3469 quo
1487 3398 1782 3469 Apostolus
1821 3412 1916 3451 eos
1987 3396 2231 3465 baptiza-

2340 3396 2567 3460 λασσαν,
2600 3395 2695 3448 καὶ
2723 3390 2757 3470 ᾗ
2790 3413 2959 3467 φησιν
3008 3398 3037 3449 ό
3079 3398 3424 3465 Ἀπόστολος,
3458 3404 3539 3465 είς
3558 3404 3647 3456 τὸν
3676 3406 3880 3475 Μωῡσῆν

648 3507 735 3551 tos
782 3509 904 3549 esse
942 3493 997 3545 in
1044 3491 1245 3545 Hosem
1295 3490 1474 3559 inquit
1521 3492 1604 3555 ⁶⁸,
1635 3497 1996 3560 peragrarunt
2045 3488 2232 3543 deser—

2340 3486 2730 3557 βαπτισθῆναι,
2786 3487 3004 3557 διῆλθον
3054 3489 3153 3561 τὴν
3178 3491 3386 3561 ἔρημον
3426 3493 3527 3563 τὴν
3559 3494 3799 3565 φοϐεράν,
3832 3491 3879 3550 οὗ

647 3594 763 3640 tum
824 3584 1147 3637 horrificum
1211 3581 1303 3635 ubi
1366 3596 1597 3651 serpens
1654 3582 1911 3634 mordens
1965 3590 2020 3634 et
2073 3594 2227 3635 scor-

2335 3578 2459 3646 ὅφις
2494 3577 2707 3631 δάκνων
2740 3581 2836 3632 καὶ
2864 3581 3147 3652 σκορπίος,
3187 3581 3361 3647 τύπος
3400 3585 3555 3649 ὄντες
3595 3587 3684 3639 τοῦ
3720 3589 3876 3658 νοητοῦ

648 3679 793 3747 pius,
827 3676 919 3744 qui
946 3676 1176 3743 figuram
1215 3673 1527 3743 spiritualis
1558 3672 1831 3741 serpentis
1877 3675 2035 3741 gerit,
2068 3686 2228 3740 quem

2336 3671 2539 3739 ὄφεως,
2563 3670 2651 3738 ἐφ’
2676 3670 2735 3723 δν
2767 3671 2859 3725 καὶ
2890 3676 3082 3727 πατεῖν
3110 3676 3137 3727 ὁ
3162 3676 3367 3745 Κύριος
3392 3678 3549 3748 ἡμῶν
3586 3680 3872 3750 ἐδωρήσατο·

643 3769 811 3823 etiam
843 3765 1284 3841 conculcandum
1316 3763 1583 3818 Dominus
1617 3764 1779 3818 nobis
1820 3763 2074 3818 exhibuit
2104 3781 2116 3815 :
2154 3763 2229 3817 ita

2335 3761 2478 3815 οὕτω
2510 3764 2602 3815 καὶ
2630 3762 2771 3832 μετὰ
2793 3764 2853 3815 τὸ
2878 3765 3132 3835 ἀληθινὸν
3163 3766 3453 3838 βάπτισμα
3479 3770 3566 3823 διὰ
3594 3772 3875 3841 πειρασμῶν

643 3874 866 3928 quoque
919 3866 1044 3928 post
1076 3858 1345 3927 baptisma
1378 3872 1568 3911 verum
1629 3872 1727 3926 per
1774 3856 2107 3910 tentatioues
2136 3855 2232 3909 de-

2335 3854 2625 3923 ἐξάγονται
2676 3855 2756 3916 εἰς
2796 3850 2897 3925 τὴν
2949 3854 3157 3926 ἔρημον
3202 3859 3252 3910 οἱ
3294 3860 3518 3922 πιστοὶ,
3562 3860 3875 3932 πειρασθῆναι

644 3954 928 4005 ducuntur
976 3951 1030 4002 in
1086 3950 1365 4005 desertmn
1416 3948 1627 4013 ﬁdeles,
1683 3957 1802 4001 uta
1851 3947 2072 4001 diabolo
2112 3953 2230 4001 ten-

2336 3944 2442 3997 ὑπὸ
2471 3943 2565 3996 τοῦ
2608 3942 2880 4008 διαϐόλου,
2933 3940 3008 4000 ὧν
3048 3947 3219 4011 τύπος
3257 3950 3497 4020 Χριστός
3526 3969 3540 3983 ·
3583 3952 3696 4022 μεθ’
3731 3946 3783 4004 οὗ
3805 3951 3874 4003 λέ-

644 4050 834 4096 tentur
874 4058 889 4093 :
932 4055 1165 4109 quorum
1213 4039 1444 4110 figuram
1494 4038 1752 4095 Christus
1796 4038 2057 4102 sustinet,
2102 4052 2228 4092 cum

2268 4092 2272 4096 ,
2335 4050 2491 4101 γουσι
2522 4033 2600 4102 τῷ
2632 4035 2948 4105 πειράζοντι
2971 4053 2985 4069 ο
3027 4056 3045 4089 ε
3069 4038 3181 4092 Οὐκ
3210 4040 3296 4092 ἐπ’
3325 4040 3481 4112 ἄρτῳ
3510 4043 3650 4113 μόνῳ
3687 4042 3874 4112 ζήσεται

644 4148 757 4204 quo
785 4133 852 4186 ad
884 4140 1217 4185 tentatorem
1261 4131 1457 4184 dicunt
1487 4147 1502 4185 :
1545 4148 1563 4181 ι
1596 4129 1714 4185 Νοιι
1751 4132 1802 4184 in
1833 4145 1974 4200 pane
1997 4130 2120 4186 solo
2147 4122 2229 4183 v'i-

1093 4146 1217 4184 irem
1261 4131 1457 4184 dicunt
1487 4147 1502 4185 :
1545 4148 1563 4181 ι
1596 4129 1714 4185 Νοιι
1751 4132 1802 4184 in
1833 4145 1974 4200 pane
1997 4130 2120 4186 solo
2147 4122 2229 4183 v'i-
2336 4124 2650 4195 ἄνθρωπος.
2691 4145 2708 4179 ι

644 4224 860 4280 ctitabit
900 4223 1062 4276 Inoino
1091 4223 1155 4276 °’.
1208 4241 1227 4274 ι

716 4316 783 4372 In
820 4326 1015 4370 terram
1054 4316 1245 4369 bonum
1292 4323 1341 4367 et
1390 4314 1644 4382 amplam.
1816 4311 1950 4367 Illud
2001 4312 2224 4383 quidem

2406 4302 2510 4366 Εἰς
2539 4300 2659 4371 γῆν
2689 4302 2926 4371 ἀγαθὴν
2969 4304 3066 4359 καὶ
3104 4305 3371 4375 πολλήν.
3402 4307 3478 4360 Τὸ
3514 4300 3630 4377 μέν,
3674 4302 3728 4360 τδ
3760 4306 3872 4373 γόνιά

644 4409 985 4465 fertilitatem
1013 4407 1244 4471 indicat,
1280 4405 1384 4461 hoc
1412 4420 1543 4459 vero
1576 4405 1976 4474 longitudinem
2008 4413 2063 4460 et
2103 4406 2228 4459 lati-

2337 4410 2438 4462 μον
2472 4394 2625 4465 δηλοῖ
2646 4412 2659 4424 ⁸
2689 4396 2750 4449 τὸ
2776 4396 2855 4462 δὲ,
2887 4398 3065 4467 μῆκος
3108 4400 3201 4452 καὶ
3237 4400 3441 4464 πλάτος
3473 4402 3571 4469 τῆς
3601 4401 3786 4471 χώρας.
3813 4399 3869 4451 Οὐ

645 4500 886 4556 tudinem
925 4498 1189 4568 regionis.
1224 4496 1342 4551 Non
1379 4496 1523 4551 enim
1552 4494 1846 4566 IEgyptus,
1879 4496 1925 4550 si
1954 4497 2002 4551 ei
2034 4496 2224 4551 confe-

2332 4486 2572 4559 τοσαύτη
2614 4488 2725 4561 γὰρ
2758 4491 2790 4560 ή
2840 4490 3119 4558 Αἴγυπτος
3171 4493 3429 4561 apag..."
3462 4494 3574 4563 (87)
3606 4494 3750 4547 πάλιν
3778 4492 3867 4543 δια-

641 4600 817 4653 ratur,
856 4597 1006 4643 tanta
1049 4596 1154 4642 est.
1191 4588 1327 4640 Item
1377 4599 1572 4639 rursus
1626 4584 1995 4653 distinguens,
2048 4583 2226 4651 inquit

2335 4579 2591 4643 στέλλων,
2620 4581 2787 4649 φησὶν
2843 4581 3009 4653 ὓδωρ,
3038 4582 3184 4653 ἔχειν
3226 4585 3285 4649 ἐξ
3304 4586 3540 4657 οὐρανοῦ
3575 4586 3665 4639 καὶ
3696 4581 3864 4653 πηγῶν.

642 4696 839 4751 aquam
873 4681 1093 4735 ccelitus
1140 4694 1205 4733 ac
1247 4693 1315 4732 ex
1369 4676 1617 4731 fontibus
1679 4675 1902 4739 habere,
1955 4675 2049 4729 illa
2082 4671 2257 4730 eniml

2252 4668 2310 4731 D
2334 4670 2409 4723 Τὸ
2435 4672 2544 4742 γὰρ
2580 4672 2800 4742 ἐκείνης
2845 4675 3193 4728 ἐπείσακτον.
3224 4672 3359 4729 Εἶτα
3406 4678 3605 4731 πεδίων
3635 4674 3862 4746 μνησθεὶςι

644 4781 841 4842 praeter
899 4770 1198 4827 ascititiam
1252 4768 1457 4822 nullam
1505 4766 1688 4819 habet.
1754 4763 1959 4819 Deinde
2001 4780 2126 4818 cum
2169 4765 2226 4820 in

2333 4762 2552 4833 ἐπειδὴ·
2582 4763 2742 4817 τοῦτο
2799 4766 2981 4819 κοινὸν
3030 4768 3166 4836 πρὸς
3212 4768 3315 4839 τὴν
3364 4769 3660 4838 Αἴγυπτον,
3702 4766 3754 4818 τὸ
3778 4764 3862 4817 τῶν

641 4880 962 4933 camporum
990 4863 1320 4917 mentionem
1370 4860 1677 4923 incidisset,
1725 4864 1890 4927 atque
1933 4857 2038 4911 hoc
2072 4872 2226 4912 com-

2333 4854 2521 4922 ὀρέων
2554 4857 2888 4928 προσέθηκε.
2944 4858 3114 4911 Πάλιν
3160 4858 3333 4913 εἰπὼν
3373 4860 3553 4924 κοινὰ,
3582 4860 3769 4929 πυροὺς
3794 4852 3863 4905 καὶ

644 4968 807 5008 mune
858 4967 982 5006 cum
1035 4951 1274 5021 Aigypto
1325 4951 1508 5013 habet,
1563 4949 1626 5002 de
1670 4947 1937 5001 montibus
1990 4947 2220 5001 addidit.

2331 4938 2548 5017 κριθὰς,
2596 4951 2723 5013 τοὺς
2776 4950 3076 5013 ίδιάζοντας
3126 4952 3379 5021 ἐπιφέρει
3422 4951 3694 5020 καρποὺς,
3732 4943 3862 5006 δεῖξαι

644 5043 814 5097 Porro
854 5051 1144 5113 postquam
1186 5043 1255 5097 de
1286 5042 1627 5113 vulgaribus,
1662 5048 1792 5109 puta
1835 5037 1904 5092 de
1950 5038 2137 5093 tritico
2167 5046 2223 5093 et

2331 5038 2682 5109 βουλόμενος.
2720 5041 2792 5094 τὰ
2845 5042 2947 5111 μὲν
2994 5044 3214 5114 ἐκείνης
3262 5045 3414 5113 παρὰ
3440 5043 3630 5114 ταύτῃ,
3664 5037 3761 5093 ἀλλ’
3787 5034 3863 5087 οὐκ

642 5134 849 5188 hordeo
881 5133 1136 5195 dixisset,
1164 5132 1351 5187 statim
1402 5136 1467 5186 de
1504 5127 1876 5199 peculiaribus
1910 5128 2030 5197 ejus
2062 5137 2223 5184 terra;

2329 5130 2625 5186 ἀνάπαλιν.
2699 5133 2883 5204 Ὀλίγη
2945 5133 3005 5186 δὲ
3058 5135 3159 5205 τῆς
3219 5136 3500 5202 Αἰγύπτου
3565 5133 3656 5186 καὶ
3712 5126 3861 5184 ἐλαίας

640 5224 891 5296 frugibus
927 5223 1114 5279 infert.
1162 5223 1282 5290 Quo
1323 5223 1547 5292 quidem
1595 5222 1843 5276 iudicare
1892 5222 2027 5287 vult,
2080 5223 2225 5292 quod

2328 5223 2457 5292 ἣτις
2533 5224 2657 5277 οὐδὲ
2718 5226 2856 5296 πρὸς
2915 5224 3094 5280 ἔλαιον
3168 5227 3510 5298 ἐπιτήδειος,
3572 5222 3664 5279 καὶ
3720 5222 3861 5288 ἄμπε-

640 5314 729 5368 illa
780 5330 905 5370 cum
960 5315 1065 5370 hac
1108 5315 1182 5371 sit
1229 5312 1590 5375 conferenda,
1636 5311 1732 5367 sed
1779 5328 1889 5365 non
1936 5328 1968 5367 e
2010 5322 2225 5368 contra.
2334 5315 2446 5379 λος.

638 5407 783 5474 Quin
820 5409 989 5463 etiam
1043 5408 1150 5463 olei
1195 5408 1357 5477 inops
1403 5403 1674 5475 Egyptus
1707 5412 1815 5471 cst,
1873 5413 2063 5475 utpote
2107 5420 2229 5475 quae
2268 5407 2334 5461 ad
2384 5410 2491 5465 olei
2565 5419 2822 5467 naturam
2908 5412 3140 5467 minime
3186 5413 3259 5468 sit
3314 5408 3724 5471 accommodata,
3764 5400 3859 5454 item

543 5554 546 5558 .
644 5504 868 5557 vitium.

715 5594 758 5626 ³⁵
785 5592 945 5648 Joan.
976 5610 1031 5659 ν,
1066 5593 1158 5650 46.
1236 5595 1282 5627 ⁸⁸
1312 5593 1506 5650 Matth.
1533 5608 1610 5661 vt,
1636 5593 1731 5659 26,
1762 5592 1855 5649 28.
1932 5592 1977 5626 ⁸⁷
2016 5593 2151 5650 ibid.
2198 5592 2294 5648 24.

1762 5592 1855 5649 28.
1932 5592 1977 5626 ⁸⁷
2016 5593 2151 5650 ibid.
2198 5592 2294 5648 24.
2369 5595 2414 5626 ⁸⁸
2448 5595 2465 5650 1
2494 5594 2624 5652 Cor.
2663 5611 2719 5663 χ,
2751 5596 2807 5651 2.
2888 5597 2931 5635 θ’
2956 5596 3154 5653 Matth.
3186 5611 3261 5663 tv,
3298 5595 3353 5649 4.

712 5779 826 5851 (87)
862 5782 963 5837 Ἲς.
1000 5780 1137 5853 πρδς
1172 5782 1366 5854 αὐτήν,
2155 5709 2391 5768 ΝΟΤᾸΕ.
