4090 6504
262 356 357 423 901
1158 361 1697 421 COMMENTARII
1722 360 1802 421 IN
1842 358 2540 421 DEUTERONOMIUM.
3420 358 3524 422 902

328 467 614 523 Jamvero
658 472 715 518 ut
765 480 865 519 nec
885 480 1034 534 .opus
1067 466 1365 523 lateritium
1395 469 1671 530 omittam.
1697 486 1807 525 non
1840 468 2023 539 magni
2054 484 2121 523 eo
2157 467 2380 522 labores
2408 466 2505 521 tibi
2532 466 2788 523 sumendi
2812 474 2997 533 erunt,
3031 480 3155 520 cum
3189 467 3360 521 duros
3388 468 3528 538 lapi-

260 557 357 610 des
387 564 441 609 et
470 553 721 608 aediliciis
754 566 911 621 aptos
946 554 1170 607 habeas.

332 668 528 737 Ἔχει,
588 666 759 735 φησὶ,
812 665 906 718 καὶ
958 666 1198 737 μέταλλα
1248 668 1468 738 χαλκοῦ.
1514 670 1692 725 Πάλαι
1739 670 1832 741 γὰρ

2022 667 2199 723 Habet
2234 668 2389 733 item,
2423 668 2622 738 inquit,
2664 669 2789 724 aeris
2838 670 3080 734 metalla,
3130 669 3376 737 quinimo
3420 668 3527 723 du-

256 756 402 812 εἷπε.
432 758 597 829 Δηλοῖ
624 759 680 811 δὲ
724 761 756 831 ἠ
811 759 975 829 μέχρι
1006 760 1101 811 καὶ
1150 760 1245 812 νῦν
1276 763 1333 814 ὲν
1370 762 1702 835 Παλαιστίνῃ
1733 765 1832 817 τῶν

1973 760 2074 813 Iunt
2111 759 2322 812 habuit.
2356 759 2694 828 Argumento
2720 776 2850 816 vero
2874 769 2979 824 est,
3004 776 3123 830 qua:
3152 762 3332 815 adhuc
3360 761 3525 814 etiam

254 850 543 920 χαλκικῶν
583 850 801 903 Ἰούϐων
824 851 1045 903 ἀτέλεια
1070 866 1083 880 ⁸
1119 849 1234 904 ἐστι
1260 853 1317 904 δὲ
1342 853 1544 923 μέτρον
1573 855 1676 925 γῆς
1711 856 1832 919 ἴσως

1973 867 2001 903 ιι
2038 849 2324 904 Palaestina
2348 850 2474 904 aeris
2506 847 2777 903 Juborum
2826 851 3044 905 duravit
3072 850 3237 921 438
3264 852 3517 905 immuni-

256 946 371 1007 τοῖς
395 943 563 997 πάλαι
594 942 989 1012 μεταλλευταῖς
1022 942 1452 1015 χορηγούμενον.

1973 956 2055 995 as.
2091 941 2189 994 Est
2223 955 2351 994 vero
2384 948 2542 995 terra:
2576 957 2835 996 mensura
2865 945 3109 1013 antiquis
3144 946 3375 1000 fortasse
3399 930 3528 1000 aeris

1946 1032 2353 1086 scrutatoribus
2385 1033 2749 1101 suppeditata.

331 1154 413 1206 Ac
454 1151 509 1203 in
542 1164 761 1204 summa
790 1162 921 1203 vero
947 1146 1207 1201 omnibus
1244 1146 1407 1201 bonis
1435 1144 1745 1220 aﬂlnituros
1768 1155 1914 1207 esse,
1952 1153 2117 1215 atque
2151 1146 2472 1215 largitorem
2504 1161 2694 1200 eorum
2730 1146 3065 1201 laudandum
3102 1148 3524 1205 celebrandum-

256 1255 371 1309 que
418 1252 562 1293 esse.
614 1236 862 1301 Quorum
902 1236 1125 1304 quidem
1196 1237 1318 1288 loco
1367 1248 1594 1303 regnum
1646 1230 1913 1285 caelorum
1959 1239 2274 1301 terramque
2333 1242 2747 1288 mansuetorum
2813 1233 3069 1289 Christus
3109 1236 3270 1288 nobis
3312 1236 3523 1300 tribuit,

256 1328 425 1395 cujus
456 1335 675 1379 torrens
726 1324 844 1393 ipse
885 1339 1107 1392 quoque
1146 1321 1405 1376 Christus
1438 1332 1543 1375 est.
1590 1339 1606 1371 ι
1634 1316 1901 1371 Torrente
1955 1319 2101 1371 enim
2161 1319 2487 1373 deliciarum
2545 1330 2760 1374 tuarum
2792 1318 3014 1389 ’potahis
3055 1338 3149 1375 eos
3176 1322 3244 1376 ⁷⁰.
3279 1342 3297 1373 ι
3347 1324 3473 1378 Item
3508 1344 3523 1378 :

265 1436 287 1469 ι
313 1416 583 1470 Fluminis
614 1414 755 1468 alvei
786 1412 1067 1466 civitatem
1098 1409 1191 1466 Dei
1236 1411 1553 1464 exhilarant
1579 1410 1647 1462 τ’.
1690 1427 1708 1458 ι
1745 1406 1850 1471 Qui
1882 1405 2047 1458 etiam
2098 1408 2220 1461 vitae
2251 1407 2455 1461 fontem
2496 1423 2554 1461 se
2585 1423 2708 1463 esse
2738 1407 2892 1468 dicit,
2927 1416 2981 1463 et
3022 1410 3173 1463 addit
3206 1425 3220 1462 :
3260 1428 3278 1460 ι
3314 1408 3368 1463 Si
3399 1413 3526 1480 quis

260 1507 407 1568 sitit,
439 1503 621 1557 veniat
670 1512 723 1555 et
756 1501 927 1565 bibat,
958 1515 1025 1553 ex
1070 1507 1264 1552 ventre
1316 1500 1460 1552 enim
1506 1497 1744 1550 bibentis
1797 1492 2020 1547 flumina
2062 1496 2201 1548 viva:
2253 1510 2411 1563 aqua;
2461 1495 2709 1549 salientis
2746 1495 2798 1549 in
2848 1495 3014 1548 vitam
3049 1505 3308 1549 aeternam
3341 1513 3527 1550 erum-

261 1602 400 1661 pent
427 1592 497 1644 τ’.
528 1609 545 1642 ι
579 1589 1000 1659 Cognoseentur
1029 1600 1193 1655 porro
1233 1591 1397 1638 etiam
1424 1582 1637 1637 Domini
1666 1581 1900 1651 judicia,
1948 1594 2099 1637 vasta
2132 1598 2254 1652 qua:
2295 1583 2527 1652 abyssus
2562 1591 2711 1641 sunt.
2768 1591 2822 1637 et
2873 1583 3145 1653 profunda
3185 1583 3525 1650 divitiarum,

259 1684 555 1753 sapientia:
592 1689 647 1736 et
695 1678 1030 1749 cognitionis
1074 1675 1275 1730 divina:
1331 1690 1503 1739 vena;
1546 1674 1783 1743 abyssus
1830 1671 1975 1725 enim
2009 1670 2213 1723 vallum
2253 1670 2428 1739 ipsius
2460 1669 2527 1721 ⁷³.
2583 1668 2856 1723 Caeterum
2895 1686 3050 1738 aqua:
3094 1687 3191 1740 per
3221 1671 3527 1740 eXplicatos

260 1772 552 1826 hominum
615 1768 1021 1824 submissorum
1074 1764 1454 1830 fertiliumque
1499 1776 1725 1830 campus
1793 1768 2106 1826 erumpunt,
2168 1773 2385 1811 necnon
2435 1772 2532 1827 per
2584 1766 2800 1812 montes
2876 1758 3216 1813 sublimitate
3280 1761 3527 1815 C(BIestis

262 1858 672 1929 speculationis
701 1856 977 1911 sublatos.
1010 1852 1125 1907 Illic
1158 1863 1243 1907 est
1275 1853 1607 1906 frumentum
1642 1847 1788 1917 quod
1821 1861 1917 1900 cor
1944 1844 2185 1898 hominis
2216 1845 2529 1898 confirmat.
2561 1843 2692 1898 Item
2756 1843 3023 1899 hordeum
3063 1846 3208 1915 quod
3252 1846 3527 1902 inferioris

264 1949 440 2001 sortis
473 1945 745 2004 homines,
790 1957 893 1996 nec
926 1956 1035 1995 non
1065 1941 1271 1995 multos
1294 1943 1492 1994 nutrit.
1528 1936 1661 1990 Illud
1698 1936 1843 1991 enim
1875 1933 2120 2003 quinque
2152 1933 2323 1986 millia
2356 1933 2409 1986 in
2458 1931 2771 2002 Evangelio,
2812 1933 2916 1986 hoc
2958 1949 3085 1986 vero
3124 1942 3329 1999 septem
3359 1935 3527 1987 millia

263 2035 568 2088 essatiavit
601 2032 665 2083 ⁷⁵.
705 2030 825 2084 Illic
866 2044 995 2085 vera
1028 2029 1156 2083 vitis
1187 2036 1291 2094 est,
1315 2027 1382 2081 de
1425 2041 1534 2095 qua
1573 2024 1835 2078 Servator
1885 2021 2063 2089 inquit
2095 2039 2108 2074 :
2156 2040 2173 2072 ‹
2210 2022 2320 2090 Ego
2350 2021 2479 2074 vitis
2511 2036 2656 2084 sum,
2695 2036 2791 2075 vos
2838 2020 3089 2090 palmites
3118 2021 3184 2072 ".
3226 2040 3244 2071 ι
3290 2020 3405 2075 Illic
3441 2031 3527 2076 est

264 2124 453 2177 oleum
494 2129 813 2175 sanctorum
846 2118 1199 2187 impinguans
1226 2116 1427 2183 capita.
1466 2113 1538 2167 Ita
1577 2125 1797 2181 quoque
1830 2109 2033 2163 fluenta
2075 2117 2205 2164 sunt
2235 2108 2580 2163 dulcedinem
2634 2110 2774 2162 intra
2818 2125 2878 2164 se
2929 2108 3181 2175 ferentia,
3214 2110 3528 2180 polititeque

268 2210 632 2264 acerbitatem
668 2205 980 2260 forinsecus
1012 2204 1491 2260 circumlabentia.
1529 2202 1646 2255 Illic
1699 2200 1856 2263 licus,
1887 2213 2006 2268 qua:
2052 2211 2245 2266 magna
2276 2196 2527 2249 ubertate
2555 2195 2785 2264 spiritus
2815 2197 3141 2251 suavitatem
3195 2198 3387 2268 gignit,
3420 2212 3527 2252 non

264 2314 335 2352 ea
367 2297 587 2368 quidem
628 2310 750 2365 quae
780 2294 1130 2349 sterilitatem
1170 2303 1412 2362 propter,
1445 2306 1506 2344 ac
1539 2290 1794 2343 foliorum
1828 2289 2045 2340 inanem
2074 2293 2327 2337 ornatum
2379 2283 2616 2336 exaruit.
2656 2284 2768 2336 Illic
2825 2284 2926 2338 mel
2980 2292 3108 2338 est:
3135 2285 3371 2339 dulcedo
3407 2284 3531 2339 fau-

269 2387 423 2440 cium
458 2384 771 2437 Servatoris
809 2381 1141 2445 desiderata,
1175 2396 1339 2449 quam
1369 2380 1510 2433 labia
1544 2391 1765 2447 quoque
1796 2372 2027 2443 Sponsae
2053 2372 2107 2425 in
2139 2370 2370 2425 Cantico
2403 2371 2715 2423 stillabunt.
2758 2388 2775 2421 ‹
2801 2368 3004 2423 Favum
3043 2372 3187 2424 enim
3222 2373 3527 2435 stillabunt,

268 2474 483 2540 inquit,
527 2472 671 2525 labia
709 2481 825 2535 tua,
860 2484 1067 2541 sponsa
1098 2470 1165 2523 ⁷⁸.
1216 2487 1233 2518 ι
1278 2469 1389 2521 Illic
1425 2466 1634 2535 lapides
1685 2463 1871 2524 ferrei,
1904 2460 2083 2514 sancti
2136 2473 2301 2525 super
2333 2466 2476 2511 terra
2527 2457 2777 2519 volutati,
2824 2456 3288 2526 quemadmodum
3322 2459 3529 2512 dictum

266 2574 380 2627 est,
413 2572 466 2616 cf.
500 2563 563 2615 ad
591 2562 929 2615 tentationes
964 2560 1189 2613 infracti
1218 2561 1284 2613 ⁷⁷.
1317 2557 1426 2611 Nec
1452 2557 1599 2611 enim
1631 2561 1801 2607 (estus
1841 2564 1943 2603 nec
1995 2552 2274 2598 torrentes
2308 2544 2486 2612 rapidi
2534 2556 2629 2597 eos
2666 2544 3119 2611 absumpserunt.
3165 2542 3296 2597 Item
3348 2545 3475 2597 alibi
3513 2561 3528 2597 :

273 2671 292 2702 ι
330 2653 393 2705 In
428 2662 629 2704 terram
663 2657 911 2704 sanctam
945 2648 1083 2718 lapis
1115 2663 1221 2701 non
1263 2641 1616 2716 itnportatur,
1642 2641 1854 2709 lapides
1887 2635 2032 2690 enim
2073 2633 2193 2700 ejus
2248 2631 2410 2718 ferrei
2440 2638 2569 2685 sunt
2594 2630 2659 2683 ⁷⁸.
2698 2649 2717 2681 ι
2750 2630 2891 2718 Qttin
2933 2642 2985 2684 et
3017 2632 3135 2700 ipse
3165 2630 3308 2686 Deus
3338 2630 3529 2685 Iliero-

268 2739 506 2809 solyma:
532 2736 844 2798 denuntiat,
882 2716 1296 2805 provlapidibus
1329 2733 1620 2785 allaturam
1672 2742 1793 2780 esse
1830 2723 2035 2777 ferrum
2061 2716 2449 2809 ".AQuoduiu
2498 2731 2715 2809 manus
2756 2717 2999 2809 hostium
3052 2718 3271 2772 Israelis
3310 2734 3418 2771 non
3462 2719 3535 2773 sit

269 2804 625 2886 tradendum.
669 2822 765 2878 sed
798 2804 1003 2893 popqu
1036 2804 1130 2892 qui
1168 2820 1336 2874 Deum
1361 2818 1644 2887 cognitum
1692 2813 1891 2865 habeat
1929 2806 2194 2877 :quando
2221 2805 2477 2893 videlicet
2497 2819 2631 2893 cum
2666 2804 2885 2893 gladios
2926 2804 2981 2858 in
3008 2821 3260 2893 vomeres
3296 2816 3536 2860 contun-

269 2913 492 2967 dendos
530 2926 654 2966 esse
679 2889 836 2974 dicit,
868 2889 923 2964 et
952 2889 1174 2962 lanceas
1205 2908 1259 2961 iu
1295 2905 1466 2959 falces
1502 2903 1548 2933 ⁸⁰
1573 2918 1587 2967 ;
1617 2911 1731 2954 ιυιιι
1775 2915 1805 2953 e
1854 2904 2049 2950 contra
2082 2907 2333 2946 vomeres
2362 2891 2415 2943 in
2458 2889 2693 2958 gladios,
2728 2900 2781 2944 et
2819 2890 2991 2945 falces
3020 2891 3073 2945 in
3109 2892 3317 2947 hastas.
3361 2893 3537 2947 Ambo

268 3001 425 3053 enim
457 3013 551 3068 per
579 2998 878 3067 prophetas
908 3012 1010 3051 suo
1041 3005 1286 3064 tempore
1331 2991 1595 3048 Israelitis
1625 2996 1753 3042 sunt
1802 2984 2070 3053 injuncta.
2105 2980 2226 3033 Illic
2257 2979 2473 3033 metalla
2506 2978 2633 3032 aeris
2659 2993 2726 3031 ex
2762 2993 2873 3047 quo
2907 2987 3240 3032 armaturam
3272 2980 3538 3049 spiritua-

272 3088 412 3151 Iem,
437 3096 631 3139 contra
666 3086 811 3138 vires
841 3084 1097 3138 inimicas
1126 3082 1413 3143 certaturi,
1444 3080 1845 3133 instruxerunt.
1882 3068 2082 3123 Horum
2112 3071 2359 3120 omnium
2400 3080 2528 3120 vero
2568 3074 2734 3133 caput
2774 3081 2869 3119 seu
2915 3079 3129 3119 summa
3176 3068 3396 3135 proprie
3429 3076 3535 3133 est,

271 3186 337 3229 ut
396 3176 561 3229 Deum
599 3174 822 3227 laudent
860 3181 1027 3241 atque.
1082 3170 1383 3225 celebrent.
1431 3168 1699 3221 Caeterum
1745 3168 1803 3213 ut
1857 3159 2112 3228 pietatem
2166 3155 2276 3208 illis
2326 3154 2673 3208 commendet
2723 3154 3130 3219 liberationem,
3160 3170 3227 3208 ex
3268 3156 3539 3210 Servitute

272 3262 612 3333 Egyptiaca
647 3262 701 3313 in
734 3261 1056 3313 memoriam
1093 3257 1338 3311 adducit.
1386 3255 1516 3309 Item
1541 3251 1786 3305 omnium
1841 3260 2034 3333 reruni
2073 3242 2517 3333 necessariarum
2568 3242 3069 3333 suppeditationem
3104 3258 3270 3333 quam
3334 3244 3389 3296 in
3443 3245 3539 3298 dc-

272 3328 540 3405 ser'toeis
572 3348 726 3411 fecit,
758 3354 815 3399 ut
845 3361 940 3400 eos
966 3345 1034 3399 ad
1069 3343 1475 3399 confessionem
1506 3339 1669 3392 talem
1703 3335 1888 3403 adigat
1918 3349 1932 3384 :
1970 3349 1987 3381 ι
2021 3328 2109 3383 Dei
2138 3330 2317 3382 nostri
2345 3344 2445 3397 ope
2485 3344 2548 3382 ex
2600 3330 2766 3384 rebus
2801 3330 3033 3384 infirmis
3073 3332 3217 3383 vires
3252 3345 3540 3400 compara-

272 3439 487 3491 bimus.
518 3434 605 3499 Et,
642 3435 758 3504 ipse
788 3434 976 3488 hostes
1038 3440 1259 3487 nostros
1309 3435 1529 3483 atteret.
1560 3444 1579 3478 ι
1630 3424 1760 3477 Item
1794 3439 1807 3475 :
1841 3439 1859 3471 ι
1886 3417 2002 3472 Νοιι
2050 3425 2242 3487 nostra
2288 3416 2509 3504 virtute,
2542 3425 2703 3504 terra:
2755 3425 2958 3504 sortem
2983 3415 3162 3485 adepti
3196 3433 3409 3482 sumus,
3442 3418 3540 3473 sed

275 3524 517 3578 brachio
552 3502 679 3587 tuo,
704 3530 757 3575 et
787 3523 905 3574 luce
937 3520 1124 3573 vultus
1159 3518 1261 3571 tui.
1304 3537 1320 3568 ι
1373 3516 1467 3568 Sin
1502 3526 1632 3567 vero
1665 3510 1750 3563 his
1781 3508 2041 3561 omnibus
2072 3502 2336 3559 oblivioni
2372 3502 2593 3558 traditis
2626 3502 2693 3556 ad
2727 3503 2996 3557 idolorum
3032 3506 3241 3557 cultmn
3289 3507 3535 3558 conversi

274 3612 524 3674 fueritis,
556 3610 763 3679 inquit,
791 3609 1039 3662 obtestor
1070 3606 1306 3659 virtutes
1340 3603 1592 3657 cmlestes
1643 3604 2074 3663 terrestresque,
2110 3592 2219 3679 imo
2251 3592 2368 3660 ipsa
2398 3606 2616 3679 quoque
2646 3591 2937 3679 elementa,
2967 3608 3088 3661 qua:
3120 3607 3226 3646 una
3253 3593 3535 3647 vobiscum

274 3697 583 3767 Emptum
635 3675 992 3765 jelmuomue
1042 3694 1235 3748 hostes
1295 3695 1716 3759 expugnarunt,
1766 3695 1888 3751 quae
1937 3679 2065 3732 item
2122 3675 2391 3767 honorum
2444 3678 2694 3767 einnium
2739 3678 2955 3767 capiam
2990 3679 3146 3767 vobis
3195 3679 3264 3733 ab
3294 3680 3538 3734 omnium

276 3764 497 3853 Opitice
538 3764 1004 3850 eIIunderejussa
1038 3787 1212 3845 sunt,
1264 3776 1412 3847 quod
1461 3772 1697 3843 perditio
1726 3783 1823 3822 vos
1879 3772 2203 3853 correptura
2257 3764 2350 3853 sit,
2413 3765 2709 3853 omniaque
2768 3780 2906 3853 quae,
2936 3764 3137 3853 incolis
3186 3773 3347 3820 terra}
3392 3767 3577 3839 intu-g

278 3850 454 3936 Ii'tis,
487 3886 580 3924 vos
613 3885 834 3940 quoque
864 3867 1183 3938 perpessuri
1223 3866 1372 3921 sitis.
1404 3862 1559 3929 Quod
1593 3873 1725 3916 sane
1756 3855 2127 3909 Romanorum
2155 3850 2446 3905 obsidione
2480 3862 2622 3905 terra
2653 3852 2766 3906 illis
2794 3852 2865 3907 ob
2896 3852 3233 3922 impietatem
3264 3854 3540 3924 adempta,

278 3959 492 4013 factum
532 3968 637 4013 est.

359 4072 442 4123 Οὐ
478 4068 586 4136 γὰρ
628 4067 725 4121 διὰ
756 4066 872 4133 τὴν
911 4065 1307 4131 δικαιοσύνην
1355 4079 1491 4116 σου.
1521 4057 1832 4113 Χαυνοῦσθα

2040 4045 2163 4101 Non
2184 4047 2321 4100 enim
2349 4056 2562 4115 propter
2586 4048 2855 4116 justitiam
2889 4057 3054 4101 tuam.
3087 4047 3205 4119 [IX.
3238 4049 3542 4121 4.](iloria-

275 4163 373 4217 διὰ
405 4160 614 4214 τούτων
638 4160 975 4228 ἀποτρέπει·
1006 4157 1100 4208 καὶ
1129 4156 1398 4208 δείκνυσιν
1432 4153 1600 4206 εκὸὰν
1632 4151 1691 4203 τὸ
1723 4166 1831 4219 προ

1973 4138 2172 4192 tionem
2216 4138 2410 4191 horum
2445 4140 2724 4205 amolitur,
2776 4155 2839 4193 ac
2890 4145 3133 4195 ostendit
3181 4145 3431 4198 evenisse
3488 4146 3538 4196 i-I

278 4254 579 4323 ειρημένον
642 4252 778 4320 πρὸς
841 4249 1114 4319 Ἀϐραάμ.
1179 4244 1700 4314 Ἀναπεπλήρωνται
1755 4243 1825 4308 γὰ

1973 4230 2109 4299 quod
2178 4230 2490 4283 Abrahamo
2562 4240 2688 4285 ante
2762 4233 3199 4300 praedixerat“.
3262 4236 3542 4305 Completa

278 4321 473 4399 λοιττδν
529 4344 634 4397 τῶν
677 4343 1019 4413 Ἀμορραίων
1077 4342 1134 4395 αἱ
1183 4338 1471 4408 ἁμαρτίαι.
1531 4338 1649 4388 Ὅτι
1699 4335 1755 4387 δὲ
1802 4351 1829 4386 ο

1973 4322 2111 4375 enim
2174 4322 2435 4390 deinceps
2496 4321 2720 4376 fuerunt
2780 4334 3009 4393 peccata
3073 4328 3540 4382 Atuorrhaeorutn.

276 4440 375 4493 διὰ
433 4438 529 4508 τὴν
577 4436 926 4505 δικαιοσύνην
980 4433 1146 4488 αὐτοῦ
1192 4434 1397 4496 ταῦτα,
1458 4434 1832 4499 ἁναμιμνήσκε

1973 4413 2121 4478 Quod
2156 4429 2284 4467 vero
2341 4422 2563 4482 propter
2606 4415 2881 4483 Justitiam
2918 4432 3073 4470 suam
3125 4420 3236 4471 haec
3274 4418 3381 4473 illis
3433 4410 3575 4472 nou‘

280 4504 512 4582 πάντων
552 4521 625 4580 ὧν
676 4526 1083 4597 ἡμαρτήκασιν,
1135 4525 1229 4592 ἀφ’
1278 4516 1339 4575 οὗ
1388 4521 1609 4592 ἐξῆλθον
1654 4520 1711 4585 ἐξ
1765 4520 1828 4571 Αἰ

1973 4504 2330 4568 obvenerint,
2385 4505 2629 4557 omnium
2679 4516 3027 4573 peccatorum
3080 4524 3200 4575 quae
3241 4510 3423 4562 statim
3474 4511 3542 4563 ab

280 4619 522 4687 τύπτου,
556 4619 614 4669 οὐ
658 4593 807 4670 κᾷτά
844 4593 1017 4678 τᾶξιν,
1063 4613 1175 4666 ἀλλ’
1201 4613 1276 4676 ὡς
1323 4613 1380 4666 ὲν
1422 4612 1702 4681 κεφαλαίῳ
1729 4611 1832 4679 πρὸ

1973 4609 2192 4665 egressu
2237 4611 2303 4649 ex
2346 4593 2580 4665 Egypto
2629 4598 3045 4662 commiserunt,
3094 4598 3539 4665 commonefacit,

279 4686 346 4761 τὸ
396 4709 695 4777 χρήσιμον,
745 4704 1102 4774 χειραγωγῶν
1149 4703 1350 4765 αὐτοὺς
1407 4702 1541 4771 πρὸς
1585 4699 1832 4752 εὐσέϐεια

1973 4702 2079 4740 [ιοιι
2129 4686 2349 4757 quidem
2388 4689 2541 4757 juxta
2598 4689 2821 4753 seriem,
2876 4689 2971 4743 sed
3022 4690 3075 4742 in
3112 4705 3325 4743 summa
3359 4692 3517 4761 quasi
3584 4724 3591 4735 ι

279 4800 540 4863 ἀπειλαῖς
574 4800 669 4852 καὶ⁸
701 4796 921 4867 ἀγαθῶν
957 4796 1335 4865 ὑποσχέσεσιν.
1620 4784 1623 4787 ’

1973 4778 2240 4832 Czctcrum
2304 4779 2425 4834 istis
2482 4795 2769 4848 pfBlltlI'UIlt
2802 4780 3353 4848 comminationibus,
3407 4800 3544 4853 pta:-

1973 4871 2325 4939 miorumque
2361 4872 2853 4941 pollicitationibus
2903 4888 3065 4926 manu
3095 4876 3251 4943 quasi
3291 4877 3358 4929 ad
3391 4877 3542 4931 utili-

1973 4964 2103 5017 tatis
2146 4964 2267 5027 iter,
2304 4964 2561 5032 pielatem
2604 4965 2860 5019 videlicet
2894 4967 3134 5021 deducit.

360 5084 428 5138 Et
466 5101 623 5149 nunc,
658 5082 857 5148 Israel,
885 5084 1011 5152 quid
1040 5082 1166 5150 petit
1198 5080 1455 5134 Dominus
1489 5079 1593 5132 uisi
1623 5086 1678 5130 ut
1711 5044 2218 5131 timeas‘Dominum
2256 5077 2420 5131 Deum
2459 5082 2651 5135 tuum?
2681 5079 2771 5151 [Χ.
2810 5079 2927 5153 12.]
2961 5079 3074 5137 IIoc
3104 5092 3187 5138 est
3217 5084 3359 5153 quod
3376 5083 3543 5138 Joan-

282 5189 383 5227 nes
418 5173 553 5226 dicit
580 5190 593 5225 :
637 5171 943 5239 «Praecepta
972 5170 1145 5240 ipsius
1170 5184 1278 5222 non
1306 5178 1436 5221 sunt
1463 5166 1651 5237 gravia
1678 5166 1781 5219 δ’.»
1821 5166 1951 5219 Item
1982 5164 2234 5221 Christus
2266 5169 2332 5222 ad
2360 5169 2613 5223 eumdem
2646 5168 2867 5224 modum
2894 5188 2906 5223 :
2930 5168 3159 5241 «Iugum
3188 5174 3332 5226 enim
3367 5190 3544 5228 meum

284 5260 494 5313 bonum
525 5267 631 5324 est,
680 5268 733 5312 et
766 5272 908 5311 onus
947 5272 1129 5311 meum
1171 5256 1286 5309 leve
1310 5253 1377 5306 ⁸³.
1424 5272 1442 5304 ι

356 5372 549 5442 Σιωπᾷ
595 5369 689 5423 νῦν
738 5370 836 5441 τὴν
873 5368 1137 5440 αἰσθητὴν
1178 5366 1502 5436 περιτομὴν,
1548 5367 1671 5419 ἐπεὶ
1704 5367 1832 5436 ἀκρέ

2046 5366 2315 5422 Cancrum
2372 5369 2594 5424 silentio
2646 5371 2908 5426 sensilem
2953 5371 3434 5426 circumcisionem
3491 5375 3545 5428 in

283 5462 475 5515 ϐυστοι
500 5458 639 5534 ἦσαν
662 5480 676 5494 ο
716 5461 921 5532 Ἰησοῦς
967 5462 1075 5532 γὰρ
1108 5460 1305 5522 αὐτοὺς
1336 5459 1393 5510 ὲν
1435 5456 1732 5525 Γαλγάλοις
1762 5475 1827 5510 πε

1973 5459 2260 5527 praesentia
2296 5462 2556 5529 praeterit,
2583 5476 2706 5515 cum
2749 5471 2927 5516 tamen
2960 5463 3284 5532 praeputium
3321 5466 3547 5523 ferrent.

359 5643 405 5675 "
441 5641 585 5696 Psal.
618 5657 779 5704 xxxv,
810 5641 864 5695 9.
942 5640 983 5671 '“
1015 5638 1159 5694 Psal.
1193 5655 1315 5702 XLV,
1343 5636 1396 5691 5.
1473 5636 1517 5705 τε
1551 5633 1711 5688 Joan.
1743 5650 1839 5698 vit,
1870 5636 1962 5703 '57,
1994 5638 2083 5691 58.
2160 5638 2207 5669 ⁷³
2226 5635 2377 5691 Jouae
2418 5652 2476 5701 ll,
2518 5637 2571 5692 6.
2669 5637 2715 5669 7‘
2774 5637 2967 5693 Matth.
3028 5657 3135 5703 xw,
3172 5641 3233 5693 21
3264 5658 3277 5705 ;
3320 5658 3405 5703 xv,
3453 5645 3541 5699 55.

283 5712 329 5743 "
355 5710 515 5765 Joan.
545 5728 628 5777 xv,
661 5712 714 5765 5.
815 5712 861 5743 ⁷⁵
899 5708 1058 5764 Cant.
1095 5723 1170 5770 tv,
1212 5709 1293 5761 II.
1374 5704 1651 5777 7'_’_Za_ch.
1688 5705 1832 5777 lxii

1994 5708 2040 5738 ⁷⁸
2075 5708 2229 5764 Deut.
2282 5723 2399 5773 vm,
2434 5712 2487 5763 9.
2605 5708 2649 5743 7’
2684 5708 2786 5763 Isa.
2821 5724 2908 5773 1.x,
2942 5710 3027 5765 I7.
3127 5713 3172 5741 ⁸ο
3227 5704 3330 5766 Isa.
3384 5730 3442 5773 tt.
3490 5716 3543 5769 ιι.

285 5782 327 5812 ⁸⁸
356 5781 398 5835 G
423 5799 495 5837 ιιι.
531 5773 623 5846 xv,
652 5782 734 5833 I6.
812 5781 856 5811 θ’
884 5779 901 5832 I
934 5779 1093 5834 .Iuan.
1122 5793 1172 5842 v,
1342 5776 1387 5808 ⁸³
1416 5775 1606 5829 Matth.
1636 5790 1712 5842 XI,
1744 5773 1832 5828 50.
