4090 6504
604 355 715 419 9ἱ3

1942 351 2300 415 PROCOPII
2338 351 2584 413 GAZAEI

3779 351 3873 415 904'

604 466 777 522 Josue
805 465 951 520 enim
991 463 1159 535 539
1203 464 1259 517 in
1291 463 1523 535 Gilga'lis
1557 438 1913 520 circumcidit
1945 481 2064 522 eos.
2098 465 2204 521 Ve-

2313 468 2531 538 ριέτεμε
2569 485 2583 499 υ
2619 469 2720 538 τὴν
2755 469 2810 522 δὲ
2843 470 2944 540 τῆς
2997 469 3247 542 καρδίας,
3290 468 3368 532 ὡς
3419 467 3752 537 τιμιωτέραν
3781 468 3865 520 ὑπ-

606 573 728 614 rum
758 557 946 611 cordis
987 555 1365 609 concisionem
1414 570 1514 609 ceu
1565 555 1874 623 digniorem
1929 557 2050 612 loco
2078 558 2199 627 eius

607 647 816 716 posuit.

2311 561 2529 616 έϐαλεν.

681 754 818 808 Deus
840 754 1078 809 deorum.
1106 751 1245 825 [ιλ]
1280 752 1352 808 De
1378 752 1661 821 judicibus
1717 754 2146 826 intelligendum
2204 757 2308 810 hoc
2353 765 2457 811 est.
2487 753 2623 810 Nam
2657 751 2970 825 Apostolus
2999 772 3223 828 quoque
3262 771 3359 814 eos
3400 757 3496 829 qui
3527 757 3795 811 dicuntur
3814 759 3872 810 dii

609 858 708 896 nec
742 844 794 897 in
823 844 970 898 caelo
1006 857 1106 896 nec
1132 843 1185 896 in
1224 851 1372 897 terra
1399 856 1548 905 esse,
1582 845 1823 908 asserit;
1861 858 1893 896 a
1928 844 2252 899 cultoribus
2289 861 2385 900 seu
2419 844 2812 898 adoratoribus
2855 858 2986 898 vero
3042 845 3161 900 suis
3187 845 3268 899 dii
3319 845 3452 900 dicti
3488 853 3620 898 sunt
3638 843 3704 896 “.
3736 847 3874 908 Quod

613 947 746 985 vero
775 933 997 1001 judices
1041 930 1329 1001 Scriptura
1393 931 1535 985 Deos
1603 941 1910 1000 nuncupet,
1950 931 2220 986 indicium
2255 931 2466 986 faciunt
2494 931 2862 1002 Symmachus
2898 941 2956 986 et
2978 932 3211 1002 Aquilas
3235 934 3329 1002 qui
3355 932 3571 987 dictum
3605 931 3764 995 illud,
3797 933 3874 983 ubi

609 1021 849 1087 positum
873 1030 975 1083 est,
1010 1018 1254 1074 adduces
1283 1033 1412 1073 eum
1451 1020 1520 1072 ad
1559 1017 1823 1082 tribunal,
1847 1018 2076 1073 adduces
2105 1036 2224 1073 eum
2255 1019 2323 1072 ad
2357 1019 2503 1084 deos,
2538 1026 2668 1073 sunt
2703 1018 3076 1089 interpretati.

682 1152 872 1208 Denuo
921 1166 1054 1205 vero
1095 1165 1182 1204 res
1221 1150 1279 1204 in
1320 1148 1562 1221 Egypto
1632 1159 1686 1204 et
1724 1150 1949 1206 deserto
2019 1162 2204 1219 gestas

611 1246 669 1301 in
726 1245 1047 1301 memoriam
1101 1244 1440 1308 inculcavit,
1497 1243 1747 1315 adeoque
1808 1247 1877 1300 ab
1925 1247 2205 1302 oblivione

613 1353 805 1394 eorum
858 1351 1108 1392 asserere
1167 1335 1365 1390 sedulo
1436 1345 1671 1390 conatus
1704 1343 1810 1400 est,
1847 1335 2006 1405 juxta
2047 1336 2204 1390 Pauli

612 1430 947 1497 exemplum,
978 1429 1070 1497 qui
1118 1427 1298 1496 inquit
1348 1443 1363 1482 :
1405 1447 1422 1478 ι
1454 1423 1703 1492 Fratres,
1736 1428 1985 1482 eamdem
2045 1429 2206 1484 vobis

613 1522 848 1578 subinde
886 1518 1220 1574 cantilenam
1255 1531 1459 1571 canere
1510 1518 1644 1570 mihi
1682 1519 1904 1587 quidem
1939 1533 2049 1573 non
2081 1533 2202 1573 mo-

611 1613 837 1676 lestum,
871 1613 1030 1666 vobis
1054 1627 1182 1664 vero
1209 1612 1343 1665 utile
1378 1609 1546 1664 est".
1573 1629 1592 1662 ι

684 1705 751 1762 Et
785 1714 1053 1758 moverunt
1090 1719 1155 1758 ex
1205 1703 1422 1759 Beroth.
1471 1701 1574 1774 [6.]
1611 1701 1793 1771 Supra
1849 1703 1902 1757 in
1951 1701 2208 1760 Numeris

2380 1148 2552 1203 Πάλιν
2585 1150 2872 1222 ὑπέμνησε
2895 1153 3003 1205 τῶν
3036 1153 3094 1205 ἐν
3130 1153 3394 1223 Αἰγύπτῳ
3455 1155 3552 1208 καὶ
3587 1157 3658 1224 τῇ
3683 1155 3875 1225 ἐρήμῳ,

2311 1244 2531 1313 μνήμην
2560 1242 2795 1312 ἄληστον
2836 1243 3022 1306 αὐτοῖς
3082 1245 3382 1314 ἐμποιῆσαι
3419 1245 3776 1310 σπουδάζων,
3797 1267 3876 1300 κα-

2306 1334 2375 1387 τὰ
2424 1336 2516 1388 τὸν
2578 1335 2808 1403 λέγοντα
2836 1336 3050 1390 Παῦλον
3091 1353 3106 1368 ο
3175 1355 3194 1389 ι
3236 1337 3502 1406 Ἀδελφοί,
3535 1339 3598 1391 τὸ
3647 1341 3714 1392 τὰ
3759 1343 3879 1394 αὐτὰ

2307 1426 2516 1495 λέγειν,
2583 1428 2707 1497 ἐμοὶ
2773 1425 2874 1498 μὲν
2936 1427 3038 1481 οὐκ
3084 1429 3354 1498 ὀκνηρὸν,
3419 1431 3551 1500 ὑμῖν
3609 1431 3669 1484 δὲ
3724 1434 3880 1500 dono

2309 1517 2422 1580 λές.
2441 1537 2458 1569 ι

2388 1702 2498 1756 Καὶ
2531 1701 2778 1769 ἀπῆραν
2818 1702 2887 1755 ἐκ
2921 1702 3147 1770 Βηρώθ.
3179 1703 3326 1754 Ἀνω
3375 1703 3434 1756 ἐν
3461 1705 3575 1767 τοῖς
3625 1705 3884 1775 Ἀριθμοίς

613 1813 738 1854 cum
780 1799 1045 1852 stationes
1093 1812 1157 1849 ac
1193 1797 1559 1865 migratioues
1611 1797 1847 1849 Iiliurum
1910 1795 2079 1851 Israel
2118 1813 2204 1852 rc-

2311 1796 2628 1864 καταλέγων
2676 1795 2804 1858 τοῦς
2853 1795 3130 1865 σταθμοὺς
3183 1795 3281 1848 καλ⁵
3336 1794 3437 1859 τὰς
3468 1796 3739 1865 ἐπάρσεις
3790 1798 3887 1849 τῶν

613 1898 888 1954 censeret,
923 1889 1130 1941 nullam
1171 1889 1277 1941 loci
1315 1888 1482 1956 hujus
1511 1889 1845 1942 mentionem
1881 1886 2032 1942 fecit.
2061 1889 2209 1962 'I‘an-

614 1992 727 2038 tum
779 1983 922 2036 enim
980 1980 1185 2034 dixit”
1256 1982 1534 2034 Aaronem
1585 1981 1639 2034 in
1700 1992 1888 2034 monte
1952 1982 2025 2034 0r
2086 1983 2201 2034 vita

613 2074 938 2129 defunctum
971 2087 1114 2126 esse.
1150 2069 1264 2124 Illic
1325 2072 1472 2126 enim
1528 2073 1926 2141 compendiose
1952 2086 2017 2125 ac
2050 2089 2204 2126 sum-

612 2167 801 2222 matim
828 2165 1110 2232 attingens
1141 2163 1354 2226 omnia,
1385 2163 1504 2216 loca
1529 2172 1583 2216 et
1612 2173 1860 2231 tempora
1883 2163 2078 2217 ordine
2107 2180 2208 2218 suo

613 2271 1047 2315 commemorare
1095 2256 1303 2308 omisit.
1340 2255 1647 2322 Antequam
1696 2254 1844 2306 enim
1876 2254 1930 2306 in
1955 2252 2208 2307 Ormon-

614 2355 723 2403 tem
753 2347 1060 2408 venissent,
1109 2348 1330 2412 vitaque
1366 2346 1551 2395 Aaron
1585 2342 1885 2396 defunctus
1949 2354 2120 2403 esset.
2154 2347 2208 2398 in

613 2439 837 2509 Gadgad
877 2446 931 2491 et
979 2435 1240 2490 Etebatha
1302 2441 1592 2488 venerunt.
1663 2433 1765 2488 Hic
1827 2449 1957 2488 vero
2012 2435 2207 2490 ordine

611 2532 938 2602 retrogrado
959 2539 1270 2584 enumerat.
1298 2527 1368 2580 Et
1395 2541 1616 2579 rursum
1650 2525 1717 2578 ad
1761 2525 1946 2594 priora
1973 2526 2206 2580 reverti-

615 2636 727 2690 tur,
761 2640 885 2679 cum
921 2622 1143 2690 inquit:
1193 2637 1211 2669 ι
1241 2617 1317 2671 Εο
1343 2627 1597 2686 tempore
1630 2617 1911 2685 separavit
1940 2615 2208 2671 Dciuiuus

613 2719 823 2772 tribum
884 2715 1032 2767 Levi.
1082 2731 1100 2765 ι
1164 2709 1320 2765 Istud
1374 2723 1506 2762 vero
1563 2708 1695 2762 fecit
1733 2710 1787 2761 in
1827 2718 2014 2763 monte
2049 2709 2205 2771 Sina,

613 2808 708 2863 ubi
753 2806 1122 2876 quadraginta
1169 2802 1368 2855 diebus
1425 2809 1482 2855 et
1537 2801 1795 2855 noctibus
1853 2816 1952 2869 pro
2005 2800 2206 2870 papqu

615 2900 851 2955 cadente
880 2896 1172 2950 Dominum
1203 2893 1535 2962 deprecatus
1557 2899 1665 2946 est.

693 2991 787 3046 Ubi
817 2987 1122 3042 semiuabas
1182 3001 1357 3038 semen
1419 2992 1658 3044 tuum,et
1712 2982 1928 3051 rigabas
1988 2982 2204 3050 pedibus

2312 1889 2445 1942 υἱῶν
2483 1887 2718 1960 Ἰσραὴλ,
2771 1887 2873 1940 οὐκ
2925 1885 3173 1956 ἐμνήσθη
3205 1886 3298 1940 τοῦ
3323 1887 3489 1941 τόπου
3523 1888 3724 1940 τούτου
3746 1906 3758 1918 °
3786 1889 3888 1941 ἀλλ’

2311 1980 2433 2034 εἶπε
2491 1981 2583 2033 τὸν
2620 1979 2830 2051 ’Δαρὼν
2872 1983 2929 2033 ἐν
2957 1981 3058 2050 Ὢρ
3109 1979 3186 2049 τῷ
3245 1979 3362 2050 ὄρει
3417 1979 3886 2049 τετελευτηκέναι.

2323 2073 2588 2126 Ἐνταῦθα
2647 2074 2756 2142 γὰρ
2787 2075 2845 2125 ἐν
2896 2073 3133 2141 ἐπιτομῇ
3199 2070 3804 2140 ἀνακεφαλαιούμενος,
3835 2074 3889 2124 οὔ

2312 2167 2587 2236 μέμνηται
2633 2165 2777 2217 κατὰ
2825 2164 2982 2229 τάξιν
3034 2163 3144 2216 τῶν
3191 2164 3397 2225 τόπων,
3425 2163 3458 2232 ἢ
3487 2163 3596 2216 τῶν
3671 2165 3887 2233 καιρῶν.

2310 2260 2422 2312 Καὶ
2443 2258 2552 2327 γὰρ
2586 2257 2716 2328 πρὶν
2747 2255 2924 2308 ἐλθεῖν
2950 2257 3006 2307 ἐν
3036 2256 3136 2326 Ὢρ
3169 2255 3249 2325 τῷ
3279 2256 3395 2326 ὄρει
3439 2257 3536 2309 καὶ
3578 2256 3890 2326 τετελευτῆ.

2312 2367 2402 2404 σαι
2427 2350 2518 2403 τὸν
2535 2349 2765 2421 Ἀαρὼν,
2799 2345 2966 2420 ἦλθον
2994 2349 3073 2413 είς
3110 2348 3319 2416 Γαδγὰδ
3347 2350 3443 2402 καὶ
3471 2350 3557 2412 είς
3597 2349 3878 2402 Ἐτεϐαθὰ.

2322 2440 2586 2494 Ἐνταῦθα
2612 2441 2668 2492 δέ
2697 2439 2925 2504 ἐναλλάξ
2960 2457 3094 2510 φησι
3117 2480 3134 2506 ,
3187 2442 3281 2493 καὶ
3313 2441 3477 2494 πάλιν
3523 2443 3886 2511 ἐπανατρέχει

2308 2533 2400 2586 ἐπὶ
2447 2533 2516 2585 τὰ
2557 2533 2822 2601 πρότερα,
2884 2532 3060 2601 λέγων
3086 2549 3100 2563 ο
3144 2551 3163 2584 ι
3207 2533 3295 2584 Ἐν
3343 2534 3541 2603 ἐκείνῳ
3583 2534 3670 2602 τῷ
3723 2537 3888 2604 καιρῷ

2305 2618 2569 2672 διέστειλε
2598 2619 2804 2688 Κύριος
2847 2619 2947 2689 τὴν
2989 2621 3164 2691 φυλὴν
3193 2622 3347 2675 Λευΐ.
3371 2641 3390 2674 ι
3426 2622 3602 2677 Τοῦτο
3621 2624 3683 2677 δὲ
3710 2625 3873 2694 ἐποίη-

2310 2728 2400 2763 σεν
2432 2713 2489 2763 ἐν
2524 2712 2601 2780 τῷ
2629 2711 2743 2781 ὄρει
2794 2712 2947 2782 Σινᾷ.
2991 2712 3166 2764 Ὅπου
3215 2714 3310 2766 καὶ
3339 2716 3398 2766 ἐν
3435 2712 3485 2784 μ’
3509 2716 3756 2786 ἡμέραις
3805 2719 3888 2769 καὶ

2307 2804 2458 2869 νυξὶν
2483 2804 2832 2876 ὑπερηύξατο
2856 2804 2950 2858 τοῦ
2983 2805 3115 2858 λαοῦ
3151 2807 3503 2872 πταίσαντος.

2382 2986 2549 3038 Ἐστι
2577 2985 2688 3055 γὰρ
2721 2985 2798 3054 γῆ
2825 2988 2914 3052 εἰς
2943 2986 3024 3053 ἢν
3041 2987 3124 3040 σὺ
3153 2991 3579 3058 είσπορεύῃ,...
3602 2991 3708 3043 καὶ
3730 2994 3884 3045 ποτί-

616 3083 761 3144 Iuis,
811 3076 1252 3150 quemadmodum
1328 3076 1544 3128 hortum
1601 3075 1831 3129 olerum.
1891 3073 2202 3145 [XI,10.]

2308 3075 2444 3138 ζωσι
2468 3077 2594 3141 τοῖς
2615 3079 2803 3130 ποσίν
2831 3077 3050 3142 αὐτῶν,
3108 3080 3253 3133 ὡσεὶ
3310 3079 3513 3149 κῆπον
3573 3084 3884 3150 luxuriae.

616 3178 822 3232 Deinde
854 3178 1040 3230 addit:
1073 3194 1092 3227 ι
1115 3174 1250 3227 Nam
1282 3173 1424 3230 Deus
1453 3174 1674 3243 inspicit
1698 3185 1902 3228 terram
1925 3175 2152 3244 jugiter,
2178 3192 2197 3226 ι

2311 3168 2755 3241 [Ἐπισκοπείται
2789 3170 2885 3238 τῆς
2908 3171 3241 3239 ἐπαγγελίας
3277 3172 3376 3242 τὴν
3426 3173 3531 3242 γῆν
3578 3173 3886 3237 διαπαντὸς,

617 3283 714 3322 seu
752 3285 768 3315 ι
793 3265 1059 3332 Explorat
1099 3279 1242 3329 eam,
1274 3283 1291 3314 ι
1335 3265 1639 3318 secundum
1674 3267 1814 3319 alios
1849 3266 2203 3335 interpretes.

615 3359 797 3428 Inquit
848 3359 1038 3421 etiam,
1072 3357 1217 3426 quod
1259 3375 1276 3406 ι
1311 3356 1469 3410 Oculi
1513 3355 1732 3409 Domini
1788 3356 1883 3411 Dei
1942 3374 2109 3427 super
2142 3373 2206 3411 ea

616 3451 725 3507 sint
754 3451 820 3503 ab
851 3452 1007 3504 initio
1050 3450 1181 3502 anui
1229 3463 1406 3518 usque
1453 3449 1520 3501 ad
1559 3448 1718 3502 ﬁnem
1771 3449 1922 3501 anui.
1962 3468 1980 3500 ι
2015 3449 2084 3502 At
2122 3449 2206 3504 his

619 3544 843 3613 quidem
875 3542 1105 3611 puerilis
1161 3539 1328 3595 Israel
1384 3541 1618 3609 regitur,
1668 3540 1826 3594 nobis
1866 3555 1997 3595 vero
2049 3541 2205 3609 juxta

618 3651 871 3690 normam
905 3635 1135 3702 spiritus
1166 3633 1515 3688 extendenda
1540 3644 1687 3687 sunt.
1722 3633 1845 3702 Ipse
1876 3634 2022 3688 enim
2061 3631 2206 3688 Deus

618 3730 790 3784 totius
845 3727 1035 3781 mundi
1083 3726 1309 3779 fabricae
1361 3725 1546 3794 opifex
1600 3735 1708 3790 est,
1735 3735 1789 3780 et
1825 3724 2206 3780 misericordia

615 3824 738 3890 ejus
775 3820 977 3875 referta
1018 3828 1107 3873 est
1146 3830 1317 3873 terra.
1349 3817 1566 3888 Saepius
1594 3834 1722 3871 vero
1752 3826 1958 3873 terram
1991 3818 2061 3870 ob
2090 3818 2208 3888 pie—

619 3923 786 3969 tatem
821 3914 1129 3967 incolarum
1183 3911 1428 3980 inspicit.
1491 3910 1656 3979 Atqui
1700 3919 1844 3964 terra
1893 3910 2204 3977 spiritualis

616 4006 936 4063 caelestibus
993 4004 1265 4058 imbribus
1317 4006 1708 4065 humectatur,
1767 4001 2084 4072 nullamque
2137 4017 2204 4055 ex

616 4099 806 4154 mundi
841 4097 1113 4166 sapientia
1145 4105 1394 4160 terrena,
1428 4096 1532 4150 sub
1558 4094 1793 4164 pedibus
1818 4096 1939 4162 ejus
1973 4103 2204 4163 propter

616 4191 1034 4260 dcpressionem
1079 4202 1142 4241 ac
1183 4186 1546 4255 abjectioncm
1583 4194 1743 4237 terra:
1774 4183 1960 4252 hujus,
1995 4193 2203 4252 partem

616 4282 782 4352 capit.
819 4281 1068 4336 Ecclesia
1136 4280 1321 4348 itaque
1377 4287 1482 4340 est,
1520 4292 1684 4347 quam
1737 4276 1879 4330 Deus
1906 4277 2109 4346 jugiter
2138 4278 2206 4331 ab

620 4373 777 4428 initio
809 4373 940 4426 anni
1002 4371 1186 4432 electi,
1215 4369 1375 4438 juxta
1404 4366 1600 4422 Isaiam
1621 4368 1689 4430 ⁸⁷,
1740 4385 1913 4436 usque
1941 4368 2005 4421 ad
2041 4370 2203 4423 linem

2306 3262 2474 3332 ἤγουν
2505 3262 2728 3331 ἐκζητεί
2764 3262 2956 3332 αὐτὴν,
3003 3263 3149 3316 κατὰ
3201 3264 3329 3326 τοὺς
3376 3264 3572 3327 ἄλλους
3631 3267 3892 3336 ἐρμηνευ⁹

2304 3354 2448 3425 τάς.]
2478 3353 2663 3407 Ταῦτα
2691 3355 2748 3407 δὲ
2775 3355 3071 3423 λεγόμενα,
3105 3356 3199 3409 τὸν
3251 3357 3352 3426 μὲν
3389 3358 3734 3428 μειρακιώδη
3766 3376 3890 3428 προ-

2303 3447 2562 3517 τρέπεται
2596 3446 2838 3516 ’Ῑσραὴλ,
2877 3449 3008 3517 ἡμῖν
3038 3448 3094 3501 δὲ
3129 3448 3338 3517 νοητῶς
3370 3449 3689 3502 ἐπιϐάλλειν
3744 3449 3888 3502 δίδω⁹

2308 3553 2360 3588 σι
2398 3537 2507 3606 (88)
2547 3539 2659 3600 τοῖς
2717 3537 3054 3607 λεγομένοις.
3100 3539 3274 3602 Αὐτὸς
3323 3541 3431 3610 γάρ
3486 3541 3634 3591 ἐστιν
3667 3541 3697 3592 ὁ
3724 3541 3890 3607 πάσης

2304 3629 2404 3699 τῆς
2428 3628 2660 3692 κτίσεως
2695 3630 2946 3699 ποιητὴς,
2975 3630 3069 3682 καὶ
3115 3631 3212 3682 τοῦ
3246 3631 3429 3694 ἐλέους
3465 3631 3634 3685 αὑτοῦ
3687 3633 3890 3702 πλήρης

2306 3721 2470 3792 ἡγῆο
2525 3721 2620 3775 καὶ
2658 3721 2717 3773 οῦ
2755 3721 2954 3792 μᾶλλον
2989 3722 3101 3791 (89)
3150 3722 3360 3792 ταύτην
3386 3725 3557 3795 ἐφορᾷ
3591 3725 3622 3794 ἢ
3660 3725 3888 3791 ἐκείνην.

2307 3814 2355 3864 εἱ
2387 3813 2461 3883 μή
2492 3831 2545 3864 τι
2575 3813 2661 3865 διὰ
2685 3811 2783 3883 τὴν
2817 3815 2924 3866 τῶν
2945 3813 3250 3885 οἰκητόρων
3288 3815 3597 3868 εὐσέϐειαν.
3634 3817 3812 3882 Ὅπερ
3840 3816 3888 3866 δὲ

2306 3901 2485 3968 εἶπον,
2542 3907 2757 3958 δίδωσιν
2803 3908 3028 3970 ἐννοεῖν,
3083 3907 3160 3967 ὼς
3196 3907 3257 3959 οὐ
3291 3907 3420 3975 περὶ
3469 3911 3573 3976 γῆς
3635 3909 3890 3977 αἰσθητῆς

2306 3998 2493 4060 αὐτοῖς
2521 3997 2816 4065 διελέγετο,
2870 3998 3007 4050 ἀλλὰ
3037 3999 3164 4069 περὶ
3196 3999 3397 4069 νοητῆς
3444 4001 3538 4052 καὶ
3572 4004 3689 4064 τοῖς
3722 4001 3780 4064 ἐξ
3807 4003 3881 4052 οῦ·

2310 4089 2471 4160 ρανοῦ
2501 4090 2730 4161 ὄμϐροις
2775 4090 3157 4161 πιαινομένης,
3218 4091 3312 4144 καὶ
3351 4092 3516 4162 μηδὲν
3549 4093 3612 4144 ἐκ
3646 4094 3750 4164 τῆς
3800 4094 3882 4146 τοῦ

2307 4181 2510 4249 κόσμου
2566 4179 2756 4248 σοφίας
2799 4180 2892 4232 καὶ
2940 4181 3137 4250 γηῖνης
3189 4181 3738 4253 μεταλαμϐανούσης,
3793 4185 3882 4251 τῆς

2308 4272 2413 4325 ὑπὸ
2441 4272 2606 4334 πόδας
2633 4272 2913 4340 κειμένης,
2941 4271 3030 4325 διὰ
3046 4272 3108 4324 τὸ
3125 4274 3380 4326 ταπεινὸν
3405 4275 3501 4327 καὶ
3529 4274 3877 4347 χαμαίζηλον.

2306 4364 2526 4435 Ταύτην
2557 4365 2654 4429 τὴν
2684 4365 2807 4432 γῆν,
2844 4365 3021 4418 είτουν
3048 4365 3147 4435 τὴν
3194 4367 3549 4437 Ἐκκλησίαν,
3605 4368 3884 4430 διαπαντὸς

613 4466 737 4534 ejus
788 4463 1033 4534 inspicit.
1069 4460 1124 4513 In
1160 4476 1271 4529 quo
1327 4459 1521 4513 imbris
1569 4460 1747 4513 instar
1811 4459 1906 4513 Dei
1969 4459 2198 4514 verbum

2308 4459 2483 4529 ἐφορᾷ
2507 4461 2534 4512 ὁ
2563 4457 2716 4525 Θεὸς,
2750 4461 3042 4531 ἀπ’ἀρχῆς
3092 4479 3151 4513 τε
3203 4461 3300 4514 τοῦ
3351 4463 3601 4516 ἐνιαυτοῦ
3657 4463 3762 4534 (90)
3801 4464 3881 4516 καὶ

614 4571 779 4625 super
833 4564 1038 4611 terram
1092 4561 1179 4607 est
1236 4553 1546 4623 delapsum,
1589 4551 1682 4619 qui
1751 4550 1914 4604 etiam
1974 4551 2199 4619 inSpicit

613 4661 779 4716 super
809 4659 1006 4700 omnes
1039 4645 1133 4714 qui
1161 4643 1465 4698 habitatam
1502 4642 1677 4711 ipsius
1706 4639 2010 4695 Ecclesiam
2041 4643 2198 4696 inco-

613 4738 780 4792 lunt:
820 4737 1024 4791 «Oculi
1093 4735 1239 4791 enim
1303 4735 1425 4803 ejus
1484 4733 1654 4802 justis
1709 4741 1838 4786 sunt
1886 4734 2101 4800 intenti,
2136 4748 2199 4787 ac

611 4843 776 4883 aures
804 4829 980 4897 ipsius
1022 4828 1325 4895 precationi
1358 4827 1601 4896 ipsorqu
1626 4825 1693 4878 ⁸³.
1723 4843 1739 4876 ι

2303 4550 2410 4614 ἐως
2457 4552 2558 4622 τῆς
2605 4552 2917 4616 συντελεῖας
2948 4553 3043 4607 τοῦ
3086 4553 3373 4608 ἐνιαυτοῦο
3411 4556 3603 4609 τοῦτον
3643 4559 3749 4628 γὰρ
3797 4558 3881 4608 καὶ

2309 4643 2573 4696 ἐκάλεσεν
2615 4644 2843 4707 Ἡσαΐας
2887 4645 3136 4698 ἐνιαυτὸν
3186 4647 3395 4716 Κυρίου
3435 4647 3662 4713 δεκτδν,
3708 4647 3824 4701 καθ’
3856 4647 3881 4699 δ

2309 4733 2630 4802 ἐπέλαμψεν
2659 4736 2686 4786 ὀ
2726 4737 3024 4806 μονογενὴς
3084 4735 3180 4788 τοῦ
3231 4736 3367 4789 Θεοῦ
3425 4731 3625 4805 Λόγος,
3677 4740 3763 4791 καὶ
3812 4739 3877 4798 ὡς

2312 4825 2464 4887 ὑετὸς
2524 4825 2728 4895 κατέϐη
2763 4827 2855 4879 ἐπὶ
2883 4829 2980 4896 τὴν
3015 4829 3118 4898 γῆν
3144 4843 3157 4857 ·
3193 4829 3289 4882 καὶ
3317 4830 3611 4884 ἐπιϐλέπει
3645 4832 3731 4884 ἐπὶ
3754 4831 3877 4883 πάν-

609 4938 709 4984 τας
755 4923 882 4984 τοῦς
932 4922 1322 4982 κατοικοῦντας
1381 4919 1479 4984 τὴν
1546 4917 1894 4986 οἰκουμένην,
1948 4916 2194 4969 τουτέστι
2269 4916 2367 4984 τὴν
2417 4915 2587 4968 αὑτοῦ
2647 4917 2996 4989 Ἐκκλησίαν.
3063 4937 3082 4970 ι
3122 4920 3186 4972 Οί
3229 4919 3501 4990 ὀφθαλμοὶ
3541 4922 3651 4993 γὰρ
3705 4921 3875 5004 αὑτοῦι

610 5014 798 5084 φησὶν,
825 5015 913 5066 ἐπὶ
949 5014 1213 5075 δικαίους,
1277 5011 1373 5064 καὶ
1415 5003 1531 5062 ὦτα
1571 5008 1742 5062 αὑτοῦ
1787 5009 1866 5070 είς
1899 5007 2086 5078 δέησιν
2121 5007 2323 5060 αὐτῶν.
2358 5027 2375 5058 ι

684 5107 1068 5178 Tempestivam
1099 5121 1147 5162 et
1180 5105 1495 5161 serotinum.
1531 5101 1672 5175 [ιι]
1724 5102 1994 5158 Caterqu
2030 5103 2194 5158 nobis

610 5201 1041 5273 perfectioribus
1064 5198 1448 5270 tempestivam
1483 5195 1709 5266 quidem
1743 5209 1838 5265 per
1874 5195 2191 5264 pmphetas.

606 5384 654 5416 “
687 5382 862 5439 ICor.
897 5395 1018 5445 vni,
1044 5381 1098 5443 5,
1123 5379 1177 5434 6.
1262 5380 1308 5412 ⁸⁸
1333 5378 1574 5450 Philipp.
1609 5393 1694 5446 Ill,
1718 5381 1772 5434 1.

1855 5378 2203 5442 ⁸⁸Νιιηι.›;ι,
2242 5380 2334 5433 27.
2413 5377 2458 5410 ⁸⁷
2494 5378 2602 5437 Isa.
2640 5396 2753 5448 ut,
2789 5384 2844 5449 Ξ,
2885 5385 2938 5438 '5.

2378 5101 2653 5172 Πρώϊμον
2682 5103 2782 5156 καί
2835 5104 3079 5172 ὄψιμον.
3123 5096 3285 5177 Ἡμῖν
3309 5106 3364 5160 δὲ
3399 5111 3512 5172 τοῖς
3543 5109 3877 5178 τελειοτέροις

2304 5196 2397 5250 τὸν
2435 5195 2523 5248 διὰ
2553 5195 2661 5249 τῶν
2718 5197 3015 5267 προφητῶν
3073 5199 3326 5270 πρώῖμον
3382 5202 3531 5264 ὄντα,
3568 5203 3765 5256 καὶτὸν
3799 5201 3877 5253 ἐπὶ

3019 5385 3065 5416 ⁸⁸
3085 5385 3235 5440 Psal.
3260 5385 3576 5448 unm-15.

2143 5500 2353 5557 NOTAE
2363 5540 2378 5556 .

668 5591 780 5661 (88)
839 5592 1034 5661 Ἥμᾶς
1071 5590 1128 5643 δὲ
1171 5590 1380 5661 νοητῶς
1425 5589 1742 5646 ἐπιϐάλλειν
1795 5595 1944 5646 ποιεῖ

604 5660 739 5730 γὰρ.
765 5660 856 5714 κτ.
907 5663 965 5714 ’0
988 5660 1087 5726 τῆς
1116 5660 1250 5730 Atr.
1285 5660 1416 5714 κώδ.

2031 5594 2203 5657 Αὐτὸς
2301 5611 2420 5666 ται.
2449 5596 2634 5666 Μηδὲν
2651 5599 2723 5649 ἐκ
2744 5597 2866 5666 τῆς,
2897 5615 2983 5652 κτ.
3017 5598 3076 5650 Ὀ
3103 5599 3224 5652 αὐτ.

2379 5663 2490 5735 190)
2524 5661 2631 5720 Τοῦ
2658 5661 2919 5720 ἐκλεκτοῦ
2947 5709 2961 5725 .
3009 5669 3150 5721 κατὰ
3195 5670 3288 5721 τὸν
3352 5669 3602 5735 Ἡσαΐαν,
3643 5661 3868 5723 ἐνιαυτοῦ

705 5730 794 5798 89)
833 5732 1000 5786 Πλέον
1021 5731 1076 5784 δὲ
1105 5729 1209 5798 γῆν
1249 5733 1424 5813 ἐφορᾷ
1465 5731 1551 5783 διὰ
1592 5734 1691 5804 τὴν
1725 5733 1835 5786 τῶν
1896 5733 2203 5858 οἰκητόρων
2302 5730 2407 5801 ἕως
2435 5729 2534 5808 τῆς
2566 5738 2900 5802 συντελείας,
2938 5740 3057 5792 κατ’
3089 5738 3173 5802 ὃν,
3204 5756 3290 5793 κτ.
3340 5740 3396 5790 ὐ
3428 5741 3530 5793 αὐτ

709 5802 908 5855 ἐϐειαν.
948 5803 1010 5854 'H
1043 5801 1209 5858 νοητὴ
1236 5801 1290 5853 δὲ
1320 5818 1388 5858 γη
1428 5801 1703 5858 οὐρανίοις
1732 5804 1960 5858 ὄμϐροις
1987 5820 2086 5858 ma
2113 5823 2200 5858 νε-

606 5802 908 5855 ιὺσέϐειαν.
948 5803 1010 5854 'H
1043 5801 1210 5872 νοητὴ
1236 5801 1290 5853 δὲ
1320 5802 1388 5871 γῆ
1428 5801 1703 5872 οὐρανίοις
1732 5804 1960 5875 ὄμϐροις
1987 5801 2086 5858 {ita
