4090 6504
318 323 429 389 903

1247 320 1786 383 COMMENTARII
1814 320 1898 383 IN
1940 318 2640 391 DEUTERONOMIUM.

3489 340 3591 404 906

311 438 410 507 τῆς
475 435 649 492 αὐτοῦ
715 435 992 508 ἐνσάρκου
1061 435 1375 506 παρουσίας
1432 435 1633 508 ὄψιμον
1695 438 1873 507 ἐκπεμ

2003 436 2305 492 serotinam
2338 453 2471 495 vero
2507 456 2609 496 sua
2650 441 2705 497 in
2736 456 2907 500 carne
2944 446 3237 518 praesentia
3273 449 3590 519 novissimis

310 528 517 601 φθίντα
575 529 669 584 ἐπ’
704 530 939 601 ἐσχάτου
969 528 1080 583 τῶν
1138 529 1385 601 ἡμερῶν.
1439 528 1597 655 Οῦιτω
1638 529 1748 603 γὰρ
1804 546 1873 584 κα

310 621 418 655 ωτι..
441 621 839 655 ’κηρυκι-φησί...
877 620 1488 655 λαλδηῦηηηρυυηιηρη
1535 639 1643 655 -..ευ

2001 525 2196 584 diebus
2225 528 2468 587 demisit.
2502 530 2582 588 lta
2620 533 2769 591 enim
2793 544 2850 594 et
2886 553 2991 596 nos
3018 554 3239 612 quoque
3276 541 3442 599 donis
3476 545 3617 637 spi-h

2002 620 2295 655 min-alnum
2331 622 2577 655 (ιη-ηπ...-
3612 648 3615 655 .

305 621 418 675 τῶν
441 621 839 693 πνευματικῶν
876 620 1264 693 ἀπολαύσομεν
1281 620 1664 693 χαρισμάτων.

392 714 523 769 Ἐὰν
545 713 604 767 δὲ
632 714 950 786 παραὸῆτε,
979 715 1134 786 φησὶ,
1165 713 1358 785 σχήσει
1402 712 1495 767 τὸν
1550 712 1725 780 ὑετὸν,
1760 712 1902 767 κατὰ

300 806 397 860 τὸν
439 808 693 876 Ἡσαΐαν,
750 808 1045 864 ἐντελεῖται
1089 810 1213 870 ταῖς
1254 806 1511 876 νεφέλαις
1540 805 1636 860 τοῦ
1669 806 1745 879 μὴ
1780 805 1902 861 δοῦ-

300 916 396 953 ναι
428 898 605 954 ὑετόν.
640 900 777 955 ’ἰδοὺ
800 900 909 970 γὰρ
935 899 1033 954 νῦν
1054 898 1187 971 παρ’
1211 899 1419 966 αὐτοῖς,
1448 897 1511 952 οὐ
1546 899 1898 970 προφητεῖαι,

2001 620 2298 679 ritualibus
2331 622 2597 681 fruemur.

2072 711 2231 779 Quod
2265 714 2310 770 si
2349 730 2478 772 vero
2503 718 2761 777 mandata
2808 738 2930 781 mea
2966 732 3303 797 transgressi
3346 726 3619 805 fueritis,-

2003 805 2243 876 pluviam
2275 810 2607 880 continebit,
2652 812 2854 885 inquit,
2886 826 2940 873 et
2974 818 3130 890 juxta
3164 821 3361 880 Isaiam
3381 826 3451 893 ",
3488 844 3592 883 nu-

2003 896 2166 955 bibus
2188 900 2429 971 pluviam
2455 901 2624 961 edere
2648 906 2980 977 prohibebit.
3046 911 3191 969 Ecce
3239 916 3389 972 enim
3442 935 3607 975 nune

300 991 364 1045 ού
398 994 749 1065 πνευματικὰ
816 994 1153 1067 χαρίσματα,
1219 992 1378 1064 λιμὸς
1397 992 1456 1047 δὲ
1484 990 1742 1062 ἀγαθῶνο
1803 1009 1873 1045 κα

2000 991 2169 1047 nulla:
2196 993 2343 1064 apud
2391 1010 2489 1052 eos
2546 997 2868 1069 prophetiae,
2905 1002 3057 1059 nulla
3076 1005 3221 1063 dona
3249 1008 3588 1079 spiritualia,

300 1084 371 1138 ἐκ
398 1085 501 1156 τῆς
534 1087 637 1157 γῆς
662 1085 969 1152 ἀπώλοντο,
1005 1084 1177 1142 πάλαι
1233 1086 1335 1159 μὲν
1363 1085 1422 1152 ἐξ
1452 1084 1873 1157 εἰδωλολατρεία

1999 1099 2190 1140 verum
2230 1086 2415 1157 inopia
2463 1090 2714 1146 omnium
2765 1094 3034 1159 bonorum
3076 1107 3131 1154 et
3181 1102 3286 1157 soli
3330 1107 3586 1169 mutatio,

300 1178 711 1249 παραδοθέντες
770 1178 1155 1245 Βαϐυλωνίοις,
1215 1178 1312 1232 νῦν
1358 1177 1417 1232 δὲ
1446 1177 1535 1233 διὰ
1575 1178 1637 1232 τὸ
1678 1176 1873 1249 σταυρῤ

1994 1176 2110 1247 jam
2168 1177 2300 1234 olim
2332 1179 2549 1249 quidem
2572 1182 2642 1238 ob
2670 1184 2983 1242 idolatriam
3016 1189 3340 1264 Babyloniis
3371 1196 3585 1266 traditi,

299 1268 647 1341 παραδοῦναι
681 1268 944 1341 Χριστόν.

2003 1282 2150 1323 nime
2213 1283 2347 1326 vero
2408 1272 2557 1343 quod
2615 1274 2902 1333 Christum
2962 1280 3017 1336 in
3095 1298 3317 1342 crucem
3385 1288 3586 1362 adege-

2005 1370 2150 1417 runt.

377 1472 447 1528 Et
470 1474 570 1529 erit
594 1473 969 1543 sempittrnum
990 1471 1408 1527 mentoraculnm
1438 1478 1561 1526 ante
1587 1471 1767 1527 oculos
1798 1480 2018 1530 vestros.
2053 1475 2167 1549 [XL
2198 1479 2309 1554 l8.]
2345 1500 2362 1533 ι
2385 1480 2583 1547 Beatus
2606 1486 2748 1538 enim
2771 1526 2786 1551 ,
2815 1485 2994 1557 inquit
3022 1488 3191 1544 David
3216 1531 3229 1554 ,
3262 1492 3353 1563 qui
3380 1493 3432 1550 in
3470 1496 3586 1568 lege

294 1561 423 1619 dies
452 1571 758 1633 noctesque
784 1561 1143 1617 meditabitur
1168 1561 1236 1616 ’°.
1266 1580 1285 1614 ι
1328 1559 1459 1616 ltem
1486 1559 1554 1617 de
1581 1560 1737 1632 justo
1767 1561 1947 1634 inquit
1973 1582 1987 1619 :
2021 1582 2040 1616 ι
2079 1562 2189 1622 Lex
2224 1568 2318 1624 Dei
2362 1569 2447 1624 sui
2489 1570 2543 1625 in
2572 1572 2737 1627 corde
2776 1574 3031 1643 ipsius".
3054 1596 3073 1629 ι
3108 1576 3241 1634 Item
3267 1559 3294 1636 ί
3316 1600 3335 1634 ι
3365 1559 3585 1641 Βοωίο

303 1650 556 1721 injustos
585 1652 706 1706 vias
742 1659 890 1717 tuas,
917 1658 971 1706 et
1002 1649 1158 1719 impii
1180 1650 1247 1705 ad
1272 1659 1325 1705 te
1347 1651 1832 1706 convertentur".
1867 1669 1885 1703 ›
1917 1649 2148 1722 Oportet
2207 1671 2338 1711 vero
2370 1658 2436 1712 ad
2473 1658 2804 1715 industriam
2832 1663 2969 1733 legis
2998 1681 3220 1738 quoque
3254 1677 3571 1729 accuratain

294 1739 671 1797 imitationem
728 1739 1020 1803 accedere,
1072 1747 1245 1809 atque
1310 1739 1433 1810 ipsa
1458 1735 1525 1793 ad
1558 1736 1853 1794 victoriam
1891 1753 1921 1793 a
1971 1742 2230 1810 gentibus
2291 1745 2681 1816 spiritualibus
2720 1764 2787 1803 ac
2831 1735 3144 1810 sensilibus.
3182 1760 3577 1829 reportandam

293 1826 559 1884 sumciet.
596 1825 729 1882 Nam
760 1836 817 1884 et
845 1827 1008 1884 nobis
1031 1836 1313 1882 certamen
1356 1841 1485 1882 eum
1513 1826 1764 1898 imperiis
1792 1842 1858 1882 ac
1883 1831 2275 1899 potestatibus,
2305 1842 2359 1887 et
2389 1835 2737 1906 principibus
2799 1840 3155 1898 tenebrarum
3201 1825 3310 1903 est.
3371 1846 3579 1907 Verum

298 1936 320 1969 ε
344 1918 480 1972 Sine
513 1932 599 1973 me
617 1916 697 1973 nil
719 1915 939 1973 eﬂicere
969 1915 1288 1987 potestis",
1312 1934 1331 1969 ι
1364 1914 1586 1987 inquit;
1616 1915 1916 1972 validiores
1942 1932 2180 1988 namque
2222 1919 2384 1975 nobis
2409 1931 2561 1977 sunt.

376 2028 487 2084 Kal
532 2027 804 2084 κατοικεῖ
823 2029 941 2084 ἀπὸ
984 2026 1098 2098 τῆς
1137 2028 1364 2099 ἐρήμου
1403 2027 1517 2096 ἕως
1546 2029 1656 2085 τοῦ
1702 2028 1873 2085 Ἀντι

2064 2028 2205 2105 [24.]
2236 2031 2304 2087 Et
2352 2033 2559 2089 habitat
2610 2054 2643 2090 a
2694 2044 2932 2110 deserto,
2986 2044 3058 2098 ad
3112 2046 3483 2106 Antilibanum
3527 2065 3579 2107 et

293 2119 555 2176 λιϐάνου)
587 2122 682 2175 καί
734 2120 841 2176 τοῦ
874 2119 1214 2191 Εὐφράτου.
1266 2121 1358 2176 Ἐν
1412 2120 1613 2191 ψυχαῖς
1665 2121 1889 2175 νοσούν-

294 2233 413 2269 των
476 2217 754 2284 ἀγνωσίαν
809 2216 989 2283 Θεοῦ,
1058 2215 1155 2269 καὶ
1227 2216 1649 2287 προσκειμένων
1728 2217 1888 2270 εἰδώ-

294 2306 439 2370 λοις.

372 2396 487 2453 Καὶ
522 2398 631 2453 τὸν
659 2399 854 2469 φόϐον
882 2397 1068 2470 ὑμῶν.
1099 2399 1166 2454 Τί
1190 2399 1299 2471 γὰρ
1326 2399 1542 2455 δικαίου
1578 2400 1888 2473 φοϐερώτε-

295 2506 400 2561 ρον
427 2490 737 2563 ἀνθρώποις
766 2490 799 2563 ἢ
829 2491 1119 2563 δαίμοσιν;
1167 2510 1187 2545 ι
1212 2486 1285 2565 ᾭ
1314 2493 1411 2547 καὶ
1455 2494 1623 2566 θῆρες
1675 2496 1884 2567 ἄγριοι,

294 2584 495 2653 φησὶν,
525 2582 891 2654 είρηνεύουσι,
922 2583 1014 2638 τὸν
1037 2585 1365 2640 κατέίκόνα
1394 2586 1492 2640 τοῦ
1532 2587 1670 2642 Θεοῦ
1706 2589 1887 2657 ἐπιγι-

292 2668 643 2739 τνώσκοντες
674 2671 1024 2745 χαρακτῆρα.
1056 2691 1076 2725 ι

376 2760 499 2830 Τὴν
516 2762 804 2832 εὐλογίαν
834 2763 933 2817 καὶ
966 2763 1081 2833 τὴν
1119 2764 1410 2836 κατάραν,
1470 2765 1566 2820 ml.
1621 2766 1881 2838 ἀλλαχοῦ,

296 2854 466 2927 «Τὴν
518 2853 666 2926 ζωὴν
727 2855 823 2909 καὶ
879 2856 971 2909 τὸν
1035 2856 1288 2911 θάνατον.
1332 2874 1352 2910 ι
1426 2858 1583 2911 Ἐπεὶ
1640 2858 1736 2911 καὶ
1795 2857 1884 2911 διὰ

290 2944 476 3016 πυρὸς
531 2945 717 3008 αὐτοῖς
775 2944 1153 3016 ἐχρημάτισε,
1205 2946 1419 3018 δηλῶν,
1465 2948 1562 3000 ἐὰν
1619 2948 1723 3018 μὲν
1779 2948 1882 3001 ὑπ-

285 3037 530 3110 ακούσῃ,
555 3038 618 3092 τὸ
647 3038 764 3108 φῶς
787 3054 803 3070 ο
835 3039 929 3093 ἐὰν
960 3038 1018 3092 δὲ
1062 3039 1416 3112 παρακούσῃ,
1446 3042 1505 3094 τὸ
1529 3040 1663 3113 πῦρ.

366 3131 483 3186 Καὶ
517 3129 734 3198 δώσεις
760 3130 877 3201 τὴν
930 3132 1223 3202 εὐλογίαν
1246 3133 1341 3187 ἐπ’
1372 3133 1543 3202 ὅρους
1611 3132 1878 3203 raptat",

285 3221 396 3277 καὶ
426 3220 545 3291 τὴν
564 3221 835 3291 κατάραν
860 3221 956 3276 ἐπ’
990 3223 1171 3293 ὄρους
1197 3223 1459 3279 Γαιόάλδ
1486 3224 1880 3296 Ἐρμηνεύεται

282 3314 354 3368 τὸ
385 3315 487 3386 μὶν
531 3312 788 3385 Γαριζεὶν
812 3354 827 3381 ,
886 3315 1013 3388 ὅρος
1079 3315 1509 3389 λελυτρωμένων
1535 3357 1550 3383 ,
1576 3317 1610 3389 ἢ
1643 3318 1878 3391 διατομὴ

1995 2122 2322 2195 Euphratem
2373 2144 2537 2199 usque
2566 2147 2584 2185 :
2614 2131 2667 2185 in
2707 2135 2908 2192 animis
2957 2138 3268 2211 ignorantia
3298 2143 3391 2201 Dei
3426 2146 3579 2201 labo~
3694 2127 3699 2133 ⁸

1992 2216 2259 2283 rantium,
2293 2218 2565 2289 idolisque
2585 2222 2956 2282 addictorum.

2064 2396 2347 2453 Terrorem
2398 2404 2582 2459 vestri.
2625 2404 2769 2480 [25.]
2815 2406 2959 2476 Quid
2991 2411 3138 2468 enim
3172 2426 3227 2471 et
3256 2416 3577 2477 hominibus

1987 2497 2043 2545 et
2080 2490 2426 2551 daemonibus
2451 2496 2603 2566 justo
2661 2500 3011 2560 terribilius?
3054 2507 3231 2563 «Cum
3288 2526 3400 2582 quo
3448 2512 3577 2571 fera:

1988 2591 2233 2653 agrestes
2287 2602 2530 2658 quoque,
2582 2592 2784 2664 inquit,
2836 2595 3040 2653 divinae
3095 2582 3352 2675 imaginis
3388 2616 3573 2664 notam

1987 2690 2356 2747 agnoscentes
2380 2684 2744 2755 paciscuntur
2765 2689 2832 2745 “.
2876 2708 2896 2743 ι

2066 2769 2499 2831 Benedictionem
2543 2786 2594 2833 et
2626 2783 3063 2839 exsecrationem.
3120 2785 3185 2842 Et
3207 2788 3339 2846 alibi
3373 2807 3389 2845 :
3428 2810 3446 2844 ι
3481 2791 3543 2850 Vt

1986 2868 2096 2915 tam
2125 2874 2180 2919 et
2208 2874 2445 2923 mortem
2469 2870 2539 2926 ".
2563 2888 2583 2923 ι
2648 2870 2787 2928 Nam
2814 2882 2871 2931 et
2907 2890 3006 2947 per
3043 2878 3225 2950 ignem
3286 2881 3398 2941 illis
3440 2900 3540 2942 ora

1986 2954 2108 3008 cola
2140 2958 2390 3026 protulit,
2422 2975 2488 3017 ac
2523 2962 2818 3033 indicavit,
2874 2968 2963 3025 sin
3005 2973 3335 3042 obedierint,
3380 2979 3566 3038 lmnen

1985 3044 2288 3117 habituros,
2306 3050 2394 3107 sin
2413 3068 2547 3110 vero
2567 3057 2795 3115 obedire
2824 3060 3121 3129 noluerint,
3156 3066 3359 3136 ignem.

2055 3134 2481 3198 Benedictionem
2512 3160 2671 3215 super
2696 3157 2938 3205 montem
2971 3151 3236 3223 Garizim,
3258 3171 3307 3214 et
3325 3176 3567 3220 exsecra-

1986 3227 2180 3283 tionem
2212 3248 2372 3302 super
2402 3246 2631 3293 montem
2648 3237 2852 3297 waal.
2882 3243 3023 3318 [29.]
3057 3246 3294 3306 Garizim
3323 3255 3567 3326 quidem,

1984 3320 2031 3376 si
2094 3320 2477 3395 interpreteris
2512 3373 2529 3398 ,
2578 3346 2738 3391 mons
2788 3343 2875 3393 est
2922 3320 3381 3413 redemptorum,
3444 3320 3567 3412 seu.

283 3408 594 3481 παροικίας
646 3409 943 3477 αὐτῶνοτὸ
965 3411 1024 3465 δὲ
1062 3411 1304 3477 Γαισὰλ,
1362 3411 1491 3485 ὅρος
1551 3429 1873 3499 μεματαιω-

1985 3412 2258 3471 abscissio
2311 3418 2678 3480 habitationis
2740 3441 2957 3486 eorum.
3022 3431 3208 3490 Gazbal
3259 3453 3388 3495 vero
3410 3456 3567 3499 mons

288 3503 503 3575 μένων,
532 3502 566 3574 ἢ
600 3501 810 3557 ὠδίνων
850 3502 1052 3558 αὐτῶν.
1085 3503 1327 3569 Εἰκότως
1351 3504 1460 3577 ἄρα
1479 3506 1565 3575 ἐφ’
1596 3498 1660 3560 οὗ
1689 3504 1791 3577 μὲν
1823 3506 1881 3559 at

283 3596 563 3664 εὐλογίαι,
593 3595 680 3666 ἐφ’
737 3588 800 3650 οὗ
833 3596 889 3663 δέ
944 3597 1001 3651 αί
1034 3598 1293 3669 κατάραι.
1348 3600 1542 3653 Κεῖται
1596 3599 1654 3653 δὲ
1703 3599 1880 3654 ταῦτα

281 3687 439 3742 κατὰ
484 3688 545 3741 τὸ
607 3689 924 3743 ἀνατολικὸν
981 3688 1150 3761 μέρος
1184 3690 1447 3765 Ἱεριχοῦς
1502 3692 1763 3747 ἐπέκεινα
1781 3692 1877 3745 τοῦ

282 3777 512 3846 Γαλγὰλ
562 3778 754 3833 τόπου.
787 3779 851 3832 Oi
892 3780 949 3834 δὲ
979 3780 1317 3852 Σαμαρεῖται
1359 3782 1677 3853 νομίζουσιν
1735 3784 1877 3838 αὐτὰ

283 3868 663 3940 παρακεῖσθαι
682 3869 933 3941 Σικίμοις
962 3870 1118 3924 πόλει
1137 3874 1203 3943 τῇ
1229 3873 1323 3926 καὶ
1337 3873 1538 3945 Συχὲμ,
1563 3873 1692 3929 ἔνθα
1723 3875 1877 3947 παρὰ

280 3960 370 4032 τῷ
407 3962 603 4031 φρέατι
656 3961 905 4033 διελέχθη
950 3961 1157 4035 Κύριος
1178 3966 1244 4034 τῇ
1273 3965 1652 4036 Σαμαρείτιδι.
1681 3966 1749 4021 Ἦ
1780 3967 1875 4021 νῦν

281 4052 542 4107 καλεῖται
572 4051 868 4119 Νεάπολις,
907 4053 1152 4108 καλεῖται
1182 4054 1239 4107 δὲ
1267 4055 1360 4108 καὶ
1399 4056 1684 4127 Σαμάρεια
1713 4073 1727 4088 ·
1750 4058 1874 4111 ἐπεὶ

279 4142 346 4196 τὸ
369 4143 518 4214 ὅρος,
542 4144 570 4197 ὅ
591 4160 723 4212 φασι
756 4142 1011 4217 Γαριζεὶν
1053 4146 1188 4214 (9i),
1213 4142 1280 4219 ἦν
1302 4146 1397 4200 τοῦ
1415 4148 1640 4220 Σωμὴρ,
1671 4149 1728 4214 ὃς
1754 4150 1870 4205 υἱὸν

278 4238 419 4309 ἔσχε
477 4238 571 4291 τὸν
628 4238 908 4311 Σομορὼν.
946 4238 1286 4311 Ἐδεὸαιῶθη
1320 4240 1378 4294 δὲ
1430 4240 1671 4311 τοῦνομα
1729 4245 1870 4313 μετὰ

275 4332 415 4393 τοὺς
448 4329 852 4395 ἀποσταλέντας
881 4331 946 4384 ὲκ
970 4330 1071 4385 τοῦ
1115 4331 1382 4404 βασιλέως
1408 4332 1519 4387 τῶν
1563 4332 1870 4406 ’Δσσυρίων

277 4423 576 4495 ἐγκαθίσαι
630 4425 699 4495 τῇ
747 4425 842 4495 γῇ.
888 4422 970 4477 Τὰ
1007 4423 1064 4477 δὲ
1114 4424 1225 4480 τῶν
1270 4426 1681 4493 παροικούντων
1714 4427 1865 4500 ἔθνη,

275 4518 331 4571 οἱ
379 4516 740 4588 ἀπέστρεψαν
781 4517 897 4589 (92)
944 4517 1043 4589 τὴν
1084 4518 1315 4590 καρδίαν
1339 4518 1450 4575 τῶν
1483 4522 1864 4592 Σαμαρειτῶν,

276 4611 359 4675 ὥς
394 4609 909 4683 ἀποστρεφομένους
938 4614 997 4665 ἐν
1028 4614 1151 4676 ταῖς
1208 4613 1396 4684 εὐχαῖς
1432 4613 1567 4686 ὁρᾷν
1629 4615 1767 4686 πρὸς
1806 4614 1865 4668 τὸ

1985 3499 2312 3571 frustratus,
2345 3523 2444 3565 seu
2493 3513 2753 3571 dolorum
2815 3518 3089 3590 ipsorum.
3155 3524 3268 3583 Nec
3326 3529 3565 3589 absurde

1981 3608 2117 3651 sane
2158 3596 2324 3671 440
2353 3616 2479 3658 cum
2544 3620 2713 3679 super
2769 3610 2869 3667 illo
2904 3612 3342 3687 benedictiones,
3400 3640 3563 3695 super

1983 3684 2088 3742 hoc
2130 3705 2262 3759 vero
2310 3694 2733 3757 maledictiones
2792 3703 2907 3759 sint
2960 3708 3143 3765 editae.
3215 3684 3337 3769 Sitit
3374 3684 3560 3774 autem

1980 3789 2198 3841 montes
2246 3785 2338 3841 isti
2368 3799 2501 3846 sunt
2532 3793 2602 3849 ab
2633 3796 2894 3853 orientali
2927 3810 3084 3871 parte
3112 3802 3455 3868 Jerichuntis
3483 3814 3557 3868 ul-

1980 3882 2064 3930 tra
2087 3876 2267 3933 locum
2293 3879 2505 3952 Galgal.
2537 3884 2810 3945 Caeterum
2846 3890 3136 3953 Samaritze
3184 3898 3407 3960 Sicimis
3438 3907 3559 3963 urbi

1976 3982 2100 4037 quae
2129 3977 2184 4025 et
2214 3970 2434 4030 Sichem
2455 3976 2601 4034 dicta
2628 3996 2724 4038 eos
2756 3983 3015 4056 adjacere
3034 3998 3252 4061 putant,
3282 3996 3377 4051 ubi
3407 3998 3559 4056 vide-

1974 4061 2103 4118 licet
2134 4061 2401 4124 Dominus
2454 4072 2599 4141 apud
2634 4083 2858 4144 puteum
2893 4093 3018 4135 cum
3049 4084 3283 4144 muliere
3309 4086 3559 4149 Samari-

1974 4156 2082 4210 tica
2109 4156 2459 4229 disseruit",
2491 4181 2617 4235 quae
2647 4183 2797 4225 nunc
2826 4169 3088 4244 Neapolis
3109 4180 3409 4241 vocitatur.
3446 4183 3558 4243 Nec

1972 4262 2082 4303 non
2110 4265 2237 4306 vero
2267 4252 2518 4310 Samaria
2549 4270 2925 4333 nuncupatur,
2963 4268 3237 4339 siquidem
3272 4290 3430 4334 mons
3466 4280 3557 4336 ille

1970 4358 2135 4412 quem
2167 4346 2407 4402 Garizim
2436 4350 2647 4418 dicunt,
2699 4356 2914 4413 Someri
2974 4363 3071 4433 qui
3144 4364 3314 4425 tilium
3362 4372 3556 4429 habuit

1969 4434 2241 4492 Somoron
2278 4439 2511 4507 dictum,
2569 4454 2706 4500 erat.
2763 4445 2967 4505 Verum
3021 4456 3307 4514 enimvero
3352 4477 3552 4520 nomen

1970 4524 2103 4581 illud
2125 4529 2297 4584 robur
2321 4545 2482 4586 suum
2511 4542 2633 4603 post
2655 4542 2873 4603 tempus
2900 4539 3037 4597 illud
3066 4560 3175 4615 quo
3202 4548 3270 4603 ab
3288 4552 3552 4624 Assyrio-

1969 4631 2090 4673 rum
2112 4635 2236 4691 rcge
2263 4623 2492 4680 coloniae
2511 4625 2562 4679 in
2582 4642 2702 4683 eam
2728 4637 2929 4686 terram
2954 4634 3152 4705 ductae,
3169 4623 3552 4716 estadeptum.

275 4703 427 4776 ὅρος,
448 4703 527 4768 ὡς
552 4703 617 4757 ἂν
641 4701 759 4774 ιχοι
780 4703 891 4757 τῶν
913 4703 1272 4775 εὐχομένωνή
1299 4705 1371 4776 γῆ
1401 4706 1748 4777 κλίμακόςρε
1768 4708 1863 4811 καὶ

1982 4707 2140 4764 Porro
2197 4712 2361 4768 etiam
2395 4730 2461 4770 ex
2492 4716 2689 4776 vicinis
2716 4721 2995 4791 gentibus,
3024 4742 3147 4797 quae
3167 4745 3266 4785 cor
3306 4701 3554 4795 samari-

276 4796 513 4858 θέσεως.
545 4793 609 4849 Ol
638 4796 748 4863 γὰρ
784 4795 953 4865 ίερεῖς
984 4795 1093 4848 τῶν
1130 4795 1301 4851 ἐθνῶν
1323 4797 1432 4850 τῶν
1448 4804 1489 4850 o'
1511 4798 1752 4866 γνόντες,
1786 4797 1863 4862 ὡς

273 4886 616 4957 ἐνεδήμησεν
637 4882 876 4955 Ἔσδρας
910 4882 1325 4955 βδελυττόμενος
1357 4884 1426 4938 τὰ
1448 4884 1665 4950 εἴδωλα,
1695 4886 1863 4955 νόμον

272 4978 421 5049 ἔχων
454 4973 591 5029 θεοῦ
627 4974 721 5028 τὸν
753 4974 1047 5029 κελεύοντα
1067 4975 1158 5028 τὸν
1184 4974 1679 5048 εἰδωλολατροῦντα
1710 4975 1861 5030 λιθο-

271 5069 556 5126 omnem
587 5107 604 5133 ,
665 5067 1005 5131 σπεύσαντες
1050 5069 1263 5140 ἐπῆραν
1318 5067 1428 5123 ἀπὸ
1478 5067 1588 5122 τῶν
1638 5067 1861 5139 ὑψηλῶν

269 5165 444 5220 οῑκων
472 5162 543 5215 τὰ
576 5161 792 5227 εἴδωλα,
852 5161 947 5216 καὶ
968 5162 1026 5215 ἐν
1073 5162 1233 5234 μυχῷ
1287 5178 1394 5217 τινι
1450 5162 1545 5216 τοῦ
1604 5161 1860 5235 Γαριζεὶν

270 5254 635 5327 κατέκρυψαν
658 5254 841 5328 ὅρους,
870 5254 947 5317 ὡς
978 5256 1012 5327 ἡ
1042 5254 1340 5326 παράδοσις
1375 5255 1509 5326 ἔχει.
1534 5257 1645 5312 Καὶ
1670 5256 1861 5329 κειμέ-

348 5395 397 5426 υ
424 5393 532 5449 lsa.
553 5396 607 5456 ν,
638 5392 691 5446 6.
808 5393 854 5425 νο
875 5392 1020 5462 Psal.
1057 5411 1096 5453 ι.
1133 5395 1244 5462 1,2.

272 5469 318 5502 ⁸³
346 5463 514 5521 Deut.
555 5478 683 5529 xxx,
711 5464 801 5518 15.
865 5465 926 5526 ,³⁵
950 5461 1109 5521 Joan.
1138 5483 1212 5533 rt,
1248 5468 1279 5521 7
1299 5483 1456 5539 seqq.

1354 5398 1398 5429 “
1425 5397 1575 5454 Psal.
1597 5417 1785 5470 xxxvi,
1814 5399 1905 5456 51.

1967 4807 2224 4857 tonorum
2272 4814 2701 4877 perverterunt,
2748 4819 2810 4867 ut
2863 4818 3158 4876 orantibus
3214 4839 3552 4901 quocunque

1968 4896 2242 4946 terrarum
2268 4901 2450 4949 tractu
2472 4898 2689 4953 autsitu
2711 4914 2898 4958 essent
2916 4919 2979 4960 ac
3008 4922 3205 4977 preces
3232 4896 3550 4990 funderent,

1968 4982 2302 5052 admiontent
2324 4986 2481 5043 illum
2508 4991 2916 5061 respiciendum
2940 5009 3110 5056 esset.
3137 5001 3273 5061 Nam
3303 4982 3548 5080 gentium

1967 5082 2314 5147 septuaginta
2375 5081 2703 5150 sacriﬁculi,
2739 5089 2963 5158 cognito
2989 5095 3136 5163 quod
3167 5095 3395 5164 Esdras,
3451 5107 3547 5175 qui

1965 5166 2228 5236 quoniam
2253 5169 2427 5241 legem
2459 5173 2554 5228 Dei
2593 5173 2916 5236 idololatras
2945 5182 3193 5252 lapidare
3217 5166 3552 5262 praecipien-

1968 5266 2075 5314 tem
2107 5260 2345 5327 tenebat,
2367 5262 2509 5319 idola
2541 5265 2975 5340 abominaretur,
2996 5274 3375 5347 adventasset,
3395 5260 3545 5340 eitra

2018 5398 2064 5430 ⁹²
2098 5396 2306 5467 l‘sal.t.,
2339 5399 2427 5457 15.
2532 5403 2579 5437 ⁵³
2608 5402 2805 5464 Joann.
2835 5424 2931 5477 xv,
2955 5409 3009 5466 5.
3109 5413 3159 5449 ³⁸
3186 5413 3307 5474 Job.
3346 5436 3399 5486 v,
3451 5424 3543 5480 23.

1814 5568 2049 5629 NOTAE.

336 5647 454 5719 (9i)
478 5645 621 5731 ,Ἐπὶ
660 5645 753 5731 τοῦ
784 5647 1337 5731 Γειριδζὶν,δρουςςτιοῦ⁸
1362 5657 1506 5731 κατὰ
1524 5658 1625 5731 τὴν
1662 5660 1852 5731 Σαμά-

272 5717 450 5789 ρειαν,
475 5717 627 5770 ὂτῶν
655 5717 829 5813 appr
850 5719 991 5813 dapis?
1021 5717 1181 5813 EGVTtV‘
1209 5717 1593 5813 ιὶιὲμηλότσιτον.¹
1625 5717 1850 5802 Ἰώσηπ.

272 5792 329 5813 Ι.-.
356 5792 389 5813 υ
442 5804 547 5813 ---ρ
621 5803 712 5813 ρ-..
904 5808 913 5813 -
1058 5808 1121 5813 --
1141 5808 1157 5813 -
1281 5810 1295 5813 _
1343 5796 1366 5813 μ
1406 5801 1427 5812 ι-
1544 5801 1556 5813 ο
1731 5800 1745 5813 ι

267 5792 330 5846 ιν
355 5792 390 5845 8
442 5804 571 5860 ἀφ’
620 5789 714 5842 τοῦ
758 5789 818 5842 Η
866 5790 1008 5859 βιδλ·
1056 5792 1187 5862 περὶ
1232 5789 1485 5850 Ἰοὺδαῖκ.
1533 5789 1851 5872 ἀρχαιολόγ.

605 5883 888 5947 Pyram.
931 5885 1050 5948 Gn.
1071 5888 1449 5953 LXXXVII.

2030 5664 2141 5750 ί92)
2179 5664 2302 5750 'Ig'.
2340 5666 2651 5750 ἀναγνωστ.
2682 5662 2831 5722 οὕτω
2851 5680 2867 5699 ⁸
2898 5669 2964 5740 τῇ
2994 5671 3065 5742 γῇ
3102 5670 3170 5725 τὰ
3200 5673 3312 5729 τῶν
3346 5694 3543 5750 trapeto

1956 5735 2198 5792 κούντων
2219 5736 2371 5810 ἔθνη,
2396 5736 2431 5792 ἂ
2462 5735 2690 5809 ἁπέστρ.

3104 5900 3183 5961 29
