4090 6510
600 317 698 381 9Τ1

1896 305 2260 370 ῬΒΟΟΟΡΙΙ
2292 307 2538 368 ϐΑΖιΈῙ
3741 308 3833 372 903

594 445 803 487 moram
851 428 1048 483 aedium
1093 425 1415 482 sublimium
1466 424 1612 479 idola
1666 424 2087 490 convulserunt,
2122 438 2186 478 ac

2291 441 2398 477 νων
2420 424 2572 477 κάτυ
2588 422 2697 477 τῶν
2722 417 2980 487 εἰδώλων,
2998 421 3048 474 οἱ
3083 421 3420 493 Σαμαρεῖται
3440 424 3829 497 προσεύχονται.

598 524 653 576 in
684 533 921 577 caverna
979 516 1224 587 quadam
1278 516 1488 571 montis
1521 514 1763 570 Garisim
1800 512 2186 585 (quemadmo-

592 615 725 669 dum
780 610 1006 665 traditio
1064 608 1255 677 habet)
1311 607 1750 663 absconderuttt.
1802 605 1940 660 Cum
1998 606 2187 676 itaque

591 709 786 763 subtus
808 704 956 760 idola
982 704 1228 773 jaceant,
1298 701 1556 772 quamvis
1592 700 1646 756 id
1682 700 2084 772 ignoraverint,
2119 713 2186 753 eo

591 799 845 856 conversi
898 795 1155 851 adorant.
1191 792 1311 849 Non
1342 795 1487 849 enim
1530 791 1817 863 Scriptura
1845 798 2029 863 potest
2079 789 2185 845 fal-

593 894 727 957 lcre,
751 905 875 962 quae
915 890 1095 960 inquit
1125 906 1141 945 :
1176 907 1193 940 ι
1215 886 1656 943 Permanserunt
1688 884 1960 940 facientes
2006 885 2183 956 legem

595 988 712 1054 Dei,
746 994 801 1042 et
839 985 1143 1040 adorantes
1168 983 1415 1052 ipsorum
1463 981 1609 1035 idola
1628 981 1696 1035 ".
1722 1000 1741 1033 ι
1796 979 2065 1035 Cancrum
2092 994 2186 1035 su-

591 1096 690 1151 per
728 1088 914 1134 monte
940 1077 1049 1132 isto
1088 1092 1252 1148 quem
1276 1074 1522 1130 Garizi'm
1559 1073 1852 1145 putabant,
1887 1080 2187 1129 cumtem-

592 1173 741 1239 plum
792 1169 1202 1226 cxstruxisseut
1233 1208 1248 1232 ,
1303 1166 1506 1222 ibidem
1556 1176 1681 1221 vota
1726 1180 1825 1221 sua
1878 1164 2185 1222 faciebant.

591 1265 756 1335 Atqui
788 1279 917 1318 vero
942 1262 987 1319 si
1022 1261 1261 1317 Garizim
1292 1270 1347 1315 et
1366 1259 1557 1315 Gaebal
1590 1266 1805 1314 montes
1826 1257 1919 1328 qui
1945 1264 2075 1313 sunt
2104 1257 2188 1311 al-

595 1355 819 1419 tissimi,
870 1352 1095 1423 Neapoli
1120 1349 1758 1420 adjacebant,quomodo
1779 1347 1893 1403 fieri
1923 1355 2189 1418 potest,ut

594 1445 1136 1503 internebenedictio
1156 1461 1252 1502 seu
1275 1442 1588 1500 maledictio
1614 1440 1928 1513 supernein
1955 1448 2188 1509 utraque

594 1539 884 1605 immensa,
916 1536 1296 1592 ntetiamnum
1343 1532 1530 1588 videre
1563 1541 1669 1598 est,
1702 1530 1998 1586 altitudine
2040 1530 2188 1586 edita

594 1630 982 1688 exaudiretur?
1002 1629 1135 1684 Cum
1159 1626 1410 1681 videlicet
1431 1626 1485 1679 in
1501 1634 1741 1680 montem
1771 1623 1866 1695 qui
1893 1623 2035 1694 apud
2065 1622 2189 1678 illos

596 1723 839 1779 Garizim
883 1721 1194 1792 appellatur
1232 1725 1619 1774 sexcentarum
1669 1716 1987 1770 milliumet
2015 1713 2186 1770 unius

2289 516 2392 571 κᾶν
2429 516 2736 587 ἠγνοήκασι
2767 514 2946 570 τοῦτο.
2983 513 3273 568 Ἀδύνατον
3300 514 3409 585 γὰρ
3441 513 3729 583 ψεύσασθαι
3753 519 3836 590 τὴν

2289 594 2511 680 Γραφὴν
2565 608 2853 679 λέγουσαν,
2890 627 2909 660 ι
2938 606 3205 677 Ἔμειναν
3250 605 3533 670 ποιοῦντες
3566 607 3654 661 τὸν
3694 612 3835 679 νόμον

2286 701 2381 755 τοῦ
2441 700 2600 767 Θεοῦ,
2653 701 2750 755 καὶ
2811 698 3256 772 προσκυνοῦντες
3287 697 3357 752 τὰ
3384 698 3566 752 αὐτῶν
3588 700 3783 755 εῐδωλα.
3817 721 3832 753 ι

2300 794 2424 847 Ἑπὶ
2456 794 2513 847 δὲ
2540 792 2634 847 τοῦ
2683 793 2869 865 ὅρους,
2920 793 3059 863 ὅπερ
3110 791 3369 862 ἐνόμισαν
3419 788 3694 862 Γαριζεὶν,
3730 794 3838 847 ναὸν

2287 884 2802 947 κατασκευάσαντες
2826 881 3081 956 ηὔχοντοο
3117 883 3301 937 καίτοι
3324 884 3372 937 εἰ
3392 877 3462 954 ἦν
3486 883 3731 955 Παριζεὶν
3761 888 3841 939 καὶ

2287 977 2495 1031 Γαιὸἁλ
2515 977 2618 1049 ὅρη
2648 977 2716 1031 τὰ
2760 976 3155 1048 παρακείμενα
3200 976 3502 1041 Νεαπόλει,
3557 976 3695 1048 ἆπερ
3724 981 3841 1034 εἰσὶν

2288 1066 2626 1139 ὑψηλότατα,
2675 1066 2793 1131 πῶς
2826 1066 2893 1122 ἂν
2922 1065 3226 1139 κάτωθενῆ
3261 1067 3363 1137 τῆς
3409 1066 3659 1135 εὖλοῒίας
3688 1069 3722 1141 ἢ
3758 1071 3841 1139 τῆς

2286 1162 2536 1233 κατάρας
2594 1163 2832 1234 ἤκουον,
2881 1161 3154 1235 ἑκατέρας
3202 1162 3315 1217 ἄνω
3381 1159 3707 1232 λεγομένης,
3762 1165 3841 1219 καὶ

2287 1254 2542 1309 πλείστου
2592 1254 2688 1310 τοῦ
2738 1254 2931 1326 ὕψους,
2962 1254 3039 1320 ὡς
3067 1254 3165 1310 νῦν
3217 1256 3435 1327 ὁρᾶται,
3472 1255 3835 1326 τυγχάνοντοςς

2288 1347 2382 1409 Εἰς
2401 1346 2508 1418 γὰρ
2536 1347 2598 1401 τὸ
2628 1346 2759 1419 παρ’
2784 1347 2964 1401 αὐτῶν
2986 1346 3283 1419 λεγόμενον
3312 1345 3592 1416 Γαριζεὶν,
3615 1346 3663 1401 α’
3689 1348 3774 1402 καὶ
3789 1347 3832 1419 φ’

2288 1438 2366 1503 ὥς
2399 1456 2563 1508 φασι,
2613 1439 2873 1512 βαθμῖσιν
2921 1440 3265 1512 ἀνέρχονται.
3306 1441 3463 1511 Ἔχει
3486 1440 3655 1495 δὲκαὶ
3678 1443 3709 1509 ἡ
3734 1442 3842 1495 ἀκο-

2287 1530 2477 1585 λουθία
2524 1530 2622 1601 τῆς
2676 1530 2870 1602 βίϐλου
2920 1530 3016 1586 τοῦ
3063 1532 3373 1604 Ἰησοῦ,ὡς
3425 1533 3571 1587 κατὰ
3604 1533 3840 1604 ἀνατολὴν

2301 1622 2560 1694 Ἱεριχοῦς
2587 1624 2657 1678 τὰ
2679 1624 2791 1678 δύω
2819 1624 3164 1696 καθέστηκεν
3207 1623 3334 1697 ὅρη,
3385 1624 3517 1678 ἔνθα
3563 1625 3654 1679 καὶ
3702 1628 3842 1692 τόπος

2288 1718 2357 1770 τὰ
2388 1716 2646 1785 Γάλγαλα
2697 1716 2810 1771 δύω
2855 1717 3110 1789 σημείοις
3168 1718 3455 1788 ἀπέχοντα
3495 1716 3596 1787 τῆς
3641 1718 3841 1783 πόλεως.

595 1815 863 1887 graduum
892 1814 963 1869 sit
988 1826 1277 1868 ascensus.
1326 1808 1501 1865 liabet
1530 1808 1760 1881 insuper
1794 1809 1962 1864 etiam
2008 1809 2183 1865 series

2301 1808 2369 1863 Ἣ
2393 1809 2451 1863 δὲ
2482 1773 2690 1881 έίκιμα
2734 1812 2832 1880 τῆς
2870 1773 3489 1883 Ἱεριχοῖ-ςβορεῖοτέρα
3524 1773 3593 1864 τξ
3616 1773 3845 1867 γαὶῖ

595 1908 720 1963 libri
752 1906 921 1962 Josue
943 1905 1090 1977 quod
1146 1903 1255 1959 duo
1286 1900 1378 1958 isti
1445 1909 1665 1958 montes
1696 1901 1768 1956 ab
1791 1902 2004 1957 oriente
2042 1899 2187 1957 Jeri-

2292 1902 2513 1973 κωτέρα
2538 1902 2788 1974 σημείοις
2824 1905 2995 1973 αὐτῆς
3030 1903 3314 1974 ἀπέχουσα
3341 1901 3443 1972 νβτ.

595 2001 818 2055 cltuntis
857 1998 945 2054 siti
976 1997 1202 2063 fuerint,
1242 1996 1339 2053 ubi
1366 1996 1527 2052 locus
1559 2009 1782 2067 quoque
1806 1993 2057 2064 Galgala,
2093 1995 2185 2065 qui
2226 1994 2296 2051 ab
2319 1996 2453 2052 urbe
2476 1996 2541 2051 ad
2568 1998 2875 2053 secundum
2921 1996 3156 2069 lapidem
3202 1997 3390 2053 distat.
3457 1994 3688 2051 Sicbima
3735 2012 3844 2052 vero

594 2091 663 2146 ad
698 2091 1130 2163 septentrionem
1191 2097 1246 2147 ct
1302 2104 1564 2146 occasum
1643 2086 1990 2146 Jerichuntis
2060 2088 2234 2160 vergit
2271 2089 2469 2162 magis,
2511 2105 2579 2146 ac
2622 2092 2687 2144 ad
2724 2091 3250 2163 quinquagesimum
3278 2090 3592 2146 secundum
3631 2089 3841 2161 lapidem

594 2187 665 2242 ab
694 2200 757 2241 ea
788 2185 977 2241 distat.

668 2296 769 2355 Sed
826 2313 946 2351 eum
1001 2294 1176 2351 locum
1210 2310 1361 2364 quem
1386 2292 1600 2365 elegerit
1630 2291 1888 2347 Dominus
1925 2290 2064 2349 Deus
2115 2299 2306 2348 vester.
2361 2288 2508 2363 IX".
2564 2288 2644 2362 5.]
2704 2288 2825 2357 Quo
2875 2290 3000 2347 loco
3055 2290 3321 2359 deinceps
3366 2290 3644 2360 adempto.
3703 2292 3844 2351 smul

592 2403 815 2459 quoque
859 2387 928 2440 ab
980 2384 1263 2440 oblatione
1334 2383 1687 2437 victimarqu
1767 2396 1910 2452 quas
1974 2383 2052 2439 ab
2110 2383 2272 2437 initio
2321 2389 2681 2436 concesserat
2742 2389 2968 2450 propter
3024 2379 3495 2436 consuetudinem
3547 2394 3665 2449 quze
3706 2384 3832 2449 apud

596 2475 886 2547 A‘ngptios
930 2472 1258 2536 inoleverat,
1314 2484 1594 2541 quamque
1643 2469 1914 2541 prmcipiti
1970 2471 2278 2526 mutatione
2313 2471 2537 2527 abolere
2568 2486 2677 2527 non
2726 2479 3014 2542 poterant,
3052 2479 3347 2528 cessarunt
3372 2469 3692 2542 aliquando.
3722 2470 3837 2526 Cum

595 2563 831 2618 consilio
858 2562 1005 2617 enim
1041 2572 1093 2615 et
1120 2559 1269 2615 bona
1300 2560 1484 2624 venia,
1518 2571 1628 2613 non
1659 2558 1932 2613 violentia
1961 2560 2203 2613 salutem
2236 2557 2479 2616 confert.

668 2679 1006 2747 Quaecunque
1043 2692 1131 2730 vos
1180 2675 1265 2729 hic
1332 2674 1544 2745 facietis
1599 2674 1776 2731 hodie.
1838 2672 1943 2747 [8.]
1999 2673 2180 2729 Etiam

594 2772 775 2829 adhuc
799 2768 1097 2837 superstite
1130 2767 1322 2835 utique
1352 2765 1503 2823 Mose
1530 2767 1869 2838 transgressi
1934 2774 2088 2831 sunt,
2128 2776 2184 2823 et

596 2876 776 2919 tamen
798 2861 1015 2917 veniam
1045 2867 1176 2915 sunt
1199 2860 1484 2915 consecuti
1514 2902 1529 2923 ,
1569 2878 1589 2911 ι
1615 2858 1882 2915 .Necdum
1914 2859 2061 2915 enim
2088 2875 2184 2916 ve-

598 2956 779 3020 nistis,
841 2952 1045 3024 inquit,
1073 2951 1128 3007 in
1165 2953 1479 3021 requiem.»
1515 2951 1673 3009 Unde
1745 2952 1851 3008 sub
1906 2952 2182 3024 praaputio

597 3064 704 3104 non
729 3046 1061 3103 recusabant
1093 3045 1379 3101 custodire
1413 3045 1613 3116 legem,
1649 3060 1834 3116 neque
1865 3045 2074 3116 ubique
2107 3045 2185 3099 vi-

2364 2679 2447 2733 Οὐ
2468 2676 2755 2745 ποιήσετε
2772 2676 2968 2730 πάντα
3000 2674 3038 2731 ἃ
3072 2674 3243 2745 ὑμεῖς
3277 2672 3503 2729 ποιεῖτε
3543 2667 3677 2728 ὧδε.
3743 2673 3840 2728 Kal

2289 2767 2492 2847 ζῶντος
2524 2768 2633 2840 ἄρα
2666 2768 2947 2832 Μωῦσέως
3004 2766 3359 2839 παρέϐαινον,
3427 2768 3525 2822 καὶ
3561 2767 3705 2839 ὅμως
3738 2783 3846 2819 σνν-

2288 2860 2669 2931 εγινώσκοντο.
2721 2880 2739 2912 ι
2760 2861 2835 2915 Οὐ
2870 2862 2980 2933 γὰρ
3038 2861 3237 2931 ἠκατε,
3272 2859 3469 2929 φησὶν,
3514 2857 3622 2922 ἓως
3650 2857 3736 2911 τοῦ
3760 2856 3843 2911 νῦν

2288 2953 2369 3018 εἰς
2416 2953 2517 3026 τὴν
2567 2952 2932 3009 κατάπαυσιν.
2974 2971 2991 3004 ι
3065 2952 3230 3007 Ὅθεν
3286 2953 3377 3005 ἐπ’
3434 2951 3714 3024 ἀκριϐείας
3760 2952 3846 3005 οὐκ

2288 3044 2598 3116 άπῃτοῦντο
2636 3044 2930 3116 φυλάττειν
2968 3044 3061 3097 τδν
3115 3042 3303 3115 νόμον,
3343 3042 3471 3096 οὐδέ
3494 3041 3677 3105 θυσίας
3704 3055 3849 3112 προσ-

596 3141 795 3197 ctimas
814 3138 1013 3193 offerre
1032 3137 1251 3192 licitum
1274 3144 1413 3193 erat.
1431 3135 1554 3191 Jam
1580 3152 1734 3205 vero,
1754 3137 1913 3207 juxta
1940 3136 2183 3208 prophe-

2291 3137 2480 3209 φέρειν
2535 3137 2684 3207 ἐξῆν.
2737 3135 2852 3189 Νῦν
2898 3136 2975 3197 δὲ,
3030 3135 3178 3190 κατὰ
3233 3134 3327 3188 τὸν
3373 3133 3679 3204 προφήτην,
3718 3150 3735 3184 ι
3769 3131 3845 3184 Ἐν

596 3238 706 3282 tam
742 3266 759 3293 ,
800 3223 1035 3281 tUbivis
1056 3226 1308 3281 locorum
1335 3227 1627 3283 incensum
1660 3226 1916 3284 adoletur
1966 3226 2180 3281 nomini

2291 3228 2456 3282 παντὶ
2482 3227 2633 3298 τόπῳ
2653 3226 2910 3298 θυμίαμα
2930 3225 3311 3301 προσφέρεται
3328 3224 3411 3296 τῷ
3433 3224 3658 3295 ὀνόματι
3679 3223 3843 3287 αὐτοῦ,

596 3323 737 3383 eius.
771 3328 821 3373 et
842 3318 1068 3374 victima
1096 3332 1232 3388 pura
1265 3316 1496 3373 offertur
1519 3319 1637 3376 “.1

2291 3320 2397 3374 καὶ·
2415 3320 2577 3374 θυσία
2608 3319 2851 3391 καθαρά.
2891 3339 2910 3372 ι

678 3410 1053 3466 Verumtamen
1098 3411 1153 3463 in
1187 3411 1335 3465 omni
1361 3411 1530 3465 animi
1566 3412 1647 3465 tui
1676 3408 1941 3466 desiderio
1979 3418 2186 3465 macta—

2364 3411 2524 3467 Ἀλλ’
2555 3411 2627 3465 ἐν
2670 3411 2842 3481 πάσῃ
2887 3411 3171 3481 ἐπιθυμίᾳ
3200 3409 3413 3481 ψυχῆς
3468 3426 3589 3465 σου
3641 3409 3841 3473 θύσεις,

598 3504 677 3559 bis
707 3513 758 3558 et
778 3503 1016 3559 comede:
1054 3518 1244 3557 carnes
1281 3518 1619 3573 quascunque
1646 3500 1792 3575 [15.]
1843 3500 2068 3556 Clarum
2088 3508 2186 3555 [est

2293 3503 2394 3559 καὶ
2420 3503 2585 3575 φυγῇ
2607 3505 2773 3573 κρέα,
2804 3504 2902 3559 ὃσα
2934 3504 3181 3576 δηλονότι
3212 3505 3286 3576 μή
3312 3507 3454 3558 εἰσιν
3484 3501 3841 3576 ἀφορίσματα,

596 3595 742 3664 quod
772 3608 880 3661 non
902 3601 1033 3649 sunt
1053 3591 1440 3648 distinctiones
1470 3608 1567 3648 seu
1586 3591 1860 3649 sacrificia
1889 3590 2036 3663 apud
2084 3591 2186 3644 Do-

2292 3599 2327 3670 ἢ
2358 3598 2707 3669 θυσιάσματι
2741 3597 2933 3670 Κυρίῳ
2956 3598 3035 3670 τῷ
3058 3598 3203 3671 Θεῷ.
3222 3598 3312 3663 Ὠς
3341 3597 3633 3669 ἐπιθυμεῖς
3662 3594 3735 3662 δὲ,
3758 3609 3847 3665 φη-

600 3686 809 3739 minum
871 3683 1073 3740 Deum.
1119 3681 1268 3750 Quin
1300 3697 1401 3755 pro
1448 3682 1647 3752 lubito,
1673 3684 1871 3755 inquit,
1902 3698 2109 3755 coques
2131 3691 2186 3739 et

2298 3689 2402 3759 σὶν,
2421 3690 2648 3763 ἐφήσεις
2665 3691 2759 3746 καὶ
2778 3692 2952 3763 eam.

598 3777 879 3833 cutucdcs.

672 3885 989 3942 quntmdus
1018 3889 1074 3942 in
1106 3898 1176 3956 te,
1200 3897 1249 3943 et
1277 3889 1508 3944 mundus
1530 3888 1733 3958 pariter
1755 3886 2028 3943 comedent
2066 3896 2177 3941 tam
2206 3900 2455 3956 capream
2487 3900 2651 3956 quant
2704 3899 2935 3939 cervum.
2980 3881 3344 3939 Sauctificata
3400 3882 3579 3949 enim,
3602 3889 3667 3936 at
3697 3894 3839 3949 supe-

600 3976 717 4030 rius
767 3975 970 4044 inquit,
1038 3976 1279 4032 mundus
1306 3976 1486 4031 solum
1540 3976 1817 4032 comedet.
1849 3974 2174 4045 Atquidatn
2218 3988 2475 4045 capream
2524 3980 2580 4028 et
2611 3987 2836 4028 cervum
2905 3972 3139 4043 reliquis
3193 3972 3530 4027 animalibus
3587 3969 3841 4025 mundiora

598 4078 725 4118 esse
780 4062 1197 4119 existimarunt.
1248 4062 1452 4119 Verum
1517 4064 1864 4119 contrarium
1917 4064 2119 4118 innuit.
2175 4061 2249 4117 Ea
2276 4063 2423 4119 enim
2454 4061 2552 4134 qui
2576 4062 2703 4118 vita:
2746 4061 3060 4118 mundioris
3102 4068 3262 4117 erant
3307 4076 3416 4116 non
3483 4059 3835 4130 comedebant.

601 4150 744 4219 Quid
771 4151 937 4223 igitur
981 4151 1169 4206 dicere
1199 4151 1476 4206 intendit?
1510 4150 1647 4206 Illud
1688 4150 1966 4217 videlicet,
2031 4150 2180 4222 quod
2213 4150 2269 4206 bi
2309 4153 2401 4222 qui
2452 4165 2555 4206 ove
2606 4158 2703 4207 aut
2751 4149 2891 4206 bove
2919 4158 3014 4205 aut
3040 4149 3228 4220 aliquo
3281 4149 3405 4218 ejus
3473 4148 3688 4220 generis
3711 4144 3835 4199 vesci

597 4237 881 4301 volebant,
906 4237 961 4292 id
994 4237 1174 4309 ipsum
1208 4254 1319 4308 quo
1362 4240 1814 4295 sanetiticaretur
1841 4239 1909 4293 ad
1946 4242 2122 4295 altare
2155 4237 2506 4306 deferebant,
2533 4248 2713 4309 atque
2758 4239 2834 4293 ita
2866 4238 3091 4294 tandem
3145 4237 3540 4293 vescebantur.
3599 4235 3835 4290 Caeterum

601 4340 859 4396 capream
886 4326 973 4380 vel
1000 4339 1227 4381 cervum
1286 4342 1386 4383 nec
1432 4335 1677 4382 mactare
1736 4341 1839 4382 nec
1882 4325 2508 4399 ollerrelicitum_erat.;
2543 4325 2853 4383 otl’erebaut
2898 4327 3046 4381 enim
3082 4326 3217 4380 nulli
3254 4325 3364 4380 nisi
3394 4324 3494 4395 qui
3521 4325 3575 4379 in
3616 4323 3738 4377 urbe
3760 4320 3836 4373 ulti

603 4415 864 4485 templum
896 4428 960 4468 ac
993 4413 1161 4469 etiam
1186 4430 1337 4482 arca,
1375 4426 1556 4470 erant.
1583 4414 1759 4471 Porro
1789 4431 1958 4486 super
1981 4429 2182 4486 caprea
2210 4422 2306 4470 aut
2335 4430 2500 4471 cervo
2537 4414 2870 4486 simpliciter
2894 4413 3238 4469 sanctificari
3263 4420 3479 4468 tantum
3512 4410 3835 4469 interdictum

600 4513 739 4565 erat,
790 4510 998 4572 quanto
1021 4504 1197 4573 magis
1230 4504 1567 4560 sacrificare.
1603 4504 1959 4576 Qumcunque
1994 4503 2202 4575 igitur,
2236 4504 2438 4574 inquit,
2473 4511 2627 4559 extra
2660 4502 3082 4559 tabernaculum
3115 4513 3214 4556 aut
3276 4503 3549 4574 templum
3591 4496 3835 4555 immolari

600 4592 963 4664 contingeret,
991 4591 1188 4647 edendi
1221 4594 1444 4664 quidem
1489 4593 1732 4649 libertati
1762 4593 2013 4663 subjecta
2048 4607 2194 4660 esse,
2222 4593 2363 4649 nihil
2397 4591 2698 4663 quidquam
2736 4598 2922 4645 tamen
2953 4591 3058 4647 etsi
3090 4590 3230 4647 forte
3261 4592 3617 4647 sacerdotum
3636 4587 3831 4647 fuerint,

602 4680 670 4735 ab
699 4680 1000 4735 immundis
1028 4680 1274 4736 differre.
1312 4682 1390 4737 Ac
1420 4696 1483 4736 ea
1506 4681 1731 4751 quidem
1766 4680 1972 4751 ubique
2008 4680 2253 4735 locorum
2288 4679 2453 4736 edere
2484 4678 2568 4735 fas
2602 4685 2743 4735 erat.
2776 4675 2952 4733 Sacra
2985 4693 3122 4734 vero
3153 4680 3210 4733 in
3239 4678 3361 4735 loco
3383 4677 3549 4751 44],
3607 4676 3836 4732 duntaxat

599 4782 631 4823 a
666 4768 775 4823 Deo
807 4768 1049 4824 delecto.

671 4858 811 4913 illud
866 4874 995 4915 vero
1043 4856 1277 4913 subinde
1324 4856 1627 4928 ingeminat
1673 4872 1689 4911 :
1745 4855 2030 4911 «Attende
2080 4854 2181 4910 tibi

2360 4854 2636 4926 Ἐπιλέγει
2678 4860 2920 4929 συνεχῶς
2943 4859 3025 4922 τὸ,
3063 4878 3083 4911 ι
3112 4858 3616 4931 Πρόσεχελσεαυτῷ.
3642 4877 3660 4909 ι
3690 4856 3832 4922 Ὅπερ

600 4950 725 5022 ipsi.
755 4969 773 5002 ι
816 4948 972 5015 Quod
1032 4949 1254 5017 quidem
1307 4950 1479 5004 exteri
1538 4947 1891 5014 traductum,
1928 4949 1982 5004 in
2018 4967 2037 5000 ι
2075 4947 2184 5002 Co-

2290 4945 2340 4998 ol
2364 4948 2463 5017 τῆς
2488 4948 2596 5014 ἐξω
2629 4949 2950 5019 φιλοσοφίας
2991 4950 3393 5021 μεταϐαλόντες
3431 4954 3513 5014 εἰς
3544 4951 3622 5016 τὸ,
3652 4967 3668 4998 ι
3692 4943 3831 5000 Γνῶθι

601 5051 805 5107 gnosce
836 5038 1077 5106 teipsum
1109 5053 1127 5087 ι
1166 5036 1355 5091 tritum
1396 5051 1462 5091 ac
1506 5052 1608 5092 ceu
1648 5039 1924 5108 peculiare
1947 5052 2185 5109 ,prover-

2292 5039 2540 5104 σεαυτὸν,
2574 5059 2593 5092 ι
2638 5041 3101 5114 πολυθρύλλητον,
3122 5040 3206 5105 ὡς
3246 5041 3378 5096 ἴδιον
3416 5039 3729 5109 ἀπόφθεγμα
3757 5053 3833 5088 πε·

602 5130 753 5185 bium
781 5135 1087 5184 verterunt.
1123 5127 1205 5183 Ad
1238 5129 1490 5185 eumdem
1526 5128 1748 5183 modum
1786 5131 1916 5185 illud
1964 5146 2186 5202 quoque

2292 5132 2575 5201 ποιήκασι.
2608 5133 2720 5187 Καὶ
2748 5133 2836 5187 ἐπ’
2867 5135 3039 5205 αὐτῆς
3068 5132 3126 5187 δέ
3162 5150 3329 5205 φησιν
3366 5132 3499 5187 αὐτὸ
3539 5132 3634 5202 τῆς
3670 5128 3831 5192 λέξεως

602 5224 654 5277 in
684 5222 973 5292 Scriptura
1017 5220 1223 5276 dicitur
1251 5240 1263 5274 :
1288 5239 1317 5273 .ι
1357 5220 1648 5291 Sapientes
1687 5223 1937 5292 suntqui
1972 5223 2186 5293 seipsos

2291 5225 2325 5294 ή
2358 5223 2571 5297 Γραφή’
2622 5243 2642 5277 ι
2670 5225 2735 5280 Ol
2764 5226 2821 5280 δὲ
2848 5226 3066 5281 ἐαυτῶν
3101 5224 3476 5296 ἐπιγνώμονες
3507 5222 3669 5294 σοφοί.
3697 5240 3714 5273 ι
3746 5216 3833 5272 Καὶ

604 5311 895 5366 norunt”.
929 5330 948 5363 ι
983 5310 1268 5366 Etiterum
1289 5327 1304 5365 :
1328 5329 1346 5362 ι
1376 5310 1548 5366 Sinon
1573 5314 1907 5382 cognoveris
1931 5313 2186 5383 teipsam,

2297 5312 2512 5381 πάλιν,ι
2535 5315 2661 5370 Ἐὰν
2688 5316 2763 5389 μὴ
2785 5318 3023 5389 ἐπιγνῷς
3046 5320 3302 5390 σεαυτὴν,
3318 5319 3352 5389 ἠ
3380 5316 3513 5387 καλὴ
3532 5318 3586 5367 ἐν
3600 5310 3827 5384 γυναιξί.»

604 5403 833 5474 pulchra
864 5403 1217 5459 mulierum‘.
1252 5422 1272 5456 ι
1308 5402 1491 5474 Atque
1539 5405 1645 5461 hoc
1687 5420 1824 5460 sane
1868 5405 2062 5461 sedulo
2104 5406 2186 5460 in-

2297 5405 2467 5461 Τοῦτο
2514 5407 2572 5463 δὲ
2621 5409 2756 5473 Θεὸς
2802 5409 3243 5481 παρακελεύεται
3302 5407 3562 5479 συνεχῶς,
3588 5403 3729 5467 εἰδὼς
3754 5401 3843 5470 τῆς.

528 5542 531 5545 .
603 5495 787 5549 culcat
818 5493 963 5549 Deus
989 5536 1005 5562 ,
1040 5504 1098 5549 ut
1130 5493 1223 5566 qui
1259 5509 1369 5549 non
1400 5495 1616 5550 nesciat
1664 5496 1873 5565 peccati
1907 5497 2186 5549 cumulum

2300 5499 2577 5570 ἁμαρτίας
2604 5500 2664 5555 τὸ
2688 5501 2889 5571 πλῆθος
2922 5504 2982 5557 ὲν
3006 5504 3072 5575 τῇ
3099 5502 3245 5573 ὁρμῇ
3276 5499 3611 5573 πληροῦσθαι
3638 5499 3695 5568 τῇ
3719 5490 3832 5547 κατὰ

606 5585 663 5641 in
698 5586 819 5655 ipso
851 5585 1124 5655 propositi
1173 5595 1325 5641 motu
1379 5586 1590 5658 augeri.
1630 5586 1865 5642 Seusata
1911 5588 2057 5644 enim
2105 5595 2186 5643 est

2296 5591 2577 5663 πρόθεσιν.
2596 5592 2721 5647 Ἐπὶ
2752 5592 2843 5648 νοῦ
2876 5595 2985 5667 γὰρ
3009 5596 3038 5648 ό
3060 5594 3219 5664 λόγος
3250 5595 3386 5668 πρὸς
3408 5591 3591 5648 ἑαυτὸν
3613 5582 3806 5655 ἐπιστρέ

677 5762 807 5818 "'IV
834 5761 971 5833 Reg.
995 5779 1131 5830 xvu,
1157 5764 1351 5820 ’δαὶ-55.
1432 5766 1478 5801 ’⁸
1512 5763 1749 5823 Maiacb.
1796 5781 1851 5836 ει,
1888 5766 1976 5823 ll.
2077 5769 2124 5803 ’ν
2160 5767 2186 5823 ῐ

2289 5784 2320 5825 ν.
2356 5783 2479 5837 xm,
2511 5770 2600 5826 10.
2683 5770 2699 5803 ¹
2743 5769 2907 5827 Cant.
2941 5786 2980 5838 t,
3013 5772 3062 5828 8.
