4090 6542
300 389 409 455 909
1180 384 1721 451 COMMENTARII
1754 382 1837 446 IN
1890 382 2596 449 DEUTERONOMIUM.

300 522 522 574 φοντος,
568 504 703 576 ὅπερ
754 500 1040 575 ὀφθαλμοῦ
1075 502 1171 558 τοῦ
1205 502 1410 569 ἔξωθεν
1452 504 1687 579 ὁρῶντος
1736 502 1894 559 ἀλλό-

2017 502 2184 557 παϋο
2212 502 2333 574 ejus
2368 504 2461 575 qui
2499 502 2692 560 oculos
2739 501 2792 558 in
2830 517 2890 560 se
2913 500 3222 569 convertit,
3251 517 3280 557 a
3313 514 3424 573 quo
3453 502 3585 558 alie-

300 612 474 668 τριον.
2000 611 2106 651 nus
2133 602 2220 652 est
2249 596 2445 653 oculus
2477 596 2599 668 ejus
2628 595 2723 669 qui
2755 594 2907 653 foras
2939 595 3231 667 prospicit.

376 710 588 766 Etenim
622 711 764 781 filios
794 728 921 766 suos
953 722 999 765 et
1031 711 1177 782 ﬁlias
1208 698 1335 766 suas
1366 712 1483 781 igne
1512 710 1933 765 combusseruut.
1970 707 2121 782 [5L]
2164 708 2570 766 Daemoniacum
2604 711 2752 768 enim
2788 720 2876 769 est
2900 713 3206 769 naturalem
3243 710 3587 769 affectionem

297 816 433 873 erga
482 811 766 870 acceptam
804 798 1051 855 sobolem
1098 799 1451 854 conculcarc.
1490 818 1507 850 ι
1542 796 1676 851 Nam
1710 797 1893 852 omnia
1922 798 2132 853 creavit
2163 796 2306 854 Deus
2343 805 2402 853 ut
2440 807 2665 865 essent,
2718 801 2794 855 ita
2843 815 3063 871 quoque
3110 800 3499 872 generationes
3535 812 3608 871 ut,
3674 816 3680 821 ·

298 890 572 945 mundum
604 894 1042 954 conservarent;
1094 902 1199 943 nec
1240 895 1323 943 est
1351 887 1604 944 Plutonis
1632 887 1783 958 regia
1816 900 1983 958 super
2008 893 2179 942 terra.
2215 884 2417 941 Verum
2450 884 2654 944 diaboli
2690 886 2897 943 invidia
2936 888 2993 943 in
3026 888 3293 943 mundum
3322 901 3477 944 mors
3507 886 3593 942 in-

298 977 479 1033 vasit'
550 995 569 1029 ι

382 1099 465 1153 οὐ
519 1096 893 1165 προσθήσεις
939 1095 1033 1150 ἐπ’
1067 1095 1280 1163 αὑτοῦ,
1320 1094 1465 1150 οὐδὲ
1489 1093 1738 1165 ἀφελεῖς
1782 1090 1898 1149 ἀπ’

2072 1088 2197 1144 Νοη
2229 1089 2392 1145 addes
2427 1092 2496 1145 ad
2536 1092 2748 1161 ipsum,
2785 1109 2950 1164 neque
2976 1099 3185 1163 auferes
3215 1091 3279 1147 ab
3315 1107 3398 1147 eo.
3435 1089 3591 1164 [ὄλ]

297 1188 515 1247 αὐτοῦ.
557 1188 744 1243 Διττὸν
779 1188 842 1241 τὸ
876 1189 1244 1260 ἁμαρτάνειν⁹
1298 1187 1331 1259 ἦ
1364 1187 1426 1241 τὸ
1465 1186 1817 1250 ὑποϐαίνειν,
1860 1183 1896 1255 ἢ

2017 1178 2212 1251 Duplex
2260 1181 2406 1236 enim
2469 1181 2524 1237 in
2564 1191 2851 1252 peccatum
2895 1183 3083 1252 lapsus
3129 1190 3257 1248 est,
3297 1184 3383 1238 vel
3424 1198 3589 1253 supra

296 1283 369 1336 τὸ
410 1281 764 1353 ὑπερϐαίνειν
804 1282 905 1345 τὰς
935 1280 1180 1345 ἐντολάς.
1210 1280 1275 1334 Οἱ
1312 1279 1412 1351 μὲν
1448 1279 1558 1351 γὰρ
1586 1279 1896 1351 ἐγκρατεῖς,

2017 1274 2082 1329 rel
2114 1272 2256 1329 infra
2293 1273 2391 1331 Dei
2434 1277 2689 1331 mandata
2739 1276 3133 1349 delinquendo.
3173 1276 3404 1344 Quidam
3443 1277 3589 1332 enim

298 1374 386 1446 τῷ
418 1373 641 1443 ποιῆσαι
670 1371 935 1443 πὰθμιον
971 1373 1136 1443 μέγα,
1162 1371 1508 1444 ἀφωρίκασιν
1542 1370 1769 1434 ἑαυτοὺς
1797 1370 1900 1441 τῆς

2017 1371 2368 1436 impotentes
2406 1366 2512 1423 sibi
2549 1368 2653 1423 nisi
2688 1368 2792 1426 hoc
2824 1370 2971 1441 quod
3015 1377 3277 1427 stateram
3315 1370 3589 1440 ingentem

312 1462 680 1536 Ἐκκλησίαςο
708 1465 758 1516 οἱ
791 1462 849 1516 δὲ
874 1461 1235 1534 ύδαρέστερον
1269 1463 1339 1517 τὰ
1369 1462 1500 1532 περὶ
1525 1461 1652 1526 τοὺς
1682 1459 1899 1531 γάμους

2017 1474 2122 1515 suae
2160 1460 2287 1515 vita:
2323 1459 2716 1529 fabricassent,
2751 1462 2967 1534 seipsos
2992 1462 3061 1518 ab
3094 1462 3343 1519 Ecclesia
3378 1462 3596 1517 abstra-

301 1557 526 1622 καὶτὰς
545 1555 753 1629 τροφὰς
778 1554 1260 1627 οἱκονομήσαντες,
1289 1555 1368 1627 τῷ
1393 1554 1656 1624 πάθμιον
1683 1555 1899 1617 ἑαυτοῖς

2017 1556 2227 1606 xerunt.
2251 1548 2485 1618 Quidam
2512 1567 2646 1608 vero
2678 1551 2903 1609 fluidius
2937 1567 3003 1609 ac
3034 1552 3349 1624 languidius
3386 1551 3454 1607 de
3479 1564 3596 1605 ma-

243 1672 264 1682 -
302 1650 678 1721 πεποιηκέναι
711 1648 933 1720 μικρὸν,
967 1647 1027 1700 ού
1058 1647 1342 1715 τεύξονται
1363 1646 1464 1718 τῆς
1497 1646 1777 1718 βασιλείας
1804 1645 1899 1701 τοῦ

2017 1640 2271 1697 trimonio
2306 1643 2548 1715 itemque
2576 1643 2718 1700 cibis
2749 1652 3057 1703 statuentes
3078 1686 3094 1713 ,
3127 1646 3233 1703 hoc
3281 1648 3402 1718 ipso
3446 1646 3592 1718 quod

300 1743 469 1800 Θεοῦ.
491 1743 712 1797 Δέδεσαι
736 1740 877 1813 μετὰ
900 1740 1196 1810 γυναικόςς
1240 1739 1367 1795 Ἐὰν
1396 1739 1659 1811 στάθμιον
1689 1738 1902 1811 σεαυτῷ

2017 1742 2270 1792 stateram
2323 1753 2549 1808 parvam
2601 1750 2922 1806 erexerunt,
2956 1740 3050 1797 Dei
3098 1756 3326 1812 regnum
3359 1740 3593 1813 adipisci

302 1837 459 1907 μέγα
504 1809 764 1905 ποιήσῃς,
804 1831 866 1885 ού
917 1809 1227 1902 φροντίζεις
1282 1831 1383 1901 τῆς
1431 1809 1728 1900 γυναικός·
1774 1809 1904 1885 ἀλλ’

2017 1844 2116 1884 non
2174 1837 2457 1900 poterunt.
2503 1830 2906 1903 Conglutinare
2953 1847 3081 1889 cum
3125 1809 3331 1890 usore?
3372 1809 3596 1890 Si'sta-

300 1929 413 1999 ὅρα
447 1926 522 1998 μὴ
553 1928 621 1997 τῇ
663 1926 728 1996 σῇ
764 1921 1037 1995 ἀπόληται
1065 1922 1415 1996 σωφροσύνῃ,
1459 1921 1527 1976 δι’
1553 1923 1620 1993 ἣν
1665 1920 1900 1993 Χριστὸς

2017 1926 2182 1976 teram
2235 1920 2335 1976 tibi
2385 1921 2494 1992 ipsi
2547 1936 2807 1994 magnam
2859 1922 3079 1990 feceris,
3108 1924 3260 1979 nulla
3304 1932 3359 1980 te
3404 1924 3595 1980 uxoris

301 2020 573 2075 ἀπέθανε.
616 2018 737 2071 Τῶν
774 2016 832 2070 δὲ
870 2018 972 2086 τῆς
996 2014 1346 2088 δικαιοσύνης
1380 2014 1597 2087 μέτρων
1624 2014 1901 2079 ἔκπτωσις

2017 2024 2140 2067 cura
2171 2012 2377 2083 tangit;
2400 2022 2455 2069 at
2476 2028 2612 2070 cave
2640 2029 2710 2070 ne
2736 2014 3015 2085 pudicitiae
3030 2031 3095 2072 ac
3112 2015 3597 2086 modestiaejactu.

299 2110 516 2165 τούτων
551 2110 814 2182 ἑκάτερον
1458 2151 1462 2156 .

2017 2117 2124 2157 ram
2176 2103 2387 2168 faciat,
2433 2104 2503 2159 ob
2554 2121 2720 2176 quam
2760 2106 3018 2163 Christus
3068 2116 3300 2163 mortem
3349 2109 3594 2178 pertulit.

2005 2192 2277 2249 Caeterum
2314 2202 2495 2249 utrum
2525 2196 2780 2267 elegeris,
2817 2210 2845 2248 a
2871 2196 3101 2266 justiti-a2
3139 2210 3400 2252 mensura
3444 2195 3597 2252 exei-

2006 2286 2180 2341 deris.

386 2412 467 2468 Eo
495 2410 631 2483 quod
659 2409 1002 2481 defectionem
1035 2424 1067 2463 a
1108 2407 1332 2462 Domino
1370 2405 1477 2462 Deo
1510 2414 1681 2462 vestro
1712 2407 1783 2462 sit
1817 2408 2046 2467 locutus.
2076 2412 2095 2485 [
2122 2413 2262 2481 XIII,
2297 2414 2377 2489 5.]
2426 2415 2481 2471 Si
2516 2417 2663 2472 cnim
2698 2418 2950 2485 corporis
2981 2416 3160 2473 caedes
3206 2430 3357 2474 eteae
3407 2425 3596 2473 mutua

302 2501 622 2559 restituitur
657 2517 672 2556 :
703 2508 909 2569 quanto
936 2498 1110 2569 magis
1159 2497 1214 2552 id
1253 2496 1566 2553 faciendum
1600 2504 1726 2561 est,
1768 2499 1813 2554 si
1847 2500 1972 2570 quis
2001 2504 2246 2557 animum
2280 2520 2514 2576 corpore
2540 2546 2555 2572 ,
2605 2507 2919 2564 Servatoris
2953 2520 3175 2578 quoque
3210 2507 3598 2575 testimonio',

300 2589 756 2663 prmstantiorem
793 2586 1112 2642 interficiat.
1146 2584 1319 2641 Porro
1355 2585 1699 2641 daemonibus
1730 2586 1879 2640 nulla
1917 2587 2051 2646 fides
2081 2591 2373 2647 tribuenda
2426 2603 2552 2659 est,
2593 2595 2694 2650 etsi
2732 2610 2860 2651 vera
2894 2595 3191 2665 aliquando
3224 2594 3487 2650 dixerint.
3521 2594 3596 2650 Ea
3671 2597 3674 2600 ’

301 2680 461 2735 enim
490 2691 598 2732 non
627 2675 698 2731 ob
725 2675 1012 2730 veritatem
1040 2673 1237 2730 dicunt
1270 2674 1567 2745 praecipue,
1598 2687 1789 2728 verum
1822 2681 1883 2728 ut
1913 2674 1999 2731 his
2026 2677 2315 2734 mendacia
2342 2681 2708 2737 commiscere
2736 2688 2962 2753 queant.
2992 2680 3129 2735 Nam
3155 2679 3381 2737 decreta
3415 2682 3598 2737 divina

303 2783 385 2823 ex
410 2768 527 2837 ipsa
561 2764 850 2834 Scriptura
881 2777 1042 2819 sacra
1076 2762 1501 2819 accuratissime
1536 2762 1665 2816 licet
1701 2775 2056 2834 cognoscere.
2086 2765 2358 2833 Quocirca
2387 2769 2642 2826 Christus
2676 2772 2841 2826 etiam
2879 2786 2974 2826 eos
3016 2771 3361 2841 increpavit,
3391 2774 3485 2843 qui
3516 2774 3595 2828 di-

301 2856 513 2911 cebant
546 2869 561 2907 :
601 2869 621 2904 ι
652 2850 921 2906 Novimus
957 2859 1012 2906 te
1040 2850 1168 2921 quis
1196 2850 1341 2907 sis".
1376 2869 1395 2902 ι
1426 2851 1502 2904 Ita
1540 2848 1742 2905 Paulus
1775 2851 1941 2906 etiam
1978 2868 2075 2910 eos
2105 2856 2199 2925 qui
2227 2856 2487 2913 dicebant
2521 2877 2535 2913 :
2574 2877 2594 2912 ι
2626 2858 2889 2916 lIomines
2923 2860 3010 2915 isti
3038 2859 3131 2915 Dei
3167 2861 3422 2917 altissimi
3455 2863 3597 2919 servi

304 2950 483 3001 sunt.
515 2948 571 2998 et
600 2939 933 2996 denuntiant
966 2940 1131 2996 vobis
1160 2940 1304 2994 viam
1351 2939 1551 2995 salutis
1574 2940 1617 2992 ⁸.
1652 2957 1672 2990 ι
1722 2937 1986 3005 Quamvis
2015 2943 2240 3014 gravius
2283 2944 2419 2999 nihil
2461 2944 2733 3015 dixerint;
2766 2962 2955 3003 verum
2987 2947 3249 3018 quoniam
3285 2948 3598 3006 daemonum

302 3032 493 3105 elogia
521 3046 551 3085 a
581 3028 812 3085 rudibus
842 3028 1086 3084 discerni
1114 3042 1224 3084 non
1252 3034 1509 3099 possunt,
1548 3027 1719 3083 semel
1758 3029 1840 3083 eis
1867 3044 2084 3085 omnem
2111 3031 2270 3087 fidem
2305 3048 2471 3103 quam
2507 3033 2809 3092 infamibus
2845 3035 3156 3091 tribuerent
3189 3038 3450 3100 exclusit,
3473 3054 3587 3095 cun

306 3121 502 3191 inquit
533 3141 547 3176 :
579 3137 601 3173 ι
633 3118 803 3186 Tace,
830 3117 1156 3174 obmutesce
1170 3118 1211 3173 ⁸.
1245 3135 1267 3171 ι
1307 3114 1454 3184 Quid
1491 3115 1939 3189 pradicationem
1967 3121 2325 3191 apostolicam
2350 3160 2365 3190 ,
2396 3122 2720 3197 dignitatem
2750 3139 2780 3178 a
2815 3131 2869 3179 te
2901 3138 3133 3196 prorsus
3164 3124 3397 3182 alienam
3429 3131 3603 3186 surri-

309 3211 446 3283 pis?

388 3325 532 3383 Ἐὰν
554 3326 625 3380 δὲ
662 3322 1060 3395 παρακαλέσῃ
1090 3337 1166 3378 σε
1194 3324 1227 3377 ὁ
1257 3321 1522 3392 ἀδελφός
1548 3335 1665 3375 σου
1694 3318 1763 3373 ἑκ
1791 3334 1877 3373 πα

2084 3321 2146 3378 Si
2178 3334 2227 3379 te
2256 3325 2623 3380 sollicitaverit
2652 3325 2822 3395 frater
2854 3336 2975 3383 tuus
3003 3344 3069 3384 ea:
3103 3339 3273 3399 patre.
3310 3328 3430 3404 [6.]
3471 3329 3606 3387 Fide

3485 382 3590 448 910
3696 408 3699 412 ·

305 3419 457 3491 τρός
483 3434 625 3476 σου.
664 3418 913 3481 Πίστεως
940 3415 1342 3486 ἀδικουμένης,
1375 3414 1589 3486 ἐρρέτω
1611 3410 1775 3482 φύσις
1817 3411 1913 3466 καὶ

306 3514 497 3583 γένος.
529 3506 658 3566 Οίον
702 3510 764 3565 τὸ
809 3508 907 3565 τοῦ
954 3507 1244 3579 Σωτῆρος,
1283 3506 1383 3560 (Ὀ
1413 3504 1584 3576 φιλῶν
1627 3504 1844 3577 πατέρα
1876 3503 1910 3576 ἢ

313 3604 538 3676 μητέρα
563 3604 706 3675 ὑπὲρ
750 3602 851 3675 ἐμὲ
898 3602 997 3657 οὐκ
1046 3600 1163 3655 ἐστι
1215 3616 1317 3672 μου
1353 3598 1525 3665 ἄξιος.
1560 3618 1579 3652 ι
1628 3598 1812 3653 Καλὸν
1856 3596 1914 3652 δὲ

309 3696 559 3766 ἁρμόσαι
593 3695 807 3759 τούτοις
848 3694 941 3749 διὰ
971 3694 1082 3766 (93)
1130 3692 1203 3747 τὰ
1244 3693 1515 3764 εἰρημένα
1551 3691 1629 3763 τῷ
1661 3693 1914 3763 μακαρίῳ

321 3788 614 3861 Ἱερεμίᾳ,
661 3787 855 3859 ἔχοντα
904 3785 1113 3850 οὕτως’
1153 3786 1458 3848 (Ἕκαστος
1490 3782 1600 3837 ἀπὸ
1632 3781 1727 3835 τοῦ
1766 3782 1911 3852 πλη-

314 3880 441 3934 σίον
490 3879 658 3934 αὑτοῦ
695 3878 1032 3950 φυλάξασθε,
1064 3878 1159 3932 καὶ
1199 3878 1285 3931 ἐπ’
1310 3875 1560 3945 ἀδελφοῖς
1606 3872 1788 3928 αὐτῶν
1836 3871 1914 3945 μὴ

314 3971 648 4037 πεποίθατε,
681 3972 765 4026 ὅτι
810 3973 919 4036 πᾶς
960 3970 1193 4041 ἀδελφὸς
1240 3968 1452 4042 πτέρνῃ
1497 3966 1781 4038 πτερνιεῖ,
1819 3964 1914 4017 καὶ

311 4065 433 4128 πᾶς
462 4064 615 4135 φίλος
642 4063 833 4128 δολίως
856 4063 1174 4135 πορεύεται,
1203 4060 1438 4124 ἕκαστος
1461 4058 1605 4114 κατὰ
1632 4055 1730 4112 τοῦ
1756 4056 1913 4128 φίλου

314 4156 492 4212 αὐτοῦ
542 4156 839 4229 πορεύεται
890 4152 1383 4227 κατεπαιρόμενος,
1410 4151 1674 4225 ἀλήθειαν
1717 4146 1780 4206 οὐ
1836 4148 1915 4223 μὴ

310 4248 613 4322 λαλήσωσι.
641 4270 662 4304 ι

397 4345 482 4397 Οὐ
512 4341 855 4411 φοιϐήσετε.
895 4340 986 4406 Ἐξ
1032 4339 1355 4412 Ἑλληνικῆς
1391 4338 1683 4409 συνηθείας
1711 4340 1746 4410 ἡ
1772 4338 1916 4405 λέξις

318 4436 736 4499 παρέσπασται.
756 4433 1075 4489 Ἀπόλλωνα
1094 4433 1203 4505 γάρ
1224 4449 1348 4486 τινα
1391 4429 1747 4502 μυθολογοῦσι
1769 4431 1914 4497 θεὸν,

316 4528 415 4581 τὸν
446 4527 608 4581 αὑτὸν
635 4522 777 4582 εῖναι
798 4524 1052 4596 λέγοντες
1078 4524 1156 4596 τῷ
1184 4524 1339 4597 ἡλίῳ,
1364 4524 1421 4577 ὃν
1452 4540 1559 4595 περ
1586 4522 1913 4593 ὀνομάζουσι

317 4617 535 4682 Φοῖϐον,
570 4617 662 4670 τὸν
692 4616 935 4688 καθαρὸν
958 4614 1123 4687 δῆθεν
1151 4615 1530 4686 σημαίνοντες.
1568 4613 1732 4683 Δηλοί
1761 4608 1908 4683 οὖνὴ

315 4709 471 4777 λέξις
503 4710 567 4763 τὸ
602 4708 678 4780 μὴ
699 4694 1222 4781 ’περικαοαίρεσθαμ
1255 4706 1330 4759 ού
1362 4706 1467 4778 γὰρ
1515 4702 1623 4760 οἶδε
1659 4704 1911 4775 σώματος

316 4801 609 4872 καθαρμὸς
645 4801 956 4872 μολυσμοὺς
983 4799 1243 4869 ἀπονίψαι
1269 4799 1467 4870 ψυχῆς.
1502 4799 1615 4870 Τὴν
1652 4798 1826 4870 ἀρχὴν
1859 4798 1915 4851 δὲ

321 4892 581 4962 μολύνειν
610 4893 712 4946 ούκ
758 4888 868 4946 οἶδε
913 4891 1129 4964 νεκρὸς,
1166 4890 1199 4962 ἣ
1230 4890 1395 4961 λεχὼ,
1427 4891 1522 4944 καὶ
1554 4890 1624 4945 τὰ
1664 4888 1911 4943 τοιαῦτα.

314 4983 457 5039 Θεοῦ
488 4984 547 5038 δὲ
576 4985 739 5056 μόνου
769 4984 1143 5056 περικαοᾶραι
1173 4982 1353 5053 ψυχὴν
1373 5025 1387 5047 ,
1417 4981 1612 5051 ἄφεσίν
1645 4998 1706 5034 τε
1730 4979 1915 5034 δοῦναι

319 5076 923 5148 πλημμελημάτων.⁹0
973 5074 1278 5146 πεποίηκεν
1309 5077 1337 5127 ό
1369 5074 1627 5145 Χριστὸς,
1661 5072 1723 5126 τὸ
1772 5071 1917 5127 θεῖον

316 5170 456 5240 ἡμῖν
484 5169 877 5240 δωρησάμενος
912 5166 1440 5238 βάπτισμα.⁹Ωσπερ
1473 5165 1583 5235 γὰρ
1634 5164 1799 5235 νόμον
1830 5180 1915 5227 τις

316 5260 581 5334 παραϐὰς
607 5260 896 5333 κοσμικόν,
929 5261 1029 5314 οὐκ
1073 5261 1140 5315 ἂν
1167 5258 1331 5330 φύγοι
1359 5258 1457 5329 τὴν
1492 5257 1670 5328 δίκην,
1711 5255 1785 5328 μὴ
1814 5255 1915 5326 βα-

319 5355 522 5420 σιλέως
576 5354 790 5427 ἡμέρου
837 5352 1210 5425 χαρισαμένου
1260 5352 1360 5424 τὴν
1399 5351 1629 5422 ἄφεσιν’
1657 5347 1799 5402 οὕτω
1831 5364 1916 5412 τις

2016 3418 2161 3473 enim
2198 3418 2420 3485 violata,
2452 3420 2633 3476 valeat
2667 3430 2886 3487 natura,
2916 3422 3097 3479 valeat
3121 3425 3397 3494 cognatio.
3434 3424 3607 3492 Quale

2013 3519 2068 3566 et
2099 3509 2410 3568 Servatoris
2465 3512 2599 3567 illud
2635 3519 2768 3569 est:
2810 3531 2831 3565 ‹
2860 3513 2962 3581 Qui
3016 3527 3225 3586 patrem
3270 3532 3336 3573 ac
3375 3526 3603 3572 matrem

2016 3605 2253 3673 amplius
2307 3620 2394 3659 me
2446 3605 2647 3678 diligit,
2685 3621 2797 3662 non
2847 3622 2935 3663 me
2976 3607 3177 3681 dignus
3226 3610 3373 3665 est'.
3406 3627 3424 3662 ι
3475 3607 3608 3666 Tale

2016 3695 2179 3751 etiam
2212 3694 2316 3751 hoc
2342 3695 2594 3752 Ieremia:
2622 3708 2707 3754 est
2737 3717 2750 3753 :
2778 3717 2797 3750 ‹
2828 3699 2874 3754 Α
2898 3703 3151 3770 proximo
3184 3717 3287 3756 suo
3318 3701 3423 3758 sibi
3450 3704 3607 3775 quis-

2015 3801 2123 3856 quc
2154 3795 2385 3850 caveat,
2416 3796 2473 3843 et
2504 3788 2558 3843 in
2593 3789 2862 3847 fratribus
2894 3793 3012 3848 suis
3046 3808 3155 3848 non
3199 3793 3458 3849 fiduciam
3489 3799 3606 3849 col-

2018 3874 2179 3930 locet.
2223 3876 2494 3941 Quoniam
2531 3878 2712 3934 omnis
2750 3878 2919 3937 frater
2972 3881 3426 3953 supplantatione
3473 3900 3607 3955 sup-

2015 3965 2326 4036 plantabit,
2358 3977 2412 4023 et
2459 3970 2640 4024 omnis
2688 3970 2901 4028 amicus
2949 3970 3332 4030 fraudulenter
3379 3975 3603 4031 incedit.

2016 4057 2264 4129 Quisque
2318 4060 2569 4130 proximo
2615 4078 2717 4117 suo
2770 4063 3314 4130 illudet,veritatem
3366 4082 3477 4123 non
3528 4068 3608 4123 lo-

2014 4153 2316 4221 quentur-8.
2349 4170 2367 4204 ι
2396 4152 2463 4208 Et
2492 4161 2617 4225 post
2651 4154 2757 4210 alia
2785 4156 2969 4213 denuo
3004 4157 3196 4213 eadem
3234 4158 3391 4215 dicit.

2090 4328 2174 4384 Ne
2199 4330 2434 4402 purgatis
2465 4348 2575 4387 vos.
2616 4331 2779 4405 [XIV,
2813 4333 2885 4407 l.j
2927 4332 3002 4389 Ex
3026 4333 3344 4390 Grazcorum
3370 4350 3608 4392 consue—

2018 4424 2213 4480 tudine
2240 4441 2343 4480 vox
2378 4425 2493 4480 haec
2529 4427 2781 4482 traducta
2803 4435 2906 4483 est.
2930 4426 3241 4498 Apollinem
3269 4427 3416 4483 enim
3441 4427 3605 4483 deum

2016 4514 2307 4585 quemdam
2331 4530 2453 4571 esse
2478 4515 2818 4578 fabulantur,
2838 4533 3000 4587 quem
3024 4517 3274 4572 eumdem
3300 4517 3469 4572 solem
3486 4532 3609 4573 esse

2016 4605 2227 4661 dicunt.
2259 4605 2431 4673 Quem
2481 4608 2702 4675 quidem
2750 4608 3019 4663 Phoebum
3061 4608 3370 4673 nominant,
3407 4624 3605 4677 purum

2019 4699 2276 4755 videlicet
2301 4715 2424 4755 esse
2456 4699 2788 4755 indicantes.
2824 4698 3100 4754 Iudicatur
3133 4700 3301 4770 igitur
3328 4699 3427 4754 hac
3453 4716 3605 4765 voce,

2018 4808 2087 4847 ne
2124 4807 2247 4847 sese
2298 4791 2563 4847 defrecent
2613 4807 2677 4847 ac
2727 4792 3053 4863 depurgent.
3083 4791 3407 4847 Purifieatio
3460 4793 3606 4847 enim

2018 4882 2269 4953 corporis
2326 4884 2477 4939 Iabes
2530 4883 2699 4937 animi
2754 4884 2933 4939 nescit
2994 4884 3240 4939 abluere.
3292 4881 3609 4955 Principem

2018 4991 2150 5033 vero
2183 4976 2424 5030 hominis
2454 4984 2666 5046 partem
2692 5015 2708 5041 ,
2743 4975 3004 5041 cadaver,
3043 4985 3137 5030 aut
3168 4990 3442 5046 puerpera
3469 5016 3483 5039 ,
3518 4987 3610 5028 aut

2019 5068 2124 5122 alia
2158 5067 2474 5136 huiusmodi
2498 5083 2606 5122 non
2635 5076 2869 5138 possunt
2906 5068 3309 5124 contaminare.
3342 5066 3609 5121 Caeterum

2024 5159 2197 5216 solius
2226 5157 2322 5242 Dei
2350 5167 2437 5213 est
2476 5173 2711 5229 purgare
2740 5157 2984 5212 animum
3015 5172 3078 5212 ac
3108 5155 3325 5213 veniam
3358 5153 3489 5207 dare
3518 5153 3613 5205 de—

2023 5252 2299 5306 lictorum.
2333 5247 2488 5316 Quod
2526 5248 2786 5306 Christus
2836 5248 2968 5305 fecit
3014 5248 3253 5303 divinam
3296 5260 3420 5300 cum
3454 5242 3614 5297 nobis

2029 5343 2352 5400 tinctionem
2415 5342 2662 5398 donavit.
2696 5340 3174 5409 Quemadmodum
3208 5340 3354 5396 enim
3407 5336 3452 5392 si
3486 5336 3613 5408 quis

392 5535 416 5604 ξ
455 5532 586 5604 Sap.
619 5548 657 5595 l,
688 5532 869 5601 Ηςιι,
898 5531 990 5587 25.
1070 5532 1091 5563 ³
1128 5529 1449 5596 Matth.xv1,
1479 5526 1569 5583 26.
1647 5526 1669 5558 ⁸
1705 5522 1963 5589 Joatm‘t,
1990 5522 2079 5579 70.
2159 5520 2319 5576 l‘Act.
2353 5538 2465 5585 xw,
2506 5519 2592 5576 I7.
2667 5520 2688 5551 ⁸
2729 5518 2975 5586 Maron,
3011 5516 3101 5575 '59.
3180 5514 3415 5571 'Matth.
3438 5531 3493 5582 κ,
3522 5513 3590 5569 37

321 5620 347 5654 ι
380 5602 586 5662 Jercm.
619 5619 697 5669 Ix,
723 5604 778 5667 4,
813 5604 868 5658 5.

1851 5707 2087 5766 NOTAE.

396 5814 634 5888 (95)"10’.
667 5811 785 5868 καί.
820 5808 879 5868 '0
895 5810 951 5867 δὲ
977 5810 1077 5883 τῆς
1111 5793 1249 5880 Αύγ.
1288 5807 1421 5867 κώδ.
1453 5804 1714 5864 Τοιοῦτον
1738 5876 1739 5879 η
1761 5804 1858 5860 καὶ
1891 5804 1951 5859 τὸ
2004 5801 2296 5875 Ἱερεμίου,
2319 5800 2614 5869 Ἕκαστος,
2639 5813 2728 5851 κτ.
