4090 6508
552 351 655 428 ou
1562 364 1573 371 -
1879 345 2261 409 necom
2300 345 2545 408 eum
2844 354 2847 357 ·
2924 354 2927 355 ί
3710 350 3805 420 912

557 479 940 538 transgressus
991 464 1159 533 legem
1211 459 1506 514 humanam
1548 457 1764 525 fuisset,
1792 470 2012 527 pinnam
2044 470 2148 509 non

2255 457 2499 527 προσιὼν
2530 455 2608 527 τῷ
2637 455 2799 528 φύσει
2828 458 2949 531 Θεῷ
2968 500 2985 529 ,
3029 459 3321 516 ἀκούσεται
3350 460 3617 530 λέγοντος,
3636 482 3664 519 ,ι
3685 464 3810 532 Ἐγώ

552 559 825 631 etfugerit,
854 558 913 627 ni
958 570 1053 610 rex
1086 559 1413 610 mansuetus
1445 549 1825 607 remissionem
1862 547 2138 607 contulis-

2255 548 2361 619 είμι
2384 549 2413 601 ὁ
2444 547 2747 619 έξαλείφων
2790 550 2905 620 τὰς,
2933 553 3167 625 ἀνομίας
3196 570 3312 618 σου,
3340 551 3437 606 καὶ
3477 551 3539 604 ού
3584 551 3658 625 μὴ
3691 571 3811 628 μνη-

554 662 663 723 set,
690 652 764 713 ita
799 650 844 706 si
893 648 1018 718 quis
1055 643 1353 700 accesserit
1402 641 1469 697 ad
1501 649 1698 697 natura
1724 640 1920 708 Deum,
1953 639 2140 697 audiet

2255 638 2543 712 σθήσομαι.
2580 661 2598 694 ι
2635 641 2701 696 Τί
2733 638 2827 699 οὖν
2870 645 3107 717 ἐροῦμεν
3154 644 3286 717 περὶ
3328 644 3441 699 τῶν
3484 645 3625 701 κατὰ
3668 647 3812 718 νόμον

553 759 678 800 eum
733 741 970 797 dicere:
1011 757 1029 790 ι
1065 737 1176 808 Ego
1231 750 1350 814 sum
1413 734 1507 806 qui
1566 734 1767 804 induco
1825 733 2142 805 iniquitates

2255 729 2607 802 καθάρσεων;
2656 734 2885 806 Πρῶτον
2933 736 3057 807 μὶν,
3105 736 3277 791 τύπον
3329 732 3474 792 εἶναι
3516 736 3811 810 καθάρσεως

548 816 798 911 vestras,
835 848 937 887 nec
992 844 1232 901 unquam
1291 826 1685 883 recordabor’.
1722 846 1738 879 ι
1778 825 1921 891 Quid
1974 826 2143 897 igitur

2255 823 2593 895 κρείττονος⁹
2628 826 2711 882 ἔτι
2739 828 2798 882 δὲ
2822 828 3106 903 διαφέρειν
3146 830 3259 885 τῶν
3284 816 3619 901 Ἑλληνικῶν
3641 870 3656 897 ,
3689 832 3811 887 αἴτι-

555 926 623 981 de
668 923 1145 996 puriticatiouibns
1198 922 1253 976 in
1302 922 1418 992 lege
1468 918 1789 977 constitutis
1844 916 2143 973 dicemus?

2255 933 2332 980 te;
2360 918 2478 987 μετ’
2505 919 2730 989 ἐπῳδῶν
2751 921 2997 991 ἐγίνοντο
3024 921 3169 976 ἁλῶν
3201 940 3285 990 τε,
3322 924 3420 978 καὶ
3453 923 3679 995 δάφνης,
3708 942 3814 995 κρι-

547 1018 802 1095 Primum
834 1017 1056 1088 quidem
1094 1030 1205 1095 pra:
1237 1031 1297 1071 se
1333 1014 1561 1091 figuram
1596 1012 1998 1085 purificationis
2026 1025 2144 1067 me-

2255 1009 2342 1081 ὶῆς
2386 1028 2447 1064 τε
2491 1014 2586 1080 καὶ
2616 1013 2899 1086 θαλάσσης
2918 1055 2933 1082 ,
2964 1015 3063 1071 καὶ
3104 1015 3344 1086 παρόδου
3373 1014 3467 1069 διὰ
3498 1016 3815 1087 πυρός.Ἐφ¹

558 1115 711 1168 lioris
760 1094 923 1166 ferre.
971 1094 1201 1180 Insuper
1248 1124 1379 1163 vero
1430 1124 1460 1162 a
1510 1106 1847 1161 Grtecanicis
1899 1102 2142 1171 diti'erre,

2255 1096 2320 1157 ὧν
2368 1105 2575 1177 κυρίως
2625 1108 2707 1175 τὸ,
2737 1106 3085 1178 sacriﬁcate.
3118 1108 3164 1161 Τ
3166 1107 3234 1178 ἧς
3255 1107 3363 1185 γὰρ
3397 1106 3817 1180 είδωλολατρείεις

552 1202 703 1275 quod
740 1222 818 1260 ea:
852 1219 976 1258 cum
1017 1200 1514 1262 incantationibus,
1545 1198 1782 1261 salibus,
1817 1198 1993 1263 laure,
2019 1198 2145 1251 hor-
2241 1193 2303 1247 τὸ
2332 1195 2558 1267 χρῆμα.
3398 1258 3401 1261 _

557 1285 688 1361 deo,
716 1296 853 1352 mari
887 1303 941 1350 et
971 1280 1294 1371 transitione
1333 1291 1515 1364 442
1558 1306 1652 1362 per
1686 1290 1868 1361 ignem
1902 1287 2021 1344 ﬁeri
2081 1284 2348 1341 solebant.
2421 1287 2495 1344 De
2568 1291 2769 1360 quibus
2820 1292 3043 1363 proprie
3120 1291 3411 1363 φοιϐήσετε
3462 1291 3680 1347 dicitur.
3730 1292 3818 1347 lius

561 1390 705 1445 "nim
745 1387 1070 1443 idololatriae
1102 1387 1261 1457 plena
1288 1394 1391 1442 est.

631 1571 897 1635 Quoniam
927 1560 1028 1622 uon
1060 1576 1137 1621 est
1170 1556 1224 1620 in
1254 1575 1300 1619 te
1335 1552 1557 1634 pauper.
1584 1563 1735 1636 lxv,
1760 1561 1839 1632 4.]
1883 1562 1997 1617 Hoc
2029 1565 2193 1617 etiam
2227 1562 2403 1618 Lucas
2434 1562 2488 1616 in
2520 1562 2674 1616 Actis
2701 1560 2903 1615 habet:
2930 1580 2958 1611 ἰ
2992 1559 3052 1613 Et
3084 1558 3261 1635 gratia
3300 1565 3422 1610 erat
3453 1570 3619 1626 super
3646 1570 3819 1611 omnes

558 1675 693 1724 etis;
734 1654 910 1726 neque
941 1656 1086 1712 enim
1125 1669 1331 1726 pauper
1364 1648 1663 1723 quisquam
1697 1662 1817 1707 crat
1854 1655 1995 1707 inter
2025 1653 2199 1717 eos",
2224 1642 2254 1702 -ό
2293 1650 2360 1705 de
2385 1650 2470 1707 his
2499 1649 2593 1720 qui
2623 1649 2973 1703 crediderant
3014 1647 3264 1715 loquens.
3300 1644 3561 1712 Praecipit
3593 1657 3717 1697 vero
3748 1646 3819 1697 lex

560 1763 589 1801 ει
622 1742 1163 1817 ροιτθετίιιοέλῑεθτο
1193 1740 1288 1798 seu
1318 1742 1595 1812 appellare
1629 1740 1808 1795 debita
1829 1780 1843 1804 ,
1878 1748 1933 1792 at
1982 1738 2199 1796 civibus
2231 1740 2465 1810 benigne
2498 1738 2883 1794 remissionem
2917 1733 3105 1807 largiri
3139 1749 3282 1788 anno
3313 1732 3590 1803 septimo,
3619 1733 3707 1802 qui
3744 1748 3818 1786 re-

556 1835 845 1890 v’olntione
891 1835 994 1887 'su'a
1044 1831 1307 1887 instantis
1359 1830 1546 1886 surculi
1600 1827 2132 1883 consummationem
2162 1827 2457 1897 significat.
2489 1826 2589 1882 Cui
2628 1827 2805 1882 vicina
2842 1826 3018 1880 octavi
3053 1824 3162 1879 diei
3191 1821 3536 1878 resurrectio
3561 1829 3642 1874 est
3669 1861 3683 1883 .
3728 1836 3821 1891 qua

559 1923 835 1978 Christus
871 1922 1194 1975 incarnatus
1246 1918 1571 1973 domesticis
1622 1916 1844 1986 quidem
1898 1915 2015 1971 suis
2052 1914 2173 1969 fidei
2194 1914 2388 1970 debita
2436 1916 2647 1971 remisit
2685 1933 2698 1970 :
2733 1914 2983 1970 infideles
3015 1927 3147 1969 vero
3180 1925 3304 1967 reos
3330 1910 3649 1966 constituit.
3685 1906 3822 1964 Unde

560 2026 696 2066 sane
731 2009 1023 2080 discipulis
1050 2008 1169 2064 suis
1196 2007 1335 2061 dixit
1362 2024 1375 2061 :
1417 2024 1436 2057 ι
1468 2005 1538 2059 Ut
1570 2005 1614 2059 si
1649 2001 1999 2075 perstiteritis
2032 2004 2087 2056 in
2119 2002 2287 2058 verbo
2314 2002 2475 2068 meo,
2511 2000 2803 2057 veritatth
2838 1992 3229 2072 cognoscatis,
3259 2007 3313 2053 et
3343 1998 3551 2052 veritas
3581 1996 3674 2051 vos
3702 1996 3819 2049 libe-

555 2098 726 2154 ret”.
761 2116 780 2150 ι
833 2097 1042 2152 Alienis
1093 2109 1225 2151 vero
1275 2093 1417 2148 dixit
1450 2110 1463 2147 :
1503 2111 1521 2144 ι
1558 2093 1615 2146 Si
1674 2107 1782 2146 non
1828 2090 2172 2147 credideritis
2215 2091 2363 2161 quod
2416 2107 2519 2161 ego
2557 2107 2704 2157 sum,
2741 2091 2793 2145 in
2848 2092 3089 2161 peccatis
3116 2087 3316 2144 vestris
3348 2083 3818 2141 occumbens“.-

558 2186 835 2252 Quocirca
866 2184 1230 2255 pecuniarum
1259 2181 1607 2237 debitoribus
1639 2194 1741 2235 nos
1771 2188 2075 2249 comparat,
2101 2188 2156 2233 et
2180 2178 2233 2233 in
2258 2180 2581 2249 precatione
2610 2193 2711 2233 sua
2735 2178 3045 2234 debitorum
3078 2175 3471 2231 remissionem
3506 2180 3686 2243 petere
3710 2171 3822 2225 hor-

560 2284 729 2329 tatur.
2135 2307 2151 2320 .

562 2427 571 2435 .
632 2360 816 2434 Neque
845 2358 1190 2431 contristetur
1219 2372 1311 2410 cor
1339 2365 1485 2410 tuum
1517 2356 1562 2409 si
1596 2354 1643 2424 ei
1674 2352 1903 2408 dederis.
1945 2352 2063 2426 [7.]
2106 2353 2198 2410 Sic
2238 2369 2458 2425 quoque
2487 2354 2545 2410 in
2578 2354 2818 2411 secunda
2850 2354 2917 2410 ad
2949 2351 3274 2410 Corinthios
3299 2349 3641 2422 Apostolus:
3671 2368 3689 2401 ι
3716 2347 3817 2403 Non

560 2464 685 2502 cum
719 2447 1004 2511 mmstitia,
1035 2454 1128 2499 aut
1158 2450 1369 2507 coacte,
1401 2443 1629 2497 hilarem
1664 2442 1810 2496 enim
1838 2441 2085 2497 datorem
2117 2455 2266 2497 amat
2296 2445 2437 2501 Deus
2462 2445 2525 2498 ".
2561 2464 2578 2497 ι

562 2544 565 2547 ·
635 2534 836 2589 Serviat
869 2533 965 2586 tibi
990 2546 1084 2597 sca:
1114 2532 1307 2603 annis._
1328 2528 1468 2602 [Ιί]
1508 2530 1646 2583 Ante
1672 2529 1981 2584 Servatoris
2007 2529 2300 2587 adventum
2332 2534 2435 2605 legi
2464 2534 2751 2590 servitutis
2794 2531 2965 2588 Israel
3000 2533 3271 2589 astrictus
3292 2574 3309 2595 .
3336 2542 3510 2605 atque
3542 2532 3646 2588 sub
3671 2528 3824 2584 disci-

562 2624 711 2695 plina
743 2629 882 2676 erat.
911 2619 1216 2677 Postremis
1246 2635 1378 2675 vero
1424 2616 1769 2688 temporibus
1794 2658 1810 2683 ,
1857 2632 1983 2672 cum
2027 2617 2425 2677 humanitatem
2465 2622 2797 2688 ascivisset,
2838 2622 3123 2677 servitutis
3156 2622 3391 2692 spiritus
3439 2630 3529 2678 est
3566 2620 3822 2682 sublatus,

562 2720 872 2783 sponteque
905 2720 960 2766 et
991 2709 1165 2781 gratis
1198 2708 1252 2763 in
1282 2707 1424 2777 filios
1456 2715 1588 2763 sunt
1633 2706 1897 2776 adoptati.
1937 2706 2059 2762 Non
2106 2708 2251 2763 enim
2295 2709 2427 2779 legis
2469 2726 2725 2782 operum,
2752 2710 2850 2767 sed
2887 2710 3013 2765 tidei
3046 2709 3253 2765 viatico
3301 2716 3533 2781 accepto
3566 2707 3821 2763 victimam

564 2798 975 2854 immaculatam
1027 2798 1097 2852 ab
1149 2796 1349 2852 ovibus
1401 2803 1744 2858 extractam,
1772 2808 1930 2849 ovem
1954 2833 1969 2859 ,
2002 2794 2263 2864 inquam,
2297 2797 2364 2852 ad
2396 2799 2669 2853 lanienam
2706 2798 2880 2854 nostri
2914 2798 3113 2868 gratia,
3140 2796 3458 2853 adductam.
3488 2794 3823 2851 Frumentum

564 2892 717 2954 item,
757 2904 821 2944 ae
852 2890 1040 2945 vinum
1062 2927 1078 2953 ,
1115 2894 1365 2943 sanctam
1395 2885 1568 2956 ipsius
1603 2899 1827 2940 carnem
1859 2893 1915 2940 et
1948 2885 2307 2956 sanguinem,
2340 2887 2585 2957 adeoque
2623 2901 2721 2957 per
2753 2887 2871 2957 ipsa
2904 2887 3213 2942 libertatem
3247 2885 3491 2941 assecuti
3524 2898 3729 2940 sumus.

584 3068 592 3076 κ
632 2997 788 3071 Quod
822 2997 869 3054 si
899 3011 1030 3053 vero
1062 2996 1178 3069 lege
1206 2996 1482 3052 carnalem
1513 2994 1736 3051 fratrem
1766 2995 2006 3050 libertati
2039 2995 2141 3051 do-

2316 3000 2378 3053 Εί
2412 2998 2470 3052 δὲ
2514 2997 2661 3053 κατὰ
2694 2997 2860 3070 νόμον
2901 2997 2995 3053 τὸν
3059 2997 3378 3069 σωματικὸν
3420 2997 3650 3066 ἀδελφὸν
3674 3012 3826 3067 προς-

563 3104 700 3155 nare
729 3086 1129 3153 conveniebat,
1162 3094 1372 3156 quanto
1402 3085 1578 3156 magis
1598 3086 1959 3156 ‘spiritualem
1991 3087 2151 3142 nobis

563 3179 859 3235 convenit?
889 3178 967 3234 Ac
999 3193 1125 3233 cum
1166 3176 1483 3248 hujusmedi
1518 3184 1777 3247 tanquam
1808 3191 1933 3231 cum
1967 3176 2149 3233 liberis

561 3271 881 3347 conversari
909 3278 1159 3343 oportet,
1201 3284 1265 3325 ae
1301 3269 1423 3325 illos
1456 3267 1703 3325 Dominis
1732 3269 1852 3325 suis
1887 3278 2149 3340 tanquam

565 3363 965 3419 amantissimis
997 3362 1201 3428 favere,
1239 3362 1392 3417 nullo
1427 3360 1713 3417 servitutis
1745 3360 1955 3431 pudore
1997 3360 2147 3428 duci,

560 3436 931 3523 virtutemque
978 3451 1034 3506 in
1088 3451 1283 3523 primis
1311 3450 1657 3515 consectari,
1684 3451 2147 3521 quemadmodum

565 3532 813 3601 fecerunt
860 3544 900 3598 ii
940 3558 1080 3614 quos
1130 3543 1395 3598 absoluta:
1441 3543 1678 3597 libertati
1712 3543 1959 3599 melioris
2005 3551 2149 3599 notae

567 3622 816 3689 homines
848 3633 1228 3711 reddiderunt.
1267 3631 1432 3711 Juxta
1472 3632 1607 3687 illud
1636 3651 1649 3686 :
1677 3650 1696 3684 ι
1732 3632 1988 3688 Liberum
2018 3649 2144 3690 eum

565 3744 595 3780 a
630 3738 682 3780 te
705 3726 969 3791 dimittes,
1002 3744 1019 3776 ι
1050 3740 1160 3780 non
1192 3724 1258 3779 ad
1292 3732 1507 3795 tempus
1532 3723 1859 3796 prasﬁuitum
1906 3726 2148 3796 aliquod,

566 3818 795 3885 spiritus
824 3816 971 3871 enim
1005 3815 1152 3869 omni
1185 3824 1429 3885 tempore
1478 3824 1563 3871 est
1614 3816 1889 3886 superior.
1923 3820 2000 3871 Ac
2034 3818 2149 3887 spi-

567 3909 859 3964 ritualibus
885 3906 1104 3980 quidem
1138 3923 1314 3963 annus
1345 3909 1629 3979 septimus,
1666 3908 1853 3964 mundi
1888 3924 2150 3965 consum-

567 4001 736 4055 matio
760 3992 978 4069 semper
1009 4005 1208 4069 praesto
1234 4007 1339 4053 est.

2255 3090 2396 3161 ἧκεν
2421 3088 2762 3161 ἐλευθεροῦν,
2798 3089 2949 3161 πόσῳ
2982 3106 3047 3159 γε
3079 3090 3171 3143 τὸν
3214 3089 3361 3144 κατὰ
3392 3088 3615 3160 πνεῦμα
3645 3087 3822 3159 μᾶλλον

2256 3185 2427 3256 ἡμῖνς
2460 3184 2568 3237 Καὶ
2614 3183 2696 3237 δεῖ
2738 3184 2853 3248 τοῖς
2896 3182 3162 3247 τοιούτοις
3192 3182 3270 3247 ὡς
3301 3182 3620 3253 ἐλευθέροις
3666 3183 3823 3235 συνεῖ-

2256 3292 2366 3340 ναι,
2392 3274 2682 3339 κάκείνους
2705 3274 2782 3341 ὡς
2808 3276 3118 3346 ἀγαπητοῖς
3148 3273 3362 3330 εὐνοεῖν
3385 3275 3503 3337 τοῖς
3535 3272 3819 3334 δεσπόταις,

2259 3365 2336 3439 μὴ
2363 3366 2425 3420 τὸ
2453 3365 2639 3420 δοῦλον
2667 3366 3122 3438 αἰσχυνομένους,
3152 3366 3354 3437 ἀρετὴν
3377 3365 3439 3419 δὲ
3471 3365 3752 3427 διώκοντας
3772 3366 3823 3417 ὲν

2252 3451 2406 3529 ᾧπερ
2431 3458 2619 3529 ἔτυχον
2652 3460 2919 3530 σχήματι.
2949 3458 3056 3523 Οὓς
3075 3459 3126 3512 οἱ
3149 3458 3375 3523 τελείως
3405 3456 3818 3528 ἐλευθεροῦντες,

2254 3550 2542 3621 ἀμείνους,
2573 3551 2715 3606 κατὰ
2745 3551 2808 3606 τὸ
2827 3590 2843 3615 ,
2880 3570 2899 3604 t
2925 3551 3342 3617 Ἐξαποστελεῖς
3369 3552 3535 3605 αύτδν
3559 3549 3819 3620 ἐλεύθερον

2254 3642 2365 3696 ἀπὸ
2399 3642 2516 3708 σοῦ,
2553 3661 2572 3696 ι
2608 3644 2710 3697 οὐκ
2737 3644 2794 3696 ὲν
2818 3643 3112 3715 ὡρισμένῳ
3137 3645 3245 3697 τινὶ
3273 3644 3472 3714 χρόνῳ.
3502 3642 3705 3714 Χρόνου
3726 3643 3819 3711 γὰρ

2255 3740 2503 3806 κρεῖττον
2522 3736 2584 3789 τὸ
2606 3737 2998 3807 πνευματικὸν,
3016 3738 3112 3792 καὶ
3127 3738 3216 3792 ἀεὶ
3235 3737 3450 3801 τούτοις
3473 3736 3675 3807 ἑϐδόμη
3699 3735 3819 3802 πάρ·

2258 3843 2407 3881 εστιν
2437 3829 2471 3898 ὴ
2500 3826 2595 3882 τοῦ
2625 3829 2831 3899 κόσμου
2860 3828 3166 3885 συντέλεια.

640 4117 709 4173 Et
741 4118 1039 4188 perforabis
1067 4133 1251 4175 autem
1273 4118 1387 4187 ejus
1411 4118 1480 4171 ad
1504 4119 1697 4172 ostium
1726 4119 1777 4173 in
1810 4118 2023 4183 limine,
2045 4132 2092 4175 et
2118 4126 2220 4176 erit
2248 4123 2485 4192 famulus
2518 4137 2640 4181 titus
2672 4129 2727 4181 in
2757 4129 3162 4197 sempiternum,
3191 4136 3299 4183 etc.
3330 4124 3476 4199 [17.]
3516 4124 3817 4193 Quicunque

571 4218 697 4279 post
731 4213 1081 4276 peccatorum
1117 4205 1501 4259 remissionem
1531 4207 1597 4260 ad
1630 4206 1902 4261 libertatis
1936 4208 2257 4279 dignitatem
2291 4215 2578 4283 pervenire
2618 4231 2726 4271 non
2747 4226 3083 4287 potuerunt,
3121 4230 3299 4285 neque
3322 4215 3547 4269 sincero
3574 4226 3694 4283 erga
3724 4209 3816 4263 Do-

570 4297 775 4359 minum
807 4291 1004 4350 all'ectn
1044 4306 1239 4347 aurem
1261 4294 1751 4359 circumciderunt,
1781 4295 2138 4351 nihiIOminns
2171 4301 2387 4355 vero’iu
2421 4301 2667 4359 inferiori
2695 4303 3014 4360 conditione
3051 4302 3157 4359 sub
3192 4302 3313 4373 ipso
3344 4301 3414 4356 ad
3450 4300 3650 4357 ostium
3677 4302 3727 4354 in
3759 4298 3815 4351 li-

569 4384 721 4439 mine
751 4397 875 4439 esse
902 4383 1137 4447 volunt,
1171 4396 1450 4451 nunquam
1481 4380 1627 4436 enim
1663 4398 1730 4436 ex
1763 4385 2019 4452 przesenti
2054 4386 2317 4442 servitute
2339 4390 2525 4458 egredi
2553 4398 3020 4460 praesumpserunt
3042 4430 3057 4453 ,
3092 4404 3282 4443 aurem
3315 4390 3516 4443 subula
3547 4386 3809 4459 perforan-

570 4482 683 4537 tur.
723 4472 845 4539 Quo
878 4472 1148 4527 foramine
1177 4470 1359 4525 edocti
1391 4470 1527 4525 bene
1558 4472 1769 4526 servire
1799 4479 2096 4541 poterunt,
2140 4473 2315 4529 donec
2357 4476 2643 4533 servitutis
2672 4482 2854 4548 spatio
2884 4486 3082 4533 exacto
3102 4518 3117 4544 ,
3151 4477 3295 4532 inter
3338 4476 3704 4532 mercenaries
3726 4473 3809 4527 de-

570 4561 763 4632 scripti
789 4601 804 4625 .
837 4560 902 4615 ad
937 4560 1173 4615 ﬁliorum
1205 4558 1530 4630 dignitatem
1560 4559 1771 4630 seipsos
1804 4560 2113 4616 intrudant.
2150 4563 2406 4621 Christus
2437 4566 2583 4621 enim
2629 4568 2802 4638 prima
2838 4568 3010 4637 figura
3046 4566 3249 4621 liberos
3285 4563 3451 4621 efficit
3473 4606 3489 4631 ,
3543 4564 3728 4618 fratres
3763 4567 3809 4613 et

570 4652 777 4706 amicos
809 4648 1104 4705 vocitando
1139 4667 1153 4704 :
1190 4667 1207 4701 σ
1243 4648 1450 4704 Servus
1480 4648 1626 4703 enim
1664 4649 1860 4713 nescit,
1898 4650 2112 4720 inquit,
2150 4650 2484 4707 voluntatem
2518 4650 2733 4707 Domini
2768 4653 2931 4708 sui“.
2967 4671 2986 4705 ι
3022 4650 3128 4718 Qui
3170 4666 3300 4707 vero
3329 4651 3544 4707 servire
3573 4648 3715 4718 cupit
3741 4646 3808 4699 in—

570 4740 818 4798 stituitur
849 4746 908 4792 ut
940 4737 1125 4793 dicere
1150 4737 1363 4809 possit:
1396 4756 1415 4787 ‹
1449 4735 1748 4807 Disciplina
1780 4737 1995 4792 Domini
2029 4752 2195 4794 aures
2224 4754 2377 4795 meas
2400 4740 2635 4809 aperit“
2690 4758 2708 4791 ι
2745 4738 3003 4795 Fortasse
3034 4755 3162 4795 vero
3187 4739 3354 4795 etiam
3386 4738 3540 4794 velut
3568 4737 3656 4807 qui
3685 4747 3805 4805 pra:-

568 4836 752 4884 sentes
778 4814 879 4903 res
905 4825 1032 4880 boni
1063 4822 1407 4879 consuluerit
1435 4864 1450 4889 ,
1498 4826 1644 4879 auris
1673 4822 1989 4895 perforatur
2014 4865 2031 4893 ,
2079 4840 2149 4882 ne
2181 4825 2226 4881 si
2266 4827 2506 4881 naturali
2538 4834 2751 4882 tantum
2795 4826 3066 4883 foramine
3092 4841 3283 4882 vocem
3318 4825 3516 4891 audit,
3566 4820 3805 4878 libertatis

570 4917 878 4973 orationem
907 4914 1153 4983 excipiat
1180 4912 1501 4984 aliquando,
1532 4929 1655 4968 cum
1690 4913 1889 4983 dignus
1923 4928 2027 4969 non
2058 4914 2129 4970 sit
2151 4912 2453 4984 perfectam
2485 4914 2844 4982 auditionem,
2877 4930 2984 4986 qua
3023 4929 3312 4970 sermones
3345 4926 3581 4968 areanos
3608 4909 3805 4965 haurire

573 5004 781 5076 possit,
812 5002 1123 5072 acquirere.
1162 5000 1375 5055 [ndicat
1407 4999 1552 5055 enim
1586 4999 1901 5069 huiusmodi
1940 5001 2220 5056 hominum
2250 5003 2478 5059 auribus
2515 5018 2802 5059 sermones
2836 5004 3188 5058 sublimiores
3221 5001 3503 5071 impertire
3531 5014 3638 5054 non
3664 5010 3804 5067 opor—

574 5104 705 5147 tere.
737 5090 905 5145 Lacte
937 5089 1079 5144 enim
1105 5102 1199 5143 eos
1227 5095 1441 5158 potare,
1468 5103 1574 5142 non
1601 5088 1827 5153 eduliis,
1851 5098 2096 5159 Oportet,
2127 5090 2285 5160 juxta
2313 5089 2483 5145 illud:
2511 5109 2528 5141 ι
2552 5087 2631 5146 Ne
2659 5089 2969 5161 projiciatis
2996 5089 3326 5159 margaritas
3358 5097 3485 5143 ante
3514 5083 3798 5158 porcos‘h

569 5178 742 5233 Porro
773 5177 1171 5247 sempiternum
1208 5175 1481 5245 cujusque
1513 5175 1754 5231 hominis
1786 5177 1948 5231 vitam
1978 5186 2281 5247 nuncupat.
2313 5176 2484 5243 Quale
2515 5177 2646 5232 illud
2673 5177 2817 5249 apud
2851 5177 3080 5232 Paulum
3112 5185 3232 5242 est,
3275 5195 3292 5229 ι
3328 5175 3446 5231 Non
3487 5175 3801 5231 comederrm

568 5256 765 5321 carnes
796 5266 852 5319 in
883 5274 1173 5319 aeternum.
1204 5281 1221 5312 ι
1262 5260 1425 5317 Forte
1458 5276 1588 5317 vero
1620 5272 1836 5334 tempus
1864 5265 1995 5318 illud
2031 5265 2208 5318 innuit
2238 5282 2346 5336 quo
2368 5267 2434 5321 de
2465 5268 2731 5322 servitute
2764 5268 3269 5331 conveniunt,cnm
3305 5265 3447 5320 alius
3478 5272 3726 5319 aeternum
3757 5266 3801 5311 et

569 5353 735 5407 vitam
762 5357 1020 5423 supputet
1050 5360 1267 5420 tempus
1300 5349 1432 5404 illud
1465 5366 1574 5421 quo
1599 5366 1629 5406 e
1662 5352 1929 5407 servitute
1960 5352 2025 5405 ad
2058 5367 2280 5423 Operam
2316 5356 2713 5409 mercenariam
2750 5353 2993 5417 transiit,
3021 5362 3076 5409 et
3106 5352 3234 5408 inde
3264 5350 3332 5405 ad
3363 5350 3564 5406 filiatus
3587 5346 3796 5418 dignita-

567 5450 696 5497 tem.

569 5546 573 5549 ‘
642 5532 765 5586 Non
814 5533 1001 5598 poterit
1050 5532 1328 5588 immolare
1374 5532 1571 5601 pascha
1627 5534 1679 5586 in
1732 5532 1845 5586 ulla
1873 5533 2145 5587 civitatum

2326 5537 2407 5589 Οὑ
2433 5534 2673 5605 δυνήσῃ
2723 5534 2906 5590 θῦσαι
2942 5535 3008 5588 τὸ
3052 5534 3264 5604 πάσχα
3305 5531 3376 5587 ἐν
3420 5525 3657 5601 οὐδεμιᾷ
3701 5522 3800 5578 τῶν

639 5710 659 5740 9
706 5708 808 5761 Isti.
842 5722 993 5771 thtt,
1029 5706 1119 5764 25.

574 5778 616 5818 ³³
650 5778 793 5835 Psal.
840 5794 970 5844 xvtt,
998 5778 1087 5834 56.

1198 5710 1243 5742 ¹⁰
1282 5709 1401 5762 Act.
1443 5723 1514 5770 Iv.
1547 5708 1638 5763 54.

1630 5746 1638 5783 .
1725 5709 1763 5740 ¹¹
1807 5706 1966 5765 Joan.
1996 5726 2113 5780 vm,
2148 5711 2235 5768 ⁸52.
2315 5712 2356 5745 ¹¹
2397 5712 2526 5769 ibid.
2558 5713 2648 5768 2i.

1172 5780 1213 5810 ¹⁶
1253 5779 1444 5834 Matth.
1478 5795 1574 5844 vtt,
1611 5780 1662 5834 ὑ.

2730 5714 2772 5745 ⁸³
2811 5714 2849 5767 lt
2890 5715 3015 5771 Cor.
3068 5734 3143 5782 ιχ,
3195 5717 3246 5769 7.
3327 5719 3371 5750 ’δ
3409 5718 3501 5775 Joa
3522 5736 3573 5773 η.
3614 5721 3693 5768 ιν,
3722 5702 3791 5759 i5.
