4090 6496
330 400 442 463 913

1256 406 1795 470 COMMENTA‘RH
1832 409 1929 472 IN
1955 408 2651 471 DEUTERONOMIUM.

3495 395 3601 473 918

328 508 569 566 πόλεών
598 526 737 568 σου.
780 507 874 578 Εἷς
900 514 1009 586 γὰρ
1040 514 1225 580 τόπος,
1260 517 1355 570 καὶ
1391 516 1490 587 μία
1519 517 1697 583 πόλις,
1739 520 1772 590 ή
1821 535 1922 573 κα-

2030 528 2266 584 tuarum,
2288 526 2395 575 etc.
2421 517 2690 591 [XVI,‘5.]
2708 516 2926 575 Unicus
2951 517 3096 574 enim
3116 516 3270 572 locus
3291 526 3375 573 est
3398 524 3452 572 et
3475 520 3605 572 urbs

332 605 528 679 θολικὴ
570 606 889 680 Ἐκκλησία.
921 611 956 681 ἡ
989 611 1087 664 καὶ
1114 612 1379 683 νομίμους
1410 614 1610 686 ἔχουσα
1642 617 1772 679 τοὺς
1819 617 1929 687 ἱερ-

324 698 593 769 συργοὺς,
629 700 746 755 ἀλλ’
793 701 895 755 ούκ
956 702 1171 768 ἑαυτοῖς
1213 705 1568 776 ἁρπάζοντας
1615 706 1713 778 τὴν
1757 708 1926 779 τιμὴν

325 792 478 845 κατά
513 793 643 858 τοὺς
670 794 1115 860 ἀποστατοῦντας
1146 797 1245 867 τῆς
1276 798 1623 871 Ἐκκλησίας.
1651 800 1824 873 Οἴπερ
1848 800 1924 866 ὡς

322 883 529 954 ταῦροί
560 902 705 950 τινες
733 886 989 957 ὑϐρισταὶ.
1030 888 1167 958 πρὸς
1200 888 1262 943 τὸ
1295 891 1450 960 σφίσι
1479 889 1673 945 δοκοῦν
1715 892 1910 947 ἵενται.

323 973 487 1047 Αὕτη
516 975 696 1031 τοίνυν
728 977 953 1049 ἡπόλις
990 978 1287 1051 ἐπιτηδείαν
1318 981 1453 1054 μόνη
1495 983 1634 1055 πρὸς
1684 984 1799 1055 τὴν.
1823 984 1944 1039 τοῦ.

325 1066 522 1137 πάσχα
556 1067 767 1123 θυσίαν.
800 1070 867 1124 Al
895 1070 1004 1143 γὰρ
1047 1070 1158 1126 τῶν
1187 1072 1455 1145 αἱρέσεων
1497 1075 1733 1149 μάνδραι
1774 1080 1919 1133 κατά

324 1158 497 1230 νόμον
524 1159 859 1231 ἀπόϐλητοι.

420 1339 510 1394 Ἑν
547 1354 650 1408 μιν
674 1336 768 1395 οὖν
804 1342 1070 1415 Αίγύπτῳ
1112 1344 1283 1400 θύειν-
1311 1347 1515 1411 αὐτοῖς
1547 1348 1707 1420 μόνον
1738 1366 1914 1422 προσ-

324 1431 595 1487 τέτακται
648 1432 740 1488 τδν
769 1434 944 1505 ἀμνόν
968 1451 982 1465 ·
1020 1437 1079 1490 ὲν
1133 1438 1415 1510 Ἀριθμοϊς
1447 1440 1503 1494 δὲ
1552 1442 1649 1495 καὶ
1680 1442 1914 1499 ἐνταῦθα

326 1524 645 1594 προσέθηκε
681 1524 814 1596 βόας
843 1528 942 1581 καὶ
970 1528 1263 1601 πρόδατα..

406 1614 500 1678 Τὸ,
542 1615 850 1688 ιηἘψησεις
877 1619 971 1673 καὶ
996 1619 1281 1689 ὀπτήσεις,
1309 1640 1345 1674 »ι
1366 1621 1429 1675 ού
1460 1624 1598 1694 πρὸς
1622 1623 1917 1695 τὸν-ἀμνὸν

2024 611 2210 678 unica,
2234 610 2586 675 universalis,
2615 611 2859 680 inquam,
2889 610 3153 675 Ecclesia,
3177 625 3300 680 quae
3332 600 3605 679 legitimos

2023 717 2245 773 quoque
2273 703 2555 760 sacriﬁcos
2587 702 2749 776 443
2791 704 2973 758 habet.
3012 702 3115 769 Qui
3161 717 3296 757 sane
3341 702 3602 756 honorem

2024 808 2133 849 non
2152 794 2261 850 sibi
2277 794 2559 865 rapiunt,q
2569 795 2992 859 uemadtuodum
3017 794 3280 849 Ecclesia:
3292 795 3603 848 desertores

2022 880 2206 939 facere
2246 884 2448 949 solent,
2480 884 2576 955 qui
2610 892 2889 938 taurorum
2925 884 3288 954 quorumdam
3316 891 3602 938 contttmaa

2025 977 2170 1032 ciqu
2197 978 2381 1034 instar
2412 978 2530 1034 suis
2560 977 2815 1033 feruntur
2838 978 3075 1046 placitis.
3114 976 3239 1032 Haec
3265 978 3432 1049 igitur
3462 976 3601 1031 civi-

2025 1076 2119 1125 tas
2157 1069 2275 1125 sola
2325 1069 2393 1125 ad
2444 1070 2724 1139 paschalis
2768 1070 3198 1125 immolationem
3244 1078 3341 1126 est
3372 1066 3597 1124 idonea.

2028 1159 2423 1216 llaereticorum
2455 1161 2600 1216 enim
2631 1160 2909 1232 spelunca:
2928 1160 3086 1231 juxta
3113 1163 3283 1233 legem
3316 1161 3602 1232 repudians

2024 1259 2135 1306 ιιιτ.
2246 1296 2249 1297 ν

2094 1341 2148 1397 lu
2187 1343 2426 1415 Egy-pto
2454 1345 2636 1415 itaque
2665 1345 2843 1401 solum
2885 1332 3083 1417 agnum
3130 1350 3374 1400 mactare
3410 1346 3490 1400 eis
3515 1352 3601 1400 est

2022 1446 2379 1508 praeceptum.
2414 1437 2469 1493 In
2516 1438 2770 1495 Numeris
2802 1445 3136 1510 vero-atque
3189 1437 3279 1494 hic
3324 1437 3602 1519 boves‘ct

2020 1545 2154 1585 oves
2184 1524 2457 1601 apposuit.
2720 1536 2729 1539 “
3273 1535 3277 1539 ’
3592 1522 3595 1527 ’

2089 1622 2358 1677 Caeterum
2429 1622 2563 1679 illud
2601 1642 2619 1674 ι
2655 1622 2869 1694 Coqttcs
2919 1633 2971 1679 et
3026 1623 3262 1689 assabis,
3292 1642 3310 1675 ι
3368 1640 3476 1680 non
3532 1628 3599 1684 ad

324 1705 691 1763 ἀποδέδοται·
727 1709 871 1764 ὀπτὰ
902 1711 1015 1784 γὰρ
1056 1713 1218 1784 μόνον
1251 1715 1353 1786 ἔφη
1391 1715 1501 1769 δεῖν
1534 1716 1736 1771 ἐσθίειν
1769 1719 1915 1772 ὲκεί-

2018 1729 2217 1785 agnum
2264 1722 2350 1770 est
2400 1714 2656 1780 relatum,
2705 1730 2861 1771 assas
2920 1715 3067 1771 enim
3100 1724 3310 1770 tantum
3362 1717 3431 1772 ab
3490 1718 3601 1775 illis

325 1815 458 1861 νους
479 1796 548 1853 τὰ
578 1801 714 1870 κρέα
732 1817 745 1831 °
772 1802 911 1873 πρὸς
935 1803 993 1858 δὲ
1028 1803 1098 1858 τὰ
1128 1804 1293 1859 λοιπὰ
1326 1805 1395 1860 τὰ
1426 1806 1565 1877 μετά
1597 1810 1690 1861 τὸν
1720 1809 1935 1879 ἀμνὸν,

325 1892 428 1945 καὶ
468 1894 568 1958 τὰς
604 1893 937 1960 ὑπολοίπους
988 1897 1185 1963 θυσίας
1220 1898 1321 1964 τὰς
1375 1900 1695 1971 τηνικαῦτα.
1745 1919 1910 1973 προσ·

323 1982 629 2055 ἀγομένας,
647 1988 729 2051 είς
757 1987 931 2060 ίδικὴν
958 1988 1164 2061 βρῶσιν
1198 1989 1454 2062 θυόμενα.
1832 2000 1833 2003 “

405 2159 1023 2232 οὐδὲαέπιγνώσονται
1057 2166 1406 2233 πρόσωπον.
1441 2166 1546 2221 Τὸν
1580 2168 1687 2240 γὰρ
1718 2170 1906 2244 κριτὴν

323 2252 603 2323 προσήκει
625 2254 796 2308 τύπον
819 2254 1017 2320 σώζειν
1038 2257 1300 2329 Χριστοῦ.
1816 2272 1819 2275 ’

400 2340 509 2394 Kal
567 2343 1091 2412 λιθοϐολήσουσιν
1149 2350 1393 2417 αὐτούς.
1454 2350 1734 2416 Ἀσεόείας
1798 2352 1911 2425 γὰρ

323 2435 726 2505 προκειμένης.
781 2438 876 2492 καὶ
913 2438 980 2492 δι’
1021 2439 1281 2507 εὐσεϐοῦς
1326 2442 1694 2516 σκληρότητος
1743 2444 1907 2516 θερα-

323 2525 585 2581 ⁴ιτειιέσθω
609 2528 762 2594 Θεός.

2022 1819 2220 1860 carnes
2252 1804 2619 1862 comedendas
2649 1821 2770 1861 esse
2820 1798 3020 1875 inquit,
3054 1808 3373 1877 verum'ad‘
3401 1802 3598 1864 canora

2022 1910 2151 1966 quas
2189 1910 2313 1949 eum
2352 1910 2505 1965 agno
2539 1903 2594 1950 et
2628 1896 2858 1967 reliquis
2896 1896 3138 1951 victimis
3179 1904 3293 1950 tum
3338 1899 3602 1969 temporis

1952 1996 1959 2000 ‘
2023 1987 2203 2043 oblata
2268 1986 2718 2052 immolabantur,
2762 1987 3049 2071 epuloque
3080 1987 3297 2057 privato
3352 1988 3597 2045 destina-

2021 2080 2242 2136 bantur.
2598 2086 2604 2090 ”
2637 2130 2640 2133 .

2091 2167 2276 2239 Neque
2315 2177 2598 2239 agnoscent
2648 2168 2860 2238 faciem.
2896 2166 3142 2225 Iudicem
3192 2168 3340 2225 enim
3391 2168 3598 2226 Christi

2017 2262 2331 2333 exemplum
2362 2260 2659 2316 observare
2694 2262 2973 2315 convenit.
3431 2307 3435 2315 μ

2087 2352 2158 2408 Et
2213 2352 2481 2424 lapidibus
2514 2352 2737 2407 obruent
2781 2368 2891 2407 eos.
2941 2350 3153 2424 txvu,
3183 2350 3277 2425 5.]
3326 2353 3595 2422 lmpietati

2015 2449 2163 2504 enim
2209 2447 2514 2512 destinatae,
2544 2460 2611 2501 ac
2657 2459 2781 2517 quae
2831 2459 2930 2516 per
2973 2460 3092 2501 eam
3146 2444 3236 2511 ﬁt,
3280 2446 3599 2515 pertinaciae

2018 2541 2164 2597 Deus
2191 2539 2498 2596 medeatur.

399 2638 558 2704 Quod
587 2643 760 2708 enim,
789 2644 989 2714 inquit,
1022 2656 1209 2716 patres
1235 2649 1403 2705 vestri
1433 2650 1625 2706 vitium
1654 2650 1709 2706 in
1734 2667 1822 2708 me
1850 2652 2357 2724 deprehenderunt,
2394 2659 2598 2719 uuam
2620 2650 2977 2722 .longeame
3002 2652 3347 2721 recederent,
3382 2662 3435 2708 rt
3465 2652 3598 2709 deos

327 2743 521 2784 vanos
539 2739 886 2787 sectarentur
910 2733 1082 2788 "?'Et
1116 2734 1314 2791 iterum
1341 2756 1355 2794 :
1383 2757 1404 2791 ι
1438 2737 1653 2795 Casium
1682 2747 1971 2811 propterea
1991 2744 2302 2814 obstupuit,
2335 2750 2585 2812 etsupra
2627 2742 2850 2796 modum
2881 2742 3040 2798 valde
3072 2743 3386 2807 exhorruit,
3417 2744 3597 2812 inquit

332 2818 623 2875 Dominus.
654 2820 927 2888 Quoniam
959 2823 1071 2879 duo
1112 2825 1322 2882 scelera
1354 2828 1594 2898 patravit
1632 2844 1789 2887 meus
1831 2830 2103 2900 populus;
2145 2831 2509 2886 deseruerunt
2545 2843 2632 2883 me
2673 2828 2876 2884 fontem
2911 2844 3068 2900 aquae
3116 2831 3273 2897 vivae,
3309 2840 3359 2888 et
3392 2831 3596 2887 eﬁ‘ode-

324 2916 461 2958 runt
499 2905 602 2961 sibi
629 2907 765 2977 ipsis
788 2907 1017 2968 lacunas
1049 2912 1344 2982 contritas,
1370 2930 1493 2985 qute
1518 2930 1716 2985 aquam
1744 2916 2030 2972 continere
2069 2931 2175 2973 non
2209 2926 2473 2988 poterunt
2500 2916 2563 2972 ¹⁸.
2596 2935 2615 2969 ι
2657 2915 2924 2987 Equidem
2961 2934 3097 2975 vero
3128 2920 3222 2987 qui
3252 2920 3429 2986 solem
3458 2920 3594 2976 ado~

323 3002 480 3057 rant,
534 2995 678 3050 hanc
732 3007 1044 3067 praetexunt
1088 3015 1337 3068 causam,
1374 3002 1523 3073 quod
1572 3003 1797 3060 sensilia
1833 2994 2016 3059 omnia
2065 3012 2309 3075 superet,
2346 3012 2407 3059 ut
2439 3005 2533 3074 qui
2573 3004 2818 3060 omnium
2870 3005 3083 3074 primus
3122 3016 3315 3062 auctor
3340 3010 3590 3065 exsistat.

322 3076 441 3134 Nec
472 3095 582 3135 non
615 3082 763 3153 quod
796 3084 878 3140 sol
912 3094 1115 3142 cuncta
1161 3088 1455 3158 inspiciat,
1477 3099 1791 3161 cunctaque
1822 3093 2103 3147 exaudiat.
2142 3092 2296 3158 Quos
2326 3091 2568 3147 clamore
2598 3105 2700 3147 suo
2738 3089 2988 3147 adoritur
3020 3094 3161 3149 Deus
3191 3103 3246 3148 et
3289 3095 3532 3164 coarguit
3579 3115 3591 3150 :

328 3186 351 3219 ι
385 3166 667 3240 Εεολειιίιιι
698 3188 842 3237 sum,
866 3175 1069 3246 inquit,
1103 3176 1391 3244 Dominus,
1435 3194 1537 3235 nec
1564 3186 1651 3235 est
1681 3179 1823 3235 Deus
1880 3181 2025 3235 ultra
2064 3197 2171 3245 me,
2202 3180 2454 3251 nunquid
2492 3195 2580 3235 me
2640 3179 2934 3234 caelabitur
2965 3180 3051 3233 ‘9?
3092 3201 3109 3233 ι
3146 3181 3288 3248 Quin
3331 3190 3386 3238 et
3426 3183 3614 3238 David-

322 3254 529 3311 alicubi
561 3258 731 3314 dicit:
757 3259 889 3328 «Qui
930 3278 1120 3320 aurem
1152 3266 1437 3335 produxit,
1460 3281 1568 3322 non
1600 3267 1818 3322 audiret
1855 3268 2006 3337 ipse?
2034 3278 2087 3323 et
2118 3268 2211 3340 qui
2255 3267 2511 3323 formavit
2537 3267 2749 3333 oculos,
2770 3282 2877 3321 non
2909 3269 3088 3324 cernit
3115 3283 3213 3324 eos
3242 3269 3335 3339 qui
3368 3270 3593 3325 dicunt:

328 3351 450 3409 Non
487 3354 695 3412 videbit
730 3356 1030 3425 Dominus,
1066 3374 1248 3430 neque
1273 3358 1519 3415 advertet
1553 3358 1697 3415 Deus
1732 3356 1903 3415 Jacob
1928 3360 2021 3414 ὀἳ
2053 3378 2071 3410 ι
2109 3356 2317 3412 Contra
2354 3371 2486 3411 vero
2517 3357 2601 3411 his
2629 3355 2791 3425 longe
2824 3355 2999 3426 magis
3043 3355 3190 3410 bruti
3229 3364 3359 3411 sunt
3400 3372 3595 3413 omnes

322 3451 599 3513 quotquot
626 3459 795 3514 opera
826 3460 1087 3501 manuum
1114 3461 1340 3501 suarum
1375 3447 1631 3503 adorant.
1659 3444 1735 3502 De
1762 3448 1851 3502 his
1886 3461 2018 3503 sane
2048 3443 2430 3515 pronuntiavit
2494 3442 2638 3497 Deus
2674 3461 2687 3497 :
2734 3459 2752 3492 ι
2796 3440 3270 3507 Quemadmodum
3309 3443 3398 3498 fur
3422 3444 3466 3499 si
3494 3443 3592 3499 de-

325 3530 641 3601 prehensus
676 3533 865 3598 fuerit,
916 3534 1144 3605 pudeﬁt,
1194 3535 1269 3590 ita
1319 3539 1529 3606 pudore
1578 3534 1966 3591 suﬁ'undentur
2006 3532 2102 3587 lilii
2144 3531 2337 3588 Israel.
2383 3529 2874 3601 Lignodixerunt,
2921 3528 3083 3585 Pater
3133 3546 3288 3587 meus
3330 3546 3392 3586 es
3428 3539 3507 3597 tu,
3541 3540 3596 3588 et

328 3619 520 3690 lapidi,
555 3619 637 3675 Tu
667 3637 754 3677 me
787 3623 1055 3692 genuisti,
1081 3632 1135 3678 et
1164 3623 1526 3679 obverterunt
1553 3622 1686 3677 mihi
1720 3631 1908 3695 terga,
1958 3636 2059 3677 nec
2091 3619 2288 3675 faciem
2322 3634 2503 3675 suam.
2546 3618 2603 3671 In
2637 3625 2883 3687 tempore
2912 3626 3095 3671 autem
3132 3633 3358 3673 suarum
3390 3634 3595 3673 terum-

327 3719 526 3761 narum
560 3705 746 3763 dicent
777 3708 986 3779 :Surge
1009 3720 1061 3765 et
1088 3725 1248 3766 serva
1275 3726 1377 3767 nos
1398 3711 1441 3742 "
1462 3730 1510 3775 ,ι
1538 3718 1645 3767 etc.
1677 3709 1840 3767 Tales
1870 3710 2046 3782 igitur
2065 3709 2342 3780 lapidibus
2365 3709 2600 3762 obruere
2623 3706 2922 3776 lexjussit.
2944 3706 3053 3762 Nos
3086 3721 3217 3762 vero
3240 3707 3615 3765 solidioribus

330 3801 534 3849 nostra:
559 3795 683 3851 ﬁdei
717 3798 1073 3854 sermonibus
1101 3814 1206 3856 eos.
1231 3798 1611 3856 deﬂectemus.

415 3909 559 3964 Ἐὰν
592 3911 663 3966 δὲ
695 3912 1051 3985 ἀδυνατήσῃ
1089 3914 1210 3969 ἀπὸ
1250 3914 1369 3970 σοῦ
1399 3914 1563 3986 ῥῆμα
1592 3914 1663 3969 ἐν
1699 3913 1913 3984 κρίσει.

2091 3910 2149 3963 δί
2178 3924 2344 3961 causa
2366 3906 2547 3977 aliqua
2576 3904 2804 3974 diﬁcilis
2834 3906 2889 3959 in
2907 3905 3116 3975 judicio
3140 3906 3326 3977 fuerit.
3346 3906 3450 3980 [8.]
3475 3908 3600 3963 Haec

331 4000 519 4055 Ταῦτα
569 4004 683 4067 τοῖς
735 4004 877 4058 κατὰ
904 4006 1069 4061 πόλιν.
1091 4009 1332 4079 κριταῖς.
1384 4008 1460 4061 Τὸ
1513 4007 1591 4073 δὲ,
1639 4007 1914 4079 ἀναμέσων

2015 4001 2082 4056 ad
2108 3999 2324 4072 judices
2366 3999 2419 4053 in
2462 3998 2597 4053 urbe
2627 4001 2924 4068 pertinent.
2966 3998 3235 4053 Cmterum
3274 3998 3431 4061 illud,
3459 3998 3599 4052 inter

330 4094 569 4165 αἵματος
613 4092 779 4168 αἷμα,
814 4099 944 4170 περὶ
982 4100 1163 4173 μάχης
1202 4101 1498 4155 ἀκουστέον
1538 4100 1917 4173 προελθούσης

332 4189 415 4253 είς
474 4184 638 4261 αἷμα,
677 4191 720 4262 ἤ
745 4190 1061 4263 τραύματος
1098 4192 1192 4246 καὶ
1224 4192 1412 4261 φόνου,
1450 4193 1600 4264 παρά
1645 4196 1915 4264 τοῖςκρι-

330 4282 457 4343 ταῖς
476 4281 749 4353 διαφόρως
776 4284 1127 4355 κρινομένου.
1153 4285 1334 4356 Ὅπερ
1365 4284 1650 4356 σαφηνίζει
1678 4285 1761 4351 τὺ,
1786 4285 1917 4338 ἁνα-

334 4372 506 4444 μέσον
535 4375 768 4447 κρίσεως
812 4377 1000 4448 κρίσις
1020 4393 1035 4408 ·
1067 4377 1234 4449 ἤγουν
1284 4377 1461 4431 ίδικόνΔ
1490 4393 1545 4430 τι
1587 4376 1768 4442 λέξας,
1797 4372 1915 4430 εἷτα

334 4467 476 4537 πρὸς
511 4469 573 4522 τὸ
608 4469 766 4539 γένος
810 4470 1176 4543 ἀναδραμὼν,
1226 4466 1387 4535 αὖθις
1432 4470 1745 4542 ἰδικώτερον
1798 4469 1915 4524 δια-

330 4557 610 4624 τάττεται,
645 4559 839 4625 εῐπὼν,
890 4562 1166 4633 ἀναμέσον
1200 4561 1345 4632 ἁφῆς
1368 4562 1502 4635 ’ἁφή
1524 4577 1541 4594 ο
1580 4556 1694 4616 οἷόν
1739 4578 1823 4626 τις
1857 4562 1916 4615 ὲν

338 4649 487 4721 μάχῃ
518 4651 735 4722 πληγὴν
763 4653 982 4725 πρῶτος
1029 4653 1328 4725 ἐπήνεγκε,
1357 4651 1454 4707 τοῦ
1501 4653 1734 4724 πλησίον
1769 4652 1913 4724 sed.

338 4758 523 4809 μενος.
552 4744 667 4797 Καὶ
697 4744 973 4815 ἀναμέσον
1009 4744 1323 4812 ἀντιλογίας
1360 4745 1673 4815 ἀντιλογία.Δ
1691 4740 1840 4812 Ονῖον,
1864 4746 1915 4798 εἰ

335 4834 487 4904 μάχη
515 4833 727 4902 γένοιτο
770 4834 966 4910 λογικὴ
1025 4837 1106 4901 είς
1138 4836 1369 4909 ζήτησιν
1412 4836 1572 4910 τυχὸν
1619 4836 1849 4909 νομικὴν
1881 4834 1933 4908 ἥ’

340 4924 436 4979 καὶ
469 4922 631 4995 ὓϐριν
657 4925 931 4983 τείνουσα.

417 5096 697 5179 Ἐλεύσῄ,
727 5110 860 5180 φησὶ
885 5150 901 5176 ,
924 5112 1075 5179 πρὸς
1101 5111 1246 5178 τοὺς
1270 5112 1446 5180 ἱερεῖς
1470 5112 1613 5180 τοὺς
1642 5114 1916 5180 Λευΐτας,

2017 4094 2329 4164 sanguinem
2355 4100 2406 4146 et
2446 4092 2782 4163 sanguinem,
2806 4092 2874 4147 dc
2906 4105 3087 4162 pugna
3115 4097 3198 4147 est
3217 4090 3594 4161 accipiendum

2015 4203 2124 4260 qua
2144 4195 2368 4243 ventum
2385 4192 2471 4243 est
2493 4186 2561 4241 ad
2582 4186 2931 4257 sanguinem,
2951 4200 3047 4242 seu
3064 4184 3316 4249 vulnera,
3338 4200 3433 4239 seu
3450 4184 3597 4239 caede

2016 4295 2048 4336 a
2089 4278 2375 4351 iudicibus
2409 4277 2601 4333 relicta
2636 4277 2691 4331 in
2722 4277 3123 4340 controversia,
3152 4277 3296 4347 quod
3329 4276 3599 4348 signiﬁcat

2017 4372 2161 4429 inter
2180 4371 2449 4441 judicium
2475 4377 2530 4427 et
2552 4369 2843 4440 judicium.
2871 4368 3051 4439 Atque
3080 4369 3133 4423 id
3157 4384 3280 4423 cum
3305 4384 3403 4439 per
3427 4382 3601 4439 genus

2016 4465 2252 4522 inferius
2284 4463 2646 4529 enuntiasset,
2671 4470 2727 4517 et
2759 4461 2827 4516 ad
2857 4475 3173 4529 supremum
3202 4475 3375 4531 genus
3408 4476 3597 4516 recur-

2017 4557 2205 4623 risset,
2227 4572 2323 4628 per
2353 4570 2525 4628 genus
2543 4554 2723 4609 adhuc
2748 4551 2981 4607 inferius
3014 4550 3068 4606 id
3099 4550 3288 4614 edicit,
3313 4560 3375 4605 ac
3400 4552 3597 4620 inquit,

2016 4650 2154 4704 inter
2184 4647 2400 4718 plagam
2441 4656 2488 4699 et
2515 4643 2728 4713 plagam
2754 4659 2785 4707 ς.
2805 4642 2952 4697 velut
2985 4640 3031 4696 si
3065 4640 3190 4710 quis
3222 4640 3275 4695 in
3309 4656 3489 4711 pugna
3517 4640 3599 4694 fa~

2017 4741 2286 4797 miliarem
2311 4753 2472 4795 suum
2509 4735 2916 4797 attrectaverit,
2955 4734 3243 4803 primoque
3272 4733 3482 4803 plagam
3510 4733 3595 4788 in-

1969 4830 1973 4834 ”
2017 4836 2278 4894 cusserit.
2320 4832 2451 4889 Item
2506 4832 2647 4885 inter
2691 4830 2842 4885 litem
2884 4838 2935 4883 ct
2970 4830 3139 4893 litem,
3168 4828 3334 4884 veluti
3377 4828 3424 4884 si
3468 4829 3605 4884 rixa:-

2020 4930 2152 4985 ﬁant
2186 4944 2309 4998 qua:
2357 4924 2807 4995 inquaastionem
2842 4922 3081 4994 aliquam
3124 4922 3266 4979 forte
3312 4922 3463 4995 legis,
3503 4933 3608 4977 aut

2020 5022 2088 5079 ad
2121 5018 2508 5076 contumeliam
2535 5015 2783 5069 tendant.

2105 5112 2312 5178 Veniat,
2348 5108 2551 5180 inquit,
2587 5106 2655 5160 ad
2680 5109 2978 5161 sacerdotes
3006 5105 3239 5169 Levilas,
3268 5116 3315 5159 et
3338 5104 3597 5174 judicent.

336 5200 435 5255 καὶ
485 5199 595 5253 τὸν
647 5201 879 5270 κριτήν,
939 5202 1122 5256 Τύπον
1154 5205 1263 5274 γὰρ
1316 5201 1485 5274 εἶχεν,
1519 5206 1547 5258 ὁ
1594 5205 1693 5275 μὲν
1722 5205 1917 5277 κριτὴς

2023 5202 2283 5258 Summus
2318 5201 2465 5256 enim
2490 5198 2656 5270 judex
2696 5198 2863 5254 Mosis
2896 5197 3123 5267 ﬁguram
3160 5199 3373 5263 gessit,
3416 5211 3600 5251 sacer-

337 5292 471 5344 Μωῦ
480 5290 638 5356 σέως,
654 5263 704 5344 ei
726 5263 785 5345 at
804 5263 980 5364 lapsi;
999 5295 1049 5346 οί
1072 5263 1302 5348 Λευῖται*
1322 5263 1430 5349 τίὲν
1447 5263 1481 5349 ο⁷
1503 5263 1913 5369 πρεσϐυτέρων,

2021 5298 2181 5353 dotes
2210 5311 2342 5351 vero
2389 5263 2595 5350 Levita:
2628 5263 2975 5364 septuaginta
3015 5290 3318 5353 seniorum,
3360 5290 3427 5345 ad
3460 5305 3599 5359 quos

336 5381 418 5448 ἐφ’
452 5381 547 5443 οὓς
580 5382 650 5436 τὰ
682 5382 961 5454 βαρύτερα
991 5384 1101 5439 τῶν
1131 5385 1417 5456 χριμάτων
1441 5386 1727 5455 ἀνέφερον.
1766 5388 1914 5458 Σύμ-

2022 5404 2219 5446 causas
2241 5386 2579 5443 difﬁciliores
2606 5385 2937 5441 referebant.
2964 5382 3280 5438 Cousonum
3307 5396 3437 5435 vero
3461 5396 3601 5450 prae-

337 5487 515 5530 τωνον
538 5471 596 5525 δὲ
628 5472 707 5543 τῷ
730 5473 959 5545 παρόντι
984 5473 1067 5539 τὸ,
1106 5492 1126 5525 ι
1170 5475 1554 5547 Ἐπερώτησον
1582 5476 1673 5530 τὸν
1699 5479 1917 5549 πατέρα

2022 5482 2167 5539 senti
2216 5481 2340 5537 loco
2392 5479 2531 5535 illud
2582 5492 2801 5548 quoque
2836 5483 2959 5530 est:
3006 5473 3336 5545 «Interroga
3390 5480 3598 5543 patrem

340 5574 456 5623 σου,
491 5563 587 5615 καὶ
609 5562 907 5632 ἀναγγελεῖ
946 5580 1053 5631 σοι,
1086 5565 1214 5629 τοὺς
1237 5565 1649 5638 πρεσόυτέρους
1677 5583 1795 5636 σου,
1824 5570 1920 5622 καὶ

2023 5583 2214 5640 tuum,
2284 5578 2338 5626 et
2405 5567 2755 5625 denuntiabit
2803 5564 2939 5635 tibi,
3002 5564 3253 5623 seniores
3325 5571 3491 5628 tuos,
3546 5573 3604 5619 et

339 5651 525 5720 ἐροῦσι
551 5670 653 5709 σοι.
684 5673 703 5707 ι

2022 5665 2210 5720 dicent
2234 5662 2334 5718 tibi
2354 5663 2420 5715 ".
2457 5679 2477 5713 ι

413 5768 453 5799 ³⁷
486 5766 689 5892 Jc-7rem.
725 5785 783 5826 ll.
826 5772 877 5828 4.
962 5775 1006 5808 “‘
1028 5774 1158 5831 ibid.
1198 5792 1295 5842 stt,
1336 5777 1417 5835 l3.
1502 5778 1542 5812 η
1569 5777 1670 5836 lsa.
1709 5797 1829 5847 xu,
1855 5781 1915 5835 ει

346 5854 509 5892 XXXII.
581 5877 595 5892 .

2020 5784 2068 5816 ὀ
2091 5780 2236 5838 Psal.
2272 5794 2423 5845 xcm,
2457 5776 2610 5834 7-10.
2689 5775 2952 5861 2"lcrem.
2980 5792 3041 5841 tt,
3069 5775 3161 5832 26.
3197 5776 3287 5827 ‘27.
3367 5775 3410 5805 "
3440 5770 3612 5827 Dente

420 5857 509 5902 χιι,
553 5857 595 5892 ι.
2018 5888 2025 5893 .
