4090 6514
557 385 662 454 915

1894 402 2248 464 PROCOPII
2285 400 2530 463 GAZ/EI
3708 397 3799 463 916

630 504 698 562 Et
735 508 898 578 juxta
941 513 1259 568 sententiam
1298 530 1461 586 quant
1506 516 1740 573 dixerint
1786 520 1903 587 tibi,
1948 520 2137 590 facies.

2319 518 2481 574 Κατὰ
2512 515 2621 572 τὸν
2648 514 2839 586 νόμον
2872 513 2972 570 καὶ
3020 514 3174 569 κατὰ
3206 512 3323 583 τὴν
3360 512 3561 582 κρίσιν
3597 511 3671 581 ἣν
3704 515 3799 570 ἐὰν

554 597 695 671 [1L]
760 598 954 656 Omnis
1000 602 1148 659 enim
1185 605 1283 676 qui
1338 606 1405 661 ad
1461 606 1824 678 iudicandum
1873 612 2135 681 populum

555 709 856 764 aggressus
884 704 991 761 est,
1023 696 1205 752 locum
1252 701 1498 772 supremi
1528 702 1861 771 legislatoris
1894 718 1958 759 ac
1986 703 2137 774 judi-

2245 608 2466 664 εἵπωσί
2498 623 2599 663 σοι
2654 606 2959 673 ποιήσεις.
2999 607 3116 669 Πᾶς
3159 604 3271 677 γὰρ
3318 605 3526 676 κρίνειν
3558 604 3645 657 τὸν
3689 605 3799 661 λαὸν

2246 698 2752 773 ἐγκεχειρισμένος,
2790 699 2946 764 τάξιν
2985 698 3100 769 ἔχει
3150 697 3247 750 τοῦ
3283 697 3502 751 πάντων
3535 697 3799 767 νομοθέτου

556 786 639 843 cis
700 787 932 852 obtinet.
968 799 1309 864 quapropter
1369 792 1760 851 inobedientia
1802 796 2138 852 contumelia

557 877 612 933 in
647 878 817 933 Deum
848 881 1144 939 redundat.

2245 812 2307 849 τε
2337 796 2432 850 καὶ
2457 794 2670 867 κριτοῦ.
2689 794 2891 865 Διόπερ
2915 793 2948 864 ἡ
2972 792 3069 864 τῆς
3090 788 3379 853 ἀπειθείας
3410 788 3569 860 ὕϐρις
3589 790 3663 854 είς
3687 790 3800 845 Θεὸν

2249 887 2611 957 ἀναφέρεται.

629 969 897 1028 Morietur
924 989 1076 1041 vero,
1106 976 1306 1048 inquit,
1333 979 1587 1051 quisquis
1612 980 1829 1037 Domini
1854 981 2115 1039 ministro
2146 980 2518 1037 rebellaverit.
2543 980 2637 1037 Dei
2660 980 2806 1035 enim
2836 977 3157 1034 assistentia
3189 993 3287 1033 seu
3314 976 3636 1047 approbatio
3660 978 3801 1035 valde

558 1058 863 1116 honoriﬁca
908 1072 1017 1118 est.
1057 1064 1173 1122 Etsi
1207 1068 1374 1123 vitam
1404 1078 1533 1141 agat
1577 1085 1637 1126 se
1686 1070 1992 1140 indignam,
2036 1084 2181 1140 sape
2226 1070 2375 1125 enim
2425 1068 2591 1122 homo
2627 1078 2808 1123 mente
2859 1080 2963 1122 sua
2993 1064 3222 1129 excidit,
3264 1080 3353 1120 res
3388 1075 3572 1120 tamen
3614 1056 3826 1122 divinas'

559 1149 885 1218 exsequitur
946 1148 1056 1206 Nec
1084 1168 1214 1208 vero
1237 1154 1424 1210 divina
1459 1158 1802 1226 aspernanda
1830 1165 2051 1229 propter
2083 1158 2325 1212 humana
2366 1165 2518 1221 sunt,
2550 1156 2825 1226 siquidem
2860 1153 3124 1209 Servator
3165 1154 3331 1208 nobis
3366 1152 3506 1207 dicit
3536 1169 3550 1207 :
3595 1170 3613 1203 t
3646 1150 3802 1222 Super

561 1234 827 1291 cathedra
883 1236 1054 1296 Mosis
1105 1240 1368 1297 sederunt
1398 1242 1606 1300 Scriba
1638 1253 1693 1300 et
1740 1244 2026 1313 Pharisaei,
2075 1252 2277 1301 cuncta
2322 1244 2490 1314 igitur
2536 1257 2885 1315 quaecunque
2918 1239 3078 1297 vobis
3109 1239 3376 1305 dixerint,
3431 1238 3617 1306 facite,
3656 1254 3802 1310 opera

566 1331 750 1377 autem
783 1338 975 1380 eorum
1006 1328 1257 1384 amulari
1292 1330 1462 1386 nolite
1486 1332 1551 1387 ".
1587 1352 1608 1385 ι

632 1407 703 1463 Ει
724 1409 1249 1477 dicas,Constituam
1268 1432 1427 1487 super
1444 1435 1524 1474 me
1540 1420 1849 1490 principem.
1871 1418 2061 1493 [XVI],
2074 1417 2193 1491 .14.]
2206 1418 2316 1476 Nos
2331 1419 2475 1475 enim
2495 1418 2645 1474 omni
2666 1418 2971 1475 idololatria
2996 1418 3214 1489 repulsa
3258 1416 3571 1485 impetuque
3585 1414 3648 1469 ad
3667 1413 3802 1469 ﬁdem

564 1506 827 1568 tanquam
868 1501 937 1556 ad
968 1502 1357 1572 promissionis
1384 1506 1680 1576 quamdam
1704 1515 1905 1563 terram
1932 1506 2100 1574 facto,
2133 1510 2358 1565 unicum
2389 1508 2556 1583 444
2582 1510 2779 1565 ducem
2806 1509 3014 1581 eligere
3064 1513 3309 1579 oportet,
3334 1504 3640 1568 Christum,
3663 1503 3799 1573 juxta

564 1585 700 1643 illud
719 1589 868 1661 quod
895 1591 966 1647 ab
998 1608 1065 1648 eo
1095 1593 1305 1650 dictum
1340 1604 1460 1663 est;
1499 1596 1671 1652 David
1696 1598 1899 1653 etenim
1940 1598 2123 1670 inquit
2151 1615 2166 1653 :
2201 1616 2220 1651 t
2252 1596 2370 1668 Ego
2403 1613 2533 1653 vero
2568 1596 2910 1653 constitutus
2945 1611 3066 1651 sum
3097 1610 3193 1649 rex
3228 1592 3297 1647 ab
3326 1592 3651 1662 ipso,supra
3688 1591 3803 1645 Sion

564 1686 807 1731 montem
864 1686 1119 1735 sanetum
1161 1681 1311 1752 ejus,
1358 1682 1650 1756 divulgans
1695 1685 2015 1741 mandatum
2066 1684 2278 1741 Domini
2301 1686 2367 1738 ’⁵.
2402 1704 2421 1737 ι
2458 1683 2629 1751 Quem
2671 1699 2800 1740 cum
2845 1681 3019 1739 Judai
3076 1681 3459 1743 abdicassent,
3500 1678 3805 1749 perditionis

562 1762 739 1818 ﬁlium
785 1764 1092 1835 principem
1143 1784 1303 1824 suum
1348 1780 1713 1837 creaverunt,
1755 1771 2185 1839 Antichristum,
2237 1772 2599 1845 alienigenam
2624 1815 2641 1839 ,
2682 1772 3037 1844 alienumque
3082 1786 3113 1827 a
3144 1769 3421 1843 sanguine
3454 1767 3692 1823 lsraelis.
3734 1768 3803 1822 Ad

564 1867 707 1921 quos
736 1852 917 1925 inquit
950 1854 1256 1914 Christus:
1314 1876 1333 1909 ¢
1366 1859 1477 1929 Ego
1520 1860 1575 1915 in
1628 1861 1854 1916 nomine
1884 1860 2063 1917 Patris
2092 1860 2237 1928 veni,
2275 1877 2376 1916 nec
2428 1876 2515 1917 me
2550 1860 2819 1933 recipitis,
2856 1862 2901 1917 si
2932 1860 3076 1916 alius
3132 1859 3187 1915 in
3241 1857 3469 1913 nomine
3526 1870 3624 1911 suo
3655 1856 3803 1921 venit,

564 1940 720 1996 illum
751 1942 1035 2011 recipietis
1061 1946 1127 1998 ’⁵.
1162 1964 1180 1996 ι
1226 1945 1524 2003 Profectus
1552 1948 1701 2002 enim
1735 1958 1818 2003 est
1847 1948 1900 2003 in
1932 1949 2163 2020 gloriam
2197 1949 2294 2006 Dei
2320 1948 2524 2015 Patris,
2551 1965 2743 2006 verum
2772 1963 2885 2005 non
2915 1948 3031 2018 ille,
3060 1948 3370 2005 collocatur
3395 1944 3543 2002 enim
3574 1944 3627 1999 in
3655 1942 3801 1999 domo

561 2026 681 2092 Dei,
721 2044 845 2086 cum
884 2032 1128 2103 seipsum
1165 2032 1508 2090 declarasset
1552 2036 1718 2090 Deum
1751 2052 1896 2092 esse.

635 2116 817 2183 Quare
849 2118 953 2173 sibi
979 2136 1084 2175 non
1110 2130 1262 2190 paret
1305 2139 1490 2194 equos.
1523 2123 1667 2196 [16.1
1706 2125 1810 2179 Alii
1846 2133 2221 2197 exposuerunt
2263 2145 2277 2182 :
2325 2126 2684 2181 Veruntamen
2720 2143 2827 2181 non
2857 2124 3264 2195 multiplicabit.
3296 2121 3561 2178 Fortasse
3591 2135 3653 2175 eo
3686 2120 3803 2174 moti

561 2202 711 2258 dicto
741 2219 757 2258 :
793 2224 813 2257 ι
840 2203 1057 2276 Equum
1092 2216 1149 2263 et
1180 2218 1453 2265 vectorem
1490 2212 1545 2265 in
1583 2227 1732 2266 mare
1764 2212 1992 2283 proiecit
2015 2213 2084 2278 ",
2121 2233 2141 2266 ι
2176 2214 2269 2286 qui
2309 2230 2474 2271 casus
2503 2223 2808 2270 extremam
2854 2215 3209 2287 ignominiam
3257 2212 3522 2268 all'erunt.
3556 2209 3803 2277 Quocirca

563 2291 790 2358 inquit:
835 2294 991 2350 Evita
1033 2298 1340 2370 principem
1376 2300 1772 2371 alienigenam,
1802 2302 1897 2372 qui
1936 2317 2037 2357 vos
2072 2303 2140 2359 ad
2181 2304 2523 2374 spiritualeut
2554 2303 2877 2375 Egyptum,
2924 2313 2977 2360 et
3020 2304 3323 2375 principem
3359 2300 3487 2371 ejus
3542 2298 3801 2359 Satanam,

563 2378 909 2439 Pharaonem
941 2392 1279 2457 repetentem
1307 2402 1404 2443 vos
1434 2388 1682 2444 reducat.
1717 2407 1735 2440 ι
1771 2387 1948 2457 Quod,
1978 2390 2180 2463 inquit,
2212 2391 2478 2447 Dominus
2507 2391 2809 2463 prohibuit.
2838 2412 2856 2444 ι
2884 2390 3051 2447 Juxta
3084 2390 3406 2462 Apostolum
3446 2387 3614 2449 enim,
3639 2384 3804 2441 «Fieri

563 2484 674 2524 non
716 2480 923 2542 potest,
971 2481 1033 2529 ut
1083 2475 1177 2545 qui
1213 2477 1385 2531 semel
1432 2476 1752 2544 illuminati,
1792 2478 2001 2536 lumine
2035 2479 2386 2545 exciderunt,
2441 2479 2509 2535 ad
2566 2481 2947 2550 paenitentiam
3005 2479 3188 2535 denuo
3228 2477 3578 2532 adducantur
3605 2475 3669 2527 ⁸⁷.
3702 2492 3719 2525 ι
3744 2502 3804 2511 -

566 2575 587 2611 ι
621 2556 809 2628 Neque
841 2561 1252 2631 multiplicabit,
1288 2562 1489 2634 inquit,
1516 2565 1623 2621 sibi
1670 2567 1955 2623 mulieres.
1984 2587 2004 2621 ι
2037 2567 2094 2624 Id
2126 2569 2272 2624 enim
2319 2568 2552 2640 pollutio
2593 2577 2700 2631 est,
2742 2584 2865 2637 qua
2896 2567 2966 2623 ab
3001 2565 3425 2633 intemperantia
3464 2571 3521 2619 et
3554 2563 3803 2631 deprava-

561 2646 713 2700 tione
746 2648 932 2705 omnis
987 2649 1288 2720 impietatis
1337 2660 1565 2709 auctore
1614 2654 2003 2723 proﬁciscitur.
2040 2654 2324 2727 Siquidem
2366 2656 2627 2712 mulieres
2667 2655 2874 2712 fuerint
2919 2654 3263 2726 alienigena,
3300 2651 3452 2723 quod
3484 2658 3632 2705 certe
3659 2647 3802 2703 Solo-

562 2733 716 2789 tnoui
748 2736 1002 2807 contigit.

633 2842 777 2911 Quin
811 2862 932 2902 vero
964 2864 1057 2903 nec
1092 2860 1372 2920 argentum
1404 2851 1489 2906 uel
1511 2869 1703 2906 aurum
1730 2854 1831 2908 sibi
1866 2854 1966 2922 ipsi
2001 2853 2141 2908 mul-

2328 2857 2485 2913 ‘AJJ.’
2539 2856 2685 2912 οὐδὲ
2735 2855 3060 2925 ἀργύριον,
3124 2851 3163 2921 ἣ
3222 2851 3487 2922 χρυσίον
3532 2849 3802 2915 π.ῖηθυνει

562 2938 768 3007 tipticet
802 2940 984 3009 valde,
1034 2960 1222 2999 verum
1269 2946 1582 3012 moderate;
1615 2947 1877 3001 nimirum
1913 2946 1983 3002 ad
2023 2947 2141 3003 evi-

560 3032 790 3087 tandum
826 3043 1081 3107 sumptus
1114 3037 1460 3094 immodicos.
1495 3038 1705 3095 Deinde
1722 3054 1853 3095 vero
1880 3055 1947 3095 ex
1973 3040 2144 3096 altera

562 3136 740 3196 parte,
766 3126 1053 3183 avaritiam
1083 3145 1148 3185 ex
1186 3130 1392 3201 iniquis
1423 3131 1805 3201 vectigalibus,
1837 3140 1932 3186 aut
1960 3133 2145 3187 animo

563 3219 891 3287 inhumano,
930 3238 1037 3278 non
1080 3223 1391 3297 corrigente
1430 3225 1598 3281 rebus
1630 3226 1969 3283 necessariis
1995 3226 2143 3282 indi-

562 3311 830 3380 gentiam,
868 3327 968 3368 nec
999 3328 1151 3384 spem
1187 3329 1341 3370 suam
1390 3313 1443 3369 in
1480 3314 1593 3371 Deo
1630 3315 1965 3383 collocante;
1989 3316 2146 3387 juxta

565 3402 745 3459 illud:
803 3424 821 3457 ι
862 3404 1001 3460 Ecce
1041 3405 1207 3460 homo
1267 3422 1377 3461 non
1432 3407 1619 3476 posuit
1668 3408 1840 3463 Deum
1890 3409 2146 3478 prasidio

560 3510 704 3565 suo,
758 3513 947 3552 verum
1007 3500 1249 3569 speravit
1300 3500 1355 3554 in
1409 3500 1566 3571 copia
1624 3501 1941 3557 divitiarum
2014 3519 2145 3560 sua-

562 3604 686 3643 rum
720 3589 787 3642 ".
818 3609 838 3642 ι
2068 3666 2071 3667 ν

636 3678 991 3735 Meditabitur
1022 3698 1138 3737 uero
1189 3683 1661 3739 Deuteronomium
1706 3687 1819 3740 dies
1848 3695 2144 3758 noctesque.

566 3769 707 3843 {18.}
726 3770 884 3838 Quod
898 3787 1032 3827 sane
1046 3773 1112 3827 tle
1131 3774 1282 3827 nullo
1300 3774 1411 3828 alio
1426 3774 1714 3845 Scriptura
1734 3783 1968 3830 testatur
1980 3791 2146 3848 quam

564 3869 634 3921 de
658 3864 809 3923 .losia
841 3882 965 3937 rege
998 3868 1117 3940 qui,
1151 3887 1170 3920 ι
1193 3870 1333 3923 libro
1365 3869 1420 3924 in
1445 3872 1609 3926 domo
1632 3868 1724 3924 Dei
1748 3885 1890 3941 agre
1924 3870 2148 3927 invento

564 3958 840 4028 lectoque,
869 3966 1111 4026 vestem,
1161 3977 1227 4016 eo
1283 3962 1433 4032 quod
1489 3963 1793 4017 enormiter
1844 3962 2146 4030 vixissent,

564 4049 803 4119 disrupit
825 4090 840 4112 ,
876 4049 1175 4106 ac'librum
1213 4053 1361 4108 omni
1389 4054 1593 4127 populo
1626 4053 1958 4110 exaudiente
1989 4055 2148 4111 lecti-

566 4140 704 4195 tavit
724 4140 792 4195 ¹⁹.
827 4160 847 4193 ι

2245 2949 2440 3016 ἐαυτῷ
2459 2949 2718 3020 σφόδρα,
2745 2946 2983 3019 μετρίως
3011 2944 3091 3011 δὲ,
3114 2942 3357 3015 δηλονότι
3391 2940 3480 2994 διὰ
3513 2938 3608 3001 τὰς
3643 2938 3802 3006 ἀπαρ-

2245 3042 2498 3114 αιτήτους
2536 3041 2804 3103 δαπάνας.
2862 3040 2937 3091 Τὸ
2980 3038 3038 3093 δὲ
3091 3033 3246 3107 παρὰ
3288 3031 3474 3097 τοῦτο,
3522 3026 3804 3093 πλεονεξία,

2246 3134 2308 3200 ἐξ
2333 3134 2536 3189 ἀδίκων
2559 3134 2767 3204 πόρων,
2797 3130 2830 3202 ἢ
2877 3127 3249 3201 ἀπανθρώπου
3285 3123 3537 3195 γνώμης,
3581 3120 3653 3192 μὴ
3678 3119 3803 3188 διορ-

2245 3224 2516 3297 θουμένης
2542 3229 2655 3288 τοῖς
2690 3227 2746 3277 ὲν
2770 3223 2932 3294 χρείᾳ
2957 3220 3058 3291 τὴν
3098 3217 3326 3281 ἔνδειαν,
3365 3215 3504 3286 μηδὲ
3536 3209 3802 3281 τιθεμένης

2244 3318 2339 3372 ἐπὶ
2368 3317 2501 3372 Θεὸν
2534 3315 2633 3388 τὴν
2667 3316 2876 3381 ἐλπίδα,
2911 3314 3056 3370 κατὰ
3096 3313 3179 3378 τὸ,
3210 3331 3227 3362 ι
3258 3310 3394 3364 Ἰδοῦ
3426 3307 3718 3379 ἄνθρωπος,
3751 3302 3801 3365 ὃς

2245 3413 2348 3466 οὐκ
2378 3411 2533 3465 ἔθετο
2578 3412 2669 3463 τὸν
2723 3407 2855 3462 Θεὸν
2899 3405 3093 3477 βοηϐὂν
3132 3401 3324 3470 αὑτοῦ,
3372 3399 3491 3456 ἀλλ’
3524 3397 3802 3468 ὲπὴλπισεν

2245 3504 2337 3559 ἐπὶ
2361 3503 2560 3575 πλήθει
2590 3502 2683 3556 τοῦ
2719 3499 2951 3555 πλούτου
2984 3496 3175 3554 αὐτοῦ.
3213 3516 3233 3550 ι

2317 3678 2549 3750 nodare:
2567 3677 2678 3750 (94)
2705 3673 2896 3742 ἑαυτῷ
2925 3673 2990 3728 τὸ
3019 3670 3505 3740 Δευτερονόμιον.
3523 3662 3685 3718 Τοῦτο
3705 3659 3802 3731 (95)

2247 3775 2426 3831 οὐδενὶ
2460 3771 2606 3842 ἄλλῳ
2654 3768 3085 3842 μεμαρτύρηκεν
3143 3767 3178 3835 ἡ
3209 3759 3427 3834 Γραφὴ,
3475 3757 3611 3827 πλὴν
3642 3753 3801 3822 Ἰωσίᾳ

2247 3871 2326 3943 τῷ
2358 3866 2591 3941 βασιλεῖ,
2625 3864 2809 3937 [μόλις
2837 3860 3153 3932 εὑρεθέντος
3189 3857 3248 3909 ὲν
3284 3857 3420 3926 οἴκῳ
3454 3851 3586 3907 Θεοῦ
3614 3848 3700 3903 τοῦ
3730 3847 3801 3917 βι-

2249 3964 2401 4018 ϐλίου
2423 3978 2438 3995 ·
2466 3960 2563 4016 καὶ
2595 3956 2862 4027 ἀναγνοὺς
2891 3951 3143 4026 διέρρηξε
3164 3949 3265 4023 τὴν
3286 3948 3490 4020 ἐσθῆτα
3519 3946 3584 4000 δι’
3616 3943 3649 3998 ἃ
3678 3956 3801 4009 παρα

2247 4052 2552 4125 ηνόμησαν,
2576 4049 2673 4104 καὶ
2701 4047 2912 4118 ἀνέγνω
2933 4045 2994 4100 τὸ
3037 4042 3245 4116 βιϐλίον
3273 4043 3333 4096 ὲν
3359 4042 3476 4105 τοῖς
3497 4037 3600 4093 ὠσὶ
3624 4032 3802 4095 παντὸς

2251 4145 2347 4201 τοῦ
2380 4141 2559 4216 laeti]

639 4254 898 4312 Divinam
965 4256 1371 4314 divinationem.
1421 4258 1650 4330 [Χνιιι.
1718 4260 1850 4333 IL]
1912 4258 2088 4317 Omne
2115 4274 2290 4332 genus
2337 4257 2697 4315 divinationis
2755 4253 3110 4310 damoniaca
3171 4246 3481 4305 interdicit.
3545 4242 3633 4299 Dei
3670 4242 3795 4339 enim

566 4344 785 4409 solius,
846 4345 1315 4416 quemadmodum
1373 4348 1563 4403 mundi
1626 4349 1949 4417 opiﬁcium,
1999 4347 2463 4420 quemadmodum
2530 4344 2826 4400 viviﬁcatio
2883 4341 3246 4409 omniumque
3308 4350 3496 4391 rerum
3545 4339 3795 4425 potauit“.

565 4449 752 4491 rerum
783 4432 1095 4490 futurarum
1129 4436 1372 4505 cognitio
1399 4437 1624 4508 propria
1647 4446 1755 4495 est.
1786 4441 1865 4494 Ac
1897 4417 2032 4495 sane
2060 4439 2263 4510 impius
2316 4445 2402 4493 est
2443 4435 2535 4508 qui
2566 4433 2787 4489 Satana
2833 4445 2954 4486 eam
3006 4426 3277 4483 attribuit.
3304 4424 3383 4479 De
3415 4436 3527 4493 quo
3571 4417 3796 4473 Christus

566 4522 790 4595 inquit:
843 4541 863 4576 ι
909 4522 1144 4592 Quando
1200 4525 1547 4582 mendacium
1604 4526 1886 4599 loquitur,
1961 4543 2031 4584 ex
2108 4541 2212 4584 suo
2252 4525 2470 4598 peculio
2523 4522 2812 4591 loquitur,
2875 4517 3138 4589 quoniam
3192 4511 3456 4599 mendax;
3494 4515 3575 4565 est
3633 4518 3795 4574 quem—

565 4612 858 4669 admodum
893 4623 1051 4684 pater
1116 4614 1296 4684 ipsius
1319 4614 1384 4670 '°.
1424 4634 1442 4667 ι
1479 4596 1826 4687 Quapropter
1878 4631 2004 4672 cum
2046 4596 2334 4673 veritatem
2380 4609 2704 4668 divinationi
2759 4622 2856 4679 per
2905 4604 3189 4659 Christum
3226 4600 3391 4687 edita
3444 4596 3552 4687 lex-
3581 4601 3797 4649 astruere

565 4700 752 4767 vellet,
785 4682 919 4755 illud
946 4682 1159 4756 intulit:
1197 4719 1216 4753 ‹
1249 4699 1581 4772 Pr0phelam
1602 4682 1680 4759 'ex
1706 4682 1984 4759 iratribus
2005 4703 2119 4759 tuis
2155 4702 2261 4760 mei
2291 4700 2526 4757 similem
2558 4696 2823 4785 excitabit
2856 4693 2957 4785 tibi
3001 4689 3264 4785 Dominus
3304 4686 3514 4785 Deus...»
3537 4682 3795 4785 Ipse;

563 4804 671 4858 que
698 4785 868 4845 Isaias
886 4788 989 4844 soli
1024 4787 1133 4844 Deo
1156 4788 1554 4845 divinationem
1589 4789 1816 4857 addicit,
1860 4791 2158 4863 inquiens:
2196 4788 2621 4847 «Recordamini
2658 4781 2965 4872 prioraAab
2996 4779 3257 4872 omnibus
3284 4773 3540 4872 saeculis,

562 4890 667 4946 ego
709 4891 832 4931 sum
881 4875 1048 4943 Deus,
1074 4892 1177 4934 nec
1217 4886 1304 4934 est
1333 4888 1532 4949 prater
1562 4895 1671 4945 me,
1702 4880 1793 4951 qui
1822 4858 2068 4935 extrema
2099 4886 2260 4935 antea
2303 4877 2593 4935 denuntiet
2627 4889 2793 4945 quam
2851 4868 3074 4964 ﬁant“.
3115 4886 3134 4919 ι
3168 4864 3471 4964 γεξίξαξθξιι
3522 4858 3792 4964 ίϐ-ίῑξξ-ξξξξ

565 4939 710 5034 saepe
745 4963 1004 5035 loquatur
1033 4939 1225 5033 Satan,
1255 4981 1322 5022 ex
1336 4939 1573 5037 'peculio
1606 4939 1789 5024 tamen
1830 4983 1933 5024 suo
1975 4984 2082 5024 non
2139 4968 2399 5038 loquitur.
2451 4964 2799 5034 Quapropter
2836 4958 3114 5015 daemones
3158 4962 3215 5010 et
3250 4952 3588 5038 Christus‘et
3620 4939 3793 5038 Paulus

565 5031 878 5122 increpant,
911 5052 959 5109 si
989 5067 1179 5109 verum
1204 5031 1418 5110 dixisse
1440 5053 1757 5123 videantur,
1776 5062 2038 5125 tanquam
2070 5031 2250 5111 mellis
2276 5053 2538 5110 mistione
2564 5031 3136 5138 acerbitatissensum
3164 5031 3793 5138 adimentes.‘Qu‘od_vef3

564 5139 823 5196 Christus
842 5140 1109 5211 propheta
1134 5140 1226 5196 ille
1263 5139 1332 5196 de
1362 5155 1475 5212 quo
1510 5141 1564 5196 in
1598 5124 2014 5212 prasentiarum
2055 5142 2155 5198 diei

2245 5159 2281 5208 υ,
2324 5139 2510 5204 fuerit,
2556 5151 2655 5192 nec
2675 5134 2846 5191 Josua
2886 5131 3035 5187 ﬁlius
3059 5128 3232 5193 Nave,
3258 5125 3604 5221 manifestum
3631 5124 3793 5221 estex

564 5243 633 5282 eo
655 5226 798 5298 quod
830 5200 981 5283 circa
1020 5228 1183 5282 ﬁnem
1226 5200 1639 5284 Denteronomii
1669 5230 1909 5287 dicitur:
1959 5249 1978 5283 ι
2013 5229 2132 5285 Non
2172 5200 2412 5288 surrexit
2457 5200 2695 5297 amplius
2730 5221 2998 5295 propheta
3030 5219 3088 5310 in
3130 5215 3440 5310 Jerusalem
3490 5200 3792 5310 lalis‘f'lllilf

568 5292 745 5375 Moses
770 5317 984 5375 exstitit
1009 5318 1107 5373 ³⁸.»
1140 5315 1353 5374 Etalibi
1382 5336 1438 5373 ε(
1464 5317 1655 5389 Etjam
1684 5319 1973 5375 suscitavit
1993 5335 2139 5387 eum,

2245 5318 2521 5375 constituit
2544 5292 2858 5369 coram—toto
2877 5315 3021 5367 coetu
3038 5306 3135 5373 ",i
3164 5312 3222 5360 ut
3252 5304 3307 5403 in
3330 5299 3601 5403 Plutneris.
3618 5292 3789 5403 γεγρα]

568 5420 675 5459 non
711 5403 813 5459 fuit
852 5404 1132 5475 legislator
1172 5403 1313 5462 Mosi
1344 5388 1566 5473 similis,
1600 5421 1781 5478 neque
1812 5421 2000 5477 parem
2043 5406 2276 5479 adeptus
2310 5415 2397 5463 est
2432 5403 2687 5477 gratiam,
2722 5409 2933 5471 partem
2973 5396 3244 5451 duntaxat
3279 5391 3454 5462 ipsius
3487 5388 3701 5453 accepit-

574 5549 614 5627 ᾖ
639 5535 710 5627 ’I‘“
749 5532 941 5627 ﬁlatth.
986 5533 1221 5627 χχιι-ιλ.
1301 5536 1346 5567 ³⁸
1374 5537 1521 5627 Psal.
1557 5552 1619 5601 ll,
1645 5535 1700 5591 6.
1778 5533 2155 5627 "dinam,le

2305 5537 2351 5570 "
2389 5532 2561 5589 Exod.
2597 5550 2685 5594 xv,
2712 5529 2804 5583 2|.
2883 5528 2929 5560 "'
2964 5525 3129 5580 liebr.
3168 5540 3244 5584 Vl.
3279 5524 3333 5579 4.
3414 5522 3458 5554 ’⁸
3482 5515 3616 5572 Psal.
3650 5526 3712 5571 LI,
3745 5504 3786 5557 7.

2245 5622 2358 5627 ~-——-
2403 5606 2435 5627 ιι
2496 5606 2559 5627 ιη
2694 5600 2739 5627 sx
2776 5601 2903 5627 πη..
2964 5610 3131 5627 -.ην-ι.
3184 5594 3251 5627 Η]
3384 5592 3429 5625 ιε
3463 5589 3611 5627 Num-
3649 5590 3786 5627 xxvn.

566 5603 886 5730 ἔέιξγκες.
916 5619 1051 5671 xxn,
1092 5589 1314 5679 7'seqq.
1375 5589 1437 5639 "‘i
1458 5589 1618 5662 Joan:
1656 5589 1782 5667 vin.
1814 5607 1903 5663 44.
1968 5589 1973 5590 7
2008 5589 2060 5639 7"
2091 5589 2155 5663 Ἰε-

646 5723 655 5730 .
685 5690 770 5730 ευ.

2245 5622 2379 5663 XLVI.
2403 5606 2460 5664 2.
2495 5606 2579 5660 £0.
2674 5589 2739 5631 ’³¹
2776 5601 2932 5654 Deut.
2964 5610 3155 5660 xxxiv,
3184 5594 3272 5647 10.
3384 5592 3429 5625 ⁸³
3458 5589 3613 5645 Num.
3646 5590 3787 5637 xxvn-

644 5723 655 5737 ’
685 5715 770 5730 ’ν’
2078 5765 2317 5824 uorsa.

633 5856 750 5932 ’(94)
782 5861 1103 5932 Μελετήσει.
1151 5864 1209 5915 Ὀ
1245 5865 1340 5933 τῆς
1374 5861 1509 5931 Λὺγ.
1548 5861 1677 5916 κώδ.
2324 5858 2437 5929 {95)
2470 5858 2667 5929 Ὅπερ.
2700 5854 2761 5910 Ὀ
2785 5853 2908 5909 αὐτ.
