  <div class='ocr_page' id='page_1' title='image "/cluster/home/n/w/nwhite01/storage/ocr_20150623/87:1/hvd.32044020319117/466.png"; bbox 0 0 4090 6522; ppageno 0'>
   <div class='ocr_carea' id='block_1_1' title="bbox 316 404 425 470">
    <p class='ocr_par' dir='ltr' id='par_1_1' title="bbox 316 404 425 470">
     <span class='ocr_line' id='line_1_1' title="bbox 316 404 425 470; baseline 0.018 -2"><span class='ocrx_word' id='word_1_1' title='bbox 316 404 425 470; x_wconf 83' lang='grc'><strong>917</strong></span> 
     </span>
    </p>
   </div>
   <div class='ocr_carea' id='block_1_2' title="bbox 1252 403 2642 470">
    <p class='ocr_par' dir='ltr' id='par_1_2' title="bbox 1252 403 2642 470">
     <span class='ocr_line' id='line_1_2' title="bbox 1252 403 2642 470; baseline 0.004 -5"><span class='ocrx_word' id='word_1_2' title='bbox 1252 404 1791 467; x_wconf 75' lang='grc' dir='ltr'><strong>ΕΟΜΜΕΝΤᾹΒῙΙ</strong></span> <span class='ocrx_word' id='word_1_3' title='bbox 1829 403 1912 466; x_wconf 85' lang='grc' dir='ltr'>ΙΝ</span> <span class='ocrx_word' id='word_1_4' title='bbox 1946 403 2642 470; x_wconf 84' lang='lat' dir='ltr'><strong>DEUTERONOMIUM.</strong></span> 
     </span>
    </p>
   </div>
   <div class='ocr_carea' id='block_1_3' title="bbox 3486 410 3592 474">
    <p class='ocr_par' dir='ltr' id='par_1_3' title="bbox 3486 410 3592 474">
     <span class='ocr_line' id='line_1_3' title="bbox 3486 410 3592 474; baseline 0 -1"><span class='ocrx_word' id='word_1_5' title='bbox 3486 410 3592 474; x_wconf 77' lang='lat'><strong>918</strong></span> 
     </span>
    </p>
   </div>
   <div class='ocr_carea' id='block_1_4' title="bbox 391 516 1913 594">
    <p class='ocr_par' dir='ltr' id='par_1_4' title="bbox 391 516 1903 594">
     <span class='ocr_line' id='line_1_4' title="bbox 391 516 1903 594; baseline -0.001 -18"><span class='ocrx_word' id='word_1_6' title='bbox 391 520 519 576; x_wconf 83' lang='grc' dir='ltr'>Ὀτι</span> <span class='ocrx_word' id='word_1_7' title='bbox 570 519 631 574; x_wconf 64' lang='grc' dir='ltr'>δὲ</span> <span class='ocrx_word' id='word_1_8' title='bbox 674 518 800 575; x_wconf 64' lang='grc' dir='ltr'>οὐδὲ</span> <span class='ocrx_word' id='word_1_9' title='bbox 846 517 1012 574; x_wconf 71' lang='grc' dir='ltr'>ἄλλον</span> <span class='ocrx_word' id='word_1_10' title='bbox 1057 516 1189 581; x_wconf 80' lang='grc' dir='ltr'><strong>τινά</strong></span> <span class='ocrx_word' id='word_1_11' title='bbox 1222 518 1379 591; x_wconf 82' lang='grc' dir='ltr'>δηλοῖ</span> <span class='ocrx_word' id='word_1_12' title='bbox 1426 521 1537 576; x_wconf 85' lang='grc' dir='ltr'><strong>τῶν</strong></span> <span class='ocrx_word' id='word_1_13' title='bbox 1585 522 1903 594; x_wconf 73' lang='grc' dir='ltr'>προφητῶν,</span> 
     </span>
    </p>
   </div>
   <div class='ocr_carea' id='block_1_5' title="bbox 2015 516 3590 594">
    <p class='ocr_par' dir='ltr' id='par_1_5' title="bbox 2080 519 3590 593">
     <span class='ocr_line' id='line_1_5' title="bbox 2080 519 3590 593; baseline 0.003 -20"><span class='ocrx_word' id='word_1_14' title='bbox 2080 519 2237 587; x_wconf 82' lang='lat' dir='ltr'><strong>Quod</strong></span> <span class='ocrx_word' id='word_1_15' title='bbox 2266 536 2397 578; x_wconf 91' lang='lat' dir='ltr'><strong>vero</strong></span> <span class='ocrx_word' id='word_1_16' title='bbox 2427 521 2642 577; x_wconf 90' lang='lat' dir='ltr'><strong>nullum</strong></span> <span class='ocrx_word' id='word_1_17' title='bbox 2699 520 3091 593; x_wconf 88' lang='lat' dir='ltr'><strong>prophetarum</strong></span> <span class='ocrx_word' id='word_1_18' title='bbox 3147 523 3317 579; x_wconf 81' lang='lat' dir='ltr'><strong>alium</strong></span> <span class='ocrx_word' id='word_1_19' title='bbox 3371 523 3590 591; x_wconf 86' lang='lat' dir='ltr'><strong>innuat,</strong></span> 
     </span>
    </p>
   </div>
   <div class='ocr_carea' id='block_1_6' title="bbox 313 609 1909 685">
    <p class='ocr_par' dir='ltr' id='par_1_6' title="bbox 313 609 1909 685">
     <span class='ocr_line' id='line_1_6' title="bbox 313 609 1909 685; baseline -0.001 -17"><span class='ocrx_word' id='word_1_20' title='bbox 313 612 479 685; x_wconf 73' lang='grc' dir='ltr'>δῆλον</span> <span class='ocrx_word' id='word_1_21' title='bbox 507 609 705 667; x_wconf 73' lang='grc' dir='ltr'>έκ⁸τοῦ</span> <span class='ocrx_word' id='word_1_22' title='bbox 738 609 971 675; x_wconf 77' lang='grc' dir='ltr'>πολλοὺς</span> <span class='ocrx_word' id='word_1_23' title='bbox 993 609 1281 681; x_wconf 79' lang='grc' dir='ltr'>γεγονέναι</span> <span class='ocrx_word' id='word_1_24' title='bbox 1320 612 1633 685; x_wconf 81' lang='grc' dir='ltr'>προφήτας,</span> <span class='ocrx_word' id='word_1_25' title='bbox 1664 613 1742 677; x_wconf 83' lang='grc' dir='ltr'><strong>ώς</strong></span> <span class='ocrx_word' id='word_1_26' title='bbox 1777 614 1909 685; x_wconf 86' lang='grc' dir='ltr'>περὶ</span> 
     </span>
    </p>
   </div>
   <div class='ocr_carea' id='block_1_7' title="bbox 315 702 1908 777">
    <p class='ocr_par' dir='ltr' id='par_1_7' title="bbox 315 702 1908 777">
     <span class='ocr_line' id='line_1_7' title="bbox 315 702 1908 777; baseline 0 -18"><span class='ocrx_word' id='word_1_27' title='bbox 315 704 439 770; x_wconf 72' lang='grc' dir='ltr'>ἐνὸς</span> <span class='ocrx_word' id='word_1_28' title='bbox 471 705 528 759; x_wconf 74' lang='grc' dir='ltr'>δὲ</span> <span class='ocrx_word' id='word_1_29' title='bbox 558 704 682 759; x_wconf 84' lang='grc' dir='ltr'>κατ’</span> <span class='ocrx_word' id='word_1_30' title='bbox 705 703 985 775; x_wconf 77' lang='grc' dir='ltr'>ἐξαίρετον</span> <span class='ocrx_word' id='word_1_31' title='bbox 1004 702 1290 773; x_wconf 87' lang='grc' dir='ltr'>λέγεσθαι.</span> <span class='ocrx_word' id='word_1_32' title='bbox 1325 705 1425 758; x_wconf 88' lang='grc' dir='ltr'><strong>Ὃν</strong></span> <span class='ocrx_word' id='word_1_33' title='bbox 1451 702 1517 777; x_wconf 78' lang='grc' dir='ltr'><strong>δή</strong></span> <span class='ocrx_word' id='word_1_34' title='bbox 1542 706 1637 759; x_wconf 77' lang='grc' dir='ltr'>καὶ</span> <span class='ocrx_word' id='word_1_35' title='bbox 1660 704 1780 759; x_wconf 85' lang='grc' dir='ltr'>κατ’</span> <span class='ocrx_word' id='word_1_36' title='bbox 1806 705 1908 759; x_wconf 81' lang='grc' dir='ltr'><strong>αὺ-</strong></span> 
     </span>
    </p>
   </div>
   <div class='ocr_carea' id='block_1_8' title="bbox 313 795 1907 870">
    <p class='ocr_par' dir='ltr' id='par_1_8' title="bbox 313 795 1907 870">
     <span class='ocr_line' id='line_1_8' title="bbox 313 795 1907 870; baseline 0.001 -20"><span class='ocrx_word' id='word_1_37' title='bbox 313 797 413 851; x_wconf 82' lang='grc' dir='ltr'>τὸν</span> <span class='ocrx_word' id='word_1_38' title='bbox 442 795 776 870; x_wconf 85' lang='grc' dir='ltr'>γενήσεσθαί</span> <span class='ocrx_word' id='word_1_39' title='bbox 816 812 951 867; x_wconf 84' lang='grc' dir='ltr'>φησι</span> <span class='ocrx_word' id='word_1_40' title='bbox 994 795 1259 868; x_wconf 82' lang='grc' dir='ltr'><strong>Μωῦσῆς.</strong></span> <span class='ocrx_word' id='word_1_41' title='bbox 1309 796 1410 851; x_wconf 88' lang='grc' dir='ltr'><strong>Ὄν</strong></span> <span class='ocrx_word' id='word_1_42' title='bbox 1442 813 1551 868; x_wconf 89' lang='grc' dir='ltr'><strong>περ</strong></span> <span class='ocrx_word' id='word_1_43' title='bbox 1602 797 1698 851; x_wconf 80' lang='grc' dir='ltr'>καὶ</span> <span class='ocrx_word' id='word_1_44' title='bbox 1734 813 1907 868; x_wconf 89' lang='grc' dir='ltr'>προσ-</span> 
     </span>
    </p>
   </div>
   <div class='ocr_carea' id='block_1_9' title="bbox 312 887 1907 962">
    <p class='ocr_par' dir='ltr' id='par_1_9' title="bbox 312 887 1907 962">
     <span class='ocr_line' id='line_1_9' title="bbox 312 887 1907 962; baseline 0.001 -20"><span class='ocrx_word' id='word_1_45' title='bbox 312 887 593 953; x_wconf 78' lang='grc' dir='ltr'>δοκῶντες</span> <span class='ocrx_word' id='word_1_46' title='bbox 632 888 880 942; x_wconf 82' lang='grc' dir='ltr'>Ἰουδαῖοι</span> <span class='ocrx_word' id='word_1_47' title='bbox 920 887 1060 959; x_wconf 82' lang='grc' dir='ltr'><strong>μετά</strong></span> <span class='ocrx_word' id='word_1_48' title='bbox 1090 887 1387 953; x_wconf 81' lang='grc' dir='ltr'><strong>τοσούτους</strong></span> <span class='ocrx_word' id='word_1_49' title='bbox 1430 888 1729 958; x_wconf 80' lang='grc' dir='ltr'><strong>γεγονότας</strong></span> <span class='ocrx_word' id='word_1_50' title='bbox 1770 906 1907 962; x_wconf 86' lang='grc' dir='ltr'>προ-</span> 
     </span>
    </p>
   </div>
   <div class='ocr_carea' id='block_1_10' title="bbox 314 975 1902 1052">
    <p class='ocr_par' dir='ltr' id='par_1_10' title="bbox 314 975 1902 1052">
     <span class='ocr_line' id='line_1_10' title="bbox 314 975 1902 1052; baseline -0.011 -9"><span class='ocrx_word' id='word_1_51' title='bbox 314 980 502 1049; x_wconf 75' lang='grc' dir='ltr'>φήτας</span> <span class='ocrx_word' id='word_1_52' title='bbox 526 978 756 1051; x_wconf 74' lang='grc' dir='ltr'>ἠρώτων</span> <span class='ocrx_word' id='word_1_53' title='bbox 788 978 881 1033; x_wconf 80' lang='grc' dir='ltr'>τὸν</span> <span class='ocrx_word' id='word_1_54' title='bbox 914 977 1193 1050; x_wconf 77' lang='grc' dir='ltr'><strong>Ἰωάννην,</strong></span> <span class='ocrx_word' id='word_1_55' title='bbox 1222 979 1338 1033; x_wconf 60' lang='grc' dir='ltr'><strong>(Σὺ</strong></span> <span class='ocrx_word' id='word_1_56' title='bbox 1368 975 1421 1033; x_wconf 79' lang='grc' dir='ltr'>εἷ</span> <span class='ocrx_word' id='word_1_57' title='bbox 1458 980 1488 1033; x_wconf 93' lang='lat'><strong>6</strong></span> <span class='ocrx_word' id='word_1_58' title='bbox 1517 981 1849 1052; x_wconf 82' lang='grc' dir='ltr'>προφήτης;</span> <span class='ocrx_word' id='word_1_59' title='bbox 1883 998 1902 1033; x_wconf 75' lang='grc' dir='ltr'><strong>ι</strong></span> 
     </span>
    </p>
   </div>
   <div class='ocr_carea' id='block_1_11' title="bbox 320 1068 1910 1144">
    <p class='ocr_par' dir='ltr' id='par_1_11' title="bbox 320 1068 1910 1144">
     <span class='ocr_line' id='line_1_11' title="bbox 320 1068 1910 1144; baseline 0.002 -18"><span class='ocrx_word' id='word_1_60' title='bbox 320 1073 398 1127; x_wconf 88' lang='grc' dir='ltr'><em>Ὃ</em></span> <span class='ocrx_word' id='word_1_61' title='bbox 420 1072 477 1126; x_wconf 83' lang='grc' dir='ltr'><strong>δέ</strong></span> <span class='ocrx_word' id='word_1_62' title='bbox 506 1089 697 1143; x_wconf 82' lang='grc' dir='ltr'>φησιν,</span> <span class='ocrx_word' id='word_1_63' title='bbox 727 1072 842 1126; x_wconf 87' lang='grc' dir='ltr'><strong>Ούκ</strong></span> <span class='ocrx_word' id='word_1_64' title='bbox 861 1070 1000 1141; x_wconf 74' lang='grc' dir='ltr'>είμὶ,</span> <span class='ocrx_word' id='word_1_65' title='bbox 1031 1070 1212 1125; x_wconf 81' lang='grc' dir='ltr'>καίτοι</span> <span class='ocrx_word' id='word_1_66' title='bbox 1229 1073 1519 1144; x_wconf 79' lang='grc' dir='ltr'><strong>προφήτης</strong></span> <span class='ocrx_word' id='word_1_67' title='bbox 1544 1071 1642 1128; x_wconf 80' lang='grc' dir='ltr'><strong>ῶν.</strong></span> <span class='ocrx_word' id='word_1_68' title='bbox 1663 1073 1790 1139; x_wconf 84' lang='grc' dir='ltr'><strong>Πῶς</strong></span> <span class='ocrx_word' id='word_1_69' title='bbox 1816 1068 1910 1129; x_wconf 80' lang='grc' dir='ltr'><strong>οὖν</strong></span> 
     </span>
    </p>
   </div>
   <div class='ocr_carea' id='block_1_12' title="bbox 315 1163 1911 1236">
    <p class='ocr_par' dir='ltr' id='par_1_12' title="bbox 315 1163 1911 1236">
     <span class='ocr_line' id='line_1_12' title="bbox 315 1163 1911 1236; baseline 0.003 -17"><span class='ocrx_word' id='word_1_70' title='bbox 315 1165 473 1219; x_wconf 83' lang='grc' dir='ltr'>κατὰ</span> <span class='ocrx_word' id='word_1_71' title='bbox 504 1165 599 1219; x_wconf 80' lang='grc' dir='ltr'>τὸν</span> <span class='ocrx_word' id='word_1_72' title='bbox 632 1164 877 1221; x_wconf 82' lang='grc' dir='ltr'>Μωῡσέα</span> <span class='ocrx_word' id='word_1_73' title='bbox 904 1163 1161 1235; x_wconf 78' lang='grc' dir='ltr'>Χριστὸς,</span> <span class='ocrx_word' id='word_1_74' title='bbox 1201 1164 1297 1218; x_wconf 68' lang='grc' dir='ltr'><strong>καῖ</strong></span> <span class='ocrx_word' id='word_1_75' title='bbox 1339 1165 1544 1236; x_wconf 80' lang='grc' dir='ltr'>μείζων</span> <span class='ocrx_word' id='word_1_76' title='bbox 1571 1167 1815 1236; x_wconf 75' lang='grc' dir='ltr'>ἐκείνους</span> <span class='ocrx_word' id='word_1_77' title='bbox 1851 1168 1911 1223; x_wconf 84' lang='lat'><strong>&#39;0</strong></span> 
     </span>
    </p>
   </div>
   <div class='ocr_carea' id='block_1_13' title="bbox 319 1256 1912 1335">
    <p class='ocr_par' dir='ltr' id='par_1_13' title="bbox 319 1256 1912 1335">
     <span class='ocr_line' id='line_1_13' title="bbox 319 1256 1912 1335; baseline 0.004 -25"><span class='ocrx_word' id='word_1_78' title='bbox 319 1256 430 1327; x_wconf 70' lang='grc' dir='ltr'>μὲν</span> <span class='ocrx_word' id='word_1_79' title='bbox 459 1257 569 1329; x_wconf 81' lang='grc' dir='ltr'><strong>γὰρ</strong></span> <span class='ocrx_word' id='word_1_80' title='bbox 590 1257 970 1331; x_wconf 72' lang='grc' dir='ltr'>ἠλευθέρωσεν</span> <span class='ocrx_word' id='word_1_81' title='bbox 998 1260 1060 1326; x_wconf 75' lang='grc' dir='ltr'><strong>ἐξ</strong></span> <span class='ocrx_word' id='word_1_82' title='bbox 1097 1261 1416 1331; x_wconf 77' lang='grc' dir='ltr'>Αἰγυπτίωῦ</span> <span class='ocrx_word' id='word_1_83' title='bbox 1450 1262 1581 1316; x_wconf 83' lang='grc' dir='ltr'>λαὸν</span> <span class='ocrx_word' id='word_1_84' title='bbox 1614 1264 1710 1317; x_wconf 73' lang='grc' dir='ltr'>ἕνα</span> <span class='ocrx_word' id='word_1_85' title='bbox 1731 1279 1746 1295; x_wconf 78' lang='grc' dir='ltr'><strong>ο</strong></span> <span class='ocrx_word' id='word_1_86' title='bbox 1773 1263 1912 1335; x_wconf 86' lang='grc' dir='ltr'>Χρι-</span> 
     </span>
    </p>
   </div>
   <div class='ocr_carea' id='block_1_14' title="bbox 319 1347 1907 1427">
    <p class='ocr_par' dir='ltr' id='par_1_14' title="bbox 319 1347 1907 1427">
     <span class='ocr_line' id='line_1_14' title="bbox 319 1347 1907 1427; baseline 0.005 -26"><span class='ocrx_word' id='word_1_87' title='bbox 319 1348 456 1412; x_wconf 78' lang='grc' dir='ltr'>στὸς</span> <span class='ocrx_word' id='word_1_88' title='bbox 474 1347 531 1403; x_wconf 67' lang='grc' dir='ltr'>δὲ</span> <span class='ocrx_word' id='word_1_89' title='bbox 561 1347 662 1418; x_wconf 84' lang='grc' dir='ltr'>τῆς</span> <span class='ocrx_word' id='word_1_90' title='bbox 691 1348 784 1403; x_wconf 91' lang='grc' dir='ltr'><strong>τοῦ</strong></span> <span class='ocrx_word' id='word_1_91' title='bbox 807 1350 1055 1405; x_wconf 88' lang='grc' dir='ltr'>διαϐόλου</span> <span class='ocrx_word' id='word_1_92' title='bbox 1096 1352 1420 1417; x_wconf 69' lang='grc' dir='ltr'><strong>δυναστείας</strong></span> <span class='ocrx_word' id='word_1_93' title='bbox 1448 1355 1631 1408; x_wconf 76' lang='grc' dir='ltr'>πᾶσαν</span> <span class='ocrx_word' id='word_1_94' title='bbox 1656 1353 1756 1425; x_wconf 82' lang='grc' dir='ltr'><strong>τὴν</strong></span> <span class='ocrx_word' id='word_1_95' title='bbox 1781 1355 1907 1427; x_wconf 83' lang='grc' dir='ltr'><strong>γῆν.</strong></span> 
     </span>
    </p>
   </div>
   <div class='ocr_carea' id='block_1_15' title="bbox 324 1445 1909 1518">
    <p class='ocr_par' dir='ltr' id='par_1_15' title="bbox 324 1445 1909 1518">
     <span class='ocr_line' id='line_1_15' title="bbox 324 1445 1909 1518; baseline 0.003 -19"><span class='ocrx_word' id='word_1_96' title='bbox 324 1446 430 1507; x_wconf 78' lang='lat'><strong>&#39;0;</strong></span> <span class='ocrx_word' id='word_1_97' title='bbox 460 1445 811 1517; x_wconf 75' lang='grc' dir='ltr'>ὑποχειρίους</span> <span class='ocrx_word' id='word_1_98' title='bbox 843 1447 1055 1511; x_wconf 82' lang='grc' dir='ltr'><strong>πάντας</strong></span> <span class='ocrx_word' id='word_1_99' title='bbox 1095 1448 1238 1518; x_wconf 75' lang='grc' dir='ltr'>ἔχων</span> <span class='ocrx_word' id='word_1_100' title='bbox 1265 1447 1610 1518; x_wconf 73' lang='grc' dir='ltr'>ἀνθρώπους,</span> <span class='ocrx_word' id='word_1_101' title='bbox 1636 1448 1909 1503; x_wconf 86' lang='grc' dir='ltr'>νεανιευό-</span> 
     </span>
    </p>
   </div>
   <div class='ocr_carea' id='block_1_16' title="bbox 321 1536 1909 1612">
    <p class='ocr_par' dir='ltr' id='par_1_16' title="bbox 321 1536 1909 1612">
     <span class='ocr_line' id='line_1_16' title="bbox 321 1536 1909 1612; baseline 0.003 -22"><span class='ocrx_word' id='word_1_102' title='bbox 321 1553 495 1606; x_wconf 83' lang='grc' dir='ltr'>μενος</span> <span class='ocrx_word' id='word_1_103' title='bbox 518 1536 693 1605; x_wconf 82' lang='grc' dir='ltr'>έλεγε·</span> <span class='ocrx_word' id='word_1_104' title='bbox 728 1554 749 1589; x_wconf 75' lang='grc' dir='ltr'><strong>ι</strong></span> <span class='ocrx_word' id='word_1_105' title='bbox 774 1538 887 1608; x_wconf 81' lang='grc' dir='ltr'>Τήν</span> <span class='ocrx_word' id='word_1_106' title='bbox 916 1538 1248 1611; x_wconf 78' lang='grc' dir='ltr'><strong>οἰκουμένην</strong></span> <span class='ocrx_word' id='word_1_107' title='bbox 1276 1539 1404 1609; x_wconf 84' lang='grc' dir='ltr'>ὅλην</span> <span class='ocrx_word' id='word_1_108' title='bbox 1430 1539 1818 1611; x_wconf 75' lang='grc' dir='ltr'>καταλήψομαι</span> <span class='ocrx_word' id='word_1_109' title='bbox 1842 1542 1909 1612; x_wconf 79' lang='grc' dir='ltr'>τῇ</span> 
     </span>
    </p>
   </div>
   <div class='ocr_carea' id='block_1_17' title="bbox 319 1628 1913 1704">
    <p class='ocr_par' dir='ltr' id='par_1_17' title="bbox 319 1628 1913 1704">
     <span class='ocr_line' id='line_1_17' title="bbox 319 1628 1913 1704; baseline 0.003 -21"><span class='ocrx_word' id='word_1_110' title='bbox 319 1631 474 1701; x_wconf 85' lang='grc' dir='ltr'>χειρί</span> <span class='ocrx_word' id='word_1_111' title='bbox 502 1646 603 1700; x_wconf 79' lang='grc' dir='ltr'><strong>μου</strong></span> <span class='ocrx_word' id='word_1_112' title='bbox 633 1628 711 1693; x_wconf 83' lang='grc' dir='ltr'><strong>ῶς</strong></span> <span class='ocrx_word' id='word_1_113' title='bbox 750 1630 995 1696; x_wconf 83' lang='grc' dir='ltr'><strong>νοσσιὰν,</strong></span> <span class='ocrx_word' id='word_1_114' title='bbox 1035 1632 1130 1686; x_wconf 81' lang='grc' dir='ltr'><strong>καὶ</strong></span> <span class='ocrx_word' id='word_1_115' title='bbox 1181 1632 1260 1697; x_wconf 80' lang='grc' dir='ltr'><strong>ὡς</strong></span> <span class='ocrx_word' id='word_1_116' title='bbox 1310 1631 1781 1704; x_wconf 81' lang='grc' dir='ltr'>καταλελειμμένα</span> <span class='ocrx_word' id='word_1_117' title='bbox 1826 1632 1913 1687; x_wconf 79' lang='grc' dir='ltr'>ώὰ</span> 
     </span>
    </p>
   </div>
   <div class='ocr_carea' id='block_1_18' title="bbox 319 1721 1949 1797">
    <p class='ocr_par' dir='ltr' id='par_1_18' title="bbox 319 1721 1949 1797">
     <span class='ocr_line' id='line_1_18' title="bbox 319 1721 1949 1797; baseline 0.003 -21"><span class='ocrx_word' id='word_1_118' title='bbox 319 1723 482 1794; x_wconf 77' lang='grc' dir='ltr'><strong>ἀρῶο</strong></span> <span class='ocrx_word' id='word_1_119' title='bbox 519 1721 616 1777; x_wconf 78' lang='grc' dir='ltr'>καὶ</span> <span class='ocrx_word' id='word_1_120' title='bbox 650 1722 752 1777; x_wconf 79' lang='grc' dir='ltr'><strong>οὐκ</strong></span> <span class='ocrx_word' id='word_1_121' title='bbox 782 1722 930 1778; x_wconf 73' lang='grc' dir='ltr'>ἐστιν</span> <span class='ocrx_word' id='word_1_122' title='bbox 971 1723 1031 1788; x_wconf 77' lang='grc' dir='ltr'>ὃς</span> <span class='ocrx_word' id='word_1_123' title='bbox 1071 1722 1423 1793; x_wconf 77' lang='grc' dir='ltr'>διαφεύξεται</span> <span class='ocrx_word' id='word_1_124' title='bbox 1467 1724 1619 1797; x_wconf 77' lang='grc' dir='ltr'>με,ἢ</span> <span class='ocrx_word' id='word_1_125' title='bbox 1666 1725 1911 1781; x_wconf 85' lang='grc' dir='ltr'>ἀντείπει</span> <span class='ocrx_word' id='word_1_126' title='bbox 1948 1778 1949 1781; x_wconf 44' lang='grc' dir='ltr'><strong>η</strong></span> 
     </span>
    </p>
   </div>
   <div class='ocr_carea' id='block_1_19' title="bbox 323 1831 490 1885">
    <p class='ocr_par' dir='ltr' id='par_1_19' title="bbox 323 1831 490 1885">
     <span class='ocr_line' id='line_1_19' title="bbox 323 1831 490 1885; baseline 0 -17"><span class='ocrx_word' id='word_1_127' title='bbox 323 1831 443 1885; x_wconf 70' lang='grc' dir='ltr'>μοι.</span> <span class='ocrx_word' id='word_1_128' title='bbox 471 1836 490 1868; x_wconf 77' lang='grc' dir='ltr'><strong>ι</strong></span> 
     </span>
    </p>
   </div>
   <div class='ocr_carea' id='block_1_20' title="bbox 397 1989 1915 2073">
    <p class='ocr_par' dir='ltr' id='par_1_20' title="bbox 397 1989 1915 2073">
     <span class='ocr_line' id='line_1_20' title="bbox 397 1989 1915 2073; baseline 0.005 -24"><span class='ocrx_word' id='word_1_129' title='bbox 397 1989 559 2061; x_wconf 75' lang='grc' dir='ltr'>Αὖθις</span> <span class='ocrx_word' id='word_1_130' title='bbox 576 1997 605 2051; x_wconf 90' lang='lat'><strong>6</strong></span> <span class='ocrx_word' id='word_1_131' title='bbox 622 1996 724 2067; x_wconf 68' lang='grc' dir='ltr'><strong>μὲν</strong></span> <span class='ocrx_word' id='word_1_132' title='bbox 745 1995 839 2051; x_wconf 81' lang='grc' dir='ltr'>τὸν</span> <span class='ocrx_word' id='word_1_133' title='bbox 857 1996 987 2051; x_wconf 81' lang='grc' dir='ltr'>λαὸν</span> <span class='ocrx_word' id='word_1_134' title='bbox 1010 1996 1096 2051; x_wconf 65' lang='grc' dir='ltr'>διὸ</span> <span class='ocrx_word' id='word_1_135' title='bbox 1131 1996 1413 2070; x_wconf 81' lang='grc' dir='ltr'>θαλάσσης</span> <span class='ocrx_word' id='word_1_136' title='bbox 1436 1999 1745 2055; x_wconf 78' lang='grc' dir='ltr'>διεϐίϐασεν</span> <span class='ocrx_word' id='word_1_137' title='bbox 1762 2000 1915 2073; x_wconf 88' lang='grc' dir='ltr'>Ἐρυ-</span> 
     </span>
    </p>
   </div>
   <div class='ocr_carea' id='block_1_21' title="bbox 319 2086 1912 2167">
    <p class='ocr_par' dir='ltr' id='par_1_21' title="bbox 319 2086 1912 2167">
     <span class='ocr_line' id='line_1_21' title="bbox 319 2086 1912 2167; baseline 0.006 -29"><span class='ocrx_word' id='word_1_138' title='bbox 319 2086 464 2156; x_wconf 76' lang='grc' dir='ltr'>ορᾶς</span> <span class='ocrx_word' id='word_1_139' title='bbox 489 2088 898 2152; x_wconf 79' lang='grc' dir='ltr'>καταποντίσας</span> <span class='ocrx_word' id='word_1_140' title='bbox 937 2089 1067 2153; x_wconf 82' lang='grc' dir='ltr'>τοὺς</span> <span class='ocrx_word' id='word_1_141' title='bbox 1118 2090 1459 2159; x_wconf 80' lang='grc' dir='ltr'>Αίγυπτίους</span> <span class='ocrx_word' id='word_1_142' title='bbox 1482 2107 1497 2122; x_wconf 75' lang='grc' dir='ltr'>ο</span> <span class='ocrx_word' id='word_1_143' title='bbox 1522 2093 1554 2146; x_wconf 98' lang='lat'><strong>6</strong></span> <span class='ocrx_word' id='word_1_144' title='bbox 1594 2093 1652 2147; x_wconf 82' lang='grc' dir='ltr'>δὲ</span> <span class='ocrx_word' id='word_1_145' title='bbox 1679 2094 1749 2147; x_wconf 88' lang='grc' dir='ltr'><strong>τά</strong></span> <span class='ocrx_word' id='word_1_146' title='bbox 1782 2093 1912 2167; x_wconf 76' lang='grc' dir='ltr'>ἔθνη</span> 
     </span>
    </p>
   </div>
   <div class='ocr_carea' id='block_1_22' title="bbox 317 2177 1913 2256">
    <p class='ocr_par' dir='ltr' id='par_1_22' title="bbox 317 2177 1913 2256">
     <span class='ocr_line' id='line_1_22' title="bbox 317 2177 1913 2256; baseline 0.007 -25"><span class='ocrx_word' id='word_1_147' title='bbox 317 2177 507 2232; x_wconf 82' lang='grc' dir='ltr'>πάντα</span> <span class='ocrx_word' id='word_1_148' title='bbox 530 2178 621 2233; x_wconf 77' lang='grc' dir='ltr'><strong>διὰ</strong></span> <span class='ocrx_word' id='word_1_149' title='bbox 654 2179 1057 2252; x_wconf 80' lang='grc' dir='ltr'>βαπτίσματος,</span> <span class='ocrx_word' id='word_1_150' title='bbox 1090 2183 1500 2248; x_wconf 87' lang='grc' dir='ltr'>καταποντίσας</span> <span class='ocrx_word' id='word_1_151' title='bbox 1523 2184 1663 2256; x_wconf 87' lang='grc' dir='ltr'><strong>μετά</strong></span> <span class='ocrx_word' id='word_1_152' title='bbox 1687 2186 1782 2240; x_wconf 91' lang='grc' dir='ltr'><strong>τοῦ</strong></span> <span class='ocrx_word' id='word_1_153' title='bbox 1798 2186 1913 2243; x_wconf 79' lang='grc' dir='ltr'>διαο</span> 
     </span>
    </p>
   </div>
   <div class='ocr_carea' id='block_1_23' title="bbox 315 2266 1911 2349">
    <p class='ocr_par' dir='ltr' id='par_1_23' title="bbox 315 2266 1911 2349">
     <span class='ocr_line' id='line_1_23' title="bbox 315 2266 1911 2349; baseline 0.009 -29"><span class='ocrx_word' id='word_1_154' title='bbox 315 2266 486 2321; x_wconf 74' lang='grc' dir='ltr'>δόλου</span> <span class='ocrx_word' id='word_1_155' title='bbox 507 2270 636 2333; x_wconf 81' lang='grc' dir='ltr'>τοὺς</span> <span class='ocrx_word' id='word_1_156' title='bbox 667 2270 934 2342; x_wconf 89' lang='grc' dir='ltr'>δαίμονας</span> <span class='ocrx_word' id='word_1_157' title='bbox 955 2289 968 2302; x_wconf 81' lang='grc'><em>’</em></span> <span class='ocrx_word' id='word_1_158' title='bbox 1013 2274 1154 2346; x_wconf 84' lang='grc' dir='ltr'>ὅπερ</span> <span class='ocrx_word' id='word_1_159' title='bbox 1196 2273 1277 2329; x_wconf 74' lang='grc' dir='ltr'>ἔτι</span> <span class='ocrx_word' id='word_1_160' title='bbox 1314 2274 1469 2345; x_wconf 80' lang='grc' dir='ltr'>δηλοῖ</span> <span class='ocrx_word' id='word_1_161' title='bbox 1502 2276 1597 2331; x_wconf 82' lang='grc' dir='ltr'>καὶ</span> <span class='ocrx_word' id='word_1_162' title='bbox 1636 2279 1668 2349; x_wconf 85' lang='grc' dir='ltr'><strong>ή</strong></span> <span class='ocrx_word' id='word_1_163' title='bbox 1700 2278 1791 2334; x_wconf 75' lang='grc' dir='ltr'><strong>διὰ</strong></span> <span class='ocrx_word' id='word_1_164' title='bbox 1814 2280 1911 2336; x_wconf 89' lang='grc' dir='ltr'><strong>τοῦ</strong></span> 
     </span>
    </p>
   </div>
   <div class='ocr_carea' id='block_1_24' title="bbox 329 2358 1913 2438">
    <p class='ocr_par' dir='ltr' id='par_1_24' title="bbox 329 2358 1913 2438">
     <span class='ocr_line' id='line_1_24' title="bbox 329 2358 1913 2438; baseline 0.006 -23"><span class='ocrx_word' id='word_1_165' title='bbox 329 2358 603 2431; x_wconf 80' lang='grc' dir='ltr'><strong>Ἰορδάνου</strong></span> <span class='ocrx_word' id='word_1_166' title='bbox 633 2361 902 2428; x_wconf 88' lang='grc' dir='ltr'>διάϐασις,</span> <span class='ocrx_word' id='word_1_167' title='bbox 936 2366 1293 2438; x_wconf 75' lang='grc' dir='ltr'>σώσασαομὲν</span> <span class='ocrx_word' id='word_1_168' title='bbox 1318 2366 1586 2433; x_wconf 83' lang='grc' dir='ltr'>εὐσεϐεῖς,</span> <span class='ocrx_word' id='word_1_169' title='bbox 1614 2370 1835 2434; x_wconf 82' lang='grc' dir='ltr'>ἀσεϐεῖς</span> <span class='ocrx_word' id='word_1_170' title='bbox 1853 2370 1913 2425; x_wconf 68' lang='grc' dir='ltr'>δὲ</span> 
     </span>
    </p>
   </div>
   <div class='ocr_carea' id='block_1_25' title="bbox 315 2453 1909 2534">
    <p class='ocr_par' dir='ltr' id='par_1_25' title="bbox 315 2453 1909 2534">
     <span class='ocr_line' id='line_1_25' title="bbox 315 2453 1909 2534; baseline 0.005 -27"><span class='ocrx_word' id='word_1_171' title='bbox 315 2453 621 2521; x_wconf 82' lang='grc' dir='ltr'>διώκοντας</span> <span class='ocrx_word' id='word_1_172' title='bbox 648 2457 942 2530; x_wconf 84' lang='grc' dir='ltr'>φθείρασα.</span> <span class='ocrx_word' id='word_1_173' title='bbox 988 2460 1048 2513; x_wconf 85' lang='lat'><strong>&#39;0</strong></span> <span class='ocrx_word' id='word_1_174' title='bbox 1094 2460 1192 2531; x_wconf 83' lang='grc' dir='ltr'><strong>μὲν</strong></span> <span class='ocrx_word' id='word_1_175' title='bbox 1231 2459 1417 2530; x_wconf 85' lang='grc' dir='ltr'>μάννα·</span> <span class='ocrx_word' id='word_1_176' title='bbox 1449 2460 1681 2514; x_wconf 83' lang='grc' dir='ltr'>δέδωκεν</span> <span class='ocrx_word' id='word_1_177' title='bbox 1712 2459 1909 2534; x_wconf 81' lang='grc' dir='ltr'>αἰσθη-</span> 
     </span>
    </p>
   </div>
   <div class='ocr_carea' id='block_1_26' title="bbox 316 2548 1909 2625">
    <p class='ocr_par' dir='ltr' id='par_1_26' title="bbox 316 2548 1909 2625">
     <span class='ocr_line' id='line_1_26' title="bbox 316 2548 1909 2625; baseline 0.006 -23"><span class='ocrx_word' id='word_1_178' title='bbox 316 2548 450 2602; x_wconf 74' lang='grc' dir='ltr'>τόνο</span> <span class='ocrx_word' id='word_1_179' title='bbox 484 2552 514 2604; x_wconf 94' lang='lat'><strong>6</strong></span> <span class='ocrx_word' id='word_1_180' title='bbox 544 2551 604 2605; x_wconf 82' lang='grc' dir='ltr'>δὲ</span> <span class='ocrx_word' id='word_1_181' title='bbox 630 2551 866 2623; x_wconf 78' lang='grc' dir='ltr'>Χριστὸς</span> <span class='ocrx_word' id='word_1_182' title='bbox 902 2552 1116 2617; x_wconf 80' lang='grc' dir='ltr'>ἑαυτὸν,</span> <span class='ocrx_word' id='word_1_183' title='bbox 1152 2555 1317 2625; x_wconf 71' lang='grc' dir='ltr'>ἄρτον</span> <span class='ocrx_word' id='word_1_184' title='bbox 1358 2553 1417 2618; x_wconf 77' lang='grc' dir='ltr'><strong>ἐξ</strong></span> <span class='ocrx_word' id='word_1_185' title='bbox 1455 2554 1695 2625; x_wconf 80' lang='grc' dir='ltr'>ούρανοῦ</span> <span class='ocrx_word' id='word_1_186' title='bbox 1736 2573 1909 2611; x_wconf 88' lang='grc' dir='ltr'>κατα-</span> 
     </span>
    </p>
   </div>
   <div class='ocr_carea' id='block_1_27' title="bbox 316 2640 1909 2717">
    <p class='ocr_par' dir='ltr' id='par_1_27' title="bbox 316 2640 1909 2717">
     <span class='ocr_line' id='line_1_27' title="bbox 316 2640 1909 2717; baseline 0.004 -22"><span class='ocrx_word' id='word_1_187' title='bbox 316 2642 520 2697; x_wconf 82' lang='grc' dir='ltr'>ϐάντα.</span> <span class='ocrx_word' id='word_1_188' title='bbox 551 2643 798 2713; x_wconf 86' lang='grc' dir='ltr'>Μεσίτης</span> <span class='ocrx_word' id='word_1_189' title='bbox 843 2640 913 2716; x_wconf 78' lang='grc' dir='ltr'><strong>ἦν</strong></span> <span class='ocrx_word' id='word_1_190' title='bbox 954 2647 982 2700; x_wconf 92' lang='grc' dir='ltr'><strong>ό</strong></span> <span class='ocrx_word' id='word_1_191' title='bbox 1030 2647 1271 2717; x_wconf 78' lang='grc' dir='ltr'>Μωῦσῆς</span> <span class='ocrx_word' id='word_1_192' title='bbox 1333 2647 1552 2717; x_wconf 79' lang='grc' dir='ltr'>Ἰσραὴλ</span> <span class='ocrx_word' id='word_1_193' title='bbox 1600 2648 1696 2701; x_wconf 75' lang='grc' dir='ltr'>καὶ</span> <span class='ocrx_word' id='word_1_194' title='bbox 1729 2647 1909 2703; x_wconf 69' lang='grc' dir='ltr'>Θεοῦθ</span> 
     </span>
    </p>
   </div>
   <div class='ocr_carea' id='block_1_28' title="bbox 317 2734 1910 2814">
    <p class='ocr_par' dir='ltr' id='par_1_28' title="bbox 317 2734 1910 2814">
     <span class='ocr_line' id='line_1_28' title="bbox 317 2734 1910 2814; baseline 0.006 -27"><span class='ocrx_word' id='word_1_195' title='bbox 317 2735 501 2789; x_wconf 64' lang='grc' dir='ltr'>ἐθνῶν</span> <span class='ocrx_word' id='word_1_196' title='bbox 526 2734 585 2789; x_wconf 68' lang='grc' dir='ltr'>δὲ</span> <span class='ocrx_word' id='word_1_197' title='bbox 612 2736 847 2792; x_wconf 66' lang='grc' dir='ltr'>πάντων</span> <span class='ocrx_word' id='word_1_198' title='bbox 861 2738 969 2792; x_wconf 81' lang='grc' dir='ltr'>καὶ·</span> <span class='ocrx_word' id='word_1_199' title='bbox 988 2737 1084 2792; x_wconf 86' lang='grc' dir='ltr'><strong>τοῦ</strong></span> <span class='ocrx_word' id='word_1_200' title='bbox 1116 2739 1331 2811; x_wconf 80' lang='grc' dir='ltr'>Πατρὸς</span> <span class='ocrx_word' id='word_1_201' title='bbox 1365 2740 1395 2792; x_wconf 93' lang='lat'><strong>6</strong></span> <span class='ocrx_word' id='word_1_202' title='bbox 1434 2741 1691 2812; x_wconf 84' lang='grc' dir='ltr'>Χριστός.</span> <span class='ocrx_word' id='word_1_203' title='bbox 1726 2742 1910 2814; x_wconf 83' lang='grc' dir='ltr'>Νομο-</span> 
     </span>
    </p>
   </div>
   <div class='ocr_carea' id='block_1_29' title="bbox 318 2825 1913 2899">
    <p class='ocr_par' dir='ltr' id='par_1_29' title="bbox 318 2825 1913 2899">
     <span class='ocr_line' id='line_1_29' title="bbox 318 2825 1913 2899; baseline 0.003 -18"><span class='ocrx_word' id='word_1_204' title='bbox 318 2825 490 2897; x_wconf 77' lang='grc' dir='ltr'>θέτης</span> <span class='ocrx_word' id='word_1_205' title='bbox 513 2827 721 2890; x_wconf 73' lang='grc' dir='ltr'>ἐκεῖνος</span> <span class='ocrx_word' id='word_1_206' title='bbox 754 2827 1202 2899; x_wconf 79' lang='grc' dir='ltr'>ὑπηρετούμενος</span> <span class='ocrx_word' id='word_1_207' title='bbox 1226 2828 1306 2899; x_wconf 81' lang='grc' dir='ltr'><strong>τῷ</strong></span> <span class='ocrx_word' id='word_1_208' title='bbox 1334 2828 1453 2899; x_wconf 82' lang='grc' dir='ltr'>Θεῷ</span> <span class='ocrx_word' id='word_1_209' title='bbox 1475 2846 1505 2858; x_wconf 51' lang='grc' dir='ltr'><strong>’ν</strong></span> <span class='ocrx_word' id='word_1_210' title='bbox 1521 2832 1550 2883; x_wconf 93' lang='lat'><strong>6</strong></span> <span class='ocrx_word' id='word_1_211' title='bbox 1574 2830 1631 2883; x_wconf 70' lang='grc' dir='ltr'>δὲ</span> <span class='ocrx_word' id='word_1_212' title='bbox 1655 2831 1775 2885; x_wconf 87' lang='grc' dir='ltr'>κατ’</span> <span class='ocrx_word' id='word_1_213' title='bbox 1810 2833 1913 2887; x_wconf 84' lang='grc' dir='ltr'><strong>αὐ-</strong></span> 
     </span>
    </p>
   </div>
   <div class='ocr_carea' id='block_1_30' title="bbox 318 2917 1915 2992">
    <p class='ocr_par' dir='ltr' id='par_1_30' title="bbox 318 2917 1915 2992">
     <span class='ocr_line' id='line_1_30' title="bbox 318 2917 1915 2992; baseline 0.006 -21"><span class='ocrx_word' id='word_1_214' title='bbox 318 2917 546 2972; x_wconf 87' lang='grc' dir='ltr'>θεντίαν</span> <span class='ocrx_word' id='word_1_215' title='bbox 575 2919 650 2983; x_wconf 77' lang='grc' dir='ltr'><strong>ὡς</strong></span> <span class='ocrx_word' id='word_1_216' title='bbox 682 2920 818 2984; x_wconf 69' lang='grc' dir='ltr'>Θεὸς</span> <span class='ocrx_word' id='word_1_217' title='bbox 839 2921 1066 2985; x_wconf 71' lang='grc' dir='ltr'>εἰκότως</span> <span class='ocrx_word' id='word_1_218' title='bbox 1091 2921 1598 2992; x_wconf 81' lang='grc' dir='ltr'>νομοθετεῖ,.λέγων</span> <span class='ocrx_word' id='word_1_219' title='bbox 1617 2940 1633 2955; x_wconf 81' lang='grc'><em>’</em></span> <span class='ocrx_word' id='word_1_220' title='bbox 1663 2942 1682 2976; x_wconf 76' lang='grc' dir='ltr'><strong>ι</strong></span> <span class='ocrx_word' id='word_1_221' title='bbox 1718 2924 1915 2980; x_wconf 83' lang='grc' dir='ltr'>Ἠκού-</span> 
     </span>
    </p>
   </div>
   <div class='ocr_carea' id='block_1_31' title="bbox 320 3011 1917 3088">
    <p class='ocr_par' dir='ltr' id='par_1_31' title="bbox 320 3011 1917 3088">
     <span class='ocr_line' id='line_1_31' title="bbox 320 3011 1917 3088; baseline 0.008 -26"><span class='ocrx_word' id='word_1_222' title='bbox 320 3027 460 3064; x_wconf 84' lang='grc' dir='ltr'>σατε</span> <span class='ocrx_word' id='word_1_223' title='bbox 481 3011 572 3064; x_wconf 65' lang='grc' dir='ltr'>ὅτε</span> <span class='ocrx_word' id='word_1_224' title='bbox 597 3011 798 3083; x_wconf 76' lang='grc' dir='ltr'>ἐρρἐη</span> <span class='ocrx_word' id='word_1_225' title='bbox 827 3015 938 3075; x_wconf 78' lang='grc' dir='ltr'>τοῖς</span> <span class='ocrx_word' id='word_1_226' title='bbox 969 3014 1237 3084; x_wconf 84' lang='grc' dir='ltr'>ἀρχαίοις,</span> <span class='ocrx_word' id='word_1_227' title='bbox 1270 3016 1342 3070; x_wconf 87' lang='grc' dir='ltr'><strong>Ού</strong></span> <span class='ocrx_word' id='word_1_228' title='bbox 1376 3017 1662 3086; x_wconf 81' lang='grc' dir='ltr'>φονεύσεις</span> <span class='ocrx_word' id='word_1_229' title='bbox 1686 3034 1699 3048; x_wconf 74' lang='grc'><strong><em>⁸</em></strong></span> <span class='ocrx_word' id='word_1_230' title='bbox 1723 3019 1835 3088; x_wconf 79' lang='grc' dir='ltr'><strong>ἐγὼ</strong></span> <span class='ocrx_word' id='word_1_231' title='bbox 1856 3019 1917 3074; x_wconf 80' lang='grc' dir='ltr'>δὲ</span> 
     </span>
    </p>
   </div>
   <div class='ocr_carea' id='block_1_32' title="bbox 320 3100 1912 3182">
    <p class='ocr_par' dir='ltr' id='par_1_32' title="bbox 320 3100 1912 3182">
     <span class='ocr_line' id='line_1_32' title="bbox 320 3100 1912 3182; baseline 0.008 -28"><span class='ocrx_word' id='word_1_232' title='bbox 320 3100 475 3171; x_wconf 84' lang='grc' dir='ltr'>λέγω</span> <span class='ocrx_word' id='word_1_233' title='bbox 506 3103 656 3173; x_wconf 89' lang='grc' dir='ltr'>ύμῖν,</span> <span class='ocrx_word' id='word_1_234' title='bbox 702 3104 836 3176; x_wconf 82' lang='grc' dir='ltr'>μηδὲ</span> <span class='ocrx_word' id='word_1_235' title='bbox 877 3105 1199 3177; x_wconf 78' lang='grc' dir='ltr'>ὀργίζεσθαι</span> <span class='ocrx_word' id='word_1_236' title='bbox 1258 3108 1401 3177; x_wconf 84' lang='grc' dir='ltr'>είκῆ,</span> <span class='ocrx_word' id='word_1_237' title='bbox 1461 3127 1480 3162; x_wconf 76' lang='grc' dir='ltr'><strong>ι</strong></span> <span class='ocrx_word' id='word_1_238' title='bbox 1512 3110 1607 3163; x_wconf 75' lang='grc' dir='ltr'>καὶ</span> <span class='ocrx_word' id='word_1_239' title='bbox 1641 3109 1713 3164; x_wconf 74' lang='grc' dir='ltr'><strong>τὰ</strong></span> <span class='ocrx_word' id='word_1_240' title='bbox 1762 3111 1912 3182; x_wconf 79' lang='grc' dir='ltr'><strong>ἑξῆς.</strong></span> 
     </span>
    </p>
   </div>
   <div class='ocr_carea' id='block_1_33' title="bbox 1941 1884 1988 1943">
    <p class='ocr_par' dir='ltr' id='par_1_33' title="bbox 1941 1884 1988 1943">
     <span class='ocr_line' id='line_1_33' title="bbox 1941 1884 1988 1943; baseline 0 0"><span class='ocrx_word' id='word_1_241' title='bbox 1941 1884 1988 1943; x_wconf 84' lang='grc' dir='ltr'><strong>Β</strong></span> 
     </span>
    </p>
   </div>
   <div class='ocr_carea' id='block_1_34' title="bbox 2007 614 3593 686">
    <p class='ocr_par' dir='ltr' id='par_1_34' title="bbox 2007 614 3593 686">
     <span class='ocr_line' id='line_1_34' title="bbox 2007 614 3593 686; baseline 0.004 -17"><span class='ocrx_word' id='word_1_242' title='bbox 2007 629 2076 669; x_wconf 81' lang='lat' dir='ltr'><strong>ex</strong></span> <span class='ocrx_word' id='word_1_243' title='bbox 2102 628 2169 670; x_wconf 89' lang='lat' dir='ltr'><strong>eo</strong></span> <span class='ocrx_word' id='word_1_244' title='bbox 2194 614 2343 685; x_wconf 91' lang='lat' dir='ltr'><strong>quod</strong></span> <span class='ocrx_word' id='word_1_245' title='bbox 2390 614 2548 669; x_wconf 92' lang='lat' dir='ltr'><strong>multi</strong></span> <span class='ocrx_word' id='word_1_246' title='bbox 2580 616 2862 686; x_wconf 68' lang='lat' dir='ltr'><strong>propheta:</strong></span> <span class='ocrx_word' id='word_1_247' title='bbox 2899 615 3121 671; x_wconf 83' lang='lat' dir='ltr'><strong>fuerunt</strong></span> <span class='ocrx_word' id='word_1_248' title='bbox 3145 617 3357 673; x_wconf 88' lang='lat' dir='ltr'><strong>clarum</strong></span> <span class='ocrx_word' id='word_1_249' title='bbox 3397 626 3502 683; x_wconf 88' lang='lat' dir='ltr'><strong>est,</strong></span> <span class='ocrx_word' id='word_1_250' title='bbox 3532 629 3593 676; x_wconf 94' lang='lat' dir='ltr'><strong>ut</strong></span> 
     </span>
    </p>
   </div>
   <div class='ocr_carea' id='block_1_35' title="bbox 2008 706 3592 780">
    <p class='ocr_par' dir='ltr' id='par_1_35' title="bbox 2008 706 3592 780">
     <span class='ocr_line' id='line_1_35' title="bbox 2008 706 3592 780; baseline 0.003 -18"><span class='ocrx_word' id='word_1_251' title='bbox 2008 706 2077 762; x_wconf 84' lang='lat' dir='ltr'><strong>de</strong></span> <span class='ocrx_word' id='word_1_252' title='bbox 2109 722 2220 762; x_wconf 93' lang='lat' dir='ltr'><strong>uno</strong></span> <span class='ocrx_word' id='word_1_253' title='bbox 2268 709 2508 776; x_wconf 89' lang='lat' dir='ltr'><strong>quodam</strong></span> <span class='ocrx_word' id='word_1_254' title='bbox 2556 724 2653 780; x_wconf 92' lang='lat' dir='ltr'><strong>per</strong></span> <span class='ocrx_word' id='word_1_255' title='bbox 2690 710 3073 765; x_wconf 73' lang='lat' dir='ltr'><strong>excellentiam</strong></span> <span class='ocrx_word' id='word_1_256' title='bbox 3130 712 3365 766; x_wconf 83' lang='lat' dir='ltr'><strong>dicatur.</strong></span> <span class='ocrx_word' id='word_1_257' title='bbox 3420 711 3592 779; x_wconf 86' lang='lat' dir='ltr'><strong>Quem</strong></span> 
     </span>
    </p>
   </div>
   <div class='ocr_carea' id='block_1_36' title="bbox 2009 800 3593 873">
    <p class='ocr_par' dir='ltr' id='par_1_36' title="bbox 2009 800 3593 873">
     <span class='ocr_line' id='line_1_36' title="bbox 2009 800 3593 873; baseline 0.004 -18"><span class='ocrx_word' id='word_1_258' title='bbox 2009 813 2145 855; x_wconf 91' lang='lat' dir='ltr'><strong>sane</strong></span> <span class='ocrx_word' id='word_1_259' title='bbox 2167 800 2273 856; x_wconf 85' lang='lat' dir='ltr'><strong>sibi</strong></span> <span class='ocrx_word' id='word_1_260' title='bbox 2298 815 2521 873; x_wconf 92' lang='lat' dir='ltr'><strong>quoque</strong></span> <span class='ocrx_word' id='word_1_261' title='bbox 2553 800 2789 857; x_wconf 77' lang='lat' dir='ltr'><strong>similem</strong></span> <span class='ocrx_word' id='word_1_262' title='bbox 2816 802 2931 857; x_wconf 84' lang='lat' dir='ltr'><strong>fore</strong></span> <span class='ocrx_word' id='word_1_263' title='bbox 2961 802 3138 859; x_wconf 82' lang='lat' dir='ltr'><strong>Moses</strong></span> <span class='ocrx_word' id='word_1_264' title='bbox 3166 804 3389 860; x_wconf 81' lang='lat' dir='ltr'><strong>indicat.</strong></span> <span class='ocrx_word' id='word_1_265' title='bbox 3419 805 3593 871; x_wconf 82' lang='lat' dir='ltr'><strong>Quem</strong></span> 
     </span>
    </p>
   </div>
   <div class='ocr_carea' id='block_1_37' title="bbox 2008 890 3596 968">
    <p class='ocr_par' dir='ltr' id='par_1_37' title="bbox 2008 890 3596 968">
     <span class='ocr_line' id='line_1_37' title="bbox 2008 890 3596 968; baseline 0.004 -23"><span class='ocrx_word' id='word_1_266' title='bbox 2008 891 2232 961; x_wconf 86' lang='lat' dir='ltr'><strong>quidem</strong></span> <span class='ocrx_word' id='word_1_267' title='bbox 2267 890 2440 947; x_wconf 67' lang='lat' dir='ltr'><strong>Judaei</strong></span> <span class='ocrx_word' id='word_1_268' title='bbox 2479 907 2699 963; x_wconf 91' lang='lat' dir='ltr'><strong>quoque</strong></span> <span class='ocrx_word' id='word_1_269' title='bbox 2742 902 3153 964; x_wconf 83' lang='lat' dir='ltr'><strong>exspectantes,</strong></span> <span class='ocrx_word' id='word_1_270' title='bbox 3189 906 3311 966; x_wconf 84' lang='lat' dir='ltr'><strong>post</strong></span> <span class='ocrx_word' id='word_1_271' title='bbox 3346 906 3425 952; x_wconf 86' lang='lat' dir='ltr'><strong>tot</strong></span> <span class='ocrx_word' id='word_1_272' title='bbox 3468 914 3596 968; x_wconf 80' lang='lat' dir='ltr'><strong>pro—</strong></span> 
     </span>
    </p>
   </div>
   <div class='ocr_carea' id='block_1_38' title="bbox 2008 983 3594 1057">
    <p class='ocr_par' dir='ltr' id='par_1_38' title="bbox 2008 983 3594 1057">
     <span class='ocr_line' id='line_1_38' title="bbox 2008 983 3594 1057; baseline 0.004 -20"><span class='ocrx_word' id='word_1_273' title='bbox 2008 983 2298 1055; x_wconf 87' lang='lat' dir='ltr'><strong>phetarum</strong></span> <span class='ocrx_word' id='word_1_274' title='bbox 2332 986 2498 1039; x_wconf 87' lang='lat' dir='ltr'><strong>vitam</strong></span> <span class='ocrx_word' id='word_1_275' title='bbox 2528 984 2795 1041; x_wconf 82' lang='lat' dir='ltr'><strong>Joannem</strong></span> <span class='ocrx_word' id='word_1_276' title='bbox 2828 986 3271 1057; x_wconf 81' lang='lat' dir='ltr'><strong>interrogaruut:</strong></span> <span class='ocrx_word' id='word_1_277' title='bbox 3310 1008 3328 1041; x_wconf 78' lang='grc' dir='ltr'><strong>ι</strong></span> <span class='ocrx_word' id='word_1_278' title='bbox 3363 988 3502 1044; x_wconf 85' lang='grc' dir='ltr'>Νιιιη</span> <span class='ocrx_word' id='word_1_279' title='bbox 3538 999 3594 1043; x_wconf 84' lang='grc' dir='ltr'><strong>ιιι</strong></span> 
     </span>
    </p>
   </div>
   <div class='ocr_carea' id='block_1_39' title="bbox 2008 1076 3595 1153">
    <p class='ocr_par' dir='ltr' id='par_1_39' title="bbox 2008 1076 3595 1153">
     <span class='ocr_line' id='line_1_39' title="bbox 2008 1076 3595 1153; baseline 0.003 -22"><span class='ocrx_word' id='word_1_280' title='bbox 2008 1076 2284 1147; x_wconf 82' lang='lat' dir='ltr'><strong>prepheta</strong></span> <span class='ocrx_word' id='word_1_281' title='bbox 2306 1077 2395 1131; x_wconf 89' lang='lat' dir='ltr'><strong>ille</strong></span> <span class='ocrx_word' id='word_1_282' title='bbox 2425 1091 2485 1134; x_wconf 87' lang='lat' dir='ltr'><strong>es</strong></span> <span class='ocrx_word' id='word_1_283' title='bbox 2513 1077 2601 1132; x_wconf 62' lang='grc' dir='ltr'><strong>³⁸νῖ</strong></span> <span class='ocrx_word' id='word_1_284' title='bbox 2624 1096 2643 1130; x_wconf 79' lang='grc' dir='ltr'><strong>ι</strong></span> <span class='ocrx_word' id='word_1_285' title='bbox 2668 1077 2847 1134; x_wconf 89' lang='lat' dir='ltr'><strong>Atille</strong></span> <span class='ocrx_word' id='word_1_286' title='bbox 2880 1093 2941 1134; x_wconf 89' lang='lat' dir='ltr'><strong>se</strong></span> <span class='ocrx_word' id='word_1_287' title='bbox 2969 1094 3091 1135; x_wconf 91' lang='lat' dir='ltr'><strong>esse</strong></span> <span class='ocrx_word' id='word_1_288' title='bbox 3125 1090 3308 1151; x_wconf 83' lang='lat' dir='ltr'><strong>negat,</strong></span> <span class='ocrx_word' id='word_1_289' title='bbox 3341 1082 3595 1153; x_wconf 84' lang='lat' dir='ltr'><strong>quamvis</strong></span> 
     </span>
    </p>
   </div>
   <div class='ocr_carea' id='block_1_40' title="bbox 2012 1169 3594 1241">
    <p class='ocr_par' dir='ltr' id='par_1_40' title="bbox 2012 1169 3594 1241">
     <span class='ocr_line' id='line_1_40' title="bbox 2012 1169 3594 1241; baseline 0.003 -19"><span class='ocrx_word' id='word_1_290' title='bbox 2012 1169 2151 1225; x_wconf 88' lang='lat' dir='ltr'><strong>alias</strong></span> <span class='ocrx_word' id='word_1_291' title='bbox 2203 1170 2471 1241; x_wconf 85' lang='lat' dir='ltr'><strong>propheta</strong></span> <span class='ocrx_word' id='word_1_292' title='bbox 2546 1178 2718 1226; x_wconf 87' lang='lat' dir='ltr'><strong>esset.</strong></span> <span class='ocrx_word' id='word_1_293' title='bbox 2775 1170 2895 1238; x_wconf 90' lang='lat' dir='ltr'><strong>Qua</strong></span> <span class='ocrx_word' id='word_1_294' title='bbox 2965 1172 3132 1241; x_wconf 86' lang='lat' dir='ltr'><strong>igitur</strong></span> <span class='ocrx_word' id='word_1_295' title='bbox 3192 1173 3407 1229; x_wconf 88' lang='lat' dir='ltr'><strong>ratione</strong></span> <span class='ocrx_word' id='word_1_296' title='bbox 3457 1172 3594 1227; x_wconf 88' lang='lat' dir='ltr'><strong>Mosi</strong></span> 
     </span>
    </p>
   </div>
   <div class='ocr_carea' id='block_1_41' title="bbox 2011 1261 3594 1335">
    <p class='ocr_par' dir='ltr' id='par_1_41' title="bbox 2011 1261 3594 1335">
     <span class='ocr_line' id='line_1_41' title="bbox 2011 1261 3594 1335; baseline 0.001 -16"><span class='ocrx_word' id='word_1_297' title='bbox 2011 1261 2267 1319; x_wconf 76' lang='lat' dir='ltr'><strong>Christus</strong></span> <span class='ocrx_word' id='word_1_298' title='bbox 2317 1262 2535 1331; x_wconf 77' lang='lat' dir='ltr'><strong>similis,</strong></span> <span class='ocrx_word' id='word_1_299' title='bbox 2584 1262 2692 1318; x_wconf 91' lang='lat' dir='ltr'><strong>imo</strong></span> <span class='ocrx_word' id='word_1_300' title='bbox 2724 1263 2903 1333; x_wconf 72' lang='lat' dir='ltr'><strong>major</strong></span> <span class='ocrx_word' id='word_1_301' title='bbox 2938 1263 3033 1318; x_wconf 87' lang='lat' dir='ltr'><strong>illo</strong></span> <span class='ocrx_word' id='word_1_302' title='bbox 3074 1263 3195 1320; x_wconf 75' lang='lat' dir='ltr'><strong>est?</strong></span> <span class='ocrx_word' id='word_1_303' title='bbox 3248 1263 3341 1320; x_wconf 85' lang='lat' dir='ltr'><strong>ille</strong></span> <span class='ocrx_word' id='word_1_304' title='bbox 3373 1264 3594 1335; x_wconf 83' lang='lat' dir='ltr'><strong>quidem</strong></span> 
     </span>
    </p>
   </div>
   <div class='ocr_carea' id='block_1_42' title="bbox 2013 1353 3595 1427">
    <p class='ocr_par' dir='ltr' id='par_1_42' title="bbox 2013 1353 3595 1427">
     <span class='ocr_line' id='line_1_42' title="bbox 2013 1353 3595 1427; baseline 0.002 -19"><span class='ocrx_word' id='word_1_305' title='bbox 2013 1367 2080 1409; x_wconf 87' lang='lat' dir='ltr'><strong>ex</strong></span> <span class='ocrx_word' id='word_1_306' title='bbox 2139 1353 2377 1427; x_wconf 67' lang='lat' dir='ltr'><strong>Egypto</strong></span> <span class='ocrx_word' id='word_1_307' title='bbox 2432 1356 2671 1411; x_wconf 86' lang='lat' dir='ltr'><strong>asseruit</strong></span> <span class='ocrx_word' id='word_1_308' title='bbox 2708 1356 2969 1426; x_wconf 85' lang='lat' dir='ltr'><strong>populum</strong></span> <span class='ocrx_word' id='word_1_309' title='bbox 3024 1357 3250 1411; x_wconf 90' lang='lat' dir='ltr'><strong>unicum</strong></span> <span class='ocrx_word' id='word_1_310' title='bbox 3289 1375 3302 1412; x_wconf 92' lang='lat'><strong>:</strong></span> <span class='ocrx_word' id='word_1_311' title='bbox 3340 1357 3595 1413; x_wconf 88' lang='lat' dir='ltr'><strong>Christus</strong></span> 
     </span>
    </p>
   </div>
   <div class='ocr_carea' id='block_1_43' title="bbox 2010 1446 3594 1517">
    <p class='ocr_par' dir='ltr' id='par_1_43' title="bbox 2010 1446 3594 1517">
     <span class='ocr_line' id='line_1_43' title="bbox 2010 1446 3594 1517; baseline -0.001 -14"><span class='ocrx_word' id='word_1_312' title='bbox 2010 1461 2145 1504; x_wconf 72' lang='lat' dir='ltr'><strong>vero</strong></span> <span class='ocrx_word' id='word_1_313' title='bbox 2169 1460 2236 1502; x_wconf 80' lang='lat' dir='ltr'><strong>ex</strong></span> <span class='ocrx_word' id='word_1_314' title='bbox 2262 1446 2470 1502; x_wconf 85' lang='lat' dir='ltr'><strong>diaboli</strong></span> <span class='ocrx_word' id='word_1_315' title='bbox 2498 1446 2730 1517; x_wconf 89' lang='lat' dir='ltr'><strong>imperio</strong></span> <span class='ocrx_word' id='word_1_316' title='bbox 2752 1454 2957 1503; x_wconf 89' lang='lat' dir='ltr'><strong>terram</strong></span> <span class='ocrx_word' id='word_1_317' title='bbox 2982 1451 3317 1503; x_wconf 85' lang='lat' dir='ltr'><strong>universam.</strong></span> <span class='ocrx_word' id='word_1_318' title='bbox 3338 1448 3441 1515; x_wconf 86' lang='lat' dir='ltr'><strong>Qui</strong></span> <span class='ocrx_word' id='word_1_319' title='bbox 3471 1464 3594 1503; x_wconf 93' lang='lat' dir='ltr'><strong>cum</strong></span> 
     </span>
    </p>
   </div>
   <div class='ocr_carea' id='block_1_44' title="bbox 2012 1539 3596 1611">
    <p class='ocr_par' dir='ltr' id='par_1_44' title="bbox 2012 1539 3596 1611">
     <span class='ocr_line' id='line_1_44' title="bbox 2012 1539 3596 1611; baseline 0 -16"><span class='ocrx_word' id='word_1_320' title='bbox 2012 1547 2242 1595; x_wconf 88' lang='lat' dir='ltr'><strong>cunctos</strong></span> <span class='ocrx_word' id='word_1_321' title='bbox 2267 1539 2529 1595; x_wconf 83' lang='lat' dir='ltr'><strong>homines</strong></span> <span class='ocrx_word' id='word_1_322' title='bbox 2553 1539 2779 1595; x_wconf 84' lang='lat' dir='ltr'><strong>haberet</strong></span> <span class='ocrx_word' id='word_1_323' title='bbox 2812 1540 3089 1606; x_wconf 90' lang='lat' dir='ltr'><strong>subditos,</strong></span> <span class='ocrx_word' id='word_1_324' title='bbox 3113 1540 3340 1609; x_wconf 79' lang='lat' dir='ltr'><strong>juvenili</strong></span> <span class='ocrx_word' id='word_1_325' title='bbox 3374 1548 3596 1611; x_wconf 90' lang='lat' dir='ltr'><strong>sumpto</strong></span> 
     </span>
    </p>
   </div>
   <div class='ocr_carea' id='block_1_45' title="bbox 2012 1631 3595 1700">
    <p class='ocr_par' dir='ltr' id='par_1_45' title="bbox 2012 1631 3595 1700">
     <span class='ocr_line' id='line_1_45' title="bbox 2012 1631 3595 1700; baseline -0.001 -12"><span class='ocrx_word' id='word_1_326' title='bbox 2012 1634 2226 1699; x_wconf 80' lang='lat' dir='ltr'><strong>animo,</strong></span> <span class='ocrx_word' id='word_1_327' title='bbox 2259 1632 2440 1688; x_wconf 68' lang='lat' dir='ltr'><strong>dixit:</strong></span> <span class='ocrx_word' id='word_1_328' title='bbox 2475 1650 2493 1684; x_wconf 82' lang='grc' dir='ltr'><strong>ι</strong></span> <span class='ocrx_word' id='word_1_329' title='bbox 2519 1631 2743 1687; x_wconf 79' lang='lat' dir='ltr'><strong>Terram</strong></span> <span class='ocrx_word' id='word_1_330' title='bbox 2780 1640 2949 1687; x_wconf 90' lang='lat' dir='ltr'><strong>totam</strong></span> <span class='ocrx_word' id='word_1_331' title='bbox 2994 1632 3242 1700; x_wconf 84' lang='lat' dir='ltr'><strong>subigam</strong></span> <span class='ocrx_word' id='word_1_332' title='bbox 3280 1649 3445 1689; x_wconf 86' lang='lat' dir='ltr'><strong>manu</strong></span> <span class='ocrx_word' id='word_1_333' title='bbox 3476 1649 3595 1687; x_wconf 84' lang='lat' dir='ltr'><strong>mea</strong></span> 
     </span>
    </p>
   </div>
   <div class='ocr_carea' id='block_1_46' title="bbox 2012 1718 3592 1794">
    <p class='ocr_par' dir='ltr' id='par_1_46' title="bbox 2012 1718 3592 1794">
     <span class='ocr_line' id='line_1_46' title="bbox 2012 1718 3592 1794; baseline -0.001 -18"><span class='ocrx_word' id='word_1_334' title='bbox 2012 1728 2275 1790; x_wconf 87' lang='lat' dir='ltr'><strong>tanquam</strong></span> <span class='ocrx_word' id='word_1_335' title='bbox 2310 1718 2430 1774; x_wconf 89' lang='lat' dir='ltr'><strong>avis</strong></span> <span class='ocrx_word' id='word_1_336' title='bbox 2471 1719 2703 1790; x_wconf 90' lang='lat' dir='ltr'><strong>pullum,</strong></span> <span class='ocrx_word' id='word_1_337' title='bbox 2738 1718 2905 1793; x_wconf 68' lang='grc'><strong>445</strong></span> <span class='ocrx_word' id='word_1_338' title='bbox 2951 1730 3006 1776; x_wconf 88' lang='lat' dir='ltr'><strong>ct</strong></span> <span class='ocrx_word' id='word_1_339' title='bbox 3047 1721 3299 1794; x_wconf 80' lang='lat' dir='ltr'><strong>colligam</strong></span> <span class='ocrx_word' id='word_1_340' title='bbox 3333 1730 3592 1794; x_wconf 89' lang='lat' dir='ltr'><strong>tanquam</strong></span> 
     </span>
    </p>
   </div>
   <div class='ocr_carea' id='block_1_47' title="bbox 2013 1808 3596 1883">
    <p class='ocr_par' dir='ltr' id='par_1_47' title="bbox 2013 1808 3596 1883">
     <span class='ocr_line' id='line_1_47' title="bbox 2013 1808 3596 1883; baseline 0.001 -16"><span class='ocrx_word' id='word_1_341' title='bbox 2013 1825 2116 1867; x_wconf 84' lang='lat' dir='ltr'><strong>ova</strong></span> <span class='ocrx_word' id='word_1_342' title='bbox 2144 1810 2354 1867; x_wconf 85' lang='lat' dir='ltr'><strong>relicta.</strong></span> <span class='ocrx_word' id='word_1_343' title='bbox 2398 1808 2510 1867; x_wconf 88' lang='lat' dir='ltr'><strong>Nec</strong></span> <span class='ocrx_word' id='word_1_344' title='bbox 2536 1810 2630 1883; x_wconf 85' lang='lat' dir='ltr'><strong>qui</strong></span> <span class='ocrx_word' id='word_1_345' title='bbox 2678 1826 2763 1868; x_wconf 90' lang='lat' dir='ltr'><strong>me</strong></span> <span class='ocrx_word' id='word_1_346' title='bbox 2793 1811 3038 1881; x_wconf 85' lang='lat' dir='ltr'><strong>ell&#39;ugiet,</strong></span> <span class='ocrx_word' id='word_1_347' title='bbox 3069 1820 3164 1867; x_wconf 91' lang='lat' dir='ltr'><strong>aut</strong></span> <span class='ocrx_word' id='word_1_348' title='bbox 3198 1814 3328 1870; x_wconf 89' lang='lat' dir='ltr'><strong>mihi</strong></span> <span class='ocrx_word' id='word_1_349' title='bbox 3366 1814 3596 1871; x_wconf 87' lang='lat' dir='ltr'><strong>rebellct</strong></span> 
     </span>
    </p>
   </div>
   <div class='ocr_carea' id='block_1_48' title="bbox 2015 1903 2250 1960">
    <p class='ocr_par' dir='ltr' id='par_1_48' title="bbox 2015 1903 2250 1960">
     <span class='ocr_line' id='line_1_48' title="bbox 2015 1903 2250 1960; baseline -0.017 0"><span class='ocrx_word' id='word_1_350' title='bbox 2015 1911 2099 1960; x_wconf 78' lang='lat' dir='ltr'><strong>est</strong></span> <span class='ocrx_word' id='word_1_351' title='bbox 2128 1903 2194 1957; x_wconf 85' lang='grc'><strong>³⁸.</strong></span> <span class='ocrx_word' id='word_1_352' title='bbox 2227 1921 2250 1956; x_wconf 69' lang='grc' dir='ltr'><strong>ι</strong></span> 
     </span>
    </p>
   </div>
   <div class='ocr_carea' id='block_1_49' title="bbox 2087 1991 3595 2067">
    <p class='ocr_par' dir='ltr' id='par_1_49' title="bbox 2087 1991 3595 2067">
     <span class='ocr_line' id='line_1_49' title="bbox 2087 1991 3595 2067; baseline 0.002 -19"><span class='ocrx_word' id='word_1_353' title='bbox 2087 1991 2261 2049; x_wconf 85' lang='lat' dir='ltr'><strong>Porro</strong></span> <span class='ocrx_word' id='word_1_354' title='bbox 2296 1993 2388 2049; x_wconf 89' lang='lat' dir='ltr'><strong>ille</strong></span> <span class='ocrx_word' id='word_1_355' title='bbox 2425 1993 2645 2064; x_wconf 86' lang='lat' dir='ltr'><strong>quidem</strong></span> <span class='ocrx_word' id='word_1_356' title='bbox 2700 1995 2959 2067; x_wconf 87' lang='lat' dir='ltr'><strong>populum</strong></span> <span class='ocrx_word' id='word_1_357' title='bbox 3018 2011 3127 2066; x_wconf 83' lang='lat' dir='ltr'><strong>per.</strong></span> <span class='ocrx_word' id='word_1_358' title='bbox 3154 2012 3307 2053; x_wconf 87' lang='lat' dir='ltr'><strong>mare</strong></span> <span class='ocrx_word' id='word_1_359' title='bbox 3350 1996 3595 2053; x_wconf 80' lang='lat' dir='ltr'><strong>Rubrum</strong></span> 
     </span>
    </p>
   </div>
   <div class='ocr_carea' id='block_1_50' title="bbox 2016 2083 3597 2156">
    <p class='ocr_par' dir='ltr' id='par_1_50' title="bbox 2016 2083 3597 2156">
     <span class='ocr_line' id='line_1_50' title="bbox 2016 2083 3597 2156; baseline 0.003 -17"><span class='ocrx_word' id='word_1_360' title='bbox 2016 2084 2284 2152; x_wconf 76' lang='lat' dir='ltr'><strong>traduxit,</strong></span> <span class='ocrx_word' id='word_1_361' title='bbox 2312 2083 2710 2156; x_wconf 73' lang='lat' dir='ltr'><strong>Aigyptiosque</strong></span> <span class='ocrx_word' id='word_1_362' title='bbox 2738 2086 2907 2142; x_wconf 89' lang='lat' dir='ltr'><strong>maris</strong></span> <span class='ocrx_word' id='word_1_363' title='bbox 2936 2085 3194 2143; x_wconf 79' lang='lat' dir='ltr'><strong>[luctibus</strong></span> <span class='ocrx_word' id='word_1_364' title='bbox 3221 2087 3450 2142; x_wconf 78' lang='lat' dir='ltr'><strong>involvit</strong></span> <span class='ocrx_word' id='word_1_365' title='bbox 3498 2087 3597 2143; x_wconf 90' lang='lat' dir='ltr'><strong>llic</strong></span> 
     </span>
    </p>
   </div>
   <div class='ocr_carea' id='block_1_51' title="bbox 2015 2179 3597 2251">
    <p class='ocr_par' dir='ltr' id='par_1_51' title="bbox 2015 2179 3597 2251">
     <span class='ocr_line' id='line_1_51' title="bbox 2015 2179 3597 2251; baseline 0.003 -18"><span class='ocrx_word' id='word_1_366' title='bbox 2015 2193 2146 2234; x_wconf 86' lang='lat' dir='ltr'><strong>vero</strong></span> <span class='ocrx_word' id='word_1_367' title='bbox 2163 2193 2357 2234; x_wconf 90' lang='lat' dir='ltr'><strong>omnes</strong></span> <span class='ocrx_word' id='word_1_368' title='bbox 2384 2187 2574 2249; x_wconf 79' lang='lat' dir='ltr'><strong>gentes</strong></span> <span class='ocrx_word' id='word_1_369' title='bbox 2598 2179 2873 2251; x_wconf 89' lang='lat' dir='ltr'><strong>baptismo</strong></span> <span class='ocrx_word' id='word_1_370' title='bbox 2905 2181 3146 2250; x_wconf 83' lang='lat' dir='ltr'><strong>tiugens,</strong></span> <span class='ocrx_word' id='word_1_371' title='bbox 3166 2179 3457 2238; x_wconf 54' lang='lat' dir='ltr'><strong>d‘zemones</strong></span> <span class='ocrx_word' id='word_1_372' title='bbox 3471 2200 3597 2238; x_wconf 90' lang='lat' dir='ltr'><strong>cum</strong></span> 
     </span>
    </p>
   </div>
   <div class='ocr_carea' id='block_1_52' title="bbox 2014 2270 3598 2343">
    <p class='ocr_par' dir='ltr' id='par_1_52' title="bbox 2014 2270 3598 2343">
     <span class='ocr_line' id='line_1_52' title="bbox 2014 2270 3598 2343; baseline 0.001 -16"><span class='ocrx_word' id='word_1_373' title='bbox 2014 2271 2233 2327; x_wconf 85' lang='lat' dir='ltr'><strong>diabolo</strong></span> <span class='ocrx_word' id='word_1_374' title='bbox 2260 2271 2577 2335; x_wconf 86' lang='lat' dir='ltr'><strong>submersit,</strong></span> <span class='ocrx_word' id='word_1_375' title='bbox 2629 2270 2775 2342; x_wconf 89' lang='lat' dir='ltr'><strong>quod</strong></span> <span class='ocrx_word' id='word_1_376' title='bbox 2817 2271 2981 2327; x_wconf 89' lang='lat' dir='ltr'><strong>etiam</strong></span> <span class='ocrx_word' id='word_1_377' title='bbox 3032 2272 3300 2327; x_wconf 82' lang='lat' dir='ltr'><strong>transitus</strong></span> <span class='ocrx_word' id='word_1_378' title='bbox 3340 2289 3434 2343; x_wconf 76' lang='lat' dir='ltr'><strong>per</strong></span> <span class='ocrx_word' id='word_1_379' title='bbox 3470 2271 3598 2328; x_wconf 84' lang='lat' dir='ltr'><strong>Jor-</strong></span> 
     </span>
    </p>
   </div>
   <div class='ocr_carea' id='block_1_53' title="bbox 2015 2363 3597 2440">
    <p class='ocr_par' dir='ltr' id='par_1_53' title="bbox 2015 2363 3597 2440">
     <span class='ocr_line' id='line_1_53' title="bbox 2015 2363 3597 2440; baseline 0.001 -21"><span class='ocrx_word' id='word_1_380' title='bbox 2015 2363 2212 2420; x_wconf 82' lang='lat' dir='ltr'><strong>dauem</strong></span> <span class='ocrx_word' id='word_1_381' title='bbox 2243 2363 2505 2428; x_wconf 86' lang='lat' dir='ltr'><strong>illustrat,</strong></span> <span class='ocrx_word' id='word_1_382' title='bbox 2532 2380 2644 2434; x_wconf 91' lang='lat' dir='ltr'><strong>quo</strong></span> <span class='ocrx_word' id='word_1_383' title='bbox 2672 2363 2746 2433; x_wconf 89' lang='lat' dir='ltr'><strong>pii</strong></span> <span class='ocrx_word' id='word_1_384' title='bbox 2772 2363 2994 2433; x_wconf 89' lang='lat' dir='ltr'><strong>quidem</strong></span> <span class='ocrx_word' id='word_1_385' title='bbox 3024 2374 3155 2419; x_wconf 91' lang='lat' dir='ltr'><strong>sunt</strong></span> <span class='ocrx_word' id='word_1_386' title='bbox 3183 2366 3413 2429; x_wconf 76' lang='lat' dir='ltr'><strong>servati,</strong></span> <span class='ocrx_word' id='word_1_387' title='bbox 3445 2366 3597 2440; x_wconf 80' lang='lat' dir='ltr'><strong>irhpii</strong></span> 
     </span>
    </p>
   </div>
   <div class='ocr_carea' id='block_1_54' title="bbox 2015 2454 3598 2527">
    <p class='ocr_par' dir='ltr' id='par_1_54' title="bbox 2015 2454 3598 2527">
     <span class='ocr_line' id='line_1_54' title="bbox 2015 2454 3598 2527; baseline 0.002 -19"><span class='ocrx_word' id='word_1_388' title='bbox 2015 2469 2147 2510; x_wconf 77' lang='lat' dir='ltr'><strong>vero</strong></span> <span class='ocrx_word' id='word_1_389' title='bbox 2186 2461 2570 2524; x_wconf 89' lang='lat' dir='ltr'><strong>persecutores</strong></span> <span class='ocrx_word' id='word_1_390' title='bbox 2606 2454 2967 2524; x_wconf 81' lang='lat' dir='ltr'><strong>pessumdati.</strong></span> <span class='ocrx_word' id='word_1_391' title='bbox 3004 2454 3100 2511; x_wconf 84' lang='lat' dir='ltr'><strong>Ille</strong></span> <span class='ocrx_word' id='word_1_392' title='bbox 3145 2456 3368 2527; x_wconf 90' lang='lat' dir='ltr'><strong>quidem</strong></span> <span class='ocrx_word' id='word_1_393' title='bbox 3399 2472 3598 2511; x_wconf 86' lang='lat' dir='ltr'><strong>manna</strong></span> 
     </span>
    </p>
   </div>
   <div class='ocr_carea' id='block_1_55' title="bbox 2015 2545 3601 2621">
    <p class='ocr_par' dir='ltr' id='par_1_55' title="bbox 2015 2545 3601 2621">
     <span class='ocr_line' id='line_1_55' title="bbox 2015 2545 3601 2621; baseline -0.002 -16"><span class='ocrx_word' id='word_1_394' title='bbox 2015 2548 2219 2605; x_wconf 77' lang='lat' dir='ltr'><strong>sensile</strong></span> <span class='ocrx_word' id='word_1_395' title='bbox 2249 2547 2421 2603; x_wconf 81' lang='lat' dir='ltr'><strong>dedit.</strong></span> <span class='ocrx_word' id='word_1_396' title='bbox 2452 2545 2713 2603; x_wconf 87' lang='lat' dir='ltr'><strong>Christus</strong></span> <span class='ocrx_word' id='word_1_397' title='bbox 2752 2562 2882 2603; x_wconf 80' lang='lat' dir='ltr'><strong>vero</strong></span> <span class='ocrx_word' id='word_1_398' title='bbox 2925 2547 3170 2619; x_wconf 86' lang='lat' dir='ltr'><strong>seipsum</strong></span> <span class='ocrx_word' id='word_1_399' title='bbox 3206 2564 3401 2620; x_wconf 87' lang='lat' dir='ltr'><strong>panem</strong></span> <span class='ocrx_word' id='word_1_400' title='bbox 3435 2549 3530 2621; x_wconf 91' lang='lat' dir='ltr'><strong>qui</strong></span> <span class='ocrx_word' id='word_1_401' title='bbox 3569 2568 3601 2602; x_wconf 69' lang='grc' dir='ltr'><strong>«τ</strong></span> 
     </span>
    </p>
   </div>
   <div class='ocr_carea' id='block_1_56' title="bbox 2014 2638 3602 2698">
    <p class='ocr_par' dir='ltr' id='par_1_56' title="bbox 2014 2638 3602 2698">
     <span class='ocr_line' id='line_1_56' title="bbox 2014 2638 3602 2698; baseline -0.002 -1"><span class='ocrx_word' id='word_1_402' title='bbox 2014 2642 2157 2698; x_wconf 75' lang='grc' dir='ltr'>οωιο</span> <span class='ocrx_word' id='word_1_403' title='bbox 2195 2639 2505 2697; x_wconf 88' lang='lat' dir='ltr'><strong>descendit.</strong></span> <span class='ocrx_word' id='word_1_404' title='bbox 2543 2638 2932 2696; x_wconf 88' lang='lat' dir='ltr'><strong>lnternuntius</strong></span> <span class='ocrx_word' id='word_1_405' title='bbox 2962 2647 3083 2695; x_wconf 90' lang='lat' dir='ltr'><strong>erat</strong></span> <span class='ocrx_word' id='word_1_406' title='bbox 3114 2639 3293 2696; x_wconf 81' lang='lat' dir='ltr'><strong>Moses</strong></span> <span class='ocrx_word' id='word_1_407' title='bbox 3329 2641 3602 2696; x_wconf 81' lang='lat' dir='ltr'><strong>lsraelita-</strong></span> 
     </span>
    </p>
   </div>
   <div class='ocr_carea' id='block_1_57' title="bbox 2012 2730 3599 2801">
    <p class='ocr_par' dir='ltr' id='par_1_57' title="bbox 2012 2730 3599 2801">
     <span class='ocr_line' id='line_1_57' title="bbox 2012 2730 3599 2801; baseline 0 -12"><span class='ocrx_word' id='word_1_408' title='bbox 2012 2750 2137 2789; x_wconf 85' lang='lat' dir='ltr'><strong>rum</strong></span> <span class='ocrx_word' id='word_1_409' title='bbox 2170 2742 2332 2801; x_wconf 90' lang='lat' dir='ltr'><strong>atque</strong></span> <span class='ocrx_word' id='word_1_410' title='bbox 2374 2731 2491 2787; x_wconf 92' lang='lat' dir='ltr'><strong>Dei.</strong></span> <span class='ocrx_word' id='word_1_411' title='bbox 2540 2730 2875 2801; x_wconf 88' lang='lat' dir='ltr'><strong>Populorum</strong></span> <span class='ocrx_word' id='word_1_412' title='bbox 2915 2747 3050 2788; x_wconf 87' lang='lat' dir='ltr'><strong>vero</strong></span> <span class='ocrx_word' id='word_1_413' title='bbox 3095 2733 3342 2788; x_wconf 91' lang='lat' dir='ltr'><strong>omnium</strong></span> <span class='ocrx_word' id='word_1_414' title='bbox 3385 2743 3439 2789; x_wconf 92' lang='lat' dir='ltr'><strong>et</strong></span> <span class='ocrx_word' id='word_1_415' title='bbox 3504 2734 3599 2789; x_wconf 89' lang='lat' dir='ltr'><strong>Dei</strong></span> 
     </span>
    </p>
   </div>
   <div class='ocr_carea' id='block_1_58' title="bbox 2015 2823 3601 2897">
    <p class='ocr_par' dir='ltr' id='par_1_58' title="bbox 2015 2823 3601 2897">
     <span class='ocr_line' id='line_1_58' title="bbox 2015 2823 3601 2897; baseline -0.001 -16"><span class='ocrx_word' id='word_1_416' title='bbox 2015 2825 2196 2883; x_wconf 89' lang='lat' dir='ltr'><strong>Patris</strong></span> <span class='ocrx_word' id='word_1_417' title='bbox 2226 2825 2486 2882; x_wconf 90' lang='lat' dir='ltr'><strong>Christus</strong></span> <span class='ocrx_word' id='word_1_418' title='bbox 2509 2832 2615 2881; x_wconf 90' lang='lat' dir='ltr'><strong>est.</strong></span> <span class='ocrx_word' id='word_1_419' title='bbox 2648 2823 2962 2897; x_wconf 88' lang='lat' dir='ltr'><strong>Legislator</strong></span> <span class='ocrx_word' id='word_1_420' title='bbox 2991 2833 3110 2882; x_wconf 90' lang='lat' dir='ltr'><strong>erat</strong></span> <span class='ocrx_word' id='word_1_421' title='bbox 3141 2826 3254 2894; x_wconf 87' lang='lat' dir='ltr'><strong>ille,</strong></span> <span class='ocrx_word' id='word_1_422' title='bbox 3279 2841 3343 2883; x_wconf 88' lang='lat' dir='ltr'><strong>ac</strong></span> <span class='ocrx_word' id='word_1_423' title='bbox 3374 2826 3466 2882; x_wconf 91' lang='lat' dir='ltr'><strong>Dei</strong></span> <span class='ocrx_word' id='word_1_424' title='bbox 3496 2828 3601 2881; x_wconf 90' lang='lat' dir='ltr'><strong>mi-</strong></span> 
     </span>
    </p>
   </div>
   <div class='ocr_carea' id='block_1_59' title="bbox 2017 2918 3600 2991">
    <p class='ocr_par' dir='ltr' id='par_1_59' title="bbox 2017 2918 3600 2991">
     <span class='ocr_line' id='line_1_59' title="bbox 2017 2918 3600 2991; baseline 0 -15"><span class='ocrx_word' id='word_1_425' title='bbox 2017 2920 2212 2976; x_wconf 89' lang='lat' dir='ltr'><strong>nister.</strong></span> <span class='ocrx_word' id='word_1_426' title='bbox 2254 2919 2353 2973; x_wconf 84' lang='lat' dir='ltr'><strong>llic</strong></span> <span class='ocrx_word' id='word_1_427' title='bbox 2382 2934 2511 2975; x_wconf 87' lang='lat' dir='ltr'><strong>vero</strong></span> <span class='ocrx_word' id='word_1_428' title='bbox 2548 2918 2690 2974; x_wconf 91' lang='lat' dir='ltr'><strong>Deus</strong></span> <span class='ocrx_word' id='word_1_429' title='bbox 2720 2934 2847 2973; x_wconf 92' lang='lat' dir='ltr'><strong>cum</strong></span> <span class='ocrx_word' id='word_1_430' title='bbox 2884 2919 2977 2986; x_wconf 87' lang='lat' dir='ltr'><strong>sit,</strong></span> <span class='ocrx_word' id='word_1_431' title='bbox 3015 2920 3241 2991; x_wconf 84' lang='lat' dir='ltr'><strong>propria</strong></span> <span class='ocrx_word' id='word_1_432' title='bbox 3266 2921 3600 2976; x_wconf 83' lang='lat' dir='ltr'><strong>auctoritate</strong></span> 
     </span>
    </p>
   </div>
   <div class='ocr_carea' id='block_1_60' title="bbox 2017 3009 3599 3085">
    <p class='ocr_par' dir='ltr' id='par_1_60' title="bbox 2017 3009 3599 3085">
     <span class='ocr_line' id='line_1_60' title="bbox 2017 3009 3599 3085; baseline 0.001 -18"><span class='ocrx_word' id='word_1_433' title='bbox 2017 3012 2218 3067; x_wconf 88' lang='lat' dir='ltr'><strong>merito</strong></span> <span class='ocrx_word' id='word_1_434' title='bbox 2249 3011 2396 3083; x_wconf 88' lang='lat' dir='ltr'><strong>leges</strong></span> <span class='ocrx_word' id='word_1_435' title='bbox 2431 3010 2593 3066; x_wconf 92' lang='lat' dir='ltr'><strong>nobis</strong></span> <span class='ocrx_word' id='word_1_436' title='bbox 2628 3009 2758 3075; x_wconf 79' lang='lat' dir='ltr'><strong>fert,</strong></span> <span class='ocrx_word' id='word_1_437' title='bbox 2782 3026 2849 3067; x_wconf 86' lang='lat' dir='ltr'><strong>ac</strong></span> <span class='ocrx_word' id='word_1_438' title='bbox 2879 3011 3059 3081; x_wconf 85' lang='lat' dir='ltr'><strong>inquit</strong></span> <span class='ocrx_word' id='word_1_439' title='bbox 3092 3028 3106 3065; x_wconf 90' lang='lat'><strong>:</strong></span> <span class='ocrx_word' id='word_1_440' title='bbox 3137 3030 3155 3063; x_wconf 76' lang='grc' dir='ltr'><strong>ι</strong></span> <span class='ocrx_word' id='word_1_441' title='bbox 3189 3013 3434 3068; x_wconf 83' lang='lat' dir='ltr'><strong>Audistis</strong></span> <span class='ocrx_word' id='word_1_442' title='bbox 3454 3016 3599 3085; x_wconf 85' lang='lat' dir='ltr'><strong>quod</strong></span> 
     </span>
    </p>
   </div>
   <div class='ocr_carea' id='block_1_61' title="bbox 2018 3100 3599 3175">
    <p class='ocr_par' dir='ltr' id='par_1_61' title="bbox 2018 3100 3599 3175">
     <span class='ocr_line' id='line_1_61' title="bbox 2018 3100 3599 3175; baseline 0.001 -16"><span class='ocrx_word' id='word_1_443' title='bbox 2018 3105 2224 3159; x_wconf 88' lang='lat' dir='ltr'><strong>dictum</strong></span> <span class='ocrx_word' id='word_1_444' title='bbox 2260 3112 2347 3158; x_wconf 89' lang='lat' dir='ltr'><strong>est</strong></span> <span class='ocrx_word' id='word_1_445' title='bbox 2380 3102 2648 3173; x_wconf 89' lang='lat' dir='ltr'><strong>antiquis,</strong></span> <span class='ocrx_word' id='word_1_446' title='bbox 2685 3100 2806 3158; x_wconf 89' lang='lat' dir='ltr'><strong>Non</strong></span> <span class='ocrx_word' id='word_1_447' title='bbox 2831 3102 3093 3171; x_wconf 87' lang='lat' dir='ltr'><strong>occides;</strong></span> <span class='ocrx_word' id='word_1_448' title='bbox 3122 3113 3177 3158; x_wconf 89' lang='lat' dir='ltr'><strong>at</strong></span> <span class='ocrx_word' id='word_1_449' title='bbox 3210 3121 3311 3175; x_wconf 87' lang='lat' dir='ltr'><strong>ego</strong></span> <span class='ocrx_word' id='word_1_450' title='bbox 3342 3106 3467 3162; x_wconf 91' lang='lat' dir='ltr'><strong>dico</strong></span> <span class='ocrx_word' id='word_1_451' title='bbox 3503 3123 3599 3161; x_wconf 85' lang='lat' dir='ltr'><strong>vo—</strong></span> 
     </span>
    </p>
   </div>
   <div class='ocr_carea' id='block_1_62' title="bbox 336 3186 1913 3296">
    <p class='ocr_par' dir='ltr' id='par_1_62' title="bbox 336 3186 1912 3273">
     <span class='ocr_line' id='line_1_62' title="bbox 336 3186 1912 3273; baseline 0.007 -29"><span class='ocrx_word' id='word_1_452' title='bbox 336 3192 460 3261; x_wconf 73' lang='grc' dir='ltr'>Ἐιρ⁹</span> <span class='ocrx_word' id='word_1_453' title='bbox 491 3186 575 3257; x_wconf 74' lang='grc' dir='ltr'>οἷς</span> <span class='ocrx_word' id='word_1_454' title='bbox 597 3193 931 3262; x_wconf 78' lang='grc' dir='ltr'>ὲπιλέγεται,</span> <span class='ocrx_word' id='word_1_455' title='bbox 963 3196 1047 3249; x_wconf 84' lang='grc' dir='ltr'>ὅτι</span> <span class='ocrx_word' id='word_1_456' title='bbox 1080 3196 1471 3268; x_wconf 79' lang='grc' dir='ltr'>ἐξεπλήττοντο</span> <span class='ocrx_word' id='word_1_457' title='bbox 1500 3199 1700 3263; x_wconf 89' lang='grc' dir='ltr'>πάντες</span> <span class='ocrx_word' id='word_1_458' title='bbox 1728 3201 1821 3258; x_wconf 77' lang='grc' dir='ltr'><strong>ἐπὶ</strong></span> <span class='ocrx_word' id='word_1_459' title='bbox 1846 3204 1912 3273; x_wconf 79' lang='grc' dir='ltr'>τῇ</span> 
     </span>
    </p>
   </div>
   <div class='ocr_carea' id='block_1_63' title="bbox 2015 3186 3601 3296">
    <p class='ocr_par' dir='ltr' id='par_1_63' title="bbox 2019 3194 3601 3267">
     <span class='ocr_line' id='line_1_63' title="bbox 2019 3194 3601 3267; baseline 0.002 -16"><span class='ocrx_word' id='word_1_460' title='bbox 2019 3194 2128 3261; x_wconf 90' lang='lat' dir='ltr'><strong>bis,</strong></span> <span class='ocrx_word' id='word_1_461' title='bbox 2155 3194 2235 3251; x_wconf 86' lang='lat' dir='ltr'><strong>Ne</strong></span> <span class='ocrx_word' id='word_1_462' title='bbox 2269 3196 2533 3251; x_wconf 85' lang='lat' dir='ltr'><strong>irascaris</strong></span> <span class='ocrx_word' id='word_1_463' title='bbox 2566 3194 2665 3250; x_wconf 89' lang='lat' dir='ltr'><strong>abs</strong></span> <span class='ocrx_word' id='word_1_464' title='bbox 2689 3209 2749 3250; x_wconf 88' lang='lat' dir='ltr'><strong>re</strong></span> <span class='ocrx_word' id='word_1_465' title='bbox 2780 3194 2881 3261; x_wconf 76' lang='grc' dir='ltr'>³⁸,ι</span> <span class='ocrx_word' id='word_1_466' title='bbox 2919 3204 2966 3251; x_wconf 84' lang='lat' dir='ltr'><strong>et</strong></span> <span class='ocrx_word' id='word_1_467' title='bbox 2994 3210 3119 3266; x_wconf 84' lang='lat' dir='ltr'><strong>quae</strong></span> <span class='ocrx_word' id='word_1_468' title='bbox 3150 3196 3433 3267; x_wconf 84' lang='lat' dir='ltr'><strong>deinceps.</strong></span> <span class='ocrx_word' id='word_1_469' title='bbox 3465 3197 3601 3254; x_wconf 89' lang='lat' dir='ltr'><strong>Pro-</strong></span> 
     </span>
    </p>
   </div>
   <div class='ocr_carea' id='block_1_64' title="bbox 320 3283 1913 3358">
    <p class='ocr_par' dir='ltr' id='par_1_64' title="bbox 320 3283 1913 3358">
     <span class='ocr_line' id='line_1_64' title="bbox 320 3283 1913 3358; baseline 0.007 -21"><span class='ocrx_word' id='word_1_470' title='bbox 320 3283 518 3357; x_wconf 76' lang='grc' dir='ltr'>διδαχῇ</span> <span class='ocrx_word' id='word_1_471' title='bbox 546 3286 734 3341; x_wconf 77' lang='grc' dir='ltr'>αὐτοῦ.</span> <span class='ocrx_word' id='word_1_472' title='bbox 754 3283 861 3341; x_wconf 87' lang='grc' dir='ltr'><strong>Ἦν</strong></span> <span class='ocrx_word' id='word_1_473' title='bbox 886 3288 997 3357; x_wconf 82' lang='grc' dir='ltr'>γὰρ</span> <span class='ocrx_word' id='word_1_474' title='bbox 1023 3288 1290 3343; x_wconf 85' lang='grc' dir='ltr'>διδάσκων</span> <span class='ocrx_word' id='word_1_475' title='bbox 1309 3291 1531 3357; x_wconf 77' lang='grc' dir='ltr'>αὐτοὺς,</span> <span class='ocrx_word' id='word_1_476' title='bbox 1560 3292 1638 3355; x_wconf 85' lang='grc' dir='ltr'>ὼς</span> <span class='ocrx_word' id='word_1_477' title='bbox 1664 3292 1913 3358; x_wconf 71' lang='grc' dir='ltr'>ἐξουσίαν</span> 
     </span>
    </p>
   </div>
   <div class='ocr_carea' id='block_1_65' title="bbox 321 3373 1914 3455">
    <p class='ocr_par' dir='ltr' id='par_1_65' title="bbox 321 3373 1914 3455">
     <span class='ocr_line' id='line_1_65' title="bbox 321 3373 1914 3455; baseline 0.006 -26"><span class='ocrx_word' id='word_1_478' title='bbox 321 3376 469 3447; x_wconf 71' lang='grc' dir='ltr'>ἔχων</span> <span class='ocrx_word' id='word_1_479' title='bbox 489 3392 505 3406; x_wconf 90' lang='grc'><strong>·</strong></span> <span class='ocrx_word' id='word_1_480' title='bbox 542 3373 605 3432; x_wconf 76' lang='grc' dir='ltr'>οὗ</span> <span class='ocrx_word' id='word_1_481' title='bbox 635 3380 735 3451; x_wconf 77' lang='grc' dir='ltr'>τὴν</span> <span class='ocrx_word' id='word_1_482' title='bbox 756 3380 1077 3451; x_wconf 81' lang='grc' dir='ltr'>νομοθεσίαν</span> <span class='ocrx_word' id='word_1_483' title='bbox 1100 3383 1150 3436; x_wconf 79' lang='grc' dir='ltr'><strong>οἱ</strong></span> <span class='ocrx_word' id='word_1_484' title='bbox 1177 3382 1384 3437; x_wconf 71' lang='grc' dir='ltr'>ἐθνικοὶ</span> <span class='ocrx_word' id='word_1_485' title='bbox 1411 3384 1798 3455; x_wconf 78' lang='grc' dir='ltr'>παρεδέξαντο.</span> <span class='ocrx_word' id='word_1_486' title='bbox 1822 3385 1914 3440; x_wconf 82' lang='grc' dir='ltr'><strong>Διὸ</strong></span> 
     </span>
    </p>
   </div>
   <div class='ocr_carea' id='block_1_66' title="bbox 321 3469 1915 3549">
    <p class='ocr_par' dir='ltr' id='par_1_66' title="bbox 321 3469 1915 3549">
     <span class='ocr_line' id='line_1_66' title="bbox 321 3469 1915 3549; baseline 0.008 -28"><span class='ocrx_word' id='word_1_487' title='bbox 321 3469 584 3539; x_wconf 81' lang='grc' dir='ltr'>προλέγει</span> <span class='ocrx_word' id='word_1_488' title='bbox 606 3470 795 3540; x_wconf 74' lang='grc' dir='ltr'>Δαϐὶδ,</span> <span class='ocrx_word' id='word_1_489' title='bbox 824 3491 843 3524; x_wconf 73' lang='grc' dir='ltr'><strong>ι</strong></span> <span class='ocrx_word' id='word_1_490' title='bbox 873 3474 1257 3546; x_wconf 77' lang='grc' dir='ltr'>Κατάστησον,</span> <span class='ocrx_word' id='word_1_491' title='bbox 1285 3476 1481 3547; x_wconf 82' lang='grc' dir='ltr'>Κύριε,</span> <span class='ocrx_word' id='word_1_492' title='bbox 1499 3477 1805 3549; x_wconf 80' lang='grc' dir='ltr'>νομοθέτην</span> <span class='ocrx_word' id='word_1_493' title='bbox 1828 3479 1915 3534; x_wconf 74' lang='grc' dir='ltr'><strong>ἐπ’</strong></span> 
     </span>
    </p>
   </div>
   <div class='ocr_carea' id='block_1_67' title="bbox 319 3561 1915 3645">
    <p class='ocr_par' dir='ltr' id='par_1_67' title="bbox 319 3561 1915 3645">
     <span class='ocr_line' id='line_1_67' title="bbox 319 3561 1915 3645; baseline 0.006 -29"><span class='ocrx_word' id='word_1_494' title='bbox 319 3561 543 3625; x_wconf 79' lang='grc' dir='ltr'>αὐτούς.</span> <span class='ocrx_word' id='word_1_495' title='bbox 582 3561 885 3619; x_wconf 86' lang='grc' dir='ltr'>Γνώτωσαν</span> <span class='ocrx_word' id='word_1_496' title='bbox 916 3564 1044 3638; x_wconf 80' lang='grc' dir='ltr'>ἔθνη</span> <span class='ocrx_word' id='word_1_497' title='bbox 1075 3567 1159 3621; x_wconf 78' lang='grc' dir='ltr'>ὃτι</span> <span class='ocrx_word' id='word_1_498' title='bbox 1187 3566 1467 3639; x_wconf 79' lang='grc' dir='ltr'>ἄνθρωποί</span> <span class='ocrx_word' id='word_1_499' title='bbox 1496 3570 1655 3624; x_wconf 79' lang='grc' dir='ltr'>εἰσιν.</span> <span class='ocrx_word' id='word_1_500' title='bbox 1684 3588 1706 3622; x_wconf 78' lang='lat' dir='ltr'><strong>r</strong></span> <span class='ocrx_word' id='word_1_501' title='bbox 1738 3571 1915 3645; x_wconf 81' lang='grc' dir='ltr'>Ὅπερ</span> 
     </span>
    </p>
   </div>
   <div class='ocr_carea' id='block_1_68' title="bbox 318 3654 1924 3736">
    <p class='ocr_par' dir='ltr' id='par_1_68' title="bbox 318 3654 1924 3736">
     <span class='ocr_line' id='line_1_68' title="bbox 318 3654 1924 3736; baseline 0.008 -30"><span class='ocrx_word' id='word_1_502' title='bbox 318 3655 351 3707; x_wconf 91' lang='lat'><strong>6</strong></span> <span class='ocrx_word' id='word_1_503' title='bbox 399 3654 644 3723; x_wconf 76' lang='grc' dir='ltr'>Μωῡσῆς</span> <span class='ocrx_word' id='word_1_504' title='bbox 699 3656 801 3710; x_wconf 89' lang='grc' dir='ltr'><strong>ούκ</strong></span> <span class='ocrx_word' id='word_1_505' title='bbox 855 3659 1148 3731; x_wconf 76' lang='grc' dir='ltr'>ἠγνόηκεν,</span> <span class='ocrx_word' id='word_1_506' title='bbox 1202 3660 1278 3725; x_wconf 89' lang='grc' dir='ltr'>ὡς</span> <span class='ocrx_word' id='word_1_507' title='bbox 1308 3661 1442 3725; x_wconf 78' lang='grc' dir='ltr'>Θεὸς</span> <span class='ocrx_word' id='word_1_508' title='bbox 1489 3664 1585 3717; x_wconf 75' lang='grc' dir='ltr'>καὶ</span> <span class='ocrx_word' id='word_1_509' title='bbox 1618 3663 1924 3736; x_wconf 78' lang='grc' dir='ltr'>νομοθέτης</span> 
     </span>
    </p>
   </div>
   <div class='ocr_carea' id='block_1_69' title="bbox 319 3746 1918 3827">
    <p class='ocr_par' dir='ltr' id='par_1_69' title="bbox 319 3746 1918 3827">
     <span class='ocr_line' id='line_1_69' title="bbox 319 3746 1918 3827; baseline 0.008 -28"><span class='ocrx_word' id='word_1_510' title='bbox 319 3746 479 3801; x_wconf 70' lang='grc' dir='ltr'>ἐστὶν</span> <span class='ocrx_word' id='word_1_511' title='bbox 510 3747 539 3799; x_wconf 83' lang='lat'><strong>6</strong></span> <span class='ocrx_word' id='word_1_512' title='bbox 564 3749 821 3819; x_wconf 87' lang='grc' dir='ltr'>Χριστός.</span> <span class='ocrx_word' id='word_1_513' title='bbox 853 3751 1050 3805; x_wconf 84' lang='grc' dir='ltr'>Καίτοι</span> <span class='ocrx_word' id='word_1_514' title='bbox 1094 3752 1204 3825; x_wconf 70' lang='grc' dir='ltr'>γὰρ</span> <span class='ocrx_word' id='word_1_515' title='bbox 1250 3757 1380 3825; x_wconf 80' lang='grc' dir='ltr'>περὶ</span> <span class='ocrx_word' id='word_1_516' title='bbox 1411 3755 1519 3809; x_wconf 69' lang='grc' dir='ltr'><strong>τῶν</strong></span> <span class='ocrx_word' id='word_1_517' title='bbox 1549 3756 1696 3810; x_wconf 85' lang='grc' dir='ltr'>ίδίων</span> <span class='ocrx_word' id='word_1_518' title='bbox 1736 3757 1918 3827; x_wconf 85' lang='grc' dir='ltr'>νόμων</span> 
     </span>
    </p>
   </div>
   <div class='ocr_carea' id='block_1_70' title="bbox 320 3838 1919 3914">
    <p class='ocr_par' dir='ltr' id='par_1_70' title="bbox 320 3838 1919 3914">
     <span class='ocr_line' id='line_1_70' title="bbox 320 3838 1919 3914; baseline 0.009 -24"><span class='ocrx_word' id='word_1_519' title='bbox 320 3838 644 3906; x_wconf 78' lang='grc' dir='ltr'>είπὼν,,οὐκ</span> <span class='ocrx_word' id='word_1_520' title='bbox 677 3840 794 3895; x_wconf 76' lang='grc' dir='ltr'>ἔστι</span> <span class='ocrx_word' id='word_1_521' title='bbox 830 3843 1289 3914; x_wconf 77' lang='grc' dir='ltr'>προσθεῖναι,-καὶ</span> <span class='ocrx_word' id='word_1_522' title='bbox 1312 3848 1406 3900; x_wconf 83' lang='grc' dir='ltr'><strong>ἀπ’</strong></span> <span class='ocrx_word' id='word_1_523' title='bbox 1437 3848 1618 3902; x_wconf 73' lang='grc' dir='ltr'>αὐτῶν</span> <span class='ocrx_word' id='word_1_524' title='bbox 1645 3848 1745 3903; x_wconf 66' lang='grc' dir='ltr'><strong>οὐκ</strong></span> <span class='ocrx_word' id='word_1_525' title='bbox 1770 3850 1919 3906; x_wconf 75' lang='grc' dir='ltr'>ἐστιν</span> 
     </span>
    </p>
   </div>
   <div class='ocr_carea' id='block_1_71' title="bbox 319 3929 1920 4013">
    <p class='ocr_par' dir='ltr' id='par_1_71' title="bbox 319 3929 1920 4013">
     <span class='ocr_line' id='line_1_71' title="bbox 319 3929 1920 4013; baseline 0.009 -30"><span class='ocrx_word' id='word_1_526' title='bbox 319 3929 572 3997; x_wconf 72' lang='grc' dir='ltr'>ἀφελεῖν,</span> <span class='ocrx_word' id='word_1_527' title='bbox 603 3933 863 4004; x_wconf 79' lang='grc' dir='ltr'>ἐννοήσας</span> <span class='ocrx_word' id='word_1_528' title='bbox 903 3934 1005 4007; x_wconf 80' lang='grc' dir='ltr'><strong>τὴν</strong></span> <span class='ocrx_word' id='word_1_529' title='bbox 1051 3937 1161 3991; x_wconf 89' lang='grc' dir='ltr'><strong>τῶν</strong></span> <span class='ocrx_word' id='word_1_530' title='bbox 1205 3940 1552 3994; x_wconf 84' lang='grc' dir='ltr'>Δεσποτικῶν</span> <span class='ocrx_word' id='word_1_531' title='bbox 1589 3940 1920 4013; x_wconf 80' lang='grc' dir='ltr'>ἀξιωμάτων</span> 
     </span>
    </p>
   </div>
   <div class='ocr_carea' id='block_1_72' title="bbox 323 4022 1920 4100">
    <p class='ocr_par' dir='ltr' id='par_1_72' title="bbox 323 4022 1920 4100">
     <span class='ocr_line' id='line_1_72' title="bbox 323 4022 1920 4100; baseline 0.011 -26"><span class='ocrx_word' id='word_1_532' title='bbox 323 4022 605 4095; x_wconf 83' lang='grc' dir='ltr'>ὑπεροχὴν</span> <span class='ocrx_word' id='word_1_533' title='bbox 636 4028 1172 4100; x_wconf 84' lang='grc' dir='ltr'>παρεγγυᾷ,.λέγων,</span> <span class='ocrx_word' id='word_1_534' title='bbox 1213 4031 1433 4085; x_wconf 74' lang='grc' dir='ltr'>«Αὑτοῦ</span> <span class='ocrx_word' id='word_1_535' title='bbox 1454 4033 1754 4088; x_wconf 79' lang='grc' dir='ltr'>ἀκούσεσθε</span> <span class='ocrx_word' id='word_1_536' title='bbox 1777 4035 1920 4091; x_wconf 83' lang='grc' dir='ltr'>κατὰ</span> 
     </span>
    </p>
   </div>
   <div class='ocr_carea' id='block_1_73' title="bbox 321 4115 1919 4196">
    <p class='ocr_par' dir='ltr' id='par_1_73' title="bbox 321 4115 1919 4196">
     <span class='ocr_line' id='line_1_73' title="bbox 321 4115 1919 4196; baseline 0.009 -28"><span class='ocrx_word' id='word_1_537' title='bbox 321 4115 507 4169; x_wconf 83' lang='grc' dir='ltr'>πάντα</span> <span class='ocrx_word' id='word_1_538' title='bbox 541 4118 651 4171; x_wconf 83' lang='grc' dir='ltr'>ὅσα.</span> <span class='ocrx_word' id='word_1_539' title='bbox 672 4119 783 4173; x_wconf 82' lang='grc' dir='ltr'><strong>ὲάν.</strong></span> <span class='ocrx_word' id='word_1_540' title='bbox 807 4119 1020 4193; x_wconf 80' lang='grc' dir='ltr'>λαλήσῃ</span> <span class='ocrx_word' id='word_1_541' title='bbox 1071 4123 1207 4193; x_wconf 82' lang='grc' dir='ltr'>πρὸς</span> <span class='ocrx_word' id='word_1_542' title='bbox 1258 4125 1428 4196; x_wconf 81' lang='grc' dir='ltr'>ὑμᾶς,</span> <span class='ocrx_word' id='word_1_543' title='bbox 1463 4144 1483 4178; x_wconf 76' lang='grc' dir='ltr'><strong>ι</strong></span> <span class='ocrx_word' id='word_1_544' title='bbox 1514 4127 1762 4182; x_wconf 82' lang='grc' dir='ltr'>τουτέστι</span> <span class='ocrx_word' id='word_1_545' title='bbox 1813 4128 1919 4183; x_wconf 82' lang='grc' dir='ltr'><strong>κᾶν</strong></span> 
     </span>
    </p>
   </div>
   <div class='ocr_carea' id='block_1_74' title="bbox 319 4207 1918 4291">
    <p class='ocr_par' dir='ltr' id='par_1_74' title="bbox 319 4207 1918 4291">
     <span class='ocr_line' id='line_1_74' title="bbox 319 4207 1918 4291; baseline 0.009 -31"><span class='ocrx_word' id='word_1_546' title='bbox 319 4207 417 4261; x_wconf 82' lang='grc' dir='ltr'><strong>τδν</strong></span> <span class='ocrx_word' id='word_1_547' title='bbox 448 4208 518 4262; x_wconf 85' lang='grc' dir='ltr'><strong>δι’</strong></span> <span class='ocrx_word' id='word_1_548' title='bbox 548 4209 683 4280; x_wconf 79' lang='grc' dir='ltr'>ἐμοῦ</span> <span class='ocrx_word' id='word_1_549' title='bbox 714 4211 880 4282; x_wconf 89' lang='grc' dir='ltr'>νόμον</span> <span class='ocrx_word' id='word_1_550' title='bbox 907 4213 1067 4287; x_wconf 80' lang='grc' dir='ltr'>ἐθέλῃ</span> <span class='ocrx_word' id='word_1_551' title='bbox 1097 4221 1433 4286; x_wconf 86' lang='grc' dir='ltr'>μεταποιεῖν.</span> <span class='ocrx_word' id='word_1_552' title='bbox 1461 4216 1579 4272; x_wconf 88' lang='grc' dir='ltr'>’Ίνα</span> <span class='ocrx_word' id='word_1_553' title='bbox 1616 4218 1675 4272; x_wconf 82' lang='grc' dir='ltr'>δὲ</span> <span class='ocrx_word' id='word_1_554' title='bbox 1706 4218 1783 4291; x_wconf 83' lang='grc' dir='ltr'>μὴ</span> <span class='ocrx_word' id='word_1_555' title='bbox 1819 4220 1918 4290; x_wconf 88' lang='grc' dir='ltr'>μό-</span> 
     </span>
    </p>
   </div>
   <div class='ocr_carea' id='block_1_75' title="bbox 320 4303 1919 4379">
    <p class='ocr_par' dir='ltr' id='par_1_75' title="bbox 320 4303 1919 4379">
     <span class='ocr_line' id='line_1_75' title="bbox 320 4303 1919 4379; baseline 0.006 -24"><span class='ocrx_word' id='word_1_556' title='bbox 320 4317 417 4355; x_wconf 91' lang='grc' dir='ltr'><strong>νον</strong></span> <span class='ocrx_word' id='word_1_557' title='bbox 442 4303 724 4367; x_wconf 76' lang='grc' dir='ltr'>Μωῡσέως</span> <span class='ocrx_word' id='word_1_558' title='bbox 755 4305 783 4357; x_wconf 95' lang='lat'><strong>6</strong></span> <span class='ocrx_word' id='word_1_559' title='bbox 813 4304 971 4374; x_wconf 87' lang='grc' dir='ltr'>λόγος</span> <span class='ocrx_word' id='word_1_560' title='bbox 998 4306 1242 4379; x_wconf 83' lang='grc' dir='ltr'>ὑπάρχῃ,</span> <span class='ocrx_word' id='word_1_561' title='bbox 1285 4308 1499 4378; x_wconf 81' lang='grc' dir='ltr'>βεϐαιοῖ</span> <span class='ocrx_word' id='word_1_562' title='bbox 1528 4309 1718 4365; x_wconf 87' lang='grc' dir='ltr'>τοῦτον</span> <span class='ocrx_word' id='word_1_563' title='bbox 1745 4313 1775 4364; x_wconf 89' lang='lat'><strong>6</strong></span> <span class='ocrx_word' id='word_1_564' title='bbox 1807 4312 1919 4365; x_wconf 87' lang='grc' dir='ltr'><strong>Πα-</strong></span> 
     </span>
    </p>
   </div>
   <div class='ocr_carea' id='block_1_76' title="bbox 321 4395 1919 4478">
    <p class='ocr_par' dir='ltr' id='par_1_76' title="bbox 321 4395 1919 4478">
     <span class='ocr_line' id='line_1_76' title="bbox 321 4395 1919 4478; baseline 0.006 -29"><span class='ocrx_word' id='word_1_565' title='bbox 321 4396 455 4466; x_wconf 77' lang='grc' dir='ltr'>τὴρ,</span> <span class='ocrx_word' id='word_1_566' title='bbox 490 4395 686 4465; x_wconf 84' lang='grc' dir='ltr'>λέγων,</span> <span class='ocrx_word' id='word_1_567' title='bbox 727 4416 747 4451; x_wconf 75' lang='grc' dir='ltr'><strong>ι</strong></span> <span class='ocrx_word' id='word_1_568' title='bbox 796 4398 1004 4470; x_wconf 86' lang='grc' dir='ltr'>Ὀρθῶς</span> <span class='ocrx_word' id='word_1_569' title='bbox 1024 4400 1204 4455; x_wconf 81' lang='grc' dir='ltr'>πάντα</span> <span class='ocrx_word' id='word_1_570' title='bbox 1239 4402 1658 4475; x_wconf 48' lang='grc' dir='ltr'>ὅσαὲλάλησαις,</span> <span class='ocrx_word' id='word_1_571' title='bbox 1702 4405 1919 4478; x_wconf 82' lang='grc' dir='ltr'>προφή-</span> 
     </span>
    </p>
   </div>
   <div class='ocr_carea' id='block_1_77' title="bbox 319 4491 1920 4570">
    <p class='ocr_par' dir='ltr' id='par_1_77' title="bbox 319 4491 1920 4570">
     <span class='ocr_line' id='line_1_77' title="bbox 319 4491 1920 4570; baseline 0.005 -27"><span class='ocrx_word' id='word_1_572' title='bbox 319 4506 425 4561; x_wconf 88' lang='grc' dir='ltr'><strong>την</strong></span> <span class='ocrx_word' id='word_1_573' title='bbox 450 4491 744 4564; x_wconf 84' lang='grc' dir='ltr'>ἀναστήσω</span> <span class='ocrx_word' id='word_1_574' title='bbox 771 4494 957 4557; x_wconf 84' lang='grc' dir='ltr'>αύτοῖς</span> <span class='ocrx_word' id='word_1_575' title='bbox 1003 4492 1193 4565; x_wconf 84' lang='grc' dir='ltr'>ῶσπερ</span> <span class='ocrx_word' id='word_1_576' title='bbox 1236 4496 1316 4561; x_wconf 81' lang='grc' dir='ltr'>σὲ,</span> <span class='ocrx_word' id='word_1_577' title='bbox 1345 4498 1439 4549; x_wconf 76' lang='grc' dir='ltr'><strong>καὶ</strong></span> <span class='ocrx_word' id='word_1_578' title='bbox 1487 4497 1644 4553; x_wconf 87' lang='grc' dir='ltr'>δώσω</span> <span class='ocrx_word' id='word_1_579' title='bbox 1673 4497 1734 4551; x_wconf 85' lang='grc' dir='ltr'>τὸ</span> <span class='ocrx_word' id='word_1_580' title='bbox 1767 4498 1920 4570; x_wconf 81' lang='grc' dir='ltr'>ῥῆμά</span> 
     </span>
    </p>
   </div>
   <div class='ocr_carea' id='block_1_78' title="bbox 2017 3285 3602 3360">
    <p class='ocr_par' dir='ltr' id='par_1_78' title="bbox 2017 3285 3602 3360">
     <span class='ocr_line' id='line_1_78' title="bbox 2017 3285 3602 3360; baseline 0.004 -20"><span class='ocrx_word' id='word_1_581' title='bbox 2017 3296 2202 3357; x_wconf 85' lang='lat' dir='ltr'><strong>pterea</strong></span> <span class='ocrx_word' id='word_1_582' title='bbox 2257 3286 2480 3351; x_wconf 87' lang='lat' dir='ltr'><strong>dicitur,</strong></span> <span class='ocrx_word' id='word_1_583' title='bbox 2534 3285 2682 3358; x_wconf 89' lang='lat' dir='ltr'><strong>quod</strong></span> <span class='ocrx_word' id='word_1_584' title='bbox 2729 3300 2923 3343; x_wconf 72' lang='lat' dir='ltr'><strong>orunes</strong></span> <span class='ocrx_word' id='word_1_585' title='bbox 2968 3301 3135 3357; x_wconf 87' lang='lat' dir='ltr'><strong>super</strong></span> <span class='ocrx_word' id='word_1_586' title='bbox 3183 3286 3434 3344; x_wconf 82' lang='lat' dir='ltr'><strong>doctrina</strong></span> <span class='ocrx_word' id='word_1_587' title='bbox 3478 3289 3602 3360; x_wconf 85' lang='lat' dir='ltr'><strong>ejus</strong></span> 
     </span>
    </p>
   </div>
   <div class='ocr_carea' id='block_1_79' title="bbox 2015 3377 3602 3452">
    <p class='ocr_par' dir='ltr' id='par_1_79' title="bbox 2015 3377 3602 3452">
     <span class='ocr_line' id='line_1_79' title="bbox 2015 3377 3602 3452; baseline 0.001 -17"><span class='ocrx_word' id='word_1_588' title='bbox 2015 3379 2408 3449; x_wconf 80' lang='lat' dir='ltr'><strong>obstupueriut</strong></span> <span class='ocrx_word' id='word_1_589' title='bbox 2444 3379 2511 3432; x_wconf 78' lang='grc'><strong>³’.</strong></span> <span class='ocrx_word' id='word_1_590' title='bbox 2553 3377 2798 3434; x_wconf 88' lang='lat' dir='ltr'><strong>Docebat</strong></span> <span class='ocrx_word' id='word_1_591' title='bbox 2840 3378 2987 3434; x_wconf 81' lang='lat' dir='ltr'><strong>enim</strong></span> <span class='ocrx_word' id='word_1_592' title='bbox 3041 3394 3137 3435; x_wconf 88' lang='lat' dir='ltr'><strong>eos</strong></span> <span class='ocrx_word' id='word_1_593' title='bbox 3172 3387 3433 3451; x_wconf 81' lang='lat' dir='ltr'><strong>tanquam</strong></span> <span class='ocrx_word' id='word_1_594' title='bbox 3475 3382 3602 3452; x_wconf 88' lang='lat' dir='ltr'><strong>quis</strong></span> 
     </span>
    </p>
   </div>
   <div class='ocr_carea' id='block_1_80' title="bbox 2017 3469 3603 3544">
    <p class='ocr_par' dir='ltr' id='par_1_80' title="bbox 2017 3469 3603 3544">
     <span class='ocr_line' id='line_1_80' title="bbox 2017 3469 3603 3544; baseline 0.002 -18"><span class='ocrx_word' id='word_1_595' title='bbox 2017 3473 2351 3527; x_wconf 84' lang='lat' dir='ltr'><strong>auctoritate</strong></span> <span class='ocrx_word' id='word_1_596' title='bbox 2376 3469 2665 3542; x_wconf 63' lang='lat' dir='ltr'><strong>przditus.</strong></span> <span class='ocrx_word' id='word_1_597' title='bbox 2696 3470 2868 3541; x_wconf 75' lang='lat' dir='ltr'><strong>Cujus</strong></span> <span class='ocrx_word' id='word_1_598' title='bbox 2891 3484 3025 3526; x_wconf 87' lang='lat' dir='ltr'><strong>sane</strong></span> <span class='ocrx_word' id='word_1_599' title='bbox 3056 3471 3207 3543; x_wconf 87' lang='lat' dir='ltr'><strong>leges</strong></span> <span class='ocrx_word' id='word_1_600' title='bbox 3235 3472 3441 3528; x_wconf 89' lang='lat' dir='ltr'><strong>ethnici</strong></span> <span class='ocrx_word' id='word_1_601' title='bbox 3462 3489 3603 3544; x_wconf 88' lang='lat' dir='ltr'><strong>quo-</strong></span> 
     </span>
    </p>
   </div>
   <div class='ocr_carea' id='block_1_81' title="bbox 2018 3561 3601 3634">
    <p class='ocr_par' dir='ltr' id='par_1_81' title="bbox 2018 3561 3601 3634">
     <span class='ocr_line' id='line_1_81' title="bbox 2018 3561 3601 3634; baseline 0.001 -15"><span class='ocrx_word' id='word_1_602' title='bbox 2018 3580 2126 3633; x_wconf 88' lang='lat' dir='ltr'><strong>que</strong></span> <span class='ocrx_word' id='word_1_603' title='bbox 2148 3573 2501 3634; x_wconf 89' lang='lat' dir='ltr'><strong>acceperunt.</strong></span> <span class='ocrx_word' id='word_1_604' title='bbox 2526 3561 2804 3628; x_wconf 86' lang='lat' dir='ltr'><strong>Quocirca</strong></span> <span class='ocrx_word' id='word_1_605' title='bbox 2831 3562 3167 3618; x_wconf 77' lang='lat' dir='ltr'><strong>vaticinatur</strong></span> <span class='ocrx_word' id='word_1_606' title='bbox 3196 3562 3369 3619; x_wconf 82' lang='lat' dir='ltr'><strong>David</strong></span> <span class='ocrx_word' id='word_1_607' title='bbox 3388 3582 3431 3619; x_wconf 74' lang='grc' dir='ltr'>τι</span> <span class='ocrx_word' id='word_1_608' title='bbox 3453 3564 3601 3621; x_wconf 90' lang='lat' dir='ltr'><strong>Con-</strong></span> 
     </span>
    </p>
   </div>
   <div class='ocr_carea' id='block_1_82' title="bbox 2019 3654 3603 3728">
    <p class='ocr_par' dir='ltr' id='par_1_82' title="bbox 2019 3654 3603 3728">
     <span class='ocr_line' id='line_1_82' title="bbox 2019 3654 3603 3728; baseline -0.001 -16"><span class='ocrx_word' id='word_1_609' title='bbox 2019 3658 2187 3713; x_wconf 85' lang='lat' dir='ltr'><strong>stitue</strong></span> <span class='ocrx_word' id='word_1_610' title='bbox 2235 3656 2633 3728; x_wconf 84' lang='lat' dir='ltr'><strong>legislatorem,</strong></span> <span class='ocrx_word' id='word_1_611' title='bbox 2666 3654 2931 3722; x_wconf 87' lang='lat' dir='ltr'><strong>Domine,</strong></span> <span class='ocrx_word' id='word_1_612' title='bbox 2975 3670 3142 3726; x_wconf 87' lang='lat' dir='ltr'><strong>super</strong></span> <span class='ocrx_word' id='word_1_613' title='bbox 3183 3655 3356 3726; x_wconf 87' lang='lat' dir='ltr'><strong>ipsos.</strong></span> <span class='ocrx_word' id='word_1_614' title='bbox 3385 3656 3603 3728; x_wconf 89' lang='lat' dir='ltr'><strong>C0gno-</strong></span> 
     </span>
    </p>
   </div>
   <div class='ocr_carea' id='block_1_83' title="bbox 2020 3747 3602 3820">
    <p class='ocr_par' dir='ltr' id='par_1_83' title="bbox 2020 3747 3602 3820">
     <span class='ocr_line' id='line_1_83' title="bbox 2020 3747 3602 3820; baseline -0.003 -14"><span class='ocrx_word' id='word_1_615' title='bbox 2020 3758 2176 3806; x_wconf 87' lang='lat' dir='ltr'><strong>scaut</strong></span> <span class='ocrx_word' id='word_1_616' title='bbox 2224 3757 2418 3820; x_wconf 83' lang='lat' dir='ltr'><strong>gentes</strong></span> <span class='ocrx_word' id='word_1_617' title='bbox 2467 3747 2613 3819; x_wconf 93' lang='lat' dir='ltr'><strong>quod</strong></span> <span class='ocrx_word' id='word_1_618' title='bbox 2663 3748 2925 3803; x_wconf 83' lang='lat' dir='ltr'><strong>homines</strong></span> <span class='ocrx_word' id='word_1_619' title='bbox 2961 3755 3095 3803; x_wconf 85' lang='lat' dir='ltr'><strong>sunt</strong></span> <span class='ocrx_word' id='word_1_620' title='bbox 3135 3747 3203 3802; x_wconf 81' lang='grc'><strong>³⁸.</strong></span> <span class='ocrx_word' id='word_1_621' title='bbox 3244 3766 3264 3801; x_wconf 74' lang='grc' dir='ltr'><strong>ι</strong></span> <span class='ocrx_word' id='word_1_622' title='bbox 3296 3748 3454 3814; x_wconf 89' lang='lat' dir='ltr'><strong>Quod</strong></span> <span class='ocrx_word' id='word_1_623' title='bbox 3490 3764 3602 3802; x_wconf 90' lang='lat' dir='ltr'><strong>non</strong></span> 
     </span>
    </p>
   </div>
   <div class='ocr_carea' id='block_1_84' title="bbox 2020 3838 3605 3913">
    <p class='ocr_par' dir='ltr' id='par_1_84' title="bbox 2020 3838 3605 3913">
     <span class='ocr_line' id='line_1_84' title="bbox 2020 3838 3605 3913; baseline -0.001 -17"><span class='ocrx_word' id='word_1_624' title='bbox 2020 3842 2297 3913; x_wconf 83' lang='lat' dir='ltr'><strong>ignoravit</strong></span> <span class='ocrx_word' id='word_1_625' title='bbox 2330 3839 2531 3905; x_wconf 86' lang='lat' dir='ltr'><strong>Moses,</strong></span> <span class='ocrx_word' id='word_1_626' title='bbox 2561 3840 2707 3910; x_wconf 88' lang='lat' dir='ltr'><strong>quod</strong></span> <span class='ocrx_word' id='word_1_627' title='bbox 2738 3839 2883 3895; x_wconf 90' lang='lat' dir='ltr'><strong>Deus</strong></span> <span class='ocrx_word' id='word_1_628' title='bbox 2913 3847 2977 3894; x_wconf 67' lang='lat' dir='ltr'><strong>et</strong></span> <span class='ocrx_word' id='word_1_629' title='bbox 2991 3839 3168 3909; x_wconf 87' lang='lat' dir='ltr'><strong>legum</strong></span> <span class='ocrx_word' id='word_1_630' title='bbox 3187 3838 3328 3894; x_wconf 89' lang='lat' dir='ltr'><strong>lator</strong></span> <span class='ocrx_word' id='word_1_631' title='bbox 3349 3839 3605 3896; x_wconf 87' lang='lat' dir='ltr'><strong>Christus</strong></span> 
     </span>
    </p>
   </div>
   <div class='ocr_carea' id='block_1_85' title="bbox 2020 3931 3605 4004">
    <p class='ocr_par' dir='ltr' id='par_1_85' title="bbox 2020 3931 3605 4004">
     <span class='ocr_line' id='line_1_85' title="bbox 2020 3931 3605 4004; baseline 0.001 -17"><span class='ocrx_word' id='word_1_632' title='bbox 2020 3943 2129 3988; x_wconf 88' lang='lat' dir='ltr'><strong>est.</strong></span> <span class='ocrx_word' id='word_1_633' title='bbox 2164 3932 2281 3989; x_wconf 85' lang='lat' dir='ltr'><strong>Etsi</strong></span> <span class='ocrx_word' id='word_1_634' title='bbox 2308 3933 2457 3988; x_wconf 84' lang='lat' dir='ltr'><strong>enim</strong></span> <span class='ocrx_word' id='word_1_635' title='bbox 2482 3933 2551 3987; x_wconf 90' lang='lat' dir='ltr'><strong>de</strong></span> <span class='ocrx_word' id='word_1_636' title='bbox 2580 3932 2697 3987; x_wconf 91' lang='lat' dir='ltr'><strong>suis</strong></span> <span class='ocrx_word' id='word_1_637' title='bbox 2736 3932 2952 4004; x_wconf 88' lang='lat' dir='ltr'><strong>legibus</strong></span> <span class='ocrx_word' id='word_1_638' title='bbox 2984 3932 3146 3997; x_wconf 80' lang='lat' dir='ltr'><strong>dixit,</strong></span> <span class='ocrx_word' id='word_1_639' title='bbox 3188 3931 3309 3987; x_wconf 89' lang='lat' dir='ltr'><strong>Non</strong></span> <span class='ocrx_word' id='word_1_640' title='bbox 3347 3933 3474 3989; x_wconf 90' lang='lat' dir='ltr'><strong>licet</strong></span> <span class='ocrx_word' id='word_1_641' title='bbox 3505 3934 3605 3988; x_wconf 84' lang='lat' dir='ltr'><strong>ad-</strong></span> 
     </span>
    </p>
   </div>
   <div class='ocr_carea' id='block_1_86' title="bbox 2020 4024 3605 4092">
    <p class='ocr_par' dir='ltr' id='par_1_86' title="bbox 2020 4024 3605 4092">
     <span class='ocr_line' id='line_1_86' title="bbox 2020 4024 3605 4092; baseline -0.001 -11"><span class='ocrx_word' id='word_1_642' title='bbox 2020 4026 2177 4091; x_wconf 87' lang='lat' dir='ltr'><strong>dere,</strong></span> <span class='ocrx_word' id='word_1_643' title='bbox 2203 4041 2303 4081; x_wconf 91' lang='lat' dir='ltr'><strong>nec</strong></span> <span class='ocrx_word' id='word_1_644' title='bbox 2334 4024 2404 4080; x_wconf 89' lang='lat' dir='ltr'><strong>ab</strong></span> <span class='ocrx_word' id='word_1_645' title='bbox 2419 4025 2501 4080; x_wconf 87' lang='lat' dir='ltr'><strong>eis</strong></span> <span class='ocrx_word' id='word_1_646' title='bbox 2517 4024 2741 4081; x_wconf 86' lang='lat' dir='ltr'><strong>demere</strong></span> <span class='ocrx_word' id='word_1_647' title='bbox 2768 4025 2895 4081; x_wconf 89' lang='lat' dir='ltr'><strong>licet</strong></span> <span class='ocrx_word' id='word_1_648' title='bbox 2923 4026 2989 4092; x_wconf 75' lang='lat'><strong>”,</strong></span> <span class='ocrx_word' id='word_1_649' title='bbox 3021 4034 3350 4080; x_wconf 82' lang='lat' dir='ltr'><strong>tamencum</strong></span> <span class='ocrx_word' id='word_1_650' title='bbox 3386 4024 3605 4080; x_wconf 85' lang='lat' dir='ltr'><strong>Domini</strong></span> 
     </span>
    </p>
   </div>
   <div class='ocr_carea' id='block_1_87' title="bbox 2021 4116 3602 4191">
    <p class='ocr_par' dir='ltr' id='par_1_87' title="bbox 2021 4116 3602 4191">
     <span class='ocr_line' id='line_1_87' title="bbox 2021 4116 3602 4191; baseline -0.003 -15"><span class='ocrx_word' id='word_1_651' title='bbox 2021 4120 2108 4176; x_wconf 89' lang='lat' dir='ltr'><strong>sui</strong></span> <span class='ocrx_word' id='word_1_652' title='bbox 2140 4118 2453 4191; x_wconf 88' lang='lat' dir='ltr'><strong>dogmatum</strong></span> <span class='ocrx_word' id='word_1_653' title='bbox 2488 4116 2872 4173; x_wconf 84' lang='lat' dir='ltr'><strong>excellentiam</strong></span> <span class='ocrx_word' id='word_1_654' title='bbox 2923 4117 3246 4188; x_wconf 87' lang='lat' dir='ltr'><strong>cogitasset,</strong></span> <span class='ocrx_word' id='word_1_655' title='bbox 3306 4117 3375 4174; x_wconf 89' lang='lat' dir='ltr'><strong>de</strong></span> <span class='ocrx_word' id='word_1_656' title='bbox 3407 4118 3602 4173; x_wconf 90' lang='lat' dir='ltr'><strong>iisdem</strong></span> 
     </span>
    </p>
   </div>
   <div class='ocr_carea' id='block_1_88' title="bbox 2023 4208 3607 4281">
    <p class='ocr_par' dir='ltr' id='par_1_88' title="bbox 2023 4208 3607 4281">
     <span class='ocr_line' id='line_1_88' title="bbox 2023 4208 3607 4281; baseline -0.002 -14"><span class='ocrx_word' id='word_1_657' title='bbox 2023 4213 2077 4267; x_wconf 89' lang='lat' dir='ltr'><strong>in</strong></span> <span class='ocrx_word' id='word_1_658' title='bbox 2109 4212 2223 4266; x_wconf 66' lang='lat' dir='ltr'><strong>haac</strong></span> <span class='ocrx_word' id='word_1_659' title='bbox 2250 4212 2415 4266; x_wconf 88' lang='lat' dir='ltr'><strong>verba</strong></span> <span class='ocrx_word' id='word_1_660' title='bbox 2458 4210 2706 4281; x_wconf 66' lang='lat' dir='ltr'><strong>praecipit</strong></span> <span class='ocrx_word' id='word_1_661' title='bbox 2740 4224 2755 4262; x_wconf 91' lang='lat'><strong>:</strong></span> <span class='ocrx_word' id='word_1_662' title='bbox 2805 4227 2823 4261; x_wconf 81' lang='grc' dir='ltr'><strong>ι</strong></span> <span class='ocrx_word' id='word_1_663' title='bbox 2859 4208 3039 4279; x_wconf 89' lang='lat' dir='ltr'><strong>Ipsum</strong></span> <span class='ocrx_word' id='word_1_664' title='bbox 3077 4210 3313 4266; x_wconf 89' lang='lat' dir='ltr'><strong>audietis</strong></span> <span class='ocrx_word' id='word_1_665' title='bbox 3345 4211 3399 4265; x_wconf 91' lang='lat' dir='ltr'><strong>in</strong></span> <span class='ocrx_word' id='word_1_666' title='bbox 3427 4212 3607 4266; x_wconf 82' lang='lat' dir='ltr'><strong>omni-</strong></span> 
     </span>
    </p>
   </div>
   <div class='ocr_carea' id='block_1_89' title="bbox 2021 4302 3603 4375">
    <p class='ocr_par' dir='ltr' id='par_1_89' title="bbox 2021 4302 3603 4375">
     <span class='ocr_line' id='line_1_89' title="bbox 2021 4302 3603 4375; baseline -0.001 -15"><span class='ocrx_word' id='word_1_667' title='bbox 2021 4305 2127 4361; x_wconf 90' lang='lat' dir='ltr'><strong>bus</strong></span> <span class='ocrx_word' id='word_1_668' title='bbox 2158 4318 2507 4375; x_wconf 75' lang='lat' dir='ltr'><strong>quaecunque</strong></span> <span class='ocrx_word' id='word_1_669' title='bbox 2528 4302 2689 4359; x_wconf 86' lang='lat' dir='ltr'><strong>vobis</strong></span> <span class='ocrx_word' id='word_1_670' title='bbox 2706 4302 2909 4358; x_wconf 87' lang='lat' dir='ltr'><strong>dixerit</strong></span> <span class='ocrx_word' id='word_1_671' title='bbox 2925 4303 3026 4369; x_wconf 61' lang='lat'><strong>“,9</strong></span> <span class='ocrx_word' id='word_1_672' title='bbox 3057 4303 3160 4358; x_wconf 90' lang='lat' dir='ltr'><strong>hoc</strong></span> <span class='ocrx_word' id='word_1_673' title='bbox 3182 4305 3400 4369; x_wconf 89' lang='lat' dir='ltr'><strong>est,etsi</strong></span> <span class='ocrx_word' id='word_1_674' title='bbox 3427 4304 3603 4370; x_wconf 69' lang='lat' dir='ltr'><strong>legem</strong></span> 
     </span>
    </p>
   </div>
   <div class='ocr_carea' id='block_1_90' title="bbox 2020 4394 3605 4467">
    <p class='ocr_par' dir='ltr' id='par_1_90' title="bbox 2020 4394 3605 4467">
     <span class='ocr_line' id='line_1_90' title="bbox 2020 4394 3605 4467; baseline 0 -15"><span class='ocrx_word' id='word_1_675' title='bbox 2020 4413 2120 4467; x_wconf 88' lang='lat' dir='ltr'><strong>per</strong></span> <span class='ocrx_word' id='word_1_676' title='bbox 2146 4412 2231 4452; x_wconf 89' lang='lat' dir='ltr'><strong>me</strong></span> <span class='ocrx_word' id='word_1_677' title='bbox 2252 4396 2421 4451; x_wconf 89' lang='lat' dir='ltr'><strong>latam</strong></span> <span class='ocrx_word' id='word_1_678' title='bbox 2462 4394 2599 4451; x_wconf 84' lang='lat' dir='ltr'><strong>velit</strong></span> <span class='ocrx_word' id='word_1_679' title='bbox 2647 4394 2962 4449; x_wconf 89' lang='lat' dir='ltr'><strong>immutare.</strong></span> <span class='ocrx_word' id='word_1_680' title='bbox 3003 4394 3082 4450; x_wconf 85' lang='lat' dir='ltr'><strong>Ne</strong></span> <span class='ocrx_word' id='word_1_681' title='bbox 3113 4412 3244 4452; x_wconf 90' lang='lat' dir='ltr'><strong>vero</strong></span> <span class='ocrx_word' id='word_1_682' title='bbox 3293 4412 3477 4453; x_wconf 89' lang='lat' dir='ltr'><strong>sermo</strong></span> <span class='ocrx_word' id='word_1_683' title='bbox 3512 4396 3605 4452; x_wconf 82' lang='lat' dir='ltr'><strong>ille</strong></span> 
     </span>
    </p>
   </div>
   <div class='ocr_carea' id='block_1_91' title="bbox 2020 4485 3600 4551">
    <p class='ocr_par' dir='ltr' id='par_1_91' title="bbox 2020 4485 3600 4551">
     <span class='ocr_line' id='line_1_91' title="bbox 2020 4485 3600 4551; baseline -0.002 -6"><span class='ocrx_word' id='word_1_684' title='bbox 2020 4489 2193 4545; x_wconf 84' lang='lat' dir='ltr'><strong>Mosis</strong></span> <span class='ocrx_word' id='word_1_685' title='bbox 2221 4496 2433 4543; x_wconf 88' lang='lat' dir='ltr'><strong>tantum</strong></span> <span class='ocrx_word' id='word_1_686' title='bbox 2462 4502 2587 4542; x_wconf 91' lang='lat' dir='ltr'><strong>esse</strong></span> <span class='ocrx_word' id='word_1_687' title='bbox 2614 4485 2887 4550; x_wconf 88' lang='lat' dir='ltr'><strong>videatur,</strong></span> <span class='ocrx_word' id='word_1_688' title='bbox 2931 4485 3379 4543; x_wconf 64' lang='lat' dir='ltr'><strong>confirmatreum</strong></span> <span class='ocrx_word' id='word_1_689' title='bbox 3417 4487 3600 4551; x_wconf 79' lang='lat' dir='ltr'><strong>Pater,</strong></span> 
     </span>
    </p>
   </div>
   <div class='ocr_carea' id='block_1_92' title="bbox 326 4574 1913 4661">
    <p class='ocr_par' dir='ltr' id='par_1_92' title="bbox 326 4583 1913 4661">
     <span class='ocr_line' id='line_1_92' title="bbox 326 4583 1913 4661; baseline 0.006 -25"><span class='ocrx_word' id='word_1_690' title='bbox 326 4600 433 4654; x_wconf 91' lang='grc' dir='ltr'><strong>μου</strong></span> <span class='ocrx_word' id='word_1_691' title='bbox 472 4586 529 4638; x_wconf 83' lang='grc' dir='ltr'><strong>ὲν</strong></span> <span class='ocrx_word' id='word_1_692' title='bbox 559 4583 636 4656; x_wconf 81' lang='grc' dir='ltr'>τῷ</span> <span class='ocrx_word' id='word_1_693' title='bbox 660 4586 891 4657; x_wconf 88' lang='grc' dir='ltr'>στόματι</span> <span class='ocrx_word' id='word_1_694' title='bbox 910 4586 1099 4641; x_wconf 82' lang='grc' dir='ltr'>αὐτοῦ.</span> <span class='ocrx_word' id='word_1_695' title='bbox 1136 4606 1155 4639; x_wconf 76' lang='grc' dir='ltr'><strong>ι</strong></span> <span class='ocrx_word' id='word_1_696' title='bbox 1198 4588 1341 4644; x_wconf 55' lang='grc' dir='ltr'><strong>⁹ἁλλ’</strong></span> <span class='ocrx_word' id='word_1_697' title='bbox 1381 4590 1511 4661; x_wconf 76' lang='grc' dir='ltr'>ἐρεῖ·</span> <span class='ocrx_word' id='word_1_698' title='bbox 1539 4607 1659 4656; x_wconf 89' lang='grc' dir='ltr'>τις,</span> <span class='ocrx_word' id='word_1_699' title='bbox 1695 4590 1771 4655; x_wconf 85' lang='grc' dir='ltr'><strong>ὡς</strong></span> <span class='ocrx_word' id='word_1_700' title='bbox 1818 4591 1913 4646; x_wconf 78' lang='grc' dir='ltr'>καὶ</span> 
     </span>
    </p>
   </div>
   <div class='ocr_carea' id='block_1_93' title="bbox 2015 4574 3609 4661">
    <p class='ocr_par' dir='ltr' id='par_1_93' title="bbox 2019 4574 3609 4646">
     <span class='ocr_line' id='line_1_93' title="bbox 2019 4574 3609 4646; baseline -0.003 -10"><span class='ocrx_word' id='word_1_701' title='bbox 2019 4582 2241 4637; x_wconf 90' lang='lat' dir='ltr'><strong>dicens:</strong></span> <span class='ocrx_word' id='word_1_702' title='bbox 2276 4597 2295 4631; x_wconf 80' lang='grc' dir='ltr'><strong>ι</strong></span> <span class='ocrx_word' id='word_1_703' title='bbox 2334 4578 2505 4633; x_wconf 79' lang='lat' dir='ltr'><strong>Recte</strong></span> <span class='ocrx_word' id='word_1_704' title='bbox 2540 4592 2621 4642; x_wconf 93' lang='lat' dir='ltr'><strong>se,</strong></span> <span class='ocrx_word' id='word_1_705' title='bbox 2654 4590 2999 4646; x_wconf 83' lang='lat' dir='ltr'><strong>quaecunque</strong></span> <span class='ocrx_word' id='word_1_706' title='bbox 3032 4574 3246 4630; x_wconf 90' lang='lat' dir='ltr'><strong>locutus</strong></span> <span class='ocrx_word' id='word_1_707' title='bbox 3272 4591 3355 4640; x_wconf 89' lang='lat' dir='ltr'><strong>es,</strong></span> <span class='ocrx_word' id='word_1_708' title='bbox 3376 4574 3609 4638; x_wconf 83' lang='lat' dir='ltr'><strong>habent,</strong></span> 
     </span>
    </p>
   </div>
   <div class='ocr_carea' id='block_1_94' title="bbox 322 4675 1912 4753">
    <p class='ocr_par' dir='ltr' id='par_1_94' title="bbox 322 4675 1912 4753">
     <span class='ocr_line' id='line_1_94' title="bbox 322 4675 1912 4753; baseline 0.008 -25"><span class='ocrx_word' id='word_1_709' title='bbox 322 4677 441 4739; x_wconf 85' lang='grc' dir='ltr'>τοῖς</span> <span class='ocrx_word' id='word_1_710' title='bbox 462 4675 645 4742; x_wconf 77' lang='grc' dir='ltr'>ἄλλοις</span> <span class='ocrx_word' id='word_1_711' title='bbox 696 4680 1010 4750; x_wconf 86' lang='grc' dir='ltr'>προφήταις</span> <span class='ocrx_word' id='word_1_712' title='bbox 1040 4683 1193 4753; x_wconf 80' lang='grc' dir='ltr'>ῥῆμα</span> <span class='ocrx_word' id='word_1_713' title='bbox 1237 4682 1512 4753; x_wconf 86' lang='grc' dir='ltr'>παρέσχεν</span> <span class='ocrx_word' id='word_1_714' title='bbox 1540 4682 1724 4747; x_wconf 83' lang='grc' dir='ltr'>αὑτός.</span> <span class='ocrx_word' id='word_1_715' title='bbox 1770 4683 1912 4739; x_wconf 83' lang='grc' dir='ltr'>Ἀλλ’</span> 
     </span>
    </p>
   </div>
   <div class='ocr_carea' id='block_1_95' title="bbox 324 4765 1915 4847">
    <p class='ocr_par' dir='ltr' id='par_1_95' title="bbox 324 4765 1915 4847">
     <span class='ocr_line' id='line_1_95' title="bbox 324 4765 1915 4847; baseline 0.009 -30"><span class='ocrx_word' id='word_1_716' title='bbox 324 4765 528 4820; x_wconf 66' lang='grc' dir='ltr'>ἐκεῖνοι</span> <span class='ocrx_word' id='word_1_717' title='bbox 565 4769 665 4838; x_wconf 88' lang='grc' dir='ltr'>μὲν</span> <span class='ocrx_word' id='word_1_718' title='bbox 709 4769 1057 4843; x_wconf 84' lang='grc' dir='ltr'>δουλοπρεπῆ</span> <span class='ocrx_word' id='word_1_719' title='bbox 1097 4772 1196 4844; x_wconf 85' lang='grc' dir='ltr'>τὴν</span> <span class='ocrx_word' id='word_1_720' title='bbox 1238 4772 1520 4828; x_wconf 83' lang='grc' dir='ltr'>διακονίαν</span> <span class='ocrx_word' id='word_1_721' title='bbox 1571 4775 1915 4847; x_wconf 85' lang='grc' dir='ltr'>ποιούμενοι,</span> 
     </span>
    </p>
   </div>
   <div class='ocr_carea' id='block_1_96' title="bbox 324 4857 1911 4938">
    <p class='ocr_par' dir='ltr' id='par_1_96' title="bbox 324 4857 1911 4938">
     <span class='ocr_line' id='line_1_96' title="bbox 324 4857 1911 4938; baseline 0.009 -29"><span class='ocrx_word' id='word_1_722' title='bbox 324 4857 465 4911; x_wconf 83' lang='grc' dir='ltr'>Τάδε</span> <span class='ocrx_word' id='word_1_723' title='bbox 500 4858 648 4927; x_wconf 85' lang='grc' dir='ltr'>λέγει</span> <span class='ocrx_word' id='word_1_724' title='bbox 680 4860 907 4933; x_wconf 86' lang='grc' dir='ltr'>Κύριος,</span> <span class='ocrx_word' id='word_1_725' title='bbox 936 4862 1144 4932; x_wconf 74' lang='grc' dir='ltr'>ἔλεγον·</span> <span class='ocrx_word' id='word_1_726' title='bbox 1175 4865 1205 4918; x_wconf 94' lang='lat'><strong>6</strong></span> <span class='ocrx_word' id='word_1_727' title='bbox 1233 4864 1313 4931; x_wconf 84' lang='grc' dir='ltr'>δὲ,</span> <span class='ocrx_word' id='word_1_728' title='bbox 1342 4866 1419 4930; x_wconf 86' lang='grc' dir='ltr'>ὡς</span> <span class='ocrx_word' id='word_1_729' title='bbox 1454 4865 1531 4921; x_wconf 86' lang='grc' dir='ltr'><strong>ὢν</strong></span> <span class='ocrx_word' id='word_1_730' title='bbox 1566 4866 1731 4938; x_wconf 84' lang='grc' dir='ltr'>φύσει</span> <span class='ocrx_word' id='word_1_731' title='bbox 1754 4868 1911 4937; x_wconf 78' lang='grc' dir='ltr'>Θεὸς,</span> 
     </span>
    </p>
   </div>
   <div class='ocr_carea' id='block_1_97' title="bbox 320 4949 1913 5031">
    <p class='ocr_par' dir='ltr' id='par_1_97' title="bbox 320 4949 1913 5031">
     <span class='ocr_line' id='line_1_97' title="bbox 320 4949 1913 5031; baseline 0.006 -28"><span class='ocrx_word' id='word_1_732' title='bbox 320 4949 403 5021; x_wconf 82' lang='grc' dir='ltr'><strong>τῷ</strong></span> <span class='ocrx_word' id='word_1_733' title='bbox 433 4950 537 5021; x_wconf 84' lang='grc' dir='ltr'><strong>μὲν</strong></span> <span class='ocrx_word' id='word_1_734' title='bbox 558 4951 745 5023; x_wconf 86' lang='grc' dir='ltr'>λεπρῷ</span> <span class='ocrx_word' id='word_1_735' title='bbox 792 4971 948 5024; x_wconf 85' lang='grc' dir='ltr'>φησι,</span> <span class='ocrx_word' id='word_1_736' title='bbox 986 4974 1005 5006; x_wconf 70' lang='grc' dir='ltr'><strong>ι</strong></span> <span class='ocrx_word' id='word_1_737' title='bbox 1029 4955 1199 5023; x_wconf 85' lang='grc' dir='ltr'>Θέλω,</span> <span class='ocrx_word' id='word_1_738' title='bbox 1247 4957 1643 5029; x_wconf 84' lang='grc' dir='ltr'>καθαρίσθητι·</span> <span class='ocrx_word' id='word_1_739' title='bbox 1688 4978 1709 5012; x_wconf 77' lang='grc' dir='ltr'><strong>ι</strong></span> <span class='ocrx_word' id='word_1_740' title='bbox 1742 4960 1822 5031; x_wconf 84' lang='grc' dir='ltr'><strong>τῷ</strong></span> <span class='ocrx_word' id='word_1_741' title='bbox 1852 4960 1913 5013; x_wconf 79' lang='grc' dir='ltr'>δὲ</span> 
     </span>
    </p>
   </div>
   <div class='ocr_carea' id='block_1_98' title="bbox 320 5040 1914 5122">
    <p class='ocr_par' dir='ltr' id='par_1_98' title="bbox 320 5040 1914 5122">
     <span class='ocr_line' id='line_1_98' title="bbox 320 5040 1914 5122; baseline 0.009 -29"><span class='ocrx_word' id='word_1_742' title='bbox 320 5040 594 5113; x_wconf 86' lang='grc' dir='ltr'>νεανίσκῳ</span> <span class='ocrx_word' id='word_1_743' title='bbox 623 5044 826 5115; x_wconf 81' lang='grc' dir='ltr'>νεκρῷ,</span> <span class='ocrx_word' id='word_1_744' title='bbox 857 5064 875 5098; x_wconf 82' lang='grc' dir='ltr'><strong>ι</strong></span> <span class='ocrx_word' id='word_1_745' title='bbox 914 5045 1007 5100; x_wconf 76' lang='grc' dir='ltr'><strong>Σοὶ</strong></span> <span class='ocrx_word' id='word_1_746' title='bbox 1034 5046 1471 5122; x_wconf 79' lang='grc' dir='ltr'>λέγω,ὲγέρθητι</span> <span class='ocrx_word' id='word_1_747' title='bbox 1490 5067 1506 5083; x_wconf 73' lang='grc'><strong>⁸</strong></span> <span class='ocrx_word' id='word_1_748' title='bbox 1542 5069 1561 5103; x_wconf 76' lang='grc' dir='ltr'><strong>ι</strong></span> <span class='ocrx_word' id='word_1_749' title='bbox 1598 5052 1693 5106; x_wconf 76' lang='grc' dir='ltr'>καὶ</span> <span class='ocrx_word' id='word_1_750' title='bbox 1722 5052 1914 5118; x_wconf 83' lang='grc' dir='ltr'>Λαζά-</span> 
     </span>
    </p>
   </div>
   <div class='ocr_carea' id='block_1_99' title="bbox 324 5133 1915 5213">
    <p class='ocr_par' dir='ltr' id='par_1_99' title="bbox 324 5133 1915 5213">
     <span class='ocr_line' id='line_1_99' title="bbox 324 5133 1915 5213; baseline 0.008 -28"><span class='ocrx_word' id='word_1_751' title='bbox 324 5148 424 5204; x_wconf 86' lang='grc' dir='ltr'>ρῳ,</span> <span class='ocrx_word' id='word_1_752' title='bbox 456 5152 477 5185; x_wconf 73' lang='grc' dir='ltr'><strong>ι</strong></span> <span class='ocrx_word' id='word_1_753' title='bbox 508 5134 686 5206; x_wconf 86' lang='grc' dir='ltr'>Δεῦρο</span> <span class='ocrx_word' id='word_1_754' title='bbox 722 5133 847 5201; x_wconf 77' lang='grc' dir='ltr'><strong>ἔξω.</strong></span> <span class='ocrx_word' id='word_1_755' title='bbox 892 5153 911 5190; x_wconf 79' lang='grc' dir='ltr'><strong>ι</strong></span> <span class='ocrx_word' id='word_1_756' title='bbox 956 5138 1044 5201; x_wconf 82' lang='grc' dir='ltr'>Ὠς</span> <span class='ocrx_word' id='word_1_757' title='bbox 1072 5138 1130 5191; x_wconf 87' lang='grc' dir='ltr'>δὲ</span> <span class='ocrx_word' id='word_1_758' title='bbox 1160 5139 1496 5210; x_wconf 85' lang='grc' dir='ltr'>δημιουργὸς</span> <span class='ocrx_word' id='word_1_759' title='bbox 1538 5142 1783 5213; x_wconf 77' lang='grc' dir='ltr'>ἐπετίμα</span> <span class='ocrx_word' id='word_1_760' title='bbox 1815 5142 1915 5196; x_wconf 90' lang='grc' dir='ltr'>θα-</span> 
     </span>
    </p>
   </div>
   <div class='ocr_carea' id='block_1_100' title="bbox 320 5225 1909 5304">
    <p class='ocr_par' dir='ltr' id='par_1_100' title="bbox 320 5225 1909 5304">
     <span class='ocr_line' id='line_1_100' title="bbox 320 5225 1909 5304; baseline 0.004 -23"><span class='ocrx_word' id='word_1_761' title='bbox 320 5225 499 5301; x_wconf 80' lang='grc' dir='ltr'>λάσσῃ</span> <span class='ocrx_word' id='word_1_762' title='bbox 539 5227 637 5281; x_wconf 74' lang='grc' dir='ltr'>καὶ</span> <span class='ocrx_word' id='word_1_763' title='bbox 667 5228 968 5299; x_wconf 82' lang='grc' dir='ltr'>πνεύμασι,</span> <span class='ocrx_word' id='word_1_764' title='bbox 988 5248 1010 5281; x_wconf 77' lang='grc' dir='ltr'><strong>ι</strong></span> <span class='ocrx_word' id='word_1_765' title='bbox 1044 5230 1255 5297; x_wconf 81' lang='grc' dir='ltr'>Σιώπα,</span> <span class='ocrx_word' id='word_1_766' title='bbox 1283 5230 1480 5301; x_wconf 68' lang='grc' dir='ltr'>λέγων,</span> <span class='ocrx_word' id='word_1_767' title='bbox 1516 5233 1830 5304; x_wconf 84' lang='grc' dir='ltr'>πεφίμωσο.</span> <span class='ocrx_word' id='word_1_768' title='bbox 1888 5254 1909 5288; x_wconf 75' lang='grc' dir='ltr'><strong>ι</strong></span> 
     </span>
    </p>
   </div>
   <div class='ocr_carea' id='block_1_101' title="bbox 332 5318 1913 5396">
    <p class='ocr_par' dir='ltr' id='par_1_101' title="bbox 332 5318 1913 5396">
     <span class='ocr_line' id='line_1_101' title="bbox 332 5318 1913 5396; baseline 0.006 -26"><span class='ocrx_word' id='word_1_769' title='bbox 332 5318 501 5389; x_wconf 78' lang='grc' dir='ltr'>Ὁρᾷς</span> <span class='ocrx_word' id='word_1_770' title='bbox 529 5321 606 5389; x_wconf 84' lang='grc' dir='ltr'>πῆ</span> <span class='ocrx_word' id='word_1_771' title='bbox 644 5319 744 5389; x_wconf 82' lang='grc' dir='ltr'>μὲν</span> <span class='ocrx_word' id='word_1_772' title='bbox 764 5319 1023 5383; x_wconf 81' lang='grc' dir='ltr'>οὐσιῶδες</span> <span class='ocrx_word' id='word_1_773' title='bbox 1068 5322 1239 5394; x_wconf 79' lang='grc' dir='ltr'>ῥῆμα,</span> <span class='ocrx_word' id='word_1_774' title='bbox 1281 5325 1357 5393; x_wconf 82' lang='grc' dir='ltr'>πῆ</span> <span class='ocrx_word' id='word_1_775' title='bbox 1399 5323 1457 5377; x_wconf 84' lang='grc' dir='ltr'>δὲ</span> <span class='ocrx_word' id='word_1_776' title='bbox 1498 5325 1913 5396; x_wconf 76' lang='grc' dir='ltr'>κατ’έλλαμψιν</span> 
     </span>
    </p>
   </div>
   <div class='ocr_carea' id='block_1_102' title="bbox 324 5409 1915 5486">
    <p class='ocr_par' dir='ltr' id='par_1_102' title="bbox 324 5409 1915 5486">
     <span class='ocr_line' id='line_1_102' title="bbox 324 5409 1915 5486; baseline 0.006 -25"><span class='ocrx_word' id='word_1_777' title='bbox 324 5410 584 5480; x_wconf 85' lang='grc' dir='ltr'>μερικήν.</span> <span class='ocrx_word' id='word_1_778' title='bbox 608 5409 701 5463; x_wconf 85' lang='grc' dir='ltr'>Διό</span> <span class='ocrx_word' id='word_1_779' title='bbox 722 5427 886 5482; x_wconf 85' lang='grc' dir='ltr'>φησιν</span> <span class='ocrx_word' id='word_1_780' title='bbox 912 5414 940 5465; x_wconf 94' lang='lat'><strong>6</strong></span> <span class='ocrx_word' id='word_1_781' title='bbox 963 5412 1197 5480; x_wconf 84' lang='grc' dir='ltr'>Παῦλος,</span> <span class='ocrx_word' id='word_1_782' title='bbox 1240 5433 1270 5467; x_wconf 60' lang='grc' dir='ltr'><strong>ι</strong></span> <span class='ocrx_word' id='word_1_783' title='bbox 1295 5414 1480 5486; x_wconf 82' lang='grc' dir='ltr'>Φέρων</span> <span class='ocrx_word' id='word_1_784' title='bbox 1516 5434 1579 5470; x_wconf 83' lang='grc' dir='ltr'><strong>τε</strong></span> <span class='ocrx_word' id='word_1_785' title='bbox 1622 5417 1692 5471; x_wconf 82' lang='grc' dir='ltr'><strong>τὰ</strong></span> <span class='ocrx_word' id='word_1_786' title='bbox 1734 5416 1915 5471; x_wconf 89' lang='grc' dir='ltr'>πάντα</span> 
     </span>
    </p>
   </div>
   <div class='ocr_carea' id='block_1_103' title="bbox 322 5501 1912 5580">
    <p class='ocr_par' dir='ltr' id='par_1_103' title="bbox 322 5501 1912 5580">
     <span class='ocr_line' id='line_1_103' title="bbox 322 5501 1912 5580; baseline 0.006 -27"><span class='ocrx_word' id='word_1_787' title='bbox 322 5501 399 5571; x_wconf 80' lang='grc' dir='ltr'>τῷ</span> <span class='ocrx_word' id='word_1_788' title='bbox 429 5502 640 5573; x_wconf 81' lang='grc' dir='ltr'>ῥήματι</span> <span class='ocrx_word' id='word_1_789' title='bbox 666 5501 768 5573; x_wconf 84' lang='grc' dir='ltr'>τῆς</span> <span class='ocrx_word' id='word_1_790' title='bbox 804 5503 1091 5577; x_wconf 86' lang='grc' dir='ltr'>δυνάμεως</span> <span class='ocrx_word' id='word_1_791' title='bbox 1123 5506 1217 5560; x_wconf 90' lang='grc' dir='ltr'><strong>τοῦ</strong></span> <span class='ocrx_word' id='word_1_792' title='bbox 1251 5508 1486 5578; x_wconf 84' lang='grc' dir='ltr'>Πατρός.</span> <span class='ocrx_word' id='word_1_793' title='bbox 1537 5527 1559 5559; x_wconf 74' lang='grc' dir='ltr'><strong>ι</strong></span> <span class='ocrx_word' id='word_1_794' title='bbox 1604 5508 1912 5580; x_wconf 80' lang='grc' dir='ltr'>Ἐπήνεγκε</span> 
     </span>
    </p>
   </div>
   <div class='ocr_carea' id='block_1_104' title="bbox 321 5592 1912 5671">
    <p class='ocr_par' dir='ltr' id='par_1_104' title="bbox 321 5592 1912 5671">
     <span class='ocr_line' id='line_1_104' title="bbox 321 5592 1912 5671; baseline 0.006 -25"><span class='ocrx_word' id='word_1_795' title='bbox 321 5592 378 5646; x_wconf 81' lang='grc' dir='ltr'>δὲ</span> <span class='ocrx_word' id='word_1_796' title='bbox 422 5594 521 5646; x_wconf 80' lang='grc' dir='ltr'>καὶ</span> <span class='ocrx_word' id='word_1_797' title='bbox 552 5593 654 5665; x_wconf 78' lang='grc' dir='ltr'>τῆς</span> <span class='ocrx_word' id='word_1_798' title='bbox 694 5595 962 5668; x_wconf 74' lang='grc' dir='ltr'>ἐνσάρκου</span> <span class='ocrx_word' id='word_1_799' title='bbox 1000 5598 1309 5671; x_wconf 85' lang='grc' dir='ltr'>παρουσίας</span> <span class='ocrx_word' id='word_1_800' title='bbox 1348 5598 1449 5671; x_wconf 81' lang='grc' dir='ltr'>τὴν</span> <span class='ocrx_word' id='word_1_801' title='bbox 1478 5598 1659 5655; x_wconf 87' lang='grc' dir='ltr'>αίτίαν</span> <span class='ocrx_word' id='word_1_802' title='bbox 1687 5601 1717 5654; x_wconf 94' lang='lat'><strong>6</strong></span> <span class='ocrx_word' id='word_1_803' title='bbox 1738 5602 1912 5656; x_wconf 80' lang='grc' dir='ltr'><strong>Μωῦ-</strong></span> 
     </span>
    </p>
   </div>
   <div class='ocr_carea' id='block_1_105' title="bbox 395 5797 1298 5867">
    <p class='ocr_par' dir='ltr' id='par_1_105' title="bbox 395 5797 1298 5867">
     <span class='ocr_line' id='line_1_105' title="bbox 395 5797 1298 5867; baseline 0.008 -15"><span class='ocrx_word' id='word_1_804' title='bbox 395 5801 441 5833; x_wconf 57' lang='grc'><strong>³⁸</strong></span> <span class='ocrx_word' id='word_1_805' title='bbox 471 5797 633 5855; x_wconf 76' lang='lat' dir='ltr'><strong>Juan.</strong></span> <span class='ocrx_word' id='word_1_806' title='bbox 663 5818 703 5862; x_wconf 92' lang='lat' dir='ltr'><strong>I,</strong></span> <span class='ocrx_word' id='word_1_807' title='bbox 738 5800 828 5854; x_wconf 72' lang='grc'><strong>21.</strong></span> <span class='ocrx_word' id='word_1_808' title='bbox 907 5801 952 5834; x_wconf 84' lang='grc'><strong>³⁸</strong></span> <span class='ocrx_word' id='word_1_809' title='bbox 986 5800 1089 5857; x_wconf 86' lang='lat' dir='ltr'><strong>Isa.</strong></span> <span class='ocrx_word' id='word_1_810' title='bbox 1122 5819 1176 5867; x_wconf 69' lang='grc' dir='ltr'><strong>Χ,</strong></span> <span class='ocrx_word' id='word_1_811' title='bbox 1213 5803 1298 5859; x_wconf 57' lang='grc'><strong>14.</strong></span> 
     </span>
    </p>
   </div>
   <div class='ocr_carea' id='block_1_106' title="bbox 327 5871 1483 5942">
    <p class='ocr_par' dir='ltr' id='par_1_106' title="bbox 327 5871 1483 5942">
     <span class='ocr_line' id='line_1_106' title="bbox 327 5871 1483 5942; baseline 0.006 -15"><span class='ocrx_word' id='word_1_812' title='bbox 327 5871 374 5903; x_wconf 74' lang='grc' dir='ltr'><strong>⁸ο</strong></span> <span class='ocrx_word' id='word_1_813' title='bbox 397 5872 554 5928; x_wconf 79' lang='lat' dir='ltr'><strong>Dutt.</strong></span> <span class='ocrx_word' id='word_1_814' title='bbox 587 5888 739 5940; x_wconf 75' lang='lat' dir='ltr'><strong>xvtn,</strong></span> <span class='ocrx_word' id='word_1_815' title='bbox 767 5872 848 5928; x_wconf 75' lang='lat' dir='ltr'><strong>l5.</strong></span> <span class='ocrx_word' id='word_1_816' title='bbox 966 5874 1007 5904; x_wconf 73' lang='lat'>“</span> <span class='ocrx_word' id='word_1_817' title='bbox 1038 5872 1228 5931; x_wconf 81' lang='lat' dir='ltr'><strong>Matth.</strong></span> <span class='ocrx_word' id='word_1_818' title='bbox 1274 5891 1391 5942; x_wconf 72' lang='grc' dir='ltr'>ιιιι,</span> <span class='ocrx_word' id='word_1_819' title='bbox 1426 5876 1483 5934; x_wconf 78' lang='lat'><strong>5.</strong></span> 
     </span>
    </p>
   </div>
   <div class='ocr_carea' id='block_1_107' title="bbox 2021 4669 3602 4746">
    <p class='ocr_par' dir='ltr' id='par_1_107' title="bbox 2021 4669 3602 4746">
     <span class='ocr_line' id='line_1_107' title="bbox 2021 4669 3602 4746; baseline -0.003 -18"><span class='ocrx_word' id='word_1_820' title='bbox 2021 4674 2348 4746; x_wconf 90' lang='lat' dir='ltr'><strong>prophetam</strong></span> <span class='ocrx_word' id='word_1_821' title='bbox 2372 4671 2626 4727; x_wconf 84' lang='lat' dir='ltr'><strong>excitabo</strong></span> <span class='ocrx_word' id='word_1_822' title='bbox 2652 4670 2731 4725; x_wconf 90' lang='lat' dir='ltr'><strong>tui</strong></span> <span class='ocrx_word' id='word_1_823' title='bbox 2765 4670 3033 4733; x_wconf 85' lang='lat' dir='ltr'><strong>similent,</strong></span> <span class='ocrx_word' id='word_1_824' title='bbox 3060 4675 3113 4724; x_wconf 91' lang='lat' dir='ltr'><strong>et</strong></span> <span class='ocrx_word' id='word_1_825' title='bbox 3140 4684 3340 4739; x_wconf 88' lang='lat' dir='ltr'><strong>ponam</strong></span> <span class='ocrx_word' id='word_1_826' title='bbox 3376 4669 3602 4724; x_wconf 89' lang='lat' dir='ltr'><strong>verbum</strong></span> 
     </span>
    </p>
   </div>
   <div class='ocr_carea' id='block_1_108' title="bbox 2018 4759 3601 4832">
    <p class='ocr_par' dir='ltr' id='par_1_108' title="bbox 2018 4759 3601 4832">
     <span class='ocr_line' id='line_1_108' title="bbox 2018 4759 3601 4832; baseline -0.002 -12"><span class='ocrx_word' id='word_1_827' title='bbox 2018 4778 2202 4821; x_wconf 89' lang='lat' dir='ltr'><strong>meum</strong></span> <span class='ocrx_word' id='word_1_828' title='bbox 2242 4764 2299 4819; x_wconf 92' lang='lat' dir='ltr'><strong>in</strong></span> <span class='ocrx_word' id='word_1_829' title='bbox 2344 4776 2443 4817; x_wconf 83' lang='lat' dir='ltr'><strong>ore</strong></span> <span class='ocrx_word' id='word_1_830' title='bbox 2485 4760 2627 4832; x_wconf 82' lang='lat' dir='ltr'><strong>ejus.</strong></span> <span class='ocrx_word' id='word_1_831' title='bbox 2666 4778 2689 4813; x_wconf 68' lang='grc' dir='ltr'><strong>ο</strong></span> <span class='ocrx_word' id='word_1_832' title='bbox 2738 4759 2941 4815; x_wconf 82' lang='lat' dir='ltr'><strong>Verum</strong></span> <span class='ocrx_word' id='word_1_833' title='bbox 2973 4760 3097 4829; x_wconf 82' lang='lat' dir='ltr'><strong>quis</strong></span> <span class='ocrx_word' id='word_1_834' title='bbox 3139 4761 3337 4815; x_wconf 71' lang='lat' dir='ltr'><strong>dicat&#39;:</strong></span> <span class='ocrx_word' id='word_1_835' title='bbox 3374 4760 3443 4815; x_wconf 79' lang='lat' dir='ltr'><strong>At</strong></span> <span class='ocrx_word' id='word_1_836' title='bbox 3476 4762 3601 4817; x_wconf 82' lang='lat' dir='ltr'><strong>aliis</strong></span> 
     </span>
    </p>
   </div>
   <div class='ocr_carea' id='block_1_109' title="bbox 2019 4850 3600 4929">
    <p class='ocr_par' dir='ltr' id='par_1_109' title="bbox 2019 4850 3600 4929">
     <span class='ocr_line' id='line_1_109' title="bbox 2019 4850 3600 4929; baseline 0.001 -23"><span class='ocrx_word' id='word_1_837' title='bbox 2019 4871 2241 4929; x_wconf 87' lang='lat' dir='ltr'><strong>quoque</strong></span> <span class='ocrx_word' id='word_1_838' title='bbox 2270 4853 2556 4926; x_wconf 76' lang='lat' dir='ltr'><strong>prophetis</strong></span> <span class='ocrx_word' id='word_1_839' title='bbox 2586 4850 2813 4909; x_wconf 81' lang='lat' dir='ltr'><strong>verbum</strong></span> <span class='ocrx_word' id='word_1_840' title='bbox 2859 4852 3112 4923; x_wconf 71' lang='lat' dir='ltr'><strong>praebuit.</strong></span> <span class='ocrx_word' id='word_1_841' title='bbox 3165 4854 3233 4907; x_wconf 86' lang='lat' dir='ltr'><strong>At</strong></span> <span class='ocrx_word' id='word_1_842' title='bbox 3270 4853 3346 4908; x_wconf 91' lang='lat' dir='ltr'><strong>illi</strong></span> <span class='ocrx_word' id='word_1_843' title='bbox 3378 4853 3600 4924; x_wconf 88' lang='lat' dir='ltr'><strong>quidem</strong></span> 
     </span>
    </p>
   </div>
   <div class='ocr_carea' id='block_1_110' title="bbox 2020 4945 3605 5014">
    <p class='ocr_par' dir='ltr' id='par_1_110' title="bbox 2020 4945 3605 5014">
     <span class='ocr_line' id='line_1_110' title="bbox 2020 4945 3605 5014; baseline -0.004 -9"><span class='ocrx_word' id='word_1_844' title='bbox 2020 4949 2391 5005; x_wconf 85' lang='lat' dir='ltr'><strong>ministerium</strong></span> <span class='ocrx_word' id='word_1_845' title='bbox 2411 4945 2615 5003; x_wconf 80' lang='lat' dir='ltr'><strong>servile</strong></span> <span class='ocrx_word' id='word_1_846' title='bbox 2645 4945 2900 5014; x_wconf 89' lang='lat' dir='ltr'><strong>obibant,</strong></span> <span class='ocrx_word' id='word_1_847' title='bbox 2920 4960 3049 5012; x_wconf 64' lang='lat' dir='ltr'><strong>ac,«</strong></span> <span class='ocrx_word' id='word_1_848' title='bbox 3088 4945 3216 5001; x_wconf 84' lang='lat' dir='ltr'><strong>llaec</strong></span> <span class='ocrx_word' id='word_1_849' title='bbox 3256 4945 3605 5001; x_wconf 65' lang='lat' dir='ltr'><strong>dicit~l)omi-</strong></span> 
     </span>
    </p>
   </div>
   <div class='ocr_carea' id='block_1_111' title="bbox 2020 5038 3604 5108">
    <p class='ocr_par' dir='ltr' id='par_1_111' title="bbox 2020 5038 3604 5108">
     <span class='ocr_line' id='line_1_111' title="bbox 2020 5038 3604 5108; baseline -0.004 -11"><span class='ocrx_word' id='word_1_850' title='bbox 2020 5058 2184 5108; x_wconf 62' lang='lat' dir='ltr'><strong>nus,»</strong></span> <span class='ocrx_word' id='word_1_851' title='bbox 2214 5039 2436 5095; x_wconf 89' lang='lat' dir='ltr'><strong>aiebant</strong></span> <span class='ocrx_word' id='word_1_852' title='bbox 2471 5053 2485 5090; x_wconf 90' lang='lat'><strong>:</strong></span> <span class='ocrx_word' id='word_1_853' title='bbox 2515 5038 2606 5093; x_wconf 90' lang='lat' dir='ltr'><strong>ille</strong></span> <span class='ocrx_word' id='word_1_854' title='bbox 2628 5052 2759 5093; x_wconf 89' lang='lat' dir='ltr'><strong>vero</strong></span> <span class='ocrx_word' id='word_1_855' title='bbox 2800 5052 2897 5107; x_wconf 91' lang='lat' dir='ltr'><strong>pro</strong></span> <span class='ocrx_word' id='word_1_856' title='bbox 2928 5046 3126 5092; x_wconf 88' lang='lat' dir='ltr'><strong>natura</strong></span> <span class='ocrx_word' id='word_1_857' title='bbox 3162 5055 3259 5093; x_wconf 86' lang='lat' dir='ltr'><strong>sua</strong></span> <span class='ocrx_word' id='word_1_858' title='bbox 3303 5038 3604 5101; x_wconf 80' lang='lat' dir='ltr'><strong>divina,le-</strong></span> 
     </span>
    </p>
   </div>
   <div class='ocr_carea' id='block_1_112' title="bbox 2013 5128 3604 5204">
    <p class='ocr_par' dir='ltr' id='par_1_112' title="bbox 2013 5128 3604 5204">
     <span class='ocr_line' id='line_1_112' title="bbox 2013 5128 3604 5204; baseline -0.004 -16"><span class='ocrx_word' id='word_1_859' title='bbox 2013 5146 2181 5204; x_wconf 86' lang='lat' dir='ltr'><strong>proso</strong></span> <span class='ocrx_word' id='word_1_860' title='bbox 2207 5130 2428 5203; x_wconf 91' lang='lat' dir='ltr'><strong>quidem</strong></span> <span class='ocrx_word' id='word_1_861' title='bbox 2464 5130 2602 5187; x_wconf 89' lang='lat' dir='ltr'><strong>dicit</strong></span> <span class='ocrx_word' id='word_1_862' title='bbox 2633 5148 2647 5186; x_wconf 92' lang='lat'><strong>:</strong></span> <span class='ocrx_word' id='word_1_863' title='bbox 2684 5150 2704 5184; x_wconf 74' lang='grc' dir='ltr'><strong>ι</strong></span> <span class='ocrx_word' id='word_1_864' title='bbox 2740 5128 2900 5194; x_wconf 91' lang='lat' dir='ltr'><strong>Volo,</strong></span> <span class='ocrx_word' id='word_1_865' title='bbox 2932 5132 3171 5186; x_wconf 83' lang='lat' dir='ltr'><strong>mundus</strong></span> <span class='ocrx_word' id='word_1_866' title='bbox 3200 5140 3321 5187; x_wconf 92' lang='lat' dir='ltr'><strong>esto</strong></span> <span class='ocrx_word' id='word_1_867' title='bbox 3357 5130 3433 5199; x_wconf 70' lang='lat'><strong>&quot;;</strong></span> <span class='ocrx_word' id='word_1_868' title='bbox 3464 5150 3483 5182; x_wconf 78' lang='grc' dir='ltr'><strong>ι</strong></span> <span class='ocrx_word' id='word_1_869' title='bbox 3509 5132 3604 5200; x_wconf 84' lang='lat' dir='ltr'><strong>ju-</strong></span> 
     </span>
    </p>
   </div>
   <div class='ocr_carea' id='block_1_113' title="bbox 2016 5222 3600 5296">
    <p class='ocr_par' dir='ltr' id='par_1_113' title="bbox 2016 5222 3600 5296">
     <span class='ocr_line' id='line_1_113' title="bbox 2016 5222 3600 5296; baseline -0.003 -14"><span class='ocrx_word' id='word_1_870' title='bbox 2016 5226 2141 5282; x_wconf 87' lang='lat' dir='ltr'><strong>veni</strong></span> <span class='ocrx_word' id='word_1_871' title='bbox 2179 5225 2306 5280; x_wconf 92' lang='lat' dir='ltr'><strong>item</strong></span> <span class='ocrx_word' id='word_1_872' title='bbox 2344 5234 2609 5280; x_wconf 84' lang='lat' dir='ltr'><strong>mortuo:</strong></span> <span class='ocrx_word' id='word_1_873' title='bbox 2658 5243 2679 5277; x_wconf 75' lang='grc' dir='ltr'><strong>ι</strong></span> <span class='ocrx_word' id='word_1_874' title='bbox 2718 5222 2787 5277; x_wconf 86' lang='lat' dir='ltr'><strong>At</strong></span> <span class='ocrx_word' id='word_1_875' title='bbox 2825 5223 2925 5280; x_wconf 89' lang='lat' dir='ltr'><strong>tibi</strong></span> <span class='ocrx_word' id='word_1_876' title='bbox 2963 5225 3108 5291; x_wconf 86' lang='lat' dir='ltr'><strong>dico,</strong></span> <span class='ocrx_word' id='word_1_877' title='bbox 3138 5240 3303 5296; x_wconf 85' lang='lat' dir='ltr'><strong>surge</strong></span> <span class='ocrx_word' id='word_1_878' title='bbox 3328 5223 3406 5290; x_wconf 65' lang='grc' dir='ltr'>υς</span> <span class='ocrx_word' id='word_1_879' title='bbox 3446 5242 3465 5276; x_wconf 79' lang='grc' dir='ltr'><strong>ι</strong></span> <span class='ocrx_word' id='word_1_880' title='bbox 3496 5223 3600 5277; x_wconf 69' lang='grc' dir='ltr'>ιιι-</span> 
     </span>
    </p>
   </div>
   <div class='ocr_carea' id='block_1_114' title="bbox 2017 5314 3603 5387">
    <p class='ocr_par' dir='ltr' id='par_1_114' title="bbox 2017 5314 3603 5387">
     <span class='ocr_line' id='line_1_114' title="bbox 2017 5314 3603 5387; baseline -0.001 -13"><span class='ocrx_word' id='word_1_881' title='bbox 2017 5332 2149 5374; x_wconf 84' lang='lat' dir='ltr'><strong>zaro</strong></span> <span class='ocrx_word' id='word_1_882' title='bbox 2179 5318 2335 5383; x_wconf 89' lang='lat' dir='ltr'><strong>item,</strong></span> <span class='ocrx_word' id='word_1_883' title='bbox 2372 5333 2395 5369; x_wconf 72' lang='grc' dir='ltr'><strong>ι</strong></span> <span class='ocrx_word' id='word_1_884' title='bbox 2426 5314 2563 5372; x_wconf 84' lang='lat' dir='ltr'><strong>Veni</strong></span> <span class='ocrx_word' id='word_1_885' title='bbox 2598 5314 2747 5372; x_wconf 80' lang='lat' dir='ltr'><strong>foras</strong></span> <span class='ocrx_word' id='word_1_886' title='bbox 2784 5316 2851 5371; x_wconf 72' lang='lat'><strong>“.</strong></span> <span class='ocrx_word' id='word_1_887' title='bbox 2898 5335 2918 5369; x_wconf 78' lang='grc' dir='ltr'><strong>ι</strong></span> <span class='ocrx_word' id='word_1_888' title='bbox 2956 5314 3203 5387; x_wconf 91' lang='lat' dir='ltr'><strong>Denique</strong></span> <span class='ocrx_word' id='word_1_889' title='bbox 3239 5317 3385 5373; x_wconf 90' lang='lat' dir='ltr'><strong>velut</strong></span> <span class='ocrx_word' id='word_1_890' title='bbox 3418 5316 3603 5386; x_wconf 79' lang='lat' dir='ltr'><strong>opifex</strong></span> 
     </span>
    </p>
   </div>
   <div class='ocr_carea' id='block_1_115' title="bbox 2016 5408 3601 5482">
    <p class='ocr_par' dir='ltr' id='par_1_115' title="bbox 2016 5408 3601 5482">
     <span class='ocr_line' id='line_1_115' title="bbox 2016 5408 3601 5482; baseline -0.001 -15"><span class='ocrx_word' id='word_1_891' title='bbox 2016 5410 2341 5482; x_wconf 88' lang='lat' dir='ltr'><strong>increpabat</strong></span> <span class='ocrx_word' id='word_1_892' title='bbox 2360 5423 2535 5475; x_wconf 87' lang='lat' dir='ltr'><strong>mare,</strong></span> <span class='ocrx_word' id='word_1_893' title='bbox 2567 5409 2697 5465; x_wconf 91' lang='lat' dir='ltr'><strong>item</strong></span> <span class='ocrx_word' id='word_1_894' title='bbox 2732 5408 2964 5480; x_wconf 88' lang='lat' dir='ltr'><strong>spiritus</strong></span> <span class='ocrx_word' id='word_1_895' title='bbox 3002 5427 3017 5466; x_wconf 89' lang='lat'><strong>:</strong></span> <span class='ocrx_word' id='word_1_896' title='bbox 3060 5429 3079 5463; x_wconf 72' lang='grc' dir='ltr'><strong>ι</strong></span> <span class='ocrx_word' id='word_1_897' title='bbox 3112 5409 3279 5475; x_wconf 81' lang='lat' dir='ltr'><strong>&#39;l‘ace,</strong></span> <span class='ocrx_word' id='word_1_898' title='bbox 3319 5411 3601 5482; x_wconf 87' lang='lat' dir='ltr'><strong>inquiens,</strong></span> 
     </span>
    </p>
   </div>
   <div class='ocr_carea' id='block_1_116' title="bbox 2020 5499 3605 5573">
    <p class='ocr_par' dir='ltr' id='par_1_116' title="bbox 2020 5499 3605 5573">
     <span class='ocr_line' id='line_1_116' title="bbox 2020 5499 3605 5573; baseline -0.001 -15"><span class='ocrx_word' id='word_1_899' title='bbox 2020 5505 2343 5560; x_wconf 89' lang='lat' dir='ltr'><strong>obmutesce</strong></span> <span class='ocrx_word' id='word_1_900' title='bbox 2372 5500 2445 5557; x_wconf 71' lang='lat'><strong>“.</strong></span> <span class='ocrx_word' id='word_1_901' title='bbox 2489 5520 2509 5553; x_wconf 85' lang='grc'><strong>›</strong></span> <span class='ocrx_word' id='word_1_902' title='bbox 2547 5499 2714 5556; x_wconf 87' lang='lat' dir='ltr'><strong>Vides</strong></span> <span class='ocrx_word' id='word_1_903' title='bbox 2769 5500 2954 5571; x_wconf 87' lang='lat' dir='ltr'><strong>itaque</strong></span> <span class='ocrx_word' id='word_1_904' title='bbox 2994 5501 3194 5573; x_wconf 89' lang='lat' dir='ltr'><strong>partim</strong></span> <span class='ocrx_word' id='word_1_905' title='bbox 3227 5501 3469 5558; x_wconf 86' lang='lat' dir='ltr'><strong>Verbum</strong></span> <span class='ocrx_word' id='word_1_906' title='bbox 3503 5519 3605 5558; x_wconf 88' lang='lat' dir='ltr'><strong>sua</strong></span> 
     </span>
    </p>
   </div>
   <div class='ocr_carea' id='block_1_117' title="bbox 2015 5594 3601 5668">
    <p class='ocr_par' dir='ltr' id='par_1_117' title="bbox 2015 5594 3601 5668">
     <span class='ocr_line' id='line_1_117' title="bbox 2015 5594 3601 5668; baseline -0.002 -14"><span class='ocrx_word' id='word_1_907' title='bbox 2015 5596 2285 5662; x_wconf 86' lang='lat' dir='ltr'><strong>essentia,</strong></span> <span class='ocrx_word' id='word_1_908' title='bbox 2341 5594 2543 5664; x_wconf 88' lang='lat' dir='ltr'><strong>partim</strong></span> <span class='ocrx_word' id='word_1_909' title='bbox 2601 5609 2731 5651; x_wconf 87' lang='lat' dir='ltr'><strong>vero</strong></span> <span class='ocrx_word' id='word_1_910' title='bbox 2776 5594 3033 5651; x_wconf 88' lang='lat' dir='ltr'><strong>doctrina</strong></span> <span class='ocrx_word' id='word_1_911' title='bbox 3087 5595 3274 5652; x_wconf 88' lang='lat' dir='ltr'><strong>divina</strong></span> <span class='ocrx_word' id='word_1_912' title='bbox 3323 5612 3389 5653; x_wconf 88' lang='lat' dir='ltr'><strong>ex</strong></span> <span class='ocrx_word' id='word_1_913' title='bbox 3426 5606 3601 5668; x_wconf 87' lang='lat' dir='ltr'><strong>parte.</strong></span> 
     </span>
    </p>
   </div>
   <div class='ocr_carea' id='block_1_118' title="bbox 1413 5799 3612 5873">
    <p class='ocr_par' dir='ltr' id='par_1_118' title="bbox 1413 5799 3612 5873">
     <span class='ocr_line' id='line_1_118' title="bbox 1413 5799 3612 5873; baseline 0 -14"><span class='ocrx_word' id='word_1_914' title='bbox 1413 5806 1457 5837; x_wconf 78' lang='grc'><strong>³³</strong></span> <span class='ocrx_word' id='word_1_915' title='bbox 1492 5803 1682 5859; x_wconf 87' lang='lat' dir='ltr'><strong>Matth.</strong></span> <span class='ocrx_word' id='word_1_916' title='bbox 1720 5822 1773 5869; x_wconf 92' lang='lat' dir='ltr'><strong>v,</strong></span> <span class='ocrx_word' id='word_1_917' title='bbox 1794 5807 1886 5871; x_wconf 75' lang='lat'><strong>9.1,</strong></span> <span class='ocrx_word' id='word_1_918' title='bbox 1911 5807 2002 5862; x_wconf 69' lang='lat'><strong>22.</strong></span> <span class='ocrx_word' id='word_1_919' title='bbox 2083 5807 2123 5839; x_wconf 80' lang='grc'><strong>³⁷</strong></span> <span class='ocrx_word' id='word_1_920' title='bbox 2157 5804 2326 5857; x_wconf 87' lang='lat' dir='ltr'><strong>Marc.</strong></span> <span class='ocrx_word' id='word_1_921' title='bbox 2358 5817 2398 5867; x_wconf 86' lang='grc' dir='ltr'><strong>ι,</strong></span> <span class='ocrx_word' id='word_1_922' title='bbox 2603 5800 2646 5833; x_wconf 81' lang='grc'><strong>³⁸</strong></span> <span class='ocrx_word' id='word_1_923' title='bbox 2674 5799 2819 5873; x_wconf 79' lang='lat' dir='ltr'><strong>Psal.</strong></span> <span class='ocrx_word' id='word_1_924' title='bbox 2853 5802 3024 5868; x_wconf 72' lang='lat' dir='ltr'><strong>Ix,20.</strong></span> <span class='ocrx_word' id='word_1_925' title='bbox 3102 5807 3144 5837; x_wconf 71' lang='lat'><strong>3&quot;</strong></span> <span class='ocrx_word' id='word_1_926' title='bbox 3178 5805 3335 5863; x_wconf 85' lang='lat' dir='ltr'><strong>Deut.</strong></span> <span class='ocrx_word' id='word_1_927' title='bbox 3379 5822 3476 5873; x_wconf 83' lang='lat' dir='ltr'><strong>.\&#39;ll,</strong></span> <span class='ocrx_word' id='word_1_928' title='bbox 3500 5806 3612 5860; x_wconf 11' lang='lat'><strong>33...</strong></span> 
     </span>
    </p>
   </div>
   <div class='ocr_carea' id='block_1_119' title="bbox 1594 5871 2607 5948">
    <p class='ocr_par' dir='ltr' id='par_1_119' title="bbox 1594 5871 2607 5948">
     <span class='ocr_line' id='line_1_119' title="bbox 1594 5871 2607 5948; baseline -0.002 -17"><span class='ocrx_word' id='word_1_929' title='bbox 1594 5877 1643 5908; x_wconf 69' lang='grc' dir='ltr'><strong>δ’</strong></span> <span class='ocrx_word' id='word_1_930' title='bbox 1675 5875 1807 5935; x_wconf 86' lang='lat' dir='ltr'><strong>Luc.</strong></span> <span class='ocrx_word' id='word_1_931' title='bbox 1843 5895 1940 5948; x_wconf 77' lang='lat' dir='ltr'><strong>vn,</strong></span> <span class='ocrx_word' id='word_1_932' title='bbox 1988 5878 2071 5933; x_wconf 78' lang='lat' dir='ltr'><strong>li.</strong></span> <span class='ocrx_word' id='word_1_933' title='bbox 2144 5876 2189 5909; x_wconf 71' lang='grc'><strong>³³</strong></span> <span class='ocrx_word' id='word_1_934' title='bbox 2216 5874 2376 5930; x_wconf 79' lang='lat' dir='ltr'><strong>Juau.</strong></span> <span class='ocrx_word' id='word_1_935' title='bbox 2411 5888 2486 5939; x_wconf 78' lang='grc' dir='ltr'>ιι,</span> <span class='ocrx_word' id='word_1_936' title='bbox 2519 5871 2607 5929; x_wconf 52' lang='lat' dir='ltr'><strong>oili.</strong></span> 
     </span>
    </p>
   </div>
   <div class='ocr_carea' id='block_1_120' title="bbox 2688 5872 3168 5943">
    <p class='ocr_par' dir='ltr' id='par_1_120' title="bbox 2688 5872 3168 5943">
     <span class='ocr_line' id='line_1_120' title="bbox 2688 5872 3168 5943; baseline 0.015 -17"><span class='ocrx_word' id='word_1_937' title='bbox 2688 5872 2733 5904; x_wconf 71' lang='lat'><strong>“</strong></span> <span class='ocrx_word' id='word_1_938' title='bbox 2767 5872 2939 5931; x_wconf 68' lang='lat' dir='ltr'><strong>Marc.</strong></span> <span class='ocrx_word' id='word_1_939' title='bbox 2976 5892 3050 5943; x_wconf 81' lang='lat' dir='ltr'><strong>tv,</strong></span> <span class='ocrx_word' id='word_1_940' title='bbox 3080 5876 3168 5933; x_wconf 80' lang='lat'><strong>50.</strong></span> 
     </span>
    </p>
   </div>
  </div>
