3864 6566
465 403 570 468 919

1783 412 2138 477 PROCOPII
2179 413 2424 476 GAZ/EI

3618 404 3715 466 920

470 522 812 593 Quapropter
832 518 1036 580 Paulus
1069 522 1245 595 inquit
1276 540 1289 577 :
1326 544 1344 577 ι
1379 526 1574 584 Omnia
1604 527 1708 586 fert
1735 530 1904 587 verbo
1928 533 2040 588 vir-

2162 531 2267 602 τῆς,
2290 529 2489 595 αὐτοὺς
2509 528 2690 595 δείξας
2713 528 2840 593 τοῦς
2864 527 2924 594 ἐξ
2960 526 3179 599 Ἰσραὴλ
3212 524 3718 597 παραιτησαμένους

473 616 602 671 tntis
632 612 882 669 Paterna:
910 614 980 672 “.
1022 633 1041 668 ι
1078 617 1352 690 Allegavit
1403 635 1569 692 porro
1603 620 1783 680 Moses
1819 637 2041 679 causam

472 708 529 761 in
562 720 782 763 carnem
817 704 1086 764 adventus
1117 722 1185 764 eo
1231 710 1377 781 quod
1423 711 1664 768 ostendit
1700 712 1844 771 tilios
1878 712 2044 771 israel

474 798 531 853 in
556 804 739 853 monte
769 794 902 853 Sina
942 797 1039 855 Dei
1064 814 1161 871 per
1184 800 1363 873 ignem
1391 812 1751 875 conspectum
1788 805 2046 877 depreca-

475 898 559 945 tos
591 905 735 953 esse,
760 904 823 946 ac
850 889 1055 947 dixisse
1084 891 1219 948 Mosi
1250 910 1262 947 :
1301 912 1320 947 ι
1358 893 1605 966 Loquere
1645 904 1703 951 tu
1734 897 2044 963 nobiscum,

475 994 577 1037 nec
596 981 884 1038 nobiscum
910 982 1165 1055 loquatur
1185 982 1352 1051 Deus,
1374 1001 1441 1042 ne
1464 985 1605 1044 forte
1625 988 1923 1045 moriamur
1941 988 2007 1045 ‘°.
2022 1010 2040 1043 ι

475 1071 819 1144 Quapropter
856 1073 999 1131 Deus
1048 1085 1227 1132 metus
1277 1093 1443 1135 causa
1475 1080 1544 1134 ab
1574 1080 1708 1150 ipsis
1742 1089 1999 1153 suscepta
2028 1121 2045 1149 ,

482 1181 501 1214 ι
547 1161 901 1233 Prophetam,
956 1166 1155 1237 inquit,
1212 1167 1346 1238 ipsis
1402 1170 1705 1227 suscitabo.
1740 1190 1758 1223 ι
1792 1170 2050 1229 Promisit

476 1254 621 1309 enim
675 1258 757 1313 eis
795 1257 1153 1314 humanitatis
1207 1271 1600 1331 conspectum,
1640 1270 1900 1334 tanquam
1939 1266 2049 1323 illis

478 1346 572 1417 qui
604 1347 972 1416 augustiorem
1007 1347 1128 1417 ejus
1156 1348 1368 1404 vultum
1397 1350 1539 1406 ferre
1569 1352 1881 1423 nequirent.
1903 1353 2050 1421 Quo-

478 1437 625 1493 niam
649 1437 820 1509 igitur
846 1438 1164 1495 hominibus
1186 1454 1255 1494 ex
1276 1439 1696 1498 circumcisione
1727 1444 2049 1514 prophetam

481 1527 649 1581 istum
680 1527 977 1581 excitatum
1011 1527 1075 1581 iri
1107 1526 1295 1584 divino
1317 1531 1546 1584 oraculo
1577 1530 1914 1601 praedicitur,
1939 1548 2048 1590 non

481 1617 581 1672 abs
621 1633 681 1673 re
705 1616 966 1673 Servatur
998 1620 1180 1688 inquit
1209 1640 1222 1675 :
1256 1640 1274 1673 ‹
1313 1620 1428 1676 Non
1464 1622 1533 1676 ob
1564 1623 1714 1678 aliud
1740 1625 1861 1679 veni
1888 1641 2049 1694 quam

483 1716 709 1780 propter
735 1723 866 1765 oves
895 1709 1091 1765 domus
1124 1708 1343 1767 lsraelis
1371 1713 1612 1783 perditas
1639 1714 1706 1771 ".
1749 1734 1768 1767 ι
1805 1713 1960 1772 Unde
1997 1726 2051 1773 et

484 1800 751 1870 apostolis
786 1801 997 1857 edixit:
1034 1806 1054 1855 ι
1087 1801 1143 1857 In
1191 1805 1336 1858 viam
1372 1805 1612 1876 gentium
1667 1822 1736 1862 ne
1783 1808 2048 1875 abicritis,

2141 622 2243 694 τὴν
2265 624 2325 679 ὲν
2347 623 2482 695 Σινᾷ⁴
2496 621 2592 677 τοῦ
2616 621 2755 678 Θεοῦ
2780 622 2870 676 διὰ
2892 621 3066 692 πυρὸς
3094 621 3450 686 ιπιφάνειαν,
3474 620 3720 686 λέγοντας

2143 713 2390 777 Μωῦσιῖ,
2428 732 2447 766 ι
2478 713 2644 769 Λάλει
2687 713 2826 785 πρὸς
2856 713 3043 784 ἡμᾶς,
3075 713 3172 766 καὶ
3212 713 3291 784 μὴ
3320 709 3561 765 λαλείτω
3597 712 3723 780 πρὶς

2142 806 2293 877 ἡμᾶς
2321 807 2350 860 6
2379 805 2533 871 Θεὸς,
2567 806 2642 878 μή
2670 821 2804 862 ποτε
2828 804 3217 875 ἀποθάνωμεν.
3250 823 3270 856 ι
3318 804 3415 857 Διὸ
3442 801 3547 871 τῆς
3573 803 3721 855 σῦλα-ν

2146 897 2301 963 δείας
2327 897 2459 962 Θεὸς
2486 898 2687 962 αὐτοὺς
2718 897 3125 968 ἀποδεξάμενος
3144 937 3162 963 ,
3202 916 3222 950 ι
3260 897 3569 968 Προφήτην
3586 935 3602 959 ο
3628 913 3726 965 φη-

2145 990 2253 1055 σὶν,
2282 989 2467 1054 αὐτοῖς
2496 989 2811 1062 ἀναστήσω.
2854 1008 2873 1043 ι
2921 990 3011 1054 Ὧς
3036 991 3147 1062 γὰρ
3183 988 3612 1059 ἀσθενεστέροις
3636 987 3728 1055 τῆς

2146 1080 2454 1152 κρείττονος
2495 1081 2732 1153 Θεωρίας
2777 1083 2880 1152 τὴν
2917 1082 3273 1155 ἀνθρωπίνην
3317 1082 3516 1144 αὐτοῖς
3544 1079 3733 1147 ἐπιφά-

2145 1190 2298 1229 νειαν
2323 1174 2709 1246 ἐπηγγείλατο.
2749 1175 2892 1229 Ἀλλ’
2936 1175 3065 1229 tusi.
3106 1177 3222 1239 τοῖς
3258 1175 3327 1229 ὲκ
3371 1173 3733 1245 περιτομῆςό

2148 1267 2437 1339 προφήτης
2462 1266 2865 1337 ἀναστήσεσθαι.
2889 1265 3343 1337 προθεσπίζεται,
3366 1264 3606 1327 εἰκότως
3635 1280 3734 1333 φη-

2150 1359 2235 1413 σὶν
2262 1360 2292 1413 ό
2319 1358 2529 1430 Σωτὴρ,
2574 1379 2593 1412 ι
2626 1360 2740 1414 Οὐκ
2780 1355 2947 1431 ἦλθον
2986 1361 3036 1413 εί
3071 1361 3145 1431 μή
3177 1360 3257 1423 είς
3303 1359 3375 1414 τὰ
3413 1355 3736 1412 ἀπολωλότα

2149 1449 2396 1523 πρόϐατα
2450 1449 2601 1505 οίκου
2664 1451 2902 1523 Ἰσραήλ.
2942 1469 2962 1503 ι
3017 1450 3110 1504 Διὸ
3138 1451 3380 1514 καὶτοῖς
3413 1447 3737 1511 ἀποστόλοις

2150 1539 2530 1612 παρήγγελλεν
2549 1558 2564 1572 ·
2594 1560 2614 1595 t
2650 1540 2745 1605 Εἰς
2771 1541 2890 1596 ὁδὸν
2915 1539 3086 1596 ἐθνῶν
3110 1542 3185 1613 μὴ
3206 1541 3519 1611 ἀπέλθητε,
3546 1540 3642 1592 καὶ
3664 1540 3739 1599 είς

2152 1630 2309 1685 πόλιν
2347 1631 2700 1702 Σαμαρειτῶν
2732 1631 2808 1705 μὴ
2836 1631 3143 1703 εἰσέλθητε.
3177 1630 3501 1702 Πορεύεσθε
3523 1630 3585 1683 δὲ
3614 1628 3742 1699 μάλ-

2150 1723 2244 1778 λον
2261 1724 2395 1791 πρὸς
2421 1722 2492 1777 τὰ
2518 1723 2767 1795 πρόϐατα
2790 1724 2860 1779 τὰ
2886 1724 3209 1779 ἀπολωλότα
3241 1724 3398 1777 οἴκου
3432 1721 3694 1792 Ἰσραήλ·
3718 1738 3735 1770 ι

2152 1814 2347 1885 δηλῶν,
2382 1815 2457 1879 ὡς
2485 1818 2670 1880 αὐτοῖς
2722 1816 3152 1888 προηγουμένως
3177 1814 3323 1869 κατά
3364 1815 3472 1884 τὴν
3525 1830 3738 1883 προεξῃ-

482 1905 550 1945 ac
592 1891 646 1945 in
685 1892 962 1947 civitatem
1016 1891 1488 1949 Samaritanorum
1538 1912 1603 1952 ne
1652 1897 1888 1963 intretis,
1918 1903 2049 1971 quin

2162 1884 2302 1961 τείαν
2322 1906 2652 1961 ἀπέσταλτο.
2676 1884 2987 1979 Τοιγαροῦν.
3003 1908 3078 1979 μὴ
3100 1906 3421 1978 δεξαμένων
3445 1904 3739 1971 ἀπελέγχει

484 1982 663 2051 potius
689 1982 897 2054 pergite
927 1984 993 2036 ad
1048 1998 1178 2041 oves
1212 1986 1453 2053 perditas
1485 1986 1680 2044 domus
1718 1989 1883 2047 Israel
1916 1992 1986 2047 ιε.
2029 2012 2047 2045 ι

2162 1997 2259 2067 μὲν
2287 1998 2484 2062 αὐτοὺς
2512 2000 2570 2054 ἐν
2589 1998 2817 2070 ἑτέροις.
2846 1999 3042 2066 λέγων,
3070 2017 3089 2051 ι
3121 1999 3265 2052 Διότι
3287 1992 3485 2066 ἦλθον,
3522 1994 3625 2048 καὶ
3648 1995 3741 2046 οὐκ

484 2073 693 2141 Quibus
728 2076 795 2132 ad
831 2076 983 2146 ipsos
1041 2075 1093 2130 in
1146 2077 1340 2147 primis
1394 2078 1551 2146 juxta
1600 2083 1946 2151 prophetiam
1992 2099 2053 2142 se

2162 2087 2466 2161 ἄνθρωπος,
2504 2090 2758 2155 ἐκάλεσα,
2800 2090 2895 2144 καὶ
2924 2090 3026 2144 οὐκ
3052 2086 3121 2162 ἦν
3148 2092 3176 2145 6
3218 2090 3550 2150 ὑπακούων,
3580 2103 3601 2137 ι
3652 2085 3738 2137 καί

484 2165 712 2221 missum
743 2182 865 2224 esse
895 2167 1119 2224 iudicat.
1151 2167 1497 2239 Quapropter
1526 2170 1595 2223 ah
1630 2172 1710 2227 eis
1738 2187 1864 2228 cum
1898 2188 2050 2231 receo

2162 2196 2290 2249 φησι
2318 2180 2454 2251 πρὸς
2473 2182 2697 2247 αὐτοὺς,
2725 2200 2745 2235 ι
2794 2182 3125 2254 Ἀρθήσεται
3157 2180 3253 2252 ἀφ’
3296 2180 3463 2252 ὑμῶν
3513 2180 3550 2249 ἡ
3590 2178 3737 2248 βασι-

485 2264 611 2324 ptus
644 2272 755 2312 non
811 2265 957 2314 esset
988 2298 1004 2324 ,
1037 2258 1164 2313 alibi
1209 2259 1385 2329 inquit
1418 2276 1430 2312 :
1476 2278 1495 2311 ι
1553 2260 1732 2326 Quare
1779 2264 1924 2329 veni,
1952 2279 2054 2321 nec

2162 2268 2275 2324 λεία
2304 2271 2399 2325 τοῦ
2431 2271 2566 2326 Θεοῦ
2593 2312 2611 2338 ,
2662 2273 2758 2328 καὶ
2797 2273 3086 2346 δοθήσεται
3117 2272 3260 2326 ἔθνει
3312 2268 3573 2325 ποιοῦντι
3623 2267 3738 2330 τοὺς

484 2344 774 2430 quisquam
802 2347 1084 2403 hominum
1114 2358 1251 2411 erat,
1276 2349 1490 2412 vocavi,
1515 2366 1613 2405 nec
1641 2351 1733 2423 qui
1766 2354 2052 2409 exaudiret

2162 2362 2403 2433 καρποὺς
2455 2364 2648 2434 αὐτῆς,
2689 2382 2709 2417 ι
2741 2395 2812 2407 --
2861 2344 3296 2435 (Πορευθέντες
3356 2359 3737 2432 μαθητεύσατε

484 2445 605 2493 erat
632 2438 698 2496 ⁸⁸.
741 2458 760 2492 ι
801 2439 939 2494 Dicit
973 2455 1139 2511 porro
1164 2441 1227 2494 ad
1259 2456 1354 2496 eos
1384 2458 1395 2493 :
1432 2461 1450 2493 ι
1494 2441 1739 2513 Regnum
1776 2444 1864 2500 llei
1898 2460 1927 2499 a
1956 2462 2043 2502 vo-

2162 2454 2334 2508 πάντα
2363 2455 2432 2510 τά
2455 2454 2604 2525 ἔθνη.
2637 2474 2656 2507 ι

488 2533 572 2587 iis
607 2533 919 2611 auferetur,
952 2534 1206 2604 gentique
1246 2532 1457 2589 fructus
1495 2534 1613 2605 ejus
1664 2535 1844 2593 edenti
1879 2539 2125 2597 tradetur
2152 2544 2220 2600 ⁸ο.
2260 2564 2279 2597 ι
2309 2545 2526 2602 Mandat
2571 2564 2700 2604 vero
2725 2548 3011 2621 discipulis
3045 2562 3061 2600 :
3129 2565 3149 2601 ι
3186 2545 3427 2602 Proh-eti
3470 2543 3733 2600 instituite

487 2642 678 2681 omnes
712 2633 902 2697 gentes
927 2625 995 2681 ".
1034 2644 1051 2677 ι

560 2740 741 2810 Atque
774 2750 832 2795 ut
860 2740 1178 2812 dignitatem
1209 2742 1384 2813 legum
1437 2743 1712 2812 proplieue
1760 2745 1927 2816 hujus
1988 2748 2129 2805 Deus
2163 2750 2423 2818 illustret,
2466 2752 2644 2823 inquit
2673 2768 2689 2807 :
2720 2770 2740 2804 ι
2777 2750 3104 2820 Quicunque
3138 2763 3249 2804 non
3283 2746 3533 2803 audierit
3562 2744 3733 2801 omnia

489 2840 833 2896 quaecunque
868 2828 1084 2884 locutus
1117 2827 1287 2883 fuerit
1324 2830 1587 2900 propheta
1624 2848 1676 2886 ιιι
1710 2835 1934 2891 nomine
1956 2851 2099 2895 meo.
2125 2837 2194 2892 ab
2223 2853 2291 2894 eo
2345 2854 2561 2909 pinnam
2592 2840 2826 2910 exigam,
2868 2856 2887 2891 ι
2950 2835 3426 2908 quemadmodum
3494 2847 3653 2905 pinna
3674 2833 3733 2886 de

464 2915 597 2969 ‘hoc
624 2915 826 2986 populo
858 2925 1072 2985 sumpta
1104 2926 1181 2971 est
1213 2926 1435 2986 propter
1463 2918 1785 2988 sanguinem
1819 2921 1912 2991 qui
1944 2921 2012 2977 ab
2038 2923 2171 2978 Abel
2198 2923 2406 2983 ellusus
2431 2934 2515 2982 est
2542 2940 2719 2997 usque
2750 2926 2819 2980 ad
2846 2924 3195 2989 Zachariam,
3226 2932 3281 2979 et
3306 2930 3597 2995 postremo
3623 2934 3733 2974 om-

493 3006 645 3060 nium
677 3006 853 3076 ipsum
880 3004 1182 3070 Christum,
1216 3006 1376 3076 cujus
1409 3008 1735 3077 sanguinem
1768 3024 1893 3063 cum
1929 3010 1983 3064 iu
2050 3021 2213 3081 caput
2260 3028 2420 3068 suum
2468 3014 2881 3084 liberorumque
2906 3012 3284 3080 devovissent,
3308 3010 3621 3089 etiamnum
3643 3007 3734 3061 imo

493 3093 715 3164 pietatis
742 3093 889 3149 illius
913 3107 1131 3164 pmnam
1177 3094 1471 3149 sustinent.

570 3211 633 3267 Et
653 3211 943 3284 quicunque
972 3212 1176 3267 locutus
1204 3212 1362 3282 fuerit
1383 3213 1434 3266 in
1457 3214 1665 3267 nomine
1693 3213 1911 3269 deorum
1934 3215 2059 3270 alio-

2239 3223 2347 3279 Καί
2384 3223 2452 3290 ὃς
2494 3223 2603 3279 ἐὰν
2632 3220 2881 3291 λαλήσῃ
2906 3221 2998 3276 ἐπ’
3026 3221 3272 3292 ὀνόματι
3304 3219 3463 3275 θεῶν
3497 3218 3728 3287 ἐτέρων,

498 3321 640 3369 rum,
664 3308 919 3360 morietur
946 3305 1197 3375 propheta
1226 3305 1331 3358 ille.
1359 3302 1567 3376 [XVIIL
1590 3303 1706 3377 20.]
1727 3304 2059 3376 Quapropter

2170 3311 2555 3367 ἀποθανεῖται
2581 3312 2614 3363 ό
2639 3308 2953 3379 προφήτης
2978 3308 3230 3373 ἐκεῖνος.
3266 3309 3475 3379 Διόπερ
3498 3309 3528 3361 6
3544 3307 3732 3377 Κύριος

494 3398 720 3454 verbum
745 3413 905 3455 suum
931 3398 1133 3468 ubique
1155 3396 1299 3451 Patri
1320 3408 1600 3468 acceptum
1626 3396 1732 3453 fert
1760 3398 2021 3454 Dominus
2047 3415 2060 3452 :

495 3487 642 3544 Nihil
669 3489 970 3560 quidquam
1004 3504 1070 3544 ex
1110 3502 1196 3543 me
1234 3490 1351 3558 ipso
1402 3488 1632 3559 loquor,
1667 3488 1880 3557 dicens,
1910 3505 2064 3545 man-

497 3581 685 3637 datum
715 3599 744 3637 a
768 3579 932 3637 Patre
964 3596 1086 3637 meo
1116 3582 1302 3650 accepi
1342 3581 1408 3636 ⁸³.

2171 3396 2454 3469 πανταχοῦ
2476 3396 2555 3469 τῷ
2577 3398 2751 3469 Ilath
2777 3398 2908 3461 τοὺς
2940 3397 3176 3461 οἰκείους
3215 3397 3513 3467 ἀνατίθησι
3529 3396 3730 3464 λόγους.

2183 3489 2302 3543 Ἀπ’
2339 3488 2581 3555 ἐμαυτοῦ
2602 3530 2618 3555 ,
2645 3489 2843 3558 λέγων,
2874 3488 3022 3543 λαλῶ
3052 3488 3207 3545 οὐδέν
3226 3504 3243 3521 ο
3284 3488 3513 3561 ἐντολὴν
3554 3488 3729 3542 ἔλαθον

2169 3581 2322 3652 παρά
2360 3582 2454 3634 τοῦ
2482 3580 2695 3651 Πατρός
2732 3598 2834 3651 μου
2863 3581 3000 3653 (96}.

570 3694 631 3751 Si
662 3696 867 3750 loeutus
900 3694 1065 3764 fuerit
1084 3695 1337 3765 propheta
1363 3694 1419 3748 in
1449 3695 1660 3749 nomine
1690 3710 1826 3758 meo,
1855 3704 1902 3749 et
1932 3711 2035 3749 non
2068 3694 2273 3763 factum
2303 3694 2463 3763 fuerit
2498 3693 2735 3749 verbum.
2765 3693 2905 3767 [22.]
2938 3692 2997 3750 In
3030 3693 3270 3751 Jeremia
3322 3695 3456 3750 item
3519 3691 3685 3765 inquit
3712 3708 3726 3745 :

503 3800 524 3835 ι
556 3781 827 3855 Propheta
854 3787 908 3838 in
937 3798 1049 3854 quo
1082 3791 1165 3839 est
1200 3783 1559 3846 insomnium,
1597 3790 1782 3837 narret
1821 3782 2155 3837 insomnium
2193 3795 2385 3846 suum;
2417 3788 2473 3834 et
2509 3778 2673 3852 M6
2704 3780 2757 3835 in
2791 3796 2903 3852 quo
2931 3782 3158 3837 verbum
3215 3795 3401 3837 meum
3457 3779 3527 3835 ad
3564 3781 3725 3849 ipsum

498 3870 732 3937 factum,
772 3872 999 3928 verbum
1027 3885 1210 3927 meum
1237 3886 1362 3927 cum
1394 3870 1624 3927 veritate
1654 3870 1904 3925 enuntiet
1931 3871 1999 3923 ⁸³.
2035 3886 2053 3920 ι
2083 3866 2226 3935 Quid
2248 3867 2415 3938 igitur
2447 3866 2699 3923 dicemus
2732 3868 2801 3923 de
2842 3866 3002 3933 Jona,
3034 3870 3125 3939 qui
3159 3868 3412 3938 pra-dixit
3462 3869 3606 3939 quod
3631 3881 3723 3921 non

501 3961 682 4016 evenit
706 3961 785 4015 ⁸ίῖ
808 3961 881 4017 De
900 3960 1214 4024 lsaiaitem,
1241 3960 1334 4029 qui
1382 3959 1628 4013 Ezechias
1659 3967 1891 4013 mortem
1914 3972 2025 4026 prae
2059 3955 2269 4010 foribus
2291 3969 2418 4011 esse
2450 3954 2725 4026 prasdixit,
2759 3955 2989 4027 ipsaque
3030 3972 3137 4011 non
3164 3956 3266 4012 fuit
3300 3956 3391 4010 "1'
3418 3957 3596 4026 Atque
3627 3958 3725 4008 haec

501 4059 553 4105 et
582 4047 898 4119 huiusmodi
920 4049 1029 4103 alia
1061 4049 1234 4103 multa
1268 4047 1546 4114 invenias;
1586 4061 1777 4102 verum
1804 4048 1981 4116 ipsum
2008 4045 2235 4099 verbum
2264 4059 2373 4099 non
2394 4054 2479 4099 est
2519 4043 2779 4107 mendax,
2813 4046 2947 4116 quin
2983 4046 3115 4116 ipsae
3153 4060 3243 4101 res
3280 4044 3349 4102 de
3390 4045 3594 4115 quibus
3621 4056 3725 4097 ver-

504 4138 631 4192 bum
661 4146 899 4201 constat,
935 4138 1291 4192 mutationem
1319 4135 1652 4205 suscipiunt.
1678 4134 1933 4189 Ninivitae
1955 4134 2158 4189 etenim
2200 4148 2324 4188 cum
2355 4132 2613 4199 Ezechia,
2647 4143 2828 4190 mente
2856 4143 3085 4199 mutata,
3112 4135 3167 4191 in
3198 4134 3386 4190 ﬂetum
3426 4142 3722 4205 eruperunt.

504 4224 814 4292 Quinetiam
844 4226 1090 4281 medicus
1119 4235 1324 4295 aegroto
1351 4225 1654 4293 periturum
1683 4223 1822 4278 dicit
1851 4223 1906 4277 ni
1932 4236 2123 4278 venam
2156 4221 2231 4275 illi
2261 4220 2583 4287 insecuerit,
2611 4236 2985 4292 saepenumero
3006 4237 3135 4279 vero
3175 4230 3486 4292 spontanea
3515 4232 3723 4277 evacua-

509 4314 656 4368 tione
684 4310 851 4379 facta,
892 4322 978 4368 est
1000 4319 1272 4367 servatus.
1296 4308 1408 4365 Nec
1431 4324 1563 4366 sane
1595 4326 1686 4365 ars
1717 4312 1892 4380 ipsum
1931 4307 2146 4373 fefellit,
2169 4309 2351 4364 versio
2386 4323 2516 4364 vero
2545 4325 2712 4380 penes
2751 4310 3062 4379 subjectum
3093 4320 3204 4366 est.
3228 4310 3308 4366 Ac
3343 4312 3457 4365 illis
3488 4326 3615 4367 sane
3645 4322 3725 4363 ne-

505 4400 750 4455 cessario
776 4399 920 4469 quod
951 4398 1273 4470 praedictum
1301 4406 1444 4465 erat,
1472 4398 1770 4462 evenisset,
1819 4394 2089 4466 siquidem
2130 4406 2367 4452 mentem
2414 4412 2525 4452 non
2572 4405 2897 4454 mutassent.
2943 4397 3057 4453 lino
3103 4413 3238 4455 vero
3263 4398 3386 4469 ejus
3419 4396 3723 4453 mutationis

506 4488 682 4558 gratia
713 4485 854 4542 facta
888 4495 973 4542 est
1004 4485 1307 4555 praedictio.

582 4572 707 4629 Non
745 4584 927 4645 surgat
961 4574 1109 4629 testis
1145 4590 1280 4628 unus
1307 4574 1375 4628 ad
1408 4572 1768 4627 testimonium
1806 4571 2087 4625 dicendum
2140 4577 2331 4625 contra
2383 4572 2691 4640 proximum
2736 4586 2912 4625 suum.
2975 4568 3144 4643 [XIL
3182 4569 3298 4642 15.]
3356 4570 3726 4640 Quemcunque

510 4662 789 4719 hominem
829 4662 1140 4733 proximum
1180 4669 1360 4717 vocat.
1393 4660 1510 4716 Non
1530 4661 1677 4716 enim
1708 4659 1899 4730 utique
1927 4665 2119 4714 contra
2154 4674 2250 4715 eos
2280 4659 2373 4729 qui
2408 4659 2527 4714 loco
2555 4659 2749 4715 remoti
2774 4666 2904 4714 sunt
2933 4658 3018 4714 fas
3056 4666 3201 4715 erat.

579 4769 688 4827 Nec
712 4786 845 4827 vero
865 4772 987 4827 aliis
1012 4772 1069 4826 in
1094 4772 1259 4827 rebus
1281 4786 1443 4842 quam
1473 4770 1629 4827 visis.
1649 4771 1708 4823 In
1742 4770 1907 4825 rebus
1930 4769 2073 4824 enim
2110 4751 2152 4805 D

511 4863 741 4919 occultis
777 4864 935 4918 testis
982 4863 1125 4919 Deus
1178 4873 1283 4928 eat,
1312 4873 1364 4918 et
1406 4862 1768 4927 conscientia,
1801 4861 1910 4917 duo
1940 4863 2078 4916 haec.

512 4953 624 5011 Nec
653 4970 759 5010 non
794 4963 962 5011 testes
995 4964 1108 5009 tres
1137 4964 1265 5010 sunt
1295 4964 1484 5010 sancta
1512 4952 1757 5010 Trinitas
1777 4995 1792 5018 ,
1834 4966 1943 5021 qua
1997 4952 2081 5006 vi-

514 5048 677 5103 dente
706 5055 759 5103 et
784 5046 1041 5102 audiente
1065 5046 1197 5102 Abel
1227 5047 1336 5102 etia
1363 5064 1392 5099 ιι
1422 5053 1671 5100 mortuus
1698 5045 1877 5099 adhuc
1909 5044 2084 5113 loqui-

2265 4764 2428 4819 Ἀλλά
2454 4764 2627 4819 ταῦτα
2677 4765 2777 4836 μὲν
2820 4766 2915 4820 ἐπὶ
2937 4767 3047 4821 τῶν
3092 4765 3410 4837 ὁρωμένων,
3440 4767 3538 4820 ἐπὶ
3564 4766 3619 4820 δὲ
3639 4761 3724 4816 τῶν

2181 4855 2555 4911 λανθανόντων
2579 4856 2784 4927 μάρτυς
2807 4856 2938 4921 Θεὸς
2960 4858 3056 4910 καὶ
3074 4856 3136 4911 τὸ
3152 4856 3410 4921 συνειδὸς,
3436 4856 3547 4910 δύω
3564 4854 3720 4909 ταῦτα’

2184 4952 2278 5006 καὶ
2302 4954 2452 5023 τρεῖς
2469 4952 2526 5004 δὲ
2550 4956 2826 5024 μάρτυρες
2848 4953 2880 5024 ἡ
2902 4953 3035 5021 ἁγία
3061 4953 3253 5023 Τριάς.
3285 4945 3398 5016 ’Πς
3425 4952 3633 5025 ὁρώσης
3649 4947 3722 5002 καὶ

2184 5044 2507 5116 ἀκουούσης,
2535 5045 2563 5097 6
2591 5045 2757 5100 ’Ἅϐελ
2786 5046 2880 5100 καὶ
2898 5045 3209 5113 ἀποθανὼν,
3229 5047 3311 5101 ἔτι
3332 5047 3503 5101 λαλεῖ.
3531 5047 3722 5115 Μάρτυς

516 5140 625 5189 tur.
656 5131 836 5190 Testis
870 5134 1018 5189 enim
1048 5132 1225 5189 ﬁdelis
1256 5133 1401 5189 Deus
1424 5142 1530 5199 est,
1563 5134 1653 5203 qui
1675 5132 1809 5188 dicit
1841 5149 1855 5187 :
1893 5150 1911 5184 ι
1938 5132 2059 5187 Nihi

2185 5136 2295 5207 γὰρ
2330 5136 2521 5201 πιστὸς
2550 5138 2579 5190 6
2611 5136 2764 5202 Θεὸς,
2789 5138 2967 5207 λέγων
2986 5176 3003 5201 ,
3037 5157 3056 5190 ι
3082 5138 3173 5207 Μὴ
3199 5140 3298 5192 ἀπ’
3329 5138 3467 5209 ἐμοῦ
3496 5137 3724 5209 κρυσήσε·

515 5226 813 5298 quidquam
847 5242 933 5282 me
960 5225 1228 5282 celabitur
1254 5227 1318 5279 ⁸⁸.
1361 5244 1378 5277 ι
1404 5257 1474 5268 —
1503 5244 1521 5277 ι
1548 5225 1743 5281 Omnia
1778 5224 1921 5281 enim
1943 5223 2059 5279 nud;

2187 5225 2279 5278 ταί
2305 5243 2359 5279 τι
2385 5244 2401 5294 ;
2426 5245 2447 5279 ι
2468 5255 2538 5268 —-
2566 5246 2583 5279 ι
2612 5228 2798 5282 Πάντα
2822 5230 2931 5301 γὰρ
2958 5229 3142 5300 γυμνὰ
3170 5228 3267 5283 καὶ
3287 5225 3720 5300 τετραχηλισμένα

517 5329 571 5374 et
598 5328 786 5391 aperta
815 5334 1004 5375 coram
1034 5319 1141 5375 Deo
1166 5326 1298 5377 sunt
1318 5319 1389 5383 ",
1410 5336 1427 5371 ι
1456 5331 1581 5374 eum
1608 5319 1773 5374 etiam
1796 5315 2084 5388 cogitatio-

590 5431 636 5465 “
667 5432 832 5487 iiebr.
869 5449 905 5496 ι,
933 5432 986 5488 5.

519 5501 563 5533 ⁸¹
594 5499 785 5556 Matth.
836 5518 1026 5567 xvvnt,
1084 5502 1171 5558 l9.
1305 5503 1349 5534 "
1381 5501 1543 5558 Joan.
1604 5519 1716 5564 xtv.
1748 5500 1837 5558 10.

520 5571 567 5603 ⁵⁸
596 5569 798 5627 Jercm.
832 5573 1112 5639 xxxlt,27.
1188 5575 1232 5607 ⁵⁷
1264 5573 1424 5629 Rom.
1460 5588 1519 5639 li,
1556 5572 1642 5627 15.

2194 5315 2423 5371 ἐνώπιον
2463 5317 2561 5372 τοῦ
2591 5318 2749 5386 Θεοῦ,
2785 5339 2806 5373 ι
2845 5318 2957 5374 τῶν
2978 5319 3257 5391 λογισμῶν
3285 5318 3717 5392 κατηγορούντων,

1074 5432 1121 5465 ⁸⁸
1143 5431 1314 5488 Exod.
1347 5432 1549 5497 “,19.
1626 5432 1675 5463 "
1697 5431 1889 5486 Matth.
1923 5447 2012 5492 xv,
2045 5431 2135 5487 24.
2214 5435 2259 5468 ⁸⁸
2287 5435 2480 5491 Matth.
2508 5452 2563 5502 χ,
2596 5437 2650 5498 5,
2676 5436 2728 5491 6.
2804 5434 2851 5468 ⁸³
2888 5435 2989 5491 lsa.
3026 5452 3080 5503 ι,
3110 5435 3165 5489 2.
3242 5434 3291 5467 ”
3322 5435 3507 5489 Matth.
3544 5430 3716 5488 una.

1084 5502 1171 5558 i9.
1305 5503 1349 5534 "
1381 5501 1543 5558 Joan.
1598 5519 1716 5573 xtv.
1748 5500 1837 5558 10.
1939 5502 1985 5535 ³⁸
2015 5499 2216 5560 Jerem.
2252 5523 2408 5573 χχιιι,
2434 5508 2521 5563 28.
2638 5507 2684 5540 ⁸⁷⁵
2712 5505 2870 5562 Jona:
2922 5522 3050 5560 t-Iv.
3161 5506 3209 5539 ⁸⁸
3239 5504 3342 5561 lsa.
3373 5519 3591 5564 xxxvtu.
3621 5498 3715 5555 1-9.

2638 5507 2684 5540 ⁵⁷⁵
2712 5505 2870 5562 Jonzc
2922 5498 3076 5560 t-Iv.'
3161 5506 3209 5539 ⁸⁸
3239 5504 3342 5561 lsa.
3373 5519 3591 5564 xxxvtn.
3621 5498 3715 5555 1-9.

2042 5662 2249 5720 NOTE
2260 5708 2273 5722 .

604 5760 710 5835 (9m
736 5760 916 5831 Μέρος
937 5761 1031 5817 τοῦ
1065 5762 1444 5835 προλαϐόντος,
1516 5761 1575 5815 ἐν
1605 5754 1651 5828 ᾧ
1709 5760 1783 5824 ὡς
1834 5759 1987 5831 ἔτυχε
2055 5761 2451 5835 παρέρῤιπται,
2490 5759 2745 5832 οὐδεμίαν
2791 5757 2974 5829 σχεδὸν
3045 5756 3159 5819 τοῖς
3213 5751 3562 5826 προλαϐοῦσιν
3607 5746 3716 5816 ἔχων

529 5831 842 5900 συνάφειαν.
