4090 6512
264 397 369 462 921
1152 401 1689 466 COMMENTARII
1721 400 1804 465 ΙΝ
1838 400 2537 463 DEUTERONOMIUM.
3416 408 3522 471 922

259 508 294 576 ῆ
326 508 422 564 καὶ
451 507 930 581 ἀπολογουμένων,
976 510 1076 566 καὶ
1115 513 1219 566 οὐκ
1257 512 1374 566 ἐστι
1418 510 1844 582 προσωποληψία

1948 523 2048 564 nes
2084 509 2322 564 hominis
2369 508 2658 578 accusent,
2715 503 2810 565 aut
2862 508 3030 566 etiam
3070 510 3388 569 defendant.
3418 513 3529 572 Nec

263 601 417 672 παρὰ
445 601 523 673 τῷ
545 601 666 674 Θεῷ
688 641 704 669 ,
751 621 770 656 ι
807 603 943 658 Οὐδὲ
970 604 1230 675 τέρπεται
1278 605 1366 657 ἐπ’
1409 603 1655 674 ἀπωλείᾳ.
1701 603 1840 668 ζών-

1948 603 2186 674 amplius
2234 617 2596 673 personarum
2660 613 2945 673 respectus
3006 616 3092 663 est
3127 607 3271 679 apud
3331 607 3527 677 Deum,

261 709 397 746 των.
441 711 460 745 ι

1948 709 2127 763 neque
2155 702 2335 749 tamen
2366 711 2386 746 ι
2423 695 2730 750 delectatur
2763 695 2993 751 interitu
3019 696 3323 753 viventium
3358 698 3424 753 ⁸⁸.
3465 716 3484 751 ι

342 801 362 834 ι
389 784 620 854 Μάρτυς
644 783 700 837 δὲ
720 784 911 848 πιστὸς
937 785 998 839 οὐ
1015 784 1293 855 ψεύδεται,
1309 788 1430 858 ὼςὴ
1452 787 1623 856 Σοφία
1651 786 1838 856 φησὶν,

2014 782 2310 848 Caeterum,
2339 799 2360 833 ι
2389 781 2571 839 Testis
2605 783 2744 841 ﬁdus
2769 800 2876 840 non
2903 789 3188 852 mentitur,
3213 797 3269 842 ut
3304 787 3530 859 Sapien-

260 877 310 929 οἱ
346 876 405 930 δὲ
437 877 654 946 ψευδεῖς
682 877 1043 945 ἀπολοῦνται,
1087 898 1108 934 ι
1160 881 1302 935 κατὰ
1329 882 1454 944 τοὺς
1509 881 1727 943 ἀδίκους
1749 879 1842 933 ἐπὶ

1948 873 2022 928 tia
2055 874 2257 943 inquit,
2283 874 2578 930 mendaces
2612 890 2746 929 vero
2783 876 3043 946 peribunt
3092 878 3161 932 ".
3198 896 3216 930 ι
3252 877 3528 944 Quemad-

261 965 510 1036 Σουσάνῃ
535 967 797 1030 δικαστάς
827 983 888 1020 τε
923 968 1018 1021 καὶ
1067 969 1377 1039 μάρτυρας.
1423 987 1440 1020 ι
1477 968 1705 1036 Μάρτυς
1737 966 1844 1036 γὰρ

1948 967 2166 1019 modum
2207 966 2493 1036 judicibus
2523 967 2577 1021 in
2611 967 2883 1025 Susanna
2926 984 3094 1026 causa
3130 967 3357 1040 iniquis,
3397 972 3540 1026 item

258 1054 468 1126 ψευδὴς
497 1057 596 1110 οὐκ
629 1057 980 1129 ἀτιμώρητος
1021 1058 1198 1124 ἔσται,
1253 1079 1272 1111 ι
1316 1059 1458 1113 κατὰ
1505 1059 1608 1129 τὴν
1650 1059 1844 1128 Παροι-

1948 1055 2185 1109 testibus
2221 1055 2423 1111 accidit
2445 1059 2513 1110 ‘°.
2543 1075 2561 1108 ι
2593 1056 2774 1113 Testis
2795 1059 2940 1112 enim
2967 1059 3139 1116 falsus
3167 1075 3275 1115 non
3302 1061 3528 1130 impune

263 1147 422 1214 μίαν.
471 1167 490 1200 ι
532 1149 750 1202 Λάκκον
789 1148 901 1220 γὰρ
938 1149 1115 1221 ὤρυξε
1159 1150 1254 1204 καὶ
1299 1149 1607 1219 ἀνέσκαψεν
1656 1148 1842 1216 αὑτὸν,

1948 1146 2116 1202 abibit
2139 1148 2207 1208 “,
2244 1166 2264 1199 ι
2310 1155 2370 1202 ut
2415 1148 2491 1202 ait
2526 1148 2786 1203 Salomon
2839 1149 2894 1204 in
2947 1148 3267 1206 Proverbio.
3299 1169 3318 1203 ι
3352 1150 3524 1205 Cuni-

260 1239 360 1291 καὶ
384 1240 705 1309 ἐμπεσεῖται
731 1243 812 1305 είς
843 1241 1034 1314 βόθρον
1064 1242 1123 1297 ὃν
1152 1243 1467 1314 εἰργάσατο.
1508 1260 1527 1293 ι

1948 1239 2126 1292 culum
2155 1239 2299 1294 enim
2330 1238 2613 1304 fodieavit,
2636 1248 2688 1294 et
2709 1241 2898 1296 eﬂ'odit
2924 1241 3100 1298 illum.
3123 1241 3320 1297 Incidit
3343 1251 3525 1299 autem

1903 1395 1910 1400 ,
1941 1329 1998 1385 in
2022 1329 2233 1386 foveam
2263 1347 2430 1403 quam
2463 1332 2590 1388 fecit
2617 1334 2685 1388 “.
2721 1351 2740 1385 ι
2832 1403 2835 1405 ρ

336 1438 562 1494 Oculum
596 1457 692 1509 pro
718 1440 893 1494 oculo.
932 1439 1075 1514 [21.]
1105 1440 1235 1496 Eam
1271 1441 1446 1512 legem
1489 1449 1750 1510 tanquam
1786 1443 2012 1496 stultam
2040 1445 2279 1498 correxit
2303 1445 2580 1510 Christus,
2615 1462 2740 1501 cum
2776 1445 2960 1517 inquit
2992 1462 3005 1475 ο
3039 1465 3057 1498 ι
3085 1445 3199 1516 Ego
3231 1461 3364 1503 vero
3401 1447 3526 1502 dico

258 1527 422 1582 vobis
452 1543 520 1582 ne
564 1528 832 1586 resistatis
866 1530 1031 1594 malo,
1063 1544 1254 1585 verum
1314 1529 1361 1583 si
1408 1527 1530 1592 quis
1571 1528 1667 1582 tibi
1729 1528 1942 1598 alapam
1976 1530 2262 1600 impegerit
2293 1532 2347 1587 in
2398 1533 2646 1588 dextram
2685 1535 2986 1600 maxillam,
3021 1535 3248 1590 obverte
3279 1535 3329 1588 ei
3361 1534 3524 1588 etiam

258 1615 490 1670 alteram
529 1616 595 1671 °'.
637 1633 656 1668 ι
687 1617 820 1673 Item
850 1634 864 1671 :
900 1635 920 1669 ι
949 1615 1071 1671 Nisi
1105 1615 1470 1671 abundaverit
1485 1614 1699 1685 justitia
1726 1622 1910 1672 vestra
1938 1617 2004 1678 “,
2048 1636 2067 1669 ι
2098 1625 2152 1673 et
2185 1618 2396 1690 reliqua
2436 1619 2717 1691 deinceps.

332 1720 440 1777 Τὸν
465 1723 565 1795 τῆς
591 1724 916 1796 νομοθεσίας
945 1724 1148 1780 σκοπὸν
1183 1725 1280 1780 καὶ
1320 1723 1594 1796 Ἱερεμίας
1633 1727 1844 1805 ὲδήλωέ

2010 1726 2280 1785 Caeterum
2327 1730 2495 1801 hujus
2545 1731 2684 1803 legis
2733 1747 2962 1803 scopum
3012 1732 3282 1789 Jeremias
3313 1748 3532 1805 quoque

260 1831 347 1877 σε,
375 1814 570 1884 λέγων,
616 1834 634 1869 ι
671 1817 899 1886 Ἀγαθὸν
926 1817 1083 1887 ἀνδρὶ
1109 1818 1239 1872 ὅταν
1271 1817 1379 1890 ἄρῃ
1418 1820 1580 1888 ζυγὸν
1627 1820 1685 1872 ὲν
1721 1800 1852 1873 νεόέ

257 1923 411 1977 τητι,
467 1908 550 1962 ὅτι
595 1904 734 1981 ἦρεν
777 1911 862 1980 ἐφ’
891 1910 1090 1983 ἑαυτῷ.
1118 1910 1291 1965 Δώσει
1331 1913 1390 1965 ὲν
1421 1911 1638 1984 χώματι
1668 1904 1844 1983 στόμα

259 1998 452 2054 αὐτοῦ.
482 2001 544 2054 Ei
581 2001 690 2073 ἄρα
715 2003 866 2056 ἐστὶν
900 2003 1079 2067 ἐλπὶς,
1114 2003 1278 2058 δώσει
1325 2003 1406 2075 τῷ
1437 2003 1652 2059 παίοντι
1680 2003 1843 2058 αὑτὸν

259 2092 516 2160 σιαγόνα,
533 2095 966 2164 χορτασθήσεται
1000 2094 1312 2165 ὀνειδισμοῦ
1335 2113 1350 2127 ·
1385 2097 1468 2152 ὅτι
1502 2096 1601 2151 οὐκ
1634 2098 1715 2162 είς
1752 2096 1844 2150 τὸν

259 2181 440 2234 αίῶνα
459 2181 741 2238 ἀπώσεται
765 2186 987 2256 Κύριος.
1027 2205 1046 2240 ι
1079 2187 1335 2242 Τοιοῦτον
1363 2188 1462 2243 καὶ
1492 2189 1574 2256 τὸ,
1613 2207 1632 2241 ι
1681 2188 1841 2257 Ἀγα-

260 2272 464 2341 πήσεις
484 2273 575 2328 τὸν
593 2274 824 2345 πλησίον
846 2293 964 2343 σου,
978 2279 1073 2332 καὶ
1092 2279 1345 2350 μισήσεις
1367 2280 1462 2334 τὸν
1480 2279 1675 2353 ἐχθρόν
1689 2296 1805 2334 σου.
1819 2297 1838 2332 ι

272 2359 336 2414 '0
365 2362 476 2434 γὰρ
507 2367 862 2436 καταργήσας
891 2367 962 2421 τὰ
990 2367 1085 2422 τοῦ
1115 2368 1312 2440 νηπίου
1349 2369 1537 2436 Δασὶδ,
1569 2371 1662 2424 καὶ
1689 2371 1744 2424 ετ
1760 2387 1844 2434 τις

260 2453 441 2525 τούτῳ
475 2457 858 2529 παραπλήσιος
884 2453 974 2530 ἦν,
1012 2459 1205 2531 ἐχθρὸν
1244 2460 1387 2532 ἔχων
1406 2460 1496 2514 τὸν
1525 2462 1716 2527 Σαοὺλ,
1742 2461 1846 2516 οὐκ

260 2545 448 2616 ἐμίσει
475 2547 656 2603 αὐτόν.
689 2551 781 2603 Διὸ
812 2551 908 2604 καὶ
936 2552 1309 2620 εὐαγγελικῶς
1337 2553 1479 2623 ἄγαν
1507 2553 1696 2626 φησὶν,
1723 2573 1741 2606 t
1780 2555 1843 2608 Εί

260 2637 622 2694 ἁνταπέδωκα
652 2644 765 2706 τοῖς
792 2644 1207 2698 ἀνταποδιδοῦσί
1233 2663 1324 2716 μοι
1349 2646 1518 2712 κακὰ,
1551 2647 1845 2702 ἀποπέσοι-

263 2748 330 2800 μι
359 2730 470 2803 ἄρα
495 2734 603 2787 ἀπὸ
629 2733 738 2788 τῶν
762 2734 974 2806 ἐχθρῶν
1015 2753 1118 2807 μου
1153 2738 1330 2802 κενός.
1361 2756 1380 2791 ι

1949 1819 2190 1874 ostendit
2215 1858 2230 1884 ,
2266 1821 2524 1890 inquiens
2559 1838 2575 1877 :
2634 1841 2653 1875 ι
2693 1822 2903 1878 Bonum
2958 1831 3043 1878 est
3081 1823 3202 1878 viro
3233 1823 3281 1879 si
3342 1824 3530 1879 tulerit

1945 1911 2133 1981 jugum
2164 1927 2323 1966 suum
2351 1913 2419 1968 ab
2445 1913 2815 1969 adolescentia
2839 1930 2963 1970 sua.
2997 1914 3167 1969 Ponet
3196 1930 3260 1970 os
3284 1931 3443 1970 suum
3472 1915 3525 1969 in

1948 2001 2252 2071 pulverem,
2292 2016 2363 2056 an
2396 2002 2533 2058 forte
2566 2018 2690 2060 sese
2713 2002 2905 2058 offerat
2928 2019 3076 2074 spes,
3114 2004 3378 2074 praebebit
3406 2019 3531 2073 per-

1949 2093 2179 2150 cutienti
2213 2110 2272 2150 se
2322 2095 2600 2149 maxillam
2625 2135 2640 2162 ,
2682 2097 2976 2151 satiabitur
3027 2097 3348 2167 opprobrio.
3386 2096 3526 2162 Quia

1949 2202 2058 2242 non
2097 2187 2325 2257 repellet
2357 2187 2412 2241 in
2438 2189 2828 2258 sempiternum
2856 2188 3120 2244 Dominus
3157 2190 3223 2242 ⁸⁵.
3262 2205 3282 2240 ι
3321 2186 3528 2257 Hujus-

1949 2281 2098 2336 modi
2128 2281 2292 2334 etiam
2317 2280 2422 2335 hoc
2448 2289 2532 2336 est
2567 2298 2580 2334 :
2631 2299 2648 2332 ι
2685 2279 2886 2352 Diliges
2928 2281 3238 2350 proximum
3271 2288 3447 2342 tuum,
3475 2291 3530 2333 et

1947 2371 2133 2427 oderis
2164 2371 2448 2426 inimicum
2472 2379 2625 2426 tuum
2659 2371 2725 2429 “.
2774 2391 2792 2423 ι
2826 2370 2996 2427 David
3027 2371 3172 2426 enim
3193 2385 3316 2425 cum
3339 2369 3531 2426 exces-

1951 2463 2118 2518 sisset
2153 2478 2219 2517 ex
2248 2462 2496 2534 ephebis,
2527 2461 2852 2531 hostemque
2894 2460 3150 2522 Saulem,
3192 2469 3286 2514 aut
3312 2459 3358 2514 si
3398 2459 3528 2528 quis

1949 2554 2000 2611 ei
2024 2554 2220 2610 similis
2275 2562 2394 2610 erat
2444 2553 2692 2616 haberet,
2734 2553 2883 2608 nullo
2915 2567 3044 2623 erga
3100 2567 3228 2607 eum
3260 2550 3531 2604 laboravit

1949 2646 2099 2702 odio.
2137 2646 2486 2718 Quapropter
2510 2645 2827 2715 evangelice
2857 2642 3154 2699 admodum
3187 2642 3365 2712 inquit
3385 2659 3399 2697 :
3421 2658 3439 2692 ι
3469 2637 3527 2694 Si

1949 2737 2176 2807 rependi
2207 2737 2342 2792 mihi
2383 2737 2527 2792 mala
2565 2734 2930 2790 inferentibus
2951 2772 2967 2800 ,
3015 2731 3208 2789 cadam
3239 2732 3431 2802 utique
3460 2730 3531 2785 ab
3575 2763 3578 2765 -

1946 2828 2200 2885 hostibus
2233 2829 2372 2885 meis
2405 2843 2617 2883 vacuus
2651 2829 2716 2882 ".
2758 2845 2776 2880 ι

343 2938 516 2995 "omo
539 2939 632 3011 qui
655 2942 919 2996 exstruxit
957 2940 1191 3007 domum,
1224 2956 1317 2995 nec
1348 2956 1466 2996 eam
1499 2940 1756 2997 initiavit.
1799 2939 1945 3014 [ΧΧ.
1974 2942 2056 3015 5.]
2099 2942 2269 2998 Nemo
2297 2942 2522 2998 domum
2565 2949 2886 2998 terrestrem
2911 2949 3262 3012 aspernatur.
3292 2939 3410 2994 Non
3453 2939 3525 2994 ita

262 3043 399 3083 vero
425 3028 518 3098 qui
548 3040 707 3083 terra:
741 3027 922 3084 incola
961 3044 1088 3083 cum
1118 3029 1190 3084 sit
1217 3028 1379 3084 sedes
1410 3044 1682 3098 supernas
1711 3039 1892 3085 mente
1922 3031 2194 3102 concepit,
2251 3031 2434 3101 qualis
2465 3030 2740 3086 Abraham
2785 3029 2908 3093 fuit,
2939 3030 3036 3100 qui
3093 3044 3220 3082 cum
3257 3028 3530 3082 habitaret

264 3116 321 3169 in
351 3115 628 3180 tentoriis,
661 3115 843 3170 locum
879 3116 1001 3171 loco
1039 3115 1275 3171 subinde
1313 3116 1670 3186 permutavit.
1703 3116 1836 3172 Item
1868 3117 2034 3173 David
2077 3119 2169 3188 qui
2202 3119 2337 3173 dicit
2371 3138 2384 3173 :
2426 3137 2442 3169 ι
2479 3118 2652 3184 Quam
2685 3117 2948 3172 amabilia
2987 3124 3119 3170 sunt
3166 3115 3527 3169 tabernacula

264 3213 386 3270 tua,
416 3204 644 3260 Domine
672 3205 936 3259 virtutum
966 3205 980 3259 l
1018 3203 1296 3260 desiderat
1321 3212 1376 3260 et
1403 3204 1618 3275 deperit
1645 3207 1829 3260 anima
1871 3222 1989 3261 mea
2024 3206 2165 3260 atria
2192 3205 2410 3260 Domini
2449 3205 2515 3257 ⁸⁸.
2557 3225 2574 3256 ι
2637 3204 2711 3258 De
2737 3204 2941 3274 quibus
3003 3202 3262 3259 Servator
3294 3203 3475 3272 inquit
3513 3219 3528 3256 :

269 3308 288 3341 ι
327 3290 422 3346 lbo
449 3299 504 3346 et
545 3291 752 3361 parabo
777 3292 933 3348 vobis
965 3292 1169 3359 locum,
1194 3307 1303 3362 quo
1330 3293 1426 3348 ubi
1449 3309 1550 3363 ego
1577 3293 1704 3357 sim,
1737 3292 1940 3349 ibidem
1973 3303 2028 3348 et
2060 3308 2159 3348 vos
2194 3308 2409 3348 mecum
2446 3293 2571 3348 sitis
2615 3292 2683 3347 ⁸⁸.
2718 3310 2736 3342 ι
2769 3291 2901 3357 Quae
2923 3291 3017 3362 qui
3050 3306 3159 3346 non
3209 3290 3523 3358 investigat,

263 3377 489 3432 domum
517 3378 605 3434 hic
627 3379 882 3446 exstruit,
916 3395 1302 3450 summamque
1325 3382 1378 3436 in
1417 3397 1480 3436 ea
1509 3381 1842 3437 industriam
1900 3380 2153 3436 collocat.
2201 3378 2679 3446 Quemadmodum
2732 3393 2933 3434 avarus
2989 3377 3202 3433 vineam
3264 3377 3528 3446 plantat:

265 3467 396 3521 item
429 3467 704 3522 delicatus
737 3467 1071 3522 detrimento
1116 3469 1364 3522 omnium
1391 3468 1662 3523 bonorum
1695 3484 1923 3524 suorum
1971 3468 2261 3522 mulierem
2315 3467 2508 3522 ambit.
2551 3465 2825 3532 Quocirca
2865 3481 3039 3521 sacra:
3075 3465 3286 3519 militia:
3314 3465 3397 3519 eis
3434 3464 3531 3533 qui

264 3555 488 3624 pietatis
517 3555 693 3626 gratia
729 3570 819 3611 res
844 3562 1135 3612 terrestres
1168 3554 1455 3625 despicere
1487 3556 1700 3620 nolunt,
1729 3555 2098 3610 interdicitur.
2123 3556 2295 3611 Porro
2316 3555 2586 3625 praeconis
2608 3555 2959 3610 sermonibus
2992 3555 3279 3626 Scriptura
3308 3568 3534 3622 quoque

264 3643 340 3698 ob
372 3643 666 3713 prazdictas
698 3657 897 3698 causas
924 3641 1406 3697 formidolosorum
1443 3643 1659 3697 animos
1689 3644 2144 3714 accommodavit,
2171 3655 2492 3714 metumque
2521 3659 2587 3698 ex
2619 3643 2705 3698 his
2725 3643 2909 3698 causis
2943 3649 3149 3708 ortum,
3183 3642 3370 3697 causis
3399 3641 3534 3710 ipsis

265 3731 568 3801 praemissis
607 3737 890 3800 postremo
924 3730 1152 3786 invexit.
1190 3728 1404 3796 Quibus
1433 3745 1568 3785 sane
1598 3747 1704 3784 non
1740 3731 2010 3786 absimilis
2039 3733 2092 3786 in
2129 3732 2383 3802 peccatis
2414 3732 2636 3801 praetexi
2661 3730 2858 3795 solent,
2889 3729 3203 3800 quibusque
3238 3728 3362 3782 aliis
3389 3743 3531 3798 quo-

265 3835 374 3889 que
404 3818 586 3890 frigidi
618 3818 787 3874 studii
843 3833 1008 3873 causa
1067 3819 1362 3889 praebetur.
1401 3836 1420 3868 ‹
1458 3817 1833 3887 Corrumpunt
1888 3819 2033 3874 enim
2096 3821 2269 3875 bonos
2322 3835 2504 3875 mores
2554 3818 2829 3888 colloquia
2858 3833 3023 3888 prava
3056 3818 3122 3871 ⁷⁸.
3150 3835 3171 3868 ι
3199 3814 3527 3886 Cuiusmodi

267 3906 472 3962 Paulus
497 3906 766 3978 increpat,
800 3921 863 3961 ac
893 3906 1070 3961 dicit.
1104 3923 1123 3957 ι
1163 3904 1306 3972 Quid
1351 3905 1533 3960 facitis
1576 3905 1722 3975 quod
1774 3905 1940 3972 ﬂetis,
1991 3919 2046 3964 et
2094 3925 2272 3964 meum
2307 3923 2404 3964 cor
2451 3906 2843 3964 contunditis?
2890 3908 3002 3978 Ego
3033 3907 3182 3981 enim
3219 3921 3326 3960 non
3351 3905 3530 3960 solum

265 3995 488 4063 vinciri,
511 4010 703 4051 verum
741 3995 881 4050 mori
913 4006 1136 4065 paratus
1173 4009 1293 4049 sum
1350 4009 1449 4064 pro
1475 3994 1720 4048 ‘nomine
1767 3994 1984 4049 Domini
2029 3996 2209 4051 nostri
2266 3995 2395 4052 Jesu
2447 3995 2657 4051 Christi
2684 3995 2751 4048 τι.
2790 4014 2809 4048 ι
2843 3993 3167 4064 Cuiusmodi
3200 3993 3279 4047 illi
3314 4007 3533 4062 quoque

266 4092 430 4140 erant
470 4085 563 4155 qui
594 4083 1008 4140 excusationem
1042 4082 1126 4138 sui
1161 4081 1229 4137 de
1285 4082 1495 4151 nuptiis
1551 4081 1815 4136 herilibus
1840 4081 2106 4150 fecerant,
2148 4099 2212 4138 ac
2263 4083 2516 4138 dixerant
2553 4098 2567 4137 :
2612 4101 2631 4134 ι
2667 4081 2875 4152 Agrum
2924 4081 3055 4145 emi,
3104 4095 3330 4136 uxorem
3379 4078 3534 4146 duxi,

269 4189 378 4229 non
414 4189 638 4242 possum
671 4173 860 4228 venire
889 4173 954 4226 τ’.
996 4191 1014 4224 ι
1048 4170 1374 4240 Cujusmodi
1401 4186 1620 4241 quoque
1648 4169 1818 4225 Mosis
1856 4169 2078 4224 fuerunt
2127 4171 2533 4241 exploratores,
2560 4168 2732 4226 Josue
2754 4178 2807 4223 et
2836 4167 3006 4223 Caleb
3036 4167 3305 4236 exceptis.

339 4260 502 4333 447
532 4261 599 4315 Et
624 4262 748 4326 erit,
780 4258 1040 4329 siquidem
1072 4270 1263 4326 pacate
1293 4259 1658 4327 responderint
1686 4259 1780 4311 tibi
1811 4256 1948 4330 [ll.]
1991 4257 2315 4326 ilujusmodi
2340 4259 2506 4313 etiam
2539 4264 2669 4312 sunt
2703 4271 2824 4325 quae
2847 4255 3104 4310 Christus
3140 4255 3260 4309 suis
3300 4251 3534 4307 manda-

269 4349 350 4404 vit
379 4350 692 4419 discipulis,
746 4358 806 4403 ut
840 4347 1098 4402 videlicet
1138 4349 1247 4400 sint
1280 4346 1489 4416 paciﬁci
1526 4361 1649 4401 cum
1689 4347 1943 4401 omnibus
1975 4347 2065 4415 qui
2095 4361 2286 4416 pacem
2323 4345 2570 4417 ipsorum
2592 4344 2897 4415 recipiant;
2933 4344 3002 4396 ah
3040 4342 3107 4397 iis
3141 4357 3269 4396 vero
3297 4342 3390 4411 qui
3422 4355 3532 4393 non

272 4437 606 4507 receperint,
679 4435 902 4505 pulvere
940 4448 971 4488 ο
1015 4433 1247 4502 pedibus
1295 4444 1532 4488 excusso
1567 4449 1689 4489 sese
1716 4434 1990 4488 abducant
2018 4433 2085 4490 ⁷³.
2115 4432 2330 4488 Primas
2370 4447 2498 4487 vero
2529 4431 2780 4487 obtinere
2823 4446 3013 4502 pacem
3062 4430 3197 4483 vult.
3237 4446 3257 4479 ι
3300 4427 3532 4481 Servum

271 4526 475 4580 etenim
511 4524 729 4579 Domini
764 4539 876 4577 non
908 4530 1126 4592 oportet
1156 4536 1422 4590 pugnare,
1453 4536 1642 4576 verum
1710 4534 1929 4590 aequum
1960 4535 2086 4575 esse
2133 4534 2264 4590 erga
2304 4533 2497 4574 omnes
2533 4519 2580 4550 “
2635 4537 2654 4570 ι
2691 4517 2787 4574 Est
2818 4527 2998 4571 autem
3038 4516 3264 4586 paciﬁca
3301 4529 3532 4582 respon-

271 4612 425 4680 dere,
459 4626 766 4668 sermonem
789 4609 1009 4680 pietatis
1039 4610 1300 4678 recipere,
1339 4609 1641 4679 pietatique
1673 4607 2025 4662 tributarium
2054 4621 2198 4661 esse.
2230 4606 2285 4659 ld
2326 4604 2531 4661 Paulus
2566 4604 3011 4674 Philippensibus
3037 4603 3265 4657 scribit:
3301 4619 3320 4652 ι
3361 4599 3533 4654 Multo

272 4700 452 4767 magis
485 4700 539 4753 in
579 4698 825 4753 absentia
856 4711 973 4750 mea
1001 4704 1239 4751 vestram
1280 4696 1524 4764 ipsorum
1556 4695 1790 4750 salutem
1824 4694 2130 4766 operamini
2164 4694 2231 4748 ⁷⁵.
2262 4692 2366 4746 »Ει
2407 4694 2607 4748 iterum
2649 4710 2662 4746 :
2700 4711 2716 4743 ι
2756 4692 2951 4746 Omnia
2994 4690 3195 4756 recepi,
3232 4697 3284 4742 et
3313 4687 3533 4742 abunde

270 4790 526 4856 expletus
547 4802 691 4850 sum,
715 4793 1073 4856 posteaquam
1105 4783 1288 4851 accepi
1309 4783 1378 4837 ab
1400 4781 1776 4852 Epaphrodito
1795 4799 1914 4852 qua:
1936 4801 1963 4840 τι
1993 4784 2146 4838 vobis
2170 4781 2334 4837 missa
2358 4782 2574 4835 fuerant
2598 4781 2666 4834 "°.
2694 4797 2814 4831 »--‹
2837 4776 2952 4830 Non
2982 4791 3236 4846 magnum
3262 4776 3405 4828 enim
3425 4782 3532 4839 est,

273 4878 477 4931 iterum
504 4876 704 4945 inquit,
724 4877 794 4938 si,
824 4872 1114 4928 seminatis
1143 4873 1295 4927 vobis
1320 4872 1701 4941 spiritualibus
1723 4887 1847 4935 nos,
1875 4877 2059 4924 vestra
2089 4868 2334 4922 carnalia
2356 4865 2750 4921 messuerimus
2774 4865 2840 4917 ⁷⁷.
2869 4882 2886 4914 ι
2913 4862 3105 4928 Porro,
3132 4880 3150 4912 ι
3183 4859 3389 4916 Urbem
3414 4876 3535 4930 quae

274 4963 478 5018 bellum
499 4962 746 5032 elegerit,
771 4960 968 5024 tradet,
1006 4959 1207 5029 inquit,
1243 4958 1507 5012 Dominus
1539 4960 1681 5014 Deus
1717 4968 1846 5014 tuus
1876 4957 1930 5011 in
1959 4970 2150 5010 manus
2174 4964 2318 5010 tuas.
2352 4973 2371 5005 ι
2399 4982 2472 4992 -
2496 4970 2513 5003 ι
2539 4952 2582 5005 Α
2612 4952 2749 5007 faeie
2801 4951 2946 5005 enim
2978 4961 3320 5014 sanctorum,
3354 4949 3535 5017 inquit

275 5049 474 5117 David,
511 5057 596 5105 est
630 5051 770 5122 ipse,
804 5047 1040 5117 subjecit
1073 5046 1233 5100 nobis
1267 5046 1518 5115 populos,
1567 5056 1623 5100 et
1679 5052 1872 5116 gentes
1924 5044 2030 5099 sub
2074 5043 2236 5114 pedes
2288 5049 2511 5097 nostros
2545 5042 2610 5095 ⁷⁸.
2657 5059 2678 5094 ι
2721 5041 2776 5095 Id
2819 5054 2948 5095 vero
2994 5040 3138 5110 quod
3185 5039 3320 5093 dicit
3349 5037 3532 5109 gladio

274 5153 443 5194 omne
517 5136 884 5193 masculinum
953 5134 1378 5189 interimendum
1413 5149 1556 5195 esse,
1619 5133 1894 5204 signiﬁcat
1926 5132 2095 5186 verbo
2140 5129 2234 5185 Dei
2290 5145 2389 5199 pro
2419 5128 2564 5183 virili
2604 5129 2913 5199 oppositam
2961 5127 3262 5197 potentiam
3294 5140 3418 5180 esse
3440 5124 3533 5178 de-

276 5224 637 5282 struendam:
675 5238 786 5294 quo
817 5230 1145 5278 resecarunt
1174 5220 1434 5291 discipuli
1466 5216 2152 5291 Sitnonem,'Elymamque
2185 5226 2239 5273 et
2266 5217 2523 5287 dogmata
2559 5217 2647 5272 his
2677 5217 2855 5271 adhuc
2890 5217 3182 5270 validiora.
3229 5211 3537 5268 Servabant

275 5330 410 5370 vero
444 5313 726 5378 mulieres,
757 5311 810 5367 id
837 5318 942 5374 est,
981 5324 1078 5365 eas
1107 5324 1230 5378 qua:
1260 5309 1442 5364 dicere
1465 5317 1698 5379 possunt
1730 5326 1743 5362 :
1788 5309 2012 5362 Animas
2046 5314 2268 5377 propter
2293 5317 2498 5362 metum
2531 5314 2712 5370 tuum,
2751 5304 2998 5368 Domine,
3033 5307 3085 5358 in
3120 5307 3286 5356 utero
3312 5300 3532 5373 accepi-

279 5419 427 5457 mus.
462 5402 706 5456 Infantes
738 5401 889 5462 item,
922 5399 1025 5452 hoc
1058 5406 1164 5460 est,
1196 5395 1290 5467 qui
1333 5398 1541 5451 malitia
1572 5411 1637 5451 ac
1665 5397 1956 5466 pravitate,
1984 5396 2140 5467 juxta
2167 5397 2323 5452 Pauli
2353 5397 2564 5452 dictum
2596 5395 2665 5461 τ’,
2688 5395 2844 5466 pueri
2877 5401 3025 5449 sunt.
3066 5411 3084 5444 ι
3123 5392 3201 5446 Ac
3223 5391 3528 5462 iumenta.»

348 5566 394 5638 ff
419 5564 548 5638 Sap.
589 5581 630 5628 ι,
669 5565 752 5638 εἴ).
850 5567 905 5638 οῗ,
925 5566 1086 5638 Prov.
1120 5583 1232 5630 xw,
1261 5566 1314 5621 5.
1438 5567 1494 5638 3°
1527 5565 1664 5618 Dan.
1701 5581 1817 5632 xm,

1948 5582 2085 5638 .eqq.
2198 5566 2242 5638 ‘f
2263 5565 2436 5638 Prov.
2467 5559 2719 5638 xx1,__28;
2745 5557 2967 5638 ιιι-κιρ..
3058 5554 3103 5586 ⁸⁸
3133 5551 3280 5638 P_sal.
3311 5549 3528 5638 rigid.

281 5619 761 5698 ⁸³Μιιιι1ἶ.ν’,59.
871 5635 916 5666 σε»
951 5619 1086 5690 ibid.
1121 5619 1283 5689 ’ἑοῖ
1354 5639 1397 5671 αδ
1433 5637 1641 5690 'l'hren.
1679 5651 1735 5688 ιιι
1769 5619 1844 5696 ,⁷9

1951 5619 2084 5691 ad."
2151 5639 2194 5668 ιο
2229 5637 2418 5690 Matth.
2477 5650 2530 5692 v,
2567 5619 2655 5686 is.
2706 5619 2716 5626 '
2772 5628 2814 5659 ατ
2849 5626 3112 5699 Psal._vtt,
3153 5623 3207 5677 ι.
3312 5619 3534 5699 εἶρξε).

283 5719 514 5775 Lxxxnt,
558 5690 712 5775 2,3.
751 5690 755 5691 ν
793 5705 837 5735 ⁸⁸
859 5701 1030 5775 Joan.
1071 5708 1254 5772 xtv,‘2.
1334 5709 1377 5740 το
1418 5709 1544 5775 Sap.
1577 5722 1637 5765 ll,
1667 5705 1728 5769 6;
1768 5690 1784 5759 ί
1819 5690 2068 5764 Οοῆὶν.
2101 5708 2188 5761 55.
2307 5709 2346 5737 τι
2383 5690 2648 5775 Λυιςιιχι,
2839 5767 2870 5775 η
2901 5697 2947 5726 ⁷¹
3004 5690 3532 5775 Ιιιιίξ-βινκρὶξῖηο

284 5776 326 5807 ⁷³
363 5761 547 5848 Matth.
664 5774 694 5848 _l
838 5775 881 5805 '”‘
920 5775 958 5828 Il
993 5774 1134 5848 Tini.
1170 5761 1245 5845 ἰι,
1282 5779 1371 5833 2i.
1448 5761 1754 5844 “li‘ltilipp.
1792 5793 1844 5843 II,

1948 5761 2010 5832 τί
2049 5761 2094 5810 θδ
2129 5777 2363 5848 Philipp.
2400 5791 2473 5841 tv,
2508 5774 2593 5828 18.
2639 5761 2646 5766 ’
2709 5771 2752 5801 ⁷⁷
2789 5766 2961 5823 lCor.
2997 5783 3072 5834 Ix,
3107 5764 3192 5820 li.
3307 5764 3349 5795 ⁷⁸
3385 5761 3532 5817 Psal.

285 5859 431 5913 vat,
460 5845 512 5900 γι.
593 5842 681 5898 "l
719 5847 847 5901 Cor.
876 5861 986 5910 xiv,
1012 5845 1104 5901 “.30.
1233 5842 1239 5845 ’
1667 5842 1681 5844 “
1706 5842 1719 5844 “
1836 5842 1840 5843 ⁷
2271 5842 2286 5848 ⁷
2311 5842 2326 5848 ’
3487 5898 3490 5901 .
3566 5857 3571 5862 ’
