3864 6500
494 385 601 451 923
1834 384 2185 445 PROCOPII
2217 382 2463 445 GAZJSI
3637 370 3721 434 925.

494 499 686 555 Justus
718 497 863 553 enim
892 494 1192 551 miseratur
1227 492 1443 551 animas
1465 494 1849 565 iumentorum
1890 510 2145 559 suorum,
2194 510 2317 565 qua:
2350 493 2418 547 ad
2451 493 2621 547 Deum
2657 488 2851 543 dicunt
2882 504 2901 540 :
2940 484 3219 541 Peeninus
3252 500 3284 539 a
3335 492 3394 538 te
3423 499 3538 539 sum
3561 488 3725 538 randi-

496 598 608 656 tus,
640 595 694 642 et
722 586 841 655 ipse
874 599 1092 654 semper
1115 598 1332 638 mecum
1368 591 1479 639 est.
1512 582 1589 639 De
1611 582 1816 653 quibus
1846 582 2027 651 inquit
2057 598 2072 634 :
2097 601 2114 632 ι
2153 581 2416 636 llomines
2449 580 2770 648 etiumenta
2808 572 3082 637 servabis,
3124 572 3363 627 Domine
3380 572 3487 635 ⁸⁸.»
3519 572 3728 628 homine.

500 662 575 730 ita
621 688 826 729 vocans
863 672 1139 727 rudiores.
1175 670 1493 727 iumentum
1554 670 2034 743 igiturCornelius
2081 671 2248 724 etiam
2298 669 2457 739 iuxta
2505 666 2776 721 visionem
2842 678 2965 733 qua:
3013 660 3176 717 Petro
3225 662 3293 716 de
3324 660 3729 730 quadrupedibus

500 762 755 833 apparuit
789 761 856 813 ³¹.
889 760 961 813 De
995 758 1312 828 huiusmodi
1340 759 1603 827 iumentis
1628 756 1812 813 Lucas
1846 757 1903 811 in
1938 756 2091 812 Actis
2123 756 2340 822 inquit:
2382 774 2400 807 ι
2436 755 2740 810 Audientes
2768 766 2902 807 vero
2939 759 3131 821 gentes
3159 748 3497 819 gaudebant,
3522 758 3567 801 et
3592 749 3731 802 hono-

499 867 613 906 rem
668 847 995 904 deferebant
1052 848 1222 902 verbo
1284 845 1402 909 Dei,
1458 857 1510 902 et
1537 846 1914 911 crediderunt,
1961 852 2235 915 quotquot
2269 844 2339 899 ad
2367 844 2535 897 vitam
2570 841 2792 896 fuerunt
2829 838 3095 894 destinati
3127 848 3393 892 azternam
3424 834 3490 888 “.
3523 854 3541 885 ι
3578 834 3732 900 Porro,

506 958 523 988 ο
558 936 753 993 Omnia
788 952 911 1007 qua:
941 935 995 989 in
1041 936 1177 990 urbe
1201 945 1332 990 sunt
1359 935 1604 1002 diripies,
1644 955 1663 987 ι
1704 935 1906 1004 inquit.
1939 932 2105 989 Juxta
2134 933 2271 988 illud
2302 949 2317 987 :
2352 952 2371 984 ι
2407 931 2699 1002 Captivum
2756 929 3027 984 ducentes
3075 942 3297 982 onmem
3343 924 3653 979 intellectum
3682 927 3733 977 τι

500 1025 867 1080 obedientiam
887 1023 1089 1077 Christi
1118 1022 1185 1073 ⁸³.
1227 1040 1244 1073 ι
1280 1050 1350 1060 -—
1373 1040 1390 1072 ι
1424 1021 1514 1074 Sic
1553 1020 1742 1084 facies,
1779 1021 1981 1092 inquit,
2012 1022 2271 1077 omnibus
2306 1020 2624 1075 civitatibus
2655 1033 2786 1088 qua:
2820 1016 3068 1087 procula
3112 1026 3164 1070 te
3192 1014 3422 1075 absunt,
3460 1031 3478 1064 ι
3509 1030 3619 1081 qua:
3639 1018 3739 1084 qui-

503 1112 626 1167 dem
660 1122 786 1167 sunt
812 1110 1196 1165 haereticorum
1231 1108 1682 1163 constitutiones.
1712 1110 1792 1164 Ex
1824 1109 2029 1180 quibus
2067 1108 2201 1163 nihil
2231 1110 2413 1163 vivum
2447 1107 2776 1179 capiendum
2811 1112 2916 1160 est.
2949 1103 3093 1170 Quid
3156 1102 3308 1157 enim
3366 1116 3436 1155 ex
3498 1100 3579 1154 his
3624 1104 3742 1155 utili-

502 1202 631 1256 tatis
661 1201 684 1254 ?
715 1199 856 1266 Quin
888 1213 988 1254 nec
1011 1195 1378 1252 auathematis
1407 1212 1508 1252 usu
1539 1197 1787 1266 dignum.
1812 1197 1971 1263 Quod
2008 1197 2153 1253 enim
2184 1196 2497 1252 communis
2534 1210 2731 1252 sensus
2787 1208 3010 1263 expers,
3054 1191 3277 1245 noxium
3310 1196 3422 1244 est.
3454 1206 3474 1239 ι
3514 1188 3737 1243 Corrum-

504 1288 800 1358 puntenim
854 1285 1032 1340 bonos
1065 1299 1247 1338 mores
1280 1282 1554 1349 colloquia
1580 1300 1745 1353 prava
1786 1284 1853 1337 “.
1896 1305 1915 1337 ι

580 1377 701 1433 Νοη
717 1376 1014 1433 eradicabis
1037 1376 1250 1430 arbores
1268 1376 1404 1447 ejus.
1426 1374 1569 1447 lxx,
1594 1374 1705 1447 19.]
1726 1374 1800 1431 Ne
1820 1376 2090 1433 hosticum

2272 1376 2417 1446 Οὐχὶ
2468 1375 2927 1444 ἐξολοθρεύσεις
2978 1374 3052 1429 τὰ
3103 1373 3329 1442 δένδρα
3372 1370 3747 1439 αὐτῆς-,ὡςᾶν

514 1471 823 1527 victoribus
868 1470 961 1524 fiat
1011 1469 1224 1525 inutile.
1254 1468 1440 1539 Neque
1489 1484 1619 1524 vero
1666 1468 1832 1525 arbor
1876 1470 2039 1527 hostil

2224 1467 2285 1539 ιὴ
2309 1468 2586 1538 ἄχρηστος
2608 1466 2839 1536 γένηται
2876 1465 3276 1535 κεκρατηκόσιν
3309 1466 3347 1534 ἠ
3392 1462 3491 1532 γῆ.
3523 1462 3648 1514 Οὐδὲ
3664 1463 3750 1528 vi;

507 1574 616 1631 est,
652 1564 855 1636 inquit,
893 1570 955 1618 ut
997 1562 1186 1618 urbem
1216 1560 1662 1633 expugnantibus
1708 1561 1948 1619 resistat.

2232 1559 2259 1612 ὸ
2287 1558 2505 1629 δένδρον
2534 1558 2793 1629 πολέμιόν
2830 1574 3027 1628 φησιν,
3049 1557 3123 1621 ὡς
3188 1556 3523 1625 ἀντιστῆναι
3573 1554 3753 1623 πολιορ-

2196 1650 2352 1705 χοῦσι
2385 1653 2483 1722 τὴν
2508 1651 2682 1706 πόλιν.

583 1786 864 1856 Quotquot
888 1799 1017 1841 vero
1048 1784 1310 1841 arborum
1345 1784 1565 1840 steriles
1584 1792 1738 1849 sunt,
1772 1784 2167 1842 exscindenda:
2197 1787 2297 1844 tibi
2328 1797 2479 1854 sunt,
2516 1786 2716 1859 inquit,
2749 1802 2859 1858 quo
2907 1787 2967 1843 in
2996 1786 3126 1841 valli
3164 1801 3331 1841 usum
3360 1784 3587 1841 cedant.
3619 1783 3754 1838 επιει-

514 1874 650 1944 liges
710 1889 839 1929 vero
888 1873 1116 1929 arbores
1150 1871 1465 1928 fructiferas
1496 1873 1618 1929 illas
1648 1874 1715 1928 de
1739 1874 1943 1944 quibus
1976 1874 2148 1930 Isaias
2171 1876 2237 1931 ad
2282 1875 2645 1948 Babylonium
2697 1876 2875 1946 inquit
2910 1891 2924 1928 :
2964 1893 2985 1929 ι
3020 1873 3216 1931 Omnis
3252 1884 3409 1929 terra
3436 1874 3631 1942 iubilat
3659 1874 3754 1926 lzta

509 1978 667 2027 voce,
704 1971 755 2017 et
789 1962 938 2031 ligna
972 1961 1165 2017 Libani
1201 1961 1381 2017 laetata
1416 1969 1547 2017 sunt
1574 1961 1644 2017 de
1675 1970 1752 2024 te,
1780 1971 1834 2018 et
1868 1962 2021 2020 cedri
2064 1961 2257 2018 Libani
2284 1962 2489 2020 dicent.
2544 1963 2765 2019 Abhinc
2823 1979 2935 2034 quo
2964 1972 3025 2017 tu
3052 1962 3279 2032 iacuisti
3338 1976 3513 2017 nemo
3566 1968 3645 2015 est
3685 1961 3757 2030 qui

510 2048 826 2104 ascenderit
857 2065 1025 2121 super
1061 2065 1161 2106 nos
1190 2050 1257 2103 ⁸⁸.
1293 2070 1312 2102 ι
1360 2050 1689 2121 Huiusmodi
1727 2066 1951 2122 quoque
1986 2050 2123 2108 illud
2153 2051 2364 2124 lignum
2392 2052 2461 2108 de
2491 2068 2604 2123 quo
2634 2051 2779 2123 apud
2806 2051 3135 2121 Prophetam
3171 2051 3229 2104 in
3259 2049 3539 2120 psalmis:
3573 2067 3592 2099 ι
3630 2048 3755 2113 Quod

509 2136 770 2193 videlicet
794 2138 956 2209 iuxta
997 2138 1149 2209 ripas
1175 2153 1447 2209 aquarum
1478 2149 1585 2202 est,
1629 2139 1775 2209 quod
1809 2139 2049 2195 fructttm
2106 2154 2269 2196 suum
2303 2157 2407 2197 suo
2445 2139 2599 2196 dabit
2653 2148 2905 2211 tempore
2934 2139 3006 2194 ⁸⁸.
3045 2157 3065 2191 ι
3106 2139 3290 2192 Arbor
3327 2135 3624 2192 fructifera
3649 2136 3762 2190 Cor-

511 2226 693 2282 nelius
723 2225 848 2291 fuit,
881 2226 1161 2296 decerpsit
1192 2227 1339 2283 enim
1372 2224 1570 2281 Petrus
1601 2244 1665 2282 ex
1701 2226 1977 2283 fructibus
2024 2228 2169 2299 eius.
2203 2230 2479 2285 Alimonia
2532 2230 2681 2285 enim
2741 2229 3024 2299 iustorum
3066 2227 3423 2283 credentium
3477 2227 3629 2282 salus
3674 2238 3760 2291 est,

509 2316 655 2370 sicut
691 2324 748 2369 et
777 2314 954 2385 ipsius
992 2314 1329 2380 Servatoris,
1368 2315 1461 2385 qui
1524 2315 1705 2384 inquit
1737 2333 1757 2369 :
1792 2332 1810 2365 ι
1850 2314 1962 2386 Ego
1995 2315 2181 2371 cibum
2237 2319 2412 2375 habeo
2466 2318 2867 2374 comedendum
2903 2331 3066 2385 quem
3118 2332 3216 2372 vos
3258 2315 3542 2386 ignoratis
3564 2314 3629 2378 ",
3664 2332 3681 2364 ι
3711 2316 3763 2367 de

512 2400 765 2457 fidelibus
796 2401 852 2456 in
892 2400 1143 2457 Samaria
1177 2402 1432 2472 loquens.
1469 2402 1543 2456 De
1566 2400 1807 2456 fructum
1850 2416 1980 2458 vero
2012 2418 2119 2458 non
2174 2402 2463 2459 edentibus
2495 2400 2794 2457 Zacharias
2832 2401 3005 2456 dicit:
3038 2420 3056 2453 ι
3094 2400 3290 2470 Aperi,
3324 2399 3581 2464 Libane,
3606 2406 3761 2468 portas

512 2498 637 2545 tuas
663 2498 723 2545 ut
745 2490 888 2561 ignis
915 2489 1113 2546 cedros
1143 2499 1269 2546 tuos
1294 2489 1562 2556 devoret;
1596 2492 1765 2559 ulufa,
1796 2493 1976 2557 abies,
2005 2492 2269 2564 quoniam
2294 2490 2496 2546 cecidit
2522 2490 2747 2557 cedrus,
2765 2490 3030 2561 quoniam
3070 2489 3361 2559 magnifici
3394 2488 3560 2542 valde
3595 2487 3761 2541 vastati

520 2585 652 2633 sunt
679 2594 694 2631 :
721 2578 953 2643 ululate,
986 2592 1223 2648 quercus
1276 2578 1331 2633 in
1366 2578 1699 2644 Basauitide,
1737 2581 1998 2650 quoniam
2036 2581 2174 2638 silva
2197 2580 2383 2635 caedua
2418 2586 2698 2649 prostrata
2720 2588 2805 2634 est
2836 2578 2903 2631 ⁸⁸.
2945 2596 2965 2629 ι
2998 2574 3323 2632 Condueere
3362 2591 3504 2633 vero
3533 2575 3598 2630 ad
3626 2590 3763 2645 expc.

515 2667 805 2737 gnationes
836 2666 1057 2721 urbium
1090 2666 1308 2723 steriles
1340 2668 1570 2722 arbores
1613 2670 1790 2737 inquit
1820 2688 1833 2734 ;
1866 2686 1929 2724 ac
1960 2668 2275 2740 huiusmodi
2316 2683 2450 2723 sane
2482 2666 2846 2723 Athenienses
2885 2664 3133 2720 fuerunt.
3177 2665 3318 2722 Nulli
3346 2666 3504 2721 enim
3527 2664 3604 2720 rei
3628 2677 3762 2718 vaca-

520 2762 674 2822 runt,
703 2766 1070 2827 prteterquam
1131 2756 1392 2812 inanibus
1445 2760 1737 2813 verborum
1774 2760 2177 2831 iactationibus
2230 2756 2743 2826 auditionibusque.
2783 2752 3058 2821 Quocirca
3096 2753 3300 2811 Paulus
3336 2756 3592 2809 Athenas
3616 2766 3763 2821 expu-

514 2858 690 2914 gnans
720 2854 775 2898 et
807 2856 1063 2899 evertens
1089 2844 1334 2913 ipsorum
1362 2845 1701 2916 impietatem
1740 2866 1753 2902 :
1805 2866 1824 2900 ι
1864 2847 1979 2902 Viri
2028 2846 2419 2909 Atheuienses,
2452 2844 2653 2914 inquit,
2690 2858 2788 2913 per
2836 2843 3021 2897 omnia
3059 2842 3219 2911 quasi
3274 2841 3769 2912 superstitiosiores

514 2946 616 2986 vos
640 2931 820 2997 video,
854 2932 1036 2987 inveni
1064 2934 1192 2987 item
1224 2949 1376 2988 aram
1408 2950 1531 3004 qua:
1561 2935 1746 3003 ignoto
1780 2936 1890 2991 Deo
1917 2934 2182 3006 inscripta
2236 2943 2340 2989 est.
2374 2931 2510 2986 Eum
2543 2932 2715 3001 igitur
2747 2930 2917 2985 Deum
2950 2946 3113 2999 quem
3146 2945 3243 2985 vos
3282 2945 3381 3000 per
3421 2928 3765 2999 ignorantiam

516 3018 724 3083 colitis,
752 3035 853 3091 ego
884 3021 1042 3077 vobis
1082 3021 1347 3076 denuntio
1370 3023 1437 3075 ⁸⁸.
1477 3042 1496 3075 ι
1538 3021 1703 3077 Vides
1736 3022 1907 3093 igitur
1935 3031 2204 3093 quantum
2242 3021 2378 3091 ipsis
2403 3035 2469 3074 ac
2505 3035 2601 3089 per
2632 3018 2788 3089 ipsos
2810 3018 3009 3071 vallum
3050 3017 3121 3071 sit
3150 3016 3475 3071 demolitus.
3516 3012 3620 3067 Per
3643 3013 3763 3079 quod

525 3108 719 3162 urbem
749 3123 941 3163 eorum
967 3110 1221 3178 quamvis
1254 3125 1363 3165 non
1395 3118 1566 3164 totam
1613 3110 1775 3164 simul
1805 3112 1953 3181 cepit
1979 3126 1990 3161 :
2035 3130 2051 3161 ‹
2076 3109 2312 3176 Quidam
2367 3108 2513 3163 enim
2567 3105 2946 3170 crediderunt,
3005 3120 3240 3175 quorum
3271 3119 3301 3158 e
3332 3119 3571 3157 numero
3594 3101 3771 3171 Dion)-

524 3194 642 3249 sius
666 3209 887 3265 quoque
926 3197 1257 3268 Areopagita
1298 3206 1416 3251 erat
1446 3198 1515 3250 ὀ.
1548 3216 1565 3248 ι
1598 3195 1868 3252 Jeremias
1889 3197 2130 3266 denique
2159 3198 2327 3251 etiam
2361 3197 2711 3251 eradicandis
2748 3196 2965 3265 populis
3000 3194 3338 3249 constitutus
3390 3190 3563 3263 448
3591 3199 3687 3253 est,
3718 3206 3767 3243 ac

524 3290 637 3336 tam
672 3284 960 3339 sterilibus
984 3301 1149 3355 quam
1188 3284 1474 3356 frugiferis
1506 3286 1821 3349 arboribus,
1850 3284 1916 3339 de
1945 3286 2147 3355 quibus
2169 3286 2333 3339 etiam
2360 3284 2493 3349 edit,
2530 3283 2909 3340 conserendis.
2955 3283 3094 3349 Quis
3129 3282 3276 3337 enim
3306 3281 3533 3335 vineam
3562 3280 3766 3349 plantat.

520 3379 575 3425 et
607 3370 675 3426 de
700 3371 973 3428 fructibus
1002 3372 1125 3443 eius
1156 3388 1262 3427 non
1294 3373 1539 3429 vescitur
1565 3373 1589 3426 ?
1616 3372 1771 3439 iuxta
1807 3372 1992 3427 divum
2026 3374 2376 3442 Apostolum.

596 3486 658 3540 Si
676 3487 914 3541 inventus
947 3489 1106 3558 fuerit
1132 3489 1348 3542 saucius
1384 3490 1626 3542 interra.
1660 3486 1826 3559 [ΧΧΙ.
1864 3487 1944 3560 1.]
1977 3487 2312 3545 Vulneratus
2339 3490 2561 3562 quidem
2597 3496 2821 3561 propter
2850 3497 3078 3561 peccata
3107 3496 3299 3543 nostra
3327 3486 3591 3543 Christus
3615 3482 3770 3541 est“.

523 3575 569 3627 A
594 3573 756 3630 Patre
780 3576 1000 3645 quidem
1035 3576 1295 3641 traditus,
1328 3591 1355 3629 a
1390 3575 1594 3631 Iudaeis
1624 3592 1754 3631 vero
1806 3575 2066 3641 afil.etus,
2100 3578 2192 3648 qui
2233 3594 2358 3631 eum
2412 3578 2602 3649 utique
2634 3577 3048 3633 interemissent
3085 3590 3397 3646 nunquam,
3429 3574 3542 3629 nisi
3576 3572 3680 3628 Deo
3710 3571 3771 3624 ita

527 3662 727 3718 fuisset
757 3678 960 3719 visum.
995 3664 1152 3731 Quod
1184 3679 1316 3720 sane
1350 3663 1526 3719 Pilato
1553 3664 1689 3718 dicit
1727 3680 1740 3717 :
1789 3683 1806 3715 ι
1838 3663 1960 3718 Νοιι
2009 3665 2239 3721 haberes
2275 3665 2329 3719 in
2387 3681 2473 3720 me
2502 3672 2827 3735 potestatem
2878 3666 3071 3729 ullam,
3108 3663 3217 3718 nisi
3245 3663 3344 3717 tibi
3376 3676 3619 3733 superne
3645 3665 3773 3714 esset

527 3750 716 3806 datum
744 3753 814 3806 ⁸⁸.
861 3772 881 3804 ι
909 3752 963 3807 In
990 3752 1222 3823 psalmis
1254 3753 1385 3807 item
1420 3752 1484 3807 ad
1512 3751 1729 3806 Patrem
1751 3753 1929 3823 inquit
1966 3770 1980 3807 :
2022 3771 2040 3804 ε
2075 3753 2349 3820 Quoniam
2381 3770 2540 3825 quem
2570 3762 2629 3810 tu
2654 3755 3013 3825 percussisti,
3048 3753 3324 3825 persecuti
3353 3763 3489 3810 sunt
3523 3751 3627 3823 ipsi
3659 3750 3719 3805 ".
3752 3769 3767 3800 ι

529 3840 663 3894 Item
697 3856 713 3895 :
752 3860 771 3893 ι
815 3841 897 3896 Ad
930 3840 1177 3896 dolorem
1208 3842 1496 3896 vulnerum
1525 3855 1769 3895 meorum
1798 3840 2133 3895 addiderunt
2159 3842 2227 3897 “.
2270 3863 2287 3894 ι
2325 3841 2593 3897 Cancrum
2638 3843 2875 3913 populus
2918 3840 3186 3899 Iudaicus
3233 3842 3541 3912 principem
3571 3853 3773 3910 percus-

531 3942 712 3983 sorem
745 3929 1057 3998 ignorabat.
1084 3929 1419 3984 Vulneratus
1453 3928 1623 4000 igitur
1658 3929 1710 3982 in
1743 3927 1931 3983 Iudaea
1967 3930 2189 4000 quidem
2227 3942 2329 3986 est.
2368 3932 2525 4001 Apud
2553 3939 2745 4002 gentes
2782 3945 2913 3986 vero
2953 3931 3275 4002 mysterium
3323 3929 3447 4000 eius
3491 3928 3769 4000 perficitur.

536 4015 738 4069 Bucula
780 4018 928 4071 enim
955 4018 1216 4083 sumitur,
1275 4033 1398 4087 qua:
1442 4016 1724 4071 Christum
1749 4027 2133 4087 repraesentat,
2181 4025 2451 4087 quatenus
2477 4019 2623 4072 enim
2666 4019 2853 4082 homo,
2916 4019 3021 4075 sub
3065 4017 3199 4088 iugo
3238 4016 3364 4071 fuit.
3398 4016 3773 4072 Rursuntver-J

531 4110 689 4155 extra
725 4104 905 4172 ipsum
933 4110 1040 4171 est,
1077 4112 1351 4175 quatenus
1380 4113 1577 4157 natura
1620 4119 1721 4158 sua
1761 4102 1903 4159 Deus
1965 4104 2204 4159 exsistit.
2248 4105 2480 4159 Ducitur
2510 4120 2638 4161 vero
2680 4106 2733 4160 in
2772 4107 2968 4163 vallem
3005 4115 3061 4161 et
3090 4122 3371 4177 asperam,
3402 4116 3459 4163 et
3508 4105 3771 4164 incultam,

535 4190 854 4247 vulneratus
877 4190 1024 4246 enim
1056 4192 1112 4245 in
1139 4205 1307 4247 cruce
1330 4190 1397 4245 ad
1419 4192 1664 4262 gentium
1691 4193 1971 4247 concessit
1993 4194 2199 4258 solum,
2228 4195 2373 4265 quod
2412 4195 2645 4251 antehac
2672 4195 2912 4259 aridum,
2945 4204 2999 4250 et
3028 4196 3297 4251 incultum
3326 4196 3526 4266 iacuit,
3555 4204 3773 4249 vastum-

535 4294 643 4345 que
663 4278 804 4333 adeo
834 4278 958 4344 fuit,
984 4280 1111 4350 quia
1138 4279 1420 4334 fertilitate
1443 4295 1506 4333 ea
1530 4294 1693 4348 quam
1721 4279 1865 4334 Deus
1893 4281 2153 4351 postulat,
2173 4285 2373 4337 caruit.
2406 4281 2484 4335 Ad
2515 4282 2662 4351 quod
2697 4282 2867 4337 Isaias
2920 4282 3101 4353 inquit
3134 4299 3148 4335 :
3180 4300 3199 4334 r
3240 4281 3474 4348 La-tare,
3517 4290 3661 4335 terra
3690 4278 3771 4331 de-

538 4375 707 4433 serta,
740 4373 795 4422 et
823 4367 979 4423 vicus
999 4366 1119 4436 eius
1154 4381 1169 4418 :
1201 4367 1438 4423 exsultet
1471 4367 1711 4432 deserta,
1743 4376 1796 4422 et
1821 4365 2013 4422 floreat
2057 4368 2197 4423 sicut
2231 4369 2407 4423 lilium
2430 4371 2500 4424 ⁸⁸.
2543 4388 2562 4421 ι
2600 4368 2655 4422 In
2706 4386 2815 4439 qua
2857 4371 3078 4439 quidem
3112 4377 3260 4424 terra
3310 4371 3563 4424 Christus
3582 4383 3674 4438 per
3700 4366 3771 4417 di-

537 4456 697 4512 vinos
732 4456 1017 4512 sacrificos
1040 4456 1344 4513 sauciatur.
1376 4454 1659 4512 Passionis
1690 4456 1838 4511 enim
1860 4455 2036 4524 ipsius
2070 4464 2123 4510 et
2146 4456 2571 4513 resurrectionis
2612 4456 3059 4528 praedicationem
3082 4460 3558 4513 consummatione
3587 4465 3773 4524 myste-

537 4545 745 4599 riorum
768 4544 888 4614 eius
920 4543 1177 4601 facimus.
1210 4543 1489 4615 Quotquot
1524 4558 1653 4597 vero
1693 4543 1935 4613 procula
1959 4541 2275 4599 Judzcorum
2313 4545 2594 4615 impietate
2628 4546 2984 4610 recesserint,
3022 4544 3157 4600 urbe
3178 4560 3242 4600 ea
3267 4545 3322 4599 in
3343 4560 3452 4615 qua
3479 4544 3772 4598 vulneratus

538 4642 643 4694 est,
678 4640 733 4687 et
760 4632 1113 4689 excruciatus
1143 4640 1227 4690 est
1259 4633 1515 4687 inventus
1542 4630 1735 4700 procul
1778 4629 1961 4685 valere
2012 4632 2187 4702 iussa,
2244 4632 2557 4686 concedunt
2590 4630 2813 4701 quidem
2856 4631 2912 4686 in
2961 4632 3264 4687 Ecclesiam
3318 4635 3475 4701 prius
3508 4632 3767 4687 incultam.

540 4719 742 4777 ibidem
780 4737 978 4777 manus
1005 4724 1059 4777 in
1092 4722 1212 4793 ipso
1241 4722 1465 4777 Christo
1494 4721 1552 4775 in
1586 4727 1817 4774 mortem
1873 4719 1995 4789 eius
2058 4720 2240 4780 tincti.
2281 4719 2536 4772 abluunt.
2568 4720 2647 4773 Ac
2676 4728 2968 4789 reportant
3013 4728 3166 4775 certe
3194 4730 3550 4790 peccatorum
3588 4716 3768 4772 remis—

541 4809 776 4873 sionem,
805 4824 865 4865 se
898 4810 1133 4865 fatentes
1177 4810 1383 4865 nullam
1410 4818 1619 4879 partem
1653 4807 1857 4861 habere
1883 4822 2009 4861 cum
2040 4807 2319 4877 impietate
2347 4804 2667 4861 Iudaeorum
2699 4808 2793 4877 qui
2824 4807 3125 4864 dixerunt:
3158 4826 3177 4858 ι
3212 4807 3453 4877 Sanguis
3484 4806 3597 4875 eius
3623 4815 3769 4873 super

542 4912 664 4958 nos,
696 4904 749 4951 et
773 4913 939 4967 super
962 4897 1166 4953 liberos
1199 4910 1417 4953 nostros
1447 4895 1515 4948 ".
1557 4914 1575 4947 ι
1622 4894 1894 4949 Caeterum
1924 4894 2198 4964 baptismo
2226 4895 2502 4965 repurgati
2524 4934 2540 4959 ,
2572 4896 2728 4950 aiunt
2758 4914 2771 4951 :
2808 4895 3002 4951 Manus
3035 4905 3241 4951 nostra:
3274 4895 3592 4964 sanguinem
3642 4892 3769 4944 hunc

544 5000 650 5038 non
688 4983 1021 5040 effuderunt.
1055 4988 1134 5041 Ae
1164 4986 1266 5040 etsi
1292 5001 1359 5040 ex
1396 4984 1603 5039 Iudaeis
1631 4981 1857 5045 fuerint.
1886 4983 2035 5037 oneri
2071 4982 2453 5038 communitati
2474 4996 2668 5037 eorum
2708 4991 2890 5039 tamen
2941 4984 3423 5038 renuntiaverunt.
3464 4981 3609 5049 Quod
3649 4993 3768 5034 sane

543 5080 823 5150 discipuli,
856 5090 911 5137 et
941 5082 1033 5152 qui
1093 5081 1229 5150 ipsis
1257 5079 1631 5144 crediderunt,
1654 5077 1923 5133 fecerunt.
1952 5076 2166 5144 Quibus
2193 5077 2381 5149 utique
2412 5078 2611 5135 merito
2634 5083 2953 5136 reverentia:
2980 5095 3270 5151 personam
3290 5095 3414 5151 qua:
3433 5094 3583 5133 suam
3608 5076 3771 5146 digni~

547 5172 711 5218 litem
741 5181 769 5218 a
808 5164 913 5220 fide
929 5166 1155 5235 accipit,
1190 5166 1315 5236 quis
1344 5163 1578 5219 deferat.

614 5273 682 5327 Et
711 5275 902 5329 videris
928 5275 1067 5330 inter
1093 5275 1331 5345 captivos
1362 5272 1635 5328 mulierem
1658 5273 1833 5342 [arma
1893 5282 2189 5330 venustam.
2221 5276 2361 5349 [IL]
2395 5276 2606 5333 Radere
2638 5284 2804 5349 caput
2860 5287 2916 5331 et
2961 5277 3279 5348 supercilia,
3320 5278 3637 5333 domesticos
3656 5276 3765 5331 item

545 5378 676 5419 suos
714 5364 899 5436 lugere
936 5366 1161 5436 triginta
1198 5364 1391 5420 diebus
1418 5364 1594 5433 iubet,
1624 5380 1735 5434 quo
1762 5375 2023 5433 aspectus
2058 5367 2143 5421 sui
2176 5373 2329 5420 tanta
2356 5367 2701 5437 turpitudine
2731 5364 3071 5422 desiderium
3097 5368 3274 5433 sedet,
3305 5383 3370 5421 ac
3392 5364 3766 5421 lamentationis

546 5458 792 5520 tempore
812 5468 967 5507 amor
986 5452 1317 5523 depellatur.
1350 5451 1468 5506 Non
1503 5452 1653 5506 enim
1678 5463 1860 5507 mente
1889 5451 2100 5507 effrena
2129 5453 2195 5507 ad
2228 5454 2712 5524 eoncupiscentias
2734 5462 2819 5509 est
2853 5453 3259 5510 accedendum.
3292 5454 3369 5509 ita
3400 5469 3607 5525 quoque
3642 5451 3767 5505 Deus

544 5536 833 5611 Egyptios
858 5556 983 5597 cum
1011 5547 1409 5613 oppugnasset.
1441 5537 1728 5595 Judaicam
1765 5554 1796 5594 a
1845 5540 2094 5611 patribus
2116 5542 2404 5596 oriundam
2470 5541 2817 5613 Synagogam
2863 5551 3152 5597 venustam
3199 5542 3358 5609 vidit,
3388 5544 3559 5614 adque
3584 5540 3769 5595 cultum

625 5715 669 5785 f'
710 5712 854 5768 Psal.
892 5730 1055 5781 xxxv,
1096 5716 1145 5768 7.
1222 5716 1265 5747 τί
1306 5716 1427 5770 Act.
1456 5732 1508 5772 ιι.
1545 5713 1633 5777 if,
1664 5714 1750 5767 ii.
1829 5715 1873 5746 ⁸⁸
1910 5717 2031 5771 Act.
2060 5730 2184 5780 xm,
2217 5714 2309 5785 48.
2386 5712 2496 5785 fill
2530 5711 2658 5785 Cor.
2688 5729 2750 5785 ι,
2780 5713 2834 5768 5.
2866 5784 2873 5785 ί
2940 5714 2987 5785 βδ
3021 5712 3151 5785 Sap.
3185 5730 3244 5785 tt,
3276 5712 3345 5785 ὃς
3380 5713 3549 5785 iCor.
3578 5727 3665 5785 rxiv,
3690 5709 3765 5785 τῇ.

554 5782 605 5815 ⁸³
630 5784 735 5837 lsa.
782 5800 924 5845 \LIV,
958 5779 1049 5840 ’ἰδέ
1153 5787 1198 5817 ⁸⁸
1226 5785 1366 5839 Psal.
1413 5800 1466 5847 ι,
1499 5786 1553 5840 5.
1663 5786 1707 5816 ⁸⁷
1738 5784 1895 5840 Joan.
1932 5800 2003 5848 Iv,
2040 5786 2080 5838 ὅτ

2238 5783 2508 5855 ’Zachar.
2536 5799 2610 5848 ιιι,
2639 5783 2689 5840 i.
2727 5784 2783 5837 2.
2858 5784 2904 5816 ⁸⁹
2922 5779 3150 5855 Aet.vt't,
3184 5784 3376 5855 22-24.
3437 5785 3494 5855 7"
3522 5783 3640 5837 ibid.

560 5855 605 5889 ⁸³
637 5855 740 5910 isa.
770 5870 886 5920 Lm,
1045 5858 1088 5889 θ’
1116 5855 1277 5913 Joau.
1321 5872 1432 5923 xxx,
1476 5856 1558 5909 fi.
1672 5858 1715 5888 9°
1738 5854 1883 5912 I‘sal.
1908 5871 2097 5921 exvm,
2122 5853 2213 5909 ‘27.
2321 5854 2366 5887 ⁸⁸
2396 5854 2524 5909 ibid.
2606 5854 2652 5886 ’⁸
2678 5855 2781 5910 lsa.
2818 5870 2981 5920 xxxv,
3015 5856 3063 5922 I,
3094 5854 3149 5909 9..
3226 5856 3272 5887 "
3299 5854 3487 5910 Matth.
3518 5848 3758 5914 xsvu,25.
