4090 6556
3466 198 3475 231 i’

258 415 373 483 9.9.5
1180 421 1721 487 COMMENTARII
1768 426 1852 489 IN
1892 428 2599 500 DEUTERONOMIUM.
3454 434 3557 503 99.6

254 551 427 634 suum
450 535 909 634 accommodavit.
942 536 1023 593 Ac
1048 537 1376 610 priusquam
1401 542 1825 599 tabernaculum
1850 560 2012 601 suum
2038 545 2270 616 ﬁxisset,
2296 564 2532 621 eamque
2563 552 2990 619 introduxisset,
3010 567 3072 608 ac
3091 567 3187 623 per
3213 552 3463 607 umbram
3488 555 3552 607 ad

256 624 556 714 veritatem
588 624 935 714 deduxisset,
971 635 1139 697 caput
1163 628 1584 697 quodammodo
1608 631 1729 699 ejus
1760 632 1947 688 animo
1982 638 2048 691 ab
2080 637 2407 695 idololatriae
2429 643 2857 712 cogitationibus
2881 652 3198 714 repurgato,
3235 642 3553 706 denudavit,

255 712 456 768 dcens
494 731 507 767 :
548 729 567 759 ο
598 710 718 767 Non
751 724 915 801 erunt
946 714 1044 768 tibi
1074 714 1151 768 dii
1180 715 1275 769 alii
1307 724 1510 786 praeter
1536 733 1625 775 me
1652 718 1724 785 ⁸⁷,
1763 739 1783 771 ι
1816 729 1871 776 et
1894 721 2000 777 alia
2040 725 2094 780 id
2127 728 2369 796 generis.
2407 710 2559 798 Opus
2589 733 2735 789 enim
2774 732 2912 801 ipsis
2946 710 3365 801 cogitationum
3398 731 3554 784 novi-

256 806 544 897 tate-erat,
573 807 628 855 et
655 809 716 855 ut
746 799 952 856 Paulus
981 802 1167 897 inquit
1192 803 1260 867 ’⁸,
1306 804 1697 897 transiormari
1755 811 1961 865 mentis
1993 811 2377 883 innovatione,
2409 818 2475 871 ad
2509 799 2922 888 approbandum
2974 799 3314 873 voluntatem
3372 818 3551 888 ipsius

255 884 357 989 Dei
390 886 625 989 bonam,
646 902 927 989 serenam,
961 888 1344 989 etperi‘ectam
1376 893 1541 989 modo
1579 895 1842 964 quodam.
1874 896 2046 957 Porro
2070 906 2340 975 unguium
2379 884 2690 976 longiorum
2723 908 2960 977 abjectio
2993 908 3243 962 sordium
3278 884 3408 978 quae
3445 910 3512 961 hu
3539 941 3544 946 ε

248 977 500 1077 jusmedi
532 986 961 1077 consequuntut:
1005 981 1411 1077 depositionem
1444 984 1692 1041 denotat.
1725 986 1968 1054 Quarum
2023 994 2340 1049 consimiles
2382 997 2575 1051 sordes
2621 997 2690 1051 ab
2723 997 2908 1050 anima
2956 977 3335 1066 abstergens:
3370 1015 3387 1046 ι
3425 994 3545 1049 Non

255 1066 489 1121 occides
515 1105 530 1126 .
562 1066 764 1136 inquit,
796 1083 907 1122 non
935 1067 1213 1124 furaberis
1243 1072 1313 1135 ³³,
1349 1090 1368 1123 ι
1398 1083 1451 1127 ct
1482 1088 1605 1142 quae
1633 1074 1845 1148 deinec]

1976 1078 2251 1136 Caeterum
2294 1085 2635 1154 captivitatis
2679 1085 2849 1139 vestis
2885 1074 3138 1139 servilem
3177 1083 3451 1150 habitum,
3484 1100 3549 1136 ae

254 1152 968 1253 .inimalitiamnrelapsum
1018 1166 1401 1227 repraesentat,
1452 1159 1612 1230 juxta
1639 1161 1774 1217 illud
1812 1178 1827 1218 :
1890 1164 2125 1222 llomine
2187 1152 2377 1226 vetere
2404 1186 2529 1225 cum
2575 1172 2887 1227 actionibus
2932 1171 3049 1227 suis
3088 1181 3278 1233 exuto,
3311 1183 3364 1225 et
3405 1186 3547 1225 novo

254 1239 481 1341 induto,
522 1242 615 1313 qui
642 1242 902 1341 Christus
923 1253 1029 1313 est,
1057 1262 1220 1341 quem
1260 1264 1356 1319 per
1384 1249 1631 1305 divinum
1663 1252 2011 1321 baptismum
2053 1257 2393 1325 induimus‘,
2421 1260 2639 1315 Satanae.
2661 1261 3002 1331 captivitatis
3038 1261 3366 1315 vestimenta
3412 1276 3538 1329 pro-

247 1332 621 1429 ξίθξθξιῑεευρι
652 1332 958 1429 gratiarum
998 1335 1249 1392 actiones
1279 1352 1380 1392 seu
1412 1337 1606 1394 laudes
1643 1338 1756 1395 Deo
1811 1342 2124 1411 oﬂ'erentes,
2162 1346 2400 1401 dicimus
2432 1365 2445 1400 :
2476 1367 2494 1400 ι
2532 1347 2783 1405 Exsultat
2828 1348 3011 1401 anima
3039 1362 3157 1402 mea
3186 1348 3241 1401 in
3279 1344 3544 1401 Doariuo-

253 1416 620 1506 induitienim
654 1434 741 1475 me
775 1420 1112 1479 vestimento
1142 1424 1363 1489 salutis,
1399 1435 1453 1481 et
1503 1426 1693 1482 tunica
1744 1429 1947 1487 laetitiae
1967 1433 2009 1487 ¹.
2047 1452 2066 1486 ι
2097 1433 2253 1500 Quod
2288 1435 2491 1492 Paulus
2520 1450 2743 1506 quoque
2772 1436 2946 1490 sensit
2986 1450 3111 1491 cum
3159 1434 3370 1502 inquit:
3403 1453 3421 1484 ‹
3455 1436 3547 1488 ln-

262 1504 420 1607 duto.
444 1505 679 1607 Domino
711 1508 1060 1607 nostro-Jesu
1082 1511 1330 1578 Christo,
1372 1516 1561 1573 carnis
1592 1518 1928 1574 voluntatem
1959 1538 2027 1577 ne
2060 1522 2278 1579 faciatis
2305 1524 2374 1580 ad
2434 1504 2923 1595 concupiscentias
2947 1526 2989 1579 ³.
3026 1544 3047 1578 ι
3085 1524 3276 1579 Restat
3320 1538 3450 1578 vero
3488 1539 3547 1585 ιιι

250 1595 547 1695 cohabitet
573 1612 698 1653 cum
723 1596 836 1695 Deo
876 1600 986 1656 ritu
1025 1612 1230 1695 nuptas,
1258 1603 1561 1674 deploratis
1619 1608 1774 1677 prius
1827 1610 2278 1680 progenitoribus
2312 1611 2452 1672 suis.
2493 1612 2692 1667 suﬂicit
2732 1613 2879 1666 enim
2907 1611 2954 1667 si
2987 1615 3166 1666 vocati
3201 1609 3353 1665 brevi
3388 1620 3529 1664 tem—

251 1687 412 1782 poris
436 1692 648 1782 tantum
678 1687 861 1757 spatio
884 1691 1191 1745 carnalium
1225 1693 1606 1751 recordentur.
1644 1694 1847 1750 Deinde
1870 1712 1998 1753 vero
2023 1700 2303 1770 repurgati
2336 1698 2406 1753 ab
2435 1700 2631 1753 horum
2659 1699 2924 1753 memoria
2954 1714 3091 1768 pure
3130 1697 3349 1767 possint
3375 1699 3542 1751 coha-

251 1771 432 1873 bitare
453 1772 581 1828 Deo.
612 1773 805 1844 Itaque
829 1777 922 1846 qui
956 1792 1022 1833 ex
1048 1777 1288 1850 IEgypto
1310 1790 1473 1836 erant
1501 1783 1707 1853 egressi
1766 1784 1845 1853 ips

2013 1784 2409 1841 desiderabant
2460 1786 2684 1852 iterum,
2727 1801 2790 1840 ac
2832 1787 3091 1841 dicebant.
3133 1805 3146 1841 :
3191 1804 3208 1836 ι
3259 1784 3485 1841 Utinam
3513 1798 3542 1836 a

250 1858 493 1917 Domino
539 1864 795 1934 percussi
840 1865 898 1921 in
953 1876 1100 1923 terra
1129 1868 1351 1941 Egypti
1401 1873 1863 1932 occubuissemus
1894 1875 1936 1931 ⁸.
1970 1873 2453 1930 tConclamabant
2484 1872 2704 1945 quoque
2755 1883 2950 1928 contra
3005 1873 3230 1927 Mosen:
3275 1891 3292 1922 ι
3330 1869 3540 1941 Ecquid

244 1961 355 2049 nos
389 1949 629 2049 eduxisti
656 1951 1023 2049 indese-rtuin
1058 1954 1165 2029 hoc
1194 1957 1259 2049 f?
1289 1977 1309 2011 ι
1344 1956 1464 2049 Non
1489 1959 1800 2049 imperandi
1841 1962 2007 2034 igitur
2036 1963 2145 2017 vim
2171 1962 2336 2017 habet
2370 1961 2528 2028 illud,
2556 1961 2789 2032 lugebit,
2819 1961 2914 2016 sed
2949 1970 3172 2031 propter
3199 1958 3365 2031 449
3389 1957 3539 2011 inﬁr-

246 2039 521 2103 mitatem,
550 2039 928 2107 permittendi.
962 2040 1088 2113 lpse
1124 2044 1274 2099 enim
1298 2046 1461 2116 quale
1492 2062 1594 2103 uos
1626 2048 1944 2119 ﬁgmentum
1977 2049 2173 2115 simus,
2204 2049 2379 2104 novit.
2414 2048 2556 2103 Illud
2591 2065 2722 2104 vero
2752 2064 2767 2102 :
2803 2067 2821 2102 ι
2855 2047 3081 2104 Sedebit
3120 2048 3176 2102 in
3199 2047 3362 2102 domo
3389 2054 3537 2111 tua,»

245 2127 714 2182 consuetudinem
745 2137 1068 2199 perpetuam
1100 2132 1460 2203 signillcavit.
1492 2136 1668 2203 Quam
1693 2139 1954 2209 consequi
1982 2139 2042 2192 in
2076 2137 2219 2193 votis
2254 2136 2423 2193 David
2470 2137 2687 2199 habuit,
2733 2153 2858 2191 cum
2899 2136 3080 2207 inquit
3112 2154 3125 2189 :
3167 2154 3185 2187 ι
3226 2133 3407 2190 Unum
3440 2148 3542 2204 po-

244 2213 452 2269 stulavi
474 2228 506 2268 a
532 2213 788 2281 Domino,
821 2225 878 2272 ut
920 2217 1171 2277 habitare
1215 2236 1434 2292 possem
1466 2227 1522 2280 in
1558 2224 1723 2281 domo
1761 2225 1976 2280 Domini
2007 2225 2269 2281 omnibus
2312 2225 2511 2280 diebus
2549 2227 2680 2280 vitae
2703 2240 2838 2279 mete
2876 2225 2919 2289 ⁸,
2952 2243 2970 2276 ι
3022 2230 3076 2278 et
3105 2222 3392 2291 deinceps.
3420 2220 3541 2287 Quo

244 2299 564 2357 Ecclesiam
596 2317 818 2376 quoque
839 2305 1085 2377 gentium
1121 2309 1436 2379 impellens,
1473 2312 1654 2383 inquit
1681 2329 1697 2369 :
1734 2332 1752 2365 (
1787 2312 1955 2387 Audi,
1979 2314 2111 2378 illia,
2139 2322 2194 2369 et
2222 2312 2365 2379 vide,
2391 2321 2448 2369 et
2471 2313 2678 2368 inclina
2705 2328 2893 2367 aurem
2926 2320 3103 2376 tuam,
3131 2320 3186 2365 et
3210 2310 3542 2366 obliviscere

247 2388 442 2459 populi
467 2390 547 2444 tui
573 2430 589 2455 ,
642 2401 698 2447 et
744 2391 944 2449 domus
979 2397 1152 2465 patris
1183 2397 1287 2464 tui,
1328 2398 1591 2468 quoniam
1619 2401 1939 2470 concupivit
1973 2417 2065 2456 rex
2107 2400 2578 2471 pulchritudinem
2624 2408 2774 2454 tuam
2817 2399 2859 2454 ⁷.
2882 2419 2901 2451 ι
2923 2399 3211 2470 Spirituali
3244 2413 3376 2453 vero
3413 2396 3542 2452 uni-

244 2486 359 2533 tate
384 2478 774 2551 conjtmgimur
801 2497 906 2539 nos
943 2482 1212 2542 Domino:
1260 2503 1280 2538 ι
1320 2486 1426 2554 Qui
1450 2489 1596 2544 enim
1633 2489 1864 2544 Domino
1889 2489 2302 2560 conglutinatus
2323 2497 2429 2555 est,
2469 2503 2613 2543 unus
2648 2488 2879 2559 spiritus
2928 2488 3076 2543 est“.
3114 2505 3134 2538 ι
3160 2518 3230 2528 ς-
3262 2504 3281 2538 ι
3319 2484 3474 2551 Quod
3490 2485 3539 2540 si

246 2581 383 2623 vero
407 2567 507 2623 tibi
538 2584 650 2625 non
681 2570 975 2640 placuerit,
1014 2582 1345 2643 potestatem
1380 2578 1466 2633 sui
1498 2577 1584 2633 fac
1614 2586 1786 2650 atque
1816 2578 2050 2634 dimitte.
2083 2596 2103 2630 ι
2131 2576 2249 2632 Sub
2279 2578 2440 2633 hasta
2486 2592 2625 2632 vero
2648 2576 2885 2648 pecunia
2915 2590 3024 2630 non
3054 2574 3353 2631 vendetur.
3394 2572 3543 2638 Qua-

244 2664 474 2727 propter
505 2671 631 2713 cum
655 2657 976 2715 Judaaorum
1015 2659 1304 2734 Synagoga
1328 2665 1382 2720 in
1412 2665 1694 2721 Christum
1732 2666 2079 2737 deliquisset,
2124 2680 2292 2721 exosa
2324 2666 2548 2736 quidem
2597 2674 2708 2728 est,
2760 2678 2869 2718 non
2904 2664 2974 2719 ita
3002 2672 3189 2717 tamen
3217 2669 3279 2716 ut
3306 2659 3532 2731 penitus

246 2745 506 2821 tradatur
565 2743 807 2802 Satanae.
869 2747 993 2803 Non
1042 2749 1188 2805 enim
1218 2751 1492 2808 idolorum
1519 2753 1691 2809 cultui
1734 2770 1795 2811 se
1828 2753 2061 2816 addixit,
2106 2762 2397 2823 postquam
2433 2768 2461 2806 a
2497 2752 2589 2807 Dei
2618 2752 3010 2807 familiaritate
3045 2749 3364 2812 defecisset,
3389 2747 3528 2819 quin

242 2832 427 2889 adhuc
453 2833 509 2888 in
538 2833 662 2903 ejus
694 2834 846 2891 cultu
864 2836 1133 2906 persistit,
1168 2838 1454 2912 legemque
1484 2842 1740 2898 excolere
1758 2842 2003 2899 videtur.
2028 2840 2149 2896 Non
2182 2840 2331 2896 enim
2357 2850 2690 2910 aspernatus
2717 2847 2803 2896 est
2833 2854 2954 2894 eam
2986 2853 3152 2908 quam
3188 2837 3348 2908 prius
3378 2835 3530 2891 dele-

242 2920 346 2988 git.
404 2919 578 2976 Porro
632 2936 732 2993 per
784 2922 1122 2995 virginitatis
1176 2935 1386 2984 statum
1436 2929 1911 2998 bumiliationem,
1959 2938 2055 2985 aut
2123 2935 2277 2985 certe
2325 2929 2637 3001 spiritualis
2691 2926 3108 2999 conjunctionis
3161 2924 3386 2980 modum
3440 2923 3543 2982 de-

236 3014 415 3065 notat.
1874 3054 1879 3057 .

316 3098 370 3153 Ν
378 3116 444 3154 on
466 3098 660 3169 poterit
679 3099 1080 3172 primogenitum
1099 3102 1273 3173 facere
1297 3104 1468 3175 ﬁlium
1486 3106 1713 3174 dilecta’,
1740 3106 1977 3178 despecto
2000 3106 2114 3177 [ilio
2138 3106 2353 3162 adiam.
2378 3106 2545 3179 [XX],
2571 3106 2684 3179 16.]
2706 3106 2834 3161 Duae
2855 3106 3115 3162 mulieres
3138 3120 3252 3161 rem
3281 3119 3404 3158 cum
3431 3102 3544 3159 Deo

242 3186 565 3242 habuerunt
601 3204 615 3242 :
648 3195 704 3243 et
731 3186 1049 3245 Judaeorum
1084 3190 1374 3265 Synagoga
1398 3232 1414 3258 ,
1455 3203 1510 3250 et
1541 3196 1831 3267 gentilium
1862 3196 2129 3251 Ecclesia.
2162 3194 2404 3260 Quarum
2456 3195 2612 3265 prior
2645 3209 2813 3250 exosa
2847 3202 2932 3249 est
2953 3235 2968 3261 ,
3008 3202 3070 3247 ut
3102 3197 3245 3248 enim
3276 3190 3543 3246 Jeremias

242 3277 428 3347 inquit
456 3291 471 3327 :
509 3295 527 3327 ι
559 3273 642 3330 Tu
674 3286 918 3332 scortata
947 3293 1008 3334 es
1036 3295 1161 3334 cum
1196 3283 1518 3351 pastoribus
1550 3285 1777 3349 multis,
1806 3293 1861 3340 et
1888 3282 2144 3341 reﬂexisti
2174 3283 2241 3337 ad
2273 3298 2379 3347 nte,
2413 3284 2549 3337 dicit
2583 3280 2916 3337 Dominus”.
2950 3300 2967 3332 ι
3004 3279 3070 3333 Et
3100 3281 3295 3334 iterum
3330 3298 3341 3333 ε
3374 3296 3392 3329 ‹
3419 3277 3539 3333 Non

241 3372 512 3434 tanquam
542 3362 842 3422 Dominum
876 3380 961 3421 me
991 3368 1227 3435 vocasti,
1253 3378 1307 3424 et
1337 3378 1577 3441 patrem,
1614 3380 1668 3427 et
1696 3372 1889 3427 ducem
1922 3369 2260 3441 virginitatis
2292 3370 2484 3424 tua-4°.
2521 3388 2541 3421 ι
2578 3367 2757 3437 Hujus
2791 3368 2984 3423 uxoris
3022 3368 3166 3422 [ilius
3197 3364 3539 3437 primogeni-

242 3463 331 3507 tus
366 3450 647 3505 Abraham
676 3459 730 3507 et
767 3455 852 3509 sui
890 3451 1118 3509 fuerunt
1146 3496 1161 3521 ,
1200 3459 1454 3527 quamvis
1484 3470 1669 3530 patres
1700 3462 1944 3531 ipsorum
1973 3460 2065 3529 jus
2094 3458 2453 3514 reddiderunt
2482 3498 2497 3524 ,
2532 3467 2586 3513 et
2617 3465 2894 3528 quotquot
2919 3456 3005 3513 his
3032 3463 3162 3511 ante
3186 3454 3423 3527 gratiam
3452 3453 3536 3507 si-

243 3539 408 3594 miles
428 3546 579 3594 suut.
614 3537 886 3594 Caeterum
916 3540 984 3596 de
1016 3543 1265 3614 gentium
1298 3544 1549 3603 Ecclesia
1575 3546 1743 3601 David
1777 3548 1952 3619 inquit
1983 3565 1997 3601 :
2030 3566 2048 3598 ι
2078 3545 2243 3612 Audi,
2279 3546 2409 3613 ﬁlia,
2440 3554 2494 3601 et
2521 3545 2667 3609 vide,
2693 3553 2748 3599 et
2785 3544 2991 3599 inclina
3025 3558 3217 3599 aurem
3252 3548 3404 3595 tuam
3428 3541 3497 3603 “,
3518 3557 3537 3591 ι

241 3636 297 3682 et
341 3642 468 3698 quae
517 3627 800 3699 deinceps.
850 3628 1052 3687 Beatus
1106 3630 1249 3689 item
1299 3631 1553 3692 Paulus:
1589 3654 1609 3689 ι
1639 3636 1974 3708 Desponsavi
2011 3651 2111 3692 vos
2154 3634 2250 3690 uni
2296 3635 2452 3702 viro,
2498 3643 2560 3690 ut
2599 3634 2875 3707 virginem
2921 3641 3131 3689 castam
3185 3630 3412 3687 Christo
3466 3628 3543 3684 si-

246 3726 454 3774 sterem
476 3716 538 3771 “.
569 3735 589 3769 ι

315 3805 451 3859 Ὅτε
481 3803 751 3859 ἀποδώσει
781 3804 1028 3878 δηλονότι
1056 3807 1275 3881 ἑκάστῳ
1305 3810 1447 3865 κατά
1475 3810 1543 3864 τὰ
1568 3809 1706 3882 ἔργα
1730 3812 1833 3865 αὐ-

2009 3810 2242 3879 Quando
2271 3810 2441 3883 igitur
2496 3809 2801 3879 unicuique
2857 3808 3052 3865 reddet
3109 3823 3213 3879 pro
3275 3805 3541 3878 operibus

240 3893 364 3961 τοῦ,
400 3895 500 3967 οὐχ
529 3895 864 3967 ὑπερόψεται
890 3898 985 3953 τὸν
1011 3900 1360 3972 πρωτότοκον
1387 3902 1504 3957 υίδν
1523 3905 1625 3975 τῆς
1651 3920 1843 3974 μισου-

250 3987 446 4059 μένης,
483 3988 599 4042 ἀλλ’
623 3989 996 4058 ἐπιγνώσεται
1025 3991 1215 4049 δοῦναι
1261 3993 1414 4066 αὑτῷ
1441 3993 1640 4051 διπλᾶο
1673 3995 1755 4048 ὅτι
1785 4012 1847 4047 τε

245 4079 359 4149 πρὸ
384 4079 485 4151 τῆς
521 4080 745 4151 χάριτος
777 4081 1071 4152 γεγόνασι,
1109 4083 1207 4139 καὶ
1240 4083 1521 4139 πολιτείαν
1552 4084 1842 4155 εὐαγγελι-

242 4171 350 4243 κὴν
398 4174 769 4240 ἐπεδείξαντο,
796 4176 894 4230 καὶ
925 4175 1015 4230 διὰ
1046 4176 1300 4246 ιπίστεως
1348 4176 1840 4251 ἐμαρτυρήθησαν.

247 4266 416 4322 Ὥστε
471 4269 585 4341 (97)
650 4270 747 4326 καὶ
794 4273 875 4336 εἰς
926 4272 1166 4337 κόλπους
1208 4272 1411 4341 αὐτῶν,
1446 4274 1704 4346 Ἀϐραὰμ
1749 4274 1845 4328 καὶ

256 4360 447 4416 Ἰσαὰκ
489 4362 586 4417 καὶ
611 4361 830 4429 Ἰακὼϐ,
864 4363 994 4429 τοὺς
1027 4365 1372 4435 σωζομένους
1418 4366 1665 4430 ἅπαντας
1708 4368 1844 4421 ἀνα·

246 4454 539 4517 παύεσθαι,
573 4454 715 4510 κατὰ
760 4455 862 4526 τὴν
911 4454 1007 4509 τοῦ
1056 4456 1313 4528 Σωτῆρος
1355 4457 1565 4528 φωνήν.
1597 4456 1738 4528 Φησὶ
1787 4456 1844 4509 δὲ

244 4548 340 4601 καὶ
386 4545 627 4614 Παῦλος,
668 4545 906 4601 ιἘλαὸε
939 4547 998 4601 δὲ
1031 4546 1286 4618 Ἀϐραὰμ
1317 4549 1622 4618 περιτομὴν
1657 4564 1838 4617 σφρα-

242 4639 374 4710 γῖδα
406 4642 509 4710 τῆς
533 4639 887 4711 δικαιοσύνης
904 4641 1002 4711 τῆς
1023 4639 1259 4704 πίστεως
1283 4640 1385 4710 τῆς
1408 4641 1465 4693 ὲν
1483 4640 1842 4712 ἀκροϐυστίᾳ,

243 4734 327 4796 είς
356 4732 421 4786 τὸ
456 4726 599 4785 εἶναι
644 4731 809 4787 αὑτὸν
837 4732 1053 4803 πατέρα
1083 4732 1304 4786 πάντων
1336 4731 1447 4785 τῶν
1476 4732 1844 4785 πιστευόντων

242 4823 314 4878 δι’
330 4822 710 4896 ἀκροϐυστίας
729 4840 743 4856 ·
778 4824 862 4888 είς
884 4823 947 4877 τὸ
971 4823 1292 4894 λογισθῆναι
1320 4823 1415 4876 καὶ
1439 4822 1624 4887 αὐτοῖς
1649 4822 1749 4895 τὴν
1769 4824 1846 4877 δι-

244 4916 577 4987 καιοσύνην·
610 4916 707 4970 καὶ
738 4915 955 4988 πατέρα
986 4915 1314 4987 περιτομῆς,
1349 4916 1411 4969 οὐ
1439 4918 1553 4980 τοῖς
1585 4918 1649 4969 ὲκ
1681 4933 1841 4988 περι-

241 5011 424 5080 τομῆς
457 5006 797 5079 μόνον,ὰλλὰ
826 5006 923 5061 καὶ
952 5008 1067 5071 τοῖς
1104 5006 1377 5077 στοιχοῦσι
1403 5007 1516 5069 τοῖς
1550 5005 1724 5076 ἴχνεσι
1742 5006 1845 5077 τῆς

245 5104 303 5156 ὲν
328 5099 676 5173 ἀκροϐυστίᾳ
715 5099 951 5164 πίστεως
981 5098 1077 5153 τοῦ
1108 5098 1316 5171 πατρὸς
1341 5098 1500 5169 ἡμῶν
1533 5098 1837 5169 Ἀϐραάμ.»

1950 3902 2159 3975 ipsius,
2196 3918 2307 3958 non
2363 3903 2607 3975 negliget
2656 3917 2837 3959 exosa:
2891 3900 3351 3972 primogenitum,
3402 3912 3541 3968 quo-

1948 3996 2097 4051 niam
2130 3994 2379 4067 politiam
2412 3994 2785 4067 evangelicam
2817 4008 2930 4065 prae
2970 4008 3029 4048 se
3062 3992 3329 4052 tulerunt,
3360 3997 3414 4045 et
3445 4004 3541 4059 per

1948 4085 2111 4141 ﬁdem
2141 4084 2527 4141 testimonium
2555 4084 2840 4139 consecuti
2875 4090 3025 4147 sunt,
3059 4081 3206 4153 quod
3236 4081 3292 4135 iu
3327 4078 3538 4152 gremio

1946 4192 2137 4233 eorum
2168 4176 2428 4232 omnibus
2464 4175 2899 4231 recumbentium
2942 4175 3069 4239 siet,
3097 4172 3252 4244 juxta
3278 4170 3540 4227 Servato-

1946 4270 2025 4327 ris
2061 4269 2270 4325 dictum
2295 4269 2361 4324 ¹³.
2392 4268 2623 4325 Necnon
2670 4267 2877 4323 Paulus
2905 4281 3125 4338 quoque
3154 4264 3288 4319 dicit
3325 4282 3339 4318 :
3381 4282 3397 4315 t
3429 4264 3537 4316 Ac-

1946 4362 2093 4432 cepit
2145 4376 2277 4418 vero
2328 4361 2609 4416 Abraham
2648 4359 3131 4416 circumcisionem
3156 4397 3172 4421 ,
3202 4357 3421 4429 signum
3450 4355 3540 4427 ju-

1946 4454 2110 4509 stitia:
2164 4468 2288 4525 quae
2344 4454 2513 4509 etiam
2556 4451 2611 4506 in
2661 4451 2932 4522 praeputio
2969 4466 3064 4520 per
3098 4450 3257 4505 (idem
3294 4449 3537 4514 obvenit,

1946 4553 2177 4601 utesset
2211 4555 2368 4616 pater
2397 4545 2643 4598 omnium
2683 4542 3029 4598 credentium
3066 4543 3121 4596 in
3160 4542 3447 4610 praeputio,
3480 4548 3538 4593 ut

1946 4646 2001 4696 et
2032 4637 2143 4692 illis
2174 4652 2397 4707 quoque
2426 4637 2796 4705 imputaretur
2825 4632 3038 4703 justitia
3062 4671 3078 4697 ,
3106 4640 3262 4701 pater
3292 4631 3418 4684 item
3451 4644 3538 4683 es-

1946 4738 2031 4785 set
2060 4729 2227 4783 etiam
2256 4725 2732 4789 circutncisionis,
2758 4738 2863 4777 nec
2893 4737 3087 4777 eorum
3115 4722 3205 4788 qui
3230 4736 3294 4774 ex
3323 4735 3383 4774 ea
3410 4728 3537 4773 sunt

1947 4821 2156 4883 solum,
2190 4834 2381 4876 verum
2413 4817 2584 4874 etiam
2617 4830 2833 4881 eorum,
2872 4815 2965 4885 qui
3016 4814 3069 4869 in
3117 4813 3385 4883 praeputio
3414 4813 3533 4867 lidei

1946 4912 2192 4984 vestigiis
2224 4911 2403 4981 patris
2428 4909 2606 4964 nostri
2632 4907 2909 4963 Abraham
2949 4905 3289 4962 insistunt“.
3322 4925 3341 4958 ι
3377 4902 3540 4959 Vides

1949 5006 2116 5078 igitur
2144 5003 2290 5075 quod
2325 5002 2600 5073 duplicem
2626 5016 2655 5055 a
2682 5008 2835 5072 patre
2860 5010 3069 5071 partem
3105 4999 3318 5062 habuit,
3347 5014 3540 5068 quam-

1950 5098 2029 5153 vis
2059 5110 2241 5151 exosaz
2274 5094 2468 5150 uxoris
2505 5093 2651 5149 ﬁlius
2683 5100 2870 5155 esset,
2905 5099 2963 5145 ut
2994 5091 3251 5146 videlicet
3287 5097 3442 5160 pater
3473 5088 3543 5141 sit

259 5167 429 5264 Ὁρᾷς
457 5193 533 5256 ὡς
558 5167 783 5246 διπλοῦν
814 5191 967 5263 παρὰ
985 5189 1080 5244 τοῦ
1109 5167 1320 5262 πατρὸς
1346 5167 1474 5260 ἔσχε
1503 5188 1593 5243 τὸν
1617 5167 1840 5259 κλῆρον,

1951 5190 2045 5259 qui
2067 5198 2121 5243 et
2151 5187 2411 5259 gentibus
2444 5194 2499 5243 et
2521 5184 2969 5242 circumcisiouis
3000 5184 3320 5240 hominibus
3343 5181 3438 5251 jus
3459 5179 3543 5234 di-

247 5285 461 5357 καίπερ
513 5284 590 5338 ὢν
647 5283 750 5355 τῆς
812 5283 1177 5355 μισουμένης,
1243 5280 1428 5352 πατὴρ
1485 5280 1845 5352 χρηματίζων

248 5375 429 5431 ἐθνῶν
458 5375 555 5430 καὶ
582 5375 693 5429 τῶν
726 5377 793 5429 ὲκ
824 5373 1151 5447 περιτομῆς.

322 5494 372 5526 ⁸⁷
396 5491 570 5547 Exod.
604 5507 692 5558 xx,
724 5493 779 5548 5.
855 5493 903 5526 ⁸⁸
932 5492 1092 5546 Rom.
1118 5507 1215 5553 ιιι,
1243 5489 1299 5553 ε,
1320 5491 1373 5544 ’5.
1450 5485 1693 5558 '°_Exoul.
1719 5503 1812 5558 xx,
1833 5487 1921 5549 15,
1954 5483 2041 5558 15.

250 5563 480 5627 ιιι,10.
556 5563 577 5594 ³
601 5552 759 5618 Rom.
788 5579 907 5627 xttt,
936 5562 1023 5616 H.
1100 5560 1121 5591 ⁵
1165 5552 1323 5614 Νιιιιι.
1360 5556 1573 5627 “v.52
1626 5559 1647 5589 ⁸
1684 5557 1851 5612 Νιιιιι.
1892 5571 2005 5617 xxi,
2033 5552 2086 5606 5.

1081 5632 1125 5664 ¹⁰
1165 5631 1298 5686 ibid.
1331 5630 1385 5686 4.
1466 5625 1506 5658 ¹¹
1550 5625 1694 5683 Psal.
1724 5644 1845 5681 XLIV

1947 5628 1993 5681 υ.
2075 5625 2117 5655 η
2157 5620 2200 5676 ll
2236 5622 2365 5679 Cor.
2396 5638 2485 5688 XI,
2519 5622 2570 5675 2.
2657 5620 2698 5652 ’³
2741 5620 2931 5674 Matth.
2970 5635 3087 5685 \‘lll,
3128 5619 3213 5674 11.

252 5648 332 5697 γι,
373 5634 462 5686 l7.
537 5635 558 5667 ⁹
596 5630 800 5690 Jerem.
833 5650 913 5698 ιιι,
948 5634 999 5686 i.

257 5720 334 5767 tv,
373 5705 457 5770 ll,
499 5703 585 5759 l2.

1953 5289 2063 5336 (θοι.

2120 5483 2135 5513 ³
2174 5481 2373 5556 Ephes.
2407 5498 2484 5538 tv.
2514 5478 2975 5556 25-?5;_Cplu_ss.
3017 5493 3103 5540 ιιι,
3139 5477 3193 5556 ς),
3223 5474 3321 5556 10.Δ
3360 5473 3538 5556 "‘lsa.

2196 5553 2218 5584 ⁸
2248 5551 2393 5606 Psal.
2428 5568 2576 5607 xxvi.
2612 5551 2666 5605 4.
2744 5552 2761 5580 ⁷
2791 5549 2934 5603 Psal.
2964 5564 3107 5611 κων,
3136 5548 3222 5601 ll.
3301 5546 3321 5576 ³
3360 5546 3539 5598 lCor.

2196 5624 2198 5669 ἶ
2236 5622 2365 5669 Cor.
2398 5638 2485 5669 ιι.
2519 5622 2570 5669 2-
2657 5620 2698 5652 ’³
2741 5620 2931 5669 Matth.
2970 5635 3087 5669 vm.
3128 5619 3213 5669 Η.
3293 5617 3335 5648 ³⁸
3375 5615 3535 5669 lium.

1798 5788 2029 5847 NOTAE.

332 5890 448 5962 (97)
501 5891 588 5956 Ὠς
650 5889 731 5956 εἰς
761 5889 995 5956 κόλπους
1054 5889 1233 5947 αὐτῶν
1281 5888 1527 5954 ἅπαντας
1568 5890 1732 5945 ἁναπ.
1774 5885 1833 5940 Ὀ
1872 5883 1972 5957 τῆς
1996 5881 2279 5956 Αὖγ.κώδ.
