3864 6558
514 408 631 476 927
1843 410 2201 472 PROCOPII
2241 412 2489 473 GAZIEI
2881 464 2884 469 .
3692 412 3787 476 95

589 519 880 589 Quomodo
913 534 1047 576 vero
1075 520 1181 576 hoc
1215 534 1342 576 cum
1379 520 1615 579 denario
1641 521 1832 593 habet,
1858 540 2022 596 quem
2055 534 2164 581 tam
2202 528 2470 600 postremi
2509 542 2672 597 quam
2700 525 2863 597 primi
2892 534 3223 596 acceperunt
3252 527 3309 582 in
3342 525 3641 596 parabola,
3670 544 3786 583 ctua

516 608 790 678 duplicem
817 608 1128 679 portionem
1162 608 1367 683 prioris
1395 612 1586 669 uxoris
1614 612 2019 686 primogenitus
2051 614 2303 685 accipere
2332 614 2587 670 dicatur?
2629 622 2725 669 aut
2754 613 3035 685 quomodo
3067 614 3123 669 in
3150 613 3414 684 parabola
3446 613 3565 668 alia
3598 614 3789 681 accipit

517 697 663 753 alius
692 696 915 764 quidem
955 696 1050 768 jus
1090 697 1279 753 decem
1309 693 1591 755 civitatum
1613 742 1628 766 ,
1659 701 1803 758 alius
1828 717 1957 758 vero
1985 702 2226 772 quinque
2246 704 2329 758 ‘5?
2376 703 2540 773 Atqui
2573 702 2837 758 denarius
2876 716 2976 772 pro
3026 717 3171 756 nova
3218 701 3403 757 salute
3429 698 3790 769 accipitur“.

519 783 717 839 Verum
747 784 897 840 salus
932 798 962 838 a
995 785 1175 861 salute
1199 823 1217 849 ,
1242 785 1387 841 sicut
1411 801 1512 843 nec
1546 786 1659 843 vita
1700 803 1731 843 a
1768 790 1881 844 vita
1910 789 2048 844 nihil
2077 790 2268 847 distat.
2298 791 2473 859 Quam
2501 807 2570 847 ex
2595 805 2754 862 aequo
2780 798 3201 860 consequuntur
3238 805 3469 847 omnes.
3499 787 3627 844 Non
3652 792 3789 844 eain

518 870 835 926 vinciuntur
868 872 1126 929 manibus
1159 888 1223 928 ac
1259 873 1493 953 pedibus
1517 911 1535 938 ,
1583 882 1649 957 et
1672 875 1727 932 in
1772 878 2080 933 exteriores
2128 880 2382 945 tenebras
2415 879 2813 951 conjiciuntur.
2844 880 2939 950 qui
2974 879 3251 934 diversam
3285 878 3357 933 ab
3394 878 3541 933 aliis
3570 877 3791 947 gloriat-

514 959 814 1030 accipiunt.
845 978 865 1012 ι
896 960 1017 1014 Alia
1043 962 1190 1016 enim
1219 962 1395 1032 gloria
1425 962 1559 1020 solis
1586 970 1701 1041 est,
1737 964 1845 1033 alia
1885 965 2061 1037 gloria
2110 965 2253 1021 lunae
2272 1008 2289 1033 ,
2324 966 2431 1021 alia
2464 966 2702 1038 denique
2728 975 2816 1022 est
2840 967 3124 1023 stellarum
3152 966 3352 1037 gloria.
3385 967 3473 1021 Ae
3505 965 3671 1020 stella
3697 981 3792 1018 una

514 1047 587 1103 ab
626 1048 733 1103 alia
765 1049 940 1121 gloria
969 1048 1239 1106 dili'ert".
1272 1068 1289 1101 ι
1329 1048 1405 1104 ita
1437 1051 1494 1105 io
1527 1053 1931 1109 resurrectione
1970 1062 2311 1109 mortuorum
2344 1067 2569 1123 quoque
2596 1052 2952 1109 excellentior
2983 1053 3159 1124 gloria
3195 1060 3281 1109 cst
3307 1053 3405 1122 jus
3431 1051 3636 1108 decem
3665 1050 3793 1107 civi-

445 1139 452 1147 ‘
515 1143 723 1203 tatum,
744 1152 910 1207 quam
947 1138 1193 1207 quinque
1222 1138 1446 1193 habere.
1475 1138 1787 1211 Unicuique
1813 1139 1958 1197 enim
1990 1157 2089 1212 pro
2118 1139 2385 1210 dignitate
2413 1136 2558 1195 Deus
2597 1139 2828 1206 tribuit,
2858 1148 2915 1197 et
2940 1140 3288 1214 quantitate,
3326 1148 3384 1195 et
3411 1137 3718 1210 qualitate,
3744 1148 3795 1193 et

512 1230 798 1292 tempore,
831 1239 896 1278 ac
930 1223 982 1277 iu
1017 1240 1230 1299 summa
1268 1225 1527 1282 omnibus
1563 1227 1709 1298 quod
1743 1243 1960 1299 aequum
1994 1235 2081 1285 est
2113 1242 2179 1283 ac
2198 1228 2413 1298 justum
2442 1227 2748 1297 adjudicat.
3144 1274 3147 1275 ν

588 1311 741 1377 Quod
758 1312 804 1365 si
822 1313 908 1366 cui
923 1312 1084 1382 fuerit
1110 1313 1257 1382 ﬁlius
1280 1314 1669 1386 immorigerus.
1700 1314 1867 1386 [XXL
1891 1314 2006 1389 l8.]
2022 1314 2087 1369 Et
2107 1315 2236 1371 alibi
2266 1315 2430 1371 dicit:
2456 1334 2476 1368 ι
2504 1315 2607 1383 Qui
2625 1317 2806 1388 pulsat
2835 1325 3042 1387 patrem
3064 1332 3224 1374 suum
3245 1326 3343 1374 aut
3357 1324 3609 1372 matrem
3626 1330 3796 1381 suam,

518 1410 700 1455 morte
722 1399 1067 1456 aliieictur“.
1096 1418 1114 1452 ι
1160 1399 1292 1456 item
1329 1418 1343 1456 :
1387 1421 1406 1454 ι
1437 1401 1541 1469 Qui
1584 1402 1931 1457 maledixerit
1958 1404 2119 1458 matri
2150 1418 2267 1459 sua:
2291 1411 2386 1458 aut
2413 1404 2580 1471 patri,
2618 1413 2792 1460 morte
2817 1404 3143 1460 multabitur
3163 1405 3227 1461 ι’.
3255 1423 3275 1457 ι
3307 1402 3507 1472 Eque
3534 1416 3674 1458 vero
3709 1402 3796 1471 qui

519 1486 574 1544 in
609 1496 872 1559 parentes
904 1488 1202 1558 delinquit,
1233 1505 1297 1544 ac
1323 1491 1415 1559 qui
1459 1490 1511 1569 in
1541 1489 1712 1545 Deum
1745 1491 1991 1560 punitur.
2044 1490 2112 1545 At
2140 1491 2235 1562 qui
2272 1491 2518 1547 divinum
2556 1499 2887 1562 praeceptum
2925 1493 3152 1564 sprevit,
3186 1492 3353 1548 venia
3382 1492 3617 1561 absque
3644 1492 3796 1547 morti

518 1574 938 1647 condemnatur.
972 1576 1048 1631 Ac
1076 1577 1169 1646 qui
1200 1577 1255 1631 in
1282 1587 1539 1648 parentes
1569 1577 1874 1648 delinquit,
1928 1579 2200 1649 lapidibus
2230 1580 2503 1636 obruitur.
2539 1599 2559 1633 ι
2587 1580 2862 1637 Memento
2904 1582 3090 1645 enim,
3121 1582 3346 1652 inquit,
3373 1580 3540 1651 quod
3574 1580 3651 1635 ab
3674 1580 3799 1649 ipsis

520 1663 739 1719 vivendi
766 1663 984 1719 initium
1019 1664 1322 1735 acceperis.
1356 1682 1376 1718 ι
1412 1661 1584 1719 Jacob
1616 1680 1836 1736 quoque
1865 1666 2046 1737 inquit
2071 1685 2083 1721 :
2114 1686 2133 1719 ι
2162 1664 2217 1721 Si
2246 1667 2391 1723 enim
2424 1676 2602 1724 metus
2629 1669 2804 1739 patris
2831 1671 2933 1724 mei
2958 1670 3116 1724 lsaac
3142 1668 3247 1723 fuit
3273 1669 3330 1724 in
3358 1684 3454 1724 me
3483 1668 3561 1720 ".
3589 1686 3609 1719 ι
3653 1666 3795 1722 insu-

519 1768 619 1822 per
641 1767 859 1822 quoque
891 1746 1313 1805 Proverbiornm
1346 1761 1537 1807 auctor
1562 1760 1919 1818 exsecratur,
1961 1752 2216 1823 inquiens
2244 1772 2258 1810 :
2299 1772 2317 1806 ι
2352 1755 2580 1809 Oculqu
2616 1756 3050 1812 subsanuantctu
3083 1763 3324 1827 patrem,
3360 1755 3800 1811 contumeliam-

516 1855 625 1908 quc
658 1837 851 1895 matris
881 1839 1038 1894 senio
1068 1850 1350 1908 parantem
1375 1878 1392 1905 ,
1424 1839 1578 1895 corvi
1629 1840 1954 1895 torrentium
1988 1832 2264 1897 eruant“.
2295 1860 2314 1895 ι
2361 1841 2502 1899 Huic
2534 1860 2665 1900 vero
2698 1855 2986 1913 parentum
3020 1844 3349 1900 reverentia:
3398 1859 3527 1899 non
3582 1843 3796 1912 abrogat

516 1927 721 1982 Christi
762 1926 896 1981 illud
933 1941 945 1980 :
987 1946 1005 1978 ι
1035 1925 1140 1991 Qui
1173 1934 1384 1996 patrem
1421 1936 1516 1981 aut
1559 1935 1789 1982 matrem
1823 1927 2025 1998 diligit,
2063 1944 2148 1984 me
2190 1948 2299 1988 non
2330 1932 2533 2005 dignus
2572 1936 2743 1990 est".
2778 1953 2797 1987 ι
2839 1933 3022 2007 45ο
3058 1933 3248 2003 Neque
3275 1932 3415 1989 illud
3453 1932 3638 1993 etiam
3666 1931 3796 2001 quod

514 2015 659 2072 dixit
692 2015 760 2071 ad
804 2023 1015 2085 patrem
1065 2014 1303 2084 sepelire
1340 2016 1654 2085 cupientem
1684 2032 1699 2072 :
1745 2036 1763 2068 ι
1788 2014 1940 2072 Mitte
1974 2024 2220 2074 mortuos
2262 2021 2495 2092 sepelire
2539 2037 2671 2079 suos
2717 2033 2966 2079 mortuos
2988 2023 3056 2077 “.
3089 2041 3109 2075 ι
3146 2020 3351 2078 Verum
3377 2035 3512 2079 eam
3542 2035 3672 2089 qua:
3699 2017 3797 2074 Deo

515 2102 745 2160 debetur
771 2103 1145 2173 antiquiorem
1177 2117 1301 2158 esse
1330 2101 1544 2158 edocet.
1572 2101 1920 2173 Pcrpendere
1943 2102 2073 2159 item
2108 2115 2314 2175 quanta
2335 2108 2547 2168 doloris
2572 2112 2657 2169 vis
2683 2112 2759 2168 sit
2787 2126 2899 2183 quo
2932 2112 3144 2168 viscera
3180 2117 3238 2167 et
3275 2119 3484 2165 natura
3515 2116 3792 2181 parentum

515 2190 725 2246 tamdiu
753 2185 1029 2246 victa‘est.

586 2302 856 2367 Quoniam
883 2300 1197 2356 maledictus
1224 2317 1259 2354 α
1282 2298 1389 2353 Deo
1423 2302 1593 2355 omnis
1616 2302 1705 2371 qui
1734 2300 2004 2370 peudetin
2031 2301 2099 2356 li-
2131 2292 2176 2347 Α

513 2414 638 2467 guo.
682 2393 836 2468 [25.]
876 2393 1104 2465 Aquilas
1133 2400 1190 2448 et
1222 2390 1565 2448 Theodotion
1594 2432 1610 2458 ,
1647 2394 1954 2449 maledictio
2003 2392 2100 2448 Dei

514 2502 802 2558 suspensas
825 2526 841 2555 ,
872 2492 1270 2557 exposuerunt.
1300 2484 1569 2542 Caztertun
1613 2486 1775 2541 divus
1807 2486 2103 2558 Apostolus

517 2581 587 2636 ad
633 2579 893 2646 Galatas,
944 2594 1086 2649 quos
1137 2577 1399 2634 vecordes
1456 2586 1618 2633 vocat
1638 2580 1705 2644 ’⁸,
1753 2579 1919 2647 hujus
1966 2578 2100 2634 dicti

518 2672 800 2729 mentione
824 2669 1143 2736 adducta",
1181 2685 1357 2742 neque
1388 2684 1419 2725 a
1453 2669 1586 2736 Deo,
1615 2685 1794 2741 neque
1825 2670 1919 2726 Dei
1946 2670 2104 2726 dicit.

518 2764 586 2822 Et
614 2763 853 2819 fortasse
886 2760 1095 2817 idcirco
1117 2761 1309 2816 omisit
1341 2761 1488 2830 quod
1529 2760 1633 2817 hoc
1662 2760 1971 2816 auctarium
2011 2776 2105 2817 su-

520 2872 618 2927 pra
645 2855 797 2926 ipsos
826 2860 995 2909 esset.
1028 2855 1137 2906 Aut
1165 2850 1308 2908 forte
1330 2851 1536 2922 aliquis
1566 2859 1828 2924 tanquam
1854 2852 2105 2924 blasphe-

518 2962 667 3003 mum
697 2961 762 3003 ex
795 2943 1081 3000 codicibus
1106 2943 1341 2999 vetustis
1367 2944 1535 2999 eruit.

588 3036 685 3096 Est
743 3044 927 3093 autem
982 3034 1210 3105 ὕστερον
1263 3036 1532 3108 πρότερον
1583 3036 1729 3106 quod
1776 3036 1955 3092 dicit:
1993 3036 2105 3091 «Et

516 3129 785 3187 moriatur
812 3142 879 3183 ac
909 3126 1279 3198 suspendetis'
1309 3142 1436 3183 eum
1466 3143 1505 3183 ei
1525 3128 1675 3197 ligno
1700 3144 1718 3195 ;
1750 3140 1777 3179 ν
1824 3144 1932 3184 non
1955 3128 2104 3184 enim

518 3231 643 3295 post
675 3231 907 3278 mortem
961 3220 1029 3275 ad
1078 3234 1301 3275 erucem
1336 3220 1463 3291 quis
1496 3219 1750 3288 adigitur.
1789 3235 1975 3276 verum
2011 3233 2107 3292 per

516 3331 737 3373 crucem
777 3315 1034 3371 moritur.

588 3408 791 3465 Verum
837 3422 940 3464 Clll'
968 3408 1152 3464 (τευθίς
1190 3407 1463 3463 duntaxat
1502 3415 1734 3462 mortem
1763 3404 1981 3461 νοοῖινίι
2006 3420 2106 3460 ex-

518 3499 866 3567 secrandam,
892 3499 1020 3555 licet
1042 3515 1188 3569 saape
1212 3499 1437 3569 obliquo
1458 3497 1671 3568 judicio
1697 3496 1789 3551 ﬁat
1808 3495 2107 3567 judicium,

521 3611 649 3651 cum
702 3592 755 3648 in
821 3593 1100 3659 similibus
1156 3599 1250 3645 aut
1298 3586 1462 3646 etiam
1513 3590 1881 3647 deterioribus
1923 3591 2110 3647 causis

515 3690 775 3760 justeque
804 3685 1102 3757 aliquando
1151 3672 1259 3739 alia
1292 3684 1612 3755 irrogentur
1653 3683 1979 3754 supplicia?
2008 3681 2112 3739 Ec-

519 3779 654 3850 quid
686 3779 858 3836 vero?
887 3794 955 3834 an
991 3794 1100 3833 non
1129 3777 1295 3833 alicui
1329 3776 1513 3847 inepta
1544 3783 1599 3830 et
1629 3775 1809 3830 aliena
1838 3789 2006 3831 causa
2035 3773 2118 3829 vi-

519 3874 637 3931 deri
691 3874 870 3946 possit
917 3873 1023 3930 hoc
1083 3872 1229 3942 quod
1284 3868 1457 3934 dicit,
1519 3868 1726 3923 idcirco
1783 3866 2114 3923 demendum

520 3969 703 4038 ipsqu
750 3982 780 4020 a
824 3981 989 4022 cruce
1013 3980 1159 4031 esse,
1204 3978 1269 4020 ac
1302 3960 1704 4033 sepeliendum,
1746 3961 1877 4031 quia
1923 3974 1953 4014 a
2002 3960 2114 4015 Deo

522 4058 853 4114 maledictus
915 4057 1030 4113 sit?
1059 4055 1219 4127 quasi
1250 4054 1579 4109 manendum
1618 4052 1673 4108 ci
1699 4060 1866 4118 esset,
1915 4049 1964 4107 si
2002 4066 2137 4117 non,

521 4149 852 4205 maledictus
878 4159 1025 4205 esset
1051 4164 1066 4201 :
1091 4163 1216 4204 cum
1250 4159 1430 4203 tamen
1459 4162 1489 4200 c
1517 4145 1738 4201 diverso
1761 4144 1876 4201 ﬁeri
1907 4159 2113 4200 conve-

522 4241 731 4298 niebat.
783 4238 954 4298 Porro
984 4246 1168 4295 autem
1205 4253 1333 4294 cum
1368 4238 1501 4293 nulli
1534 4247 1761 4309 peccato
1794 4244 1890 4291 aut
1921 4235 2119 4306 impie-

521 4334 624 4391 tati
668 4333 857 4391 crucis
908 4332 1241 4403 supplicium
1274 4329 1454 4385 adhuc
1493 4330 1801 4396 constituit,
1824 4329 2114 4401 quomodo

522 4427 580 4484 id
617 4442 768 4483 nunc
795 4426 1071 4498 protulit?
1100 4423 1302 4481 Verum
1333 4440 1400 4480 ex
1425 4424 1511 4479 his
1532 4423 1792 4479 omnibus
1824 4422 1973 4478 hunc
2000 4437 2116 4479 ser-

523 4535 742 4575 monem
774 4526 1000 4590 prepter
1028 4518 1312 4574 Christum
1344 4525 1556 4572 tantum
1586 4530 1710 4571 esse
1745 4513 1953 4570 factum
1983 4530 2117 4570 cou-

522 4610 803 4677 cluditur,
838 4607 933 4681 qui
987 4622 1086 4679 pro
1135 4606 1297 4663 nobis
1347 4603 1659 4661 exsecratio
1713 4603 1828 4658 ﬁeri
1891 4602 2143 4677 futurus

525 4709 667 4765 erat,
694 4700 787 4773 qui
830 4701 1092 4771 quoniam
1129 4699 1274 4755 Deus
1307 4705 1449 4764 erat,
1498 4698 1695 4752 merito
1732 4693 1827 4751 Dei
1858 4710 2141 4767 exsecra—p

531 4791 605 4847 tio
636 4793 818 4848 dictus
840 4801 947 4848 est.
981 4790 1125 4847 Deus
1159 4790 1306 4846 enim
1339 4804 1463 4844 cum
1488 4794 1660 4854 esset,
1699 4801 1799 4858 pro
1829 4787 1992 4842 nobis
2021 4803 2115 4843 ex-

528 4886 891 4940 secrationem
940 4885 1225 4941 sustinuit.
1256 4883 1413 4950 Quod
1461 4882 1609 4937 enim
1655 4897 1789 4935 crux
1843 4896 1954 4935 non
1985 4880 2113 4944 ,alio

2276 2306 2405 2361 Ὀτι
2421 2305 2906 2377 κεκατηραμένος
2924 2306 3045 2361 ὑπὸ
3066 2305 3215 2361 Θεοῦ
3232 2303 3355 2372 πᾶς
3372 2307 3408 2359 ό
3422 2301 3789 2374 κρεμάμενος

2199 2396 2299 2450 ἐπὶ
2319 2396 2533 2463 ξύλου.
2551 2397 2783 2462 Ἀκύλας
2801 2398 2897 2451 καὶ
2917 2397 3210 2451 Θεοδοτίων
3236 2396 3547 2464 ἐξέδωκαν,
3573 2392 3792 2461 κατάρα

2204 2489 2356 2543 Θεοῦ
2378 2489 2770 2560 κρεμάμενος.
2803 2489 2864 2543 '0
2896 2490 2956 2543 δὲ
2989 2488 3135 2553 Θείος
3166 2488 3529 2551 ’Δπόστολος,
3553 2483 3679 2540 οὔτε
3699 2486 3788 2538 ὑπὸ

2201 2580 2361 2647 Θεοῦ,
2390 2580 2512 2636 οὔτε
2543 2580 2680 2635 Θεοῦ
2716 2598 2874 2652 φησι,
2902 2580 3168 2652 μνησθεὶς
3195 2579 3295 2634 τοῦ
3329 2577 3509 2652 ῥητοῦ
3540 2578 3683 2648 πρὸς
3700 2578 3789 2630 Γα-

2201 2668 2368 2733 λάτας
2408 2668 2544 2740 (98),
2577 2668 2673 2733 οὒς
2706 2670 2970 2741 ἀνοήτους
3000 2668 3179 2724 καλεῖ.
3214 2668 3325 2722 Καὶ
3358 2669 3500 2732 ῐσως
3523 2668 3617 2721 διὰ
3643 2667 3784 2721 τοῦτο

2203 2762 2559 2834 παρέλειπεν,
2590 2761 2667 2827 ὡς
2692 2761 2861 2816 οὖσαν
2894 2760 3039 2833 ὑπὲρ
3070 2762 3268 2825 αὐτοὺς
3300 2760 3408 2832 τὴν
3446 2760 3780 2831 προσθήκην.

2208 2851 2281 2903 Ἦ
2324 2851 2467 2921 τάχα
2507 2867 2624 2916 τις,
2655 2850 2730 2916 ὡς
2765 2850 3109 2922 βλάσφημον,
3148 2853 3214 2905 ὲκ
3258 2850 3377 2904 τῶν
3420 2850 3782 2921 ἀρχαιοτέρων

2181 2980 2187 2985 -
2205 2941 2380 3007 ἐξεῖλε
2412 2941 2654 3013 βιϐλίων.

2277 3034 2459 3107 Πρῶθ⁹
2488 3033 2714 3107 ὕστερόν
2734 3036 2850 3088 ὲστι
2874 3034 2957 3101 τὸ,
2980 3053 3005 3087 s
3030 3035 3141 3089 Καὶ
3164 3034 3441 3108 ἀποθάνῃ,
3460 3034 3566 3089 καὶ
3583 3032 3780 3105 κρεμά-

2210 3145 2341 3199 σητε
2378 3126 2552 3181 αὑτὸν
2584 3128 2678 3181 ἐπὶ
2711 3125 2891 3193 ξύλου.
2932 3145 2951 3179 ι
2987 3126 3060 3180 Οὐ
3089 3126 3199 3198 γὰρ
3235 3128 3376 3197 μετὰ
3410 3127 3676 3198 τελευτήν
3712 3142 3782 3186 τις

2208 3216 2561 3290 σταυροῦται,
2592 3217 2681 3271 διὰ
2707 3216 2766 3271 δὲ
2799 3215 2895 3271 τοῦ
2928 3216 3165 3289 σταυροῦ
3198 3217 3459 3289 τελευτᾷ.

2279 3398 2445 3454 Ἀλλὰ
2474 3398 2589 3463 πῶς
2619 3397 2930 3471 κατάρατον
2957 3398 3049 3452 τὸν
3077 3397 3164 3453 διὰ
3196 3394 3441 3469 σταυροῦ
3476 3396 3642 3468 μόνον
3670 3392 3783 3447 ἑκά·

2207 3491 2332 3546 λεσε
2361 3491 2612 3555 θάνατον,
2664 3490 2762 3547 κᾶν
2815 3491 2881 3545 ἐκ
2922 3490 3322 3563 παροράματος
3370 3488 3607 3559 γένηται
3647 3487 3781 3541 δικα-

2213 3583 2393 3652 στῶν;
2423 3585 2508 3653 ἐφ’
2529 3582 2736 3655 ὁμοίοις
2779 3582 2812 3654 ἦ
2858 3583 2954 3637 καὶ
2983 3582 3226 3655 χείροσιν
3258 3583 3659 3655 ἁμαρτήμασιν
3700 3580 3778 3633 άλ-

2216 3675 2323 3729 λων
2351 3673 2709 3746 ἐπαγομένων
2733 3673 2845 3728 ἐσθ’
2867 3675 2955 3729 ὅτε
2992 3672 3272 3745 τιμωριῶν
3307 3672 3555 3735 δικαίως.
3585 3671 3700 3734 [Ιῶς
3731 3669 3776 3721 δὲ

2216 3770 2277 3822 οὑ
2304 3766 2446 3834 δόξει
2469 3768 2531 3820 τὸ
2562 3767 2661 3837 τῆς
2691 3766 2872 3830 αἰτίας
2902 3765 3225 3828 ἀλλόκοτον,
3254 3764 3317 3818 τὸ
3356 3762 3447 3818 διὰ
3476 3762 3638 3817 τοῦτο
3663 3759 3777 3813 καθα

2218 3864 2361 3917 ελεῖν
2392 3860 2554 3917 αὐτὸν
2580 3856 2674 3913 τοῦ
2702 3854 2939 3929 σταυροῦ
2984 3856 3074 3911 καὶ
3108 3856 3300 3926 θάψαι,
3327 3855 3520 3925 ἐπειδὴ
3554 3853 3771 3923 κατάρα-

2214 3940 2308 4015 τός
2334 3951 2483 4004 ἐστιν
2508 3946 2615 4003 ὑπὸ
2651 3942 2821 4015 Θεοῢς
2856 3947 2931 4011 ὡς
2959 3947 3080 4001 δέον
3111 3946 3417 4017 ἐπιμένειν,
3449 3947 3505 3999 ει
3524 3945 3601 4017 μὴ
3627 3942 3773 3997 κατὰ·

2221 4059 2382 4114 ρατος
2406 4036 2475 4114 ἦν
2498 4056 2512 4072 ·
2548 4039 2728 4094 καίτοι
2752 4036 3067 4093 τούναντίον
3093 4038 3282 4111 ἐχρῆν.
3311 4038 3435 4102 Πῶς
3463 4038 3522 4091 δὲ
3547 4036 3771 4105 οὐδεμιᾶς

2218 4131 2494 4205 ἁμαρτιας
2536 4131 2571 4203 ἢ
2622 4125 2881 4196 ἀσεϐείας
2923 4131 3158 4202 σταυρὸν
3186 4130 3359 4185 εἰπὼν
3393 4131 3506 4184 δεῖν
3535 4124 3771 4195 εἶναιτὴν

2215 4224 2405 4296 δίκην,
2441 4221 2539 4277 νῦν
2588 4221 2748 4276 τοῦτο
2796 4220 3169 4294 παρέρῤιψενς
3223 4220 3435 4274 Οὐκοῦν
3464 4216 3767 4288 πανταχόθεν

2217 4314 2513 4383 συνάγεται
2541 4312 2603 4365 τὸ
2628 4312 2716 4367 διὰ
2746 4311 2839 4365 τὸν
2863 4311 3100 4382 Χριστὸν
3130 4311 3291 4382 μόνον
3312 4310 3570 4382 εἰρῆσθαι
3593 4309 3678 4362 τὸν
3702 4306 3765 4359 16—

2215 4406 2529 4477 γον.⁹οστις
2574 4404 2809 4477 ἤμελλεν
2855 4403 2998 4475 ὑπὲρ
3048 4404 3206 4475 ἡμῶν
3255 4404 3472 4474 κατάρα
3522 4399 3763 4472 γενέσθαι.

2216 4498 2328 4555 Καὶ
2362 4497 2485 4553 ἐπεὶ
2517 4497 2652 4561 Θεὸς
2694 4492 2796 4568 ἦν,
2830 4495 3057 4560 εἰκότως
3103 4494 3344 4566 εἴρηται,
3376 4494 3593 4565 κατάρα
3635 4489 3763 4546 Θεοῦ.

2215 4592 2350 4658 Θεὸς
2381 4592 2489 4663 γὰρ
2522 4591 2811 4663 ὑπάρχων,
2842 4588 2998 4659 ἔσχεν
3032 4585 3361 4661 ὑπὲρ-ἡμῶν
3388 4586 3495 4658 τὴν
3535 4584 3760 4653 κατάραν-

2219 4686 2343 4739 Ὀτι
2389 4683 2501 4754 γὰρ
2548 4683 2645 4753 οὐχ
2696 4680 2898 4749 ἑτέρως
2938 4678 3154 4749 κατάρα
3184 4678 3418 4748 σταυρὸς
3452 4673 3761 4746 ὀνομάζεται.

2216 4775 2367 4848 δηλοῖ
2388 4774 2448 4829 τὸ
2476 4773 2607 4845 ’περὶ⁵
2624 4771 2832 4841 Πέτρου
2864 4769 3174 4841 εἰρημένον⁹
3201 4786 3221 4820 ι
3256 4767 3428 4820 Τοῦτο
3466 4766 3523 4819 δὲ
3551 4761 3661 4819 εἷπε
3689 4777 3764 4829 ση-

2221 4868 2429 4941 μαίνων
2456 4866 2596 4937 ποίῳ
2623 4863 2841 4934 θανάτῳ
2868 4861 3190 4927 δοξάσειτὸν
3213 4859 3477 4915 Θεὸν.›Εὶ
3501 4858 3605 4928 γὰρ
3628 4854 3759 4925 φύσει

526 4974 692 5031 modo
725 4976 1036 5032 exsecratio
1063 4944 1402 5041 nominetur,
1429 4974 1481 5031 id
1515 4972 1662 5045 quod
1709 4972 1777 5028 de
1820 4972 1982 5027 Petro
2025 4972 2109 5027 di-

2219 4961 2449 5032 κατάρα,
2480 4956 2624 5014 διατι
2654 4955 2867 5021 δοξάσει
2902 4954 2993 5008 τὸν
3026 4952 3181 5017 Θεὸν,
3204 4950 3333 5022 ἔφη,
3360 4952 3454 5005 καὶ
3486 4950 3558 5021 μὴ
3589 4944 3757 5045 ἀπὶ(ξῦ

526 5075 678 5123 ctum
708 5076 794 5125 est
817 5106 834 5135 ,
865 5068 1050 5140 arguit
1081 5086 1097 5123 :
1129 5087 1147 5121 ι
1188 5066 1304 5124 Hoc
1338 5046 1470 5124 vero
1497 5067 1663 5132 dixit;
1692 5065 1938 5122 iudicare
1966 5064 2109 5121 enim

2220 5054 2569 5125 τελευτήσει;
2625 5048 2686 5103 οὐ
2732 5047 2843 5120 γὰρ
2880 5047 3010 5112 δόξα
3036 5044 3173 5099 Θεοῦ
3218 5044 3279 5097 τὸ
3324 5042 3484 5113 φύσει
3514 5040 3668 5095 δεινὸν
3692 5034 3755 5099 ὃν,

527 5156 702 5215 voluit
743 5158 893 5230 quali
948 5164 1126 5213 tuorte
1172 5157 1586 5228 gloriﬁcaturus
1617 5165 1761 5213 esset
1802 5154 1972 5211 Deum
1992 5155 2059 5208 “.
2090 5171 2109 5204 ι

2223 5149 2319 5203 καὶ
2347 5145 2565 5217 κατάρα
2594 5141 2751 5196 Θεοῦ.

529 5246 665 5305 Nam
712 5249 756 5304 si
810 5256 1008 5305 natura
1037 5249 1347 5305 exsecratio
1382 5261 1489 5312 est,
1522 5250 1705 5319 aliqua
1746 5263 1807 5303 re
1846 5236 2152 5304 celebrabit
2195 5242 2389 5305 Deum,
2422 5237 2635 5309 inquit,
2667 5250 2770 5291 nec
2804 5231 3130 5305 simpliciter
3160 5231 3446 5287 morietur.
3477 5226 3587 5317 Non
3637 5222 3752 5279 enim

531 5341 701 5409 gloria
746 5342 840 5399 Dei
882 5348 990 5409 est,
1023 5341 1170 5414 quod
1206 5353 1403 5396 natura
1444 5338 1664 5398 diliicile
1708 5347 1816 5407 est,
1843 5347 1899 5397 ct
1947 5336 2254 5395 exsecratio
2289 5333 2407 5391 Dei.

596 5519 641 5552 "
676 5518 817 5590 _Luc.
847 5536 961 5585 XIX,
994 5520 1061 5573 l7
1092 5536 1245 5590 seqq.
1353 5521 1397 5553 "
1436 5490 1629 5575 Matth.
1683 5536 1750 5574 xx
1774 5561 1786 5582 ,
1826 5517 1860 5571 ‘2
1893 5533 2048 5590 seqq.

2156 5518 2199 5549 "
2238 5515 2417 5571 lCor.
2460 5530 2563 5578 xv,
2596 5512 2683 5567 4|.

2792 5509 2835 5542 "
2873 5507 3042 5562 Exod.
3085 5522 3197 5571 ut,
3233 5505 3316 5559 15.
3441 5502 3482 5535 ¹⁹
3519 5490 3747 5571 illittui'i.

573 5590 620 5620 ὀ
662 5587 797 5643 ch.
836 5560 982 5652 xxxi,
1018 5592 1105 5644 Η..
1172 5560 1228 5623 ’ἦ
1272 5560 1597 5658 Ιντονίκχχ,
1626 5560 1836 5645 l7.“"
1880 5560 2068 5645 λιειῖὐὶ.
2105 5605 2109 5641 ;

2219 5560 2417 5641 ἧδ’ηῆ
2456 5560 2818 5647 Κιοίιιῖῗνιιι,
2853 5560 2973 5633 ΞΞ.
3023 5578 3069 5609 ’⁵
3108 5560 3287 5633 ϐιιἸιιι.
3317 5590 3403 5641 ιιι,
3439 5572 3488 5627 ι.
3560 5569 3600 5600 ³⁸
3637 5560 3741 5619 ibid-

544 5659 633 5715 lO.
716 5662 760 5691 ⁸⁵
798 5659 958 5714 Joan.
996 5677 1109 5725 xxi,
1142 5661 1226 5716 l9.

2052 5742 2287 5802 ΝΟΤίΕ.

612 5846 724 5916 (98)
768 5848 853 5900 Ἑν
884 5865 1011 5918 κεφ.
1033 5847 1085 5913 5,
1129 5849 1215 5902 ὲπ.
1246 5845 1330 5901 i5.
