4090 6526
234 364 345 431 929

1130 369 1633 430 COMMENTARI
1643 370 1666 430 Ι
1705 369 1786 431 IN
1829 369 2528 437 DEUTERONOMIUM.

3405 380 3516 444 930

308 477 374 534 Si
400 476 592 532 videris
619 477 842 532 vitulum
870 478 1057 548 fratris
1087 482 1161 534 tui
1191 491 1286 534 aut
1317 499 1462 537 ovem
1491 482 1604 551 ejus
1628 499 1831 550 errare,
1855 499 1917 538 ne
1947 485 2276 540 dissimules.
2303 483 2498 556 [XXI],
2526 486 2603 559 1.]
2645 488 2992 558 Constringit
3022 506 3124 548 nos
3155 491 3223 548 ad
3254 492 3514 550 dilectio-

233 582 364 624 nem
397 574 452 620 et
482 567 952 622 necessitudinem
986 576 1256 624 tnutuam.
1287 570 1391 636 Qui
1424 570 1571 626 enim
1601 571 1854 641 jumento
1877 571 2277 628 humanitatem
2313 582 2510 645 negat,
2547 584 2756 645 quanto
2786 578 2960 648 magis
3004 577 3247 635 dominis
3288 579 3513 651 jumen-

230 663 445 720 torum,
472 669 536 709 ac
585 655 832 724 ejusdem
880 663 1094 711 natura:
1142 658 1500 714 consortibus
1534 657 1740 714 faciet?
1779 657 2128 730 Quapropter
2158 659 2386 716 fratrem
2431 662 2667 719 subinde
2719 665 2971 720 nominat
3015 666 3355 738 proximum,
3384 670 3512 725 licet

231 743 416 798 hostis
448 743 632 800 fuerit.
662 743 796 799 Nam
837 745 1042 815 ubique
1073 746 1214 800 mala
1243 756 1393 802 vetat
1423 749 1689 804 recolere.
1725 747 1892 802 Juxta
1937 747 2072 804 illud
2107 767 2123 804 :
2162 768 2181 802 ι
2213 749 2528 807 Benel'acite
2572 753 2813 810 inimicis
2838 755 3086 822 vestris,
3119 763 3175 812 et
3215 768 3370 814 orate
3412 773 3513 831 pro

231 831 324 888 his
357 848 453 902 qut
488 833 822 888 contumelia
860 849 960 888 vos
989 833 1314 891 afﬁciunt".
1350 855 1369 888 ι
1398 835 1532 892 Nam
1571 837 1687 907 ipse
1717 852 1940 908 quoque
1985 838 2260 910 lapidibus
2290 840 2496 910 petitus
2524 845 2796 914 quamvis,
2843 854 3054 902 rectam
3093 846 3240 903 viam
3289 849 3371 905 ire
3414 865 3511 905 eos

229 919 426 973 docuit
455 938 469 975 :
508 937 526 971 ι
558 919 811 986 Quandiu
852 921 1036 977 lumen
1074 920 1308 987 habetis,
1339 922 1620 978 ambulate
1654 924 1707 978 in
1743 923 1975 994 lumine,
2010 943 2080 983 ne
2103 928 2342 984 tenebrae
2372 944 2470 986 vos
2497 931 2895 1002 opprimant".
2923 951 2941 986 ι

307 1007 432 1062 Non
458 1009 564 1062 sint
588 1025 741 1063 arma
765 1011 866 1064 viri
903 1027 1061 1079 super
1094 1012 1332 1066 muliere.
1367 1011 1470 1085 [5.]
1513 1009 1672 1066 Vetat
1708 1014 1920 1070 mutuis
1957 1013 2204 1071 moribus
2232 1016 2381 1071 viros
2408 1024 2464 1071 et
2508 1017 2744 1074 feminas
2777 1021 2878 1075 uti.
2912 1019 3218 1076 Vult-enim
3251 1022 3509 1078 decoram

230 1095 697 1151 consuetudinem
745 1097 1071 1165 observari,
1116 1097 1574 1169 quemadmodum
1623 1099 1924 1170 Apostolus
1970 1117 2221 1173 quoque,
2258 1103 2355 1173 qui
2397 1104 2579 1175 inquit
2611 1123 2627 1161 :
2667 1124 2685 1158 t
2711 1106 2810 1162 Vir
2842 1109 2888 1164 si
2924 1108 3069 1164 inter
3105 1111 3372 1166 orandum
3415 1120 3510 1166 aut

233 1186 685 1256 prophetandum
717 1195 883 1258 caput
915 1194 1120 1243 tectum
1154 1188 1361 1256 habet,
1394 1187 1669 1244 dedecore
1693 1198 1856 1260 caput
1896 1205 2055 1246 suum
2092 1190 2340 1246 allicit”.
2370 1211 2388 1244 ι
2432 1193 2504 1249 De
2539 1193 2771 1252 muliere
2798 1205 2981 1254 autem
3015 1199 3294 1254 contraria
3321 1198 3455 1255 dicit
3489 1217 3504 1253 :

239 1294 261 1327 ι
288 1273 520 1345 Oportet
545 1277 690 1331 enim
724 1292 826 1331 nec
861 1276 1040 1332 virum
1073 1277 1296 1332 mollem
1322 1319 1336 1343 ,
1372 1292 1473 1332 nec
1500 1277 1788 1334 mulierem
1823 1292 2113 1349 procacem
2139 1295 2263 1335 esse
2281 1279 2347 1335 '°.
2377 1299 2397 1334 ι
2522 1323 2531 1330 .
2604 1328 2606 1330 .

307 1366 465 1430 Quod
492 1367 538 1420 si
565 1383 682 1420 vero
717 1366 971 1420 incideris
999 1367 1055 1420 in
1086 1366 1270 1420 nidum
1300 1368 1498 1422 avium.
1538 1366 1643 1439 [6.]
1670 1365 1843 1423 Nidus
1871 1366 2094 1438 quidem
2126 1368 2308 1423 avium
2341 1376 2448 1436 est,
2469 1369 2944 1440 quemadmodum
2978 1372 3182 1428 animae
3211 1373 3504 1430 virtutum.

231 1451 505 1518 Quaelibet
534 1463 721 1508 autem
753 1469 942 1508 earum
975 1449 1151 1508 mater
1184 1455 1377 1525 utique
1410 1469 1638 1510 suarum
1667 1454 1845 1526 ipsius
1871 1454 2228 1511 eli‘ectionum
2259 1457 2366 1513 dici
2399 1457 2595 1528 possit.
2624 1458 2728 1525 Qui
2761 1461 2929 1530 igitur
2957 1460 3101 1517 forte
3130 1461 3380 1516 bonitate
3403 1462 3510 1517 ali-

230 1542 402 1611 cujus
432 1552 525 1596 aut
557 1542 820 1612 patientia
855 1541 1057 1596 fruitur
1077 1583 1092 1607 ,
1123 1558 1314 1596 earum
1347 1543 1589 1598 dominis
1626 1543 1856 1601 insidias
1886 1544 2151 1600 struendo
2175 1543 2413 1601 virtutes
2443 1559 2558 1600 non
2587 1545 2770 1601 laedat.
2806 1547 3042 1604 Virtutis
3067 1549 3213 1604 enim
3248 1548 3508 1606 violentia

230 1642 342 1694 est,
380 1631 424 1686 si
455 1631 694 1686 dominis
719 1630 839 1700 ejus
868 1631 1002 1685 [iant
1031 1631 1270 1686 insidiae.

303 1742 414 1796 Kal
456 1741 730 1807 ποιήσεις
760 1740 1073 1810 στεφάνην
1107 1738 1187 1804 τῷ
1224 1739 1446 1810 δὼματί
1473 1757 1612 1795 σου.
1648 1739 1818 1812 Τρίγ-

1949 1719 1952 1722 ’
1995 1739 2240 1810 Impones
2275 1758 2525 1796 coronam
2563 1744 2748 1798 domui
2783 1753 2907 1801 tute.
2941 1744 3062 1818 [8.]
3101 1745 3297 1802 ania
3341 1761 3510 1817 super

229 1851 332 1905 χον
367 1835 449 1886 δεῖ
477 1831 755 1901 γενέσθαι,
791 1831 976 1902 φησὶν,
1009 1831 1500 1902 ὑπερανεστηκότα
1527 1831 1621 1885 τοῦ
1651 1849 1822 1886 κατα·-

234 1925 564 1998 στρὼματος
584 1940 597 1954 ⁸
633 1924 709 1988 ὡς
740 1924 909 1994 αὐλῆς
945 1926 1114 1977 τύπον
1143 1923 1290 1994 ἔχειν
1321 1925 1383 1977 τὸ
1411 1923 1590 1995 δῶμα,
1621 1925 1822 1997 βραχυ-

228 2020 418 2090 τέροις
453 2017 654 2088 τοίχοις
686 2016 1212 2088 περιφραττόμενον.
1256 2019 1350 2070 Δεῖ
1388 2017 1445 2070 δὲ
1477 2019 1573 2072 καὶ
1606 2018 1704 2082 τὰς
1739 2018 1822 2082 είς

231 2111 369 2182 ὕψος
417 2110 656 2179 ἀγούσας
700 2109 904 2180 ἀρετὰς
949 2109 1420 2181 ταπεινοφροσύνῃ
1466 2109 1819 2181 τειχίζεσθαι.

231 2207 431 2276 Ψυχῆς
461 2205 569 2274 γὰρ
600 2201 807 2266 πτῶσις
835 2201 1146 2266 ἀλαζονεία.

308 2301 394 2352 Οὐ
436 2295 830 2363 κατασπερεῖς
862 2295 971 2349 τὸν
996 2291 1322 2364 ἀμπελῶνά
1360 2309 1480 2349 σου
1511 2294 1818 2364 διάφορον,

230 2393 335 2447 Ira
377 2391 463 2460 μὴ
502 2387 760 2459 ἁγιασθῇ
790 2386 856 2442 τὸ
890 2386 1178 2458 γέννημα.
1198 2386 1413 2458 Ὠσπερ
1443 2386 1702 2458 ἀνάθημα
1733 2386 1822 2440 λέ-

231 2502 392 2552 γεται
419 2483 530 2536 πᾶν
561 2480 952 2549 ἀνατιθέμενον
981 2478 1060 2551 τῷ
1085 2478 1206 2550 Θεῷ
1226 2495 1242 2510 ο
1277 2478 1498 2548 λέγεται
1525 2479 1581 2534 δὲ
1611 2480 1704 2533 καὶ
1728 2479 1821 2532 ἐπὶ

232 2577 332 2631 τοῦ
363 2574 600 2646 φευκτοῦ
632 2576 728 2630 καὶ
756 2573 1242 2644 κεκατηραμένου,
1268 2572 1358 2627 διὰ
1400 2573 1462 2626 τὸ
1509 2572 1822 2645 κατάρατον

234 2665 380 2725 εἶναι
403 2668 495 2723 τὸν
522 2666 892 2738 ἀναθημάτων
920 2665 1230 2736 ἁπτόμενον
1252 2680 1266 2695 ⁶
1289 2663 1392 2720 καὶ
1419 2663 1502 2718 ὅτι
1521 2663 1593 2718 ,τὸ
1623 2665 1722 2734 μὲν
1745 2663 1822 2728 ὡς

233 2766 397 2831 ἅγιον
445 2757 900 2832 ἀφορίζεται,-μὴ
947 2756 1258 2828 ἁπτομένου
1302 2756 1483 2822 τινόςο
1530 2755 1592 2810 τὸ
1640 2756 1718 2824 δὲ,
1746 2755 1822 2821 ὡς

232 2856 466 2924 ὲνατές·
495 2853 641 2907 οὕτω
671 2852 735 2906 τδ
762 2853 918 2921 ἅγιον
956 2852 1098 2906 κατὰ
1125 2849 1304 2905 διττὸν
1342 2849 1558 2918 λέγεται
1596 2849 1819 2920 τρόπον.

234 2950 350 3002 Καὶ
378 2948 439 3000 τὸ
471 2946 572 3018 μὲν
597 2946 690 3000 ἐπὶ
717 2944 910 3011 καλοῦ,
935 2944 1190 3016 περιττὸν
1214 2942 1598 2997 ἀποδεικνύναι
1617 2957 1632 2972 ·
1657 2942 1740 2995 ὅτι
1765 2943 1820 2996 δὲ

1925 1837 2238 1908 pavimento
2297 1839 2636 1895 exstruenda
2681 1855 2804 1896 esse
2860 1839 3079 1911 inquit,
3141 1855 3252 1911 quo
3311 1841 3508 1897 domus

1923 1936 2236 2006 pinnaculis
2255 1937 2624 2009 circumsepta
2653 1939 2814 2009 regia:
2843 1939 3075 2010 ﬁguram
3102 1939 3320 1994 haheat.
3339 1941 3508 2008 Opor-

1927 2035 2002 2083 tet
2062 2044 2192 2084 vero
2255 2044 2471 2084 necnon
2527 2031 2762 2087 virtutes
2813 2032 2870 2087 in
2921 2033 3156 2090 sublime
3211 2034 3506 2088 evehentes

1925 2117 2231 2176 humilitate
2264 2120 2501 2199 munire.
2550 2120 2760 2186 Anima:
2808 2123 2956 2182 enim
3005 2124 3198 2195 lapsus
3247 2122 3504 2195 superbia

1921 2219 2026 2266 est.

1995 2305 2115 2357 Non
2153 2319 2391 2358 censeres
2428 2305 2633 2360 vineam
2674 2314 2820 2359 tuam
2859 2305 3082 2360 diversis
3109 2307 3406 2375 generibus,
3440 2320 3504 2358 ne

1921 2398 2289 2466 sancti/icetur
2323 2414 2519 2454 semen.
2715 2399 3186 2464 Quemadmodum
3216 2399 3504 2452 anathema

1923 2489 2128 2545 dicitur
2173 2505 2336 2547 omne
2378 2492 2524 2562 quod
2566 2491 2799 2547 Domino
2829 2499 3206 2557 consecratur,
3239 2491 3343 2545 hoc
3375 2505 3506 2546 vero

1923 2581 2165 2637 nominis
2190 2582 2258 2638 de
2289 2583 2656 2638 abominando
2690 2583 3148 2654 exsecrandoque
3177 2591 3500 2652 usurpatur,

1921 2683 1988 2724 eo
2023 2669 2171 2739 quod
2199 2670 2572 2727 exsecrandus
2603 2671 2678 2727 sit
2707 2672 2802 2743 qui
2839 2673 3247 2727 anathematum
3281 2671 3502 2744 aliquod

1925 2761 2329 2830 attrectaverit,
2353 2767 2409 2818 et
2446 2762 2593 2835 quod
2629 2763 2826 2835 partim
2865 2763 3084 2836 quidem
3117 2777 3219 2820 ceu
3250 2773 3502 2820 sanctum

1923 2865 2212 2926 separatur
2250 2864 2308 2910 ut
2358 2871 2389 2910 a
2436 2858 2654 2913 nemine
2701 2857 3081 2928 contingatur,
3128 2857 3327 2929 partim
3373 2871 3505 2914 vero

1924 2959 2184 3017 tanquam
2230 2948 2615 3004 detestandum
2649 2965 2665 3004 :
2694 2949 2770 3005 ita
2822 2960 3074 3005 sanctum
3133 2965 3353 3020 quoque
3405 2950 3506 3003 du-

233 3042 341 3094 κᾰν
390 3039 609 3102 ἀσεϐεῖς
648 3031 750 3092 ὦσι
783 3055 952 3104 τινες,
1007 3035 1350 3109 ἀφορισοῶσι
1401 3035 1457 3090 δὲ
1511 3035 1650 3106 πρός
1700 3051 1820 3090 τινα

1924 3039 2050 3110 plici
2100 3039 2264 3094 modo
2298 3039 2521 3095 dicitur.
2548 3041 2618 3096 At
2643 3041 2699 3096 in
2734 3042 2936 3098 bonam
2963 3051 3175 3112 partem
3222 3043 3504 3111 quomodo

231 3134 534 3198 διακονίαν,
577 3133 725 3202 ἅγιοι
769 3131 1038 3201 λέγονται,
1072 3107 1223 3201 δηλοῖ
1271 3129 1554 3199 Σοφονίας,
1605 3128 1818 3197 λέγων’

1927 3139 2224 3200 usurpctur
2270 3142 2744 3201 supervacanedm
2792 3141 2876 3189 est
2919 3133 3316 3189 demonstrare.
3348 3131 3504 3198 Quod

240 3247 260 3281 ι
297 3226 627 3280 Εύλαεείσθε
653 3225 762 3279 ἀπὸ
790 3222 1087 3294 προσώπου
1118 3222 1329 3294 Κυρίου
1361 3221 1456 3275 τοῦ
1487 3219 1645 3274 Θεοῦ.
1678 3221 1824 3272 Διότι

232 3319 405 3389 ἐγγὺς
429 3318 465 3390 ἡ
494 3318 676 3390 ἡμέρα
703 3315 797 3371 τοῦ
823 3315 1056 3388 Κυρίου,
1080 3317 1162 3370 ὅτι
1190 3315 1456 3387 ἡτοίμασε
1489 3311 1698 3384 Κύριος
1725 3311 1823 3383 τὴν

233 3413 430 3466 ουσίαν
450 3409 637 3476 αὑτοῦ,
657 3411 857 3482 ὴγίακε
882 3410 1009 3473 τοὺς
1031 3408 1262 3479 κλητοὺς
1285 3407 1449 3462 αὑτοῦ
1470 3448 1485 3474 ,
1518 3426 1536 3460 ι
1565 3407 1691 3472 τοὺς
1714 3406 1823 3460 Bat-

236 3507 535 3569 6υλωνίους
580 3504 723 3557 οὓτω
789 3501 992 3558 καλῶν.
1040 3503 1154 3557 Καὶ
1200 3500 1441 3572 Μιχαίας
1507 3500 1566 3554 δέ
1614 3513 1820 3570 φησιν’

238 3616 260 3650 ι
284 3598 550 3666 Ἦγίασεν
595 3582 682 3650 ἐπ’
722 3595 887 3650 αὐτὸν
934 3595 1199 3666 πόλεμον.
1249 3594 1362 3648 Καὶ
1403 3591 1501 3658 τὺ,
1537 3590 1722 3660 «Ἐγὼ
1766 3588 1826 3643 δὲ

237 3689 548 3754 συντάσσω,
579 3686 676 3741 καὶ
725 3684 838 3756 ἐγὼ
880 3685 999 3755 ἄγω
1046 3683 1640 3755 αύτούς.Ἦγιασμένοι
1691 3681 1820 3749 εἰσὶ,

236 3778 337 3833 καὶ
387 3778 501 3847 ἐγὼ
549 3779 670 3847 ἄγω
699 3777 919 3842 αὐτούς.
955 3777 1216 3846 Γίγαντες
1245 3775 1498 3849 ἔρχονται
1532 3772 1824 3845 πληρῶσαι

233 3866 332 3919 τδν
366 3865 538 3935 θυμόν
569 3882 692 3935 μου,
725 3883 745 3916 ι
791 3864 1054 3934 περὶτῶν
1088 3863 1227 3935 μετὰ
1257 3864 1444 3936 Κύρου
1473 3863 1615 3918 κατὰ
1643 3862 1824 3916 Βαϐυ-

235 3955 410 4018 λῶνος
449 3954 922 4026 στρατευομένων.

1925 3238 2058 3278 vero
2089 3221 2314 3294 quidam
2341 3224 2507 3278 etiam
2539 3239 2666 3280 cum
2700 3225 2856 3296 impii
2888 3224 3115 3290 iuerint,
3149 3223 3387 3295 separati
3421 3231 3505 3277 ta-

1925 3301 2048 3368 men
2080 3328 2109 3366 a
2146 3312 2254 3369 Deo
2285 3313 2352 3368 ad
2383 3313 2754 3371 ministerium
2784 3353 2797 3376 ,
2826 3316 3004 3370 sancti
3032 3315 3306 3381 dicantur,
3336 3320 3504 3369 testa-

1926 3414 2016 3458 tur
2069 3403 2380 3474 Sophonias
2426 3406 2617 3464 dicens
2652 3421 2668 3461 :
2707 3424 2725 3458 ι
2755 3405 2952 3462 Cavete
2997 3406 3155 3461 vobis
3202 3421 3230 3458 a
3273 3404 3504 3460 Domino

1927 3497 2058 3562 Deo,
2099 3495 2276 3568 45],
2322 3499 2582 3568 quoniam
2638 3513 2810 3570 prope
2857 3505 2944 3552 est
2987 3497 3106 3554 dies
3141 3496 3378 3565 Domini,
3411 3513 3506 3567 pa-

1923 3590 2065 3643 ravit
2090 3590 2236 3644 enim
2272 3588 2536 3644 Dominus
2567 3589 2849 3645 victimam
2883 3605 3062 3654 suam,
3089 3596 3144 3644 et
3188 3588 3503 3644 sanctiﬁca-

1924 3674 2002 3738 vit
2028 3693 2257 3738 vocatos
2291 3697 2423 3740 suos
2449 3683 2516 3749 ³¹,
2550 3702 2570 3735 ι
2600 3682 2932 3755 Babylonios
2961 3684 3041 3740 sic
3063 3685 3365 3755 appellans.
3402 3683 3504 3738 Mi-

1924 3771 2104 3826 chteas
2150 3771 2281 3826 item
2330 3772 2508 3843 inquit
2552 3791 2567 3828 :
2609 3790 2629 3824 ι
2658 3772 3038 3829 Sanctiﬁcavit
3098 3789 3266 3844 super
3321 3773 3502 3844 ipsum

1925 3863 2128 3919 bellum
2147 3866 2213 3918 ³³.
2251 3882 2268 3916 ι
2320 3864 2451 3920 [tem
2483 3865 2618 3920 illud
2649 3885 2662 3921 :
2702 3884 2720 3916 ι
2755 3865 2867 3937 Ego
2895 3883 3028 3922 vero
3061 3867 3342 3922 constituo
3382 3881 3502 3933 eos,

1923 3962 1979 4008 et
2008 3968 2109 4026 ego
2131 3953 2276 4008 duco
2309 3969 2428 4020 eos,
2460 3955 2789 4012 sanctiﬁcati
2819 3968 2970 4024 sunt,
2997 3965 3052 4014 et
3084 3973 3186 4029 ego
3214 3957 3357 4013 duco
3381 3973 3498 4014 eos.

235 4051 503 4122 Gigantes
532 4049 759 4104 veniunt
782 4047 849 4103 ad
871 4046 1198 4120 explendum
1228 4047 1474 4104 animum
1506 4046 1766 4113 meum”,
1794 4061 1814 4097 ι
1849 4044 1918 4102 de
1951 4045 2220 4115 militibus
2249 4048 2345 4117 qui
2374 4047 2702 4121 Babylonem
2734 4065 2862 4106 cum
2916 4049 3059 4123 Cyro
3117 4061 3504 4125 oppugnarunt

236 4145 492 4216 loquens.

311 4253 517 4308 Verum
547 4254 829 4310 enimvero
849 4252 1069 4308 vineam
1101 4250 1386 4316 lsraelem,
1425 4248 1734 4321 quemlibet
1776 4247 1906 4303 item
1933 4246 2216 4302 hominem
2246 4261 2342 4316 per
2380 4259 2441 4302 se
2467 4246 2758 4318 Scriptura
2814 4256 2994 4316 vocat,
3030 4249 3498 4320 quemadmodum

235 4358 302 4397 ex
330 4340 569 4397 Cantico
598 4339 946 4400 canticorum
972 4347 1193 4395 constat
1226 4356 1242 4393 ι
1277 4357 1297 4392 ι
1323 4339 1516 4409 Capite
1544 4339 1713 4394 nobis
1740 4337 1958 4406 vulpes,
1993 4336 2206 4406 vulpes,
2245 4335 2496 4405 inquam,
2526 4351 2726 4406 parvas
2757 4351 2877 4406 qua:
2894 4345 3112 4392 vastant
3148 4338 3338 4393 vineas
3356 4341 3402 4370 “
3429 4354 3444 4393 :
3473 4357 3493 4391 ι

235 4431 313 4484 ita
361 4444 571 4484 vocans
611 4429 839 4484 inutiles
861 4442 926 4485 ac
958 4427 1200 4483 fructum
1229 4436 1506 4482 maturum
1541 4441 1653 4482 non
1684 4425 1946 4481 ferentes.
1980 4425 2126 4480 Dicit
2163 4427 2334 4498 igitur
2364 4446 2379 4479 :
2413 4445 2432 4477 ι
2464 4425 2542 4481 Ne
2569 4439 2836 4481 conseras
2863 4426 3101 4482 diversis
3135 4430 3448 4497 generibus.
3474 4445 3492 4480 ι

236 4515 446 4572 Partim
472 4516 694 4587 quidem
719 4516 865 4587 quod
900 4515 1074 4572 vineae
1096 4515 1302 4572 olliciat
1326 4516 1373 4572 si
1403 4515 1624 4572 interim
1654 4519 1787 4571 dum
1818 4514 2017 4570 humor
2041 4515 2098 4570 in
2131 4530 2318 4570 semen
2354 4514 2615 4580 vertitur,
2634 4523 2883 4581 seratur;
2905 4515 3149 4584 opimum
3175 4515 3320 4568 enim
3349 4515 3496 4585 quod

235 4607 295 4660 ﬁt
330 4619 432 4675 per
453 4605 601 4660 vices
632 4613 741 4670 est,
801 4603 1267 4675 quemadmodum
1300 4604 1369 4659 ad
1400 4603 1570 4660 vitem
1605 4603 1764 4658 dixit.
1797 4602 2006 4656 Partim
2043 4616 2175 4658 vero
2207 4601 2292 4656 bis
2316 4601 2498 4656 verbis
2530 4615 2747 4654 morum
2780 4600 3166 4656 diversitatem
3223 4601 3496 4657 detestari

232 4700 497 4748 sanctum
525 4691 708 4748 docet.
751 4691 922 4758 Quasi
978 4691 1102 4747 talis
1129 4692 1184 4747 in
1216 4692 1402 4748 divina
1458 4692 1762 4747 toreularia
1820 4689 1991 4761 recipi
2056 4690 2130 4744 sit
2185 4689 2467 4760 indignus.
2518 4685 2784 4743 Fortasse
2836 4702 2968 4742 vero
3023 4690 3342 4744 narratione
3391 4690 3494 4744 hac

233 4779 461 4834 vineam
519 4777 597 4833 ita
661 4778 866 4850 plantis
923 4788 1310 4834 conscrentem
1378 4787 1532 4835 metu
1591 4779 1709 4834 vult
1770 4779 2168 4849 obstringere,
2234 4787 2290 4831 et
2351 4791 2382 4829 a
2437 4773 2634 4830 fraude
2700 4775 3240 4847 insatiabilitatequc
3303 4780 3494 4847 depel-

233 4869 375 4924 lere.

310 4955 440 5012 Non
468 4956 645 5010 ambis
675 4956 877 5024 pariter
901 4972 1021 5010 cum
1045 4956 1171 5010 bove
1195 4964 1244 5011 et
1276 4957 1451 5011 asino.
1478 4955 1621 5028 [10.]
1658 4955 1768 5012 Bos
1802 4956 2040 5010 victima:
2060 4955 2297 5026 ciboque
2322 4968 2482 5009 sacer
2509 4963 2610 5019 est,
2644 4969 2769 5009 cum
2805 4953 3000 5008 asinus
3049 4955 3303 5011 neutrius
3337 4971 3495 5012 usum

233 5046 507 5117 praebeat.
543 5043 732 5115 Itaque
759 5045 959 5098 animae
990 5060 1103 5100 sua:
1161 5055 1367 5100 terram
1401 5061 1636 5110 novans,
1700 5055 1759 5100 ut
1812 5044 2063 5099 divinum
2121 5058 2311 5098 semen
2371 5041 2688 5111 excipiendi
2717 5041 2811 5095 ﬁat
2876 5041 3101 5105 idonea,
3137 5043 3495 5112 profanorum

233 5149 301 5187 ac
334 5133 688 5190 indoctorum
707 5133 1095 5203 magistrorum
1123 5133 1479 5204 disciplinam
1504 5135 1753 5203 recipere
1782 5133 2102 5202 neutiquam
2132 5130 2318 5195 debet,
2341 5130 2729 5185 haereticorum
2757 5145 2853 5184 seu
2875 5129 3189 5185 Graecorum
3215 5131 3491 5186 videlicet.

233 5220 385 5286 Quin
424 5234 549 5274 cum
581 5218 782 5275 Davide
805 5221 990 5274 dicere
1022 5238 1036 5275 :
1074 5239 1092 5271 ι
1123 5220 1516 5291 Exposnerunt
1546 5221 1679 5274 tnihi
1716 5221 1890 5290 iniqui
1926 5219 2168 5285 fabulas,
2199 5233 2391 5273 verum
2447 5233 2553 5272 non
2583 5225 2643 5271 ut
2674 5217 2758 5272 lex
2793 5226 2910 5284 tua,
2968 5217 3200 5272 Domine
3223 5218 3290 5271 ³³.
3323 5236 3342 5268 ι
3378 5218 3493 5272 Cae-

235 5318 424 5362 terum
448 5314 688 5362 mutetur
709 5307 900 5362 asinus
931 5315 985 5362 et
1013 5307 1106 5360 llat
1147 5324 1344 5378 purus,
1383 5309 1536 5378 juxta
1568 5309 1704 5363 illud
1732 5309 1878 5378 apud
1907 5306 2104 5361 Isaiam
2131 5323 2145 5360 :
2191 5323 2210 5358 ι
2238 5304 2393 5362 Felix
2426 5304 2522 5375 qui
2558 5306 2798 5360 seminat
2831 5319 2999 5374 super
3054 5319 3197 5375 aqua
3259 5305 3350 5359 ubi
3397 5305 3497 5361 bos

234 5397 478 5451 calcavit
506 5403 560 5450 et
587 5396 780 5450 asinus
802 5396 868 5448 ⁸⁸.
907 5413 926 5448 ι
965 5395 1220 5465 Ecqualis
1250 5411 1379 5451 vero
1405 5411 1546 5466 aqua
1594 5397 1686 5451 illa
1711 5403 1796 5452 est
1831 5411 2000 5466 super
2028 5409 2137 5464 qua
2173 5394 2454 5450 seminare
2485 5400 2706 5462 oportet
2740 5407 2926 5448 semen
2991 5391 3244 5446 bonum?
3270 5389 3498 5462 Oportet

235 5497 375 5539 vero
401 5483 678 5538 seminare
711 5498 879 5553 super
909 5483 1168 5555 mysterio
1191 5482 1395 5540 lavacri
1428 5483 1888 5554 regenerationis,
1925 5483 2021 5538 ubi
2052 5483 2318 5539 lsraelitte
2360 5482 2586 5538 vadunt.
2609 5481 2956 5536 cthnicormn
3003 5480 3132 5534 item
3159 5479 3254 5550 qui
3294 5490 3500 5551 mystc-

237 5573 312 5630 rii
348 5581 558 5644 partem
595 5580 960 5641 acceperunt.

323 5745 367 5777 "
411 5744 600 5801 Matth.
631 5761 684 5806 v,
719 5745 807 5800 44.
910 5746 956 5777 ’⁸
996 5745 1157 5800 Joan.
1189 5761 1288 5809 xit,
1321 5743 1409 5798 55.
1521 5744 1565 5775 ²⁹
1607 5735 1773 5797 lCor.
1816 5760 1821 5797 :

1928 5743 1983 5798 4.
2088 5743 2134 5776 ³ο
2177 5741 2312 5798 una.
2413 5743 2454 5775 ι’
2499 5743 2744 5812 Soplton.
2777 5760 2831 5810 ι,
2885 5743 2938 5801 7.
2981 5745 3024 5776 θ’
3132 5743 3296 5802 ιιιςιι.
3330 5719 3409 5812 in,
3441 5745 3497 5803 ε.

910 5746 956 5777 ’⁸
996 5745 1157 5800 Joan.
1189 5761 1288 5809 xit,
1321 5743 1409 5798 55.
1513 5744 1565 5815 _’°
1607 5735 1773 5797 lCor.
1809 5760 1821 5815 ς

1928 5743 1984 5815 «ι.
2088 5743 2134 5776 ³ο
2177 5741 2312 5798 ibid.
2413 5743 2454 5815 ξ’
2499 5743 2744 5815 Soplton.
2777 5760 2831 5810 ι,
2885 5743 2938 5801 7.
2981 5745 3024 5776 θ’

241 5812 293 5848 ³³
328 5814 435 5869 lsa.
471 5833 583 5883 xm,
616 5817 672 5882 5,
697 5817 749 5869 4.
790 5815 832 5848 ⁸⁵
863 5817 1024 5872 Cant.
1059 5834 1117 5883 ιι,
1150 5816 1237 5870 lii.
1323 5816 1364 5847 ³³
1399 5812 1548 5871 Psal.
1579 5814 1821 5879 cxvm,8

1972 5814 2017 5844 ³⁸
2055 5815 2160 5868 lsa.
2196 5829 2368 5881 χχιιι,
2407 5813 2478 5866 20
2576 5812 2592 5815 “
2663 5837 2686 5841 -·

1323 5816 1364 5847 ³³
1399 5812 1548 5871 Psal.
1579 5826 1773 5879 cxvm,
1798 5814 1886 5868 85.
1972 5814 2017 5844 ³⁸
2055 5815 2160 5868 lsa.
2196 5829 2368 5881 χχιιι,
2407 5813 2478 5866 20
