4090 6514
659 325 760 391 931
1996 320 2348 383 PROCOPII
2386 318 2636 380 Gazmt
3801 325 3879 390 ξω

736 440 1068 497 Nonindues
1092 452 1277 495 uestem
1311 441 1436 495 lana
1459 450 1509 495 et
1544 441 1654 495 lino
1672 439 1833 496 simul
1863 437 2245 491 adulteratam.
2282 443 2326 497 Α

2282 443 2326 497 Α
2421 435 2545 488 Οὐκ
2573 431 2806 500 ἐνδύσῃ
2866 430 3182 500 κίϐδηλον,
3236 432 3365 501 ἔρια
3401 432 3498 485 καὶ
3550 435 3712 493 ,ιιι-ον
3734 437 3877 497 inira

665 530 807 603 [1L]
836 532 1062 601 Aquilas
1092 529 1343 601 κίϐδηλον
1368 530 1527 595 illud,
1555 527 1934 599 ἀντικείμενον
1960 528 2240 594 exposuit.

2349 528 2520 581 αὐτό.
2573 524 2809 588 Ἀκῦλας
2841 523 2903 578 τὸ
2934 523 3232 591 κίϐδηλον
3286 524 3618 595 παρέδωκεν.
3668 528 3878 588 drum.

663 623 1029 693 Symmachus
1060 636 1191 678 vero
1225 620 1566 692 ἐτερογενὲς.
2160 624 2173 638 ⁸

2160 624 2173 638 ⁸
2348 631 2562 672 usror'
2592 617 2620 670 ὀ
2640 614 2698 670 δὲ
2729 614 3046 686 Σύμμαχος,
3078 614 3437 685 (inpares-ec.

742 731 966 786 Minime
996 734 1145 787 enim
1181 734 1465 799 convenit,
1499 741 1561 786 ut
1589 731 1679 801 qui
1707 729 2018 794 Christum,
2062 743 2127 785 ac
2157 742 2305 784 vera:
2340 728 2461 784 ovis
2493 728 2676 782 lanam
2707 727 3034 792 induerunt,
3069 727 3237 782 simul
3271 742 3491 798 quoque
3525 737 3746 785 terreant
3769 733 3872 791 illud

660 821 834 875 linum
889 819 1145 875 induant.
1208 820 1541 890 Huiusmodi
1590 835 1723 875 vero
1771 828 1878 883 est,
1912 818 2009 888 qui
2064 819 2169 874 sub
2210 817 2374 873 ovina
2406 817 2552 889 pelle
2608 818 2776 889 lupus
2811 830 3010 886 rapax,
3041 824 3097 871 et
3126 816 3331 871 mentis
3361 830 3549 881 sensu,
3572 827 3622 871 et
3657 823 3873 887 operibus

659 909 900 964 exsistit.
929 907 1140 962 Murum
1176 910 1320 963 enim
1350 908 1714 980 simplicitate
1745 914 2002 963 ornatum
2028 907 2083 961 in
2111 904 2276 962 domo
2311 920 2414 962 suo
2444 903 2712 961 Dominus
2747 903 3012 969 collocat,
3038 902 3262 960 dicente
3335 902 3542 957 Davide
3569 922 3599 959 :.
3618 924 3634 957 ι
3658 903 3777 963 Ossa
3799 926 3872 963 eo-

659 1011 784 1052 rum
815 997 908 1067 qui
943 1012 1134 1051 auram
1159 998 1455 1052 humanam
1492 1005 1717 1069 captant
1745 994 2122 1067 dissipavit".
2149 1013 2168 1047 ι

733 1104 1025 1160 Funiculos
1056 1106 1221 1175 facito
1252 1106 1350 1159 tibi
1381 1107 1483 1175 ipsi
1517 1123 1675 1176 super
1700 1114 1931 1177 quatuor
1983 1104 2231 1174 ﬁmbriis.

2415 1102 2685 1172 Στρεπτὰ
2716 1101 2993 1170 ποιήσεις
3038 1099 3234 1168 ἐαυτῷ
3272 1102 3371 1155 ἐπὶ
3413 1100 3533 1156 τῶν
3573 1101 3618 1155 δ’
3661 1106 3872 1170 κρασπέ-

662 1195 853 1269 [ΧΧΙΙ,
878 1195 992 1269 12.]
1022 1198 1102 1251 Ad
1126 1199 1553 1267 promovendum
1583 1199 1901 1253 memoriam
1925 1198 2083 1268 legis,
2103 1196 2235 1253 alibi

2346 1195 2490 1261 δων,
2546 1195 2685 1267 πρὸς
2745 1194 2971 1268 διηνεκῆ
3030 1196 3256 1266 μνήμην
3302 1194 3399 1248 τοῦ
3453 1195 3639 1266 νόμου,
3668 1197 3734 1266 πῆ
3777 1198 3868 1266 μὲν,

660 1288 880 1354 quidem
908 1307 921 1344 :
964 1312 980 1340 ι
1005 1289 1306 1361 Adaptabis
1340 1305 1434 1347 eas
1465 1291 1722 1348 manibus
1757 1292 1868 1346 tuis
1886 1290 1954 1354 ³⁸,
1978 1307 1998 1342 ι
2021 1290 2200 1361 inquit
2223 1328 2239 1355 ,

2353 1308 2372 1341 ι
2408 1288 2671 1359 Ἀφάψεις
2734 1288 2898 1355 αὐτὰ,
2950 1289 3140 1360 φησὶν,
3197 1289 3291 1342 ἐπὶ
3335 1288 3449 1342 τῶν
3501 1290 3689 1360 χειρῶν
3745 1307 3867 1346 σθω

660 1380 788 1437 alibi
824 1396 951 1436 vero
988 1398 1004 1435 :
1042 1402 1060 1433 ι
1087 1382 1152 1436 Ει
1184 1383 1353 1439 facies
1377 1384 1475 1438 tibi
1517 1383 1624 1454 ipsi
1650 1382 1895 1438 ﬁmbrias
1925 1397 2097 1453 super
2132 1383 2239 1437 alis

2347 1382 2433 1454 Πῆ
2461 1382 2541 1450 δὲ,
2605 1400 2625 1434 ι
2650 1381 2771 1436 Καὶ
2807 1382 3060 1454 ποιήσεις
3119 1381 3337 1453 σεαυτῷ
3382 1382 3658 1455 κράσπεδα
3687 1384 3768 1436 ἐπὶ
3790 1386 3871 1437 τῶν

657 1490 725 1529 ex
749 1474 1046 1545 hyacintho
1063 1482 1316 1530 contorta
1335 1475 1403 1540 δ’,
1426 1494 1445 1528 ι
1482 1490 1594 1547 quo
1617 1474 2015 1546 contemplatio
2041 1473 2236 1545 utique

2346 1473 2659 1546 πτερυγίων
2686 1471 2747 1538 ἐξ
2788 1472 3047 1527 ὑακίνθου
3081 1473 3496 1546 κεκλωσμένης.
3515 1493 3534 1528 t
3567 1475 3639 1541 ὠς
3673 1476 3731 1529 ἂν
3753 1478 3871 1547 quia

661 1568 981 1622 memoriam
1001 1567 1264 1624 ediceret.

2342 1563 2441 1636 τὴν
2476 1565 2697 1636 μνήμην
2725 1563 3034 1637 ἐργάζοιτο.

732 1679 828 1737 Sin
852 1697 970 1736 vero
1005 1681 1246 1736 inventus
1268 1682 1429 1751 fuerit
1452 1680 1607 1737 homo
1625 1682 1807 1753 jacere
1834 1698 1953 1735 cum
1986 1680 2228 1747 muliere,
2257 1695 2373 1751 qua:
2396 1695 2514 1733 eum
2548 1679 2662 1733 viro
2689 1679 3040 1747 eohabitauit,
3060 1690 3114 1734 et
3142 1694 3267 1751 qua:
3298 1678 3583 1752 deinceps.
3616 1679 3744 1754 [22.]
3774 1682 3864 1737 ila-

659 1769 869 1825 ximum
897 1770 1227 1826 delictorum
1274 1771 1424 1841 quod
1455 1771 1509 1826 in
1536 1772 1831 1828 mulierem
1890 1769 2284 1833 committitur,
2336 1766 2697 1833 adulterium,
2742 1766 2891 1839 quod
2924 1767 3197 1841 disjungit
3238 1767 3530 1840 conjuges.
3580 1778 3680 1825 est.
3705 1770 3869 1828 Eadem

659 1872 879 1927 quoque
898 1858 1041 1913 ratio
1071 1858 1138 1913 de
1168 1859 1353 1913 anima
1394 1874 1516 1929 quae
1552 1860 1662 1914 Deo
1691 1866 1779 1914 est
1808 1858 1964 1912 unita
1998 1873 2095 1927 per
2119 1856 2281 1912 (idem
2308 1864 2363 1912 et
2392 1856 2680 1927 spiritum,
2711 1863 2796 1912 est
2826 1856 3080 1912 habenda
3117 1874 3130 1912 :
3157 1874 3177 1909 ς
3224 1858 3329 1923 Qui
3354 1859 3502 1911 enim
3526 1872 3647 1912 cum
3680 1858 3871 1916 Domino

657 1946 1068 2015 conglutinatus
1096 1954 1204 2011 est,
1236 1962 1380 2001 unus
1403 1947 1639 2017 spiritus
1677 1954 1762 2003 est
1780 1946 1877 1999 “.i
1898 1945 2054 2013 Quod
2086 1945 2131 1999 si
2158 1944 2327 2016 igitur
2372 1943 2559 2014 aliqua
2608 1942 2823 1999 semine
2868 1942 3115 1999 humano
3160 1954 3387 2015 recepto
3419 1945 3489 1999 ab
3524 1945 3590 2001 iis
3619 1947 3705 2017 qui
3732 1963 3757 2001 ει
3785 1949 3870 2003 Deo

657 2033 1260 2106 defeceruntcorrupta
1292 2034 1484 2103 fuerit,
1517 2052 1643 2090 cum
1677 2035 1801 2106 ipso
1826 2042 2158 2104 corruptore
2185 2034 2353 2103 perit.
2382 2034 2658 2089 Caeterum
2690 2048 2789 2103 per
2817 2032 3086 2105 virginem
3116 2034 3359 2088 animam
3385 2034 3453 2088 ad
3479 2035 3700 2089 sincera:
3723 2040 3872 2108 cogni-

656 2121 824 2177 tionis
853 2121 1125 2193 principia
1160 2132 1433 2187 vocatam,
1472 2124 1707 2180 necdum
1732 2122 1976 2194 perfecte
2004 2138 2131 2177 cum
2160 2122 2269 2177 Deo
2294 2122 2533 2187 unitam,
2564 2135 2749 2193 neque
2785 2120 2852 2175 ad
2889 2120 3117 2190 nuptias
3145 2135 3247 2177 ceu
3285 2122 3353 2175 ad
3391 2122 3624 2193 gratiam
3654 2123 3868 2194 baptismi

656 2225 1026 2281 progressam,
1058 2219 1323 2266 caeterum
1376 2213 1733 2269 institutione
1770 2213 1893 2282 ejus
1922 2212 2003 2267 rei
2037 2227 2137 2267 ceu
2168 2212 2399 2283 pignore
2433 2210 2688 2265 dotatam
2717 2208 3134 2281 intelligendum
3154 2219 3263 2267 est.
3301 2208 3383 2264 Ita
3404 2226 3625 2281 quoque
3644 2226 3758 2266 cum
3788 2212 3870 2269 Ec-

656 2299 882 2353 clesiam
919 2300 1162 2369 gentium
1197 2301 1423 2355 Christo
1479 2300 1689 2357 Paulus
1740 2301 2062 2361 adduceret,
2102 2299 2323 2370 inquit:
2361 2317 2378 2350 ι
2402 2297 2682 2367 Conjunxi
2723 2312 2822 2352 vos
2851 2297 2948 2351 uni
2988 2296 3136 2362 viro,
3169 2305 3229 2351 ut
3274 2305 3485 2353 castam
3516 2297 3767 2368 virginem
3794 2314 3868 2356 vos

658 2387 913 2442 sisterem
945 2386 1169 2444 Christo
1186 2388 1296 2440 “.i
1333 2387 1560 2444 Necnon
1605 2390 1726 2459 ipse
1764 2403 1983 2459 quoque
2021 2387 2275 2460 Sponsus
2303 2401 2439 2442 voce
2488 2386 2887 2457 prophetarum
2947 2384 3131 2455 inquit
3163 2404 3176 2441 :
3222 2402 3242 2437 ι
3268 2383 3637 2457 Despondebo
3668 2396 3715 2441 te
3762 2388 3865 2442 mihi

655 2474 759 2544 ipsi
797 2486 1063 2544 perpetuo
1084 2475 1406 2547 injustitia,
1439 2477 1494 2531 in
1530 2478 1775 2547 judicio,
1814 2477 1870 2533 in
1926 2475 2333 2541 misericordia,
2364 2482 2420 2530 et
2444 2471 3030 2530 commiserationibus
3049 2473 3118 2528 δ’.
3143 2491 3161 2526 ι
3199 2474 3337 2529 Item
3368 2491 3383 2528 :
3426 2493 3445 2525 ι
3476 2473 3810 2545 Despondebo
3831 2487 3867 2531 te

653 2561 789 2616 mibi
823 2562 928 2632 ipsi
973 2565 1026 2616 in
1052 2563 1179 2630 fide,
1215 2575 1269 2620 et
1312 2580 1582 2636 agnosces
1618 2565 1790 2620 Deum
1808 2566 1875 2619 “.
1902 2584 1920 2617 ›
1960 2563 2122 2632 Quod
2155 2564 2205 2619 si
2232 2578 2366 2618 vero
2394 2563 2681 2633 corruptio
2712 2562 2901 2633 aliqua
2933 2561 2989 2617 in
3015 2576 3077 2618 ea
3110 2560 3302 2629 fuerit,
3339 2576 3465 2617 eam
3519 2577 3630 2617 rem
3654 2562 3865 2619 adulterii

653 2646 1192 2706 demonstrationem
1219 2666 1343 2707 esse
1371 2652 1448 2705 ait
1473 2670 1487 2718 ;
1523 2653 1856 2723 desponsata
1878 2653 2026 2707 enim
2055 2651 2111 2705 in
2137 2665 2302 2705 manu
2340 2667 2471 2707 mox
2498 2650 2672 2707 futuri
2698 2652 2890 2724 sponsi
2914 2660 3021 2710 est.
3048 2651 3250 2708 Verum
3283 2652 3571 2707 enimvero
3600 2652 3643 2707 si
3670 2652 3721 2707 in
3745 2652 3864 2717 urbe,

654 2734 763 2791 hoc
789 2745 875 2792 est
914 2737 970 2792 in
1005 2737 1242 2795 Ecclesia
1263 2778 1279 2803 ,
1316 2740 1451 2795 urbe
1485 2740 1720 2797 viventis
1752 2739 1851 2794 Dei
1875 2780 1890 2805 ,
1915 2756 2081 2811 quam
2111 2740 2289 2810 angeli
2317 2746 2376 2795 et
2408 2739 2516 2795 viri
2550 2740 2986 2811 periclitantium
3018 2739 3265 2811 patroni,
3296 2754 3364 2795 ac
3385 2740 3606 2810 judices
3633 2740 3719 2810 qui
3746 2740 3865 2795 frau-

653 2822 777 2881 dem
816 2834 1056 2895 possunt
1089 2826 1387 2897 prohibere
1418 2829 1696 2894 incolunt,
1729 2828 1918 2884 scelus
1949 2829 2307 2884 commissum
2342 2826 2535 2896 fuerit,
2564 2828 2728 2901 452
2765 2843 2917 2884 mors
2963 2836 3074 2884 tam
3115 2828 3391 2899 virginem
3424 2843 3587 2899 quam
3635 2837 3863 2898 raptorem

652 2912 772 2979 ejus
810 2924 1017 2981 manet,
1042 2932 1106 2970 eo
1141 2918 1287 2987 quod
1324 2917 1575 2972 fraudem
1623 2918 1692 2973 iis
1724 2932 1895 2989 penes
1953 2932 2097 2988 quos
2131 2916 2396 2972 indicium
2441 2926 2585 2983 erat,
2629 2932 2737 2973 non
2793 2918 3031 2974 detexit.
3065 2916 3125 2973 Si
3152 2932 3286 2974 vero
3320 2918 3378 2972 in
3414 2918 3538 2973 loco
3563 2932 3592 2970 a
3635 2918 3867 2988 magistris

653 3016 749 3056 seu
806 3001 1085 3059 indicibus
1150 3019 1322 3060 vacuo
1378 3020 1547 3061 casus
1608 3006 1699 3060 ille
1746 3006 2056 3076 contingat,
2118 3004 2211 3059 ubi
2260 3019 2424 3060 nemo
2482 3005 2755 3061 auxilium
2810 3003 2958 3062 ferre
3018 3005 3232 3077 potuit,
3293 3004 3501 3076 virgini
3563 3005 3715 3061 venia
3758 3020 3867 3060 cou-

651 3088 888 3145 ceditur.
956 3088 1097 3147 Nota
1172 3108 1304 3149 vero
1369 3095 1521 3163 quod
1604 3108 1831 3149 uxorem
1900 3093 2136 3164 proximi
2204 3091 2601 3164 desponsatam
2684 3101 2903 3160 vocat,
2962 3092 3131 3171 id_que
3186 3100 3421 3165 prooter
3479 3101 3718 3150 sanctam
3769 3092 3863 3148 Ia-

652 3191 813 3232 ruann
2484 3200 2487 3201 ν

724 3264 878 3330 Quod
909 3264 956 3319 si
978 3282 1097 3321 vero
1120 3266 1244 3335 quis
1264 3265 1659 3336 deprehenderit
1686 3267 1858 3335 ﬁliam
1892 3266 2143 3337 virginem
2179 3280 2297 3335 quia
2321 3283 2426 3321 non
2466 3266 2794 3337 desponsata
2828 3276 2927 3323 est.
2962 3266 3113 3342 [28.]
3152 3268 3480 3340 Condignas
3523 3283 3748 3341 peccatis
3768 3287 3863 3343 pue-

652 3366 751 3407 nas
782 3352 1011 3422 irrogat.
1049 3354 1301 3408 Animam
1329 3354 1480 3409 enim
1511 3353 1733 3410 Christo
1758 3369 1854 3425 per
1879 3353 2040 3409 tidem
2065 3351 2307 3408 nondum
2337 3354 2647 3423 obligatam
2668 3354 2715 3409 si
2739 3354 2866 3425 quis
2890 3354 3209 3420 vitiaverit,
3238 3355 3678 3427 perdideritque,
3702 3375 3864 3430 quem-

650 3439 946 3495 admodum
981 3442 1224 3497 hzerctici
1260 3442 1353 3513 qui
1408 3443 1660 3499 homines
1687 3456 1757 3499 ex
1786 3442 2042 3513 gentibus
2090 3441 2393 3512 aliquando
2421 3448 2479 3498 et
2513 3440 2720 3497 ludats
2754 3441 3004 3512 rapiunt,
3062 3442 3246 3499 solent
3296 3442 3510 3510 facere,
3558 3444 3697 3501 Patri
3731 3446 3865 3518 spiri-

650 3536 828 3593 tuum,
852 3527 957 3583 ltoc
987 3536 1071 3584 est
1095 3528 1226 3596 Deo,
1258 3529 1439 3585 delicti
1476 3529 1752 3585 rationem
1786 3529 1841 3585 in
1878 3529 2238 3599 pecuniarum
2274 3528 2645 3585 diminutione
2674 3537 3131 3601 repraesentatam
3164 3531 3378 3587 reddet.
3416 3531 3557 3589 lllud
3597 3550 3733 3597 vero,
3758 3536 3862 3595 Bias

647 3615 752 3670 erit
789 3630 962 3680 uxor,
997 3614 1142 3672 scite
1168 3632 1350 3687 operas
1401 3617 1636 3688 pretium
1665 3624 1772 3674 est.
1837 3616 2045 3689 Duplex
2122 3616 2266 3673 enim
2328 3616 2415 3672 lex
2482 3624 2589 3681 est,
2632 3616 2879 3672 carnalis
2932 3624 2988 3673 et
3029 3617 3361 3687 spiritualls.
3415 3621 3718 3693 Respondet
3762 3636 3862 3677 vero

652 3702 827 3758 huic:
896 3721 916 3755 ι
954 3701 1109 3770 Quod
1161 3705 1334 3775 igitur
1402 3704 1545 3761 Deus
1589 3705 1898 3773 conjunxit,
1964 3706 2127 3761 homo
2166 3720 2246 3762 ne.
2280 3702 2606 3775 separet“,
2634 3722 2654 3756 ι
2718 3704 2855 3761 illud
2903 3724 2919 3761 :
2978 3724 2997 3758 ‹
3028 3704 3147 3761 Non
3185 3711 3336 3762 enim
3388 3713 3603 3779 poterit
3645 3725 3751 3763 cant
3792 3706 3861 3762 di-

650 3790 872 3845 mittere
909 3805 1019 3861 psr
1074 3806 1238 3849 omne
1285 3794 1587 3865 tempus“.
1622 3813 1639 3845 ι
1692 3794 1866 3849 Tanta
1916 3808 2046 3850 vero
2105 3792 2436 3865 virginitatis
2494 3793 2830 3851 excellentia
2881 3801 3002 3862 est,
3057 3804 3115 3851 ut
3161 3795 3389 3867 violatio
3444 3796 3567 3869 ejus
3623 3796 3859 3854 excidium

651 3887 897 3933 νοεθιυτ.

722 3964 847 4020 Non
864 3963 1183 4035 ingredietur
1205 3962 1370 4031 spado
1383 3975 1430 4017 et
1444 3972 1708 4017 castratus
1732 3962 1784 4017 in
1800 3978 1987 4017 emtum
2006 3961 2233 4022 Domini,
2259 3962 2475 4037 [XXIIL
2495 3968 2588 4035 23,
2604 3968 2682 4039 1.]
2703 3969 2906 4042 Duplex
2926 3971 3071 4027 enim
3093 3972 3475 4031 cunuchorum
3500 3990 3684 4047 genus,
3702 3979 3858 4043 prater

648 4068 747 4108 eos
773 4068 912 4124 quos
944 4062 1136 4107 natura
1164 4051 1298 4106 edit.
1318 4052 1475 4105 Aliud
1509 4050 1731 4122 quidem
1766 4066 1957 4107 eorum
1991 4051 2193 4121 quibus
2215 4054 2394 4112 virilia
2418 4058 2632 4126 penitus
2657 4068 2880 4116 exsecta
2912 4069 3039 4117 sunt
3061 4079 3077 4129 ;
3101 4062 3251 4119 aliud
3274 4078 3470 4119 eorum
3498 4064 3593 4135 qui
3619 4072 3853 4118 castrato-

648 4155 770 4195 rurn
806 4139 1031 4208 figuram
1061 4153 1170 4208 prae
1202 4153 1258 4193 se
1289 4137 1492 4201 ferunt,
1534 4137 1837 4192 amiserunt
1876 4152 2009 4194 vero
2035 4146 2250 4196 tantum
2275 4142 2384 4199 vim
2426 4144 2740 4214 genitalem.
2773 4147 3043 4204 Caeterum
3077 4150 3193 4207 haec
3218 4154 3464 4206 animam
3500 4158 3856 4223 repraesentant

647 4230 731 4283 vel
762 4242 989 4298 prorsus
1010 4224 1403 4289 effeminatam,
1446 4241 1511 4280 ac
1541 4226 1921 4297 voluptatibus
1955 4229 2276 4284 carnalibus
2313 4230 2574 4298 deditam,
2611 4234 2697 4289 vel
2742 4250 2920 4291 macte
2948 4236 3171 4308 quidem
3207 4239 3418 4295 virtute
3436 4255 3563 4296 esse
3593 4240 3850 4297 volentem.

648 4318 1019 4387 voluptatibus
1042 4332 1172 4371 vero
1197 4315 1344 4370 haud
1396 4316 1770 4371 resistentem.
1803 4314 2057 4383 Quarum
2096 4318 2199 4374 etsi
2235 4318 2515 4374 diversum
2543 4321 2787 4376 studium
2805 4331 2891 4378 est
2920 4325 3265 4391 acintcntio,
3297 4326 3363 4382 ad
3396 4326 3647 4383 eumdem
3676 4322 3853 4378 tandem

646 4408 809 4460 tinem
842 4404 1180 4475 rediguntur.
1216 4402 1391 4458 Filius
1428 4403 1559 4457 item
1591 4403 1785 4470 scorti,
1825 4403 2011 4458 anima
2061 4405 2277 4461 scilicet
2301 4420 2422 4477 qua‘
2456 4422 2685 4477 pravum
2708 4424 2936 4465 sensum
2963 4414 3221 4484 concepit
3247 4428 3315 4469 ex
3348 4413 3710 4480 daemonibus,
3736 4426 3857 4465 arre-

647 4503 757 4550 tur.
790 4492 1022 4564 Propter
1056 4493 1225 4547 illium
1252 4503 1436 4547 autem
1464 4491 1637 4562 ipsam
1676 4507 1897 4563 quoque
1931 4493 2255 4562 genitricem
2288 4498 2639 4551 exterminat.
2669 4495 2896 4567 Insuper
2915 4516 3141 4573 quoque
3174 4504 3505 4561 Ammonita:
3533 4520 3596 4560 ac
3622 4502 3851 4566 Moabitae,

642 4583 736 4655 qui
767 4582 1039 4638 cultorum
1070 4580 1496 4636 simulacrorum
1523 4579 1767 4650 quandiu
1792 4582 1930 4637 tales
1954 4582 2364 4650 permanserint
2392 4582 2623 4655 figuram
2655 4590 2961 4654 sustinent,
2989 4592 3081 4661 qui
3102 4593 3335 4649 summis
3356 4593 3574 4649 viribus
3598 4607 3655 4647 ac
3680 4589 3853 4647 conati-

643 4669 747 4725 bus
779 4678 969 4725 contra
1008 4683 1107 4724 nos
1137 4669 1354 4723 obviam
1378 4675 1635 4731 ruerunt,
1674 4682 2060 4739 summamque
2090 4671 2481 4728 crudelitatem
2514 4674 2808 4732 nobiscum
2838 4689 3233 4735 exercuerunt.
3264 4680 3488 4738 Idumaei
3522 4696 3678 4753 porro
3708 4681 3848 4733 haere-

643 4758 786 4813 sium
810 4765 940 4814 sunt
969 4757 1169 4827 imago,
1201 4755 1420 4810 oriundi
1471 4755 1615 4809 enim
1644 4769 1713 4810 ex
1750 4755 1897 4811 Esau
1965 4764 2146 4821 erant,
2191 4756 2572 4834 lsraelitisque
2606 4768 2878 4837 sanguine
2901 4771 3222 4842 pr0piuqui.
3284 4770 3494 4826 Volunt
3537 4786 3661 4827 vero
3714 4769 3844 4823 etiam

641 4843 1021 4900 haereticorum
1055 4844 1207 4900 liberi
1233 4843 1530 4901 Christiani
1570 4844 1898 4913 nuncupari.
1926 4842 2113 4916 Neque
2152 4862 2287 4904 vero
2340 4856 2490 4904 tanta
2522 4851 2684 4922 ipsis,
2712 4864 2922 4910 ouanta
2950 4858 3373 4915 simulacrorum
3427 4860 3719 4916 cultoribus
3740 4872 3843 4910 con-

643 4932 833 4988 stituta
851 4940 936 4988 est
962 4946 1141 5003 praua.
1169 4931 1229 4986 In
1250 4931 1412 4987 tertia
1441 4932 1596 4985 enim
1625 4932 1983 5001 generatione
2008 4947 2135 4990 rece
2155 4944 2309 5005 ptum
2346 4937 2528 4993 ituros
2553 4955 2677 4996 esse
2706 4941 2908 5013 inquit.
2932 4944 3415 5011 Quemadmodum
3445 4948 3690 5002 ldumaais
3708 4944 3843 4999 Isaias

641 5020 951 5084 denuntiat,
982 5020 1142 5075 initio
1177 5034 1209 5073 a
1237 5018 1522 5075 visionein
1554 5018 1756 5074 Arabia
1798 5019 1947 5075 facto
1980 5041 1993 5076 :
2029 5040 2047 5073 ‹
2074 5022 2134 5077 ln
2172 5024 2459 5080 condenso
2522 5042 2749 5098 vespere
2803 5032 3032 5088 cubabis
3057 5034 3114 5089 in
3142 5034 3230 5089 via
3289 5035 3590 5091 Dodanaim
3623 5054 3637 5092 :
3665 5034 3841 5089 obviam

641 5109 846 5164 sitienti
874 5106 1010 5162 ferte
1040 5122 1259 5176 aquam,
1289 5106 1381 5177 qui
1409 5106 1667 5194 habitatis
1701 5108 1755 5161 in
1792 5110 2013 5178 regione
2039 5108 2297 5167 Thaeman
2328 5130 2342 5167 :
2384 5114 2625 5181 panibus
2654 5117 2872 5172 obviam
2900 5120 2975 5176 ite
3004 5119 3343 5193 fugientibus
3373 5136 3597 5194 propter
3619 5134 3841 5177 caesorum

640 5196 1067 5261 multitudinem,
1106 5211 1176 5251 ne
1212 5193 1673 5266 quemadmodum
1698 5204 1857 5251 antea
1893 5196 2145 5255 Moabitae
2170 5200 2375 5255 faciant
2394 5201 2459 5257 ⁵⁸.
2486 5220 2504 5251 ι
2541 5202 2663 5257 Pari
2704 5204 2832 5261 item
2885 5210 3099 5265 ratione
3124 5225 3250 5265 cum
3279 5193 3725 5283 hisrecipiendos
3746 5222 3841 5263 esse

639 5284 955 5355 Egyptios.
1014 5282 1215 5353 inquit.
1286 5280 1888 5373 Quil‘ortasseicorum
1922 5285 2381 5357 significationem
2412 5292 2678 5361 praebent,
2710 5295 2803 5364 qui
2833 5311 2898 5351 ex
2934 5300 3193 5369 gentibus
3241 5317 3370 5373 erga
3400 5280 3734 5357 Christianos
3753 5313 3837 5351 non

639 5389 871 5445 prorsus
897 5374 1169 5431 hostiliter
1189 5381 1317 5428 sunt
1338 5371 1539 5427 all'ecti.
1564 5391 1584 5425 ι
1610 5371 1845 5429 Advena:
1868 5375 2014 5431 enim
2044 5375 2236 5435 fuistis
2268 5378 2411 5449 apud
2442 5394 2560 5445 eos,
2601 5399 2618 5433 ι
2646 5382 2851 5453 inquit.
2876 5386 3139 5445 Attamen
3171 5389 3275 5443 hoc
3307 5371 3659 5446 Moabitarum
3683 5389 3838 5443 decre-

640 5472 755 5520 tum
782 5466 939 5521 linem
962 5464 1107 5536 cepit
1135 5463 1190 5519 in
1214 5461 1359 5516 lluth
1392 5459 1934 5549 l‘cminabloabitica,
1967 5464 2133 5537 idque
2157 5467 2305 5523 omni
2339 5468 2486 5540 genti
2528 5483 2823 5529 commune
2844 5482 2951 5543 est,
2985 5485 3145 5547 juxta
3173 5478 3307 5534 illud
3343 5497 3357 5535 :
3398 5498 3417 5533 ‹
3444 5477 3502 5535 In
3522 5474 3661 5534 omni
3689 5482 3837 5549 gente,

562 5552 565 5555 ’
636 5553 731 5625 qui
756 5552 1042 5608 Dominum
1076 5552 1253 5618 timet,
1283 5556 1545 5619 acceptus
1570 5548 1619 5604 ei
1657 5556 1766 5604 est.
1792 5568 1813 5604 ι

714 5708 758 5787 ’ξ
789 5708 1060 5787 Psallam},
1086 5711 1201 5787 6.“
1262 5708 1491 5787 "paul.
1522 5726 1598 5787 vi,
1639 5710 1696 5765 8.
1774 5711 1832 5787 "‘
1850 5710 2151 5787 Numuxv,
2196 5708 2286 5763 58.

2221 5709 2286 5762 i8.
2387 5710 2648 5787 ffICor.
2686 5714 2875 5779 vt,i7.
2987 5716 3030 5749 “
3093 5716 3132 5771 ll
3186 5719 3314 5775 Cor.
3372 5740 3467 5787 xu.
3514 5725 3569 5781 2.
3676 5723 3836 5778 "Osce

628 5781 778 5843 1,19.
856 5782 902 5815 ⁸⁵⁸
953 5782 1085 5838 ibid.
1140 5781 1230 5837 20.
1310 5782 1355 5814 ⁵³
1395 5780 1587 5837 Matth.
1642 5797 1767 5851 vix,
1802 5781 1857 5836 6.
1940 5782 1982 5813 “
2016 5779 2169 5836 Deut.
2215 5796 2243 5833 χ

1642 5797 1767 5851 vix,
1802 5781 1857 5836 6.
1940 5782 1982 5813 “
2016 5779 2169 5836 Deut.
2215 5796 2347 5838 xm.
2383 5782 2474 5839 9.9.
2570 5786 2621 5819 ”
2679 5788 2784 5842 lsa.
2834 5802 2946 5853 ut,
3014 5790 3202 5845 15-15.
