4090 6502
269 322 380 388 933
1133 329 1675 393 COMMENTARII
1720 330 1803 395 IN
1834 335 2538 401 DEUTERONOMlUM.
3422 350 3530 415 9'35

346 436 504 505 Quod
529 438 576 491 si
600 454 717 493 vero
750 456 994 511 egressus
1035 442 1203 513 fueris
1231 454 1289 498 ut
1321 446 1570 514 impetum
1592 446 1765 517 facias
1799 450 1854 504 in
1882 450 2058 507 hostes
2092 464 2234 518 tuos,
2259 455 2469 509 cavebis
2507 458 2573 509 ab
2600 458 2747 512 omni
2788 474 2840 512 re
2869 458 3025 522 mala.
3082 456 3187 533 [9.]
3230 457 3534 532 Spirituule

270 528 435 617 nobis
465 526 549 617 ob
564 528 759 617 oculos
805 528 961 617 ponit
1000 531 1227 587 bellum.
1267 531 1387 589 Non
1418 534 1570 590 enim
1605 536 1675 592 de
1693 536 1922 594 casibus
1948 540 2230 610 corporeis
2254 556 2377 612 quae
2403 556 2433 596 e
2456 542 2603 598 bello
2666 545 2947 617 spirituali
3003 526 3313 613 ret-raliant,
3372 552 3529 609 dicit.

276 611 431 670 «Nec
463 614 612 669 enim
652 615 815 671 nobis
845 616 1165 674 luctandum
1187 628 1275 676 est
1308 635 1434 676 cum
1471 625 1745 693 sanguine
1767 634 1821 681 et
1848 641 2037 691 carne,
2075 611 2414 684 rerumcum
2441 611 2870 703 principalibus,
2909 650 2975 690 ac
3009 611 3383 706 potestatibus
3408 641 3474 695 ι’.
3505 660 3520 693 ι

269 700 431 757 Unde
464 718 602 759 sane
642 720 743 759 nec
764 719 917 758 arma
942 714 1135 762 nostra
1162 708 1430 774 carnalia,
1462 711 1928 779 quemadmodum
1960 715 2229 787 scriptum
2264 719 2433 775 est".
2477 700 2829 778 Adversariis
2855 700 3041 793 itaque
3065 734 3250 781 nostra
3274 742 3532 798 perscru—

268 792 424 846 tandi
451 806 643 847 ansam
678 793 925 862 praebere
956 809 1063 848 non
1095 802 1336 864 oportet.
1366 796 1556 853 hostes
1586 800 1728 853 enim
1760 808 1913 865 sunt,
1946 810 2001 856 et
2032 803 2366 872 adversarii,
2409 808 2502 877 qui
2532 823 2563 863 a
2594 810 2800 865 divinis
2860 792 3062 868 castris
3093 829 3157 867 ac
3188 792 3530 872 stationibus

267 879 464 948 procul
494 888 713 951 captum
748 897 927 951 usque
964 884 1031 936 ad
1065 897 1351 952 vesperam
1386 882 1664 953 impurum
1721 886 1989 953 detinent,
2047 893 2241 948 tandin
2272 896 2549 964 videlicet,
2585 897 2714 953 dum
2762 899 3020 957 Christus
3075 917 3271 958 eorum
3304 907 3529 961 ratione

269 967 457 1021 habita
486 969 579 1037 qui
616 970 859 1022 naturali
898 970 1109 1040 peccati
1136 970 1466 1040 aegritudine
1494 971 1767 1039 laborant,
1804 977 2244 1045 puriﬁcationem
2303 1000 2426 1054 quae
2478 1001 2573 1055 per
2594 986 2880 1042 lacravnm
2915 990 2974 1044 lit
3012 990 3266 1047 divinum
3299 994 3529 1065 largitus

268 1053 459 1117 fuerit,
487 1070 655 1110 cruce
708 1057 887 1125 lignea
917 1056 1078 1112 nobis
1123 1057 1351 1123 donata,
1387 1072 1496 1127 qua
1540 1059 1737 1114 muniti
1786 1062 2005 1121 fortiter
2033 1077 2087 1124 et
2114 1053 2369 1140 expedite
2399 1053 2697 1130 insitarum
2760 1079 3125 1147 cupiditatum
3190 1053 3525 1145 fmdntalcm,

265 1142 591 1212 paenitentia
627 1158 693 1197 ex
723 1144 905 1200 crucis
938 1145 1284 1200 correctione
1351 1155 1622 1215 concepta
1675 1153 2046 1221 contegimus,
2087 1155 2246 1225 juxta
2304 1159 2438 1214 illud
2471 1179 2484 1215 :
2522 1142 2859 1233 «Sapientes
2903 1179 3003 1220 sua
3062 1175 3316 1222 avertent
3355 1142 3525 1224 dede;

262 1232 481 1284 cora".
506 1250 523 1281 ι
553 1228 673 1296 Quo
704 1231 959 1287 videlicet
995 1231 1140 1288 Deus
1166 1233 1223 1287 in
1253 1234 1414 1289 nobis
1446 1234 1658 1290 habitet
1690 1250 1756 1291 ac
1782 1237 2128 1296 observetur.
2165 1243 2407 1302 Sanctus
2458 1248 2604 1303 enim
2643 1228 2885 1319 spiritus
2913 1250 3101 1307 dolum
3156 1254 3351 1324 fugiet,
3377 1266 3429 1309 et
3457 1256 3527 1309 ab

261 1317 466 1388 ineptis
496 1318 803 1374 rationibus
846 1321 1083 1386 recedet,
1139 1321 1602 1392 quemadmodum
1645 1324 1916 1396 scriptum
1960 1337 2047 1385 est
2080 1349 2094 1386 :
2125 1350 2143 1383 ι
2171 1332 2360 1389 Sancti
2413 1337 2558 1391 enim
2611 1317 2806 1402 estote,
2844 1338 3047 1409 inquit,
3114 1317 3380 1410 quo'niarn
3415 1356 3520 1408 ego

261 1416 496 1460 sanctus
526 1420 646 1459 sum
667 1408 733 1460 ⁸ο.
759 1426 777 1459 ›
836 1406 900 1462 Ει
920 1408 1120 1463 iterum
1148 1428 1162 1464 :
1193 1427 1212 1462 ι
1234 1408 1391 1466 Exite
1421 1409 1580 1479 hinc,
1604 1426 1669 1467 ac
1703 1411 2049 1471 immundum
2078 1433 2147 1475 ne
2176 1423 2552 1491 contrectetis,
2590 1430 2725 1481 tunc
2747 1440 2851 1496 ego
2880 1406 2978 1481 vos
3014 1406 3308 1495 recipiam,
3345 1406 3527 1497 inquit

258 1491 532 1548 Dominus
556 1493 624 1547 ⁵¹.
653 1511 671 1543 ι

334 1607 441 1660 Τὸν
486 1607 586 1677 τῆς
638 1606 769 1679 περὶ
809 1607 1054 1678 γαστέρα
1108 1608 1244 1679 πρὸς
1271 1608 1611 1680 αὐτάρκειαν
1658 1610 1838 1682 χρείας

2027 1604 2207 1660 Alium
2259 1624 2389 1664 vero
2415 1610 2508 1681 qui
2570 1610 2894 1667 necessitati
2949 1611 3163 1668 ventris
3195 1611 3527 1669 satisfacere

257 1699 621 1770 ἀνορυκτικὸν
680 1699 962 1752 πάσσαλον
998 1698 1108 1751 δεῖν
1157 1698 1261 1769 τῆς
1321 1698 1500 1770 ζώνης
1567 1698 1843 1770 ἠρτῆσθαι

257 1811 421 1863 φησι,
450 1792 518 1845 δι’
552 1786 612 1846 οὗ
651 1789 1015 1862 γινώσκομεν,
1068 1789 1144 1854 ὡς
1200 1791 1381 1861 πάσης
1442 1790 1639 1861 ἡδονῆς
1696 1790 1840 1861 βρω-

262 1886 454 1958 μάτων
499 1884 674 1955 πέρας
710 1885 862 1937 ἐστὶν
893 1884 921 1937 ό
945 1883 1160 1954 λαιμός.
1186 1882 1267 1936 Τὰ
1297 1882 1533 1953 τυχόντα
1568 1882 1677 1953 γὰρ
1700 1882 1839 1955 πλη-

258 1979 463 2052 ροῢντα
542 1977 640 2045 τὴν
715 1975 908 2047 χρείαν
987 1978 1172 2046 πάσης
1233 1976 1466 2046 ἀκαίρου
1542 1974 1841 2045 ἐπιθυμίας

257 2071 602 2140 ὲπικάμπτει
654 2067 1070 2141 ἀσχημοσύνην.
1123 2067 1472 2139 Πανταχόθεν
1549 2065 1605 2119 δὲ
1661 2065 1841 2135 δῆλον,

257 2162 337 2225 ὡς
402 2159 644 2230 φυσικῶν
693 2161 1134 2233 περιττωμάτων
1212 2160 1315 2214 οὐκ
1374 2158 1440 2214 ἂν
1486 2157 1721 2229 ἀμέλησε
1765 2156 1844 2211 τῶ

255 2254 400 2308 Θεῶ.

1950 1698 2091 1764 vult,
2128 1699 2315 1769 palum
2352 1710 2689 1771 praesentum
2738 1701 2964 1774 cingulo
3011 1718 3312 1774 appensnm
3363 1704 3526 1776 453

1949 1786 2153 1843 habere
2196 1805 2429 1847 necesse
2456 1807 2581 1849 esse
2615 1793 2830 1864 inquit;
2862 1810 2973 1864 quo
3004 1794 3128 1865 ipso
3161 1796 3526 1866 intelligimus

1946 1881 2095 1950 quod
2152 1883 2331 1939 multis
2389 1885 2532 1955 gulae
2584 1895 2779 1957 guttur
2811 1885 2937 1942 linis
2991 1895 3100 1942 est.
3141 1886 3339 1942 Omnia
3374 1890 3524 1942 enim

1947 1989 2068 2044 qua:
2099 1974 2242 2030 forte
2275 1976 2497 2031 fortuna
2554 1978 2713 2040 ﬁunt.
2750 1993 2817 2033 ac
2846 1985 3237 2036 necessitatem
3272 1982 3521 2049 explent,

1947 2064 2127 2119 omnis
2153 2065 2459 2121 immaturae
2491 2067 2740 2124 libidinis
2771 2069 3175 2141 turpitudinem
3204 2080 3523 2141 protegunt.

1953 2155 2318 2227 Undiquaque
2345 2172 2474 2213 vero
2508 2160 2862 2215 manifestum
2889 2169 2996 2227 est,
3032 2165 3183 2232 quod
3244 2163 3522 2218 naturalia

1949 2258 2300 2302 excrementa
2324 2247 2435 2305 Deo
2469 2264 2618 2305 curae
2651 2268 2759 2305 non
2800 2262 2947 2308 sunt.

334 2369 459 2424 Non
495 2368 671 2424 trades
696 2383 899 2422 servum
923 2367 1137 2421 domino
1170 2366 1357 2435 ipsius.
1384 2362 1744 2439 [XXlll,15.]
1775 2363 1833 2419 ln
1862 2362 2174 2417 Proverbiis
2205 2362 2331 2418 item
2375 2364 2552 2437 inquit
2579 2383 2592 2419 :
2623 2386 2641 2419 ε
2670 2365 2748 2422 Ne
2775 2368 2959 2424 tradas
2988 2385 3206 2425 servum
3242 2370 3295 2425 in
3321 2386 3513 2425 manus

257 2459 497 2522 domini,
537 2474 604 2513 ne
652 2458 790 2512 forte
838 2464 1158 2511 exsecretur
1197 2463 1272 2520 te,
1301 2463 1354 2509 et
1377 2470 1597 2525 pessum
1630 2468 1722 2509 eas
1748 2454 1813 2507 ⁸⁸.
1855 2472 1873 2504 ι
1911 2451 2107 2521 Argnit
2146 2466 2276 2505 vero
2315 2452 2446 2505 illud
2479 2471 2492 2506 :
2526 2452 2605 2509 Ne
2649 2457 2834 2510 tradas
2882 2456 3279 2512 immanitatem
3307 2474 3426 2527 quae
3464 2459 3515 2513 iu

257 2548 455 2617 primis
486 2545 910 2600 simulacrorum
939 2543 1248 2598 cultoribus
1275 2550 1360 2599 est
1404 2542 1685 2610 adjuncta.
1737 2538 1872 2594 Nam
1906 2539 1974 2593 de
2008 2538 2204 2594 vicinis
2244 2539 2498 2609 gentibus
2527 2557 2707 2597 sermo
2738 2553 2821 2599 est
2846 2582 2862 2607 ,
2900 2545 3104 2613 quibus
3159 2561 3375 2600 servum
3422 2562 3520 2601 ne—

254 2651 389 2688 tare
421 2636 586 2689 etiam
640 2631 776 2686 nihil
821 2632 1201 2702 reputabatur.
1240 2630 1513 2685 Cancrum
1568 2628 1826 2682 Hebraeos
1856 2626 1940 2681 lex
1980 2626 2048 2680 de
2083 2626 2426 2682 humanitate
2471 2628 2779 2696 admonuit,
2821 2646 2929 2701 qua
2973 2632 3288 2702 praecipitur
3339 2649 3405 2688 ne
3435 2634 3523 2702 ju-

255 2732 508 2776 mentum
547 2734 771 2789 quoque
801 2718 854 2772 in
894 2718 1092 2771 itinere
1125 2717 1461 2787 negligatur.
1502 2733 1521 2766 ι
1562 2712 1762 2769 Verum
1793 2714 1935 2767 bona
1968 2713 2088 2775 (ide,
2116 2713 2318 2785 inquit,
2351 2730 2414 2769 ea
2446 2714 2603 2769 fratri
2638 2724 2736 2771 tuo
2770 2718 3048 2773 restituas.
3100 2738 3117 2769 ι
3150 2720 3365 2785 Quanto
3395 2736 3523 2774 vero

255 2809 439 2877 magis
474 2804 766 2870 famulum,
793 2804 1020 2876 quando
1056 2804 1248 2860 herum
1281 2804 1420 2858 iram
1451 2818 1609 2858 suam
1649 2801 1972 2872 deposuisse
2010 2812 2223 2855 certum
2254 2811 2360 2857 est.
2392 2800 2529 2855 Nam
2567 2803 2786 2857 idcirco
2819 2804 3108 2874 subjunxit
3138 2825 3150 2858 :
3195 2824 3213 2857 ι
3246 2808 3321 2859 Ita
3357 2808 3521 2863 facies

255 2894 313 2948 in
343 2896 493 2949 omni
539 2894 743 2948 damno
793 2892 979 2946 fratris
1011 2892 1117 2945 tui.
1155 2909 1174 2944 ι
1228 2889 1303 2946 De
1338 2888 1644 2961 peregrinis
1676 2888 1860 2957 itaque
1909 2889 2115 2943 mentio
2146 2896 2251 2955 est,
2280 2889 2373 2959 qui
2429 2890 2473 2944 si
2518 2889 2584 2943 ad
2630 2892 2890 2961 pietatem
2939 2903 2991 2946 et
3025 2894 3235 2947 cultum
3269 2894 3517 2949 divinum

250 2982 501 3037 traducti
546 2982 770 3047 fuerint,
823 2996 1031 3052 corpus
1059 2989 1113 3037 et
1169 2982 1412 3035 animam
1465 2978 1803 3034 incolumem
1838 2975 2201 3032 servaverint.
2249 2974 2325 3030 lta
2375 2991 2595 3047 quoque
2644 2989 2883 3033 mentem
2944 2982 3520 3045 mutare,volentilms

253 3071 444 3125 aditus
479 3071 554 3124 ad
596 3070 1040 3140 resipiscentiam
1074 3083 1181 3123 non
1234 3078 1320 3123 est
1372 3065 1853 3121 intercludendns.
1898 3062 2140 3129 Quilibet
2187 3065 2332 3117 enim
2370 3062 2652 3123 dominum
2705 3064 2871 3120 habet
2904 3066 2994 3120 cui
3025 3068 3192 3121 etiam
3244 3068 3520 3124 obnoxius

244 3169 363 3224 est,
394 3159 615 3231 genium
658 3157 918 3213 vidi-licet
950 3174 963 3211 :
1000 3176 1023 3209 ι
1056 3156 1119 3212 Ει
1146 3156 1383 3221 habitet,
1419 3155 1622 3227 inquit.
1667 3155 1724 3210 in
1759 3153 1883 3207 loco
1908 3164 2071 3222 quem
2106 3149 2357 3220 elegerit.
2394 3168 2413 3202 ι

325 3292 498 3346 Τόποι
527 3292 620 3346 τοῦ
641 3293 860 3365 Ἰσραὴλ
879 3293 1082 3363 γνῶσις
1122 3293 1403 3358 εὐσεϐείας
1422 3334 1438 3359 ,
1487 3291 1582 3347 καὶ
1630 3288 1838 3363 ἀρετῶν

2014 3281 2163 3339 Loca
2196 3298 2326 3339 vero
2354 3283 2574 3341 lsraelis
2603 3294 2758 3352 sunt,
2790 3285 3032 3357 cognitio
3063 3284 3304 3356 pietatis,
3328 3292 3384 3341 et
3411 3286 3524 3340 vir-

252 3387 627 3458 ἐπιτήδευσις.
684 3386 749 3440 Ol
779 3386 837 3439 δὲ
878 3384 1078 3453 λοιποὶ,
1108 3385 1199 3439 Ἐν
1234 3386 1335 3457 μιᾷ
1369 3385 1478 3440 τῶν
1506 3384 1691 3439 πυλῶν
1722 3398 1839 3446 σου,

256 3480 555 3546 ἐξέδωκαν,
586 3477 818 3533 οίκειότε
828 3479 1023 3550 ρον.οἱ
1050 3477 1161 3547 γὰρ
1186 3478 1384 3532 νεωστὶ
1409 3476 1840 3553 προσερχόμενοι

252 3570 358 3622 οὐκ
394 3570 454 3621 ὲν
485 3568 668 3633 τόποις
690 3569 856 3622 οίκεῖν
881 3608 897 3635 ,
929 3568 1044 3621 ἀλλ’
1082 3569 1141 3623 εν
1172 3568 1370 3633 πύλαις
1401 3568 1606 3639 κυρίως
1643 3565 1841 3637 λεχθή-

269 3672 481 3710 σονται.
518 3656 593 3710 Τὸ
640 3655 722 3721 δὲ,
755 3656 829 3709 Οὐ
878 3654 1089 3725 θλίψεις
1112 3656 1298 3722 αὐτὸν,
1336 3655 1474 3727 πρὸς
1504 3656 1568 3709 τὸ
1609 3654 1684 3726 μὴ
1716 3656 1840 3707 ὲπι-

254 3749 434 3802 θεῖναι
480 3746 702 3818 φορτίον
749 3747 890 3819 ὑπὲρ
948 3748 1113 3802 αὐτόν
1137 3766 1151 3780 ⁸
1207 3742 1320 3803 οἷον
1371 3748 1718 3819 περιτέμνων
1766 3744 1842 3816 μὴ

256 3839 612 3911 βουλόμενον.
651 3840 983 3909 ἀναγκάζων
1009 3840 1104 3895 τοῦ
1141 3840 1310 3913 νόμου
1339 3844 1531 3912 τηρεῖν
1560 3840 1629 3894 τὰ
1657 3838 1839 3892 λοιπά.

258 3952 280 3984 ε
311 3932 503 3998 Ἔδοξε
535 3931 666 4003 γὰρ,
692 3933 862 4003 φασὶν
890 3933 941 3986 οἱ
993 3933 1309 4002 ἀπόστολοι,
1347 3935 1426 4008 τῷ
1482 3934 1626 4005 ἁγίῳ
1672 3934 1844 3987 Ilvati-

255 4043 393 4095 ματι
423 4026 518 4078 καὶ
550 4025 684 4096 ἡμῖν
718 4025 889 4096 μηδὲν
919 4025 1084 4080 πλέον
1112 4025 1457 4081 ἐπιτίθεσθαι
1492 4026 1658 4099 βάρος
1688 4026 1839 4097 ύμῖν,

251 4115 565 4186 ἀπέχεσθαι
604 4116 662 4169 δὲ
714 4116 878 4186 μόνον
911 4116 1283 4172 εἰδωλοθύτων
1315 4120 1410 4172 καὶ
1458 4118 1689 4191 αἵματος
1744 4115 1842 4171 καὶ

252 4208 490 4261 πνικτο]
522 4208 615 4261 καὶ
639 4209 923 4279 πορνείας.
953 4227 973 4261 ι

329 4387 456 4439 Οὐκ
480 4386 651 4440 ἕσται
677 4388 1042 4457 τελεσφόρος
1066 4389 1186 4444 ἀπὸ
1205 4389 1550 4461 θυγατέρων
1576 4386 1837 4457 Ἰσραὴλ,

252 4478 355 4531 καὶ
390 4480 505 4531 οὐκ
547 4478 721 4533 ἔσται
756 4482 1187 4550 τελισκόμενος
1223 4482 1340 4536 ἀπὸ
1379 4482 1525 4537 υἱῶν
1565 4479 1837 4548 Ἰσραήλ.

253 4568 657 4641 Σημαίνειγάρ
716 4566 859 4627 εἶναι
909 4575 1341 4645 πορνοϐοσκοὺς,
1399 4575 1599 4647 φόρους
1646 4574 1837 4646 ὥσπερ

251 4660 365 4713 ἀπὸ
410 4661 671 4713 τοιούτων
727 4662 1098 4733 μισθωμάτων
1143 4664 1522 4734 συλλέγοντας.
1590 4665 1683 4719 Διὸ
1742 4666 1836 4718 καὶ

248 4752 545 4821 προανεῖλε
568 4751 761 4807 τούτου
790 4755 891 4823 τὴν
930 4755 1229 4827 πρόφασιν,
1260 4756 1360 4830 τὴν
1397 4757 1658 4829 πορνείαν
1694 4758 1836 4812 ἀπο-

246 4840 505 4911 κηρύξας
528 4841 589 4908 ὲξ
623 4843 860 4917 Ἰσραήλ.
901 4848 1014 4901 Καὶ
1037 4848 1119 4915 τὸ,
1148 4848 1309 4913 κυνὸς
1345 4848 1403 4903 δὲ
1430 4848 1709 4920 ἄλλαγμα,
1738 4849 1841 4921 τὴν

247 4933 449 5004 ἀνέδην
479 4934 740 5005 πορνείαν
773 4936 942 5009 δηλοῖ.
976 4939 1319 5013 Τελεσφόρον
1340 4941 1452 5013 γὰρ
1478 4940 1540 4994 οὐ
1568 4942 1843 5012 συγχωρεῖ

245 5028 394 5080 νοεῖν
428 5026 524 5081 τὸν
547 5027 807 5085 τελοῦντα
832 5029 1089 5103 δαίμοσιν
1110 5077 1125 5101 ,
1158 5033 1349 5106 ὥσπερ
1398 5034 1533 5088 οὐδδο
1558 5036 1651 5088 τὸν
1695 5043 1839 5088 τελια

248 5118 547 5190 σκόμενον,
566 5120 676 5174 τῶν
699 5122 1047 5195 ἑκατέρωθεν
1072 5126 1498 5199 παρακειμένων
1515 5125 1834 5198 ἀπαγορεύ-

247 5224 392 5262 σεων
430 5209 494 5263 τὸ
541 5211 841 5270 ἀνοίκειον.
877 5215 944 5269 Τί
983 5216 1112 5285 γάρ.
1155 5258 1169 5273 .
1210 5256 1225 5272 .
1266 5258 1279 5272 .
1315 5218 1436 5272 οὐδὲ
1477 5218 1539 5272 τὸ
1585 5219 1681 5272 επὶ
1733 5218 1835 5290 μὲν

248 5301 572 5374 θυγατέρων
602 5306 778 5360 εἰπεῖν
803 5307 1153 5380 τελεσφόρον,
1192 5311 1285 5363 ἐπὶ
1317 5310 1373 5364 δὲ
1412 5311 1717 5383 μειρακίων
1750 5310 1833 5376 τὸ,

245 5395 666 5466 τελισκόμενον.
705 5399 849 5453 Ἀλλ’
892 5419 1045 5466 ουτος
1089 5403 1188 5472 μὲν
1211 5405 1239 5456 ό
1277 5403 1435 5473 λόγος
1462 5404 1559 5458 καὶ
1596 5405 1658 5457 τὸ
1705 5405 1836 5476 περὶ

247 5487 515 5557 πορνείας
547 5488 739 5545 νοηθὲν
770 5492 1040 5548 ἀνοίκειον
1078 5496 1342 5550 δείκνυσι.
1367 5496 1432 5549 Τί
1462 5496 1570 5569 γάρ
1622 5494 1831 5550 ἐκώλυε

1945 3383 2122 3430 tntum
2155 3377 2421 3431 studium.
2458 3374 2679 3447 Reliqui
2708 3393 2843 3433 vero
2870 3378 3043 3450 inagis
3070 3381 3313 3450 proprie,
3334 3379 3389 3435 in
3419 3380 3523 3434 ali-

1944 3482 2050 3538 qua
2069 3475 2348 3538 portarum
2377 3477 2594 3524 tuarum
2633 3479 3029 3541 exposuerunt.
3049 3472 3153 3538 Qui
3178 3472 3324 3527 enim
3349 3487 3524 3542 nuper

1943 3560 2263 3625 adveniunt,
2298 3575 2406 3614 non
2453 3560 2507 3615 in
2544 3561 2683 3616 locis
2714 3562 2982 3630 habitare,
3025 3580 3213 3619 verum
3255 3565 3310 3620 in
3351 3566 3525 3635 portis

1943 3653 2165 3722 proprie
2214 3653 2491 3710 dicentur.
2539 3654 2713 3711 Porro
2744 3671 2899 3722 vero,
2948 3657 3149 3727 inquit,
3180 3672 3288 3712 non
3318 3658 3523 3728 aﬂliges

1942 3761 2069 3801 eum
2103 3762 2282 3818 neque
2308 3749 2496 3804 oneris
2529 3748 2737 3820 aliquid
2772 3750 2822 3806 ei
2864 3750 3139 3820 impones,
3182 3758 3241 3805 ut
3268 3752 3524 3808 videlicet

1944 3836 2311 3893 circumcidas
2352 3838 2621 3905 invitum,
2672 3855 2737 3894 ac
2791 3839 3003 3911 reliqua
3052 3842 3187 3911 legis
3230 3842 3524 3898 observare

1943 3943 2130 3999 cogas.
2191 3948 2212 3983 ι
2246 3928 2440 3987 Visum
2472 3932 2617 3987 enim
2666 3941 2773 3997 est,
2807 3932 3067 4005 inquiunt
3104 3935 3359 4006 apostoli.
3388 3949 3521 3990 san-

1943 4033 2032 4077 cto
2064 4023 2297 4094 Spiritui
2326 4033 2377 4079 et
2420 4024 2601 4089 nobis,
2627 4033 2686 4080 ut
2730 4026 2868 4081 nihil
2904 4027 3143 4098 amplius
3191 4028 3377 4083 oneris
3416 4029 3522 4083 im-

1941 4121 2179 4184 ponatur
2221 4113 2399 4181 vobis,
2431 4123 2640 4170 tantum
2676 4131 2807 4172 vero
2852 4124 2912 4171 ut
2936 4117 3262 4173 abstineatis
3292 4133 3321 4172 a
3353 4120 3525 4172 simu-

1943 4205 2218 4260 lacrornm
2252 4206 2454 4277 epulis,
2486 4222 2515 4261 a
2549 4208 2836 4278 sanguine,
2857 4224 2886 4263 a
2909 4208 3198 4276 sutl‘ocato,
3231 4222 3283 4266 et
3309 4225 3341 4265 a
3367 4226 3525 4266 scor-

1942 4298 2150 4353 tatione
2175 4298 2243 4351 ⁸³.
2276 4316 2295 4351 ι

2015 4387 2141 4443 Νοιι
2193 4392 2296 4444 erit
2352 4392 2639 4447 tributaria
2673 4410 2737 4447 ex
2781 4394 3002 4463 ﬁliabus
3049 4395 3242 4459 Israel,
3280 4412 3371 4449 nec
3419 4397 3520 4449 erit

1942 4480 2196 4537 immunis
2238 4486 2516 4555 quicquam
2548 4503 2614 4541 ea:
2647 4488 2777 4556 ﬁliis
2816 4487 3009 4543 Israel.
3049 4487 3189 4559 [Ιί]
3239 4488 3521 4557 Continuit

1942 4575 2087 4629 enim
2133 4576 2361 4634 lenones
2398 4595 2522 4634 esse
2542 4558 2644 4649 .qui
2679 4580 2887 4635 tributa
2934 4596 2998 4636 ex
3034 4558 3345 4649 hujnsmodi
3379 4597 3522 4635 mer-

1944 4669 2203 4725 cimoniis
2242 4670 2500 4742 colligere
2548 4671 2832 4727 simulant.
2893 4671 3242 4742 Quapropter
3299 4688 3516 4727 omnem

1942 4762 2064 4832 ejus
2126 4763 2203 4818 rei
2237 4771 2557 4833 praetextum
2624 4766 2871 4831 sustulit,
2904 4781 3234 4836 omnemque
3274 4766 3517 4822 fornica-

1942 4851 2150 4907 tionem
2200 4868 2266 4906 ex
2301 4851 2498 4909 Israele
2547 4852 2842 4909 abdicavit.
2892 4852 3163 4909 Caeterum
3201 4854 3357 4912 canis
3390 4870 3520 4927 pre-

1940 4943 2103 5008 tium,
2140 4943 2403 5000 ell‘rencm
2457 4946 2855 5001 scortationem
2911 4947 3157 5002 denotat.
3193 4946 3312 5003 Non
3370 4951 3515 5005 enim

1939 5036 2184 5107 cogitare
2220 5036 2509 5107 permittit,
2550 5038 2698 5109 quod
2760 5040 3025 5094 tributum
3076 5042 3373 5099 exsolverit
3424 5044 3516 5113 qui

1939 5146 2029 5187 res
2065 5124 2436 5187 daemoniacas
2486 5130 2711 5202 pendit,
2751 5132 3214 5204 quemadmodum
3267 5150 3366 5189 nec
3413 5137 3517 5189 im-

1939 5237 2161 5277 munem
2203 5238 2327 5279 esse
2383 5238 2535 5288 eum,
2571 5224 2665 5295 qui
2728 5225 3036 5280 libertatem
3073 5225 3515 5281 interdictionnm

1939 5315 2198 5385 utrinque
2220 5314 2607 5385 adjunctarum
2640 5325 2943 5387 usurpant:
2974 5332 3152 5386 neque
3186 5317 3342 5379 illud,
3372 5318 3515 5386 quod

1940 5404 2008 5459 de
2046 5403 2267 5459 ﬁliabus
2312 5404 2528 5460 dicatur
2559 5404 2882 5460 tributarias
2913 5418 3035 5460 esse
3103 5403 3170 5459 de
3200 5404 3519 5457 adolescen-

1946 5496 2079 5552 tulis
2107 5511 2257 5564 vero,
2283 5511 2408 5553 esse
2439 5498 2732 5553 immunes.
2771 5495 2971 5552 Verum
3006 5494 3119 5550 haec
3146 5493 3365 5566 quidem
3394 5508 3519 5549 ora-

329 5664 379 5744 ".
411 5664 613 5736 Ephes.
632 5667 820 5744 p.12.
896 5669 1160 5744 λέμβοι.
1188 5689 1247 5739 x,
1274 5673 1326 5727 Α.
1401 5675 1445 5707 ‘9
1468 5673 1641 5729 Eccli.
1662 5688 1798 5744 xm,
1826 5674 1838 5727 ε

1995 5676 2039 5709 ³ο
2076 5673 2381 5743 Ιλῦι“ἰί.ΧιΧ,
2406 5679 2459 5731 2.
2523 5679 2562 5710 ‘"
2594 5677 2676 5733 lsa
2735 5693 2829 5738 LII,
2866 5676 2947 5732 ll.
3026 5676 3070 5708 ⁸¹
3099 5675 3395 5744 l‘rnv.xx\',
3432 5676 3515 5736 ιο.
3560 5736 3563 5739 _

267 5735 318 5768 ιι
352 5735 477 5791 Act.
515 5754 603 5803 xv,
631 5738 723 5807 es,
748 5742 838 5795 29.
916 5742 963 5773 ει
999 5741 1189 5799 Matth.
1234 5735 1347 5809 ἰν,
1376 5745 1468 5802 eo.
1549 5747 1593 5779 συ
1628 5735 1816 5798 Mauh'.
1849 5761 1897 5810 ν.
1934 5747 2025 5801 42.
