3864 6498
538 309 646 379 935

1835 306 2189 370 PROCOPII
2221 307 2466 368 GAZ/EI

3686 307 3785 368 935

540 423 618 475 tio
661 418 942 474 licentiam
977 417 1045 473 de
1088 417 1426 474 scortatione
1459 417 1623 488 vulgo
1657 425 1978 486 conceptam
2018 415 2104 471 de-

2218 416 2312 469 xat
2338 417 2432 470 ἐπὶ
2457 417 2706 489 ἀρρένων
2738 419 3104 491 ἑταιρούντων
3133 419 3197 474 τὸ
3223 416 3548 489 τελεσιρόρον
3579 421 3784 487 εἰπεῖν;

540 516 838 564 monstrat.
869 506 1012 574 Quid
1046 507 1193 562 enim
1223 507 1491 570 obstaret,
1523 505 1816 575 quominus
1849 505 1916 558 de
1945 503 2113 557 mari-

540 601 645 655 bus
675 615 893 670 quoque
930 598 1307 654 scortantibus
1349 597 1676 654 tributarios
1710 611 1834 651 esse
1860 594 2117 649 dicatur?

539 689 868 760 Neutiquam
904 690 1074 758 igitur
1130 689 1429 744 absurdum
1471 689 1573 743 fuit
1619 686 1765 758 quod
1806 699 2114 740 sermonem

538 784 606 840 de
642 784 947 839 tributariis
969 797 1034 838 ac
1065 784 1285 838 tributis
1315 781 1644 838 scortationi
1675 778 1896 849 adjecit.
1919 776 2116 832 Ethni-

538 890 636 930 cos
699 874 826 929 item
895 873 1177 944 Scriptura
1253 888 1420 929 canes
1495 879 1684 935 vocat,
1754 878 1815 925 ut
1881 875 2119 924 testatur

537 965 674 1022 illud
707 985 721 1022 :
759 986 777 1017 ι
807 964 925 1021 Non
961 965 1118 1020 decet
1149 966 1340 1020 liberis
1373 980 1568 1034 panem
1603 963 1841 1026 auferre,
1873 975 1939 1016 ac
1982 959 2115 1015 dare

537 1057 769 1110 canibus
797 1058 864 1110 “.
903 1074 921 1107 ι
977 1055 1459 1125 Syrophoenissam
1499 1053 1643 1107 enim
1689 1052 1962 1107 etltnicam
2007 1050 2113 1105 hoc

534 1148 757 1203 vocavit
798 1147 1039 1202 nomine.
1079 1145 1298 1200 Nullum
1333 1146 1498 1215 igitur
1532 1144 1729 1215 dogma
1774 1141 2113 1198 ecclesiasti-

536 1255 662 1295 cum
714 1240 770 1293 in
826 1239 1106 1294 ethnicum
1141 1244 1227 1292 est
1259 1239 1728 1292 commutandutn.
1765 1234 1938 1289 Porro
1983 1249 2106 1288 cum

536 1331 869 1387 mulieribus
903 1331 1114 1384 tributa
1143 1344 1252 1384 non
1276 1328 1562 1399 pendenda
1591 1342 1715 1383 esse
1750 1325 1949 1397 inquit,
1969 1340 2111 1395 sa‘pe

535 1424 739 1478 etenim
809 1422 1068 1477 mulieres
1131 1420 1449 1491 ltujusmodi
1522 1419 1847 1490 imposturis
1901 1425 2113 1487 prosta-

535 1511 688 1568 bant.

2221 510 2451 579 Μήποτε
2482 507 2578 565 οὖν
2620 512 2725 565 οὐκ
2785 511 2992 567 ἄτοπον
3021 515 3087 584 τῇ
3132 512 3369 583 πορνείᾳ.
3399 511 3494 564 τὸν
3524 512 3654 584 περὶ
3707 531 3788 566 τε-

2221 601 2461 656 λούντων
2514 602 2610 656 καὶ¹
2652 604 2996 675 τελουμένων
3040 603 3454 676 προσερρίφθαι
3480 604 3680 673 λόγονς
3711 606 3770 657 ἑκ

2223 691 2553 764 πορνεύουσι
2585 695 2694 767 γὰρ
2728 696 2792 748 ἐκ
2821 695 2978 749 Θεοῦ.
3017 695 3130 750 Καὶ
3157 698 3288 759 τοὺς
3309 696 3561 759 ἑθνικοὺς
3595 699 3629 767 ἡ
3659 697 3696 748 Γ
3702 716 3793 766 ρα-

2223 782 2297 855 φὴ
2340 783 2510 847 κύνας
2549 784 2716 856 φησίν
2742 801 2755 815 ·
2789 784 2977 857 ὥσπερ
3011 784 3095 851 τὸ,
3135 801 3154 837 t
3177 785 3256 838 Οὐ
3291 784 3463 838 καλὸν
3497 783 3686 837 λαεεῖν
3711 787 3794 835 τὸν

2219 875 2386 946 ἄρτον
2412 877 2520 930 τῶν
2546 877 2772 944 τέκνων,
2806 877 2904 930 καὶ⁸
2929 876 3115 932 δοῦναι
3147 881 3263 941 τοῖς
3287 877 3596 950 κυναρίοις.
3638 895 3657 928 ι
3690 878 3792 948 τὴν

2217 967 2324 1038 γὰρ
2358 967 2788 1037 Συροφοίνισσαν
2819 969 3041 1040 ὲθνικὴν
3090 964 3260 1024 οὖσαν
3297 968 3481 1032 οὕτως
3521 969 3789 1023 ἐκάλεσεν.

2218 1060 2382 1113 Οὐδὲν
2439 1058 2534 1116 οὖν
2585 1062 3049 1132 ἐκκλησιαστικὸν
3097 1062 3179 1126 είς
3239 1061 3462 1115 ἑθνικδν
3510 1061 3790 1115 ἀλλακτέον

2213 1151 2409 1222 δόγμα.
2448 1153 2573 1207 Ἐπὶ
2596 1155 2828 1226 θηλειῶν
2855 1156 2912 1210 δὲ
2945 1155 3004 1208 τὸ
3024 1153 3355 1223 τελεσφόρον
3382 1151 3573 1222 φησίν.
3617 1152 3702 1214 Ὠς
3729 1152 3789 1202 τὰ

2217 1245 2392 1298 πολλὰ
2416 1247 2524 1318 γὰρ
2548 1248 2748 1317 γύναια
2776 1249 2898 1313 ταῖς
2920 1246 3201 1310 τοιαύταις
3234 1245 3609 1317 μαγγανείαις
3635 1259 3791 1313 πίω·

2217 1337 2418 1393 έκειτο.

608 1647 733 1701 Νοη
763 1647 915 1717 [οηιιδ
950 1647 1145 1716 inferas
1199 1646 1360 1716 fratri
1389 1654 1498 1699 tuo.
1535 1642 1672 1717 {19.}
1708 1642 1923 1699 Excitat
1959 1642 2176 1696 tandem
2205 1654 2320 1705 eos,
2356 1655 2417 1693 ac
2451 1655 2615 1693 manu
2647 1638 3298 1710 adducitquodammotlo
3331 1639 3396 1692 ad
3426 1655 3789 1706 expensaruru

534 1736 922 1790 liberalitatem
966 1744 1076 1788 tant
1110 1751 1236 1805 erga
1266 1735 1601 1789 domesticos
1632 1748 1799 1804 quam
1835 1731 2178 1802 peregrinos,
2217 1727 2470 1797 quamvis
2503 1741 2630 1795 erga
2677 1734 2945 1797 utrosque
2991 1728 3288 1782 diversam.
3329 1726 3594 1781 Nondum
3654 1731 3788 1782 enim

536 1823 699 1891 hujus
733 1823 888 1878 vocis
935 1838 1167 1894 capaces
1209 1833 1406 1878 erant:
1457 1841 1473 1874 ι
1510 1820 1671 1877 Omni
1709 1821 1808 1876 abs
1857 1829 1908 1874 te
1950 1818 2153 1889 petenti
2181 1817 2273 1881 da,
2309 1824 2363 1869 et
2398 1814 2466 1868 ab
2495 1829 2560 1869 c0
2604 1815 2698 1885 qui
2750 1830 2838 1869 res
2895 1823 3020 1869 tuas
3071 1815 3404 1879 abstulerit,
3464 1816 3580 1868 noli
3639 1831 3785 1886 repe-

536 1921 650 1965 tere
676 1913 743 1964 ⁵⁵.
785 1929 802 1962 ι

604 1991 674 2046 Et
696 1992 883 2061 falcem
915 2009 975 2046 ne
1006 1992 1285 2045 immittas.
1320 1989 1458 2063 [25.]
1493 1989 1628 2043 Illud
1665 1988 1814 2044 enim
1847 2004 1953 2043 non
1995 1990 2315 2047 necessitati
2349 1989 2693 2056 satisfacere,
2721 2006 2911 2046 verum
2947 1991 3233 2046 avaritiam
3253 2007 3517 2046 exercere
3535 2003 3646 2045 est.
3682 1992 3787 2045 Cx-

532 2089 709 2136 terum
767 2084 869 2134 hoc
902 2080 1039 2134 falce
1069 2080 1345 2134 demetere
1379 2080 1486 2134 sibi
1523 2079 1666 2133 velle
1697 2079 1871 2143 aiunt,
1903 2078 2050 2147 qttod
2085 2088 2430 2150 exprompta:
2465 2079 2858 2147 magistrorum
2889 2093 3051 2133 voces
3084 2080 3284 2134 litteris
3315 2080 3658 2133 mandanda:
3692 2097 3781 2132 non

533 2171 683 2233 sint,
748 2179 1007 2239 tanquam
1062 2183 1182 2238 quae
1229 2167 1722 2238 prmmcditationis
1777 2167 2096 2221 maturitate
2150 2176 2379 2230 carent,
2441 2168 2569 2221 hinc
2629 2167 2776 2221 enim
2832 2167 3098 2221 damnum
3163 2165 3232 2221 ad
3289 2167 3543 2238 legentes
3591 2169 3781 2221 fratres

533 2257 700 2312 redit.

600 2375 668 2425 Et
701 2372 893 2426 scribet
926 2372 972 2424 ei
1001 2370 1242 2424 libellum
1276 2371 1514 2424 divortii.
1549 2369 1762 2441 [XXIV,
1797 2368 1871 2441 1.]
1905 2369 2104 2435 Quam-

2281 2373 2391 2424 Καὶ
2437 2369 2652 2441 weigh-2t
2699 2368 2854 2437 αὑτῇ
2903 2369 3149 2433 ,βιϐλίον
3205 2369 3630 2422 ἀποστασίου.
3671 2369 3781 2420 Ἐπὶ

533 2463 664 2518 libet
691 2465 763 2517 ob
793 2479 1016 2517 causam
1051 2478 1279 2517 uxorem
1317 2462 1574 2517 abdicare
1622 2462 1893 2531 praecipit,
1942 2477 2104 2530 quem

531 2553 722 2624 utique
751 2549 1066 2606 Iudaeorum
1109 2552 1381 2606 dementia
1418 2565 1482 2604 ac
1525 2551 1738 2604 insania
1785 2565 1892 2604 non
1926 2551 2102 2615 latuit,

532 2661 599 2702 ac
625 2646 770 2700 cavit
796 2660 862 2700 ne
887 2645 1060 2714 ipsam
1102 2642 1404 2707 occideret,
1437 2657 1603 2713 seque
1633 2657 1739 2696 una
1779 2640 1884 2696 iret
1918 2642 2104 2712 perdi-

531 2747 674 2794 tum.
729 2736 949 2807 Alioqui
990 2735 1134 2790 enim
1184 2733 1278 2789 Dei
1333 2735 1606 2789 sententia
1656 2734 1774 2789 haec
1841 2748 1950 2788 non
2000 2743 2101 2797 est,

531 2831 624 2897 qui
662 2828 924 2898 primitus
959 2841 1167 2880 marem
1207 2835 1262 2880 et
1308 2825 1564 2879 feminam
1601 2823 1750 2890 fecit,
1779 2823 1931 2894 juxta
1972 2824 2103 2879 Ser-

534 2920 747 2976 vatoris
777 2919 989 2973 dictum
1014 2916 1081 2970 ⁸⁶.
1118 2915 1256 2970 Illud
1282 2931 1499 2986 quoque
1529 2916 1671 2986 apud
1695 2914 1986 2971 Jeremiam
2015 2931 2105 2971 se-

530 3008 770 3064 cundum
805 3009 980 3078 legem
1008 3017 1136 3064 est:
1174 3026 1192 3059 ι
1223 3008 1281 3062 Si
1323 3007 1661 3062 abdicaverit
1697 3007 1930 3060 maritus
1967 3019 2103 3060 uxo-

532 3114 646 3154 rem
682 3114 861 3164 suam,
891 3108 945 3155 et
971 3098 1293 3155 discesserit
1318 3097 1386 3152 ab
1415 3112 1503 3164 ea,
1542 3112 1606 3152 ac
1651 3098 1768 3169 ipsa
1805 3091 1969 3168 454
1996 3096 2102 3150 du-

531 3190 671 3245 xerit
716 3190 884 3244 alium
934 3192 1151 3252 virum.
1203 3205 1482 3261 nunquam
1525 3190 1593 3244 ad
1639 3204 1760 3245 eam
1801 3197 2104 3245 revertetur

527 3282 764 3352 amplius
790 3282 859 3348 ",
891 3299 910 3333 ι
943 3289 997 3336 et
1026 3281 1238 3351 reliqua
1261 3279 1549 3350 deinceps.

600 3373 658 3428 Si
688 3391 808 3428 vero
835 3375 954 3445 quis
995 3389 1217 3427 uxorem
1253 3373 1468 3428 duxerit
1502 3380 1759 3436 recentcr,
1804 3386 1911 3425 non
1953 3385 2099 3440 egre-

525 3463 704 3519 dietur
731 3465 787 3518 in
819 3464 1038 3520 bellum.
1063 3462 1167 3536 [5.]
1199 3465 1365 3519 Cavet
1388 3464 1534 3520 enim
1561 3480 1630 3520 ne
1659 3466 1713 3518 in
1741 3479 1919 3534 pugna
1949 3465 2101 3518 nullo

528 3556 723 3610 relicto
757 3564 883 3624 post
917 3571 978 3611 se
1025 3557 1237 3612 semine
1295 3556 1479 3612 cadat.
1530 3556 1750 3612 Miseret
1795 3571 1923 3610 vero
1971 3570 2098 3610 eum

526 3647 719 3702 uxoris
751 3654 807 3701 et
841 3661 1043 3717 sponsa
1071 3655 1126 3701 et
1161 3645 1322 3701 vidua
1353 3661 1458 3701 una
1501 3645 1722 3700 futurae.
1758 3646 1839 3699 Ita
1867 3645 1960 3716 qui
1989 3645 2099 3698 vir-

530 3739 630 3794 tuti
657 3738 879 3793 studere
902 3739 1199 3805 inchoavit,
1235 3753 1333 3809 pro
1356 3753 1419 3793 ea
1451 3739 1637 3793 statim
1664 3739 1949 3793 decertare
1987 3752 2094 3791 non

525 3839 611 3886 est
636 3830 888 3885 idoneus.
918 3831 1174 3885 Nondum
1215 3831 1360 3886 enim
1407 3831 1473 3885 ad
1502 3830 1783 3900 sapientia:
1815 3828 2094 3899 fastigium

526 3931 749 3977 evectus
790 3923 930 3977 falsa
961 3924 1239 3979 discutere
1268 3931 1449 3994 potest
1491 3925 1793 3993 dogmata:
1839 3937 2016 3991 neque
2049 3921 2097 3975 si

526 4013 621 4068 ira:
649 4013 1010 4068 resistendum
1035 4023 1141 4077 est,
1170 4022 1229 4068 ut
1253 4016 1388 4070 satis
1416 4022 1737 4071 mansuetus
1759 4028 1883 4069 esse
1907 4022 2094 4084 queat,

524 4119 702 4176 neque
729 4103 784 4158 in
808 4104 931 4160 aliis
962 4106 1220 4161 similiter
1246 4116 1396 4162 recte
1429 4106 1633 4161 facere.

2209 2463 2360 2535 πάσῃ
2404 2462 2557 2534 αἰτία
2588 2461 2920 2515 ἀπολύεσθαι
2968 2461 3070 2531 τὴν
3105 2463 3340 2529 γυναῖκα
3400 2460 3652 2525 κελεύει,
3686 2463 3780 2513 τῶν

2219 2555 2493 2608 Ἰουδαίων
2525 2554 2587 2607 τὸ
2621 2553 2853 2625 μανικὸν
2879 2552 3265 2622 ἐπιστάμενος,
3296 2554 3390 2604 καὶ
3416 2553 3681 2622 προορῶν
3715 2554 3778 2620 μὴ

2206 2646 2542 2710 ἀποκτείνας
2603 2646 2775 2717 αὐτὴν
2807 2645 3244 2718 προσαπόληται.
3307 2643 3524 2707 Ἄλλως
3570 2644 3684 2712 γὰρ
3725 2646 3774 2695 οὐ

2208 2738 2460 2809 βούλεται
2520 2737 2678 2791 τοῦτο
2707 2737 2841 2801 Θεὸς
2884 2739 2912 2790 ὁ
2960 2736 3018 2803 ἐξ
3068 2737 3248 2806 ἀρχῆς
3288 2735 3460 2806 ἆῤῥεν
3500 2737 3602 2788 καὶ
3658 2736 3775 2805 θῆλυ

2206 2829 2440 2900 ποιήσας
2471 2830 2689 2894 αὐτοὺς,
2715 2828 2858 2882 κατὰ
2890 2828 2987 2898 τὴν
3019 2827 3112 2881 τοῦ
3147 2828 3402 2898 Σωτῆρος
3431 2830 3663 2896 φωνήν·
3697 2828 3775 2879 καὶ

2203 2918 2264 2973 τὸ
2299 2918 2428 2989 παρ’
2467 2917 2710 2989 Ἱερεμίᾳ
2737 2917 2794 2970 δὲ
2829 2916 2973 2970 κατὰ
3003 2916 3094 2969 τὸν
3121 2916 3284 2986 νόμον
3330 2916 3472 2981 ἐστὶ,
3503 2916 3588 2978 τὸ,
3621 2935 3640 2968 ι
3663 2917 3776 2967 Ἐὰν

2204 3009 2571 3083 ὲξαποστείλῃ
2599 3010 2740 3080 ἀνὴρ
2790 3008 2890 3079 τὴν
2928 3011 3164 3062 γυναῖκα
3207 3007 3396 3073 αὑτοῦ,
3446 3010 3549 3061 καὶ
3575 3009 3776 3081 ἀπέλθῃ

2204 3100 2298 3153 ἀπ’
2336 3099 2526 3166 αὑτοῦ,
2565 3099 2658 3152 καὶ
2684 3100 2911 3169 γένηται
2967 3099 3124 3170 ἀνδρὶ
3169 3099 3358 3170 ἑτέρῳ,
3395 3100 3472 3168 μὴ
3532 3100 3772 3167 ἀναθώμ-

2203 3202 2416 3238 πτουσα
2449 3183 2751 3257 ἀνακάμψῃ
2786 3188 2924 3257 πρὸς
2955 3186 3118 3239 αὑτὸν
3149 3185 3248 3251 ἔτι,
3285 3205 3304 3239 ι
3341 3189 3440 3240 καὶ
3470 3188 3540 3240 τὰ
3563 3188 3709 3258 ἑῆς.

2285 3363 2421 3419 Ἐὰν
2465 3363 2535 3418 δέ
2578 3381 2668 3432 τις
2715 3363 2871 3434 λάϐῃ
2918 3363 3175 3434 γυναῖκα
3223 3364 3610 3433 προσφάτως,
3670 3368 3766 3419 οὐκ

2201 3459 2591 3525 ἐξελεύσεται
2627 3462 2716 3527 εις
2740 3459 2851 3514 τὸν
2887 3461 3181 3527 πόλεμον.
3222 3462 3539 3532 Πρωρᾶται
3581 3463 3655 3531 μὴ
3685 3463 3766 3513 καὶ

2201 3553 2343 3627 πέσῃ
2375 3554 2704 3624 μαχόμενος,
2743 3553 2878 3624 μηδὲ
2912 3554 3132 3624 σπέρμα
3167 3553 3490 3608 καταλιπών
3511 3571 3526 3586 ·
3551 3554 3693 3607 ὲλεεῖ
3716 3555 3761 3606 δὲ

2203 3644 2298 3697 καὶ
2322 3646 2420 3716 τὴν
2443 3645 2559 3716 ἅμα
2594 3643 2817 3716 νύμφην
2853 3645 2950 3696 καὶ
2981 3647 3177 3714 χήραν.
3216 3643 3404 3708 Οὕτως
3428 3647 3456 3698 ὁ
3476 3645 3763 3716 κατορθοῦν

2199 3735 2508 3806 ἀρξάμενος
2543 3735 2768 3806 ἀρετὴν,
2799 3735 2952 3788 οὔπω
2997 3738 3131 3804 πρὸς
3161 3733 3259 3805 τὴν
3305 3735 3448 3806 ὑπὲρ
3471 3736 3642 3804 αὐτῆς
3672 3737 3761 3804 μά·

2199 3842 2304 3898 χην
2351 3826 2500 3878 ἐστὶν
2546 3825 2764 3889 ἱκανόςο
2813 3825 2966 3878 οὔπω
3026 3827 3148 3878 κατ’
3176 3824 3420 3895 ἄκρατον
3472 3827 3663 3893 σοφίαν
3702 3826 3759 3875 τὰ

2197 3918 2370 3988 ψευδῆ
2405 3917 2674 3986 διελέγξαι
2723 3918 3025 3986 δυνάμενος
3071 3917 3338 3988 δόγματα,
3394 3916 3519 3969 οὔτε
3570 3917 3644 3987 τῷ
3692 3916 3756 3983 μὴ

2197 4007 2316 4059 λίαν
2351 4001 2493 4060 εἶναι
2531 4008 2708 4076 πρᾶος
2760 4006 3156 4077 ἀνθιστάμενος
3190 4006 3330 4077 πρὸς
3383 4005 3590 4077 ὀργὴν,
3636 4007 3756 4059 κάπὶ

2197 4098 2308 4151 τῶν
2335 4097 2509 4152 ἄλλων
2541 4099 2762 4167 ὁμοίως.

593 4217 770 4271 Porro
802 4216 965 4271 etiam
1003 4232 1098 4271 eos
1139 4218 1231 4287 qui
1265 4218 1332 4272 ad
1385 4217 1543 4272 fidem
1592 4231 1772 4287 nuper
1805 4224 2161 4270 accesserunt
2193 4216 2749 4270 communicationem
2796 4216 3244 4284 persecutionum
3284 4224 3510 4286 captare
3541 4233 3642 4274 non
3677 4229 3750 4271 est

523 4318 755 4361 necesse
796 4319 975 4372 neque
1006 4305 1163 4367 utile,
1195 4320 1263 4358 ne
1292 4306 1460 4375 (quod
1504 4303 1620 4358 fieri
1655 4304 1856 4373 potest)
1887 4303 1942 4356 in
1972 4303 2224 4371 pietatem
2259 4317 2382 4356 cum
2430 4317 2538 4372 qua
2587 4303 3043 4357 consuetudinem
3078 4301 3279 4357 habere
3320 4312 3627 4359 statuerunt
3655 4305 3749 4357 im-

523 4393 771 4463 pingant.
801 4389 882 4444 Ad
932 4390 1188 4445 eumdem
1231 4406 1368 4446 sane
1421 4390 1644 4446 modum
1690 4391 1951 4444 Solomon
1988 4404 2208 4458 quoque
2255 4389 2321 4444 de
2369 4392 2640 4460 sapientia
2697 4390 2987 4459 loquitur:
3021 4412 3038 4440 ι
3077 4391 3195 4443 Dixi
3244 4391 3575 4460 sapientiam
3616 4403 3746 4446 tuam

523 4494 771 4535 sororem
795 4493 957 4544 esse;
1004 4485 1060 4531 at
1099 4479 1447 4547 prudentiam
1485 4477 1757 4547 insignem
1793 4477 1890 4530 tibi
1940 4477 2045 4544 ipsi
2073 4492 2330 4546 compara
2357 4478 2424 4531 ⁸⁸.
2458 4498 2476 4530 ι
2510 4477 2791 4534 Venamur
2836 4480 2984 4533 enim
3037 4479 3296 4544 virtutes,
3345 4479 3561 4536 fructus
3599 4497 3651 4535 ex
3689 4481 3745 4532 iis

524 4576 884 4638 percepturos
912 4579 1037 4620 esse
1071 4569 1200 4635 quia
1231 4579 1541 4634 speramus.
1576 4565 1721 4630 Quin
1756 4564 1922 4617 etiam
1963 4563 2219 4632 apostoli,
2258 4579 2382 4618 cum
2420 4565 2556 4634 legis
2590 4580 2757 4620 onera
2792 4565 3132 4620 ademissent
3165 4566 3233 4620 iis
3268 4567 3361 4634 qui
3399 4567 3546 4621 inter
3579 4577 3742 4638 gentes

521 4654 899 4717 crediderant,
932 4667 964 4707 a
1006 4651 1373 4707 fornicatione
1405 4659 1640 4718 tantum,
1672 4666 1701 4704 a
1738 4649 2030 4712 sulIot-ato,
2061 4658 2114 4703 et
2142 4666 2170 4704 a
2209 4652 2479 4722 sanguine
2517 4651 2912 4707 abstinendum
2944 4668 3067 4706 esse
3101 4653 3360 4707 sanciunt
3387 4654 3455 4706 ".

593 4740 717 4796 Non
733 4742 943 4812 pignori
963 4742 1186 4812 accipies
1218 4742 1522 4810 inferiorem
1551 4751 1600 4795 et
1631 4742 1954 4809 superiorem
1979 4736 2371 4810 molarem.[6.]
2391 4740 2658 4805 Quoniam
2689 4740 2925 4792 animam
2957 4739 3347 4810 oppignoravit
3368 4740 3460 4794 ille
3486 4783 3499 4802 ,
3523 4751 3575 4793 ut
3595 4747 3663 4792 est
3689 4737 3735 4788 in

519 4827 931 4885 Ecclesiaste“.
953 4829 1209 4885 Molarem
1233 4831 1366 4899 legis
1387 4830 1624 4885 litteram
1643 4830 1717 4884 ob
1734 4826 2374 4899 gravitatcm,duritiem,
2397 4835 2450 4880 et
2465 4827 2868 4883 exsecrationis
2905 4842 3049 4882 onus
3085 4835 3264 4880 vocat.
3289 4826 3733 4893 Quemadmodum

518 4915 668 4970 enim
700 4913 757 4968 in
779 4915 1050 4984 spirituali
1082 4923 1137 4970 et
1165 4917 1355 4971 sensili
1383 4916 1578 4970 morali
1619 4916 1929 4971 exsecratio
1955 4925 2040 4970 est
2083 4923 2138 4968 et
2175 4913 2529 4983 supplicium,
2555 4914 2629 4968 ita
2670 4916 2728 4970 in
2749 4915 2942 4969 molari
2985 4915 3202 4969 trahere
3230 4922 3286 4969 et
3312 4915 3536 4970 molere.
3562 4912 3733 4981 Cujus-

521 4999 667 5056 modi
699 5002 864 5055 etiam
892 5010 977 5056 est
1013 5003 1158 5071 quod
1204 5003 1376 5058 Isaias
1411 5003 1544 5057 dicit
1576 5021 1591 5057 :
1629 5021 1647 5054 ι
1677 5001 1794 5056 Non
1852 5002 2055 5056 diceris
2090 5003 2327 5070 amplius
2379 5010 2592 5066 tenera,
2627 5010 2682 5056 et
2723 5002 2984 5068 delicata,
3019 5015 3176 5057 sume
3222 5001 3510 5063 molarem,
3539 5012 3588 5056 et
3613 4998 3732 5053 mole

519 5088 752 5142 farinam
779 5087 841 5140 ⁶¹.
879 5106 898 5141 ι
934 5087 994 5142 ln
1048 5088 1153 5142 ista
1183 5089 1323 5143 mula
1358 5097 1678 5144 manserunt
1706 5088 2017 5144 Judaeorum
2050 5102 2362 5160 synagogre.
2386 5088 2653 5142 Caeterum
2692 5089 2994 5144 cessabunt
3037 5089 3265 5152 molere,
3291 5096 3352 5141 ut
3384 5089 3461 5142 ait
3493 5084 3730 5141 Ecclesia-

495 5166 733 5232 stes“:
771 5175 1272 5231 consummationis
1301 5175 1562 5232 videlicet
1598 5186 1871 5247 tempore,
1909 5177 1954 5231 si
1991 5176 2274 5231 Clu-istum
2313 5185 2436 5245 post
2470 5183 2664 5245 gentes
2688 5175 3027 5245 receperint.

585 5266 758 5321 Porro
781 5267 883 5322 hoc
913 5266 1033 5323 loco
1067 5266 1386 5323 inferiorem
1413 5260 1675 5324 molarem
1706 5268 1870 5325 Vetus
1895 5267 2089 5324 Testa-

2264 5267 2451 5322 Μόλον
2490 5268 2589 5338 μὲν
2621 5267 2765 5322 ἔοικε
2817 5267 2915 5340 τὴν
2951 5266 3192 5319 Παλαιὰν
3223 5265 3499 5336 Διαθήκην
3549 5262 3724 5318 καλεῖν,

516 5369 758 5414 mentum
791 5374 986 5416 vocare
1013 5357 1268 5428 videtur;
1303 5361 1640 5430 superiorem
1670 5377 1817 5428 vero,
1849 5361 2083 5417 Novum.

514 5444 594 5504 Ex
640 5464 875 5521 quorum
918 5457 1154 5521 utroque
1211 5465 1398 5506 verum
1451 5450 1714 5509 frumenti
1762 5467 1994 5524 granum
2031 5452 2086 5506 itt

592 5644 638 5676 "
667 5645 852 5700 Matth.
879 5663 988 5710 nv,
1024 5649 1081 5703 4.
1180 5649 1225 5680 ⁸⁷
1251 5646 1451 5704 Jerem.
1485 5665 1567 5712 ιιι,
1602 5652 1650 5705 l.

515 5714 564 5752 *⁸
600 5716 705 5772 Isa.
740 5733 905 5784 XLVII,
936 5719 990 5772 ‘2.
1071 5720 1118 5750 δ’
1157 5718 1334 5775 Ecclc.
1372 5735 1470 5785 ιιι,
1507 5721 1560 5776 3.

1760 5652 1804 5682 ⁵⁸
1836 5650 1996 5706 Prov.
2051 5665 2148 5714 vn,
2181 5650 2232 5704 ιί.

2193 5361 2485 5432 ὲπιμὺλιον
2515 5360 2571 5413 δὲ
2601 5360 2699 5431 τὴν
2727 5361 2896 5416 Νέαν.
2937 5360 3027 5424 Ἐξ
3062 5353 3137 5413 ὧν
3169 5360 3494 5430 ἀμφοτέρων
3522 5355 3602 5408 τὸν
3616 5353 3718 5419 diu;-

2195 5452 2342 5508 θινὸν
2370 5454 2572 5508 κόκκον
2603 5452 2701 5507 τοῦ
2743 5454 2892 5506 σίτου
2941 5453 3076 5524 πρὸς
3124 5451 3442 5524 ἀρτοποιΐαν
3469 5448 3723 5518 ἀλήθουσιν

2343 5651 2388 5683 ⁵³
2415 5652 2537 5705 Act.
2570 5666 2655 5713 κν,
2689 5650 2779 5717 9.8,
2815 5648 2904 5702 29.
3019 5649 3064 5679 “
3101 5646 3230 5701 lmo.
3261 5645 3430 5701 Eccli.
3471 5658 3600 5705 xm,
3634 5638 3713 5692 ΞΟ.
