4090 6498
262 373 370 440 937

1200 368 1734 431 COMMENTARII
1770 368 1849 429 IN
1882 368 2580 432 DEUTERONOMIUM.

3428 382 3530 443 938

263 488 318 542 al
352 487 556 543 πιστοί.
590 486 665 541 Οὐ
702 486 811 558 γάρ
844 486 1027 539 axem
1068 483 1235 554 χωρὶς
1268 481 1501 552 θατέρου
1540 481 1601 533 τὸ
1637 480 1848 552 ἕτερον.

1969 481 2118 551 panis
2148 496 2311 535 usum
2341 482 2527 539 Ildeles
2560 485 2786 540 molent.
2829 486 2945 541 Non
2976 488 3119 542 enim
3151 488 3381 544 alterum
3414 492 3532 546 sine

266 580 400 635 OGr'
448 580 543 634 οὖν
599 578 848 633 Ἰουδαῖοι
890 579 991 647 τὴν
1050 576 1291 629 παλαιάν
1339 574 1499 644 μόνον
1549 572 1851 643 δεχόμενοι,

264 672 397 725 οὒτε
438 672 627 734 παῖδες
662 668 958 739 αἱρετικῶν
1008 666 1179 737 μόνην
1224 666 1325 736 τὴν
1357 665 1486 719 νέαν
1533 663 1851 734 ἀλήθουσιν,

268 766 367 821 ἴνα
399 769 710 836 γεύσωνται
740 765 835 819 τοῦ
870 764 1198 835 ἐπουρανίου
1230 764 1419 834 ἄρτου.
1453 762 1654 830 Διόπερ
1682 762 1708 811 6
1737 758 1854 810 Κύ-

274 874 399 931 ριος
423 860 481 912 ἐν
510 861 623 921 τοῖς
650 860 778 927 περὶ
813 856 1124 918 συντελείας
1161 855 1343 923 λόγοις
1371 852 1499 921 περὶ
1526 851 1635 904 τῶν
1672 849 1854 911 καλῶς

273 949 310 1021 ἢ
336 950 525 1013 κακῶς
552 948 871 1019 ἀληθουσῶν
893 947 1059 1017 φησίν
1076 963 1089 977 ·
1119 946 1410 998 «Ἔσονται
1436 943 1530 997 δύο
1557 940 1854 1012 ἀλήθουσαι

273 1043 338 1094 ἐν
371 1040 449 1113 τῷ
486 1040 712 1110 μύλωνι,
752 1040 849 1109 μία
886 1037 1402 1107 παραλαμϐάνεται,
1441 1036 1533 1087 καὶ
1568 1034 1664 1105 μία
1701 1031 1860 1101 ἀφίε-

270 1152 392 1189 ται.
421 1154 439 1186 ι
472 1133 777 1204 Οὐδετέραν
799 1131 893 1185 οὖν
917 1131 1330 1201 ἐνεχυραστέον,
1356 1129 1479 1182 ούδέ
1512 1125 1855 1194 ἐκποιητέον.

271 1227 475 1298 Ψυχὴν
513 1227 621 1297 γὰρ
652 1226 819 1295 ἄμφω
847 1225 1107 1294 τρέφουσι
1130 1221 1384 1293 βρώμασι
1407 1222 1640 1291 νοητοῖς.

1956 571 2132 626 altero
2164 572 2348 625 tnolet.
2386 570 2576 643 Neque
2610 574 2778 644 igitur
2798 573 2968 631 Judaei
3013 585 3167 633 vetus
3202 584 3413 633 tantum
3450 596 3532 636 re-

1956 659 2201 729 cipiunt,
2258 676 2437 731 neque
2490 662 2870 718 haereticorum
2933 664 3028 720 Illii
3078 683 3278 723 novum
3321 678 3530 726 tantum

1959 752 2199 814 molunt,
2239 758 2298 805 ut
2333 753 2616 807 caelestem
2666 769 2859 824 panem
2912 756 3226 826 degustent.
3260 761 3547 827 Quocirca.

1963 842 2247 907 Dominus,
2272 844 2324 897 in
2346 845 2698 900 sermonibus
2728 846 2796 902 de
2819 850 3006 902 mundi
3032 856 3529 921 consummatione,

1959 927 2027 981 de
2061 927 2222 984 bonis
2268 940 2321 984 et
2356 931 2515 985 malis
2548 933 2898 991 molitoribus
2945 938 3187 1005 disserit,
3237 942 3528 1014 inquiens:

1964 1038 1985 1073 t
2024 1020 2154 1077 Dua:
2185 1024 2239 1077 in
2272 1025 2459 1079 eadem
2495 1027 2637 1080 mola
2680 1029 2903 1094 molent,
2942 1047 3046 1087 una
3082 1050 3212 1089 vero
3246 1039 3531 1109 recipitur,

1957 1128 2022 1168 ac
2084 1115 2257 1193 altera
2296 1116 2620 1184 repudiatur
2652 1119 2717 1171 ".
2768 1137 2787 1171 ι
2841 1120 3046 1177 Neutra
3100 1124 3269 1196 igitur
3318 1129 3535 1200 pignori

1956 1206 2296 1276 accipienda,
2332 1223 2510 1276 neque
2542 1209 2839 1277 rejicienda
2876 1211 2997 1275 luit,
3038 1215 3214 1270 ambae
3242 1220 3385 1272 enim
3417 1221 3539 1273 ani-
3648 1234 3656 1241 '

1957 1315 2098 1354 mam
2128 1301 2272 1356 cibis
2306 1302 2692 1370 spiritualibus
2721 1303 2898 1359 alunt.

355 1452 415 1506 Si
434 1450 783 1520 deprehensus
800 1449 961 1516 fuerit
994 1448 1148 1501 homo
1183 1449 1271 1517 qui
1295 1446 1506 1515 furatur
1522 1445 1756 1498 animam
1776 1458 1840 1495 ετ
1872 1438 2129 1508 fratribus
2153 1438 2285 1501 suis,
2306 1438 2359 1491 id
2380 1447 2493 1502 est,
2517 1439 2831 1508 plagiartus.
2849 1439 3067 1513 [XXIV,
3090 1441 3166 1515 7.]
3184 1444 3383 1499 Eodem
3407 1462 3538 1501 sane

274 1539 447 1592 modo
476 1538 719 1593 haeretici
752 1539 845 1608 qui
874 1537 1075 1591 animis
1112 1542 1268 1590 recte
1301 1534 1513 1589 sentire
1548 1530 1904 1600 cupientibus
1938 1528 2044 1581 vim
2080 1527 2309 1592 faciunt,
2340 1537 2394 1583 et
2418 1539 2630 1583 mentes
2665 1530 2867 1586 liberas
2891 1532 2957 1586 ad
2989 1534 3216 1589 serviles
3247 1536 3537 1604 opiniones

274 1627 525 1695 rapiunt,
557 1626 885 1696 condignam
914 1639 943 1677 a
968 1623 1155 1692 judice
1203 1622 1483 1677 sustinent
1515 1628 1768 1673 mortem.
1806 1615 1964 1670 Unde
1995 1632 2063 1670 ne
2109 1608 2345 1670 salutem
2376 1616 2599 1686 quidem
2631 1618 2949 1687 hujusmodi
2993 1621 3309 1677 hominibus
3339 1621 3541 1678 Paulus

272 1712 438 1772 dicit.
475 1728 584 1768 non
622 1728 732 1783 quo
766 1727 861 1767 eos
902 1711 1103 1777 irritet,
1137 1725 1324 1764 verum
1366 1706 1517 1778 quod
1565 1707 1652 1761 ovi
1689 1720 1813 1760 cum
1846 1704 1974 1771 lupo
2025 1718 2309 1772 nunquam
2358 1705 2663 1760 convenire
2712 1721 2875 1775 posse
2920 1709 3118 1763 novit:
3159 1727 3179 1759 ι
3205 1710 3345 1775 Quid
3390 1711 3536 1764 enim

271 1802 547 1857 consortii
597 1802 740 1856 Ildeli
776 1815 900 1856 cum
947 1798 1155 1853 inﬁdeli
1183 1797 1274 1851 “?
1311 1816 1328 1847 ι
1364 1796 1563 1865 inquit.
1612 1794 1745 1848 Item
1780 1810 1794 1846 :
1836 1811 1854 1844 ι
1894 1792 2205 1863 Depravant
2250 1795 2433 1851 honos
2477 1799 2968 1869 morescolloquia
3004 1801 3149 1856 mala
3173 1803 3236 1855 ⁸⁸.
3277 1821 3296 1856 t
3333 1802 3412 1857 Ex
3439 1802 3541 1858 Ec-

273 1889 449 1944 clesia
481 1900 740 1958 tanquam
770 1896 996 1959 paterno
1037 1886 1155 1940 lare
1188 1893 1402 1955 raptum
1440 1884 1496 1938 in
1537 1891 1719 1938 coetus
1751 1882 2089 1951 perditorum
2123 1882 2406 1936 hominum
2456 1884 2757 1940 abducunt.

348 2017 663 2085 Μνήσθητι
695 2017 812 2072 ὅσα
842 2019 1097 2086 ἐποίησε
1131 2019 1348 2089 Κύριος
1386 2020 1419 2071 ό
1451 2017 1595 2081 Θεός
1624 2031 1741 2068 σου
1782 2012 1857 2081 τῇ

2033 2010 2102 2066 Et
2144 2015 2428 2069 recordare
2458 2033 2575 2085 qua:
2624 2017 2748 2085 fecit
2797 2017 3051 2073 Dominus
3084 2020 3224 2076 Deus
3263 2032 3382 2079 tuus
3421 2024 3544 2083 Ha-

273 2109 539 2178 Μαριὰμ.
575 2108 636 2162 Εἰ
670 2112 780 2181 γάρ
816 2110 998 2180 ἐκείνη
1024 2109 1457 2179 καταλαλήσασά
1487 2126 1586 2179 μου
1615 2110 1672 2159 ἐν
1700 2105 1857 2176 ὄψεσι

274 2204 501 2257 πάντων
530 2202 886 2272 ἐστηλιτεύθη
923 2202 1002 2273 τῷ
1034 2203 1217 2267 πάθει,
1254 2203 1349 2255 καὶ
1381 2201 1481 2270 τῆς
1507 2197 1859 2269 παρεμϐολῆς

275 2294 390 2361 ἔξω
422 2294 745 2364 γεγένηται,
800 2294 951 2362 πόσῳ
994 2293 1195 2363 μᾶλλον
1251 2292 1410 2361 ὑμεῖς
1468 2290 1860 2361 ὀλιγωροῦντες

276 2385 378 2438 τοῦ
410 2384 705 2455 νομοθέτου
728 2384 823 2437 καὶ
860 2383 999 2453 μετὰ
1035 2383 1095 2436 τὸ
1125 2384 1512 2453 παράδειγμα;

359 2478 487 2530 Ὀτι
508 2476 698 2544 πένης
730 2476 883 2540 ἐστὶ,
914 2476 1011 2529 καὶ
1036 2476 1128 2529 ἐπ’
1154 2474 1317 2540 αὐτῷ
1336 2475 1463 2544 ἔχει
1488 2474 1600 2540 τὴν
1620 2472 1857 2528 ἐλπίδα.

272 2567 670 2637 Φιλάνθρωπον
698 2566 799 2637 μὲν
831 2566 925 2619 καὶ
953 2566 1111 2618 τοῦτο
1130 2584 1142 2595 ·
1175 2568 1207 2635 ὴ
1238 2564 1296 2618 δὲ
1341 2565 1461 2627 νέα,
1490 2565 1857 2636 τελειότερον

280 2681 303 2715 ε
341 2662 639 2733 Πωλήσατε
669 2661 738 2715 τὰ
777 2661 1115 2731 ὑπάρχοντα,
1144 2661 1300 2730 φησὶ,
1338 2660 1434 2713 καὶ
1480 2660 1599 2713 δότε
1631 2658 1862 2726 ἐλεημο-

278 2755 473 2825 σύνην.
502 2773 522 2807 ›
549 2782 617 2795 -
657 2771 675 2803 t
707 2754 819 2805 Kal
851 2752 960 2805 ἰδοὺ
993 2753 1170 2805 πάντα
1212 2752 1431 2821 καθαρὰ
1463 2752 1590 2821 ὑμῖν
1628 2750 1803 2802 ἔσται.
1837 2766 1854 2798 ι

283 2850 357 2901 Ὃ
388 2847 455 2916 δὴ
487 2846 674 2899 πολλοὶ
694 2846 1023 2914 ποιήσαντες
1051 2844 1202 2915 παρὰ
1238 2844 1365 2906 τοὺς
1392 2843 1560 2906 πόδας
1592 2842 1700 2895 τῶν
1727 2843 1864 2894 ἀπο-

278 2938 493 2991 στόλων
520 2937 760 2989 ἐτίθεντο
790 2936 888 2999 τὰς
941 2935 1131 3004 τιμὰς,
1175 2937 1268 2987 καὶ
1320 2933 1575 2987 διεδίδοτο
1621 2932 1859 3003 ἑκάστῳ,

276 3027 407 3081 καθ’
446 3027 475 3080 ὅ
501 3043 584 3090 τις
613 3026 805 3097 χρείαν
839 3020 1007 3095 εἶχεν.

1965 2107 2084 2159 rite.
2119 2104 2223 2179 [9.]
2259 2105 2313 2160 Si
2353 2108 2497 2161 enim
2533 2109 2624 2163 illa
2651 2126 2773 2163 cum
2802 2111 2935 2165 mihi
2966 2113 3306 2180 rebellasset,
3339 2118 3390 2170 in
3419 2134 3545 2173 con-

1967 2208 2155 2269 spectu
2187 2199 2430 2252 omnium
2481 2202 2675 2253 morbo
2703 2211 2789 2255 est
2843 2212 3051 2269 notata,
3078 2216 3130 2259 et
3173 2217 3327 2261 extra
3361 2221 3543 2265 castra

1968 2299 2053 2346 est
2075 2291 2271 2359 ejecta,
2302 2302 2509 2360 quanto
2533 2293 2707 2363 magis
2732 2294 2886 2350 vobis
2911 2297 2957 2350 si
2983 2298 3351 2368 Iegislatorem
3377 2304 3543 2356 etiam

1971 2390 2097 2453 post
2126 2383 2439 2453 exemplum
2466 2382 2600 2437 illud
2636 2386 3107 2454 contempseritis,
3142 2389 3283 2442 idem
3315 2394 3544 2447 accidet.

2040 2473 2307 2538 Quoniam
2336 2489 2536 2543 pauper
2556 2485 2633 2529 est
2658 2485 2709 2528 et
2733 2477 2786 2529 in
2810 2493 2869 2530 eo
2894 2493 3034 2547 spent
3062 2495 3215 2531 suam
3242 2480 3417 2545 habet,
3438 2493 3544 2537 etc.

1968 2563 2108 2638 [I5.]
2144 2565 2554 2621 Humanitatem
2579 2568 2822 2637 postulat
2847 2569 2961 2623 haec
2981 2585 3202 2640 quoque
3233 2573 3339 2634 lex,
3360 2590 3522 2641 quam

1970 2661 2052 2713 vis
2083 2676 2221 2714 nova
2258 2660 2309 2714 id
2345 2659 2510 2713 faciat
2542 2662 2791 2716 exactius
2819 2678 2833 2716 :
2858 2681 2876 2712 ι
2906 2660 3135 2717 Vendite
3159 2664 3328 2729 enim,
3349 2666 3547 2736 inquit,

1970 2753 2110 2807 bona
2151 2760 2353 2817 vestra,
2396 2764 2450 2808 ct
2488 2762 2709 2823 erogate
2753 2754 3158 2825 eleemosynam
3184 2757 3252 2809 “.
3292 2775 3310 2808 ›
3342 2786 3408 2797 -
3438 2777 3456 2810 ι
3485 2758 3548 2811 Et

1968 2857 2099 2897 ecce
2113 2842 2294 2896 omnia
2310 2843 2465 2897 vobis
2489 2843 2689 2896 munda
2709 2851 2868 2897 erunt
2887 2844 2953 2897 ".
2971 2864 2988 2896 ι
3011 2846 3130 2910 Quo
3157 2861 3289 2901 sane
3312 2864 3341 2901 a
3363 2849 3550 2904 multis

1970 2933 2119 2987 facto
2166 2934 2232 2988 ad
2283 2935 2448 3004 pedes
2504 2936 2883 3005 apostolorum
2922 2936 3300 3006 deposuerunt
3349 2943 3544 3009 pretia,

1966 3033 2020 3079 et
2057 3025 2461 3083 distribuerunt
2492 3028 2789 3098 unicuique
2818 3037 2977 3097 prout
3010 3046 3148 3100 opus
3187 3032 3380 3087 habuit
3401 3034 3543 3089 "'-°’.

363 3167 488 3221 Non
527 3169 821 3222 morientur
861 3177 1040 3235 patres
1085 3182 1180 3235 pro
1210 3167 1361 3236 ﬁliis.
1394 3164 1534 3237 [I6.j
1568 3163 1687 3218 Non
1740 3154 2024 3225 intellecto
2078 3165 2184 3221 hoc
2217 3167 2363 3235 quod
2412 3168 2464 3221 in
2513 3167 2701 3222 Exodo
2739 3167 3006 3237 scriptum
3042 3177 3125 3224 est
3154 3188 3168 3224 :
3201 3189 3217 3221 ι
3250 3169 3548 3227 Parentum

281 3264 511 3327 peccata
543 3271 707 3326 super
743 3255 947 3309 liberos
966 3256 1032 3319 ⁷⁸,
1079 3274 1096 3306 ι
1133 3254 1300 3309 Deum
1331 3254 1617 3322 injustitiae
1644 3252 2053 3306 insimularnnt.
2081 3253 2430 3323 Quapmpter
2463 3255 2866 3325 expositionem
2923 3256 3149 3325 insuper
3198 3258 3433 3314 addidit.
3466 3262 3546 3315 Illi

279 3361 508 3416 quoque
531 3347 623 3417 qui
660 3361 689 3399 a
722 3343 1230 3399 Nabuchodonosor
1266 3344 1319 3397 in
1346 3344 1669 3415 captivitate
1697 3342 2107 3405 detinebantur,
2142 3356 2205 3395 ac
2237 3343 2281 3395 si
2317 3342 2460 3394 nulla
2482 3342 2603 3408 ejus
2638 3342 2725 3396 hic
2755 3343 2959 3396 mentio
2981 3354 3129 3397 esset
3161 3344 3329 3410 facta,
3357 3349 3540 3401 denuo

280 3435 645 3488 clamitabant
679 3451 692 3486 :
732 3452 750 3484 ι
782 3432 974 3487 Patres
1009 3439 1184 3485 nostri
1209 3430 1372 3503 455
1402 3430 1764 3485 comederunt
1793 3428 2139 3497 omphacem,
2159 3436 2214 3482 et
2246 3431 2440 3483 dentes
2466 3429 2768 3483 liberorum
2794 3430 3288 3500 obstupuerunt“.
3316 3453 3337 3486 ι
3368 3434 3548 3500 Quare

280 3524 489 3578 iterum
520 3538 615 3593 per
643 3521 985 3577 Ezechielem
1015 3525 1291 3591 exposuit,
1326 3521 1420 3591 qui
1444 3520 1584 3575 dixit
1611 3538 1625 3575 :
1670 3537 1687 3570 ι
1723 3520 1917 3573 Anima
1944 3535 2063 3589 quae
2091 3526 2279 3587 peccat
2313 3518 2578 3574 morietur
2601 3520 2668 3573 ⁷⁸.
2703 3538 2723 3570 ι

359 3656 427 3710 Et
478 3655 847 3712 recordaberis
893 3654 1034 3727 quod
1095 3671 1278 3710 servus
1350 3670 1556 3726 quoque
1607 3650 1779 3724 fuisti.
1837 3647 1978 3723 [I8.]
2030 3649 2087 3703 In
2148 3648 2337 3703 Isetitia
2387 3650 2535 3704 enim
2598 3660 2775 3705 tutum
2834 3659 2921 3707 est
2970 3661 3301 3708 exactorum
3360 3656 3551 3710 memi-

280 3745 440 3801 nisse
474 3745 750 3801 laborum.
783 3744 1041 3801 Vicissim
1068 3744 1215 3799 enim
1244 3743 1457 3799 dierum
1495 3741 1800 3813 genialium
1839 3739 2078 3809 spatium
2104 3753 2215 3791 non
2246 3736 2382 3791 sinit
2407 3738 2661 3793 oblivisci
2691 3738 2962 3792 malorum
2993 3739 3047 3793 in
3077 3748 3327 3810 egestate
3365 3741 3550 3795 antla-

282 3840 495 3889 torum.

358 3975 471 4029 Kal
497 3973 717 4046 ἀριθμῷ
752 3976 1161 4046 τεσσαράκοντα
1197 3973 1640 4045 μαστιγώσουσιν
1672 3974 1857 4029 αὐτόν.

2036 3969 2274 4025 Numero
2354 3970 2713 4041 quadraginta
2781 3972 2955 4042 plagis
3041 3978 3333 4042 percutient
3406 3993 3549 4035 eum.

282 4068 399 4122 Kal
432 4071 492 4122 ἐν
534 4066 795 4137 ’ἱεζεκιήλ
818 4083 951 4136 φησι
974 4083 988 4098 ·
1025 4085 1043 4117 ι
1070 4066 1229 4120 Μετὰ
1264 4074 1315 4137 μ’
1370 4066 1464 4138 ἐτη
1515 4065 1728 4130 συνάξω
1771 4066 1869 4118 Al-

282 4160 555 4228 γυπτίους
574 4160 682 4214 ἀπὸ
707 4160 816 4213 τῶν
850 4159 1021 4212 ἐθνῶν
1054 4152 1115 4213 οὗ
1160 4158 1653 4230 διεσκορπίσθησαν
1682 4159 1818 4211 ἐκεῖ.
1844 4176 1864 4210 s

238 4282 245 4287 -
294 4252 360 4305 '0
393 4251 493 4321 μὲν
538 4251 648 4322 γὰρ
681 4252 760 4314 είς
788 4252 881 4303 τὸν
916 4251 1049 4304 Θεὸν
1087 4254 1184 4321 τῆς
1218 4250 1512 4321 ἑϐδομάδος
1542 4250 1869 4320 ἁμαρτήσας

283 4343 441 4406 λαὸς,
473 4344 568 4395 καὶ
608 4344 690 4406 εἰς
730 4342 790 4395 τὸ
820 4342 915 4395 τοῦ
949 4342 1229 4395 Σαϐϐἀτου
1272 4343 1591 4413 μυστήριον,
1622 4341 1701 4413 τῷ
1730 4341 1870 4393 ἑπτὰ

280 4452 397 4491 των
422 4434 665 4488 δεκάδων
688 4433 910 4505 ἀριθμῷ
952 4433 1276 4498 κολάζεται·
1299 4434 1328 4486 ὁ
1356 4433 1414 4486 δὲ
1442 4435 1737 4501 Αἰγύπτιος
1777 4432 1872 4485 ml

284 4526 556 4595 κοσμικὸς
590 4525 757 4595 μηδὲν
800 4525 962 4579 πλέον
1004 4525 1275 4595 σωμάτων
1315 4526 1409 4578 καὶ
1446 4525 1555 4577 τῶν
1591 4525 1871 4595 στοιχείων

285 4616 697 4686 ἐπιστάμενος*
744 4615 891 4687 άπερ
932 4617 1049 4669 ἐστὶ
1087 4616 1179 4669 τὸν
1220 4616 1453 4686 ἀριθμὸν
1486 4615 1562 4668 δ’·
1607 4616 1870 4686 τέσσαρσι

284 4706 516 4759 δεκάσιν
564 4704 702 4758 ἐτῶν
754 4704 1133 4774 ἀπολαμϐάνει
1175 4705 1244 4758 τὰ
1308 4706 1706 4777 ἁμαρτήματα.
1764 4708 1871 4759 Καὶ

286 4797 416 4849 ἐπεὶ
445 4798 474 4849 ό
506 4802 560 4865 μ’
599 4795 829 4867 ἀριθμὸς
858 4796 1173 4865 Αἰγυπτίων
1205 4796 1324 4848 ἐστὶ
1356 4796 1600 4862 κόλασις,
1636 4796 1722 4849 διὰ
1748 4794 1872 4849 τοῦ·

284 4906 349 4942 ro
394 4884 551 4959 οἶμαι
600 4888 692 4942 τὸν
733 4889 969 4959 Ἰσραὴλ,
1012 4888 1046 4959 ἢ
1096 4889 1186 4941 τὸν
1223 4888 1535 4958 ἁμαρτόντα
1574 4888 1873 4958 λαμϐάνειν

291 4988 347 5051 μ’
373 4982 529 5053 παρὰ
564 4981 712 5051 μίαν.
744 4982 856 5036 Καὶ
892 4981 1141 5051 ἐπιφέρει
1164 4997 1225 5049 γε
1253 4982 1281 5032 6
1310 4981 1473 5050 νόμος
1494 4997 1507 5010 ·
1546 4998 1563 5030 ι
1595 4980 1671 5032 Οὐ
1707 4996 1873 5051 προσ-

288 5071 483 5140 θήσεις
535 5068 749 5140 πληγάς
789 5069 1027 5134 πλείους,
1083 5068 1170 5122 ἵνα
1205 5070 1279 5138 μὴ
1314 5070 1599 5140 ἀσχημονῇ
1639 5070 1667 5121 ό
1715 5068 1873 5122 ἀδελ-

289 5159 393 5228 φός
438 5176 549 5213 σου.
586 5178 604 5210 ι
662 5160 1044 5229 Ἀσχημοσύνη
1087 5160 1195 5229 γὰρ
1235 5154 1303 5229 ἧν
1342 5160 1652 5231 Ἰσραηλίτῃ
1685 5175 1872 5211 κατοι-

288 5250 481 5304 κοῦντι
536 5248 637 5322 τὴν
682 5253 847 5319 ἁγίαν
895 5251 1000 5322 γῆν
1046 5251 1267 5322 ἀριθμῷ
1304 5249 1652 5315 ,κολάζεσθαι
1702 5251 1869 5317 Αίγυ·

1971 4062 2163 4135 μην,
2199 4062 2279 4135 5.]
2330 4061 2387 4117 In
2432 4062 2719 4119 Ezechiele
2750 4065 2878 4119 item
2935 4066 3159 4136 inquit:
3202 4066 3372 4122 «Post
3417 4085 3555 4140 qua-

1971 4157 2225 4225 draginta
2264 4172 2443 4213 annos
2465 4156 2757 4228 [Egyptios
2799 4174 2863 4213 ex
2898 4160 3158 4216 omnibus
3197 4162 3456 4231 gentibus
3500 4163 3555 4217 in

1972 4263 2113 4315 quas
2145 4248 2383 4318 dispersi
2426 4258 2574 4314 sunt,
2609 4249 2861 4320 colligam
2885 4250 2953 4304 ⁷⁸.
2998 4270 3017 4303 ι
3056 4250 3301 4321 Populus
3324 4254 3555 4317 etenim,

1972 4342 2065 4409 qui
2101 4356 2195 4408 per
2231 4340 2591 4409 septimanam
2627 4352 2684 4395 et
2718 4341 2772 4394 in
2821 4340 3044 4396 Sabbati
3106 4344 3429 4413 mysterium
3462 4343 3558 4397 (le-

1973 4431 2134 4500 quuit
2197 4446 2429 4485 numero
2490 4440 2703 4502 septem
2762 4433 3032 4487 decadum
3088 4435 3337 4502 punitur.
3388 4434 3557 4505 Atqui

1974 4521 2361 4593 Egyptiacum
2391 4537 2457 4578 ac
2496 4523 2685 4577 mundi
2735 4524 2900 4594 hujus
2943 4525 3140 4595 vulgus
3174 4525 3323 4594 quod
3357 4536 3557 4595 praeter

1974 4628 2295 4683 corporum,
2340 4622 2395 4667 et
2425 4622 2667 4684 quatuor
2705 4616 3135 4681 elementorum,
3174 4633 3295 4687 quae
3324 4633 3557 4677 numero

1975 4719 2216 4777 quatuor
2271 4707 2572 4771 exsistunt,
2614 4708 2820 4761 nullam
2856 4709 3107 4785 notitiam
3157 4711 3381 4775 habent,
3414 4727 3555 4780 qua-

1974 4799 2228 4869 draginta
2261 4797 2422 4852 annis
2462 4806 2683 4866 peccata
2732 4814 2829 4853 sua
2861 4799 3061 4853 merito
3109 4800 3445 4869 percipiunt.
3492 4799 3560 4854 Et

1975 4891 2237 4959 quoniam
2284 4906 2546 4943 numerus
2581 4890 3054 4962 quadragenarius
3082 4907 3243 4963 paena
3269 4892 3560 4964 IEgyptio-

1979 4995 2098 5033 rum
2128 4986 2235 5044 est,
2264 4992 2327 5034 ea
2354 4988 2578 5049 propter
2613 4981 2853 5034 arbitror
2886 4979 3214 5047 lsraelitam,
3239 4990 3335 5037 aut
3364 4996 3559 5052 quem.

1976 5070 2059 5125 vis
2113 5079 2435 5140 peccantem
2492 5070 2658 5124 alium
2714 5073 3097 5143 quadragenas
3152 5085 3351 5145 praeter
3395 5088 3559 5128 unam

1975 5162 2163 5232 plagas
2216 5162 2492 5231 accipere.
2546 5161 2718 5218 Infert
2770 5179 2932 5232 porro
2984 5166 3067 5219 lex
3123 5182 3136 5217 :
3186 5163 3340 5219 «Nec
3390 5163 3562 5219 addas

1978 5254 2119 5307 ictus
2147 5254 2354 5324 plures,
2387 5270 2456 5308 ne
2500 5253 2668 5308 frater
2700 5264 2825 5311 tuus
2847 5254 3115 5311 dedecore
3142 5256 3554 5315 contabescat.»

290 5342 488 5397 πτίων.
532 5344 835 5397 Ἐπλανᾶτο
882 5343 938 5397 δὲ
975 5343 1072 5397 καὶ
1109 5349 1159 5413 μ’
1190 5342 1283 5411 ἐτη
1315 5342 1456 5395 κατὰ
1484 5341 1583 5413 τὴν
1606 5342 1813 5412 ἐρημον
1846 5342 1863 5395 ἐ

1985 5343 2230 5399 Dedecus
2265 5344 2409 5399 enim
2437 5343 2700 5400 Israelita:
2736 5355 2943 5400 sancta:
2972 5355 3129 5402 terra:
3156 5346 3263 5402 civi
3314 5361 3436 5402 erat
3463 5365 3564 5403 nn-

288 5434 439 5498 λαός.
493 5434 675 5504 Εχρῆν
698 5436 807 5505 γάρ
839 5434 1001 5488 αὐτὸν
1033 5434 1321 5498 ἐξελθόντα
1340 5438 1405 5487 ἐκ
1434 5434 1533 5505 τῆς
1562 5434 1869 5501 Αἰγύπτου,

290 5529 370 5603 τῷ
400 5535 452 5599 μί
482 5528 701 5600 ἀριθμῷ
740 5529 1035 5583 ἀποθέσθαι
1084 5529 1174 5582 τὸν
1224 5528 1524 5598 ὀνειδισμὸν
1571 5527 1871 5595 Αἰγύπτου.

1984 5450 2135 5489 mero
2165 5434 2552 5506 IEgyptiorum
2591 5437 2797 5507 puniri.
2828 5436 3048 5491 Erravit
3073 5453 3208 5494 vero
3230 5438 3397 5493 etiam
3428 5455 3563 5509 qua—

1983 5526 2239 5597 draginta
2307 5529 2470 5584 annis
2538 5528 2593 5583 in
2652 5528 2874 5584 deserto
2937 5531 3207 5599 populus;
3274 5532 3564 5602 oportebat

368 5737 412 5767 ⁶³
446 5735 644 5789 Matth.
682 5751 828 5803 xxiv,
860 5735 947 5786 41.
1029 5733 1073 5766 ⁸⁸
1105 5732 1146 5787 Il
1181 5734 1306 5787 Cor.
1343 5748 1421 5797 Vl,
1456 5731 1563 5803 15.7
1619 5732 1666 5803 ξ’
1701 5729 1829 5802 Sap.
1860 5748 1863 5784 1

1969 5732 2013 5797 ἲς
2048 5730 2065 5783 ι
2095 5732 2224 5787 Cor.
2262 5749 2351 5803 xv,
2383 5734 2474 5787 55.
2557 5733 2602 5765 "
2636 5732 2768 5788 Luc.
2803 5751 2903 5803 xu,
2935 5737 3023 5791 53.
3104 5737 3146 5768 ⁸⁷
3172 5734 3304 5791 Luc.
3357 5749 3435 5799 χι,
3464 5734 3554 5793 41.

295 5806 411 5841 ⁶⁸⁶⁶⁹
440 5809 564 5860 Act.
601 5822 675 5868 tv,
704 5799 820 5858 δδς
876 5806 919 5836 ⁷⁸
953 5804 1127 5859 Exod.
1167 5819 1353 5865 χχχιιι,
1396 5804 1451 5857 7.
1526 5802 1569 5834 ⁷¹
1605 5799 1806 5860 Jereni.
1841 5817 1863 5855 1

1974 5843 1989 5869 ,
2019 5803 2111 5858 29.
2188 5804 2231 5835 ⁷³
2267 5801 2468 5858 Ezech.
2497 5820 2654 5873 xvnl,
2681 5805 2742 5869 ‘2,
2777 5805 2833 5863 4.

530 5898 804 5960 Pauor.
852 5899 968 5958 Gn.
1015 5896 1378 5961 LXXXVII.

2938 5808 2985 5841 ⁷⁸
3020 5806 3218 5861 Ezech.
3278 5819 3433 5870 xxix,
3462 5806 3548 5862 15.

3154 5903 3233 5960 30
