4090 6540
618 349 722 412 939

1918 361 2267 425 PROCOPII
2311 368 2551 430 GAZ/EI
3781 374 3869 435 930

614 466 761 521 enim
812 464 991 536 ipsum
1050 481 1115 522 ex
1149 467 1388 540 Egypto
1430 484 1737 540 egressum,
1786 489 2018 528 numero
2066 490 2202 545 qua-

2309 481 2360 553 μ’
2416 484 2545 551 γοῦν
2612 486 2748 538 ἐτῶν
2806 485 3278 557 πεπληρωμένων,
3326 481 3447 538 εἷπε
3491 483 3697 554 Κύριος
3753 489 3868 555 πρὸς

614 557 871 629 draginta
912 560 1173 628 probrum
1217 559 1442 633 JEgypti
1488 563 1784 633 deponere.
1827 565 2200 637 Quadraginta

615 650 799 720 itaque
851 652 1010 706 annis
1067 653 1303 718 exactis,
1358 654 1499 709 dixit
1558 656 1826 713 Dominus
1872 659 1937 713 ad
1985 657 2196 714 Josue:

2320 576 2547 645 Ἰησοῦν,
2590 598 2606 627 ι
2634 577 2880 641 Καθίσας
2930 577 3197 647 περίτεμε
3226 578 3354 641 τοὺς
3397 578 3549 639 υἱοὺς
3590 577 3819 645 Ἰσραήλ.
3849 599 3864 629 ι

2306 669 2418 722 Καὶ
2459 671 2598 739 μετά
2653 671 2753 741 τὴν
2787 671 3087 741 περιτομήν
3133 686 3267 739 φησι
3310 669 3446 739 πρὸς
3497 670 3691 721 αὐτόν’
3728 688 3746 721 ι
3773 670 3870 722 Νῦν

618 741 806 796 «Sede
863 752 915 796 et
972 743 1311 802 circumcide
1371 746 1511 803 (ilios
1568 749 1732 804 Israel
1765 750 1829 804 ⁷⁸.
1868 770 1887 802 ι
1943 751 2021 805 Ac
2077 762 2200 821 post

2304 759 2529 828 ἀφεῖλον
2578 760 2674 828 ἀφ’
2708 761 2861 829 ὑμῶν
2901 760 2994 813 τὸν
3038 760 3340 828 ὀνειδισμὸν
3370 758 3678 827 Αἰγύπτου.
3720 777 3737 808 ι
3778 760 3870 810 Καὶ
3927 808 3931 821 ,

614 833 1093 890 circumcisionem
1150 837 1287 894 dicit
1339 841 1405 893 ad
1458 855 1581 894 eum
1627 860 1642 896 :
1699 861 1716 892 ι
1749 842 1906 896 Nunc
1933 844 2130 897 abstuli
2167 858 2197 897 a

2305 852 2443 922 πρὸς
2486 851 2739 923 ’Δὸραάμ
2795 853 2850 905 δὲ
2893 853 3108 921 λέγεται
3158 855 3289 923 περὶ
3328 852 3437 905 τῶν
3487 852 3757 920 ἐκγόνων,
3806 852 3869 911 ὡς

616 928 769 983 vobis
829 929 1193 999 opprobrium
1256 931 1625 1003 A'ngpti".»
1689 933 1771 987 Ad
1830 935 2202 989 Abraliamum

2301 944 2665 998 δουλώσουσιν
2690 945 2908 1008 αὐτοὺς,
2941 946 3037 998 καὶ
3081 944 3430 998 κακώσουσιν
3458 943 3662 1006 αὐτοὺς
3692 940 3736 994 υ¹
3767 943 3865 1011 ἔτη.

613 1016 855 1088 denique
886 1020 953 1074 de
981 1020 1305 1089 posteritate
1352 1022 1474 1091 ejus
1511 1022 1716 1077 dicitur
1744 1024 1934 1088 etiam,
1967 1025 2113 1094 quod
2150 1024 2202 1079 in

2305 1036 2406 1100 ’ος
2439 1039 2587 1091 ἐστιν
2632 1038 2867 1108 ἀριθμὸς
2911 1037 2956 1090 δ’
3004 1038 3401 1099 έχατοντάδων,
3439 1040 3472 1107 ἢ
3525 1042 3579 1107 μ’
3625 1035 3866 1087 δεκάδων.

612 1111 938 1167 servitutem
985 1128 1083 1169 eos
1135 1114 1244 1169 sint
1294 1117 1473 1170 acturi
1519 1123 1573 1171 et
1620 1116 1871 1173 amicturi
1904 1120 2065 1174 annis
2106 1120 2202 1173 tri-

2304 1127 2414 1180 Ka‘t
2458 1127 2737 1198 πανταχοῦ
2797 1128 2897 1198 τῆς
2947 1128 3171 1198 Γραφῆς
3217 1127 3522 1191 κακωτικὸς
3577 1126 3805 1197 ἀριθμὸς
3844 1128 3869 1180 ὁ

614 1201 717 1259 bus
760 1204 829 1268 ",
882 1205 975 1273 qui
1022 1222 1296 1263 numerus
1360 1218 1465 1273 est,
1527 1220 1768 1279 quatuor
1823 1220 2203 1276 centenorum,
2303 1217 2414 1272 τῶν
2445 1217 2518 1289 μ’.

614 1305 706 1351 aut
734 1297 958 1368 triginta
996 1298 1289 1354 decadum.
1344 1298 1570 1355 Necnon
1620 1301 1823 1370 ubique
1882 1302 2196 1372 Scriptura-

614 1406 729 1446 rum
772 1391 900 1444 mali
927 1392 1106 1447 omnis
1154 1407 1421 1449 numerus
1456 1393 1929 1465 quadragenarius
1963 1403 2069 1451 est.

688 1523 935 1595 Namque
968 1525 1168 1589 Moses.
1206 1526 1377 1594 Elias,
1418 1536 1473 1584 et
1515 1529 1780 1586 Servator
1842 1530 1959 1603 ipse
1990 1532 2148 1602 juxta
2202 1532 2350 1589 hunc
2387 1550 2678 1589 numerum
2717 1533 3067 1604 jejunarunt.
3114 1532 3305 1605 Magna
3346 1548 3573 1604 quoque
3615 1546 3866 1601 aquarum

626 1614 923 1668 inundatio
957 1616 1185 1670 totidem
1214 1617 1412 1672 diebus
1439 1618 1665 1673 duravit
1693 1627 1747 1673 et
1787 1622 2071 1677 noctibus.
2108 1623 2447 1678 Assumatur
2491 1637 2625 1678 vero
2660 1622 2751 1677 hic
2795 1636 3065 1677 numerus
3095 1636 3319 1692 quoque
3348 1620 3416 1675 ad
3452 1619 3741 1674 Christum
3788 1622 3866 1689 qui

618 1716 715 1772 ρτο
736 1701 900 1767 nobis
932 1702 1101 1772 ﬂagra
1134 1706 1386 1779 pertulit,
1419 1707 1903 1780 quadragintaque
1941 1712 2133 1781 plagas
2179 1712 2413 1781 accepit.
2450 1709 2662 1766 Unicus
2702 1712 2849 1766 enim
2899 1712 3021 1781 ipse
3053 1726 3178 1765 cum
3206 1709 3479 1779 dignitate
3509 1708 3674 1764 nobis
3704 1710 3869 1761 omni-

617 1790 721 1857 hlIS
752 1804 852 1870 par
876 1799 1047 1861 esset,
1082 1813 1185 1867 pro
1218 1798 1380 1852 nobis
1410 1799 1644 1853 verbera
1678 1808 2027 1869 mortemque
2057 1799 2183 1853 luit.
2235 1798 2408 1854 Porro
2436 1800 2482 1857 si
2514 1800 3002 1872 quadragenarius
3031 1815 3297 1855 numerus
3336 1798 3391 1852 in
3426 1797 3731 1868 quinquies
3764 1805 3871 1850 octo

616 1888 949 1950 resolvatur,
1004 1885 1328 1956 quinarium
1382 1893 1435 1940 et
1487 1886 1841 1940 octonariqu
1879 1897 2192 1957 temporum
2225 1887 2434 1943 indicio
2480 1890 2669 1944 utilem
2718 1890 2991 1944 invenies.
3037 1888 3096 1942 In
3142 1886 3409 1943 mundum
3448 1886 3599 1939 enim
3659 1884 3871 1938 advenit

615 1978 810 2047 quinto
846 1976 1072 2030 saeculo.
1111 1972 1248 2027 Nam
1275 1973 1437 2043 juxta
1467 1974 1787 2044 parabolam
1817 1974 1885 2039 ⁷⁷,
1931 1974 2204 2029 Dominus
2234 1990 2496 2045 egressus
2527 1977 2800 2032 conduxit
2836 1977 3128 2047 operarios
3164 1976 3219 2029 in
3254 1976 3473 2028 vineam
3510 1989 3666 2028 suam
3701 1973 3867 2025 circi-

617 2074 699 2120 ter
731 2065 927 2119 Iioram
971 2063 1230 2134 primam,
1267 2064 1513 2127 tertiam,
1542 2070 1760 2119 sextam
1816 2073 1873 2117 et
1910 2061 2286 2119 undecimam.
2332 2063 2722 2120 Resuscitatus
2772 2075 2857 2119 est
2902 2078 3034 2118 vero
3082 2063 3173 2117 die
3224 2072 3445 2125 octava,
3477 2071 3711 2114 mortem
3763 2076 3872 2112 cum

615 2163 846 2222 peccato
881 2163 1172 2224 postquam
1210 2150 1581 2218 dissolvisset,
1632 2168 1744 2223 quo
1787 2153 2011 2207 sublato
2040 2154 2270 2209 verbera
2305 2169 2531 2224 quoque
2583 2146 2829 2219 ceSsant,
2877 2168 3001 2223 quae
3030 2154 3175 2207 ultra
3210 2152 3503 2206 adventum
3550 2148 3760 2204 Christi
3793 2149 3875 2217 qui

614 2240 999 2296 remissimiem
1034 2239 1247 2303 attulit,
1293 2254 1404 2294 non
1438 2248 1768 2294 excurrunt.
1798 2240 2135 2295 Dissolvitur
2171 2255 2303 2295 vero
2335 2242 2537 2296 iterum
2588 2255 2753 2311 pmna
2805 2256 2872 2296 eo
2917 2240 3064 2312 quod
3100 2241 3217 2310 ipse
3268 2238 3324 2293 in
3361 2247 3551 2308 typum
3598 2237 3770 2290 ducat
3798 2251 3876 2290 res

612 2325 832 2383 futuras
860 2325 1287 2397 quadragesimo
1324 2340 1471 2381 anno
1498 2340 1691 2381 eorum
1736 2327 1829 2397 qui
1869 2327 1923 2381 in
1972 2327 2198 2382 deserto
2231 2329 2587 2395 obcrrarunt,
2623 2338 2678 2384 et
2720 2329 3063 2384 transierunt
3108 2343 3205 2397 per
3230 2325 3530 2381 Jordanem
3570 2324 3627 2378 in
3683 2332 3873 2376 terram

612 2424 881 2480 sanctam,
908 2412 1075 2469 Josue
1101 2414 1238 2468 duce
1271 2420 1395 2483 post
1432 2414 1778 2483 spiritualem
1820 2416 2305 2471 circumcisionem
2342 2417 2668 2471 traducente
2694 2432 2814 2473 eos.

685 2531 881 2587 Frater
910 2532 1089 2587 mariti
1115 2532 1231 2601 ejus
1260 2531 1580 2601 ingredietur
1606 2530 1674 2584 ad
1719 2548 1854 2586 eam.
1889 2530 2079 2604 [XXV,
2116 2532 2195 2604 5.]
2229 2517 2272 2575 Β

614 2624 863 2680 Nondum
876 2624 1019 2680 enim
1036 2622 1381 2677 manifestata
1402 2623 1818 2687 resurrectione,
1837 2624 1951 2694 ipsa
1966 2624 2199 2694 posteri-

614 2726 722 2783 tas,
762 2731 825 2771 ac
879 2714 1147 2770 memoria
1201 2728 1299 2784 per
1350 2713 1522 2783 ipsam
1579 2712 1797 2782 generis
1843 2720 2197 2776 conservata,

613 2807 815 2864 solatio
840 2805 1121 2861 veteribus
1158 2803 1281 2858 fuit.
1333 2803 1555 2857 Interim
1600 2817 1737 2857 vero
1774 2804 2200 2859 resurrectionis

613 2915 831 2971 quoque
855 2898 1083 2969 ﬁguram
1117 2895 1376 2951 obtinuit.
1408 2893 1522 2960 Qua
1558 2893 1803 2963 neglecta
1840 2893 2038 2948 Eunan
2073 2908 2197 2948 cum

611 2993 790 3049 noluit
832 3006 954 3045 cum
1015 2989 1257 3043 Thamar
1315 2987 1725 3052 concumbere,
1782 2986 1962 3057 ipsius
2013 3002 2199 3041 semen

612 3084 733 3137 loco
762 3080 987 3135 insolito
1015 3078 1251 3134 effusum
1288 3087 1371 3133 est
1414 3080 1610 3133 merito
1637 3079 1714 3134 ⁷⁸.
1748 3079 1875 3132 Eam
1920 3092 2049 3132 vero
2072 3092 2199 3132 cum

612 3173 965 3229 observassct
1003 3171 1147 3225 Bcoz
1178 3178 1232 3225 et
1266 3171 1525 3226 duxisset
1573 3169 1741 3232 Ruth,
1776 3171 2012 3242 prodigii
2039 3170 2200 3240 quid-

612 3266 738 3320 dam
769 3266 951 3321 simile
984 3264 1218 3335 adeptus
1249 3272 1356 3331 est,
1389 3273 1451 3319 ut
1506 3278 1743 3333 proavus
1771 3274 1919 3319 esset
1971 3263 2197 3329 Christi,

615 3366 743 3413 nato
765 3374 831 3414 ex
863 3358 983 3428 ipso
1016 3355 1171 3413 Jesse
1203 3365 1359 3426 patre
1405 3357 1652 3421 Davidis,
1686 3355 1925 3410 futuram
1959 3356 2199 3426 promis-

614 3452 826 3507 sionem
859 3448 1271 3506 resurrectione
1309 3448 1528 3503 mortali
1560 3448 1831 3503 imitatus.
1858 3446 1994 3501 Nam
2037 3462 2201 3515 oporv

615 3544 763 3601 tebat
811 3558 937 3598 eum
994 3543 1085 3612 qui
1135 3540 1302 3596 nobis
1356 3540 1816 3597 resurrectionem
1876 3537 2197 3603 donaverat,

615 3651 788 3709 genus
828 3636 1102 3691 deducere
1130 3648 1225 3702 per
1261 3646 1356 3688 eos
1385 3632 1479 3702 qui
1528 3641 1713 3702 typum
1745 3631 1866 3700 ejus
1892 3630 2196 3686 secundum

615 3742 836 3783 carnem
875 3732 1359 3787 ωηεθτνονθῐοιιι,
1409 3738 1646 3792 eumque
1694 3722 1749 3775 in
1794 3737 1902 3792 quo
1943 3736 2198 3775 cessave-

2380 2534 2444 2587 '0
2482 2534 2750 2605 ἀδελφὸς
2797 2534 2903 2588 τοῦ
2955 2532 3176 2601 ἀνδρὸς
3243 2530 3428 2598 αὐτῆς
3471 2530 3881 2583 εἰσελεύσεται

2299 2626 2449 2695 πρὸς
2480 2625 2693 2693 αὐτήν.
2730 2626 2915 2697 Μήπω
2945 2622 3353 2695 φανερωθείσης
3378 2621 3478 2690 τῆς
3510 2622 3877 2686 ἀναστάσεως,

2297 2717 2330 2786 ἡ
2378 2717 2486 2770 τῶν
2532 2717 2738 2771 παίδων
2784 2716 3025 2787 διαδοχὴ,
3062 2716 3157 2768 καὶ
3201 2714 3290 2767 διὰ
3330 2712 3537 2782 ταύτης
3587 2714 3621 2783 ἡ
3670 2712 3878 2782 μνήμη,

2300 2809 2624 2879 παραμυθία
2653 2810 2765 2870 τοῖς
2796 2808 2926 2879 πρὶν
2975 2805 3286 2878 ἀνθρώποις
3330 2805 3653 2875 ἐτύγχανεν,
3690 2805 3807 2870 ἅμα
3830 2802 3879 2854 δὲ

2300 2902 2392 2953 καὶ
2440 2900 2608 2953 τύπον
2645 2901 2830 2970 ἐπεῖχε
2873 2899 2973 2969 τῆς
3013 2898 3383 2961 ἀναστάσεως.
3433 2899 3530 2949 Ὃν
3558 2897 3588 2949 ὁ
3628 2895 3881 2966 παραϐὰς

2300 2992 2476 3047 Εύνάν
2506 2992 2638 3063 (99),
2690 2993 2784 3045 καὶ
2807 2994 2873 3063 τῇ
2906 2992 3105 3062 Θάμαρ
3153 2989 3542 3057 συγκαθεύδειν
3576 2990 3653 3059 μὴ
3688 2988 3883 3058 βουλη-

2300 3085 2432 3149 θείς,
2477 3086 2702 3147 εἰκότως
2755 3084 3074 3151 ἀπόλλυται,
3110 3085 3171 3138 τὺ
3214 3085 3437 3155 σπέρμα
3462 3083 3595 3153 χέας
3635 3081 3771 3136 ἔνθα
3812 3081 3883 3152 μὴ

2282 3176 2463 3245 ,νόμος
2493 3192 2505 3205 ·
2538 3176 2568 3228 ὁ
2620 3175 2676 3228 δὲ
2714 3175 2847 3240 Βοὸς
2880 3178 3147 3246 τηρήσας,
3191 3175 3288 3229 καὶ
3329 3175 3428 3245 τὴν
3475 3175 3636 3229 Ῥοὺθ
3675 3174 3881 3242 ἀγαγό-

2305 3284 2487 3337 μενος,
2527 3267 2691 3338 τέρας
2744 3267 2933 3337 είληφε
2978 3267 3039 3320 τὸ
3106 3268 3374 3338 πρόγονος
3424 3264 3565 3321 εἶναι
3621 3268 3879 3336 Χριστοῦ,

2300 3357 2571 3427 γεννήσας
2607 3357 2808 3410 Ἰεσσαὶ
2834 3358 2928 3410 τοῦ
2953 3357 3119 3411 Δαὸὶδ
3154 3358 3246 3410 τὸν
3267 3359 3501 3429 πατέρα,
3527 3358 3630 3428 τὴν
3661 3358 3883 3427 μέλλου-

2302 3464 2401 3500 σαν
2463 3448 2800 3516 ἐπαγγελίαν
2868 3449 3168 3502 ἀναστάσει
3233 3448 3401 3520 θνητῇ
3473 3449 3875 3519 μιμησάμενος.

2304 3539 2451 3592 Ἔδει
2482 3541 2591 3610 γὰρ
2618 3540 2708 3593 τὸν
2750 3540 3137 3611 δωρησάμενον
3167 3542 3298 3611 ἡμῖν
3327 3540 3427 3610 τὴν
3470 3541 3777 3594 ἀνάστασιν
3800 3541 3880 3593 διὰ

2298 3632 2409 3684 τῶν
2459 3631 2812 3700 φυλαξάντων
2861 3632 3030 3702 αὐτῆς
3060 3633 3149 3684 τὸν
3182 3631 3350 3685 τύπον
3392 3632 3532 3685 κατά
3560 3633 3751 3703 σάρκα
3788 3649 3879 3685 κα·

2299 3725 2587 3793 τάγεσθαι,
2642 3728 2737 3778 καὶ
2770 3723 3054 3778 παύσαντα
3093 3727 3221 3789 τοὺς
3257 3724 3483 3789 τύπους,
3532 3727 3707 3796 αὐτὴν
3753 3728 3879 3797 ἡμῖν

614 3828 746 3875 runt
796 3832 990 3874 omnes
1030 3816 1182 3888 typi,
1231 3817 1403 3886 ipsam
1480 3816 1768 3869 veritatem
1839 3813 1997 3868 nobis
2043 3812 2197 3867 exhi-

2301 3818 2633 3887 χαρίσασθαι
2662 3817 2757 3887 τὴν
2789 3817 3067 3887 ἀλήθειαν.

616 3913 767 3967 bere.

686 4000 821 4055 Eum
853 4015 982 4055 vero
1014 4001 1108 4071 qui
1142 3999 1393 4053 Iratriam
1428 3998 1631 4052 ducere
1651 4006 1935 4051 recusaret
1967 3996 2032 4050 ad
2060 4010 2192 4065 por-

615 4096 725 4142 tam
769 4088 987 4154 adduci,
1014 4090 1083 4143 ab
1111 4102 1283 4143 uxore
1313 4086 1563 4156 conspui,
1603 4093 1657 4141 et
1681 4086 1855 4140 altero
1883 4087 2193 4140 calceorqu

615 4180 740 4234 exui
780 4181 1083 4249 oportebat.
1129 4180 1466 4251 Argumento
1506 4176 1759 4232 videlicet
1799 4176 1944 4246 quod
1994 4177 2193 4230 tumin

616 4272 757 4342 lege,
792 4278 906 4324 tum
956 4272 1009 4325 in
1038 4272 1239 4341 pietate
1286 4270 1529 4324 fraterna
1559 4268 1863 4331 vacillarct,
1914 4267 2196 4338 ipsiusque

614 4371 843 4418 mortem
875 4362 1172 4432 abiecisset
1204 4362 1411 4415 animo.

680 4453 973 4518 Caeterum,
1008 4470 1027 4504 ι
1058 4453 1115 4507 1η
1144 4464 1321 4523 porta,
1348 4471 1367 4504 ι
1414 4452 1613 4521 inquit.
1646 4452 1763 4506 Illic
1808 4454 1950 4508 enim
1982 4459 2194 4507 veteres

613 4555 786 4599 cmtus
824 4543 1124 4613 agitabant.
1153 4542 1272 4598 Illic
1297 4544 1618 4614 peregrinos
1643 4551 1904 4613 tanquam
1934 4542 2195 4612 quodam-

611 4636 775 4690 modo
816 4636 1002 4690 venari
1050 4636 1299 4691 volentes
1342 4651 1459 4699 eos,
1496 4636 1867 4705 etcipiebant.
1923 4634 2193 4700 Quemad-

610 4728 832 4782 modum
861 4726 916 4781 in
963 4727 1218 4796 exemplo
1244 4725 1365 4791 Lot,
1396 4728 1488 4796 qui
1521 4728 1687 4781 etiam
1726 4727 2043 4797 angelorum
2099 4726 2193 4777 ad-

2381 3996 2415 4047 Γ
2416 3995 2473 4047 ὸν
2504 3994 2576 4065 μὴ
2610 3994 2954 4065 βουλόμενον,
2982 3993 3149 4064 ἐχρῆν
3176 3994 3257 4057 εἰς
3282 3992 3381 4063 τὴν
3412 3992 3592 4063 πύλην
3622 3994 3874 4064 ἀχθέντα,

2300 4088 2450 4157 παρὰ
2478 4087 2579 4156 τῆς
2618 4085 2878 4161 γυναικὸς
2927 4084 3333 4155 ὲμπτυσθέντα,
3364 4085 3473 4138 τῶν
3514 4086 3876 4157 ὑποδημάτων

2300 4179 2525 4250 θάτερον
2572 4177 2900 4231 ὑπολύεσθαι
2928 4193 2943 4207 ·
2988 4176 3063 4240 ὡς
3110 4176 3443 4247 χωλαίνοντα
3476 4179 3693 4249 περίτε
3721 4179 3876 4248 νόμον

2298 4271 2390 4324 καὶ
2423 4269 2657 4341 στοργὴν
2686 4268 2937 4337 ἀδελφοῦ,
2965 4270 3059 4323 καὶ
3080 4269 3181 4339 τὴν
3202 4268 3411 4322 ἐκείνου
3428 4269 3702 4339 νέκρωσιν
3723 4270 3875 4323 ἐκδε-

2297 4362 2504 4433 δηκότα
2534 4362 2633 4431 τῆς
2664 4361 2925 4424 διανοίας.

2380 4455 2469 4508 Ἐν
2508 4457 2572 4524 τῇ
2603 4454 2745 4524 πύλῃ
2773 4453 2937 4524 φησιν
2960 4469 2972 4484 ·
3007 4452 3241 4507 ἐνταῦθα
3266 4453 3375 4523 γὰρ
3426 4455 3475 4506 οἰ
3507 4455 3735 4508 παλαιοί
3782 4455 3872 4517 τὰς

2296 4544 2582 4614 διατριϐὰς
2610 4544 2913 4608 ἐποιοῦντο,
2946 4544 3039 4596 καὶ
3062 4544 3246 4609 ξένους
3280 4544 3411 4607 ἴσως
3440 4545 3578 4615 πρὸς
3610 4546 3868 4615 ὑποδοχὴν

2297 4636 2567 4706 θηρᾶσθαι
2615 4635 2952 4706 βουλόμενοι,
3006 4634 3257 4706 καθάπερ
3298 4636 3328 4687 ὁ
3368 4635 3513 4700 Λὼτ,
3554 4637 3615 4700 δς
3646 4639 3741 4689 καὶ
3774 4655 3866 4689 πα-

2298 4725 2519 4795 ρουσίας
2560 4725 2810 4793 ἀγγέλων
2847 4724 3094 4795 ἠξίωται.
3155 4724 3432 4794 Ἥρμοττε
3464 4726 3523 4778 δὲ
3557 4728 3655 4780 καὶ
3702 4728 3864 4787 ἄλλως

609 4829 772 4872 ventu
821 4816 1025 4887 dignus
1069 4826 1155 4873 est
1200 4818 1441 4885 habitus,
1489 4818 1545 4872 ﬁt
1596 4817 1971 4872 manifestum.
2013 4817 2090 4871 Ac
2138 4816 2190 4869 in

2300 4818 2370 4889 τῷ
2434 4818 2650 4889 Ἰσραὴλ
2719 4817 2809 4870 διά
2865 4816 3033 4870 σκιῶν
3087 4816 3429 4886 εἰσαγομένῳ
3485 4818 3625 4887 πρὸς
3687 4818 3860 4870 θεοσέ-

610 4909 806 4980 primis
828 4924 960 4963 vero
1001 4910 1106 4965 iste
1134 4910 1331 4966 modus
1369 4910 1657 4974 Israelitis,
1703 4909 1795 4979 qui
1834 4924 1931 4978 per
1970 4908 2191 4963 umbras

2300 4910 2466 4975 δειαν,
2503 4911 2560 4963 ὲν
2611 4908 2828 4973 πύλαις,
2858 4905 2978 4962 ἀλλ’
3028 4907 3127 4960 οὐκ
3174 4906 3231 4959 ὲν
3278 4907 3429 4977 μέσῳ
3452 4907 3727 4977 καθῆσθαι
3770 4909 3860 4975 τῆς

610 5001 676 5054 ad
734 4999 941 5054 cultum
972 4999 1221 5055 divinum
1252 5000 1418 5073 456
1458 5000 1876 5056 deducebantur
1911 5006 2191 5070 compete-

2300 5001 2521 5063 πόλεως.

610 5094 723 5155 bat,
765 5097 825 5144 ut
858 5090 912 5144 in
950 5100 1106 5160 porta
1137 5092 1320 5161 potius
1367 5106 1531 5162 quam
1569 5091 1623 5145 in
1655 5089 1838 5145 medio
1868 5088 2021 5142 urbis
2046 5087 2191 5142 desi-

608 5181 822 5237 derent.
2220 5200 2265 5255 D

680 5272 749 5325 Et
786 5282 1005 5328 extensa
1037 5288 1198 5327 manu
1228 5289 1328 5326 sua
1357 5272 1761 5341 apprehenderit
1791 5270 2018 5324 verenda
2048 5268 2185 5337 ejus.

2360 5267 2471 5320 Kal
2516 5267 2837 5321 ἐκτείνασα
2890 5267 3006 5334 τὴν
3058 5264 3224 5333 χεῖρα
3281 5262 3473 5331 αὐτῆς
3514 5260 3853 5323 ἐπιλάϐηται

608 5362 781 5433 Digna
829 5364 1033 5418 etenim
1086 5370 1171 5418 est
1221 5362 1495 5432 supplicio
1542 5372 1655 5417 tum
1710 5369 1932 5431 propter
1962 5358 2186 5422 caedem,

2300 5356 2408 5410 τῶν
2452 5357 2715 5427 διδύμων
2747 5357 2955 5411 αὐτοῦ.
3001 5355 3152 5420 Ἀξία
3192 5355 3303 5425 γὰρ
3351 5354 3629 5416 κολάσεως
3667 5352 3750 5405 διά
3791 5348 3852 5400 τὸ

608 5461 721 5505 tum
747 5462 972 5524 propter
1006 5452 1428 5522 impudentiam.

2300 5448 2512 5517 φονικὸν
2543 5465 2604 5500 τε
2642 5449 2738 5501 καί⁸
2767 5447 3002 5535 ἀναιδές.

1196 5608 1242 5640 τι
1292 5606 1423 5663 ibid.
1460 5606 1531 5675 ,9.
1606 5606 1649 5637 τε
1681 5604 1819 5659 Cen.
1852 5617 1942 5670 xv,
1984 5602 2068 5657 ιδ.
2146 5600 2190 5632 τ’
2220 5601 2410 5656 Matth.
2449 5617 2542 5669 xx,
2576 5602 2629 5657 I.

2154 5719 2387 5777 NOTAE.

675 5607 723 5642 ’δ
748 5606 916 5663 Iosue
962 5624 1013 5674 v,
1041 5607 1097 5662 2.
1196 5608 1242 5640 ⁷³
1292 5606 1423 5663 ibid.
1460 5606 1531 5674 ,9.
1606 5606 1649 5637 "
1681 5604 1819 5659 Gen.
1852 5617 1942 5670 xv,
1984 5602 2068 5657 I5.
2146 5600 2190 5632 τ’

2300 5602 2410 5656 ηῑιιι.
2449 5617 2542 5669 xx,
2576 5602 2629 5657 I.
2706 5601 2749 5634 ⁷⁸
2779 5600 2915 5657 Gen.
2959 5614 3187 5666 xxxviu,
3229 5629 3245 5653 ί
3282 5612 3435 5669 seqq.

677 5793 791 5866 (99)
811 5794 993 5851 Αὑνάν
1058 5795 1144 5850 Ἑν
1174 5795 1251 5865 τῷ
1279 5795 1348 5850 '58
1380 5810 1504 5863 κεφ.
1533 5793 1631 5863 τῆς
1660 5793 1780 5846 Γεν.
