4090 6504
196 343 303 405 941
1107 348 1641 410 COMMENTARII
1682 348 1761 407 IN
1802 348 2497 410 DEUTERONOMIUM.
3352 357 3458 419 942

281 466 479 537 Arguit
519 484 649 523 vero
684 470 787 523 hoc
826 470 969 538 quod
1032 469 1253 523 etiamsi
1290 477 1503 522 mentes
1554 467 1700 520 inter
1730 480 1788 518 se
1839 464 2321 519 committerentur
2372 475 2558 518 utrum
2596 466 2732 521 bona
2774 468 2940 537 hujus
2978 469 3165 524 mundi
3201 485 3267 525 an
3294 472 3459 526 cmic-

202 555 317 606 stia
351 554 536 623 potius
565 565 755 610 essent
805 553 1080 625 eligenda,
1132 555 1316 609 valere
1365 555 1529 623 jusso
1571 551 1884 607 etelcstium
1921 552 2193 607 bonorum
2238 554 2573 623 principatu,
2610 565 2843 611 mentem
2876 558 2929 610 in
2958 563 3370 629 generationem
3404 570 3487 616 et~

203 640 497 693 interitum
532 641 840 711 injecisset,
877 642 980 694 hoc
1008 642 1152 695 enim
1183 642 1444 711 genitalia
1487 641 1747 693 innuunl.

280 730 557 783 Steterunt
592 748 838 800 magnam
891 740 984 782 aut
1018 746 1259 797 parvam.
1312 728 1453 800 [14.]
1497 728 1690 783 Modos
1729 723 1975 779 declarat
2010 724 2200 787 nobis,
2231 724 2433 793 quibus
2460 723 2694 790 iustitiae
2727 737 2918 780 exacta
2985 728 3171 796 regula
3220 728 3487 782 obtineri

204 820 412 884 possit,
465 819 509 872 si
546 819 765 873 animus
800 816 1172 887 tequilibrium
1223 831 1448 871 servare
1488 813 1813 869 decreverit.
1850 811 2052 865 Verum
2086 812 2369 865 enimvero
2397 812 2794 867 excellentiora
2843 814 3023 867 adhuc
3055 831 3149 884 per
3176 815 3457 872 Christum

206 904 415 956 tradita
475 914 626 959 sunt.
663 905 806 960 Justi
840 906 984 959 enim
1036 905 1159 957 linis
1200 902 1409 957 bonum
1461 912 1563 956 est.
1609 899 1879 966 Quocirca
1930 897 2053 948 ait:
2103 912 2121 943 ι
2152 893 2265 948 Nisi
2323 895 2691 949 abundaverit
2735 896 2952 965 iustitia
3000 909 3181 953 vestra
3226 902 3463 971 amplius

203 1008 376 1059 quam
410 990 734 1045 Scribarum
769 1002 820 1047 et
850 990 1288 1057 Pharisaeorum,
1324 1006 1433 1044 non
1467 986 1854 1060 ingrediemini
1882 985 1937 1039 iu
1973 998 2199 1050 regnum
2235 982 2506 1036 caelorum
2542 984 2610 1037 τ’.
2663 1002 2682 1034 ι

289 1088 670 1156 Ἐξιιὶείψεις
700 1088 767 1142 τὸ
798 1090 984 1157 ὄνομα
1029 1088 1316 1156 Ἀμαλήκ.
1364 1086 1534 1139 Τοῦτο
1566 1085 1785 1154 ποιῆσαι
1823 1089 1864 1145 Α

1845 1098 1864 1144 ι
1966 1078 2174 1132 Delebis
2214 1077 2457 1145 funditus
2499 1094 2684 1133 nomen
2716 1079 2953 1133 Amalec.
2983 1080 3125 1152 [19.]
3165 1080 3276 1136 Hoc
3312 1082 3460 1138 Sauli

200 1178 294 1230 διὰ
345 1177 598 1247 Σαμουὴλ
629 1180 656 1229 ὁ
678 1176 850 1229 Σαοὺλ
881 1174 1299 1244 προσετέτακτο,
1335 1173 1427 1224 καὶ
1461 1172 1534 1242 μὴ
1566 1168 1786 1231 τελείως

1897 1185 1993 1238 per
2020 1169 2325 1222 Samuelem
2374 1166 2553 1222 facere
2580 1181 2663 1222 cst
2709 1168 3060 1237 imperatum,
3116 1186 3300 1223 verum
3337 1187 3459 1225 cum

206 1271 466 1341 ποιήσας,
505 1272 601 1341 τῆς
634 1269 907 1339 βασιλείὰς
940 1267 1184 1334 ἐξέπεσε.

1897 1276 2004 1313 non
2032 1260 2289 1313 oumibus
2321 1262 2561 1315 numeris
2591 1268 2736 1315 esset
2763 1269 3082 1324 exsecutus,
3112 1278 3283 1332 regno
3315 1264 3464 1319 exci-

890 1360 915 1371 ““
1891 1352 1992 1404 dit.

282 1464 356 1519 Et
388 1466 647 1519 excitabis
675 1466 767 1519 tibi
801 1466 904 1533 ipsi
938 1464 1140 1531 lapides
1169 1477 1409 1531 magnos.
1449 1458 1683 1531 [XXVIL
1717 1457 1796 1529 2.]
1840 1458 2075 1528 Lapides
2112 1459 2335 1529 quidem
2372 1461 2604 1529 apostoli
2637 1469 2766 1515 sunt
2811 1461 2865 1514 in
2906 1461 3016 1515 alto
3059 1461 3339 1524 collocati,
3367 1463 3462 1531 qui

213 1570 343 1605 cum
376 1554 684 1607 virtutibus
713 1560 766 1607 et
799 1550 1157 1621 Opiniouibus
1207 1555 1396 1603 essent
1433 1546 1748 1616 conspicui,
1783 1562 1952 1616 supra
1986 1564 2088 1603 nos
2124 1555 2254 1603 sunt
2286 1549 2605 1604 constituti.
2649 1550 2728 1602 Ad
2761 1564 2900 1619 quos
2933 1549 3191 1603 Christus
3238 1550 3416 1619 inquit
3450 1568 3465 1604 :

222 1659 241 1688 ς
272 1640 384 1694 Vos
422 1640 585 1694 amici
642 1641 745 1695 mei
779 1641 914 1694 estis
936 1639 1006 1690 ⁸⁸.
1041 1658 1061 1689 ι
1104 1636 1253 1703 Quos
1295 1637 1424 1690 item
1485 1634 1667 1689 lumen
1722 1642 1777 1687 et
1809 1636 1977 1689 salem
2029 1636 2218 1690 mundi
2279 1637 2654 1706 nuncupat“.
2698 1636 2948 1707 Denique
3011 1639 3176 1692 etiam
3216 1638 3465 1692 medicos

208 1727 551 1797 designavit,
583 1726 775 1781 dicens
812 1743 826 1780 :
860 1724 1160 1779 «inﬁrmos
1208 1731 1423 1785 curate,
1472 1721 1741 1776 daemonia
1782 1720 1986 1789 ejicite,
2047 1721 2301 1791 leprosos
2343 1725 2624 1787 mundate,
2679 1735 2928 1779 mortuos
2975 1726 3236 1790 excitate,
3294 1726 3466 1796 gratis

211 1815 534 1883 accepistis,
589 1813 763 1884 gratis
816 1812 1030 1866 reddite
1054 1811 1121 1862 δ’.
1150 1829 1167 1861 ι
1205 1808 1282 1864 De
1324 1809 1526 1877 quibus
1578 1808 1853 1877 proditum
1887 1817 1972 1862 est
2012 1826 2025 1861 :
2068 1828 2085 1859 ‹
2116 1807 2350 1879 Lapides
2382 1811 2557 1864 sancti
2586 1811 2878 1865 volvuntur
2899 1827 3064 1881 super
3102 1820 3303 1867 terram
3336 1812 3403 1868 ⁸⁸.
3444 1833 3461 1862 ι

213 1898 599 1970 Undequaque
633 1899 779 1955 enim
812 1899 1140 1953 oberrantes
1175 1898 1461 1951 veritatem
1486 1896 1771 1965 promulga
1786 1907 1931 1950 runt.
1956 1896 2105 1962 Quos
2136 1898 2346 1967 lapides
2376 1898 2409 1950 ii
2436 1899 2670 1968 erigunt,
2700 1900 2791 1967 qui
2824 1915 2919 1968 per
2938 1898 3241 1953 Iordanem
3284 1910 3465 1955 trans-

216 1991 426 2052 ierunt,
461 1990 564 2044 hoc
599 1997 706 2049 est,
767 1988 861 2057 qui
900 2001 1075 2040 sacra‘
1106 1986 1394 2041 tinctionis
1421 1986 1600 2055 gratia
1634 1994 1762 2039 sunt
1794 1985 2136 2053 locupletati,
2174 1985 2337 2041 iidem
2383 1986 2486 2039 sibi
2516 1985 2651 2054 ipsis
2686 1986 3003 2056 magistros,
3034 1987 3124 2055 qui
3162 1987 3465 2056 pretiosum

216 2078 575 2148 divulgarent
622 2073 860 2143 lapidem
918 2074 1302 2143 margaritam,
1352 2071 1740 2141 praefecerunt.
1777 2073 1879 2138 Qui
1929 2088 2063 2127 sane
2106 2073 2333 2142 pulvere
2382 2075 2594 2141 aspersi
2649 2073 2971 2143 Scripturze,
3017 2074 3190 2144 legem
3240 2075 3465 2129 habent.

218 2164 489 2218 Dilucide
516 2163 662 2217 enim
698 2161 832 2231 legis
868 2161 1363 2229 contemplationes
1413 2160 1555 2229 apud
1589 2161 1888 2228 apostolos,
1940 2161 2202 2231 nullaque
2235 2163 2444 2216 litterae
2478 2162 2671 2216 umbra
2704 2163 2956 2218 obductae
2983 2165 3282 2218 exsistunt.
3320 2163 3469 2230 Qua-

223 2263 454 2322 propter
504 2250 648 2303 haud
680 2250 914 2303 obscure
945 2248 1075 2302 illud
1099 2262 1316 2316 quoque
1347 2248 1495 2301 addit
1527 2266 1539 2300 :
1574 2266 1591 2297 ‹
1620 2246 1763 2311 Quin
1795 2248 1958 2301 etiam
1997 2249 2166 2303 altare
2202 2266 2267 2303 ex
2312 2249 2580 2318 lapidibus
2612 2265 2720 2303 neu
2749 2249 2918 2303 sectis
2960 2251 3208 2305 exsistat.
3251 2270 3267 2301 ι
3303 2250 3469 2321 Lapis

220 2340 371 2393 enim
397 2338 677 2409 angularis
707 2336 962 2391 Christus
993 2344 1078 2389 est
1104 2336 1169 2399 ⁸⁵,
1206 2335 1298 2404 qui
1333 2335 1384 2387 in
1421 2332 1775 2387 fundamenta
1823 2333 1955 2388 Sion
2003 2338 2219 2405 positus
2247 2346 2354 2401 est,
2385 2352 2550 2404 super
2582 2337 2702 2405 ipso
2759 2338 2961 2390 etenim
3006 2337 3183 2391 innixi
3219 2352 3318 2392 ceu
3360 2340 3467 2391 vivi

224 2426 439 2495 lapides
468 2425 802 2479 exstruimur
838 2422 1039 2477 domus
1085 2421 1417 2490 spiritualis,
1454 2421 1507 2473 in
1554 2420 1815 2489 templum
1844 2431 2118 2478 sanctum.
2171 2423 2473 2476 Rcddimur
2508 2432 2689 2476 autem
2723 2423 2899 2477 altare
2928 2438 3023 2492 per
3054 2424 3321 2479 unitatem
3354 2426 3466 2496 spi-

222 2514 503 2577 ritualem,
557 2513 603 2567 si
654 2511 816 2566 ﬁdem
862 2510 919 2563 in
957 2510 1185 2564 Christo
1230 2510 1495 2563 virtutum
1547 2507 1671 2562 cibo
1705 2508 2055 2565 instruimus.
2106 2512 2185 2565 Ac
2238 2510 2465 2565 Paulum
2493 2510 2674 2579 juxta,
2710 2511 2959 2565 sistimus
2985 2526 3223 2581 corpora
3278 2524 3469 2567 nostra

221 2601 462 2655 hostiam
492 2601 696 2663 vivam,
727 2605 1008 2668 acceptam
1037 2596 1168 2660 Deo,
1199 2595 1528 2650 rationalem
1570 2595 1777 2648 cultum
1814 2608 2085 2663 nostrum,
2144 2599 2345 2669 integri
2395 2607 2447 2653 et
2488 2598 2825 2652 immaculati
2857 2616 2871 2662 ;
2924 2614 3031 2652 non
3064 2599 3225 2653 divisi
3257 2599 3311 2653 in
3344 2615 3471 2670 par-

225 2699 310 2744 tes
341 2688 554 2751 mundi,
586 2702 767 2756 neque
796 2685 1029 2739 vulnera
1060 2691 1414 2753 peccatorum
1468 2690 1833 2747 ostentantes,
1886 2685 2348 2755 quemadmodum
2381 2684 2643 2740 Christus
2695 2701 2915 2755 quoque
2961 2702 3071 2739 non
3120 2686 3331 2741 divisus
3363 2676 3470 2752 est,

224 2775 510 2845 simplices
559 2789 625 2828 ac
678 2787 927 2836 veraces,
965 2771 1148 2840 qualis
1177 2769 1384 2825 Paulus
1436 2777 1542 2833 est,
1580 2784 1705 2824 cum
1731 2771 1949 2840 inquit:
2000 2792 2019 2823 ι
2055 2772 2188 2826 Mihi
2224 2774 2395 2835 enim,
2426 2772 2543 2827 sive
2573 2773 2774 2835 vivam,
2804 2774 2920 2828 sive
2950 2775 3177 2838 moriar,
3212 2774 3472 2829 Christus

228 2864 384 2917 lucro
408 2870 496 2917 est
521 2862 590 2915 ⁸⁵.
630 2879 649 2911 ι
685 2859 968 2929 Tanquam
1002 2859 1166 2928 igitur
1208 2858 1538 2912 haberemus
1577 2858 1826 2911 laetamur
1854 2862 1901 2914 si
1936 2861 2119 2914 cibum
2152 2861 2498 2928 spiritualem
2540 2862 2594 2913 in
2626 2860 2809 2915 oculis
2842 2860 3057 2915 Domini
3107 2861 3468 2932 percipimus,

225 2951 691 3022 quemadmodum
732 2951 820 3004 hic
848 2951 1113 3020 scriptum
1148 2958 1256 3010 est,
1296 2957 1351 3003 et
1383 2964 1485 3004 nos
1517 2948 1572 3002 in
1609 2948 1879 3003 Ecclesiis
1898 2945 2152 3001 facimus.
2188 2945 2422 3016 Lapides
2464 2962 2595 3001 vero
2641 2962 2749 3001 non
2775 2948 2829 3001 in
2863 2958 3049 3001 monte
3085 2947 3241 3014 Ebal,
3280 2964 3469 3004 verum

225 3042 393 3097 Gariz
422 3059 473 3095 m
507 3042 817 3097 collocasse
857 3040 1169 3108 exemplum
1218 3038 1384 3093 habet
1417 3038 1832 3097 Samariticutn,
1864 3049 1965 3088 nec
2000 3034 2143 3088 forte
2171 3033 2379 3103 absque
2416 3034 2646 3095 ratione,
2680 3049 2853 3105 caque
2888 3034 3169 3101 videlicet,
3198 3036 3469 3105 siquidem

227 3130 303 3185 ibi
354 3143 574 3199 quoque
610 3126 1028 3182 benedictiones
1056 3124 1173 3179 ﬁeri
1222 3123 1486 3192 praecepit
1527 3140 1541 3176 :
1580 3141 1597 3172 ‹
1626 3121 1683 3175 In
1734 3120 1868 3176 Ebal
1906 3135 2035 3177 vero
2080 3119 2516 3177 maledictiones.
2550 3140 2568 3172 ι
2605 3121 2776 3192 Ecqui
2827 3123 2996 3192 igitur
3035 3129 3469 3178 consentaneum

228 3217 397 3271 inerit
442 3216 497 3269 in
530 3215 636 3268 hoc
684 3214 859 3268 altare
890 3227 1014 3267 esse
1055 3209 1471 3266 constitutum?
1514 3207 1686 3264 Porro
1734 3210 1789 3263 in
1830 3209 1973 3263 libro
2012 3206 2267 3263 Judicum
2307 3208 2549 3263 Garizim
2598 3219 2838 3265 montem
2897 3210 3145 3263 nominat
3180 3208 3273 3279 qui
3327 3210 3469 3265 circa

232 3303 515 3373 Neapolim
546 3308 653 3365 est,
695 3315 857 3370 quem
902 3296 1185 3352 Samaritm
1234 3297 1443 3352 colunt.
1503 3294 1684 3365 Super
1719 3310 1828 3365 quo
1860 3311 1985 3351 cum
2028 3296 2377 3351 constitisset
2407 3295 2608 3351 Jothan
2658 3296 2808 3353 ﬁlius
2861 3297 3136 3352 Gedeonis
3191 3306 3472 3367 superstes

226 3399 557 3447 exsecratus
591 3400 676 3445 est
713 3404 811 3444 eos
839 3389 933 3458 qui
981 3402 1165 3457 regem
1203 3400 1367 3455 super
1414 3401 1473 3440 se
1501 3392 1828 3439 creaverant
1859 3383 2177 3437 Abimelech
2224 3382 2500 3441 Gedeonis
2545 3385 2714 3439 ﬁlium
2752 3402 2817 3440 ex
2869 3386 3092 3451 ancilla,
3137 3387 3230 3457 qui
3270 3385 3474 3441 fratres

228 3494 367 3535 suos
392 3477 692 3533 interemit.
715 3474 836 3529 ‘Nisi
869 3476 995 3544 quis
1030 3481 1244 3528 asserat
1274 3472 1502 3527 Esdram
1537 3480 1631 3525 aut
1664 3472 2073 3542 Scripturarum
2112 3472 2484 3538 collectorem,
2532 3474 2649 3528 sive
2707 3474 2874 3527 alium
2914 3473 3231 3545 quempiam
3279 3473 3469 3539 fuisse,

231 3570 325 3637 qui
354 3582 491 3620 nova
523 3564 747 3622 nomina
776 3578 842 3618 ex
877 3577 989 3616 suae
1024 3560 1442 3629 gubernationis
1481 3560 1621 3613 locis
1652 3560 1906 3612 traducta
1944 3560 2081 3615 locis
2124 3560 2467 3630 imposuerit.
2511 3562 2986 3627 Quemadmodum
3017 3562 3279 3617 videlicet
3306 3561 3471 3618 Jeru-

232 3658 401 3711 salem
435 3660 594 3708 vocat
623 3666 744 3722 quae
778 3649 1086 3718 antiquitus
1116 3646 1286 3701 Jebus
1314 3646 1638 3708 vocabatur,
1666 3644 1980 3699 llethlehem
2020 3646 2145 3700 item
2184 3663 2304 3717 qua:
2334 3647 2592 3716 Ephrata.

302 3739 400 3793 Illi
450 3738 661 3792 stabunt
713 3735 779 3789 ad
842 3732 1249 3788 benedicendum
1303 3730 1496 3799 populo
1547 3732 1603 3783 in
1662 3740 1835 3783 monte
1897 3730 2156 3785 Garizim.
2230 3733 2368 3807 [12.]
2437 3734 2525 3789 Eae
2582 3735 2761 3791 tribus
2812 3751 2932 3806 qua:
2988 3737 3057 3792 ab
3119 3751 3345 3808 egressu
3407 3753 3472 3793 ex

233 3829 473 3898 Egyplo
510 3827 771 3897 przeelare
816 3829 1108 3896 gesserunt
1153 3833 1296 3886 sese,
1334 3816 1709 3873 benedictioni
1741 3832 1770 3871 a
1813 3817 1923 3874 Deo
1954 3829 2082 3875 sunt
2116 3822 2388 3890 praefecti.
2438 3823 2573 3890 Quae
2626 3836 2809 3879 autem
2860 3825 3025 3896 lapsae
3064 3835 3194 3882 sunt
3239 3827 3471 3884 maledi—

228 3918 425 3972 ctioni.

304 4001 624 4056 Maledictus
674 4000 969 4068 quicunque
1019 3996 1200 4064 fecerit
1253 3994 1496 4061 sculptile
1538 4003 1629 4045 aut
1657 3993 1817 4062 fusile
1847 4010 1976 4063 opus
2008 3997 2251 4051 manibus
2280 3999 2526 4067 artiﬁcis,
2561 4008 2608 4051 et
2650 3998 2787 4052 illud
2817 3998 3149 4052 collocaverit
3182 4001 3235 4051 in
3266 3999 3469 4052 abdito.

232 4089 376 4163 [l5.]
400 4088 536 4142 Cum
568 4093 621 4140 in
654 4085 1088 4156 praecedentibus
1115 4083 1285 4137 variis
1319 4082 1497 4136 modis
1526 4082 1953 4136 simulacrorum
1986 4086 2195 4138 cultum
2227 4085 2388 4156 457
2424 4086 2759 4151 abdicasset,
2790 4101 2920 4140 vero
2947 4094 3127 4140 autem
3160 4101 3269 4141 non
3309 4087 3475 4141 dissi—

231 4178 361 4231 mile
384 4186 503 4231 erat
534 4175 680 4243 quod
710 4172 915 4240 aliquis
948 4186 1122 4240 poenae
1162 4168 1459 4223 formidine
1483 4168 1623 4222 clam
1652 4184 1774 4222 esse
1809 4179 2107 4240 satageret,
2139 4173 2205 4227 ad
2238 4188 2363 4226 eum
2411 4176 2848 4229 exsecrationem
2879 4173 3042 4227 istam
3088 4175 3471 4229 accommoda—

227 4267 332 4318 vit.
367 4266 445 4317 Ac
480 4259 800 4331 huiusmodi
831 4258 1052 4328 quidem
1080 4257 1134 4310 hi
1185 4264 1338 4320 sunt,
1372 4256 1465 4324 qui
1500 4270 1624 4308 cum
1652 4256 1778 4309 vita:
1810 4257 2183 4327 integritatem
2234 4260 2517 4327 simulent,
2550 4269 2785 4317 mentem
2819 4260 3204 4315 affectionibus
3234 4262 3468 4316 obsitam

227 4353 455 4407 habent.

298 4461 536 4525 Εἵδωλα,
566 4461 713 4513 πᾶσα
744 4454 1099 4526 πεπλασμένη
1132 4452 1398 4521 θεολογία.
1442 4452 1581 4505 Ἀλλ’
1615 4454 1668 4506 αἱ
1700 4455 1796 4523 μὲν
1826 4461 1874 4521 Β

1853 4462 1874 4520 3
1977 4457 2248 4511 ldolorum
2310 4473 2437 4512 vero
2490 4458 2711 4511 nomine
2759 4457 3031 4526 intelligas
3072 4457 3198 4510 licet
3251 4470 3468 4511 omnem

225 4557 414 4627 νοεραὶ
449 4554 822 4620 πιθανότητες,
869 4549 965 4602 καὶ
1019 4547 1304 4616 ὀξυτέρους
1332 4546 1614 4614 ἀπατῆσαι
1644 4547 1797 4599 δυνὰο

1902 4545 2233 4616 theologiam
2274 4548 2456 4600 ﬁctam
2490 4555 2654 4616 atque
2688 4547 2950 4601 lucatam.
2986 4547 3210 4600 Necnon
3270 4548 3469 4602 mentis

227 4664 413 4718 μεναι,
436 4645 679 4712 λέγοιντο
714 4642 779 4695 ἂν
809 4641 871 4691 ὲκ
893 4637 1095 4708 χρυσοῦ
1125 4638 1157 4707 ἢ
1184 4635 1427 4706 ἀργύρου
1454 4636 1797 4706 χωνεύματαο

1901 4636 2113 4692 sirenes
2153 4654 2252 4692 seu
2286 4640 2462 4692 mavis
2504 4640 2895 4708 persuasiones
2930 4655 3052 4707 qua:
3090 4638 3469 4707 sagacioribus

221 4739 291 4791 τὰ
324 4737 371 4789 δ’
406 4732 687 4794 ἀπιθάνως
720 4730 904 4800 ἠλίθιοι
932 4728 1199 4796 δόγματα,
1246 4726 1482 4793 γλυπτά.
1518 4726 1661 4798 Πλὴν
1705 4736 1799 4785 καὶ

1899 4728 2063 4781 etiam
2096 4727 2345 4783 fraudem
2382 4728 2563 4783 facere
2590 4737 2842 4797 possunt,
2878 4727 3066 4783 fusilia
3113 4728 3235 4784 auri
3276 4728 3357 4781 vel
3383 4743 3466 4781 ar-

220 4827 399 4882 ταῦτσ.
431 4826 567 4894 ἔργα
602 4820 800 4892 χειρῶν
821 4818 1067 4887 τεχνίτου
1091 4816 1366 4886 τροπικῶς
1389 4816 1630 4884 λέγεται,
1651 4816 1797 4869 τιθέ-

1898 4818 2043 4887 genti
2080 4819 2280 4888 aliquis
2319 4828 2487 4890 queat
2510 4820 2717 4884 dicere,
2741 4820 2997 4888 dogmata
3032 4836 3167 4875 vero
3192 4822 3374 4890 inepta
3407 4834 3469 4873 ac

225 4936 367 4988 μενα
399 4918 458 4968 ὲν
494 4912 819 4983 ἀποκρύφῳ,
853 4911 927 4973 ὼς
956 4912 1013 4963 ὲν
1058 4909 1345 4979 μυστηρίῳ
1378 4908 1795 4978 παραδιδόμενα.

1899 4910 2040 4964 dura
2079 4924 2175 4964 seu
2221 4926 2407 4976 saxea,
2460 4912 2760 4980 sculptilia.
2812 4912 3199 4971 Verumtamen
3235 4928 3297 4966 ea
3352 4914 3468 4983 ipsa

219 5029 447 5085 quoque
496 5022 661 5077 opera
714 5005 973 5063 manibus
1037 5000 1268 5057 artiﬁcis
1331 5016 1428 5070 per
1464 5001 1695 5070 ﬁguram
1744 5001 1797 5054 in
1837 5002 2021 5058 abdito
2054 5003 2233 5074 posita
2264 5019 2391 5059 esse
2414 5004 2701 5068 dicuntur,
2726 5003 2772 5059 si
2796 5019 2858 5060 ea
2917 5006 3146 5075 mvstice
3204 5006 3472 5077 quodam-

219 5103 388 5158 modo
422 5098 561 5153 tradi
597 5094 995 5165 intelligamus.

296 5218 623 5272 Exsecratus
655 5217 746 5286 qui
776 5224 939 5268 movet
972 5214 1213 5267 limitem.
1254 5209 1392 5282 [ΓΛ]
1421 5209 1614 5265 Omnis
1654 5212 1746 5280 qui
1788 5211 2025 5280 aliquem
2065 5227 2131 5265 ex
2173 5225 2300 5265 vero
2347 5210 2442 5265 Dei
2492 5211 2666 5275 cultu,
2716 5225 2777 5265 ac
2810 5209 2933 5263 vita:
2968 5211 3181 5263 ratione
3236 5217 3381 5263 recta
3419 5210 3470 5262 in

222 5309 445 5363 diversa
479 5302 764 5358 transfert.
801 5302 904 5369 Qui
930 5302 1062 5355 item
1105 5301 1372 5355 virtutum
1399 5297 1619 5352 modum
1654 5299 1770 5352 sive
1802 5298 1868 5352 ad
1902 5299 2024 5368 plus
2066 5300 2181 5353 sive
2208 5298 2388 5353 minus
2419 5298 2656 5361 excedit,
2698 5312 2762 5351 ac
2804 5296 2868 5350 ad
2904 5297 3095 5350 vitium
3120 5296 3188 5349 ab
3211 5295 3473 5348 alterutra

224 5402 383 5464 parte
419 5392 741 5459 adjunctum
769 5389 988 5443 defecit.
3366 5390 3368 5392 τ

297 5481 628 5536 Exsecratus
652 5480 743 5550 qui
764 5494 959 5533 ciccum
991 5491 1170 5529 errare
1206 5482 1298 5526 aut
1329 5473 1615 5543 impingere
1664 5474 1816 5542 facit.
1857 5471 1995 5545 [18.]
2028 5472 2253 5527 Seducit
2283 5486 2487 5526 caecum
2532 5471 2585 5524 in
2613 5472 2834 5536 itinere,
2867 5469 3044 5523 omnis
3077 5467 3168 5537 qui
3195 5466 3474 5521 ethnicum

302 5658 347 5690 τ’
382 5656 570 5709 Matth.
601 5672 654 5718 v,
685 5655 776 5707 20.
882 5653 927 5683 ⁸ο
962 5649 1119 5705 Joan.
1165 5664 1252 5713 xv,
1294 5647 1379 5701 14.
1479 5646 1520 5678 "
1555 5646 1752 5701 Matth.
1785 5662 1837 5710 ν,
1882 5646 1917 5699 1

1882 5646 1968 5703 14.
2071 5647 2117 5678 ⁹²
2154 5647 2285 5701 ibid.
2330 5647 2416 5702 15.
2511 5647 2557 5677 ⁸³
2591 5644 2824 5699 Zachar.
2878 5658 2955 5705 Ix,
3012 5641 3100 5695 16.
3200 5640 3245 5671 “
3275 5639 3479 5711 Ephcg,

236 5743 292 5791 u,
321 5725 411 5791 ΞΟ,
488 5727 534 5759 ’³
573 5725 814 5791 Philipp.
855 5739 895 5789 ι,
930 5721 1023 5777 Ἢ.
