4090 6508
687 336 793 402 ρω
1978 325 2302 387 PROCOPII

2281 328 2325 387 [1
2366 327 2607 386 ΟΑΖᾸΞΙ
3819 341 3896 404 911

690 460 784 504 aut
816 444 1063 502 Judaeum
1086 440 1178 511 qui
1213 440 1395 494 lumen
1432 438 1682 494 scicntia:
1708 437 1949 493 nondum
1974 436 2201 497 habent,
2232 436 2286 491 in
2316 437 2564 491 haeresim
2602 452 2762 491 secus
2788 439 2932 493 viam
2986 440 3343 510 apostolicam
3396 446 3681 514 pertrahit.
3726 448 3834 507 Sive
3858 458 3897 509 Id

691 547 911 605 quoque
950 524 1388 584 faciat-ﬁdelium
1422 525 1737 594 cuicunque
1770 525 1863 593 qui
1900 523 2268 593 cognitionem
2302 524 2544 579 nondum
2586 526 2901 595 acquisivit.
2940 525 3113 582 l’orro
3163 545 3289 583 vero
3329 531 3617 596 advenam,
3657 537 3895 606 pupillum,

688 634 741 677 et
768 621 985 675 viduam
1020 624 1178 671 vocat
1209 628 1305 669 eos
1355 614 1446 682 qui
1481 613 1765 687 nondum,~
1790 611 1980 666 ﬁdeles
2016 613 2143 666 licet
2167 612 2302 677 sint,
2337 613 2600 666 accedere
2638 622 2819 667 tamen
2875 616 3087 677 volunt,
3131 626 3185 671 et
3225 618 3446 688 spiritui
3482 620 3696 689 quidem
3721 623 3755 678 S
3788 635 3899 682 tame

688 710 807 763 vale
834 706 1054 777 quidem
1094 704 1375 764 dixerunt,
1400 701 1687 756 Christum
1713 715 1843 754 vero
1866 700 2100 753 necdum
2125 699 2437 753 induerunt.
2469 698 2796 769 llujusmodi
2827 713 3010 757 autem
3044 705 3242 759 anima:
3270 706 3448 760 viduae
3475 716 3625 772 sunt,
3648 725 3757 779 quae
3775 728 3896 769 aver.

689 803 822 852 sata:
848 793 1071 863 quidem
1107 790 1316 845 erroris
1345 800 1614 852 satorem,
1644 787 1886 843 nondum
1912 802 2042 840 vero
2066 784 2348 841 Christum
2374 799 2650 841 castarum
2675 789 2948 858 virginum
2989 807 3137 846 more
3168 795 3497 863 amplexata:
3528 808 3675 862 sunt,
3708 817 3896 869 quarum

684 882 950 953 judicium
979 879 1026 933 is
1055 877 1147 948 qui
1179 891 1287 930 non
1321 873 1617 943 legitimam
1663 872 1895 925 tradidit
1928 870 2260 937 doctrinam,
2298 876 2517 928 avertit.

760 991 1081 1046 Exsecratus
1115 988 1283 1059 quivis
1320 986 1474 1039 homo
1502 985 1592 1053 qui
1617 1000 1723 1039 non
1754 992 2025 1053 permanet
2065 984 2119 1037 in
2147 1000 2262 1036 om-
2294 990 2337 1045 Α

2294 990 2337 1045 Α
2453 987 2917 1058 Ἐπικατάρατος
2945 992 3064 1057 πᾶς
3092 992 3404 1063 ἅνθρωπος
3452 997 3521 1063 ὃς
3563 999 3670 1052 οὐκ
3710 1000 3897 1070 ἐμμένει

688 1084 839 1139 uibus
860 1082 1025 1138 verbis
1054 1081 1211 1151 hujus
1243 1080 1392 1150 legis,
1436 1088 1491 1131 ut
1536 1078 1703 1147 faciat
1741 1093 1820 1129 ea.
1868 1074 2007 1148 [27.]
2042 1074 2177 1129 Illud
2213 1077 2264 1129 in

2369 1079 2437 1131 ὲν
2467 1077 2618 1133 πᾶσι
2652 1080 2778 1147 τοῖς
2808 1083 3014 1151 λόγοις
3045 1085 3153 1139 τοῦ
3186 1089 3376 1156 νόμου
3403 1090 3623 1144 τούτου
3645 1091 3743 1145 τοῦ
3766 1097 3896 1160 ποιῇ.

686 1177 953 1240 omnibus,
975 1172 1121 1243 quod
1153 1188 1182 1226 a
1206 1170 1560 1241 Septuaginta
1590 1169 1830 1240 positum
1864 1176 1967 1234 est,
1998 1169 2068 1223 ab
2088 1183 2268 1223 exem-

2368 1186 2470 1222 σαι
2499 1172 2744 1238 αὐτούς.
2781 1174 2875 1242 Τὸ,
2898 1175 2968 1229 ἐν
2989 1175 3162 1245 πᾶσι,
3187 1180 3442 1249 κείμενον
3470 1183 3623 1251 παρὰ
3646 1185 3898 1247 τοῖςἝὸδο-

688 1272 777 1339 plo
826 1266 1154 1322 Samaritico
1200 1266 1579 1319 conﬁrmatur.
1632 1260 1686 1314 In
1724 1275 1833 1330 quo
1868 1259 1929 1311 τὸ
1961 1260 2075 1330 χόλ,
2120 1260 2264 1329 quod

2372 1262 2637 1330 μήκοντα,
2674 1264 2937 1336 κυροῦται
2968 1267 3078 1321 ἀπὸ
3104 1268 3197 1321 τοῦ
3245 1271 3655 1342 Σαμαρειτικοῦ
3687 1276 3896 1346 ἀντιγρά-

688 1368 794 1423 est,
847 1360 902 1411 in
950 1358 1214 1420 omnibus,
1257 1370 1353 1411 seu
1406 1369 1497 1421 per
1540 1351 1738 1416 omnia,
1773 1364 2088 1405 consonans
2140 1365 2263 1403 cum

2370 1369 2490 1419 φου.
2539 1353 2626 1405 Ἐν
2656 1348 2700 1421 ᾧ
2742 1356 2810 1407 τὸ
2869 1358 3005 1424 χόλ,
3058 1360 3194 1431 ὅπερ
3228 1361 3367 1424 ἐστὶ,
3415 1361 3630 1422 πᾶσιν.
3656 1364 3688 1434 ἢ
3714 1365 3896 1433 πάντα,

691 1452 994 1522 apostolico
1028 1463 1044 1501 :
1082 1466 1099 1498 ι
1135 1447 1419 1514 Quotquot
1469 1444 1616 1499 enim
1650 1442 1787 1512 legis
1838 1442 2100 1511 operibus
2133 1449 2263 1497 sunt

2369 1443 2670 1514 φερόμενον
2706 1446 2965 1518 εὕρομεν.
3030 1445 3124 1513 Οἷς
3164 1454 3377 1523 συνᾴδει
3420 1455 3518 1509 καὶ
3541 1457 3570 1507 ὁ
3608 1455 3896 1521 Ἀπόστολος,

690 1540 917 1605 addicti,
950 1536 1317 1595 exsecrationi
1349 1540 1479 1590 sunt
1527 1531 1773 1587 obnoxii.
1814 1549 1833 1581 ι

2370 1535 2568 1601 λέγων.
2607 1557 2625 1588 ι
2660 1538 2818 1591 Ὅσοι
2840 1541 2948 1609 γὰρ
2975 1540 3037 1605 ἐξ
3057 1542 3238 1613 ἔργων
3268 1546 3437 1615 νόμου
3465 1548 3626 1611 εἰσὶν,
3659 1549 3754 1602 ὑπὸ
3772 1555 3901 1603 κατά-

2374 1641 2471 1694 ραν
2496 1627 2654 1682 εἰσίν.
2691 1648 2709 1680 ι
2739 1630 2902 1682 Ὅθεν
2942 1634 2989 1685 εἰ
3022 1634 3087 1685 ὲκ
3133 1639 3444 1706 περιτομῆς
3497 1637 3794 1708 ἐλέγχονται
3824 1641 3902 1692 ὑπὸ

2372 1717 2615 1788 κατάραν
2636 1718 2809 1783 ὄντες,
2841 1722 2901 1774 τὸ
2934 1723 3007 1793 μὴ
3044 1724 3221 1778 πάντα
3258 1729 3456 1780 ποιεῖν.

763 1826 1037 1896 Scriptum
1068 1831 1153 1879 est
1181 1825 1325 1878 enim
1363 1839 1376 1874 :
1415 1840 1434 1872 ι
1473 1820 1810 1876 Evsceratus
1836 1820 2016 1875 omnis
2050 1822 2141 1891 qui
2176 1839 2282 1876 non
2314 1838 2596 1895 permanet
2626 1831 2680 1884 in
2712 1836 2970 1891 omnibus
3012 1854 3133 1907 quae
3170 1838 3223 1893 in
3257 1839 3361 1896 hoc
3392 1841 3535 1896 libro
3566 1842 3698 1914 legis
3725 1855 3901 1901 exstant

690 1915 907 1978 litteris,
938 1926 994 1967 ut
1022 1919 1241 1982 praestet
1280 1926 1340 1964 ea
1369 1910 1436 1962 ⁸⁸.
1476 1929 1493 1959 ι

759 1999 1074 2056 Benedictus
1111 2007 1167 2051 tu
1199 1999 1251 2051 in
1284 1998 1495 2084 urbe,“
1521 1996 1817 2049 benedictus
1844 1997 1896 2049 in
1925 2013 2072 2067 agro.
2096 1996 2354 2069 [ΧΧνιιι.
2382 2002 2458 2075 5.]
2488 2003 2540 2058 In
2574 2005 2847 2075 Ecclesia,
2878 2011 2969 2064 ubi
3004 2013 3096 2082 qui
3129 2015 3259 2084 agit,
3280 2015 3413 2070 serit
3436 2025 3492 2072 et
3527 2018 3681 2073 metit
3708 2019 3902 2074 fructum

691 2091 745 2144 in
772 2092 935 2144 vitam
962 2097 1250 2142 aeternam.
1295 2082 1510 2138 Fcturae
1542 2099 1674 2138 vero
1709 2085 1850 2139 uteri
1878 2085 1981 2155 piae
2007 2085 2374 2156 cogitationes
2411 2100 2559 2146 sunt.
2594 2094 2736 2149 Dicit
2767 2098 2912 2151 enim
2943 2099 3112 2157 Isaias
3148 2082 3187 2157 εί
3208 2122 3225 2154 ι
3262 2105 3365 2159 Per
3405 2114 3615 2160 metum
3642 2115 3800 2171 tuum,
3824 2110 3902 2161 Du-

690 2181 858 2243 tnine,
899 2178 952 2231 in
980 2184 1169 2230 ventre
1193 2172 1567 2242 concepimus,
1603 2171 1823 2227 dolores
1856 2174 2204 2243 pertulimus,
2237 2185 2290 2252 et
2328 2182 2747 2250 parturivimus,
2808 2187 3063 2256 spiritum
3119 2190 3317 2247 salutis
3360 2201 3470 2248 tuae
3529 2194 3747 2250 fecimus
3775 2213 3904 2266 super

690 2275 833 2321 terra
863 2265 931 2318 ⁸⁷.
971 2283 989 2316 ι
1020 2263 1182 2317 Iidem
1213 2276 1343 2315 vero
1369 2268 1532 2313 terra:
1570 2274 1791 2329 quoque
1822 2270 2005 2331 partes
2036 2257 2185 2331 sunt,
2211 2266 2365 2337 juxta
2393 2270 2527 2324 illud
2566 2288 2580 2325 :
2621 2290 2636 2322 ι
2669 2271 2847 2328 Exivit
2871 2284 3021 2329 sator
3053 2278 3119 2332 ad
3147 2282 3469 2346 serendum,
3510 2290 3566 2337 et
3597 2283 3700 2338 alia
3724 2257 3899 2355 quidem

690 2354 1008 2410 εεθίδθνυηί
1032 2364 1192 2405 sec“
1220 2350 1389 2412 "iam,
1424 2348 1530 2403 alia
1566 2363 1733 2419 διιρετ
1767 2361 1976 2418 senleS,
2004 2354 2110 2408 alia
2143 2371 2270 2410 vero
2296 2372 2459 2428 super
2488 2369 2723 2428 petram,
2766 2362 2871 2415 alia
2902 2379 3034 2420 vero
3058 2380 3226 2437 super
3254 2377 3457 2424 terram
3495 2373 3710 2437 bonam,
3738 2348 3785 2428 et
3807 2376 3900 2430 red-

690 2442 829 2497 didit
869 2439 1136 2503 l'ructum,
1173 2437 1320 2490 aliud
1360 2437 1579 2505 quidem
1626 2437 2014 2507 trigecuplum,
2044 2441 2191 2495 aliud
2218 2447 2731 2517 septuagecuplum,
2766 2450 2913 2504 aliud
2961 2456 3286 2521 centuplum
3316 2457 3382 2510 ⁸⁸.
3428 2477 3447 2509 ι

761 2527 1012 2583 Armenta
1044 2523 1198 2577 boum
1226 2532 1274 2576 et
1300 2538 1478 2593 greges
1513 2523 1705 2576 ovium.
1737 2522 1839 2596 [4.]
1873 2524 2073 2580 Munda
2128 2531 2329 2586 etenim
2379 2548 2503 2589 esse
2532 2535 2736 2591 debent
2766 2554 2887 2609 quae
2936 2540 3002 2595 ad
3031 2543 3201 2598 altare
3236 2544 3616 2614 adducuntur,
3647 2548 3712 2604 de
3740 2550 3899 2620 quibus

694 2628 1071 2684 srepenumero
1099 2613 1363 2666 diximus.

764 2746 968 2801 Horren
990 2756 1081 2799 tua
1113 2753 1163 2799 et
1189 2745 1425 2813 reliquid:
1456 2754 1579 2800 tute.
1604 2744 1707 2819 [5.]
1739 2749 1946 2804 Horrea
1970 2760 2129 2807 vocat
2160 2770 2265 2809 non
2302 2745 2344 2804 Β

2302 2745 2344 2804 Β
2438 2766 2504 2819 [sl
2530 2766 2837 2839 ἀποθῆκαὶ
2852 2790 2990 2839 σου,
3024 2776 3123 2830 καὶ
3158 2776 3232 2831 τὰ
3258 2778 3762 2850 ἐγκαταλείμματά
3794 2799 3897 2836 σου.

692 2853 756 2895 ea
780 2838 872 2893 ubi
907 2837 1054 2893 tinea
1083 2838 1251 2901 rodit,
1286 2850 1465 2907 neque
1491 2854 1613 2908 qua:
1637 2838 1789 2896 fures
1835 2842 2151 2912 perfodiunt
2196 2848 2264 2915 ⁸³,

2384 2857 2695 2931 Ἀποθήκας
2717 2837 2925 2932 -φησὶν,
2978 2837 3079 2920 οὐκ
3134 2868 3260 2922 ἔνθα
3291 2837 3393 2942 σὴς
3431 2837 3702 2939 ἀφανσίξει,
3732 2873 3822 2926 οὐδ’
3851 2873 3898 2935 ἃς

691 2944 883 2985 verum
920 2944 984 2985 ea
1015 2944 1136 2999 qum
1172 2929 1329 2983 nobis
1359 2929 1621 2984 viaticum
1653 2933 1895 3000 praebent
1938 2936 2004 2989 ad
2036 2953 2264 3006 regnum

2373 2929 2602 3004 κλέπται
2629 2929 3022 3025 διορυειτουσιν.
3053 2960 3189 3014 ἀλλὰ
3221 2962 3319 3024 τὰς
3344 2929 3666 3032 απαέούσας
3693 2929 3820 3036 ipsi;
3841 2929 3900 3026 Eii

691 3023 981 3079 ctelorum.
1022 3020 1291 3090 Reliquiae
1329 3036 1482 3082 vero,
1530 3020 1712 3075 futura
1743 3030 1798 3078 et
1831 3025 2149 3081 novissima.
2186 3027 2264 3082 lta

2371 3040 2470 3112 τὴν
2502 3020 2780 3111 βασιλείαν
2811 3049 2921 3101 τῶν
2949 3051 3195 3120 οὐρανῶν
3216 3068 3229 3082 ⁸
3254 3020 3739 3126 ἑξκαταᾷείμματα
3763 3020 3827 3120 δέ,
3848 3020 3898 3108 τά

690 3114 836 3171 enim
863 3122 1233 3183 exposuerunt
1263 3111 1457 3179 reliqui
1488 3113 1540 3166 in
1572 3112 1677 3168 hoc
1703 3113 1855 3171 dicto
1893 3132 1907 3167 :
1946 3134 1964 3167 ι
1994 3115 2263 3188 Reliquiae

2377 3111 2639 3199 μέλλοντα
2674 3137 2769 3188 καὶ
2821 3138 2889 3191 τὰ
2924 3111 3153 3209 Eax-asa.
3203 3161 3222 3193 ι
3257 3111 3414 3197 θ’ὓτω
3465 3111 3574 3216 γὰο
3602 3111 3839 3210 ἐξέδωκαν
3863 3148 3898 3195 οἱ

692 3204 987 3275 impiorum
1020 3202 1494 3268 exscindeutur”,
1526 3222 1543 3255 ι
1569 3204 1712 3273 quod
1745 3206 1956 3275 psalmo
1988 3209 2267 3265 tricesimo

2373 3219 2570 3287 λοιποὶ,
2600 3226 2656 3278 ὲν
2686 3226 2787 3297 τῷ,
2817 3229 2884 3282 τὰ
2915 3202 3409 3303 ὲγὲαταλείμματα
3594 3202 3787 3290 ἀσεϐῶν
3808 3236 3895 3301 ἑξο-

691 3306 847 3354 sexto
875 3297 1128 3351 habetur.

2377 3312 2851 3386 λοθρευθήσονται,
2898 3340 2915 3373 ι
2960 3323 3015 3375 ὲν
3051 3322 3138 3388 λς’
3160 3297 3362 3397 ψαὶίμῷ
3388 3326 3698 3398 λεγόμενον.

766 3416 904 3473 Cum
940 3414 1227 3511 ingrederis
1253 3425 1303 3468 et
1354 3413 1640 3511 egrederis.
1680 3415 1784 3511 [9].
1834 3417 1971 3473 Cum
2024 3420 2127 3511 hoc
2177 3419 2345 3479 David
2391 3444 2608 3500 quoque
2669 3435 2939 3502 concinit,
2977 3438 3276 3511 inquiens:
3344 3461 3362 3495 ι
3404 3442 3672 3499 Dominus
3700 3444 3897 3499 tuebitur

697 3507 902 3562 exitum
936 3514 1087 3558 tuum
1119 3510 1173 3557 et
1208 3502 1496 3557 introitum
1528 3504 1600 3557 θί.
1636 3524 1655 3556 ι
1692 3505 1922 3575 Oportet
1956 3508 2104 3561 enim
2140 3510 2187 3564 ei
2214 3512 2305 3581 qui

2281 3512 2305 3565 :i
2340 3515 2408 3567 ab
2447 3516 2728 3585 impietate
2766 3523 2993 3591 recedit,
3042 3502 3206 3581 manu
3250 3529 3316 3583 ad
3360 3531 3617 3602 pietatem
3662 3530 3755 3586 iter
3794 3546 3896 3600 pre-

696 3598 845 3650 bere.
876 3593 1048 3647 Porro
1080 3600 1136 3647 et
1164 3590 1324 3646 nobis
1354 3599 1544 3646 contra
1573 3593 1665 3648 Dei
1701 3590 1889 3649 hostes
1920 3598 1974 3649 in
2018 3596 2219 3653 bellum
2259 3608 2344 3655 est
2377 3604 2794 3673 egrediendum.
2820 3610 2926 3666 Per
2965 3613 3254 3670 introitum
3294 3590 3423 3671 vero
3460 3618 3646 3675 licebit
3675 3590 3894 3689 intelligas

695 3686 1011 3738 accuratam
1046 3679 1378 3778 cognitionis
1409 3681 1740 3778 custodiam.
1778 3681 1882 3739 Per
1907 3684 2112 3739 exitum
2138 3695 2344 3755 autem,
2368 3706 2487 3745 eam
2514 3697 2886 3765 egressionem
2913 3717 3023 3773 qua
3048 3705 3232 3759 omnis
3255 3707 3482 3761 solertia
3515 3679 3895 3778 relinquitur:rt

693 3782 823 3838 erga
854 3765 1101 3820 infirmos
1123 3763 1177 3818 tit
1206 3763 1489 3821 demissio.
1522 3766 1733 3833 Quibus
1761 3770 2085 3843 subjungit:
2118 3791 2135 3825 ι
2182 3772 2249 3827 Ει
2278 3776 2454 3831 tradet
2489 3763 2749 3839 Dominus
2782 3763 3087 3845 Deus-tuus
3115 3789 3373 3847 inimicos
3407 3802 3536 3850 tuos
3584 3763 3681 3865 qui
3722 3763 3894 3849 restite-

698 3865 826 3910 runt
860 3854 985 3919 tibi,
1019 3852 1341 3909 confractos
1372 3853 1429 3952 in
1461 3865 1816 3925 conspectum
1848 3867 2027 3927 tuum,
2072 3881 2089 3913 ι
2120 3861 2275 3932 juxta
2306 3864 2439 3921 illud
2466 3866 2715 3939 Apostoli
2750 3891 2762 3926 :
2811 3893 2829 3926 ι
2869 3874 2934 3929 Ει
2979 3876 3157 3933 tradet
3190 3878 3455 3937 Dominus
3493 3852 3743 3938 Satanam
3772 3882 3893 3952 pcdi-

700 3942 800 3996 bus
828 3941 1029 3996 nostris
1070 3940 1504 3996 conculcandum
1531 3942 1717 3998 subito
1743 3944 1809 3997 θ’.
1848 3964 1866 3997 ι

765 4058 868 4113 Per
904 4074 1067 4112 unum
1114 4058 1212 4113 iter
1249 4059 1601 4129 egrediantur,
1657 4073 1707 4117 et
1740 4074 1934 4132 septem
1986 4066 2265 4123 itineribus
2295 4085 2338 4144 ο

2295 4085 2338 4144 C
2455 4072 2603 4139 ’0δῷ
2624 4076 2733 4145 μιᾷ
2776 4077 3162 4144 ἐξελεύσεται
3210 4084 3362 4152 πρὸς
3412 4085 3512 4151 σὲ,
3558 4086 3649 4139 καὶ
3693 4085 3753 4139 ἐν
3780 4082 3892 4137 ἑπτὰ

694 4151 971 4221 diffugient
1004 4166 1031 4203 e
1082 4160 1360 4219 conspecto
1418 4161 1527 4207 tuo.
1575 4153 1678 4226 [7.]
1730 4154 2063 4211 Sceleratam
2105 4158 2273 4231 458

2380 4164 2543 4233 ὁδοῖς
2557 4169 2839 4237 φεύξεται
2868 4174 2987 4227 ἀπὸ
3015 4151 3343 4243 προσώάου
3372 4194 3512 4233 σου.
3545 4179 3651 4247 Τὴν
3678 4176 3799 4229 κατὰ
3824 4172 3891 4226 σοῦ

697 4244 843 4299 enim
874 4241 1335 4311 conjurationem,
1368 4246 1763 4317 pactionesque
1785 4258 1983 4303 contra
2020 4259 2073 4306 te
2101 4254 2272 4309 scitas

2379 4259 2875 4333 γινομένηνοαύτῶν
2892 4241 3067 4339 κακὴν
3096 4269 3437 4339 συμφωνίαν,
3458 4271 3554 4324 καὶ
3575 4241 3667 4340 τὴν
3679 4268 3891 4334 διαθήκην

695 4336 988 4406 dissipabit
1039 4334 1322 4401 Dominus,
1350 4336 1506 4405 juxta
1540 4337 1676 4391 illud
1710 4354 1723 4390 :
1766 4357 1784 4390 ι
1830 4339 2046 4413 Dissipa
2080 4354 2270 4414 gentes

2378 4350 2579 4414 αὐτῶν,
2612 4351 2679 4422 ἥν
2708 4356 2849 4407 κατὰ
2877 4357 2971 4410 σοῦ
3018 4334 3078 4411 ἐν
3110 4334 3337 4430 ὁμονοίᾳ
3370 4334 3888 4424 διέθεντοξδιασκεδά-

697 4444 929 4500 quarum
958 4428 1178 4483 animus
1218 4428 1271 4482 in
1306 4428 1464 4484 bellis
1492 4441 1576 4483 est
1604 4431 1670 4483 ".
1717 4448 1737 4481 ι

2382 4455 2464 4493 σει
2506 4440 2731 4512 Κύριος,
2787 4447 2931 4500 καθά
2976 4428 3153 4520 φησιν
3198 4452 3226 4503 ὁ
3255 4428 3452 4505 Δαϐίδο
3501 4471 3521 4503 ι
3558 4448 3888 4517 Διασκόρπισον

2384 4528 2608 4601 ἐθνη’τὰ
2632 4534 2761 4599 τοὺς
2789 4537 3060 4608 πολέμους
3093 4540 3338 4595 θέλοντα.
3384 4561 3404 4594 ι

775 4644 841 4700 Et
861 4645 917 4698 in
951 4644 1330 4714 promptuariis
1368 4644 1489 4705 tuis,
1525 4654 1572 4697 et
1607 4644 1926 4701 inomnibus
1955 4648 2023 4701 ad
2047 4667 2163 4720 qua‘
2194 4669 2409 4708 manum
2438 4656 2725 4716 admolitus
2758 4663 2945 4732 fueris.
2979 4665 3081 4738 [8.]
3107 4666 3163 4721 Si
3226 4668 3375 4723 enim
3424 4666 3671 4722 mandata
3698 4663 3775 4717 Dei
3812 4673 3884 4727 pro

698 4733 844 4788 virili
868 4732 1369 4793 observaverimus,
1402 4730 1650 4787 felicitati
1685 4736 2162 4791 consecrabuntur
2188 4750 2295 4794 tam
2326 4745 2558 4800 occultae
2589 4730 2955 4820 cogitationes
2980 4730 3150 4824 quam
3185 4756 3493 4810 manifestae
3527 4756 3766 4811 actiones,
3790 4762 3880 4801 cum

701 4836 765 4877 ea
794 4834 915 4890 quat
945 4819 1351 4885 diminuuntur,
1386 4827 1500 4873 tum
1524 4834 1584 4873 ea
1614 4836 1735 4890 quae
1771 4821 1837 4875 ad
1869 4823 2267 4881 incrementum
2301 4831 2550 4887 tendunt.
2581 4819 2752 4892 David
2776 4842 2975 4894 etenim
3006 4819 3174 4896 dicit:
3209 4860 3227 4894 ι
3263 4843 3338 4897 Ex
3364 4844 3591 4898 secretis
3616 4840 3736 4895 meis
3753 4846 3878 4906 puria

702 4921 787 4962 me
809 4905 879 4960 ".
910 4924 929 4958 ι
966 4904 1224 4961 Servator
1249 4907 1378 4959 item
1419 4924 1433 4960 :
1476 4925 1495 4958 ι
1530 4906 1680 4961 Citra
1725 4924 1809 4963 me
1838 4910 2048 4965 etlicere
2086 4914 2217 4967 nihil
2252 4920 2480 4985 potestis
2511 4921 2580 4975 ".
2612 4941 2631 4974 ι

772 4991 1040 5046 Excitabit
1075 5002 1121 5046 te
1150 4992 1253 5046 sibi
1278 4992 1536 5048 Dominus
1569 4996 1821 5063 populant
1878 5010 2141 5064 sanctum,
2177 5006 2619 5073 quemadmodum
2659 5010 2864 5080 juravit
2909 5014 3148 5081 patribus
3196 5013 3322 5068 tuis.
3388 5014 3491 5087 [9.]
3522 5015 3746 5085 Ipsorum
3770 5006 3873 5062 enim

706 5080 930 5151 adoptio
962 5087 1068 5145 est,
1100 5088 1154 5133 et
1185 5088 1598 5143 testamentum,
1632 5092 1683 5135 ct
1720 5084 1926 5152 cultus,
1958 5103 2023 5141 ex
2058 5090 2260 5159 quibus
2301 5091 2556 5153 Christus
2592 5102 2891 5156 secundum
2939 5116 3163 5157 carnem
3211 5111 3374 5159 natus
3389 5080 3521 5157 cst.
3545 5080 3680 5172 ipsis
3712 5104 3878 5166 ψιοίιηθ

703 5168 882 5239 primo
904 5167 996 5222 Dei
1023 5168 1249 5222 verbum
1292 5169 1722 5222 renuntiandum
1772 5182 1911 5226 erat.
1973 5171 2032 5227 Id
2069 5178 2246 5245 ipsum
2297 5195 2427 5237 vero
2468 5198 2592 5238 cum
2646 5197 2991 5254 respuerent,
3038 5187 3275 5245 felicitas
3311 5191 3493 5245 omnis
3545 5167 3608 5243 ad
3637 5192 3796 5257 gentes
3817 5184 3875 5230 est

702 5255 993 5318 translata,
1023 5264 1079 5308 ut
1105 5254 1306 5310 Christi
1343 5254 1523 5308 verbis
1557 5263 1706 5324 patet
1739 5274 1753 5311 :
1792 5276 1811 5308 ι
1844 5258 2086 5317 Profecti
2114 5264 2312 5322 docete
2344 5283 2536 5328 omnes
2559 5282 2751 5342 gentes
2779 5273 2846 5327 ⁸⁸.
2889 5293 2907 5326 ι
2944 5275 3337 5346 Apostolorum
3372 5276 3524 5340 item,
3571 5254 3658 5346 qui
3694 5270 3872 5324 dicunt:

704 5359 724 5394 ι
756 5340 839 5398 Ad
873 5351 1061 5412 gentes
1087 5341 1458 5397 convertimur
1476 5341 1543 5394 ’⁷.
1574 5360 1591 5392 ι
1620 5342 1768 5407 Quas
1803 5356 1856 5400 et
1882 5360 2096 5417 gentem
2121 5360 2390 5414 sanctam.
2416 5340 2598 5425 regale
2622 5340 3015 5425 sacerdotium;
3051 5340 3311 5432 populum
3335 5340 3659 5433 acquisitum
3683 5359 3809 5412 vom!
3827 5347 3872 5396 ’⁸-

701 5429 834 5487 l‘ost
858 5430 1101 5487 reditum
1134 5444 1267 5484 vero
1297 5429 1439 5484 idem
1481 5438 1869 5489 testamentum
1899 5451 2040 5505 cum
2080 5439 2308 5497 Domino
2342 5444 2587 5499 condere
2634 5429 3139 5521 subscriptionibus
3170 5466 3233 5507 ac
3278 5429 3451 5522 signis
3480 5448 3705 5507 omnium
3734 5449 3851 5497 sacer

785 5611 831 5690 1‘
860 5610 1037 5690 Calat.
1063 5627 1145 5690 tu:
1178 5613 1392 5690 102}:
1419 5614 1525 5668 lsa.
1558 5616 1819 5690 XX\'|,A'!7,
1856 5616 1959 5690 18._
1994 5619 2064 5690 ‘5‘
2090 5617 2282 5675 Matth.
2325 5638 2398 5675 xu

2251 5639 2282 5675 ι.
2325 5638 2445 5685 χιιι,
2474 5624 2593 5677 5-8.
2697 5626 2743 5656 ⁸⁸
2768 5625 2958 5680 Matth.
3001 5643 3076 5690 vt,
3132 5627 3223 5682 20.
3328 5630 3373 5661 "
3402 5629 3541 5683 l’sal.
3588 5637 3760 5690 xxx".
3805 5612 3866 5690 ⁵8·

706 5682 749 5713 ”
781 5681 1193 5765 Psal.mcxx,n§._
1277 5685 1321 5716 θ’
1359 5683 1540 5765 Rom.“
1556 5681 1839 5765 “530:;
1918 5687 1963 5718 9’
1994 5686 2137 5765 Psal.
2174 5708 2319 5747 uvu

2251 5708 2341 5757 vit,
2378 5681 2465 5747 δύ.
2546 5694 2589 5726 ⁹⁸
2617 5693 2766 5753 Psal.
2801 5711 2958 5763 xvm,
3001 5681 3087 5751 η’.
3165 5681 3520 5765 ’⁸7ιῑοίιιιζέν,
3544 5702 3593 5754 5.
3658 5695 3697 5727 ’⁸
3724 5688 3866 5743 Matth.

703 5765 901 5817 xxvm,
923 5752 1012 5806 20.
1089 5756 1134 5785 ⁸⁷
1166 5754 1288 5809 Act.
1320 5770 1440 5821 xm,
1474 5753 1563 5810 46.
1677 5754 1721 5785 ’⁸
1754 5755 1772 5809 1
1802 5754 1947 5811 Petr.
1976 5774 2035 5823 ιι,
2066 5759 2118 5811 9.
