4090 6512
186 435 309 498 945
1110 429 1649 490 COMMENTARII
1689 428 1770 487 1N
1810 426 2509 488 DEUTERONOMIUM.
3357 432 3461 498 94.3

185 541 410 601 dctum,
446 537 780 604 Levitarum,
817 544 867 593 et
907 537 1222 607 principum
1258 537 1311 590 in
1338 535 1585 591 secundo
1615 536 1756 590 libro
1780 537 1952 604 eUpit.
1974 534 2325 604 Quapropter
2365 535 2671 590 etiamnum
2710 541 2830 593 toto
2853 545 3076 606 pectore
3107 536 3212 609 legi
3244 538 3461 595 incum-

185 631 332 683 bunt
364 638 511 682 metu
542 626 1002 696 transgressionis
1032 625 1231 680 adacti.
1258 625 1399 678 Nam
1433 626 1690 695 ignorant
1741 622 1891 694 quod
1927 622 2187 677 Christus
2230 637 2329 693 pro
2375 622 2539 679 nobis
2569 625 3006 680 exsecrationem
3036 626 3257 690 subivit,
3297 642 3362 683 ac
3396 630 3464 683 ab

182 718 573 773 exsecratione
599 716 733 785 legis
770 731 873 768 nos
907 714 1183 769 liberavit.
1227 712 1525 783 Postquam
1558 713 1730 783 igitur
1767 713 1882 780 ipse
1909 726 2016 766 nos
2051 711 2231 764 omnis
2286 711 2505 779 generis
2555 710 2816 768 felicitate
2857 713 3134 783 spirituali
3166 714 3382 780 ditavit,
3411 728 3466 770 et

182 804 257 858 ab
292 803 681 858 exsecratione
712 801 995 866 liberavit,
1027 801 1092 856 de
1127 800 1615 856 benedictionibus
1636 798 1863 870 quidem
1910 797 2084 852 illud:
2126 817 2144 850 ι
2184 797 2326 864 Fiat,
2362 798 2476 863 ﬁat,
2515 817 2532 849 ι
2562 797 2783 854 dicitur.
2847 799 2922 854 De
2978 802 3463 861 maledictionibus

184 906 322 945 vero
354 905 728 959 nequaquam.
768 887 890 942 Non
922 889 1067 943 enim
1098 888 1277 942 factus
1315 897 1403 943 est
1436 890 1625 953 etiam,
1682 902 1815 951 non,
1852 885 2320 955 quemadmodum
2371 886 2438 940 ad
2489 886 2805 942 Corinthios
2860 888 3068 943 dictum
3107 907 3122 943 :
3173 909 3192 942 ι
3238 890 3462 958 Verum,

181 980 357 1033 etiam
408 978 462 1031 iu
514 995 580 1032 eo
629 976 781 1042 fuit;
820 992 1013 1031 omnes
1051 976 1197 1031 enim
1240 975 1331 1031 Dei
1373 975 1770 1046 promissioues
1822 974 1875 1028 in
1920 975 2041 1045 ipso
2103 975 2269 1028 etiam
2330 983 2461 1029 sunt
2504 992 2516 1027 :
2555 990 2726 1045 quare
2776 985 3002 1046 propter
3033 977 3215 1049 ipsum
3246 995 3465 1052 quoque

186 1070 368 1122 Amen
411 1069 475 1121 θ’.
523 1086 543 1118 ι

270 1159 525 1223 Ἁνοιξαι
556 1176 656 1214 σοι
694 1159 912 1227 Κύριος
948 1158 1056 1212 τὸν
1092 1157 1402 1226 θησαυρὸν
1450 1156 1638 1211 αὐτοῦ
1672 1156 1769 1210 τὸν

1954 1157 2167 1222 Aperiat
2187 1156 2281 1209 tibi
2295 1154 2867 1210 Dominusthexaurum
2888 1173 3041 1210 suum
3060 1160 3465 1227 bonum,uempe

180 1251 437 1321 ἀγαθὸν,
470 1252 577 1305 τὸν
630 1251 910 1320 οὐρανὸν,
968 1248 1181 1304 δοῦναι
1218 1250 1325 1303 τὸν
1354 1250 1533 1304 ὑετὸν
1584 1247 1659 1318 τῇ
1697 1249 1774 1318 τῇ

183 1359 328 1398 σου.
368 1343 477 1395 Καὶ
506 1341 586 1403 τίς
611 1343 757 1393 ἐστιν
794 1337 949 1405 οὗτος
995 1340 1045 1412 [ὁ
1078 1340 1285 1408 ἀγαθὸς
1321 1340 1594 1411 Θησαυρύς
1623 1340 1665 1412 ς]
1698 1335 1774 1393 Ἦ

185 1428 386 1507 παρ“ᾧ
419 1435 556 1487 εἰσιν
603 1435 652 1487 oi
698 1433 959 1505 θησαυροὶ
996 1434 1094 1502 τῆς
1133 1432 1326 1502 σοφίας
1362 1434 1458 1487 καὶ
1500 1434 1603 1503 τῆς
1631 1434 1773 1502 γνώ-

186 1544 332 1589 σεως
362 1527 694 1595 ἀπόκρυφοι.
730 1525 902 1589 Αὐτὸς
931 1524 1041 1595 γὰρ
1066 1526 1160 1579 καὶ
1192 1529 1312 1589 ταῖς
1348 1525 1599 1593 νεφέλαις
1622 1526 1773 1578 ἐντε-

183 1619 384 1683 λεῖται,
434 1619 600 1689 ἤγουν
650 1620 761 1680 τοῖς
805 1619 1115 1689 προφήταις
1144 1619 1329 1671 δοῦναι
1376 1618 1468 1671 τὸν
1502 1618 1657 1671 ύετδν
1684 1618 1775 1672 τὸν

182 1712 461 1780 οὐράνιον.
497 1727 517 1761 ι
550 1708 722 1770 Αὐτὸς
751 1707 860 1779 γὰρ
889 1707 1049 1761 δώσει
1080 1708 1447 1780 χρηστότητα.
1492 1710 1602 1762 Καὶ
1635 1709 1666 1777 ἡ
1698 1707 1772 1777 γῆ

184 1800 345 1871 ἡμῶν
375 1799 539 1852 δώσει
588 1799 678 1852 τὸν
727 1798 942 1869 καρπὸν
998 1799 1189 1868 αὐτῆς.
1221 1817 1238 1849 ι
1295 1799 1503 1861 Δανιεῖς
1557 1796 1773 1860 πολλοῖς

184 1893 367 1945 ἔθνεσι
396 1892 457 1944 τὸ
480 1890 944 1960 δεδοκιμασμένον
980 1890 1264 1962 ἀργύριον,
1294 1891 1359 1943 σὺ
1389 1889 1446 1942 δὲ
1484 1889 1545 1941 ού
1590 1889 1765 1961 δανιῇ.

184 1984 260 2037 οὐ
294 1984 402 2052 γὰρ
430 1984 559 2051 παρ’
590 1983 778 2044 αὐτοῖς
805 1984 1092 2053 ἐπιστήμη
1118 1983 1216 2036 καὶ
1246 1981 1494 2044 σύνεσις.

257 2076 367 2130 Καὶ
392 2076 596 2144 ἄρξεις
621 2074 704 2129 σὺ
723 2075 917 2132 ἐθνῶν
945 2074 1213 2130 πολλῶν.
1247 2076 1476 2146 Εἴρηται
1509 2076 1612 2145 μὲν
1635 2074 1769 2145 πρὸς

182 2169 313 2233 τοὺς
336 2170 487 2232 υἱοὺς
548 2169 798 2240 Ἰσραὴλ,
841 2168 1105 2239 ἁρμόττει
1151 2169 1207 2222 δὲ
1240 2168 1446 2239 κυρίως
1488 2172 1601 2230 τοῖς
1628 2169 1769 2236 Χρι-

186 2261 313 2315 στοῦ
351 2261 658 2331 μαθηταῖςο
708 2262 784 2324 ὠς
832 2262 911 2332 (1)
945 2262 1130 2330 λέγειν
1171 2261 1391 2326 αὐτοὺς,
1434 2280 1452 2311 ι
1481 2261 1578 2315 Διὰ
1610 2258 1770 2313 τοῦτο

183 2352 422 2417 ὑπέταξε
475 2353 639 2417 λαοὺς
690 2354 863 2425 ἡμῖν,
921 2354 1018 2408 καὶ
1066 2352 1193 2423 ἔθνη
1256 2352 1361 2406 ὑπὸ
1417 2353 1547 2415 τοὺς
1602 2352 1770 2415 πόδας

184 2445 365 2516 ἡμῶν.
410 2464 431 2497 ι

1878 1246 2086 1310 calum,
2107 1258 2160 1305 ut
2184 1248 2269 1300 det
2286 1248 2521 1317 pluviam
2540 1257 2693 1301 terra:
2707 1256 2831 1302 tum.
2854 1246 3236 1320 [XXVlll,-12.]
3258 1248 3462 1320 Ecquis

1878 1356 2006 1394 vero
2040 1340 2336 1394 thesaurus
2367 1339 2457 1394 ille
2509 1339 2690 1395 bonus
2742 1339 2870 1395 est?
2897 1339 3170 1397 Nimirum
3212 1342 3259 1396 is
3311 1341 3457 1411 apud

1877 1445 2038 1501 quem
2084 1445 2276 1484 omnes
2333 1429 2579 1484 thesauri
2642 1427 2889 1483 scientia:
2944 1435 3074 1482 sunt
3110 1427 3455 1483 reconditi‘.

1875 1522 1995 1592 Ipse
2022 1523 2223 1577 etenim
2257 1522 2539 1592 prophetis
2565 1535 2787 1591 quoque
2809 1518 2925 1575 suis
2956 1518 3196 1573 nubibus
3231 1516 3459 1572 manda-

1875 1616 1980 1681 bit,
2011 1624 2072 1669 ut
2103 1616 2345 1685 pluviam
2383 1614 2517 1669 dent
2567 1614 2873 1668 caelestem.
2919 1630 2939 1664 ι
2982 1610 3105 1682 Ipse
3134 1609 3281 1666 enim
3308 1608 3461 1664 dabit

1876 1709 2201 1773 bonitatem,
2235 1718 2289 1762 et
2312 1716 2459 1762 terra
2483 1712 2672 1761 nostra
2695 1706 2886 1762 reddet
2912 1703 3154 1761 fructum
3181 1718 3343 1759 suum
3377 1704 3453 1755 ⁸.»

1873 1799 2169 1855 Probatum
2198 1801 2396 1854 divinas
2427 1797 2766 1869 cognitionis
2790 1802 3074 1868 argentum
3107 1811 3120 1846 :
3154 1811 3173 1846 ι
3213 1792 3296 1847 Τιι
3324 1807 3458 1847 vero

1874 1893 2010 1948 nihil
2040 1902 2233 1947 mutuo
2285 1892 2546 1962 accipies.
2609 1910 2627 1943 ι
2661 1890 2820 1962 Apud
2847 1906 2941 1946 eos
2987 1889 3133 1945 enim
3183 1888 3337 1942 nulla
3374 1896 3458 1942 est

1876 1986 2106 2041 scientia
2146 2000 2246 2040 nec
2285 1983 2673 2054 intelligentia.

1946 2076 2233 2145 Imperabit
2258 2074 2496 2147 gentibus
2528 2075 2729 2130 multis.
2775 2072 3006 2144 Proprie
3038 2071 3243 2129 Christi
3281 2070 3456 2126 disci-

1874 2172 2017 2242 pulis
2056 2169 2311 2240 quadrat.
2345 2169 2500 2240 Ipsos
2556 2168 2701 2223 enim
2752 2167 2925 2222 totius
2979 2176 3137 2220 terra:
3170 2162 3451 2234 principes

1872 2263 2158 2320 constituit
2201 2260 2352 2328 :Qui
2393 2276 2527 2317 sane
2566 2260 2863 2330 inquiunt:
2908 2277 2926 2310 ‹
2954 2256 3255 2328 Subjecisti
3284 2269 3428 2326 popu

1873 2357 1957 2412 los
1986 2364 2040 2412 et
2070 2354 2323 2411 nationes
2350 2352 2581 2424 pedibus
2610 2351 2818 2407 nostris
2845 2350 2886 2403 ³.
2927 2368 2944 2401 ι

254 2543 418 2597 Ροηει
461 2551 507 2595 te
553 2541 805 2597 Dominus
834 2542 974 2596 Deus
1007 2554 1126 2596 tuus
1161 2542 1216 2596 in
1251 2550 1434 2612 caput,
1464 2558 1567 2595 non
1588 2541 1642 2594 in
1669 2539 1915 2594 caudam.
1944 2537 2083 2611 [13.]
2112 2535 2313 2592 Verum
2341 2550 2447 2590 non
2479 2548 2673 2588 omnes
2706 2533 2808 2587 hac
2840 2531 3021 2586 fausta
3055 2528 3447 2599 imprecatione

184 2630 331 2699 digni
360 2631 711 2683 exstiterunt.
737 2628 1142 2683 Tantummodo
1172 2630 1391 2700 quidem
1427 2629 1569 2683 beati
1593 2627 1867 2697 discipuli,
1892 2642 1992 2680 nos
2015 2627 2144 2681 item
2170 2626 2216 2679 si
2244 2625 2394 2694 ipsos
2419 2630 2825 2685 consectamur,
2858 2634 2997 2690 quos
3023 2625 3144 2687 post
3175 2615 3451 2673 Christum

181 2717 378 2788 Capitis
421 2717 543 2771 loco
575 2717 858 2772 habemus.
894 2716 1000 2771 Eos
1040 2732 1169 2773 vero
1203 2720 1297 2787 qui
1330 2733 1436 2771 non
1473 2716 1847 2779 crediderunt,
1884 2714 2207 2769 in.caudam
2234 2711 2436 2783 posuit.
2470 2711 2513 2764 A
2556 2721 2708 2779 tergo
2740 2709 2885 2764 enim
2918 2722 3014 2763 eos
3051 2706 3361 2771 collocavit,
3397 2714 3454 2759 ut

183 2804 351 2858 David
381 2805 618 2874 inquit",
638 2805 901 2874 inopiam,
939 2804 1161 2870 famem,
1190 2808 1389 2861 tabem.

253 2898 426 2951 Τοῦτο
459 2888 551 2952 νύν
585 2899 879 2970 ἐξαιρέτως
921 2899 998 2970 (‘2)
1024 2899 1260 2954 νοσοῦσι.
1305 2920 1322 2952 ι
1355 2898 1765 2971 Περιδραμοῦν-

1939 2896 2018 2952 Eo
2048 2912 2177 2952 vero
2227 2894 2448 2965 gravior
2497 2895 2747 2964 ipsorum
2781 2892 3006 2948 morbus
3040 2900 3148 2957 est,
3185 2888 3354 2961 quod,
3393 2898 3451 2942 ut

181 3006 271 3041 ται
295 2989 427 3059 γὰρ,
460 2992 615 3060 φησὶ,
644 2989 935 3061 ζητοῦντες
966 2990 1057 3043 τὸν
1087 2991 1243 3059 λόγον
1274 2988 1368 3043 τοῦ
1389 2989 1548 3055 Θεοῦ,
1581 2991 1677 3044 καὶ
1702 2991 1763 3043 ού

186 3080 262 3149 μὴ
285 3080 541 3150 εὕρωσιν.
570 3100 589 3132 ι
639 3084 713 3134 Ού
750 3082 856 3153 γὰρ
898 3083 1056 3153 λιμὸν
1088 3084 1253 3154 ἄρτου
1299 3084 1482 3145 αὐτοῖς
1529 3083 1763 3148 ἀπειλεῖ,

183 3172 233 3223 si
267 3172 544 3225 καὶτοῦτο
578 3172 776 3243 συνέϐη
828 3173 958 3226 ποτὲ
982 3213 998 3238 ,
1047 3173 1168 3226 οὑδὲ
1198 3173 1358 3242 δίψαν
1387 3172 1598 3237 ὓδατος,
1629 3173 1766 3226 ἀλλὰ

182 3263 343 3333 λιμὸν
370 3263 467 3316 τοῦ
497 3264 728 3318 ἀκοῦσαι
755 3265 916 3334 λόγον
948 3266 1176 3334 Κυρίου.
1217 3266 1363 3319 Ἀντὶ
1392 3266 1449 3319 δὲ
1471 3264 1587 3330 τοῦ,
1621 3264 1766 3317 έκλι-

187 3355 336 3424 μίαν,
373 3357 401 3408 ὁ
433 3356 747 3426 Σύμμαχος,
780 3359 1116 3427 ἁχορτασίαν
1136 3357 1388 3421 ἐξέδωκε.
1429 3376 1447 3408 r
1477 3355 1761 3411 Μελετῶσι

183 3445 290 3516 γὰρ
325 3446 481 3510 κενὰ,
524 3446 750 3517 μηδενὸς
780 3447 1148 3511 ἀπολαύοντες
1180 3445 1286 3499 τῶν
1319 3446 1650 3516 λεγομένων.
1695 3465 1713 3497 ι

1870 2990 2069 3060 inquit,
2109 3008 2126 3039 ι
2155 2987 2629 3050 Circuntcursant,
2657 3001 2721 3039 ac
2771 2985 3035 3055 indagant
3062 2984 3285 3038 verbum
3332 2980 3448 3048 Dei,

1871 3096 1971 3136 nec
2007 3080 2136 3134 illud
2164 3080 2450 3133 inveniunt
2481 3079 2524 3133 ⁵.
2553 3096 2569 3127 ι
2607 3074 2726 3131 Non
2758 3076 2903 3131 enim
2936 3074 3132 3129 famem
3165 3073 3320 3144 panis
3344 3072 3451 3127 illis

1870 3172 2181 3236 minitatur,
2199 3170 2450 3239 quamvis
2471 3180 2524 3225 et
2553 3168 2655 3223 hoc
2682 3183 2791 3222 non
2824 3166 3103 3222 caruerint
3121 3164 3446 3235 aliquando,

1871 3281 1973 3319 nec
2007 3263 2157 3317 sitim
2179 3278 2354 3333 aqum,
2376 3278 2565 3316 verum
2599 3261 2748 3317 verbi
2780 3259 2874 3315 Dei
2898 3258 3153 3314 audiendi
3185 3259 3382 3312 famem
3406 3256 3449 3309 '.

1867 3351 1974 3407 Pro
2009 3352 2103 3407 illo
2126 3367 2259 3407 vero
2290 3352 2583 3417 vocabulo,
2617 3351 2834 3421 famem,
2876 3348 3260 3421 Symmachus,
3299 3347 3450 3401 insa-

1876 3443 2239 3508 tiabilitatem,
2272 3446 2523 3515 exposuit
2559 3459 2572 3496 :
2614 3463 2631 3495 ι
2677 3442 2869 3498 Studia
2904 3442 3051 3497 enim
3091 3454 3284 3495 eorum
3313 3452 3445 3492 vana

1877 3544 2026 3604 sunt,
2069 3552 2195 3591 nam
2230 3536 2365 3614 nihil
2387 3550 2575 3590 eorum
2611 3550 2734 3606 quae
2763 3533 3044 3597 dicuntur,
3070 3531 3397 3604 percipiunt.
3426 3549 3443 3581 ι

255 3633 636 3687 Conficiuutur
665 3635 809 3688 enim
857 3649 1049 3690 omnes
1106 3642 1374 3705 quotquot
1426 3650 1456 3689 a
1489 3633 1838 3690 daemonibus
1891 3631 2243 3688 infestantur.
2281 3630 2556 3697 Quocirca
2589 3630 2755 3685 infert
2789 3645 2805 3682 :
2864 3628 3001 3685 Edet
3036 3630 3090 3684 in
3122 3636 3175 3683 te
3208 3634 3444 3697 stragem

185 3720 473 3775 Dominus.

266 3813 603 3882 Ἐπισκοπὴν
647 3813 889 3866 ἐναντίον
942 3813 1051 3867 τῶν
1107 3814 1320 3884 ἐχθρῶν
1362 3831 1478 3877 σου,
1509 3815 1757 3867 τουτέστι

1935 3811 2133 3867 Coram
2165 3812 2421 3867 omnibus
2444 3812 2686 3867 inimicis
2717 3810 2828 3865 tuis
2850 3850 2864 3875 ,
2891 3809 2996 3864 hoc
3041 3816 3146 3871 est,
3177 3812 3236 3861 ut
3258 3804 3443 3862 caeteri

180 3903 519 3974 θραυόμενον
552 3904 649 3956 καὶ
685 3906 1123 3973 προσκόπτοντα,
1162 3904 1259 3978 [dig
1282 3904 1551 3971 ἐξέδωκαν
1579 3906 1626 3957 οἱ
1646 3905 1759 3957 λοι-

1880 3897 2276 3975 cxposuerunt,
2304 3904 2550 3959 saucium
2578 3915 2632 3958 et
2668 3903 3010 3960 vulneratum
3062 3912 3112 3956 te
3142 3899 3309 3955 tradit
3339 3899 3441 3954 eis.

179 3990 323 4063 1:06.]
1384 3986 1387 3989 ’

249 4082 319 4134 Et
346 4084 452 4137 eris
486 4083 714 4149 palpaus
750 4085 803 4137 in
836 4084 1073 4139 meridie.
1111 4084 1253 4157 [29.]
1285 4084 1443 4141 Nunc
1476 4088 1622 4141 enim
1646 4101 1771 4142 cum
1804 4094 1997 4157 gentes
2026 4087 2083 4140 in
2121 4087 2297 4140 media
2330 4087 2454 4142 luce
2480 4093 2699 4142 aetatem
2731 4085 2953 4156 degant,
2990 4085 3155 4140 Israel
3187 4094 3444 4141 versatur

177 4171 233 4223 in
263 4170 529 4231 tenebris,
565 4180 620 4224 et
651 4180 917 4240 tanquam
950 4174 1078 4227 caeci
1113 4189 1334 4228 murum
1364 4176 1613 4244 palpant,
1646 4175 1820 4243 legem
1843 4175 1982 4245 ipsis
2015 4176 2294 4240 traditam,
2324 4176 2480 4245 juxta
2502 4175 2696 4231 isaiam
2725 4177 2744 4207 "
2775 4194 2787 4230 :
2821 4190 2888 4230 eo
2917 4175 3063 4245 quod
3087 4176 3227 4231 lucis
3254 4174 3441 4231 radios

174 4258 386 4312 Christi
409 4260 745 4327 c0guitiouis
776 4260 989 4314 nollent
1028 4261 1343 4325 admittere,
1373 4271 1428 4317 et
1462 4279 1587 4317 cum
1611 4263 1813 4317 Davide
1843 4265 2037 4319 dicere
2072 4282 2081 4315 :
2128 4283 2147 4315 ‹
2192 4264 2393 4318 Revela
2430 4265 2564 4318 mihi
2590 4266 2784 4320 oculos
2817 4274 2960 4330 tuos,
2995 4264 3441 4320 etconsiderabo

175 4346 451 4400 mirabilia
484 4348 552 4401 de
581 4348 698 4417 lege
743 4356 838 4402 tua
871 4348 913 4403 ⁸.
954 4367 973 4399 ι
1007 4348 1359 4419 Quapropter
1389 4350 1557 4406 infert
1592 4369 1603 4405 :
1644 4370 1671 4405 ι-
1708 4350 1934 4406 Adveua
1964 4351 2059 4421 qui
2098 4350 2242 4420 apud
2280 4360 2330 4405 te
2365 4360 2449 4406 est
2490 4365 2658 4421 supra
2704 4360 2758 4407 te
2790 4351 3055 4407 ascendet
3087 4351 3340 4418 subinde,
3381 4361 3437 4405 tu

173 4450 307 4487 vero
329 4434 566 4488 subinde
598 4436 926 4494 descendes.
967 4455 983 4486 ι
1012 4438 1080 4490 de
1108 4438 1364 4505 gentibus
1393 4439 1644 4507 loquens.

243 4522 414 4593 459
439 4526 507 4576 Et
558 4525 789 4591 imponet
835 4524 935 4578 tibi
973 4541 1187 4579 nervum
1245 4525 1496 4595 ferreum.
1533 4526 1677 4599 [48.]
1707 4525 1781 4581 De
1812 4529 1969 4597 gravi
2005 4530 2276 4586 servitute
2324 4531 2592 4601 loquitur.
2619 4532 2696 4585 Ac
2742 4529 2973 4599 proinde
3007 4529 3216 4585 ferreos
3243 4528 3438 4584 maluit

171 4626 377 4677 ponere
398 4626 562 4679 quam
596 4614 823 4681 ligneos.
866 4612 1063 4668 Beatus
1086 4630 1309 4682 quoque
1340 4612 1621 4669 Jeremias
1680 4616 1750 4669 ob
1783 4617 1834 4670 id
1874 4618 2159 4686 imponere
2193 4620 2301 4674 sibi
2339 4619 2612 4689 praecipit,
2640 4627 2701 4672 ut
2760 4618 3096 4687 captivitatis
3123 4617 3433 4672 molestiam

173 4699 281 4752 illis
318 4698 618 4765 signiﬁcet.
659 4699 733 4755 De
761 4715 870 4770 qua
902 4717 1052 4755 nunc
1087 4701 1443 4761 vaticinatur.
1477 4710 1531 4756 et
1560 4703 1781 4771 inquit:
1820 4722 1837 4755 ‹
1862 4704 2109 4761 Adducet
2141 4721 2309 4775 super
2340 4715 2393 4761 te
2429 4716 2646 4776 gentem
2679 4721 2710 4761 e
2742 4705 3046 4773 longinquo
3081 4705 3125 4757 9.
3166 4722 3185 4755 ι
3222 4701 3440 4769 Quibus

169 4786 355 4839 verbis
380 4782 649 4841 Jeretnias
701 4799 757 4841 et
811 4788 1097 4857 propheta:
1146 4790 1237 4842 alii
1296 4790 1555 4859 Assyrios
1608 4790 2047 4861 Babyloniosque
2096 4794 2415 4859 innuerunt.
2445 4792 2693 4859 Quorum
2743 4792 2985 4847 hostium
3046 4790 3435 4862 pernicitatem

169 4882 335 4942 atque
360 4872 509 4927 vires
538 4874 719 4929 volatu
747 4877 949 4944 aquilae
972 4875 1323 4931 adumbravit
1348 4876 1581 4947 Moyses.
1607 4877 2011 4946 lmpudentiam
2042 4895 2172 4934 vero
2210 4878 2348 4933 facie
2372 4895 2493 4948 qua:
2520 4879 2657 4933 nulli
2681 4879 2827 4934 θειοιὶ
2857 4886 3071 4949 parcat.
3092 4877 3430 4944 Quinetiam,

172 4979 191 5009 ι
232 4960 551 5029 Devorabit,
584 4962 785 5032 inquit,
821 4964 968 5020 fetus
1001 4967 1142 5019 uteri
1172 4967 1272 5019 tui.
1309 4983 1326 5016 ι
1360 4965 1516 5031 Quod
1551 4966 1605 5020 in
1636 4964 1873 5020 Threuis
1913 4964 2183 5021 Jeremias
2233 4968 2603 5031 lamentatur,
2635 4979 2689 5023 et
2726 4984 2754 5022 a
2777 4966 3041 5022 Romanis
3072 4966 3276 5023 factum
3308 4982 3432 5024 esse

165 5046 444 5118 Josephus
472 5055 795 5107 narratione
828 5070 928 5109 sua
977 5054 1245 5124 prodidit.

216 5136 425 5199 ,Mollis
454 5139 509 5191 in
532 5146 577 5192 te
594 5149 639 5193 et
676 5139 960 5195 delicatus.
995 5140 1137 5214 [54.]
1164 5141 1267 5209 Qui
1289 5142 1502 5198 deliciis
1527 5150 1609 5198 est
1632 5150 1905 5205 assuetus,
1949 5143 2147 5213 inquit,
2180 5144 2247 5199 ad
2281 5145 2463 5199 cibum
2494 5146 2563 5198 ab
2596 5148 2746 5201 οηιηὶ
2784 5145 3126 5201 humanitate
3195 5145 3432 5199 alienum

168 5226 389 5279 redibit.
446 5226 558 5282 Nec
630 5229 847 5283 animus
914 5230 1216 5300 quidquam
1251 5229 1319 5285 de
1363 5230 1466 5284 hoc
1510 5230 1722 5285 intimis
1756 5231 1871 5285 suis
1916 5231 2209 5303 decerpere
2248 5235 2553 5305 permittet.
2605 5234 2706 5302 Qui
2737 5232 2883 5290 enim
2916 5235 3219 5290 liberorum
3261 5247 3429 5287 unum

172 5315 522 5380 utactaverit,
547 5331 655 5369 non
679 5314 861 5381 fratri,
893 5332 1005 5370 non
1043 5318 1224 5379 uxori,
1256 5332 1365 5371 non
1408 5318 1597 5372 liberis
1635 5319 1763 5372 aliis
1794 5318 2095 5390 impertiet.

230 5468 279 5500 ”
320 5466 360 5540 l_l
382 5466 523 5540 Cor.
563 5485 600 5540 ι,
636 5468 722 5532 19,
754 5468 844 5524 20.
924 5473 945 5500 ί
974 5469 1192 5525 Coloss.
1228 5485 1285 5535 ιι,
1324 5471 1376 5524 5.
1453 5471 1473 5501 ³
1504 5468 1652 5526 Psal.
1694 5486 1769 5525 ut

1873 5471 2034 5536 v.13.
2112 5473 2135 5504 ³
2166 5471 2311 5528 Psal.
2356 5490 2501 5538 XLVI,
2534 5477 2583 5530 5.
2665 5475 2685 5506 ⁸
2718 5473 2864 5531 Psal.
2900 5491 2992 5540 xx,
3031 5476 3114 5531 15.
3188 5475 3211 5508 '
3242 5474 3431 5531 Matth.

165 5551 287 5603 aut,
328 5538 424 5593 20.
503 5539 524 5568 ⁸
564 5538 732 5594 Amos
763 5555 879 5605 vm,
912 5540 999 5603 11,
1038 5542 1123 5594 12.
1200 5542 1216 5570 τ
1249 5542 1351 5594 lsa.
1392 5557 1503 5607 ιιι,
1541 5540 1627 5595 10.
1705 5543 1726 5573 ⁸
1762 5542 1769 5596 1

1873 5543 1906 5595 Ι.
1932 5556 2126 5609 cxvm,
2158 5543 2245 5599 18.
2322 5547 2341 5576 ⁵
2372 5544 2571 5601 Jerem.
2611 5564 2661 5613 γ,
2709 5547 2795 5602 i5.

1678 5635 1913 5694 NOTAE.

236 5730 313 5819 ξιξ)
338 5730 561 5819 ῥῦτοῦς
579 5729 690 5800 γὰρ
720 5730 1058 5819 κετὲσξησξγ
1110 5731 1375 5819 ἄρχοντας
1421 5733 1513 5785 ἐπὶ
1564 5733 1744 5784 πᾶσαν
1782 5731 1877 5803 τὴν
1902 5734 2025 5806 γῆν.
2049 5734 2112 5789 Οἳ
2143 5736 2236 5791 καί
2275 5752 2461 5804 qustu.
2499 5734 2755 5801 ὑπέταξε,
2790 5751 2875 5790 κτ.
2936 5734 2977 5790 Ο
3005 5733 3127 5788 αεὺτ.
3158 5732 3289 5787 atad.

237 5800 725 5870 (Ξμιαφεῴντως.
757 5800 817 5854 ’0
849 5800 955 5871 τῆς
981 5802 1117 5870 Λύτ.
1145 5800 1273 5856 mea.
