3870 6512
593 406 698 470 957
1933 420 2284 483 PROCOPII
2322 424 2565 484 GAZEI
3733 434 3825 498 91:3

666 512 734 566 Et
760 532 895 571 nova
935 530 1055 585 (seu
1112 519 1414 589 inopinata)
1479 527 1689 580 verbera
1740 529 1943 599 iii/liget
1987 529 2166 582 Domi-

2342 536 2449 586 Καὶ
2478 534 2888 600 παραδοξάσει
2927 537 3145 603 Κύριος
3185 536 3291 602 τὰς
3337 539 3565 607 πληγάς
3604 558 3737 595 σου.
3765 548 3824 597 Ἥ

593 624 714 660 nus.
754 608 891 680 [59.]
918 608 1015 666 Vel
1060 622 1327 672 consueta
1386 615 1674 674 intendens
1739 622 1818 676 vel
1844 637 1981 677 nova
2006 637 2121 676 exct

2301 623 2371 686 τὰς
2408 626 2683 694 συνήθεις,
2726 625 2993 696 [τουτέστι
3023 626 3287 698 πληγὰς,]
3320 631 3621 695 ἐπιτείνων,
3655 634 3687 702 ἢ
3724 651 3829 685 και-

589 703 787 771 gitans.

2273 716 2498 786 νοτέρας
2525 717 2776 771 ἐπινοῶν.

667 814 737 868 Et
758 817 1002 885 pendebit
1030 821 1135 875 rita
1162 832 1254 878 tua
1288 835 1413 880 ante
1442 830 1623 884 oculos
1654 839 1793 884 (uos.
1837 830 1978 905 [66.]
2006 832 2117 887 lloc
2148 839 2252 897 est,
2290 833 2344 886 in
2376 833 2545 887 dubio
2574 842 2627 887 et
2661 832 2919 887 interitus
2951 834 3199 901 periculo
3223 842 3343 889 erat
3387 835 3459 896 ei.
3480 836 3574 905 qui
3612 846 3827 891 mortem

586 910 719 993 ante
742 906 905 973 pedes
926 906 1402 966 videbit.Traduci
1437 928 1619 970 autem
1658 918 1707 971 in
1738 917 2024 973 Christum
2056 935 2276 990 quoque
2308 922 2506 990 possit,
2547 922 2639 990 qui
2673 920 2807 975 dicit
2846 939 2858 975 :
2898 940 2914 973 ι
2952 920 3067 990 Ego
3097 936 3221 976 sum
3249 923 3358 975 vita
3380 923 3444 984 ",
3476 941 3493 972 ι
3524 940 3690 993 quem
3720 941 3828 979 cum

593 1009 623 1044 e
656 992 804 1062 ligno
841 997 1079 1063 pendere
1106 1000 1379 1066 viderent,
1412 1004 1515 1059 [ide
1544 1020 1655 1059 non
1691 1017 2050 1077 exceperunt.

667 1079 734 1132 Et
768 1082 975 1137 reducet
1011 1095 1058 1138 te
1088 1086 1344 1143 Dominus
1378 1092 1431 1143 in
1477 1091 1773 1163 Afgyptum
1832 1096 2054 1150 navibus
2076 1113 2167 1164 per
2217 1098 2319 1150 iter
2341 1096 2478 1165 quod
2517 1096 2757 1149 tibidixi
2788 1112 2805 1150 :
2837 1095 2959 1149 Non
3001 1097 3201 1151 videbis
3235 1099 3405 1165 ipsum
3445 1100 3699 1167 amplius,
3731 1109 3827 1155 etc.

595 1166 736 1240 [68.]
770 1168 885 1224 Non
921 1174 1137 1227 reduxit
1195 1176 1335 1245 ipse,
1362 1194 1552 1233 verum
1587 1184 1882 1237 redeuntes
1912 1200 2020 1238 non
2061 1183 2361 1252 prohibuit.
2406 1184 2751 1249 Argumento
2795 1182 2928 1235 illud
2961 1191 3069 1247 est,
3104 1185 3173 1237 de
3197 1199 3310 1251 quo
3330 1185 3429 1237 tibi
3463 1186 3573 1237 dixi
3611 1204 3625 1238 :
3664 1205 3682 1235 ι
3726 1187 3829 1239 Non

589 1256 808 1312 videbis
839 1259 1015 1327 ipsum
1046 1264 1303 1331 amplius.
1346 1284 1365 1315 ι
1397 1265 1533 1319 Cum
1569 1268 1718 1322 enim
1750 1270 1954 1323 reditio
1978 1270 2070 1322 illa
2097 1270 2212 1322 vitii
2244 1270 2363 1322 loco
2422 1277 2688 1330 vertatur,
2728 1270 3003 1337 quomodo
3062 1270 3181 1338 ipse
3223 1279 3424 1324 auctor
3461 1270 3703 1325 fuisset?
3734 1272 3829 1327 Sun

594 1344 760 1412 igitur
787 1355 961 1400 marte
984 1353 1191 1404 reversi
1221 1361 1378 1417 sunt;
1409 1368 1557 1407 nunc
1581 1356 1801 1424 quidem
1827 1356 1894 1411 ab
1920 1357 2054 1426 ipsis
2081 1357 2343 1410 auxilium
2377 1366 2571 1410 contra
2600 1358 2853 1428 Assyrios
2886 1359 3140 1426 petitum,
3161 1374 3309 1412 nunc
3340 1374 3473 1413 vero
3499 1375 3528 1411 a
3560 1358 3835 1414 Necbaon:

597 1430 902 1497 Pharaone,
935 1442 990 1487 et
1018 1436 1141 1491 aliis
1163 1434 1437 1507 Egyptiis
1469 1441 1689 1509 regibus
1718 1443 1918 1512 captivi
1953 1442 2174 1497 abducti
2205 1459 2218 1507 ;
2258 1443 2364 1497 sibi
2391 1445 2529 1514 ipsis
2569 1446 2985 1499 consciscentes
3033 1447 3200 1499 mala.
3236 1444 3592 1516 Quapropter
3631 1462 3835 1502 accusa;

594 1534 689 1573 ros
714 1534 811 1589 per
844 1522 1167 1591 prophetam
1194 1523 1339 1579 Deus
1368 1544 1381 1580 :
1420 1543 1437 1575 ι
1474 1525 1575 1588 Qui
1641 1527 2009 1593 descendunt,
2043 1530 2323 1599 inquiens,
2385 1533 2643 1596 navibus,
2671 1533 2725 1586 in
2752 1532 3072 1603 Egyptum,
3115 1542 3172 1587 ut
3206 1535 3475 1588 auxilium
3505 1550 3537 1587 a
3571 1535 3837 1588 Pharaone-

593 1605 815 1678 x'Egypti
844 1624 969 1675 rege
1002 1608 1439 1680 consequantur.
1513 1614 1596 1668 Me
1642 1632 1770 1670 vero
1827 1616 1895 1672 de
1928 1633 1992 1672 ea
2021 1634 2081 1672 re
2110 1634 2392 1688 nunquam
2420 1621 2743 1673 salutarunt
2766 1621 2831 1674 “.
2875 1638 2893 1670 ι
2930 1620 2993 1672 Ει
3044 1621 3245 1675 iterum
3281 1637 3296 1673 :
3336 1640 3354 1671 ι
3409 1621 3557 1683 Quid
3596 1624 3696 1675 tibi
3730 1639 3837 1675 cum

593 1695 829 1767 :Egypto
860 1706 917 1749 nt
944 1698 1161 1753 biberes
1192 1716 1387 1765 aquam
1411 1701 1561 1757 Geon
1589 1704 1667 1757 “?
1691 1723 1709 1755 ι
1734 1706 2015 1774 Ejusmodi
2052 1706 2186 1761 illud
2208 1722 2425 1775 quoque
2449 1715 2532 1762 est
2563 1708 2705 1776 quod
2730 1707 3115 1777 subjungitur:
3141 1728 3158 1758 ι
3188 1709 3249 1761 Et
3282 1725 3390 1761 non
3410 1710 3566 1763 dedit
3594 1709 3837 1764 Dominus

597 1784 738 1839 Deus
767 1785 922 1843 vobis
944 1802 1039 1842 cor
1056 1787 1122 1841 ad
1148 1788 1581 1855 intelligendum.
1606 1808 1707 1846 nec
1743 1793 1934 1848 oculos
1954 1793 2021 1848 ad
2053 1794 2364 1857 videndum,
2392 1811 2491 1849 nec
2508 1809 2672 1849 aures
2692 1796 2757 1849 ad
2791 1795 3121 1849 audiendum
3150 1811 3325 1865 usque
3345 1798 3397 1849 in
3416 1797 3564 1850 diem
3597 1797 3836 1851 hunc'm

594 1873 707 1927 Cur
742 1877 888 1929 enim
921 1877 1030 1932 illis
1083 1878 1176 1945 qui
1202 1879 1454 1948 accipere
1480 1881 1749 1950 designati
1777 1880 1996 1936 fuerant
2045 1890 2098 1935 et
2147 1899 2212 1937 ex
2239 1885 2513 1937 destinata
2578 1886 2788 1938 malitia
2829 1887 3063 1939 aversati
3117 1885 3494 1955 praebuisset?
3528 1885 3608 1937 Ac
3666 1884 3839 1938 talibus

594 1960 815 2029 quidem
850 1964 1050 2018 dicitur
1088 1964 1228 2018 Deus
1260 1965 1393 2019 nihil
1428 1966 1582 2022 dare.
1627 1967 2103 2033 Quemadmodum
2141 1970 2245 2023 dux
2279 1971 2583 2024 exercitum
2635 1972 2851 2028 tradere
2907 1974 3132 2037 dicitur,
3183 1973 3408 2042 quando
3446 1973 3841 2041 ingravescent:

592 2051 703 2119 jam
729 2054 1014 2117 conﬂictu,
1047 2072 1112 2111 eo
1149 2058 1414 2112 derelicto
1438 2074 1501 2113 se
1535 2060 1847 2122 abduxerit,
1890 2060 1994 2115 hoc
2021 2062 2141 2130 ipso
2173 2060 2319 2129 quod
2356 2073 2458 2111 suo
2510 2059 2713 2112 auxilio
2745 2060 2997 2114 destituit
3031 2060 3305 2115 videlicet.
3342 2058 3544 2113 Simile
3576 2060 3711 2113 illud
3745 2068 3835 2115 est:

602 2160 619 2190 ι
658 2139 910 2197 Tradidit
938 2160 1035 2199 eos
1077 2146 1395 2215 ignominia:
1428 2163 1617 2211 casus.
1647 2159 1699 2203 et
1732 2149 1918 2203 cordis
1958 2150 2042 2203 sui
2084 2147 2455 2217 appetitiones
2494 2148 2560 2201 "'.
2600 2166 2616 2197 ι
2649 2146 2707 2201 Si
2753 2148 2924 2217 igitur
2959 2164 3204 2217 prasens
3251 2163 3479 2218 quoque
3513 2148 3723 2202 dictum
3754 2165 3839 2200 non

597 2229 786 2285 eodem
824 2231 987 2285 modo
1033 2233 1397 2304 intelligatur,
1459 2236 1801 2291 contrarium
1856 2236 1961 2290 erit
1996 2236 2047 2290 ei
2079 2236 2221 2305 quod
2255 2235 2536 2304 praecedit.
2581 2234 2801 2288 Dixerat
2832 2236 2980 2288 enim
3015 2250 3029 2286 :
3070 2253 3088 2286 ι
3123 2232 3238 2289 Vos
3270 2236 3501 2289 vidistis
3528 2236 3713 2287 omnia
3743 2249 3840 2300 qua

600 2317 727 2370 fecit
770 2317 1057 2374 Dominus.
1096 2339 1113 2369 ι
1149 2321 1436 2386 Quomodo
1496 2324 1665 2394 igitur
1718 2324 1912 2379 oculos
1976 2324 2084 2377 illis
2112 2322 2179 2375 ad
2214 2322 2507 2378 videndum
2560 2336 2669 2375 non
2719 2320 3041 2376 dedit?Aut
3070 2322 3333 2391 qualibus
3356 2321 3628 2375 viderunt
3650 2320 3842 2374 oculis?

604 2413 697 2457 aut
732 2408 1007 2474 quomodo
1035 2409 1317 2474 viderunt,
1350 2412 1399 2465 si
1436 2411 1547 2465 Deo
1571 2413 1729 2466 aliter
1764 2412 1866 2465 fuit
1898 2412 2076 2466 visum
2102 2412 2125 2464 ?
2156 2410 2357 2465 Verum
2393 2410 2697 2465 sensilibus
2719 2410 2941 2480 quidem
2980 2411 3244 2465 viderunt
3274 2411 3483 2475 oculis,
3514 2410 3713 2463 mentis
3737 2423 3837 2461 verr

595 2489 809 2548 visione
833 2494 1045 2563 seipsos
1075 2498 1380 2565 privavere,
1416 2500 1637 2568 pictatis
1665 2500 2034 2569 cognitionem
2065 2499 2225 2568 cujus
2259 2498 2602 2553 adminiculo
2635 2496 2885 2567 prodigia
2919 2498 3170 2553 viderant
3216 2499 3609 2566 repudiantes,
3645 2510 3837 2551 eorum-

598 2602 708 2653 que
737 2600 1015 2644 auctorem
1041 2607 1150 2646 non
1186 2604 1569 2663 agnoscentes.
1617 2595 2042 2665 Quapmpterut
2068 2609 2167 2649 eos
2201 2594 2481 2649 cautiores
2512 2592 2786 2655 redderet.
2830 2594 3078 2663 ipsorqu
3122 2593 3535 2648 beneﬁciorum
3566 2609 3633 2646 ac
3679 2592 3830 2660 signo-

602 2692 724 2729 rum
758 2679 1075 2732 memoriam
1099 2696 1479 2750 saepenumero
1504 2683 1747 2739 refricat.
1784 2683 2085 2739 Denuntiat
2108 2697 2333 2751 quoque
2363 2681 2605 2736 radicem
2638 2682 2961 2737 acerbitatis
2991 2698 3056 2736 ex
3092 2681 3293 2749 seipsis
3319 2681 3676 2735 evellendam
3706 2694 3829 2737 esse,

596 2763 749 2831 juxta
781 2765 912 2819 illud
943 2784 954 2819 :
992 2786 1009 2817 ι
1053 2767 1366 2839 Expurgate
1396 2779 1555 2827 vetus
1582 2772 1916 2826 fermentum
1950 2778 2009 2823 ut
2042 2770 2163 2825 sitis
2191 2784 2331 2823 nova
2360 2769 2682 2838 conspersio
2710 2770 2774 2822 ¹⁵.
2820 2788 2839 2822 ι
2866 2768 2919 2822 Si
2954 2769 3245 2835 vero.quis
3274 2767 3529 2836 perﬁdus
3560 2775 3646 2821 est
3675 2781 3703 2816 a
3730 2778 3835 2817 con-

600 2854 775 2905 sortio
802 2864 981 2908 vestro
1001 2868 1311 2923 separetur,
1346 2859 1551 2929 inquit,
1583 2875 1650 2914 ne
1674 2868 1906 2913 sanctus
1936 2858 2139 2926 aliquis
2166 2872 2355 2912 secum
2381 2858 2590 2921 volvat,
2627 2858 2681 2911 in
2712 2860 3074 2927 perversitate
3109 2857 3295 2911 cordis
3330 2857 3437 2910 mei
3504 2871 3609 2926 ego
3652 2868 3837 2920 quoque

602 2939 869 3004 incedam,
930 2957 992 2997 ac
1037 2942 1207 2998 simul
1281 2961 1310 2998 a
1363 2946 1606 3015 peccatis
1657 2962 1893 3001 vacuum
1918 2946 2084 3001 etiam
2138 2944 2370 3016 perdat:
2408 2962 2425 2995 ι
2478 2942 2766 2998 Paululum
2801 2944 2949 3000 enim
2991 2944 3249 3000 fermenti
3287 2950 3464 2997 totam
3507 2956 3743 2997 massam
3767 2940 3838 2991 iu-

603 3027 713 3082 {icit
748 3030 813 3081 ¹⁶.
848 3049 866 3081 ι

672 3141 737 3195 Ει
766 3142 902 3196 dicet
936 3147 1206 3212 generatio
1269 3149 1534 3213 posterior
1590 3148 1693 3216 filii
1746 3163 1929 3201 eorum
1969 3148 2059 3216 qui
2109 3146 2417 3199 exorientur
2446 3163 2510 3200 ea:
2553 3149 2719 3214 vobis,
2745 3158 2792 3201 et
2820 3148 3026 3201 alienus
3055 3147 3145 3215 qui
3170 3146 3335 3200 veniet
3359 3145 3427 3198 de
3464 3155 3619 3197 terra
3642 3151 3836 3195 remota.

602 3229 823 3302 [XXIX,
855 3230 974 3305 22.]
1007 3230 1433 3288 Generationem
1461 3235 1688 3289 alteram
1719 3246 1924 3291 castum
1966 3250 2031 3289 ex
2062 3236 2317 3303 gentibus
2352 3237 2641 3291 collectum
2675 3245 2853 3291 vocat.
2881 3234 3363 3301 Quemadmodum
3414 3233 3590 3286 David
3617 3247 3835 3301 quoque:

608 3339 627 3369 ι
665 3317 949 3387 Divulgate
1005 3319 1059 3372 in
1110 3320 1521 3389 generationem
1560 3322 1812 3387 alteram,
1850 3321 1995 3388 quod
2038 3322 2151 3390 ipse
2193 3320 2333 3375 Deus
2372 3333 2552 3377 vester
2612 3332 2697 3378 est
2736 3325 2800 3376 ¹⁷.
2837 3344 2854 3374 ι
2890 3326 2953 3377 Ει
3013 3324 3210 3377 iterum
3246 3339 3259 3375 :
3309 3339 3327 3372 ι
3369 3321 3626 3389 Ροριιιιιε
3656 3332 3837 3388 quoque

602 3405 912 3475 acquisitus
941 3404 1497 3460 laudabitDominum
1533 3407 1594 3459 ".
1646 3427 1662 3458 ι
1697 3406 1863 3478 460
1896 3407 1956 3460 Et
1982 3408 2177 3461 iterum
2204 3428 2215 3462 :
2247 3427 2265 3460 ι
2308 3412 2706 3465 Accensebitur
2742 3413 2787 3464 ci
2823 3410 3104 3481 generatio
3129 3417 3388 3469 ventura,
3420 3418 3476 3462 et
3501 3409 3835 3462 ettttntialittnt

597 3492 871 3560 justitiam
903 3492 1025 3562 ejus
1068 3494 1266 3563 populo
1296 3492 1581 3548 nascituro
1613 3495 1675 3547 ‘9.
1720 3514 1736 3545 ι
1770 3494 1942 3559 Quem
2002 3495 2267 3551 Dominus
2324 3496 2471 3551 fecit.
2504 3499 2570 3550 At
2623 3513 2743 3564 quae
2788 3498 2904 3550 haec
2940 3497 3217 3565 generatio
3257 3511 3352 3549 seu
3402 3496 3493 3548 hic
3547 3492 3835 3565 populussit

601 3581 812 3653 Moyses
840 3581 1150 3651 subjumtit,
1185 3581 1377 3635 dicens
1408 3598 1420 3631 :
1458 3599 1476 3632 ι
1504 3583 1582 3636 Ac
1608 3582 1791 3636 dicent
1822 3597 2015 3638 omnes
2048 3594 2265 3653 gentes:
2292 3584 2472 3649 Quare
2506 3584 2587 3638 sic
2620 3583 2745 3638 fecit
2791 3582 3061 3637 Dominus
3088 3593 3248 3637 terra:
3277 3582 3406 3636 huic
3432 3584 3455 3635 τ

669 3712 899 3769 Terram
954 3730 1085 3771 vero
1148 3731 1257 3769 non
1305 3715 1564 3771 sensilem
1605 3717 1895 3785 concipere
1936 3724 2174 3787 oportet.

2353 3716 2461 3783 Γῆν
2489 3716 2550 3767 οὑ
2580 3716 2679 3784 τὴν
2742 3715 3011 3785 αἰσθητήν
3031 3731 3042 3743 ·
3075 3714 3261 3785 [ἑτέρα
3291 3715 3402 3784 γὰρ
3445 3715 3550 3784 οὐχ
3596 3716 3831 3782 ἱστορηται

603 3806 682 3860 De
718 3806 866 3860 nulla
897 3806 1101 3861 etenim
1139 3815 1281 3861 terra
1326 3815 1528 3876 praeter
1585 3805 1949 3860 Sodomorum
1982 3815 2039 3860 et
2076 3804 2131 3859 ϐε

2304 3808 2381 3879 Γῆ,
2416 3807 2555 3877 πλὴν
2580 3808 2828 3877 Σοδόμων
2876 3808 2969 3861 καὶ
3003 3808 3287 3878 Γομόρρας
3336 3808 3407 3860 τὰ
3452 3807 3553 3859 τοῦ
3583 3807 3743 3878 πυρὸς
3766 3806 3832 3855 καὶ

608 3897 842 3951 morrhaa
867 3898 1011 3967 quod
1051 3900 1189 3951 mala
1246 3897 1390 3968 ignis
1432 3908 1486 3953 et
1548 3897 1682 3952 salis
1724 3897 1797 3951 sit
1836 3912 2095 3967 perpessa
2128 3898 2136 3950 i

2306 3901 2396 3952 τῶν
2422 3900 2566 3952 ἁλῶν
2626 3899 2968 3969 ὑπομείνασα
3007 3899 3153 3966 πάθη
3256 3896 3393 3950 ἀλλὰ
3454 3898 3558 3968 τὴν
3605 3894 3834 3967 τροπικῶς

605 3990 856 4045 historiis
884 3999 1087 4045 exstat.
1133 3990 1207 4045 De
1238 4006 1300 4045 ea
1337 4006 1467 4046 vero
1496 4005 1617 4060 qua:
1650 4005 1748 4061 per
1786 3990 2017 4058 ﬁguram
2044 3990 2131 4043 dic

2304 3993 2594 4063 ιεγομένην
2620 3992 2722 4061 γῆν
2745 4008 2758 4022 ·
2809 3992 2933 4059 ἣτις
2966 3992 3060 4044 καὶ
3096 3991 3263 4044 πάλαι
3308 3992 3664 4060 καρποφὸπ
3698 3988 3832 4053 ὑπὲρ·

606 4090 718 4144 tur,
755 4097 876 4151 quae
902 4099 1027 4136 ctnu
1086 4084 1218 4137 olim
1252 4092 1401 4138 esset
1428 4083 1630 4139 fertilis
1671 4084 1723 4137 in
1760 4083 1931 4138 salem
1965 4093 2134 4151 proptr

2307 4102 2482 4155 (ουσα,
2518 4084 2869 4154 μετεστράφη
2901 4084 2981 4141 εἰς
3021 4082 3203 4153 ἅλμην
3241 4082 3349 4135 ἀπὸ
3379 4082 3589 4145 κακίας
3616 4082 3715 4133 τῶν
3738 4082 3835 4131 ἑνω-

606 4171 917 4226 incolarum
982 4173 1395 4242 improbitatem
1460 4174 1683 4229 redacta
1728 4174 1796 4237 '°,
1844 4189 1907 4228 ac
1938 4175 2064 4242 igne
2099 4189 2129 4227 a

2303 4177 2600 4231 ιούντωνὲν
2630 4177 2791 4246 αὐτῇ,
2823 4176 2940 4247 [καὶ
2958 4176 3149 4243 γέγονε
3172 4176 3660 4245 κατακεκαυμένη,
3684 4171 3831 4235 ἐπειδὴ

606 4276 823 4333 sumpta
864 4264 986 4319 fuit.
1019 4265 1158 4318 Nam
1197 4266 1433 4320 nubibus
1480 4264 1759 4319 mandavit
1803 4264 2090 4330 Dominus,
2123 4280 2134 4316 I

2302 4273 2405 4329 ταῖς
2446 4268 2698 4337 νεφέλαις
2763 4268 3066 4321 ἐνετείλατο
3116 4267 3321 4337 Κύριος
3370 4267 3465 4319 τοῦ
3520 4268 3599 4338 μὴ
3660 4266 3830 4335 βρέχειν

607 4356 793 4425 pluvia
820 4356 1121 4425 irrigarent
1185 4372 1303 4411 eam
1337 4357 1403 4390 ἰ·
1434 4356 1608 4422 Quam
1658 4356 1886 4426 spiritus
1916 4356 2043 4409 item
2079 4356 2135 4408 in

2302 4360 2445 4414 Derbv
2497 4362 2585 4413 ἐπ’
2636 4360 2829 4429 αὑτήν.
2884 4360 2994 4413 Καὶ
3031 4358 3419 4429 διαπορεύεται
3466 4359 3533 4410 τὸ
3564 4359 3830 4426 ἀκάθαρτε-δ

604 4446 842 4503 mundus
859 4458 1049 4517 utpote
1072 4446 1283 4501 aridam
1304 4455 1357 4501 et
1379 4464 1409 4501 a
1436 4448 1542 4501 Deo
1560 4448 1835 4503 desertam
1852 4453 2096 4516 permeat
2118 4448 2132 4477 ¹

2299 4452 2509 4524 πνεῦμα
2547 4452 2650 4521 γῆν
2691 4451 3047 4521 ὑπάρχουσαν
3089 4451 3314 4521 ἄνυδρον
3345 4452 3440 4503 καὶ
3472 4450 3673 4521 ἔρημον
3707 4446 3827 4499 Θεο).

602 4541 736 4608 Quae
762 4541 983 4611 quidem
1012 4556 1113 4596 nec
1156 4549 1394 4605 seretur,
1436 4556 1617 4611 neque
1647 4539 2130 4610 germinabit,qual

2300 4546 2456 4607 Ἠτις
2477 4544 2538 4596 οὐ
2571 4543 2910 4614 σπαρήσεται
2950 4542 3071 4595 οὐδὲ
3100 4542 3372 4604 ἀνατελεῖ,
3404 4544 3511 4595 κᾶν
3542 4545 3709 4611 cruor:
3748 4540 3828 4588 πᾶν

604 4634 811 4688 tumvis
865 4633 1049 4689 virens
1106 4643 1202 4689 aut
1256 4650 1450 4691 recens
1513 4650 1738 4705 germen
1778 4634 1982 4703 politiae
2023 4651 2132 4688 evai

2299 4638 2499 4709 χλωρὸν
2531 4640 2588 4690 ὲν
2620 4637 2809 4709 αὑτῇ,]
2834 4637 2895 4691 τὸ
2925 4638 3043 4691 νέον
3079 4637 3366 4706 βλάστημα
3383 4636 3483 4705 τῆς
3508 4629 3827 4703 εὖαγγελικῆς

611 4725 797 4791 gelicm
832 4726 886 4779 in
917 4742 1035 4781 eam
1096 4728 1369 4792 mittatur,
1412 4726 1732 4781 volatilibus
1765 4726 1888 4780 caeli
1937 4740 1999 4780 ea
2033 4726 2135 4779 abr

2298 4731 2595 4793 πολιτείας,
2636 4731 2725 4784 διὰ
2754 4732 2849 4802 τὴν
2877 4732 3076 4783 κακίαν
3134 4730 3299 4798 αὐτῆς
3348 4729 3616 4796 δηλονότι,
3647 4729 3737 4779 τῶν
3758 4740 3826 4773 πει

613 4817 887 4884 pienlibtts
922 4819 987 4873 ”.
1836 4832 1837 4835 ‘
2295 4823 2486 4875 τεινῶν
2527 4822 2881 4891 ἁρπαζόντων
2904 4822 2995 4873 τὸν
3026 4821 3246 4889 σπόρον.

683 4904 799 4960 Erit
824 4924 955 4963 vero
984 4910 1131 4964 sicut
1163 4910 1401 4965 Sodoma
1448 4918 1502 4965 et
1546 4910 1876 4973 Gomorrha,
1910 4909 2022 4962 imo
2060 4923 2191 4963 vero

2367 4915 2565 4966 Ἔσται
2627 4913 2684 4965 δὲ
2730 4911 2804 4972 ὡς
2867 4911 3073 4979 Σόδομα
3127 4911 3220 4963 καὶ
3261 4910 3541 4981 Γόμορρα,
3586 4909 3757 4978 μᾶλλον
3784 4903 3822 4952 5':

608 4998 807 5053 melius
841 4998 1121 5055 habebunt
1146 5002 1267 5056 ista:
1290 5003 1343 5056 in
1372 5001 1676 5071 diejudicii
1708 5016 1871 5071 quam
1895 5009 2038 5055 terra
2063 5000 2133 5055 ist

2297 5006 2653 5073 ἀνεκτότερον
2703 5003 2856 5056 ἔσται
2903 5003 3151 5064 ταύταις,
3213 5002 3244 5071 ἦ
3295 5006 3363 5073 τῇ
3438 5006 3508 5073 τῇ
3566 5000 3742 5069 ἐκείνῃ,
3776 4994 3822 5061 ἦν

609 5091 785 5158 Quam
819 5093 1170 5163 conspiciunt
1200 5096 1290 5163 qui
1329 5095 1384 5149 in
1410 5103 1554 5148 terra
1588 5095 1894 5165 longinqua
1929 5092 2129 5147 veniun

2294 5098 2524 5167 δρῶντες
2559 5100 2621 5149 ἐκ
2662 5095 2761 5163 γῆς
2794 5092 3089 5166 μακρόθεν,
3118 5093 3397 5147 τουτέστιν
3424 5094 3475 5145 οἱ
3499 5092 3623 5145 ποτὲ
3654 5084 3822 5158 μακρὰν

609 5185 713 5238 hoc
734 5191 838 5249 est,
873 5186 1069 5255 pagani
1099 5186 1187 5257 qui
1227 5201 1257 5240 a
1290 5186 1401 5241 Deo
1431 5187 1589 5253 longe
1634 5186 1762 5239 olim
1800 5193 1981 5247 erant,
2010 5183 2137 5238 idoli

2297 5190 2505 5244 ἐθνικοὶ
2538 5189 2631 5242 τοῦ
2665 5188 2823 5252 Θεοῦ,
2851 5188 3032 5259 ἐροῦσι
3059 5190 3170 5249 τοῖς
3202 5187 3635 5257 εἰδωλολάτραις,
3690 5176 3820 5249 ὁρώπί

609 5276 764 5333 latris
813 5277 1317 5347 contemplantibus
1368 5275 1977 5347 percontantibusque,
2043 5288 2137 5343 qut

2291 5300 2349 5335 τε
2398 5284 2489 5334 καὶ
2519 5279 2963 5351 πυνθανομένοις,
2995 5281 3078 5332 ὃτι
3113 5279 3435 5332 κατέλειπον
3470 5278 3565 5349 τὴν
3604 5274 3818 5339 διαθήκην

609 5367 1021 5439 dereliquerunt
1051 5377 1442 5425 testamentum
1496 5367 1738 5432 Domini,
1773 5366 1997 5421 dicent:
2036 5385 2053 5417 ι
2079 5365 2188 5420 Ne-
2294 5375 2523 5446 Κυρίου.

612 5476 721 5531 que
742 5460 1027 5515 distribuit
1050 5459 1197 5525 illis;
1238 5477 1255 5511 ι
1304 5457 1714 5529 Symmachus:
1760 5459 1941 5526 Neque
1998 5472 2188 5510 conve-

611 5555 786 5607 niebat
815 5554 944 5609 illis.

685 5712 726 5741 '°
766 5710 922 5764 Joan.
957 5728 1068 5777 τιν,
1103 5710 1157 5766 6.
1237 5713 1279 5743 ἰ
1314 5710 1417 5766 lsa.
1458 5728 1588 5776 nx,
1617 5711 1674 5775 ‘2;
1704 5727 1849 5770 sui,
1889 5712 1936 5761 l.
2016 5708 2057 5738 "
2088 5707 2289 5777 iorem.
2318 5707 2485 5771 ",18.
2635 5703 2791 5777 [)eut.
2816 5706 3040 5777 nm}.
3118 5701 3352 5777 “dicm.
3388 5718 3425 5765 ι,
3454 5691 3813 5777 21L_"l__€;‘"-

612 5797 664 5842 v,
696 5783 747 5834 7.
855 5783 898 5814 ¹⁶
925 5763 1100 5836 Galat.
1143 5798 1196 5843 v,
1223 5782 1276 5836 9.
1394 5782 1435 5813 "
1462 5763 1606 5835 l’sal.
1642 5763 1918 5842 uvattJ.
2031 5778 2072 5806 ⁸⁸
2110 5775 2140 5829 Ρ

2284 5763 2479 5843 ειξιθ.
2560 5774 2782 5830 "Psal.
2828 5763 3060 5841 nubi.
3137 5763 3610 5837 "Psal.c\'t,5i.
3680 5763 3806 5814 ’ἰδρ-

614 5867 666 5917 v,
689 5852 742 5903 6.
820 5853 865 5884 ¹²
899 5852 1087 5906 Matth.
1124 5867 1221 5913 xu.
1253 5854 1340 5906 45.
1419 5854 1463 5883 ’³
1492 5851 1685 5905 Matth.
1714 5868 1829 5905 xm.
1860 5854 1910 5905 4.
