4090 6512
249 403 359 469 949

1184 407 1722 469 COMMENTARII
1763 408 1847 469 IN
1889 406 2589 470 DEUTERONOMIUM.

329 516 396 571 Ει
427 516 579 585 ejecit
618 531 704 569 eos
736 516 790 569 in
848 524 1042 568 terram
1073 515 1260 570 ariam.
1292 515 1440 588 {28.}
1467 505 1607 571 Olim
1642 520 1863 589 quidem
1897 528 1949 573 et
1984 519 2047 573 ad
2087 528 2301 589 tempus
2324 519 2379 571 in
2406 514 2718 588 Assyriam,
2746 526 2893 568 nunc
2944 525 3075 568 vero
3108 508 3162 565 in
3204 508 3519 565 universam

250 613 483 669 terram,
526 604 693 674 idque
738 613 1030 673 perpetuo.

330 722 408 775 Τὰ
436 719 671 789 κρυπτὰ
706 722 897 787 Κυρίῳ
930 718 1008 785 τῷ
1036 718 1156 783 Θεῷ
1184 718 1369 789 ὑμῶν,
1403 720 1438 773 θ.
1473 721 1710 791 Χριστὸς
1747 722 1833 774 ὲλ-

2009 723 2333 777 Abscondita
2364 720 2590 774 Domino
2650 717 2762 771 Deo
2798 676 3003 771 nostra.
3032 713 3173 787 [‘29.]
3202 712 3335 779 Qua:
3360 710 3521 766 Chri-

250 811 364 867 θὼν
394 816 475 875 εἰς
502 812 892 881 ἀναπλήρωσιν
907 810 1002 863 τοῦ
1027 811 1191 882 νόμου
1221 812 1529 882 παρέδωκε,
1548 814 1607 865 τὸ
1630 832 1647 863 ι
1672 813 1836 882 Ἀγα-

250 908 366 977 πᾷν
400 906 528 969 τοὺς
559 905 806 976 ἐχθροὺς,
853 923 870 955 ι
905 905 999 957 καὶ
1030 904 1097 957 τὰ
1148 904 1394 959 τοιαῦτα.
1433 906 1612 971 "Amp
1641 902 1708 977 ἦν
1734 907 1840 960 πά-

249 998 345 1052 λαι
379 1001 492 1062 τοῖς
556 996 917 1069 Ἰσραηλίταις
973 997 1283 1069 ἀπόρρητα.
1317 998 1393 1051 Δι’
1438 998 1473 1051 ἃ
1498 999 1612 1067 ⁹κού.
1649 999 1711 1052 τὸ
1740 999 1840 1053 κά-

250 1090 451 1161 λυμμα
512 1089 590 1160 τῷ
630 1089 908 1161 προσώπῳ
951 1091 1190 1161 Μωῦσῆς
1272 1090 1573 1155 ἐπετίθετο,
1617 1090 1692 1154 ὡς
1743 1092 1840 1146 καὶ

251 1183 471 1246 Παῦλος
499 1186 558 1235 ἐν
573 1186 638 1255 τῇ
662 1183 891 1253 δευτέρᾳ.
913 1183 1049 1251 πρὸς
1081 1181 1405 1252 Κορινθίους
1436 1184 1593 1253 φησι.

1946 823 2066 871 slus
2091 830 2217 869 cum
2250 812 2515 874 venisset,
2549 810 2687 880 legis
2718 808 2967 863 auctario
3000 805 3279 877 exposuit.
3315 802 3519 867 Veluti,

1951 928 1970 960 ‹
2013 907 2229 979 Diligite
2285 904 2541 960 inimicos
2590 909 2807 958 vestros
2849 900 2918 964 “,
2976 919 2993 951 ι
3055 907 3109 954 et
3152 899 3238 954 his
3294 897 3520 952 similia.

1946 998 2079 1065 Qua:
2134 998 2202 1051 ab
2257 996 2522 1051 lsraelitis
2562 994 2695 1049 olim
2750 992 3008 1047 abstrusa
3051 999 3228 1053 erant,
3283 990 3354 1043 ob
3402 1002 3524 1058 qua:

1947 1090 2118 1145 Mosis
2149 1088 2318 1144 facies
2373 1088 2499 1143 velo
2536 1084 2923 1156 obtegebatur,
2958 1091 3097 1139 teste
3142 1083 3311 1137 etiam
3347 1082 3401 1134 in
3433 1095 3523 1136 se-

1946 1182 2127 1238 cunda
2155 1180 2223 1235 ad
2251 1178 2570 1236 Corinthios
2600 1176 2770 1231 Paulo
2800 1178 2868 1230 ’³.

333 1292 402 1346 Et
418 1292 589 1347 denuo
622 1301 668 1346 te
703 1291 912 1362 colliget
939 1306 1004 1346 ea:
1020 1291 1262 1346 omnibus
1294 1293 1556 1363 gentibus.
1592 1291 1785 1364 [XXX,
1817 1290 1900 1364 3.]
1934 1290 2047 1347 Hoc
2078 1291 2261 1347 evenit
2294 1290 2349 1343 in
2382 1286 2562 1343 reditu
2600 1284 2730 1356 Cyri
2757 1281 3027 1353 auspiciis
3102 1278 3268 1334 facto.
3301 1276 3521 1333 Necnon

252 1379 315 1433 in
348 1380 513 1434 nobis
543 1395 762 1449 quoque
788 1380 1093 1434 secundum
1117 1378 1371 1448 spiritum
1416 1396 1432 1433 :
1469 1380 1587 1449 ipse
1618 1381 1763 1433 enim
1790 1389 2145 1451 peccatorum
2204 1386 2526 1432 nostrorum
2565 1371 2792 1427 vulnera
2838 1368 3074 1432 curavit,
3113 1382 3178 1422 ac
3222 1366 3395 1420 nostri
3437 1371 3524 1419 est

253 1467 550 1523 misertus.
571 1466 798 1536 Collegit
828 1467 955 1521 item
993 1481 1059 1521 ex
1093 1466 1348 1522 omnibus
1377 1467 1633 1538 gentibus
1701 1466 1755 1521 in
1808 1483 1950 1537 quas
2006 1484 2109 1524 nos
2149 1464 2433 1536 dispersit,
2483 1475 2594 1515 non
2647 1460 2827 1513 libens
2855 1456 3100 1527 quidem,
3147 1468 3335 1507 verum
3364 1452 3523 1506 nobis

252 1554 333 1607 ita
353 1554 702 1624 cupientibus
736 1555 1006 1623 permisit.
1046 1553 1294 1609 Tradidit
1321 1554 1550 1624 insuper
1580 1555 1745 1609 nobis
1778 1565 1983 1610 terram
2013 1565 2230 1625 patrum
2267 1559 2616 1613 nostrorum,
2649 1561 2720 1601 cu
2743 1560 2795 1599 ιιι
2827 1542 3149 1599 mundasset
3190 1539 3409 1594 lavacro
3436 1553 3524 1594 re-

252 1643 658 1710 generationis.
702 1639 768 1695 Ut
800 1649 983 1696 autem
1022 1641 1462 1711 desperationem
1497 1651 1730 1705 avertat,
1764 1645 1960 1698 merito
1993 1644 2105 1697 haec
2134 1639 2376 1709 adjecit:

334 1754 469 1807 Ἵνα
526 1752 625 1822 ζῇς
666 1754 767 1807 σύ,
830 1753 952 1824 Ζωὴ
974 1752 1083 1823 γὰρ
1114 1753 1283 1817 ἀΐδιος
1306 1754 1367 1806 τδ
1390 1748 1530 1806 εἶναι
1562 1752 1839 1823 καθαροὺς

252 1847 326 1915 τῇ
361 1844 582 1915 καρδίᾳ,
607 1846 703 1898 καὶ
742 1846 963 1917 ἀγαπᾷν
991 1845 1082 1898 τὸν
1132 1845 1265 1897 Θεὸν
1313 1845 1672 1915 ἁδιοτάκτως.
1705 1844 1840 1897 Ὅτε

252 1938 353 1989 καὶ
380 1937 564 1990 δίδωσι
584 1936 681 2000 τὰς
702 1938 839 2009 ἀρὰς
867 1938 960 1990 ἐπὶ
984 1940 1109 1999 τοὺς
1126 1936 1355 2008 ἐχθροὺς
1387 1935 1565 2006 ἡμῶν,
1600 1935 1685 1987 ἴνα
1703 1934 1837 2005 ψάλ-

251 2027 441 2088 λωμεν
461 2045 475 2059 ο
516 2048 534 2081 ί
569 2030 1194 2100 Ἐξομολογήσομαίσοι,
1222 2027 1417 2097 Κύριε,
1449 2028 1531 2080 ὅτι
1561 2028 1624 2079 ὲκ
1659 2026 1840 2096 πάσης

254 2117 493 2188 θλίψεως
524 2120 740 2191 ὲρρύσω
781 2138 872 2189 με,
904 2121 997 2173 καὶ
1021 2121 1076 2172 ἐν
1109 2122 1221 2182 τοῖς
1248 2118 1465 2189 ἐχθροῖς
1498 2135 1602 2188 μου
1633 2117 1840 2170 ἐπεῖδεν

251 2216 282 2266 ὁ
308 2213 587 2285 ὀφθαλμός
641 2232 744 2283 μου
771 2231 786 2246 ·
844 2216 959 2278 καὶ,
1018 2214 1179 2276 αὐτὸς
1237 2212 1568 2282 ἀποστρέψει
1595 2211 1665 2265 τὰ
1694 2211 1841 2266 κακὰ

254 2306 375 2369 τοῖς
405 2306 621 2377 ἐχθροῖς
653 2323 778 2376 μου,
813 2325 831 2357 ι
866 2304 1068 2377 δηλαδὴ
1101 2308 1212 2368 τοῖς
1238 2307 1468 2375 νοητοῖς.

2023 1752 2089 1807 Ut
2134 1760 2192 1805 ut
2242 1752 2409 1805 vivas.
2443 1746 2549 1821 [8.]
2601 1746 2721 1802 Vita
2780 1745 2925 1799 enim
2977 1751 3180 1797 aeterna
3235 1747 3320 1796 est
3362 1736 3525 1794 corde

1947 1858 2116 1915 puros
2145 1857 2290 1906 esse,
2333 1849 2387 1895 et
2446 1838 2614 1893 Deum
2678 1850 2803 1889 cum
2836 1832 2985 1888 omni
3035 1832 3232 1887 fiducia
3267 1830 3515 1898 diligere.

1947 1932 2182 2000 Quando
2210 1932 2375 1987 etiam
2410 1928 2655 1983 inimicis
2703 1926 2913 1981 nostris
2975 1925 3118 1977 mala
3140 1922 3526 1993 zingcritzquo

1947 2042 2149 2081 canere
2203 2040 2327 2079 cum
2386 2021 2586 2076 Davide
2638 2020 2961 2089 possimus:
3002 2036 3021 2069 ι
3061 2012 3521 2078 (ἶοιιιίιριοιίἱιή,

1948 2118 2201 2183 Domine,
2254 2116 2515 2186 quoniam
2554 2114 2731 2167 bonus
2772 2126 2856 2174 es,
2884 2120 2941 2165 et
2983 2124 3069 2163 me
3103 2124 3169 2163 ex
3206 2105 3361 2162 omni
3386 2104 3524 2158 allii-

1947 2209 2130 2264 ctione
2152 2205 2423 2260 liberasti.
2453 2202 2517 2255 Et
2537 2203 2680 2255 inter
2704 2200 2894 2254 hostes
2924 2213 3075 2252 meos
3115 2197 3365 2266 suspexit
3392 2210 3529 2249 ocu-

1948 2303 2035 2356 lus
2060 2314 2238 2363 meus,
2263 2306 2318 2352 et
2351 2298 2468 2365 ipse
2520 2293 2717 2349 reddet
2743 2293 2886 2345 mala
2942 2290 3195 2346 hostibus
3234 2289 3371 2343 meis
3401 2288 3479 2353 ",7
3502 2303 3518 2332 ι

1948 2390 2334 2461 spiritualibus
2360 2385 2636 2442 videlicet.
3227 2392 3237 2402 '

328 2486 503 2553 Prope
531 2497 577 2540 te
600 2498 675 2542 est
701 2487 914 2543 verbum
941 2490 1037 2544 hoc
1060 2488 1235 2548 valde.
1260 2490 1315 2542 in
1333 2505 1423 2543 ore
1451 2498 1565 2554 tuo,
1588 2501 1635 2543 et
1659 2488 1715 2542 in
1743 2487 1901 2543 corde
1927 2498 2035 2540 tuo.
2076 2484 2214 2558 [H.l
2240 2484 2365 2537 llaec
2400 2497 2523 2537 cum
2564 2480 2621 2534 in
2673 2477 2912 2533 medium
2949 2474 3269 2546 protulisset
3297 2471 3531 2529 Paulus,

256 2574 556 2629 subintulit
599 2596 611 2630 ε
656 2599 673 2630 ι
715 2578 826 2633 lloc
857 2587 943 2635 est
983 2581 1212 2634 verbum
1242 2579 1366 2634 fidei
1401 2579 1547 2647 quod
1594 2579 1963 2648 przedicamus
2002 2577 2070 2629 ’⁷.
2110 2593 2128 2626 ι
2164 2572 2241 2629 De
2287 2572 2392 2628 fide
2445 2581 2723 2640 usurpans
2780 2564 2926 2636 quod
2989 2565 3057 2618 de
3102 2560 3364 2616 mandato
3412 2569 3532 2615 erat

256 2662 496 2717 dictum.
524 2664 597 2720 De
621 2682 733 2736 quo
756 2666 859 2722 Job
895 2668 949 2721 in
977 2669 1192 2723 decimo
1228 2684 1449 2739 quoque
1514 2647 1695 2739 capite
1751 2666 2019 2737 loquitur,
2072 2660 2474 2728 scientiamque
2521 2672 2585 2710 ac
2633 2652 2959 2724 sapientiam
2994 2658 3174 2706 vocat.
3226 2647 3372 2702 Dixit
3397 2662 3528 2701 vero

260 2749 475 2819 homini
516 2770 527 2803 ε
562 2753 703 2809 Ecce
737 2755 827 2809 Dei
855 2758 1163 2811 reverentia
1200 2758 1472 2827 sapientia
1523 2733 1627 2822 est,
1659 2733 1935 2811 abstinere
1968 2767 2097 2807 vero
2153 2766 2183 2804 a
2240 2750 2505 2819 peccatis,
2536 2743 2764 2798 scientia
2797 2741 2864 2793 ’⁸.
2907 2738 3082 2795 Porro
3118 2737 3173 2791 in
3206 2735 3419 2791 Baruch
3458 2733 3528 2788 de

260 2839 536 2907 sapientia
557 2839 826 2898 .leremias
853 2843 1033 2913 inquit
1068 2860 1082 2898 :
1117 2864 1134 2895 ‹
1171 2822 1305 2909 Quis
1335 2843 1582 2898 ascendit
1615 2843 1670 2897 in
1701 2842 1900 2897 ccelum
1937 2849 1991 2897 et
2022 2834 2443 2907 comprehendit
2474 2833 2667 2887 illam?
2698 2830 2822 2901 quis
2848 2827 3085 2885 detraxit
3132 2840 3253 2881 eam
3291 2840 3323 2880 e
3370 2822 3531 2877 nubi-

259 2927 412 2980 bus?
439 2926 575 2993 Quis
602 2929 812 2998 trajecit
844 2946 995 2985 mare
1047 2932 1139 3001 qui
1175 2932 1443 2986 invenerit
1468 2947 1612 2992 eam,
1657 2946 1905 2999 auroque
1977 2942 2117 2998 puro
2159 2922 2528 2994 compararit?
2555 2919 2672 2974 Non
2704 2925 2789 2974 est
2827 2917 2923 2987 qui
2957 2915 3104 2969 viam
3132 2914 3255 2984 ejus
3292 2910 3529 2976 noverit,

260 3020 361 3066 aut
390 3013 481 3080 qui
506 3015 696 3070 callem
732 3017 853 3087 ejus
895 2999 1225 3086 perpensum
1259 3019 1478 3074 habeat.
1506 3016 1710 3073 Verum
1750 3017 1836 3071 cui
1906 3024 2035 3070 nota
2097 3022 2228 3069 sunt
2261 3011 2470 3077 omnia,
2504 3009 2551 3065 is
2598 3016 2653 3063 et
2714 3007 2857 3061 hanc
2900 3002 3193 3073 prudentia
3240 3015 3337 3055 sua
3370 2999 3531 3053 habet

260 3104 540 3173 cognitam
566 3107 632 3160 '9.
673 3125 691 3158 ι
724 3105 841 3161 Νοη
873 3108 1036 3177 igitur
1061 3108 1386 3163 immensum
1421 3120 1507 3164 est
1535 3108 1879 3169 mandatum,
1901 3113 2164 3174 tanquam
2196 3099 2433 3155 infantes
2463 3097 2608 3151 enim
2639 3095 2782 3149 lacte
2811 3086 3045 3162 pOtavit.
3082 3089 3296 3159 Ecquid
3330 3088 3529 3141 mirum

261 3205 400 3243 vero
454 3205 577 3246 esse
638 3191 821 3258 debet,
880 3176 1001 3249 cum
1066 3195 1305 3252 Joannes
1346 3212 1568 3266 quoque
1602 3195 1809 3250 Christi
1871 3192 2129 3247 mandata
2163 3190 2303 3245 levia
2338 3201 2464 3244 esse
2497 3184 2737 3241 astruit?
2779 3180 2923 3247 Quin
2958 3188 3013 3233 et
3040 3180 3267 3249 ipsemet
3295 3176 3477 3247 inquit
3514 3194 3526 3228 :

270 3294 291 3327 ι
336 3276 536 3347 Jugum
569 3296 747 3334 meum
789 3282 1016 3346 bonum,
1051 3291 1104 3337 et
1144 3298 1288 3337 onus
1335 3264 1516 3337 meum
1548 3283 1665 3338 leve
1697 3284 1763 3347 ³ο,
1800 3302 1819 3335 ι
1856 3291 2067 3352 quanto
2119 3280 2293 3349 magis
2355 3272 2634 3346 paedagogi
2668 3269 2816 3341 quod
2862 3267 3011 3324 circa
3043 3266 3266 3324 sensilia
3303 3264 3532 3321 vertitur

263 3367 616 3424 mandatum.

338 3489 813 3558 Διαμαρτύρομαι
855 3491 998 3559 ὑμῖν
1047 3491 1316 3560 σήμερον
1348 3492 1455 3545 τόν
1486 3508 1549 3545 τε
1590 3490 1839 3559 οὐρανὸν

2025 3487 2269 3542 Oblestor
2296 3484 2453 3538 hodie
2485 3491 2534 3537 et
2579 3482 2767 3537 emtum
2799 3489 2849 3535 et
2874 3489 3092 3543 terram,
3128 3477 3289 3532 vitam
3322 3487 3369 3529 et
3389 3490 3529 3528 moro

267 3577 371 3631 καὶ
393 3579 510 3645 τὴν
538 3580 676 3647 γῆν,
713 3581 827 3649 τὴν
871 3582 1025 3651 ζὶοὴν
1066 3584 1161 3637 καὶ
1200 3585 1306 3637 τὸν
1336 3586 1597 3639 θάνατον
1621 3581 1839 3636 δέδωκα

1956 3590 2056 3635 tem
2081 3578 2332 3646 proposui
2362 3576 2528 3635 vobis,
2558 3581 2667 3628 etc.
2693 3570 2830 3644 [16.]
2862 3570 3212 3641 Quapropter
3244 3582 3367 3622 cum
3394 3565 3532 3621 falso

264 3671 385 3736 πρὸ
416 3671 744 3738 προσώπου
770 3673 956 3743 ὑμῶν.
999 3674 1055 3726 ’Λ
1065 3675 1218 3745 μέλει
1245 3675 1331 3729 διὰ
1352 3675 1532 3738 τοῦτο,
1572 3673 1839 3745 παραϐάνι

1956 3671 2378 3728 simulacrorum
2432 3668 2584 3721 cultu
2637 3664 3000 3735 deliquissent
3050 3661 3155 3731 ipsi
3190 3658 3243 3713 in
3276 3656 3531 3712 Judicum

301 3780 376 3815 ων
425 3763 602 3816 αὐτῶν
652 3768 746 3818 καὶ
796 3765 1421 3838 εἰδωλολατρευσάντων,
1475 3768 1532 3819 ὲν
1568 3768 1682 3828 τοῖς
1713 3767 1839 3835 Κρι-

298 3857 389 3910 ai:
421 3856 495 3910 (ὅ)
541 3857 812 3910 εὐκαίρως
867 3862 894 3910 ὁ
947 3863 1296 3910 συγγραφεὺς
1332 3844 1730 3910 ὲπιαέιινηται.
1756 3859 1839 3910 λέ-

1954 3763 2111 3817 libris
2137 3760 2343 3815 dicitur
2373 3776 2388 3813 :
2424 3776 2443 3809 ‹
2484 3760 2550 3811 lit
2586 3772 2779 3811 manus
2812 3754 3023 3809 Domini
3077 3751 3217 3805 mala
3264 3748 3526 3811 intendit,

1953 3854 2411 3910 quemadmodum
2460 3852 2674 3906 locutus
2716 3858 2800 3905 est
2836 3849 2916 3905 eis
2953 3846 3238 3910 Dominus,
3279 3852 3333 3900 et
3370 3859 3526 3910 quem

262 3857 389 3918 ταῖς
421 3856 495 3923 (ὅ)
541 3857 812 3929 εὐκαίρως
867 3862 894 3912 ὁ
947 3863 1296 3932 συγγραφεὺς
1332 3846 1730 3931 ἐπιμέμνηται,
1756 3859 1839 3912 λέ-

1953 3854 2411 3928 quemadmodum
2460 3852 2674 3906 locutus
2716 3858 2800 3905 est
2836 3849 2916 3905 eis
2953 3846 3238 3911 Dominus,
3279 3852 3333 3900 et
3370 3859 3530 3914 quem

282 3964 426 4015 γωνι
462 3968 479 3999 ι
528 3950 635 4002 Καὶ
676 3953 796 4022 χεὶρ
842 3953 1049 4024 Κυρίου
1087 3958 1167 4018 εἰς
1205 3957 1352 4009 κακὰ
1406 3956 1493 4010 ἐπ’
1552 3956 1768 4019 αὐτοὺς,
1816 3972 1836 4005 ι

282 4040 365 4092 toti.
396 4039 466 4090 τὰ
503 4039 650 4102 ἑξῆς.
1452 4080 1467 4099 ο

1954 3950 2242 4007 admodum
2268 3949 2349 4004 eis
2376 3947 2582 4016 juravit
2616 3946 2678 4000 ³¹.
2712 3965 2732 3997 ι

440 4039 466 4090 ἀ
503 4039 650 4107 ἑξῆς.

2029 4153 2260 4223 Lignum
2317 4152 2484 4223 igitur
2539 4153 2666 4206 vitae
2719 4166 2827 4205 non
2866 4149 3012 4205 aliud
3042 4159 3127 4206 est
3168 4165 3329 4220 quam
3368 4149 3527 4220 461

1958 4247 2053 4300 Dei
2078 4246 2317 4325 dilectio.
2352 4244 2733 4300 lnobedientia
2763 4245 2950 4314 itaque
2992 4251 3048 4299 et
3102 4243 3311 4313 lignum
3337 4242 3532 4297 mortis

1961 4338 2064 4393 sibi
2088 4337 2423 4407 respondent
2461 4338 2692 4391 invicem
2722 4337 2788 4390 ³⁹.

340 4432 694 4530 Dilectionem
720 4433 929 4530 idcirco
963 4434 1175 4530 Domini
1232 4436 1611 4530 vitamfvocat,
1642 4447 1695 4493 et
1724 4441 1935 4498 dierum
1973 4461 2078 4499 non
2112 4445 2398 4501 sensilium
2429 4444 2854 4514 longitudinem.
2915 4441 3064 4507 Quas
3113 4440 3343 4493 induere
3405 4453 3529 4492 cum

264 4519 610 4619 desideraret
637 4521 877 4619 sapiens,
914 4523 1093 4619 inquit
1124 4536 1138 4575 :
1174 4521 1355 4619 allen
1392 4524 1526 4619 mihi
1551 4526 1699 4594 quod
1731 4528 1996 4587 habitatio
2027 4549 2145 4587 mea
2177 4543 2262 4588 est
2294 4539 2592 4607 protracta.
2625 4530 2829 4586 Verum
2874 4543 3064 4583 earum
3095 4527 3295 4596 quibus
3355 4526 3527 4580 sancti

264 4608 433 4662 bonis
498 4607 779 4675 fruuntur,
838 4619 894 4665 et
945 4613 1089 4665 dona
1138 4612 1341 4666 eximia
1397 4614 1699 4683 accipiunt,
1733 4625 1787 4672 et
1818 4634 1848 4673 e
1881 4620 1991 4676 vita
2020 4621 2076 4675 in
2106 4623 2307 4685 vitam,
2334 4604 2372 4675 Ie
2403 4620 2507 4675 fide
2534 4620 2586 4673 in
2618 4619 2801 4682 fidem,
2838 4632 2867 4671 e
2894 4617 3109 4669 virtute
3150 4615 3202 4666 in
3271 4612 3530 4667 virtutem

264 4704 584 4794 transeunt.
618 4697 869 4768 Longaavi
906 4699 1093 4794 itaque
1115 4716 1225 4755 non
1257 4717 1654 4794 usquequaque
1686 4705 1809 4762 dies
1838 4709 2161 4772 extendunt,
2208 4723 2398 4763 verum
2432 4707 2485 4760 hi
2522 4706 2616 4777 qui
2675 4706 2952 4774 praeclarae
3010 4702 3248 4757 actionis
3310 4698 3530 4769 magni-

264 4786 471 4925 ἓξὲῗῖ
512 4800 608 4905 .813
662 4795 886 4858 augem'
943 4788 1292 4859 Quapropter
1341 4788 1513 4845 «Iacob
1559 4792 1971 4852 confessionem
2029 4797 2197 4852 edens
2261 4796 2457 4860 veluti,
2520 4794 2742 4863 inquit:
2786 4791 3005 4846 «Pauci
3061 4797 3117 4845 et
3170 4788 3343 4857 iniqui
3400 4797 3530 4844 sunt

478 4888 527 4925 ei
601 4892 660 4925 ,ι
918 4914 927 4920 .

306 4888 387 4925 ICS
422 4887 527 4927 met
548 4887 614 4927 ⁶¹.
642 4892 660 4925 ι
918 4914 927 4920 .

324 4959 537 5058 .Viruiu
569 4971 617 5058 te
644 4971 845 5058 prata-ta
874 4971 925 5058 et
944 4962 1159 5031 fortiter
1183 4978 1296 5058 age.
1318 4961 1632 5058 [XXX-L7.)
1657 4964 1815 5020 Cedit
1847 4965 2024 5021 Moses
2056 4965 2245 5023 Josue.
2280 4968 2370 5024 Dei
2390 4969 2615 5024 decreto
2647 4970 2730 5023 lex
2767 4967 2957 5039 gratia:
2982 4968 3157 5035 cedit,
3194 4982 3388 5023 servus
3423 4965 3531 5021 Do-

262 5049 441 5111 mino,
472 5046 677 5103 Christi
712 5049 856 5103 enim
897 5047 1125 5118 figuram
1187 5047 1355 5104 .losue
1381 5050 1537 5118 gerit.
1590 5050 1694 5117 Qui
1729 5061 2017 5123 postquam
2053 5056 2109 5109 in
2143 5057 2407 5113 mundum
2453 5058 2622 5122 venit,
2653 5058 2802 5112 nulla
2832 5058 3051 5113 umbra.L
3070 5064 3168 5111 aut
3221 5057 3522 5126 figurarum

263 5135 539 5189 habeatur
578 5139 740 5191 ratio.
774 5136 857 5190 Ad
890 5137 1248 5207 ignominiam
1303 5137 1504 5193 divinae
1528 5140 1946 5210 gubernationis
1976 5144 2155 5212 ipsum
2191 5153 2425 5214 spectat,
2458 5157 2522 5200 et
2554 5155 2816 5201 auctores
2862 5146 2988 5215 ejus
3018 5145 3230 5199 alienos
3260 5158 3288 5196 a
3342 5143 3520 5213 gratia

264 5222 470 5277 reddit.
536 5223 879 5292 Quapropter
900 5224 967 5278 ad
990 5224 1212 5279 Galatas
1261 5222 1466 5279 Paulus
1498 5227 1576 5279 ait
1613 5243 1625 5279 :
1670 5227 1858 5282 «Adeo
1901 5232 2165 5287 vecordes
2214 5233 2372 5297 estis,
2404 5234 2581 5303 utqui
2619 5233 2673 5287 in
2707 5232 2904 5301 spiritu
2976 5230 3318 5300 inceperitis,
3377 5246 3527 5285 nunc

263 5321 442 5363 carne
476 5309 836 5379 perficiamini
860 5312 926 5364 ³⁸.
955 5329 973 5361 ι
1017 5309 1079 5364 Et
1124 5311 1326 5365 iterum
1356 5328 1370 5365 :
1408 5329 1426 5362 ι
1453 5312 1733 5383 Quotquot
1768 5317 1822 5370 in
1857 5317 1971 5388 lege
2000 5319 2272 5390 justitiam
2311 5322 2578 5393 quaaritis,
2615 5338 2645 5377 e
2675 5322 2850 5394 gratia
2900 5320 3188 5378 excidistis
3212 5319 3281 5375 ³³.
3310 5339 3327 5371 ι
3391 5318 3525 5373 Ces-

340 4146 517 4200 Τοῦτο
542 4148 636 4202 οὖν
697 4152 813 4203 ἐστι
866 4150 926 4204 τὸ
974 4151 1130 4218 ξύλον
1163 4151 1263 4221 τῆς
1305 4150 1450 4222 ζωῆς
1476 4154 1508 4222 ἡ
1536 4151 1728 4223 ἀγάπη
1751 4151 1845 4205 τοῦ

264 4239 405 4293 Θεοῦ
436 4259 449 4275 ·
471 4240 658 4314 ὥσπερ
682 4238 775 4297 οὗν
804 4242 865 4296 τὸ
899 4244 1056 4309 ξύλον
1095 4244 1190 4298 τοῦ
1225 4244 1454 4299 θανάτου
1498 4246 1531 4314 ἡ
1564 4246 1845 4315 παρακοή.

348 5480 396 5510 ’⁸
427 5479 616 5534 Matth.
649 5497 701 5543 v,
741 5480 829 5536 Η.
906 5482 952 5513 ’⁸
980 5479 1020 5533 ll
1052 5480 1179 5535 (lor.
1216 5498 1298 5548 In,
1325 5483 1411 5538 15.
1493 5481 1538 5512 ’⁸
1568 5481 1713 5537 Psal.
1747 5500 1839 5538 u-n

1980 5488 2031 5542 5.
2144 5491 2189 5522 ’⁷
2225 5488 2383 5545 Rom.
2416 5508 2469 5549 x.
2494 5491 2547 5546 8.

269 5551 319 5586 ιτ
351 5550 567 5605 Baruch
603 5534 807 5614 meo;
847 5553 937 5606 δε.
987 5553 1032 5585 ³ο
1065 5534 1380 5617 Manlii“,
1399 5534 1488 5611 So.
1568 5534 1839 5612 vitae;

273 5636 357 5687 tzt,
386 5620 442 5678 ὅ.
519 5624 561 5654 ³⁵
619 5620 798 5678 Galat.
825 5640 876 5689 v,
910 5622 962 5678 4.

1950 5534 2036 5613 πεῖ
2116 5534 2603 5626 ιιΡὲἶὲιζἝὶὐπῗδ.

2658 5490 2703 5521 ’⁸
2738 5489 2855 5545 Tob
2887 5505 2926 5553 ι,
2960 5487 3060 5553 10;
3094 5486 3259 5542 Eccli.
3299 5504 3381 5547 Ill,
3434 5487 3522 5541 32.

2690 5561 2736 5593 ³³
2764 5560 2900 5616 Gen.
2929 5573 3097 5625 xsvu,
3126 5560 3179 5613 9.
3266 5558 3310 5590 ³⁵
3343 5557 3522 5612 Galat.

1790 5719 2024 5776 ΝΟΤᾹΞ.

357 5839 432 5909 (3)
475 5839 562 5892 Ἑν
594 5841 706 5902 τοῖς
740 5840 969 5909 Κριτοιῖς
1001 5840 1215 5908 λέγεται
1248 5855 1259 5870 ·
1298 5840 1407 5894 Καὶ
1439 5840 1579 5909 χεὶρ,
1619 5856 1701 5893 κτ.
1745 5839 1802 5891 '0
1832 5839 1928 5910 τῆς
1960 5842 2092 5910 Aﬁr.
2126 5840 2259 5894 κώδ.
