4090 6522
271 355 379 419 953
1164 363 1705 427 COMMENTARII
1752 368 1832 427 IN
1880 369 2581 434 DEUTERONOMIUM.
3428 370 3533 435 95$

267 482 300 518 τ
319 484 376 515 ον
404 467 756 524 ἀνακαλεῖται
792 470 888 524 καὶ
914 470 1013 541 γῆ,
1044 471 1113 524 τὰ
1134 473 1365 527 καθόλου
1389 477 1488 546 τῆς
1518 476 1846 545 οἰκουμένης

1954 477 2291 532 invocantur
2335 479 2535 534 merito
2573 499 2585 535 :
2616 495 2738 550 quae
2770 491 2957 552 gentes
2990 496 3088 553 per
3115 490 3288 537 totum
3343 484 3532 537 orbem

269 556 400 680 ἷῖνη
460 558 764 629 δηλοῦντα,
831 563 925 616 καὶ
1001 561 1101 635 τῆς
1156 564 1213 616 ὲν
1262 565 1512 636 οὐρανοῖς
1567 567 1846 639 διατριϐῆς

1956 576 2265 635 versantes,
2297 584 2361 625 ac
2388 572 2709 628 coelestibus
2741 572 2970 629 sedibus
3000 573 3198 643 dignas
3231 587 3531 641 περιωδευ-

269 668 398 714 αςια
414 693 428 714 ,
1956 669 2096 716 tant.

340 768 525 824 Stiilet
542 778 599 821 ut
627 769 811 837 pluvia
837 770 1099 841 eloquium
1121 788 1314 826 meum.
1348 770 1688 844 [XXXILQJ
1706 772 1840 827 Cum
1865 772 2027 828 nubis
2050 775 2225 830 instar
2250 773 2425 830 Moses
2448 782 2612 839 esset,
2632 774 2738 830 isto
2762 775 2976 831 dicendi
3005 793 3206 847 genere
3221 780 3411 832 utitur.
3437 776 3531 833 Sic

267 859 414 913 enim
442 860 615 912 sancti
650 862 1021 928 appellantur.
1058 862 1133 915 De
1163 861 1365 930 quibus
1391 860 1599 915 dictum
1630 868 1849 915 exstat:
1886 880 1904 913 ι
1931 858 2150 917 Veritas
2178 869 2267 914 tua
2302 862 2368 916 ad
2393 862 2570 917 nubes
2602 878 2778 931 usque
2806 866 3066 934 protingit
3090 867 3159 921 ".
3188 885 3207 917 ι
3250 865 3351 932 Qui
3382 866 3526 921 enim

268 944 444 998 nubes
477 944 765 1000 insensiles
791 947 1041 1002 veritatis
1072 962 1294 1003 sensum
1319 947 1674 1018 percipiunt?
1705 946 1901 1004 Iisdem
1934 964 2155 1020 quoque
2191 965 2220 1002 a
2255 948 2365 1004 Deo
2397 950 2647 1004 mandari
2699 951 2924 1018 dicitur,
2956 961 3014 1007 ut
3059 955 3298 1024 pluviam
3366 960 3530 1007 terra:

265 1040 487 1103 negent.
524 1033 600 1088 Ac
630 1032 749 1102 ejus
803 1035 1045 1089 mandati
1081 1036 1252 1090 divini
1312 1051 1482 1092 sensu
1528 1045 1854 1106 tanguntur,
1887 1044 1941 1090 et
1962 1037 2050 1089 ubi
2084 1036 2372 1105 rigandum
2404 1036 2656 1091 minusve
2696 1046 2922 1092 norunt.
2982 1038 3079 1095 His
3136 1056 3268 1095 vero
3319 1038 3526 1104 verbis,

265 1128 325 1173 ut
357 1121 535 1175 locum
560 1120 703 1189 apud
725 1120 939 1191 scipsos
962 1123 1229 1190 parentia
1258 1136 1323 1176 eo
1346 1122 1565 1191 eloquia
1598 1123 1702 1178 ista
1729 1123 2029 1193 excipiant,
2067 1121 2528 1191 quemadmodum
2552 1123 2805 1193 agricola:
2830 1133 3029 1180 terram
3063 1142 3258 1196 parare
3322 1126 3527 1181 solent:

261 1222 377 1279 quo
398 1207 549 1261 nulla
577 1206 826 1261 eiabatur
850 1222 1014 1278 aqua,
1036 1209 1309 1264 hortatur.
2089 1217 2094 1221 ’

333 1326 410 1380 Τὸ
432 1329 698 1397 ἠρεμαῖον
725 1327 817 1381 καὶ
838 1324 913 1398 μὴ
932 1325 1140 1379 κατασύ
1150 1342 1238 1395 ρον
1253 1323 1365 1377 τῶν
1385 1322 1645 1395 ῥημάτων
1667 1321 1846 1392 δηλῶν

2024 1319 2229 1375 Deinde
2268 1322 2568 1384 lenitatem,
2598 1333 2650 1377 et
2679 1326 2972 1379 verborum
3039 1326 3368 1381 modestiam
3402 1339 3528 1396 qua

263 1419 410 1471 κατὰ
450 1419 621 1488 βραχύ
641 1419 925 1485 δυνόντων,
960 1418 1057 1471 καὶ
1083 1417 1182 1486 τὴν
1217 1415 1446 1487 καρδίαν
1479 1414 1846 1484 ἁπαλωτέραν

1954 1410 2212 1479 paulatim
2285 1412 2580 1468 subsidunt
2638 1430 2845 1486 corque
2902 1417 3315 1472 molliusculum
3370 1416 3525 1471 ferax

262 1512 405 1577 πρὸς
443 1510 819 1580 καρποφορίαν
844 1508 1254 1580 ἐργαζομένων,
1310 1506 1508 1576 δρόσον
1542 1505 1715 1559 ταῦτα
1745 1521 1845 1559 κα·

1954 1499 2206 1567 reddunt,
2236 1517 2357 1555 cuin
2389 1518 2452 1556 ea
2487 1504 2627 1560 roris
2660 1508 2925 1577 proponit
2988 1509 3234 1574 nomine,
3296 1507 3524 1562 indicat.

261 1603 365 1656 λεῖ.
416 1601 608 1654 Ὀποία
635 1602 728 1653 καὶ
761 1602 793 1670 ἡ
826 1598 1226 1654 καταϐαίνουσα
1266 1597 1407 1651 κατὰ
1450 1596 1618 1649 Δαϐὶδ
1648 1597 1743 1649 ἐπὶ
1766 1596 1835 1649 τὰ

1954 1591 2273 1661 Cujusmodi
2306 1603 2356 1648 et
2385 1594 2518 1647 illud
2540 1603 2648 1657 est,
2680 1612 2801 1666 qua:
2831 1597 3137 1662 descendit,
3161 1598 3321 1668 juxta
3362 1597 3524 1652 Davi-

260 1696 366 1764 όρη
397 1692 534 1745 Σιών
556 1710 571 1724 ·
596 1693 677 1746 ὅτι
708 1693 827 1744 ἐκεῖ
856 1690 1159 1745 ὶνετείλατο
1192 1688 1397 1759 Κύριος
1435 1688 1532 1758 τὴν
1560 1687 1839 1755 εὐλογίαν,

1954 1684 2093 1749 dem,
2125 1700 2291 1754 super
2318 1693 2533 1740 montes
2581 1686 2741 1751 Sion,
2787 1690 3048 1759 quoniam
3111 1692 3223 1745 illic
3274 1689 3527 1759 promisit

262 1783 412 1855 ζωὴν
445 1783 550 1845 ἕως
574 1781 667 1835 τοῦ
714 1781 930 1845 αίῶνος.
975 1780 1087 1832 Καὶ
1131 1779 1286 1833 αὐτοὶ
1339 1778 1520 1832 τοίνυν
1551 1780 1628 1842 ὡς
1651 1778 1843 1851 δρόσον

1954 1776 2214 1831 Dominus
2250 1778 2423 1831 vitam
2474 1776 2683 1833 felicem
2716 1780 2773 1835 in
2801 1788 3063 1836 aeternum
3087 1781 3155 1836 ".
3190 1778 3300 1852 ipsi
3337 1780 3525 1852 itaque

260 1873 550 1943 δεχόμενοι
579 1872 705 1935 τοὺς
727 1870 921 1941 λόγους
958 1869 1441 1940 εὐλογηθήσονται.

1954 1869 2112 1922 etiam
2150 1868 2242 1937 qui
2273 1869 2437 1924 verba
2468 1878 2729 1940 tanquam
2765 1886 2948 1927 rorem
2981 1872 3286 1943 excipiunt,
3345 1872 3525 1927 felici-

1179 1952 1186 1961 ’
1877 1946 1922 2006 Β
1950 1967 2063 2014 tate
2094 1960 2469 2016 donabuntnr.

2020 2054 2288 2108 Caeterum
2321 2054 2597 2125 ἄγρωστις
2628 2056 2794 2111 herba
2842 2056 3096 2126 quaedam
3131 2064 3237 2127 est,
3274 2069 3398 2126 qua:
3429 2070 3528 2110 su-

1950 2161 2046 2214 per
2078 2156 2220 2199 terra
2244 2149 2436 2216 serpit,
2463 2163 2528 2202 ac
2553 2147 2680 2201 altis
2712 2147 2999 2203 radicibus
3026 2148 3305 2214 tenuibus,
3338 2146 3528 2202 multis

1950 2250 2014 2289 ac
2046 2234 2428 2306 frequentibus
2475 2247 2678 2292 terram
2721 2253 2824 2292 ceu
2878 2237 3195 2291 humiditati
3260 2236 3529 2292 resisten-

262 2328 500 2400 ἔχουσαν
528 2332 649 2391 ταῖς
678 2327 1032 2397 ἐπομϐρίαις,
1074 2326 1150 2396 μὴ
1184 2324 1630 2396 παρασύρεσθαι,
1680 2324 1841 2375 πλέον

1954 2338 2057 2381 tem
2089 2329 2501 2398 complectitur,
2534 2332 2867 2402 altioresque
2890 2348 2961 2389 ne
2988 2331 3257 2386 evellatnr
3288 2328 3528 2384 subinde

260 2422 353 2475 ἀεὶ
385 2420 727 2491 ριζουμένην.
761 2418 945 2481 Οὕτως
972 2415 1067 2470 οῦν
1090 2417 1233 2483 ἀξιοῖ
1270 2416 1362 2469 τὸν
1395 2415 1613 2483 λογικὸν
1638 2414 1843 2485 ὄμϐρον

1954 2418 2160 2473 radices
2206 2419 2335 2489 agit.
2390 2421 2469 2474 Ad
2529 2421 2675 2475 hunc
2728 2424 2901 2492 igitur
2951 2421 3195 2485 modum,
3233 2419 3287 2473 in
3327 2417 3529 2473 mentis

258 2512 341 2583 τῷ
361 2512 462 2581 τῆς
486 2510 724 2571 διανοίας
750 2508 1225 2578 παραπέμπεσθαι
1281 2506 1458 2576 βάθει,
1499 2508 1706 2575 μήποτε
1743 2507 1836 2558 καὶ

1954 2510 2375 2579 profunditatem
2412 2514 2560 2567 verbi
2592 2514 2679 2568 sui
2712 2514 2944 2570 imbrem
2991 2513 3285 2567 demittere
3336 2509 3531 2579 digna-

263 2603 597 2675 ξηρανθιῖηι,
638 2602 711 2672 μὴ
755 2601 1060 2671 δεχόμενοι,
1122 2601 1218 2653 καὶ
1269 2600 1345 2661 ὼς
1372 2600 1652 2667 ἄγρωστις
1699 2597 1843 2666 ξηρὰ

1954 2610 2067 2665 tur,
2096 2618 2163 2657 ne
2187 2602 2328 2658 forte
2354 2606 2446 2674 qui
2482 2620 2590 2658 non
2623 2606 2930 2677 excipiunt,
2956 2608 3301 2668 exarescant,
3331 2608 3386 2655 et
3406 2611 3529 2653 tan-

264 2696 555 2768 βρωθῶσιν
588 2694 692 2747 ὐπὸ
718 2694 910 2764 πυρὸς,
949 2693 1093 2759 κατὰ
1149 2692 1250 2762 τὴν
1292 2690 1388 2744 τοῦ
1444 2690 1668 2743 Ἡσαΐου
1730 2708 1841 2758 φω-

1954 2710 2107 2763 quam
2144 2697 2312 2750 herba
2372 2698 2525 2752 arida
2562 2699 2629 2752 ab
2672 2698 2816 2770 igne,
2866 2697 3023 2767 juxta
3059 2695 3212 2751 Isaia:
3250 2707 3439 2747 vocem
3458 2687 3528 2755 “,

262 2791 367 2857 νήν

1954 2789 2336 2845 absumantur.

348 2054 413 2105 ἠ
432 2052 705 2122 ἄγρωστις
736 2032 841 2104 πόα
864 2069 949 2115 τις
980 2052 1134 2104 ἐστὶν
1156 2051 1527 2121 ἐπινεμομένη
1558 2052 1625 2121 τῇ
1651 2054 1721 2119 γῇ
1745 2051 1841 2103 καὶ¹

263 2148 514 2217 βαθείαις
549 2145 726 2215 ῥίζαις
750 2146 977 2209 λεπταῖς
992 2162 1049 2198 τε
1088 2146 1182 2197 καὶ
1211 2144 1432 2205 πολλαῖς
1460 2145 1553 2196 καὶ
1587 2146 1837 2206 πυκναῖς,

260 2235 379 2294 οἷόν
407 2256 517 2292 τισι
557 2236 755 2302 ζώναις
788 2238 887 2305 τὴν
933 2238 1037 2306 γῆν
1090 2235 1534 2304 περισφίγγουσα
1557 2250 1572 2265 ⁸
1605 2234 1680 2297 ὠς
1713 2235 1839 2286 ἀντ-

332 2894 613 2950 Fortassis
640 2908 771 2947 vero
803 2900 1021 2962 propter
1044 2892 1391 2945 sterilitatem
1427 2891 1535 2946 feni
1572 2901 1625 2945 et
1650 2892 1975 2963 ἀγρώστιος,
2035 2897 2165 2951 item
2201 2898 2340 2967 quod
2365 2899 2417 2952 in
2452 2898 2587 2953 locis
2643 2898 2866 2952 incultis
2933 2905 3239 2952 nascuntur
3266 2934 3283 2960 ,
3350 2890 3519 2948 steri-

258 2987 471 3039 litatem
498 2982 953 3050 asperitatemque
981 2994 1170 3034 eorum
1196 2981 1289 3049 qui
1327 2979 1565 3033 audituri
1598 2990 1756 3041 sunt.
1790 2981 1989 3048 innuit,
2040 2996 2374 3055 quapropter
2402 3001 2497 3040 eos
2531 2986 2837 3040 obtestatur
2903 2985 3091 3039 etiam.

335 3072 573 3126 Tribuile
588 3070 1033 3139 magniﬁcentiam
1068 3068 1174 3122 Deo
1203 3078 1402 3122 nostro.
1438 3065 1543 3139 [5.]
1566 3068 1709 3123 Nihil
1740 3070 1939 3125 humile
1977 3083 2066 3127 aut
2093 3084 2357 3128 creaturae
2404 3074 2583 3129 simile
2610 3074 2675 3127 de
2702 3088 2766 3127 eo
2791 3071 3139 3139 concipiatis.
3184 3069 3358 3122 Porro
3423 3065 3526 3119 Da-

256 3162 350 3218 vid
378 3175 593 3232 quoque
614 3160 687 3213 ait
720 3178 732 3212 :
772 3176 791 3207 ι
820 3156 1155 3225 Magnificam
1182 3155 1470 3209 Dominum
1508 3172 1740 3223 mecum,
1762 3166 1816 3211 et
1846 3162 2149 3216 exaltemus
2172 3176 2368 3215 nomen
2415 3161 2535 3231 ejus
2574 3161 2739 3216 simul
2764 3160 2833 3213 δ’.
2861 3178 2879 3211 ι
2916 3158 2974 3213 Si
2995 3160 3141 3213 enim
3190 3168 3359 3226 opera
3401 3153 3525 3223 ejus

257 3251 607 3321 niagniiinnt,
642 3256 849 3318 quanto
886 3249 1060 3315 magis
1090 3247 1207 3315 ipse
1237 3261 1428 3300 eorum
1476 3246 1753 3300 conditor.

332 3372 396 3424 Ei
433 3368 902 3440 γὰρὲμεγαλύνθη
925 3368 991 3431 τᾲ
1018 3366 1157 3434 ἔργα
1192 3364 1384 3427 αὐτοῦ,
1429 3363 1581 3435 πόσῳ
1632 3362 1837 3433 μᾶλλον

2018 3360 2093 3414 Ex
2125 3374 2351 3429 operum
2378 3359 2526 3412 enim
2560 3357 2964 3428 magnificentia
2998 3371 3062 3409 ac
3122 3356 3533 3424 pulchritudine
3588 3378 3597 3387 ι

256 3463 425 3526 αὐτὸς
458 3463 486 3514 ό
513 3459 719 3513 τούτων
746 3458 1113 3529 δημιουργόςί
1154 3459 1247 3511 Ἐκ
1280 3456 1545 3528 μεγέθους
1588 3457 1697 3525 γὰρ
1755 3459 1846 3510 καὶ

1954 3451 2199 3520 ipsorum
2253 3447 2435 3517 opifex
2495 3448 2600 3502 rite
2660 3446 3060 3517 perspicuitur.
3095 3444 3319 3499 Necnon
3362 3444 3535 3500 lsaias

257 3553 526 3621 καλλονῆς
548 3553 863 3620 κτισμάτων
882 3550 1163 3617 ἀναλόγως
1193 3551 1220 3601 ὁ
1248 3548 1631 3620 γενεσιουργδς
1662 3548 1846 3601 αὐτῶν

1954 3556 2083 3596 vero
2140 3542 2315 3609 inquit
2352 3557 2367 3593 :
2408 3559 2425 3590 ‹
2452 3538 2654 3593 Oculos
2712 3546 2926 3591 vestros
2971 3536 3222 3590 extollite
3250 3544 3305 3589 ct
3351 3534 3534 3590 videte

256 3645 575 3715 θεωρεῖται.
610 3642 720 3695 Καὶ
764 3641 994 3703 Ἡσαΐας
1028 3640 1083 3693 δέ
1109 3658 1297 3711 φησιν,
1339 3659 1356 3690 ‹
1391 3641 1667 3711 Ἐπάρατε
1716 3640 1846 3704 τούς

1954 3634 2077 3703 quis
2107 3632 2221 3686 haec
2250 3629 2633 3700 descripsit".
2661 3649 2678 3679 ι
2712 3627 2981 3683 Czeterum
3016 3627 3069 3680 in
3097 3641 3162 3679 eo
3195 3642 3307 3679 non
3332 3641 3534 3696 corpo-

256 3732 578 3800 ὀφθαλμοὺς
608 3730 782 3800 ὐμῶν,
811 3730 902 3783 καὶ
936 3729 1073 3781 ἴδετε
1103 3730 1189 3792 τίς
1248 3727 1524 3791 κατέδειξε
1581 3726 1790 3792 ταῦτα;
1824 3746 1843 3779 ι

1954 3724 2207 3779 reainest
2242 3722 2582 3791 magnitudo,
2635 3735 2829 3773 verum
2868 3718 2993 3773 talis
3024 3733 3151 3787 qum
3183 3716 3236 3770 in
3265 3716 3533 3770 immensa

258 3823 583 3891 Μέγεθοςδὲ
600 3822 749 3893 αὐτῷ
779 3823 839 3874 οὐ
881 3821 1213 3890 σωματικὸν,
1264 3819 1408 3871 κατὰ
1439 3819 1496 3872 δὲ
1529 3818 1629 3882 τὰς
1689 3818 1849 3870 ἀπεί-

263 3932 393 3987 ρους
423 3932 482 3967 τε
510 3914 789 3984 ἐνεργείας
836 3912 930 3964 καὶ
982 3910 1263 3979 δυνάμεις.
1311 3909 1465 3961 Ἐπεὶ
1512 3908 1609 3961 καὶ
1649 3906 1848 3976 μικρὸς

260 4008 406 4078 ἀνὴρ
434 4006 512 4076 τῷ
554 4003 784 4073 σώματι.
845 4002 1020 4071 μέγας
1073 4000 1214 4053 κατὰ
1268 3999 1460 4067 σοφίαν
1503 3998 1847 4067 ἐπονομάζε-

260 4117 375 4153 ται.

341 4190 451 4245 Καὶ
498 4187 686 4244 πᾶσαι
726 4189 784 4239 al
841 4185 965 4239 ὁδοί
1027 4185 1214 4239 αὐτοῦ
1253 4185 1485 4252 κρίσεις
1533 4196 1549 4211 ⁸
1592 4182 1845 4236 τουτέστι

266 4281 461 4349 σοφίας
484 4284 577 4333 καὶ
605 4279 841 4349 κρίσεως
866 4279 913 4329 οἱ
948 4278 1076 4347 περὶ
1102 4276 1356 4346 προνοίας
1396 4276 1633 4344 γέμουσι
1673 4274 1845 4340 λόγον,

264 4376 373 4430 κᾶν
403 4375 462 4427 τὸ
487 4372 690 4426 τούτων
746 4372 878 4441 ἡμῖν
932 4370 1004 4439 μὴ
1067 4368 1326 4439 φαίνηται
1384 4368 1594 4421 δίκαιον
1617 4383 1630 4396 '
1667 4366 1733 4418 δι’
1769 4359 1845 4418 ὧν

262 4470 366 4539 τὴν
388 4467 572 4518 πᾶσαν
604 4463 795 4533 ὥσπερ
816 4460 1201 4530 διαπορεύεται
1247 4460 1445 4523 κτίσιν,
1482 4458 1645 4529 βάθος
1679 4457 1845 4511 πλού-

262 4578 361 4615 του
390 4560 487 4612 καὶ
526 4559 714 4623 σοφίας
745 4554 906 4623 ἔχων,
952 4555 1048 4606 καὶ
1076 4553 1343 4623 κρίματα.
1398 4553 1541 4605 κατὰ
1568 4551 1660 4604 τὸν
1696 4548 1847 4603 Παῦ-

262 4654 383 4714 λον,
422 4647 845 4719 ἀνεξερεύνητα.

346 4832 441 4884 Ἔν
472 4830 550 4900 τῷ
570 4828 764 4897 δικαίῳ
792 4827 1002 4889 πιστὸς,
1040 4825 1117 4895 μὴ
1160 4824 1259 4895 τὴν
1306 4824 1473 4895 ὀρθὴν
1503 4825 1683 4897 κρίσιν
1711 4824 1847 4894 ψευ-

260 4926 525 4993 δόμενος·
576 4923 670 4975 καὶ
722 4918 930 4991 ἀληθὴς
962 4916 1453 4987 ἐπαγγελλόμενος,
1492 4919 1591 4970 οὐκ
1646 4917 1848 4971 ἀδικῶν

260 5016 363 5086 τὴν
391 5013 707 5082 ὑπόσχεσιν.
744 5011 819 5064 Τὸ
857 5010 914 5062 δὲ
950 5008 1141 5063 πιστὸν
1193 5008 1368 5061 διττὸν
1404 5009 1544 5062 κατὰ
1570 5009 1669 5078 τὴν
1699 5008 1848 5061 θείαν

262 5108 516 5175 Γραφὴν,
551 5106 583 5177 ἢ
619 5106 679 5159 τὸ
714 5105 1050 5171 ἀξιόπιστον,
1110 5103 1249 5172 ὅπερ
1302 5102 1507 5171 κυρίως
1557 5104 1651 5155 ἐπὶ
1685 5102 1850 5172 μόνου

264 5198 441 5253 Θεοῦ·
495 5197 571 5261 ὡς
625 5196 705 5249 τό’
743 5215 761 5247 ι
809 5196 1003 5258 Πιστὸς
1066 5196 1176 5267 γὰρ
1212 5199 1240 5249 ὁ
1280 5195 1783 5263 ἐπαγγειλάμενος·
1828 5213 1847 5247 ι

263 5291 379 5346 οἷον
409 5291 506 5344 καὶ
535 5290 595 5342 τὸ
629 5289 781 5357 παρὰ
806 5288 1027 5357 Πέτρῳσ
1068 5306 1085 5339 ι
1124 5288 1286 5340 Ὥστε
1315 5287 1410 5339 καὶ
1450 5288 1499 5339 οι
1549 5288 1852 5355 πάσχοντες

266 5387 415 5438 κατὰ
442 5383 503 5435 τὸ
537 5380 747 5451 θέλημα
765 5380 858 5434 τοῦ
883 5380 1041 5444 Θεοῦ,
1082 5379 1258 5448 πιστῷ
1304 5381 1498 5451 κτίστῃ
1544 5380 1847 5448 παρατιθέ-

269 5476 486 5529 σθωσαν
537 5476 633 5538 τὰς
693 5473 902 5527 ἑαυτῶν
933 5473 1133 5543 ψυχάς.
1176 5492 1194 5523 ι
1232 5473 1428 5535 Πιστὸς
1465 5472 1521 5524 δὲ
1571 5473 1665 5525 καὶ
1697 5474 1726 5524 ό
1755 5487 1847 5523 πι-

273 5568 504 5630 στεύων,
534 5567 607 5629 ὡς
652 5564 903 5636 Ἀϐραὰμ
928 5564 1144 5630 πιστὸς,
1173 5566 1258 5617 ὅτι
1289 5565 1367 5634 τῷ
1396 5562 1644 5617 λαλοῦντι
1689 5562 1854 5615 πεπί-

350 5719 396 5750 δ·
420 5717 563 5771 Psal.
598 5734 761 5777 xxxv,
801 5716 854 5771 6.
931 5716 997 5785 ξ’.
1030 5714 1175 5771 Psal.
1207 5731 1411 5785 cxxxn,
1440 5717 1496 5774 3.
1584 5714 1629 5747 ⁸⁸
1656 5712 1758 5770 Isa.
1790 5729 1844 5769 ix

1958 5713 2010 5768 8.
2092 5710 2137 5746 δ’
2166 5709 2315 5767 Psai.
2361 5720 2557 5770 xxxiii,
2584 5703 2638 5761 4.
2694 5697 2703 5704 ’
2734 5699 2782 5736 ⁸⁸
2820 5698 2927 5754 Isa.
2965 5710 3054 5763 xc,
3086 5692 3181 5749 26.

278 5804 359 5855 xi,
388 5788 476 5842 3‘5.
556 5788 600 5819 "
639 5788 800 5843 Iiebr.
844 5784 1019 5852 x,23.

1949 3816 2125 3886 ipsius
2174 3814 2421 3869 efﬁcacia
2456 3828 2520 3867 ac
2570 3811 2869 3865 virtutibus
2929 3808 3210 3864 consistit.
3259 3806 3529 3873 Quoniam

1952 3922 2152 3977 parvus
2174 3907 2337 3959 etiam
2357 3918 2589 3974 corpore
2611 3903 2713 3969 vir,
2739 3916 2972 3973 magnus
3006 3900 3294 3971 sapientiae
3319 3899 3537 3955 ratione

1954 3998 2295 4053 nominatur.

2021 4195 2089 4250 Et
2128 4213 2303 4251 omnes
2338 4196 2434 4249 vim
2466 4196 2579 4264 ejus
2606 4201 2733 4247 sunt
2758 4190 3052 4262 judicium.
3081 4187 3185 4261 [4.]
3257 4190 3372 4245 Hoc
3426 4197 3533 4255 est,

1948 4290 2193 4344 rationes
2220 4287 2584 4359 providentiae
2625 4285 2801 4354 ipsius
2840 4283 3110 4351 sapientia
3169 4279 3331 4351 463
3359 4288 3415 4333 et
3448 4278 3538 4346 ju-

1949 4378 2095 4433 dicio
2146 4377 2319 4447 plenae
2370 4384 2518 4438 sunt,
2555 4372 2809 4443 quamvis
2841 4386 2918 4425 eae
2948 4370 3108 4423 nobis
3143 4384 3249 4422 non
3272 4369 3437 4436 justa:
3459 4365 3541 4420 vi-

1949 4468 2207 4522 deantur.
2240 4464 2454 4531 Quibus
2478 4463 2743 4517 fabricam
2797 4469 2967 4514 totam
3002 4466 3334 4527 pervagatur
3370 4455 3531 4527 quasi

1952 4573 2139 4615 secum
2166 4557 2476 4611 divitiarum
2515 4554 2838 4608 barathrum
2871 4564 2936 4603 ac
2971 4548 3263 4616 sapientiae
3294 4546 3527 4611 habens,

1951 4650 2163 4721 judicia
2219 4650 2458 4718 denique
2499 4659 2557 4700 ut.
2612 4643 2755 4713 apud
2825 4640 3052 4695 Paulum
3106 4645 3213 4704 est,
3266 4638 3531 4693 inscruta-

1889 4707 1929 4761 θ
1951 4707 2108 4797 Lina.

2030 4831 2174 4888 Deus
2211 4830 2352 4885 fidus
2378 4836 2481 4892 est,
2505 4834 2559 4881 et
2594 4823 2857 4893 iniquitas
2884 4821 2938 4874 in
2971 4835 3040 4875 eo
3072 4818 3224 4874 nulla
3270 4827 3377 4881 est,
3414 4832 3539 4872 cum

1958 4928 2077 4997 ipsa
2099 4923 2354 4993 aequitate
2375 4920 2535 4973 fidem
2566 4914 2919 4983 conjunctam
2941 4912 3149 4966 habens
3173 4929 3187 4966 :
3209 4910 3303 4982 qui
3332 4918 3539 4965 rectum

1955 5017 2225 5088 judicium
2261 5027 2369 5065 non
2411 5009 2550 5063 falso
2584 5004 2797 5067 statuit,
2851 5012 2907 5058 et
2945 5002 3234 5056 veritatem
3261 5006 3445 5055 servat
3486 4998 3543 5051 in

1960 5104 2447 5179 promissionibus,
2472 5098 2888 5171 promissionem
2916 5110 3024 5150 non
3046 5093 3402 5148 labefactans.
3424 5091 3536 5145 Ca3-

1960 5178 2139 5253 terum
2171 5194 2336 5249 fidum
2386 5192 2443 5246 in
2501 5188 2700 5243 divinis
2734 5184 2958 5239 Litteris
2992 5182 3263 5252 duplicem
3318 5178 3539 5231 modum

1962 5290 2147 5345 habet.
2200 5292 2309 5341 Aut
2357 5286 2503 5340 enim
2533 5280 2806 5352 significat
2832 5276 2959 5334 .fide
2989 5273 3237 5343 dignum,
3275 5278 3333 5322 ut
3364 5265 3540 5322 sacris

1958 5382 2204 5441 initiare,
2233 5378 2378 5447 quod
2408 5376 2476 5430 de
2503 5374 2621 5430 solo
2660 5371 2769 5424 Deo
2802 5368 3005 5423 dicitur
3058 5363 3300 5433 proprie.
3335 5362 3539 5425 Quem-

1962 5467 2257 5523 admodum
2293 5464 2427 5518 illud
2453 5482 2467 5518 :
2490 5482 2507 5514 ι
2533 5460 2664 5515 Fide
2692 5459 2894 5527 dignus
2922 5461 3030 5518 est,
3059 5452 3105 5507 si
3135 5449 3401 5521 promittit
3418 5447 3465 5481 ⁸¹
3485 5464 3533 5512 ς»

1965 5559 2127 5631 quale
2148 5556 2285 5612 illud
2316 5568 2537 5625 quoque
2561 5548 2705 5622 apud
2727 5548 2946 5603 Petrum
2986 5559 3000 5595 :
3041 5561 3059 5594 ι
3090 5540 3384 5611 Propterea
3407 5552 3539 5592 sane

3284 5692 3326 5724 '"
3370 5690 3533 5747 Rom.
