3870 6546
511 395 623 459 955
1838 401 2115 463 PROCOP

2245 403 2489 464 GAZ/EI
3689 400 3781 461 955

504 512 599 582 qui
634 528 700 568 ex
737 511 830 569 Dei
864 515 1147 570 voluntate
1181 517 1329 586 passi
1370 527 1499 572 smit
1536 518 1602 572 ad
1638 517 1803 574 {ldum
1840 521 2097 575 condito-

2226 538 2422 589 ιτευκε,
2455 521 2593 575 atan
2624 522 2717 575 καὶ
2765 522 2927 593 ἡμεῖς
2989 520 3173 573 πιστοὶ
3228 518 3530 590 λεγόμεθα..
3584 518 3779 581 Θεδςδὲ

509 620 623 661 rem
676 623 808 663 suas
852 609 1230 679 deposuerunt
1287 612 1501 665 animas
1542 612 1608 666 ⁸³.
1646 632 1664 664 ι
1724 611 1893 669 Fidus
1934 628 2099 683 porro

2226 615 2561 685 peu6u'proc
2596 616 2826 677 ἄπιστος
2856 614 2950 667 καὶ
2974 614 3052 684 τῷ
3075 609 3216 666 εἶναι
3253 613 3349 665 καὶ
3370 614 3451 683 τῷ
3479 613 3786 678 ἐπαγγέλλε-

508 698 672 751 etiam
697 699 789 768 qui
820 700 978 756 tidem
999 702 1193 757 tribuit
1215 702 1437 764 dicitur,
1462 706 1925 773 quemadmodum
1960 706 2101 759 ﬁdus

2226 708 2356 761 τθαι.
2384 709 2519 778 Περὶ
2549 701 2624 761 ὧν
2654 710 2895 777 εἴρηται,
2935 725 2953 757 ι
2992 707 3185 768 Ilion;
3216 705 3318 758 οὐκ
3349 704 3575 773 ἴσχυσεν
3617 706 3671 756 ὲν
3700 705 3785 756 αὖ·

509 787 788 844 Abraham
815 801 923 857 est,
962 794 1091 863 quia
1128 794 1222 848 Dei
1254 796 1376 849 voci
1409 794 1569 849 [idem
1604 796 1835 852 addixit.
1859 796 1976 862 Qua
2010 813 2102 851 ra-

2226 800 2345 861 ιοῖς,
2381 800 2475 852 καὶ
2502 798 2647 869 ὕδωρ
2673 798 2869 868 ψευδές
2902 799 3027 850 εἰσι.
3064 816 3083 848 ι

511 881 660 937 tione
705 899 805 938 nos
830 901 1050 956 quoque
1084 886 1175 941 ﬁdi
1207 887 1467 943 dicimur.
1519 890 1723 945 Contra
1750 905 1880 943 vero
1908 890 2100 960 perfidi
2144 900 2271 945 sunt
2304 893 2397 962 qui
2456 892 2647 947 dicunt
2704 891 2872 946 Deum
2944 892 3141 944 falsum
3214 889 3421 943 habere
3475 902 3693 944 nomen,
3744 894 3788 938 et

509 977 776 1045 perfidum
805 996 929 1035 esse
962 989 1069 1034 tam
1106 983 1284 1053 reipsa
1317 1000 1483 1055 quam
1514 986 2001 1055 promissionibus.
2056 985 2131 1040 De
2171 989 2371 1058 quibus
2402 989 2609 1043 dictum
2643 998 2730 1044 est
2761 1008 2773 1042 :
2810 1008 2827 1040 ι
2858 987 3020 1043 Fides
3062 1003 3172 1041 non
3210 984 3423 1039 invadit
3473 983 3625 1053 apud
3687 1000 3789 1050 eos,

510 1080 565 1123 et
602 1086 744 1139 aqua
781 1073 1019 1128 mendax
1046 1087 1175 1129 sunt
1205 1076 1273 1133 ".
1300 1095 1318 1129 ι

581 1185 772 1241 Justus
815 1198 863 1241 et
912 1204 1126 1243 sanctus
1161 1190 1445 1246 Dominus.
1480 1192 1719 1263 [XXXI],
1748 1194 1829 1267 5.]
1853 1193 1991 1249 Nam
2020 1193 2145 1249 fons
2167 1189 2401 1263 justitiae
2430 1200 2484 1246 et
2509 1189 2822 1245 sanctitatis
2842 1196 2947 1244 est.
2987 1188 3056 1243 lis
3083 1186 3231 1242 enim
3275 1201 3473 1241 omnes
3511 1192 3766 1239 creatura:

514 1274 866 1343 participant,
886 1282 1138 1346 quamvis
1175 1280 1289 1332 alia:
1311 1283 1561 1349 amplius.
1589 1283 1771 1335 minus
1800 1283 1939 1337 aliae.

590 1379 945 1435 Peccauerunt
983 1401 1083 1437 non
1121 1386 1169 1438 ei
1197 1385 1300 1453 ﬁlii
1325 1388 1777 1455 reprehensibiles.
1803 1389 2104 1461 [5.]!Aqui-

519 1470 598 1524 las
626 1470 866 1525 reddidit
905 1488 917 1523 :
956 1472 1318 1540 Corruperuut
1367 1478 1436 1536 ei,
1485 1494 1589 1529 non
1631 1478 1730 1536 ﬁlii
1764 1479 1919 1546 ejus;
1947 1479 2105 1549 Sym-

519 1563 750 1616 machus
781 1580 908 1619 vero
937 1584 950 1619 :
978 1566 1339 1635 Carruperunt
1372 1571 1565 1635 ipsum,
1610 1586 1712 1623 non
1744 1571 1848 1639 ﬁlii
1888 1572 2003 1640 ejus
2037 1573 2092 1626 in

520 1670 840 1709 universum.

2295 1391 2681 1462 Ἦμάρτοσαν
2711 1391 2821 1442 οὐκ
2851 1387 3011 1451 αὐτῷ
3037 1390 3220 1441 τέκνα
3258 1384 3545 1456 μωμητὰ.
3582 1385 3797 1447 Ἀκύλας

2212 1485 2471 1551 ἐξέδωκε,
2508 1484 2854 1551 Διέερθειραν
2903 1478 3063 1545 αὐτῷ
3096 1482 3209 1547 οὺχ
3244 1481 3361 1533 vlui
3397 1477 3596 1531 αὑτοῦ
3620 1495 3636 1508 ·
3671 1478 3799 1547 25p-

2216 1594 2387 1647 μαχος
2424 1576 2503 1640 δὲ,
2528 1574 2875 1643 Διέερθειραν
2906 1572 3055 1641 πρὸς
3101 1571 3291 1625 αὑτὸν
3314 1573 3435 1639 οὐχ
3463 1570 3587 1624 υιοὶ
3628 1571 3798 1622 αὑτοῦ

2138 1679 2180 1733 Β
2208 1670 2274 1721 τὸ
2318 1669 2614 1722 σύνολον.

598 1774 901 1827 Ambornm
953 1790 1082 1829 vero
1138 1775 1250 1830 haec
1286 1778 1552 1831 sententia
1584 1785 1689 1832 est.
1752 1777 2111 1847 Adoptionem
2156 1796 2309 1835 suam
2343 1788 2801 1852 pernegaverunt.
2838 1778 3115 1847 Corporeo
3153 1776 3373 1845 quidem
3418 1774 3624 1837 modo.
3669 1774 3800 1841 (ἰυυά

522 1877 588 1935 ex
640 1862 813 1915 nihilo
847 1862 1117 1931 producti,
1143 1864 1300 1933 juxta
1351 1865 1628 1919 Creatoris
1666 1866 2085 1923 similitudinem
2129 1877 2461 1935 creaturam,
2498 1868 2759 1923 Creatore
2778 1867 3048 1936 neglecto,
3075 1866 3388 1919 coluerunt.
3416 1864 3497 1916 Ac
3522 1873 3797 1933 postquam

523 1964 587 2003 ex
632 1948 868 2018 ngypto
918 1958 1043 2003 sunt
1084 1955 1313 2019 egressi,
1366 1953 1536 2004 vitulo
1572 1951 1837 2007 fabricato
1879 1954 2074 2007 iterum
2101 1956 2435 2028 Beelpliegor
2486 1972 2607 2012 sese
2656 1963 3072 2010 consecrarunt.
3136 1952 3423 2022 Spirituali
3455 1967 3613 2014 vero,
3648 1954 3797 2018 quod,

528 2056 546 2087 ι
584 2037 777 2090 Omnis
801 2039 897 2105 qui
942 2047 1153 2105 peccat,
1193 2038 1512 2092 Schatoris
1539 2041 1927 2109 pronuntiato,
1954 2057 1984 2096 e
2016 2044 2235 2100 diabolo
2259 2054 2422 2099 natus
2443 2053 2528 2100 est
2556 2045 2621 2097 ".
2668 2063 2685 2094 ι
2722 2041 3201 2109 Quemadmodum
3234 2041 3329 2109 qui
3364 2048 3526 2093 recte
3564 2042 3731 2092 sentit
3751 2050 3796 2089 et

523 2128 677 2187 dict,
714 2126 1162 2180 l)co-(-o.ii'ounis
1193 2126 1400 2180 evadit.
1432 2128 1720 2193 Quomodo
1751 2129 1955 2185 Paulus
1984 2148 2205 2202 quoque
2239 2149 2334 2188 cos
2362 2133 2455 2203 qui
2491 2149 2519 2186 a
2542 2135 2749 2202 pietate
2780 2131 3133 2189 exciderunt.
3165 2144 3224 2183 se
3258 2127 3549 2197 parturire
3573 2126 3792 2187 dixit“,

523 2222 582 2267 ιιι
622 2216 842 2283 pietatis
874 2213 1105 2268 formam
1154 2215 1448 2286 recipiant.
1484 2217 1654 2272 Porro
1686 2234 1815 2273 vero
1853 2219 2062 2273 aditum
2117 2221 2186 2276 ad
2229 2222 2396 2276 vitam
2433 2228 2708 2275 monstrat
2732 2218 2866 2272 illud
2901 2236 2914 2272 :
2949 2235 2969 2268 ι
3002 2217 3103 2271 llic
3129 2225 3213 2271 est
3257 2216 3400 2271 liber
3435 2214 3799 2286 generationis

523 2302 830 2355 hominum.
878 2322 893 2353 ι

594 2407 877 2463 Generatio
913 2425 1078 2477 prava
1118 2422 1162 2464 et
1200 2412 1435 2465 detorta.
1472 2411 1953 2476 Quemadmodum
1987 2415 2133 2469 enirn
2168 2428 2235 2468 ex
2267 2421 2521 2484 serpente
2554 2412 2756 2466 Satana
2786 2422 2913 2464 nata
2944 2419 3053 2475 est,
3097 2411 3175 2464 ita
3207 2410 3500 2481 ingenium
3538 2410 3662 2477 ejus
3694 2427 3795 2460 nmo

522 2514 645 2552 rum
678 2498 1037 2567 perversitate
1070 2506 1457 2567 rvpraasentat,
1498 2515 1559 2552 ac
1602 2515 1697 2569 per
1725 2501 1867 2554 viam
1912 2513 2118 2556 rectam
2145 2519 2252 2557 non
2287 2504 2514 2558 incedit.
2553 2503 2625 2557 De
2663 2503 2868 2571 quibus
2900 2502 3258 2556 Proverbium
3288 2503 3367 2555 ait
3402 2519 3416 2553 :
3466 2522 3485 2552 ι
3517 2500 3563 2555 0
3592 2517 3687 2553 vos
3713 2503 3789 2568 qui

523 2584 901 2653 dereliquistis
927 2586 1153 2640 semitas
1184 2586 1449 2652 directas,
1488 2594 1547 2639 ut
1581 2586 2001 2656 ingrederemini
2045 2589 2097 2642 in
2128 2591 2231 2646 viis
2265 2592 2638 2654 tenebrarum,
2697 2591 2791 2659 qui
2850 2589 3035 2659 pravis
3093 2590 3296 2644 studiis
3335 2589 3719 2647 oblectamini.
3749 2598 3792 2638 rt

522 2672 777 2744 gaudetis
809 2674 862 2727 in
891 2682 1143 2729 contorta
1181 2675 1411 2728 malitia.
1444 2673 1667 2729 Semitw
1704 2691 1978 2745 perversa:
2007 2686 2059 2732 et
2089 2693 2273 2732 curvat
2295 2678 2395 2731 viae
2413 2693 2606 2732 eorum
2640 2678 2742 2729 ⁵⁷.»
2769 2676 2937 2731 Juxta
2973 2676 3240 2730 Davidem
3269 2691 3399 2731 vero
3429 2677 3501 2739 ⁵⁸,
3528 2676 3785 2745 generatio

525 2764 742 2815 sincera
795 2760 1120 2815 felicitatem
1177 2770 1572 2831 consequetur.
1640 2759 1802 2816 Tales
1865 2762 2033 2833 igitur
2090 2768 2460 2831 exstiterunt,
2524 2765 2620 2837 qui
2686 2775 2903 2834 patrum
2959 2768 3351 2836 cognationem
3412 2765 3630 2834 probro
3681 2761 3787 2816 atie-

524 2863 738 2905 cerunt.

597 2963 848 3018 chcine
908 2963 1134 3017 Domino
1206 2963 1540 3031 repeudilis?
1597 2963 1702 3036 [6.]
1763 2964 1865 3030 Qui
1926 2980 2023 3019 vos
2084 2966 2140 3020 in
2209 2967 2389 3022 lucem
2459 2967 2759 3038 produxit;
2834 2967 2928 3037 qui
2996 2966 3243 3038 delegit,
3293 2966 3389 3035 qui
3446 2982 3513 3021 ex
3572 2966 3789 3034 Egypto

526 3055 790 3117 asseruit,
827 3053 917 3122 qui
970 3068 1063 3122 per
1093 3066 1245 3106 mare
1286 3054 1523 3106 traduxit
1548 3094 1562 3119 ,
1608 3054 1662 3106 in
1694 3069 1804 3123 quo
1858 3053 2045 3109 hostes
2078 3055 2401 3111 submersit.
2436 3059 2514 3109 Ac
2546 3072 2645 3125 pro
2687 3056 2809 3111 aliis
2843 3055 3162 3125 huiusmodi
3222 3055 3531 3110 benefactis
3582 3070 3643 3109 ac
3676 3069 3786 3123 pro-

527 3142 732 3211 diariis?

601 3254 746 3307 Adeo
769 3252 993 3322 populus
1018 3253 1213 3306 stultus
1240 3262 1288 3307 et
1337 3271 1439 3306 non
1463 3256 1698 3322 εαρὶμηδ.
1734 3254 2006 3309 Videlicet
2039 3253 2185 3323 quod
2224 3263 2389 3308 tanta:
2429 3262 2617 3309 essent
2659 3254 3045 3323 imprudentia:
3068 3268 3129 3306 ac
3164 3253 3448 3314 ruditatis.
3484 3262 3543 3308 ut
3586 3268 3685 3306 non
3715 3254 3784 3304 in-

527 3342 858 3412 telligerent,
903 3343 1138 3411 quodex
1169 3340 1461 3397 Creatoris
1499 3343 1837 3411 benignitate
1868 3351 1921 3396 et
1950 3343 2136 3397 educti
2182 3357 2247 3395 ac
2281 3342 2525 3406 educati,
2570 3342 2967 3410 beneﬁciisque
3011 3342 3196 3395 affecti
3230 3350 3442 3397 essent.
3475 3343 3639 3412 Atqui
3668 3356 3782 3395 sane

527 3433 628 3486 bos
664 3433 889 3500 agnovit
931 3431 1211 3483 dominum
1239 3446 1422 3494 suum,
1462 3441 1515 3485 et
1543 3432 1736 3486 asinus
1771 3448 2016 3500 praesepe
2043 3431 2157 3485 heri
2192 3430 2299 3495 sui,
2338 3439 2395 3483 ut
2428 3438 2513 3484 est
2548 3431 2691 3498 apud
2733 3432 3081 3498 prophetam.

602 3521 791 3574 Annon
849 3521 958 3588 ipse
985 3528 1061 3572 est
1090 3529 1238 3585 pater
1264 3532 1385 3571 tuus
1416 3521 1505 3587 qui
1537 3530 1582 3573 te
1617 3522 1991 3589 compararit?
2023 3521 2113 3591 qui
2149 3531 2195 3573 te
2225 3521 2349 3587 fecit
2372 3520 2609 3589 ?quique
2658 3529 2706 3571 te
2731 3519 3012 3574 condidit?
3042 3529 3147 3573 etc.
3184 3517 3288 3584 Qui
3344 3520 3496 3574 enim
3546 3535 3611 3573 ex
3640 3532 3778 3570 manu

532 3609 658 3662 host
685 3625 719 3661 ιι
747 3627 774 3658 n
819 3624 861 3660 si
884 3623 1041 3661 rvum
1076 3606 1303 3678 eripuit,
1327 3607 1452 3675 jure
1486 3609 1677 3678 utique
1713 3618 1860 3661 tenet
1884 3624 2045 3677 quem
2080 3609 2334 3662 redemit.
2362 3606 2437 3659 Ex
2481 3607 2691 3663 ﬁctitiis
2720 3623 2850 3660 vero
2882 3607 2987 3659 diis
3015 3615 3065 3659 te
3104 3606 3370 3670 asseruit,
3405 3623 3505 3660 nec
3541 3622 3598 3661 se
3626 3616 3779 3658 tamen

532 3697 724 3751 herum
767 3696 935 3759 servi,
969 3711 1160 3749 verum
1196 3703 1406 3765 patrem
1443 3693 1537 3749 lilii
1578 3704 1758 3751 vocat.
1786 3695 1888 3761 Qui
1919 3696 1989 3750 ob
2016 3696 2067 3750 id
2110 3696 2513 3768 primogenitus
2544 3697 2883 3759 nominatur,
2914 3696 3150 3766 ipsumet
3179 3696 3401 3749 dicente
3425 3693 3585 3750 Patre
3618 3713 3631 3748 :
3666 3714 3681 3744 ι
3711 3692 3779 3745 Fi-

533 3784 640 3840 lius
676 3800 828 3840 meus
859 3783 1261 3854 primogenitus
1292 3781 1478 3839 Israel.
1516 3801 1535 3834 ι

604 3913 759 3981 Quod
782 3929 913 3969 vero
939 3912 1118 3983 majus
1144 3920 1252 3979 est,
1282 3912 1598 3978 subintulit,
1628 3913 1791 3968 veluti
1818 3913 1963 3984 quod
1990 3912 2115 3968 fecit

2289 3915 2363 3968 Τὸ
2394 3915 2451 3968 δὲ
2478 3916 2664 3986 μεῖζον
2688 3917 2958 3988 ἐπήνεγκε
2992 3917 3073 3978 τὸ,
3121 3917 3345 3986 ἐποιησὲ
3392 3934 3453 3969 σε
3506 3917 3600 3969 καὶ
3621 3914 3773 3968 ἔκτισέ

533 4016 588 4062 te
614 4015 669 4061 et
700 4006 970 4061 condidit.
1019 4007 1173 4071 Quod
1217 4007 1393 4076 ipsius
1428 4006 1706 4076 opiﬁcium
1764 4006 2005 4061 denotat.
2046 4008 2115 4059 At

534 4116 665 4153 vero
712 4101 834 4167 ejus
888 4114 1107 4165 quoque
1158 4100 1377 4152 nomine
1410 4098 1571 4152 Pater
1613 4098 1793 4152 \ocari
1831 4098 2113 4165 dignatur.

536 4191 739 4246 Verum
776 4190 904 4245 fecit
943 4199 998 4243 et
1038 4189 1285 4243 condidit
1333 4190 1496 4243 simul
1530 4191 1703 4259 posita
1731 4230 1746 4252 ,
1791 4206 1821 4244 ιι
1859 4190 1999 4244 Filio
2025 4205 2116 4245 se-

535 4286 776 4340 cundum
802 4293 1054 4337 naturam
1084 4282 1448 4352 distinguunt.
1474 4284 1551 4336 Ac
1586 4282 1827 4337 additum
1864 4293 1947 4338 est
1979 4284 2117 4339 alte-

538 4393 682 4439 rum,
719 4384 780 4430 ut
816 4392 882 4430 ex
918 4375 1117 4445 gratia,
1154 4390 1253 4429 nec
1283 4385 1479 4428 natura
1512 4375 1672 4429 Pater
1696 4392 1819 4430 esse
1848 4376 2118 4445 intelliga-

536 4478 647 4525 tur.
682 4468 739 4524 ln
771 4484 1063 4540 progressu
1098 4483 1227 4523 vero
1254 4469 1478 4538 capitis,
1505 4484 1629 4523 cum
1654 4470 1833 4539 genuit
1863 4469 2113 4535 dixisset,

538 4578 647 4617 non
683 4562 862 4616 Patris
895 4577 1116 4624 nomen,
1151 4576 1341 4615 verum
1380 4560 1469 4616 Dei
1515 4563 1840 4632 praeposuit,
1874 4561 2065 4616 dicens
2100 4581 2115 4616 :

546 4674 564 4707 ι
603 4655 770 4711 Deum
797 4657 889 4725 qui
923 4665 973 4710 te
1019 4655 1213 4728 genuit
1253 4654 1622 4727 dereliquisti.
1664 4674 1682 4706 ι
1723 4653 1801 4709 Ne
1836 4654 2118 4724 generatio

539 4750 844 4803 naturalem
885 4749 1118 4803 ﬁliorum
1148 4746 1523 4802 conditionem
1558 4746 1723 4818 464
1754 4745 2115 4815 signiﬁcaret.

539 4838 681 4905 Quin
720 4839 963 4894 Joannes
1002 4855 1224 4909 quoque
1262 4853 1371 4893 non
1405 4838 1578 4907 prius,
1624 4839 1738 4891 uati
1777 4846 1922 4901 sunt,
1962 4838 2115 4901 dicit,

540 4946 704 5000 quam
742 4931 895 4995 illud,
927 4946 991 4984 ea:
1018 4932 1215 5000 gratia,
1246 4930 1606 4999 prauuisisset
1633 4929 1981 4997 dixissetque
2009 4947 2021 4983 :
2058 4928 2115 4983 ln

542 5023 785 5092 ipsorum
819 5030 1093 5091 potestate
1129 5021 1334 5092 posuit,
1356 5030 1415 5076 ut
1447 5022 1541 5076 tilii
1574 5021 1665 5077 Dei
1706 5023 1935 5078 ﬁerent:
1964 5040 1982 5072 ι
2016 5022 2117 5087 Qui

542 5130 653 5167 non
677 5128 744 5167 ex
788 5113 1056 5182 sanguine
1101 5128 1201 5168 nec
1235 5114 1341 5168 viri
1372 5113 1624 5176 arbitrio,
1677 5130 1865 5169 verum
1900 5130 1966 5167 ex
2011 5114 2120 5169 Deo

542 5206 655 5260 nati
689 5212 819 5259 sunt
865 5206 931 5259 ".
984 5224 1001 5255 ι
1040 5204 1389 5275 Quapropter
1451 5206 1839 5260 lnereticorum
1891 5205 2120 5275 argutiae

544 5299 780 5357 valeant.
835 5297 928 5367 qui
965 5298 1020 5351 in
1058 5298 1202 5352 idem
1245 5297 1445 5363 facere,
1494 5298 1763 5363 condere,
1811 5306 1865 5352 et
1897 5299 2122 5369 gignere

542 5404 667 5444 cum
706 5389 979 5460 redigant,
1018 5391 1318 5445 naturalem
1348 5389 1443 5443 Dei
1472 5388 1667 5444 Filium
1693 5390 1971 5444 conditum
1997 5406 2123 5445 esse

546 5496 742 5551 magna
774 5481 1101 5549 gloriatione
1158 5490 1438 5537 asserunt.
1482 5482 1617 5535 Cum
1664 5497 1795 5535 vero
1833 5480 2016 5536 facere
2064 5491 2123 5535 et

545 5585 737 5627 creare
767 5574 880 5626 sive
909 5574 1150 5628 condere
1181 5590 1288 5627 non
1316 5574 1494 5628 solum
1543 5573 1619 5627 rei
1665 5573 1998 5643 primitivum
2032 5589 2121 5628 es-

637 5776 722 5827 ⁸³1
760 5775 903 5830 Petr.
940 5794 1012 5839 iv,
1057 5778 1139 5830 i‘J.
1219 5774 1483 5831 “Jercm.
1526 5792 1610 5840 xv,
1642 5774 1720 5829 18.

547 5857 682 5911 ιιιιι,
728 5847 807 5899 12.
886 5850 928 5879 ³³
957 5848 1115 5902 .loun.
1150 5863 1187 5907 ι,
1231 5847 1314 5899 13.

1802 5774 1845 5805 ⁸³
1883 5774 1900 5825 1
1934 5771 2089 5828 Joau.
2121 5786 2202 5834 ut,
2242 5771 2294 5827 8.

2221 4022 2302 4060 σε.
2339 4008 2405 4059 Ὃ
2432 4007 2528 4060 καὶ
2553 4007 2654 4077 τὴν
2692 4006 2860 4059 αὑτοῦ
2918 4006 3282 4077 δημιουργίαν
3335 4006 3511 4077 δηλοῖ,
3574 4005 3682 4059 καθ’
3723 4007 3777 4072 ἢν

2219 4096 2382 4149 πάλιν
2415 4095 2557 4160 ἁξιοῖ
2607 4097 2893 4150 καλεῖσθαι
2949 4096 3161 4168 Πατὴρ,
3206 4097 3343 4166 ὁμοῦ
3380 4098 3476 4150 καὶ
3506 4096 3772 4151 διαστέλλει

2217 4185 2311 4239 τοῦ
2341 4187 2499 4256 φύσει
2526 4187 2658 4240 Υἱοῦ
2685 4188 2746 4241 τό
2766 4203 2779 4217 ·
2805 4187 3064 4257 Ἐποίησέ
3101 4206 3159 4241 σε
3186 4189 3279 4242 καὶ
3298 4188 3484 4241 ἔκτισέ
3517 4206 3595 4252 σε,
3632 4203 3773 4258 προσ-

2220 4277 2332 4340 θείς
2354 4294 2365 4307 ·
2399 4278 2474 4341 ὼς
2506 4278 2572 4332 ἂν
2602 4279 2745 4331 κατὰ
2775 4280 2956 4349 χάριν,
2994 4279 3131 4332 ἀλλὰ
3156 4283 3230 4349 μὴ
3266 4280 3429 4348 φύσει
3461 4286 3650 4334 νοεῖται
3682 4280 3773 4331 [la-

2218 4370 2345 4440 τήρ.
2382 4370 2596 4440 Προϊὼν
2616 4371 2673 4422 δὲ
2694 4372 2773 4435 τὸ,
2807 4373 3161 4439 ἐγέννησεν,
3191 4373 3383 4433 εἰπὼν.
3411 4375 3472 4426 οὐ
3512 4376 3572 4425 τὸ
3599 4373 3772 4440 Πατὴρ,

2220 4460 2355 4514 ἀλλὰ
2406 4462 2488 4525 τὸ,
2524 4464 2692 4527 Θεὸς,
2740 4462 3045 4533 προῦταξεν
3103 4464 3298 4534 ὄνομα,
3363 4466 3579 4531 λέγων-
3615 4483 3631 4513 ι
3662 4463 3769 4514 Θεὸν

2219 4553 2311 4606 τὸν
2348 4554 2689 4623 γεννήσαντά
2719 4571 2778 4607 σε
2814 4554 3225 4622 ἐγκατέλειπες.
3266 4573 3285 4605 ι
3330 4555 3445 4607 Ἵνα
3483 4555 3559 4626 μὴ
3593 4552 3768 4624 δηλώη,

2223 4646 2458 4717 φυσικὴν
2483 4648 2516 4717 ἠ
2538 4648 2795 4718 γέννησις
2830 4647 2928 4718 τὴν
2960 4649 3207 4719 υἱότητα.
3249 4650 3360 4702 Καὶ
3431 4649 3671 4715 Ἰωάννης
3707 4646 3764 4704 δὲ,

2220 4742 2281 4794 οὐ
2318 4741 2580 4811 πρότερον
2610 4741 2686 4803 τὸ,
2722 4740 3163 4809 ἐγεννήθησαν,
3196 4741 3351 4812 φησὶ,
3385 4743 3517 4813 πρὶν
3549 4743 3623 4803 τὸ,
3651 4738 3767 4793 κατὰ

2225 4831 2403 4900 χάριν
2432 4832 2761 4902 προέταξεν,
2792 4831 2962 4885 εἰπών
2987 4849 3001 4863 ⁸
3042 4832 3285 4885 ’Ἔδωκεν
3321 4834 3507 4897 αὐτοῖς
3559 4831 3763 4897 ὲξουσῐιν

2221 4926 2386 4978 τέκνα.
2424 4924 2560 4977 Θεοῦ
2585 4924 2866 4992 γενέσθαι.
2907 4945 2925 4977 ι
2958 4925 3021 4979 Οἳ
3044 4926 3149 4977 οὐκ
3194 4925 3252 4991 ἐξ
3299 4927 3569 4995 αἱμάτων,
3598 4924 3695 4977 οὐδὲ
3717 4923 3763 4971 ἐκ

2224 5018 2528 5088 θελήματος
2548 5018 2768 5089 ἀνδρὸς,
2800 5019 2916 5071 ἀλλ’
2946 5022 3010 5071 ἐκ
3036 5019 3129 5071 τοῦ
3168 5020 3305 5072 Θεοῦ
3358 5020 3719 5089 ἐγεννήθησαν.
3744 5032 3757 5061 ι

2225 5110 2388 5162 Ὥστε
2421 5110 2495 5180 μὴ
2532 5108 2941 5178 σοφιζέσθωσαν
2969 5110 3241 5178 αἱρετικοὶ
3272 5109 3410 5178 πρὸς
3444 5110 3556 5161 ἶσον
3584 5108 3763 5173 ἄγοντες

2226 5206 2292 5274 τῇ
2318 5204 2531 5273 ποιήσει
2563 5204 2658 5256 καὶ
2688 5204 2865 5255 κτίσει
2890 5202 2988 5273 τὴν
3012 5203 3287 5270 γέννησιν,
3314 5202 3404 5253 τὸν
3441 5202 3567 5253 Υῐδν
3584 5200 3661 5250 τὸν
3684 5194 3760 5263 φύ-

2229 5312 2310 5347 σει
2352 5295 2559 5364 κτίσμα
2603 5294 2943 5357 δοξάζοντες.
3001 5293 3229 5362 Ποιησις
3279 5292 3337 5345 δὲ
3376 5294 3548 5354 κτίσις
3576 5289 3656 5342 καὶ
3692 5283 3760 5337 ἐπὶ

2233 5389 2647 5459 μεταποιήσεως
2681 5387 2904 5454 λέγεται
2950 5386 3121 5455 χωρὶς
3154 5385 3249 5453 τῆς
3286 5382 3346 5447 ἐξ
3392 5383 3564 5455 ἀρχῆς
3603 5374 3757 5433 οὑπιώ-

2233 5498 2392 5545 σεως,
2410 5480 2554 5534 κατὰ
2581 5480 2642 5532 τὸ
2670 5481 2728 5531 ὲν
2753 5479 3005 5549 Ψαλμοις
3028 5490 3042 5503 ·
3082 5496 3100 5528 ι
3134 5478 3245 5530 Καὶ
3274 5477 3401 5540 λαὸς
3435 5479 3462 5528 ὁ
3492 5474 3757 5541 κτιζόμενος

2230 5573 2433 5626 αἰνέσει
2454 5572 2547 5625 τὸν
2567 5572 2790 5642 Κύριον.
2820 5590 2838 5622 ι
2877 5571 2985 5623 Καὶ
3010 5569 3196 5622 πάλιν·
3229 5586 3249 5619 ‹
3290 5567 3529 5638 Καρδίαν
3556 5559 3757 5631 καθαρὰν

2375 5771 2419 5803 ⁸⁵
2448 5767 2625 5826 Galat.
2667 5782 2741 5834 tv,
2778 5766 2861 5822 l9.
2957 5765 3000 5797 ⁸⁷
3035 5764 3194 5820 Prov.
3227 5779 3290 5828 ιι,
3326 5761 3503 5818 15-15.
3575 5759 3613 5793 ⁵⁸
3644 5756 3751 5810 i’sal-
