4090 6504
325 391 431 456 957

1320 393 1868 455 COMMENTARII
1893 392 1975 453 IN
2020 389 2719 452 DEUTERUNOMIUM.

3496 383 3604 447 958

319 501 509 553 κτίσον
536 500 595 552 ἐν
617 497 740 569 ἐμοὶ
784 499 813 553 6
840 500 997 565 Θεός.
1039 521 1057 553 ι
1092 501 1205 555 Καὶ
1241 502 1407 557 πάλιν
1448 505 1476 556 6
1530 501 1740 566 Παῦλος
1773 503 1911 573 πρὸς

2021 502 2249 554 sentiam
2275 500 2427 565 dare,
2452 514 2638 553 verum
2672 498 2725 551 in
2753 495 3033 551 meliorem
3059 494 3434 550 conditionem
3457 509 3606 549 com-

332 592 623 660 Ἐφεσίους
646 591 780 663 φησι
806 609 819 623 ο
850 612 868 643 ι
898 594 1001 646 Τὸν
1024 595 1192 663 νόμον
1212 593 1318 647 τῶν
1348 592 1581 647 ἐντολῶν
1612 595 1667 645 ἐν
1706 594 1912 661 δόγμα-

319 698 378 734 σι
413 681 798 751 καταργήσας,
834 682 925 734 ἵνα
958 683 1083 743 τοὺς
1122 681 1231 734 δύω
1260 682 1421 752 κτίσῃ
1448 683 1506 734 ἐν
1537 681 1686 751 αὐτῷ
1714 682 1793 743 εἰς
1817 680 1913 733 ἕνα

317 773 508 827 καινὸν
542 772 830 841 ἄνθρωπον
860 773 950 826 τὸν
975 773 1119 827 κατὰ
1144 774 1278 825 Θεὸν
1302 772 1596 826 κτισθέντα
1622 776 1681 826 ἐν
1707 774 1913 826 δικαιο-

320 864 458 934 σύνῃ
514 863 609 917 καὶ
650 863 893 934 ὁσιότητι
944 865 1042 932 τῆς
1099 862 1384 933 ἀληθείας.
1437 882 1455 913 ι
1495 864 1603 916 Καὶ
1642 862 1829 915 Ἰσαὰκ
1852 862 1909 914 δέ

318 972 457 1024 φησι
492 954 571 1025 τῷ
612 952 785 1007 Ἡσαῦ
807 971 821 984 ·
856 974 874 1005 ι
910 955 1045 1007 Ἰδοὺ
1078 955 1283 1023 Κύριον
1310 954 1473 1006 αὐτὸν
1498 954 1734 1023 ἐποίησά.
1753 971 1903 1007 σου.»

318 1050 503 1117 Εὖχῆς
540 1049 596 1101 δὲ
640 1047 788 1114 ἄξιον
828 1048 889 1101 τὸ
927 1049 1385 1117 μεταποιηθῆναι,
1420 1048 1513 1099 καὶ
1554 1047 1740 1117 κτῆμα
1771 1065 1909 1117 χρη-

320 1138 554 1208 ματίσαι
575 1137 731 1203 Θεοῦ,
764 1138 908 1191 κατὰ
942 1138 1002 1191 τὸ
1030 1139 1160 1210 παρ’
1206 1137 1429 1203 Ἦσαῒα,
1470 1156 1487 1189 ι
1519 1137 1691 1208 Κύριε
1721 1138 1748 1189 6
1777 1138 1911 1202 Θεὸς

316 1228 506 1297 ἡμῶν,
548 1228 749 1297 κτῆσαι
782 1230 951 1298 ἡμᾶς.
998 1246 1017 1279 ι

2024 601 2241 646 mutare
2280 592 2575 659 signiﬁcet.
2610 589 3094 655 Quemadmodum
3126 605 3189 641 ex
3226 588 3321 641 illo
3354 585 3608 641 Psalmo-

2022 698 2142 735 rum
2174 689 2395 736 constat
2432 698 2446 735 :
2484 702 2502 732 ι
2541 682 2606 735 Et
2637 681 2874 751 populus
2922 680 3014 748 qui
3052 680 3330 735 creabitur
3361 678 3608 733 laudabit

2020 773 2312 827 Dominum
2337 774 2435 827 “.r
2474 772 2537 826 Et
2561 774 2760 828 iterum
2796 789 2809 825 :
2847 791 2865 823 ι
2898 771 3005 826 Cor
3031 788 3227 841 purum
3253 786 3377 826 crea
3410 772 3466 823 in
3493 784 3604 834 me,

2019 866 2164 921 Deus
2196 868 2262 919 ⁶¹.
2306 886 2324 919 ι
2366 867 2609 936 Denique
2642 866 2808 919 etiam
2860 865 3066 919 Paulus
3110 864 3176 918 ad
3222 863 3489 932 Ephesios
3519 862 3607 915 in-

2017 959 2180 1027 quit:
2226 977 2244 1009 ι
2294 958 2490 1028 Legem
2525 959 2912 1011 mandatorum
2951 972 3074 1027 qua:
3108 958 3161 1010 in
3195 956 3436 1010 decretis
3476 955 3605 1016 sita,

2018 1066 2143 1104 cum
2175 1051 2518 1118 abrogasset,
2544 1061 2600 1102 ut
2618 1050 2758 1104 duos
2784 1050 3118 1103 conderetin
3142 1048 3328 1116 seipso
3356 1047 3407 1099 in
3434 1061 3603 1099 unum

2022 1141 2297 1196 hominem
2348 1156 2577 1205 novum,
2612 1141 2705 1210 qui
2735 1141 2892 1209 juxta
2946 1143 3113 1194 Deum
3151 1140 3411 1192 conditus
3433 1146 3602 1198 esset,

2021 1233 2072 1283 in
2112 1232 2325 1301 justitia
2354 1243 2406 1285 et
2436 1233 2727 1287 sanctitate
2760 1232 3007 1286 veritatis
3032 1233 3097 1283 ⁸³.
3126 1250 3141 1281 ι
3178 1229 3287 1285 Nec
3318 1244 3428 1284 non
3460 1230 3608 1283 Isaac

318 1323 391 1377 ad
449 1323 589 1379 Esau
647 1324 873 1393 inquit:
941 1342 960 1374 ι
1000 1324 1141 1378 Ecce
1184 1322 1477 1379 Dominum
1537 1332 1690 1377 tuum
1726 1323 1908 1391 ipsum
1949 1325 2053 1379 l'eci
2086 1328 2150 1380 ⁶³.
2200 1346 2218 1379 ι
2249 1324 2561 1397 Optandum
2625 1342 2752 1380 vero
2786 1333 2843 1380 ut
2878 1326 2933 1379 in
2981 1325 3176 1379 melius
3217 1334 3511 1388 mutemur,
3552 1325 3607 1379 et

320 1424 576 1470 creatura
608 1412 702 1468 Dei
728 1415 1305 1485 nuncupemur,juxta
1339 1416 1472 1469 illud
1501 1416 1649 1484 apud
1687 1414 1917 1470 Isaiam:
1968 1435 1986 1467 ι
2026 1416 2256 1472 Domine
2287 1419 2429 1473 Deus
2466 1426 2679 1481 noster,
2715 1432 2840 1470 crea
2878 1431 2978 1471 nos
3012 1416 3079 1471 ⁸³⁵.
3127 1436 3144 1467 ο

393 1504 763 1560 Recordamini
792 1506 994 1560 dierum
1015 1508 1078 1560 ab
1103 1518 1319 1563 wterno.
1348 1507 1592 1579 [XXXI],
1615 1508 1693 1580 7.]
1726 1510 1965 1579 Arguisti
1990 1526 2084 1565 eos
2107 1510 2538 1582 ingratitudiuis,
2559 1510 2700 1581 quod
2728 1511 2864 1565 mala
2884 1510 2978 1565 tibi
3004 1510 3273 1578 prohonis
3295 1507 3603 1562 retulerint.

324 1591 807 1658 Quemadmodum
844 1594 1014 1648 David
1039 1610 1262 1664 quoque
1293 1597 1369 1648 ait
1404 1593 1743 1666 :Rcdarguit
1772 1612 1868 1651 eos
1900 1598 1969 1651 ab
1996 1611 2062 1650 eo
2116 1608 2359 1667 tempore
2418 1614 2529 1668 quo
2564 1615 2660 1653 eos
2715 1615 2779 1653 ex
2816 1599 2938 1651 aliis
2997 1597 3192 1663 selegit
3253 1598 3506 1667 gentibus
3536 1596 3603 1652 ⁸⁸.

323 1681 656 1749 Perpendite
688 1682 859 1748 enim,
899 1683 1095 1752 inquit,
1134 1684 1204 1737 ab
1236 1684 1384 1736 Omni
1420 1684 1703 1737 licininum
1741 1684 1847 1736 vita
1885 1685 1928 1738 si
1961 1687 2051 1739 ulli
2081 1687 2230 1756 genti
2273 1687 2587 1755 hujusmodi
2621 1687 2983 1748 obvenerunt,
3023 1702 3145 1737 nam
3181 1685 3327 1740 ﬁlius
3364 1686 3605 1754 appella-

321 1778 417 1823 tus
447 1778 533 1823 est
566 1768 682 1835 Dei,
716 1772 950 1839 populus
982 1771 1124 1840 ejus,
1153 1785 1284 1826 oves
1316 1786 1533 1839 pascua:
1572 1772 1693 1840 ejus
1726 1772 1793 1839 “,
1828 1790 1895 1825 au
1919 1772 2081 1843 digna
2109 1773 2200 1827 Dei
2234 1783 2536 1843 conspectu
2580 1782 2673 1827 aut
2720 1790 2852 1828 voce
2880 1773 2953 1828 sit
2982 1772 3147 1826 facta.
3187 1762 3343 1838 Quod
3387 1774 3431 1826 si
3457 1787 3590 1825 vero

315 1856 554 1924 juvenes
582 1858 948 1927 ignorantiam
985 1859 1182 1913 borum
1228 1861 1550 1927 praetexitis,
1590 1862 1688 1914 tibi
1720 1876 1938 1929 quoque
1976 1869 2131 1929 pater
2160 1876 2305 1925 sum,
2351 1878 2415 1916 ac
2441 1878 2540 1915 ceu
2606 1864 2859 1931 princeps
2910 1860 3196 1930 prophetia
3234 1867 3286 1913 te
3340 1858 3601 1929 dignalus

320 1959 471 2007 sum,
510 1944 602 2013 qui
640 1945 911 1999 mediator
938 1960 1060 2000 sum
1092 1948 1259 2000 vestri
1294 1956 1348 2001 et
1389 1946 1499 2001 Dei.
1538 1948 1641 2013 Qui
1700 1951 1980 2018 cognitum
2041 1953 2320 2019 quomodo
2360 1954 2463 2006 hoc
2514 1954 2834 2006 universum
2892 1951 3250 2003 constitutum
3292 1948 3360 2001 sit
3394 1947 3594 2001 habeo.

318 2032 498 2098 Quam
532 2048 695 2087 verax
734 2048 866 2088 vero
905 2034 1083 2101 ipsius
1119 2034 1192 2088 sit
1223 2034 1469 2104 cognitio
1496 2036 1673 2103 signis
1705 2037 1925 2092 abunde
1979 2040 2317 2095 declaratum
2370 2051 2471 2095 est.
2510 2041 2911 2111 Sarpenumero
2938 2054 3069 2093 vero
3105 2053 3229 2089 cum
3264 2036 3423 2104 longe
3475 2046 3602 2089 ante

317 2120 691 2189 praedixisset,
725 2124 879 2188 signa
911 2136 980 2176 ne
1016 2122 1188 2175 latum
1223 2122 1444 2191 quidem
1471 2124 1712 2177 culmum
1749 2140 1775 2176 a
1807 2128 2121 2180 certissimo
2140 2145 2320 2181 rerum
2344 2139 2543 2182 eventu
2588 2128 2988 2182 discesserunt.
3023 2124 3353 2178 Percontare
3388 2124 3581 2192 igitur,

316 2216 377 2260 et
412 2222 737 2276 cognosces.
768 2208 941 2278 Cujus
974 2209 1051 2263 rei
1083 2211 1333 2265 seniores
1367 2226 1589 2280 quoque
1619 2212 1809 2266 divino
1842 2214 1987 2283 pleni
2016 2216 2217 2286 spiritu
2245 2224 2411 2271 testes
2435 2216 2656 2271 adsunt.
2689 2217 2953 2284 Deinceps
2990 2213 3266 2283 quomodo
3308 2211 3497 2267 lsraeli
3526 2211 3594 2264 ab

314 2297 484 2351 initio
509 2300 697 2368 prima:
723 2299 836 2353 sint
868 2299 1063 2354 delata:
1093 2300 1408 2354 subintulit.

394 2410 528 2463 Ὅτε
559 2410 877 2480 διεμέριζεν
908 2415 939 2466 ό
975 2413 1264 2481 Ὗψιστος
1299 2414 1468 2482 ἔθνη.
1502 2418 1518 2435 “
1557 2414 1632 2486 (4)
1670 2414 1735 2468 Ἠ
1766 2416 1907 2487 ἀρχὴ

2086 2419 2218 2473 Cum
2259 2420 2521 2474 divisisset
2552 2420 2843 2473 altissimas
2866 2426 3065 2488 gentes.
3228 2415 3444 2468 Initium
3470 2430 3603 2484 gen-

312 2499 414 2555 τοῦ
450 2502 721 2573 μερισμοῦ
749 2502 859 2556 τῶν
889 2503 1060 2557 ἐθνῶν
1098 2506 1192 2558 ἐπὶ
1240 2508 1303 2575 τῇ
1327 2506 1596 2577 διασπορᾷ
1639 2506 1748 2559 τῶν
1776 2507 1909 2559 υἱῶν

328 2593 503 2661 ’Δδὰμ
534 2595 803 2665 γενομένη
836 2595 978 2649 κατὰ
1016 2596 1252 2668 ἀριθμὸν
1299 2597 1549 2665 ἀγγέλων
1602 2598 1737 2651 Θεοῦ
1770 2600 1905 2670 πρό-

312 2702 486 2752 φασιν
542 2686 836 2756 ἐσχηκέναι
888 2688 1037 2741 δοκεί
1072 2688 1171 2759 τὴν
1205 2690 1297 2741 ἐπὶ
1326 2690 1419 2742 τοῦ
1460 2692 1671 2761 πύργου
1698 2692 1905 2744 οἰκοδο-

312 2778 429 2849 μήν
467 2779 543 2847 (5)
567 2795 581 2809 ⁸
603 2780 685 2832 ὅτι
714 2782 808 2833 κει)⁵
833 2783 861 2834 6
885 2781 1185 2850 κατάλογος
1218 2782 1325 2834 τῶν
1362 2782 1494 2835 υἱῶν
1534 2785 1627 2836 καὶ
1668 2785 1907 2852 ἐγγόνων

307 2869 413 2922 τοῦ
448 2870 573 2923 Νῶε
607 2871 992 2941 ἐϐδομήκοντα
1030 2870 1100 2945 ἦν
1121 2873 1212 2926 τὸν
1238 2873 1494 2945 ἀριθμόν.
1546 2874 1712 2927 Ἀλλὰ
1736 2877 1829 2929 καὶ
1859 2878 1907 2928 οἱ

311 2960 427 3012 υἱοὶ
466 2960 660 3014 Ἰακὼὸ
687 2962 735 3015 οἱ
760 2962 1096 3027 εἰσελθόντες
1126 2966 1205 3028 εἱς
1246 2965 1545 3031 Αἴγυπτον,
1576 2965 1652 3027 ὡς
1702 2966 1909 3033 γέγρα-

312 3070 453 3105 πται
482 3054 541 3105 ἐν
575 3054 654 3125 τῷ
682 3056 1094 3128 Δευτερονομίῳ
1114 3073 1125 3085 ·
1162 3074 1181 3107 ‹
1220 3057 1279 3109 ἐν
1308 3057 1681 3126 ἐσδομήκοντα
1711 3057 1911 3127 ψυχαῖς

312 3145 636 3216 κατέϐησαν
669 3150 718 3200 οἱ
763 3149 1002 3218 πατέρες
1035 3150 1190 3222 ὑμῶν
1234 3151 1318 3213 εἱς
1362 3151 1657 3218 Αἴγυπτον.
1702 3170 1720 3202 ι
1753 3151 1910 3204 Οὕτω

310 3234 378 3288 δὲ
409 3238 573 3289 καὶοὶ
604 3237 783 3291 λοιποὶ
811 3240 1179 3297 ὲκδεδώκασιν
1208 3242 1565 3313 ἐρμηνευταὶ,
1593 3242 1735 3295 κατὰ
1758 3242 1913 3314 ἀριθ-

318 3328 424 3397 μὸν
446 3330 579 3382 υἱῶν
624 3331 862 3402 Ἰσραήλ.

2015 2515 2149 2568 tium
2183 2514 2471 2569 divisionis
2510 2515 2561 2567 in
2622 2512 2970 2579 dispersione
3021 2511 3256 2563 iiliorum
3304 2508 3474 2561 Adam
3515 2506 3600 2560 fa-

2015 2615 2187 2669 ctum,
2221 2607 2376 2675 juxta
2403 2622 2693 2659 numerum
2735 2604 3055 2673 angelorum
3082 2602 3198 2656 Dei.
3236 2600 3597 2655 Occasionem

2014 2698 2063 2753 ei
2092 2696 2400 2773 praebuisse
2432 2697 2743 2766 linguarum
2777 2710 2900 2764 quae
2924 2694 2977 2747 in
3016 2694 3187 2746 turris
3219 2691 3598 2745 exstructione

2004 2788 2210 2842 accidit
2243 2786 2591 2848 confusione,
2653 2786 2889 2840 videtur.
2949 2784 3218 2850 Quoniam
3260 2784 3602 2837 enumeratio

2006 2874 2268 2937 ﬁliorum,
2327 2883 2380 2927 et
2413 2882 2671 2942 nepotum
2706 2882 2761 2927 et
2792 2881 3011 2943 neplum
3049 2871 3161 2925 Noe
3187 2888 3296 2925 non
3332 2872 3488 2941 longe
3517 2881 3603 2925 est

2004 2965 2307 3034 (ii-scripta.
2342 2963 2474 3030 Qua:
2494 2965 2881 3033 complectitur
2912 2963 3163 3017 instituta
3187 2961 3431 3031 gentiqu
3462 2976 3602 3031 qua—

2012 3071 2134 3108 rum
2173 3054 2529 3124 septuaginta
2575 3056 2853 3109 exsistunt
2903 3068 3156 3107 numero.
3193 3053 3261 3105 At
3307 3053 3472 3105 etiam
3506 3048 3601 3105 Ja-

2018 3147 2141 3201 cobi
2189 3146 2287 3200 ﬁlii
2343 3155 2396 3201 et
2430 3155 2660 3216 nepotes
2689 3146 2740 3199 in
2780 3160 3071 3199 numerum
3119 3144 3601 3213 septuagenarium

2017 3239 2464 3303 concluduntur,
2529 3237 2623 3309 qui
2700 3238 2754 3291 in
2812 3236 3106 3309 Egyptum
3170 3236 3592 3305 descenderunt.

2016 3330 2491 3397 Quemadmodum
2540 3332 2593 3386 in
2642 3330 2894 3402 praesenti
2959 3331 3100 3385 libro
3140 3331 3407 3398 scriptum
3457 3338 3589 3384 est:

322 3438 345 3470 ε
384 3418 740 3488 Septuaginta
785 3420 989 3478 animis
1049 3422 1458 3478 descenderunt
1504 3433 1689 3495 patres
1742 3422 1909 3478 vestri
1953 3422 2011 3475 in
2048 3420 2342 3493 [Egyptum
2384 3424 2451 3480 η.
2504 3442 2522 3474 ι
2571 3422 2644 3477 ita
2692 3438 2824 3478 vero
2891 3434 2947 3479 et
3000 3422 3194 3493 reliqui
3260 3422 3590 3492 interpretes

315 3507 680 3563 reddiderunt
720 3528 735 3565 :
772 3510 923 3573 iuxta
951 3528 1226 3566 numerum
1264 3514 1501 3583 ﬁliorum
1530 3514 1726 3568 Israel.

403 3601 567 3655 Ἀλλὰ
597 3603 716 3666 πῶς
734 3604 956 3675 Ἰσραὴλ
981 3605 1211 3675 γέγονεν
1237 3608 1438 3680 ἐκλογή
1460 3626 1475 3675 ;
1494 3608 1813 3679 ἈπόἈδὰμ
1836 3608 1916 3671 εἱς

318 3694 451 3748 Νῶε
478 3695 568 3749 τὸν
620 3698 720 3749 ἀπ’
769 3696 937 3750 αὑτοῦ
990 3698 1240 3762 δέκατον,
1278 3700 1416 3753 ἐτῶν
1474 3700 1644 3753 ὄντων
1672 3701 1818 3772 ἀμφὶ
1848 3701 1917 3754 τὰ

2093 3601 2163 3655 At
2194 3600 2476 3671 quomodo
2506 3601 2606 3655 fuit
2632 3599 2850 3655 israeiis
2875 3599 3107 3654 eiectio?
3124 3599 3207 3653 Ab
3232 3598 3405 3652 Adam
3432 3610 3607 3668 usque

2027 3694 2094 3747 ad
2130 3692 2242 3747 Noe
2276 3693 2344 3747 ab
2390 3708 2457 3747 eo
2513 3692 2807 3755 decimum,
2864 3692 3021 3745 annis
3056 3691 3281 3745 circiter
3329 3690 3413 3745 bis
3461 3690 3609 3743 mille

320 3787 473 3856 ,βμβ,
500 3787 676 3848 οὐδεὶς
709 3788 847 3858 πρὸς
878 3788 1139 3843 πολύθεον
1174 3787 1388 3861 πλάνην
1435 3790 1733 3853 ἀποκλίνας
1770 3792 1913 3844 ἱστό-

2026 3785 2389 3856 quadraginta
2429 3786 2683 3851 duobus,
2727 3785 2819 3854 qui
2872 3799 3029 3837 error
3060 3782 3200 3836 LXX
3244 3784 3605 3852 interpretum

322 3895 524 3949 ρηται’
556 3878 675 3931 ἀλλ’
710 3879 795 3947 ἐφ’
842 3880 1054 3951 ἐτέροις
1097 3882 1378 3935 ἀπώλοντο
1416 3881 1913 3953 πλημμελήμασιν,

321 3970 709 4039 ἐπενεχθέντος
766 3972 1180 4044 κατακλυσμοῦ.
1227 3975 1349 4028 Τῶν
1402 3974 1459 4027 δὲ
1507 3974 1616 4027 ἀπὸ
1663 3974 1758 4028 τοῦ
1788 3976 1913 4028 Νῶε

323 4060 608 4131 πανταχοῦ
638 4061 1045 4117 σκεδασθέντων
1074 4067 1153 4128 εἱς
1186 4065 1252 4119 τὰ
1279 4064 1418 4136 πρὸς
1445 4066 1529 4136 ἠῶ
1563 4066 1729 4138 μέρη,
1757 4067 1913 4119 ἐννα-

322 4150 528 4205 κοσίων
572 4154 1101 4222 τεσσαρακονταδύω
1160 4154 1573 4225 παρῳχηκότων
1625 4156 1910 4221 ἐνιαυτῶν,

322 4244 545 4314 πρῶτος
576 4246 675 4314 τῆς
717 4245 1021 4317 Ἀσσυρίων
1048 4245 1403 4316 βεδασίλευκε
1459 4248 1561 4318 γῆς
1615 4248 1910 4319 Ἀρὸηλος,

323 4336 469 4405 ἀνὴρ
496 4336 735 4401 ἀλαζὼν,
768 4338 862 4389 καὶ
892 4337 1029 4391 Θεοῦ
1053 4338 1272 4409 πρῶτος
1295 4339 1467 4409 ὄνομα
1498 4340 1647 4411 παρὰ
1678 4341 1788 4396 τῶν
1816 4341 1921 4393 ὑπὸ

323 4428 489 4496 χεῖρα
530 4425 732 4481 λαϐών.
775 4423 847 4499 Ὦ
876 4431 972 4482 καὶ
1018 4428 1479 4499 προσκυνοῦντες,
1521 4431 1709 4494 θυσίας
1743 4449 1919 4503 προσ-

324 4520 547 4589 ἐφερον.
580 4520 673 4584 Ἐξ
723 4514 785 4573 οῦ
842 4523 1007 4585 Νῖνος
1036 4517 1100 4576 οὗ
1130 4522 1356 4586 Νινύας.
1403 4517 1474 4595 ’ᾫ
1524 4524 1728 4595 Νινευὴ
1759 4525 1920 4589 πόλις

325 4611 737 4681 ἐπωνόμασται.
777 4616 882 4666 Ἦν
897 4616 1133 4686 ἀρραγεῖ
1152 4616 1425 4686 περιϐόλῳ
1451 4616 1719 4685 τετείχικε
1750 4617 1916 4687 Σεμί-

328 4704 546 4772 ραμιςή
578 4702 769 4755 τούτου
797 4705 1101 4774 γυνή.Ἐπὶ
1129 4705 1186 4757 δὲ
1210 4705 1376 4757 Νίνου
1396 4706 1918 4777 γέγονενἈδραὰμ,

324 4796 469 4864 ἀνὴρ
497 4795 737 4863 ἀγαθὸς,
788 4798 883 4850 καὶ
926 4798 1036 4850 τῶν
1080 4798 1387 4868 Ἀσσυρίων
1430 4799 1531 4868 τὴν
1583 4799 1770 4867 κοινὴν
1799 4798 1925 4851 ἀσέ-

327 4884 486 4938 ϐειαν
517 4886 957 4958 βδελυττόμενος.
1002 4888 1166 4942 Ὀθεν
1200 4892 1264 4943 ἐκ
1291 4890 1460 4959 μέσου
1496 4889 1700 4942 τούτων
1733 4890 1919 4960 ἡρπά-

327 4972 475 5038 ζετο,
499 4974 634 5027 Θεοῦ
664 4976 801 5046 πρὸς
833 4978 1028 5029 ἑαυτὸν
1060 4977 1449 5049 ὁδηγήσαντος,
1482 4980 1579 5032 καὶ
1614 4977 1919 5049 ἐκλεξαμέ-

328 5080 428 5119 νου
455 5066 580 5129 τοὺς
610 5065 670 5131 ἐξ
698 5066 865 5121 αὑτοῦ
905 5068 1026 5138 μετ’
1057 5068 1240 5126 αὐτόν.

426 5223 475 5253 ⁸⁸
506 5220 654 5275 Psal.
686 5237 759 5288 cn,
792 5223 878 5279 l8.
975 5225 1017 5256 “
1056 5224 1202 5279 Psal.
1239 5241 1288 5284 ι..
1328 5226 1415 5279 10.

1517 5225 1561 5257 ⁸⁸
1604 5224 1807 5296 Ephcs.
1852 5242 1912 5289 ιι,
1945 5226 2031 5280 15’.

2023 3886 2128 3941 est,
2161 3878 2350 3931 nullus
2375 3877 2428 3930 in
2463 3877 2772 3945 spatiosum
2806 3877 2910 3930 iter
2934 3874 3225 3929 deﬂexisse
3246 3876 3477 3929 historia
3503 3874 3608 3929 fer-

2023 3979 2132 4032 tur,
2170 3984 2361 4023 verum
2395 3969 2466 4023 ob
2501 3970 2606 4022 alia
2657 3979 2819 4038 atque
2846 3968 2953 4021 alia
2988 3968 3187 4022 delicta
3235 3967 3441 4022 diluvio
3484 3968 3606 4022 illa-

2022 4074 2077 4118 to
2108 4063 2414 4132 perierunt.
2433 4062 2668 4117 Posteris
2684 4077 2813 4116 vero
2830 4061 2943 4115 Noe
2970 4061 3022 4115 in
3049 4062 3260 4130 plagam
3284 4061 3607 4115 orientalem

2022 4154 2291 4223 disjectis,
2325 4153 2599 4222 annisque
2637 4151 2936 4221 nonaginta
2974 4165 3041 4204 ac
3076 4149 3439 4218 quadraginta
3470 4147 3608 4201 duo-

2023 4249 2127 4303 bus
2156 4248 2388 4312 exactis,
2422 4247 2635 4316 primus
2662 4254 2821 4298 terrae
2851 4242 3162 4314 Assyriacaa
3187 4256 3413 4311 regnum
3438 4239 3610 4294 Arbe-

2028 4338 2113 4392 lus
2137 4340 2338 4400 tenuit,
2372 4338 2459 4391 vir
2495 4350 2783 4404 arrogans,
2817 4334 3021 4405 Quique
3050 4333 3144 4388 Dei
3166 4348 3364 4387 nomen
3402 4333 3610 4400 primus

2028 4444 2059 4484 a
2079 4430 2317 4485 subditis
2344 4430 2580 4498 accepit,
2606 4442 2767 4497 quem
2818 4427 3211 4488 adoraverunt,
3234 4426 3432 4493 cuique
3454 4423 3611 4476 victi-

2029 4538 2151 4577 mas
2183 4522 2517 4577 obtulerunt.
2555 4521 2631 4572 Ex
2654 4534 2763 4589 quo
2804 4518 2998 4583 Ninus,
3033 4533 3129 4573 seu
3161 4515 3363 4585 Ninyas
3385 4555 3399 4579 ,
3433 4516 3612 4567 nasci-

2035 4621 2144 4678 tur,
2158 4613 2318 4681 cujus
2332 4612 2512 4666 simile
2528 4610 2659 4663 urbs
2678 4607 2869 4662 Ninive
2887 4622 3085 4660 nomen
3107 4614 3191 4659 est
3206 4605 3420 4673 adepta,
3444 4619 3608 4673 quam

2029 4704 2268 4759 infracto
2300 4704 2511 4758 ambitu
2533 4700 2861 4755 Semiramis
2887 4714 3026 4754 uxor
3049 4699 3172 4767 ejus
3191 4696 3448 4750 munivit.
3478 4694 3611 4749 Post

2021 4796 2225 4851 Ninum
2258 4812 2389 4850 vero
2444 4796 2648 4848 Abram
2699 4793 2821 4856 fuit,
2862 4793 2947 4845 vir
2981 4791 3163 4845 bonus
3198 4788 3411 4859 quique
3442 4788 3610 4857 Assy-

2026 4889 2235 4943 riorum
2274 4901 2470 4940 vanam
2527 4884 2865 4952 impietatem
2920 4889 3006 4936 est
3052 4880 3425 4935 abominatus.
3458 4878 3609 4944 Qua.

2026 4985 2255 5048 propter
2283 4993 2315 5032 e
2350 4976 2530 5031 medio
2559 4976 2757 5029 horum
2785 4989 2814 5027 a
2845 4973 2953 5028 Deo
2983 4982 3178 5043 raptus
3224 4980 3334 5031 est,
3362 4971 3454 5041 qui
3485 4985 3609 5024 eum

2025 5072 2092 5125 ad
2133 5086 2193 5126 se
2229 5069 2482 5133 adduxit,
2516 5075 2883 5139 posterosque
2914 5067 3037 5136 ejus
3068 5066 3176 5121 sibi
3207 5066 3373 5135 elegit

2134 5226 2178 5257 ⁸³
2213 5224 2351 5280 Gen.
2384 5240 2559 5291 xxvu,
2586 5224 2676 5279 37.
2790 5223 2836 5255 ⁶³
2870 5221 2975 5278 lsa.
3009 5236 3161 5284 xxvr,
3206 5220 3293 5274 l5.
3391 5220 3434 5250 ⁸³
3462 5217 3608 5274 Psai.

331 5305 537 5358 uxvu,
582 5295 605 5347 l
645 5310 1055 5365 seqq.;cx1.vu,
1081 5295 1171 5351 20.
1247 5296 1291 5326 “
1325 5295 1471 5350 Psal.
1514 5295 1741 5360 Luvul,
1778 5297 1864 5350 15.
1942 5298 1983 5326 ⁸⁷
2018 5296 2179 5350 Deut.
2209 5312 2264 5362 κ,
2301 5295 2392 5351 22.

1902 5383 2134 5443 NOTIE.

402 5476 651 5550 (“Quae
678 5478 945 5550 asterisco
976 5487 1241 5534 notantur
1278 5478 1535 5550 anonymi
1568 5486 1698 5531 sunt
1732 5478 1785 5531 iu
1817 5476 1926 5531 Ca.

336 5548 462 5617 texta
495 5548 797 5617 Lipsiensi.

404 5614 485 5687 (5)
524 5609 795 5687 Οὶκοδομῇ
831 5616 940 5671 τῶν
973 5618 1274 5671 διαλέκτων
1309 5618 1577 5687 σύγχυσιν
1598 5632 1611 5645 ⁸
1645 5618 1725 5669 ὃτι
1755 5619 1847 5670 καὶ
1866 5616 1927 5669 οὐ
2029 5620 2089 5669 ἐν
2122 5609 2533 5687 Δευτερονομίῳ
2557 5611 2869 5687 γέγραπται
2899 5626 2912 5639 °
3040 5609 3208 5687 ἐὸδομ

338 5681 561 5758 μακρὰν
587 5681 938 5758 όᾼκατάιλογος
968 5681 1524 5758 ἀναγέγραπταιῖὲῶν
1558 5688 1692 5758 υἱῶν
1717 5689 1811 5739 καὶ
1842 5689 1932 5753 ἐγ·
2027 5687 2155 5758 867.
2195 5681 2356 5739 τοῦδ
2394 5681 2519 5758 τδρ..
2553 5681 2613 5758 τί

335 5756 510 5825 γόνων
532 5756 627 5810 τοῦ
656 5758 805 5829 Νῶε,
827 5758 1115 5829 περιέχων
1141 5756 1268 5821 τοὺς
1297 5759 1494 5829 λόγους
1518 5757 1627 5811 τῶν
1648 5757 1816 5810 ἐθνῶν
1846 5757 1931 5808 όν-

338 5844 444 5883 των
498 5829 590 5881 τὸν
646 5828 882 5899 ἀριθμὸν
920 5828 1337 5900 ἐϐδομήκοντα.
1389 5828 1549 5884 Ἀλλὰ
1584 5830 1675 5882 καὶ
1726 5830 1773 5881 οἱ
1822 5829 1929 5879 υἱοὶ

2039 5473 2234 5530 Ἰακὼϐ
2264 5474 2357 5528 καὶ
2385 5475 2434 5527 οἱ
2460 5474 2567 5526 υἱοὶ
2591 5470 2726 5524 υἱῶν
2757 5470 3078 5539 συνάγονται
3104 5470 3182 5529 εἰς
3228 5467 3320 5521 τὸν
3372 5466 3610 5539 ἐϐδομή-

2027 5564 2191 5601 κοντα
2226 5544 2482 5615 ἀριθμὸν,
2510 5545 2558 5595 οἱ
2586 5541 3007 5601 καταϐαίνοντες
3043 5541 3123 5601 εἰς
3153 5539 3448 5606 Αἴγυπτον,
3473 5538 3613 5589 καθὰ

2029 5620 2089 5657 ἐν
2125 5614 2533 5657 Λευτςηηυοιιίω
2557 5611 2869 5657 γέγραπται
2899 5626 2912 5639 ⁹
2947 5611 3005 5657 ὲν
3040 5609 3230 5657 ὲὸδου..
3268 5625 3355 5657 κτ.
3390 5610 3447 5657 ἐν
3496 5608 3608 5657 σελ.

3215 5648 3230 5662 σ
3268 5625 3355 5661 κτ.
3390 5623 3447 5659 εν
3496 5622 3608 5658 σεΛ.

2027 5687 2155 5766 i167.
2195 5677 2356 5766 τοῦᾝ)
2394 5677 2519 5766 τδρ..
2553 5677 2751 5766 τῆςιειὶς
2782 5681 2909 5766 τους
2950 5680 3092 5734 ὶΡαλ.
3132 5677 3273 5750 σειρ.
3314 5677 3411 5732 xui.
3460 5678 3612 5748 παρὰ

2034 5757 2276 5829 Προκοπ.
2317 5758 2375 5810 ἐν
2409 5749 2487 5824 τῷ
2518 5749 2622 5823 τῆς
2640 5749 2927 5820 Λὺγ.κώδ.
