4058 6534
530 378 642 449 959
1870 385 2227 448 PROCOPII
2264 387 2507 450 GAZzEI
3688 399 3779 461 960

598 490 742 558 Quid
772 500 953 547 autem
988 491 1091 546 sibi
1116 492 1271 562 juxta
1321 508 1613 548 numerum
1651 492 1968 564 angelorum
2010 494 2101 547 Dei

2279 495 2344 549 Τί
2376 490 2470 548 οὖν
2500 494 2581 559 τὸ,
2616 495 2760 549 κατὰ
2789 493 3021 565 ἀριθμὸν
3055 494 3309 563 ἀγγέλων
3338 497 3512 551 Θεοῦ-
3543 500 3649 565 Τὰς
3675 523 3778 559 νοε-

528 584 689 637 vult?
723 581 970 638 Virtutes
1015 584 1334 653 spirituales
1379 593 1573 655 gentes
1630 594 1917 653 prmegere
1964 585 2107 639 Dens

2218 588 2319 659 ράς
2364 587 2623 657 δυνάμεις
2670 585 3066 659 ὑπερασπίζειν
3124 587 3377 643 ἐκέλευσε
3426 592 3536 643 τῶν
3572 593 3728 648 ἐθνῶν
3757 604 3781 651 ὁ

526 673 720 743 jussit,
753 673 929 743 adque
954 674 1038 728 sui
1069 674 1277 728 cultum
1315 674 1619 738 adducere,
1642 689 1706 729 ac
1743 690 1839 743 per
1860 674 1959 729 has
1984 689 2109 743 quae

2217 678 2371 743 Θεὸς,
2406 681 2501 731 καὶ
2541 682 2621 743 είς
2670 678 2931 751 λατρείαν
2984 679 3253 751 ὀδηγῆσαι
3287 682 3387 750 τὴν
3442 684 3655 745 ἑαυτοῦ.
3704 690 3782 743 καὶ

530 765 598 820 ad
630 766 862 821 salutem
902 766 1109 820 ducunt
1132 767 1427 821 utilitatem
1455 782 1649 821 earmn
1679 781 1949 822 summam
1979 781 2111 836 pro-

2217 769 2445 832 ταύταις
2471 768 2739 838 ὠφέλειαν
2763 770 3042 842 προξενῶν
3064 770 3161 843 τὴν
3186 773 3455 845 μεγίστην
3483 776 3782 845 ὁδηγούσαις

530 863 710 911 curat.

2220 860 2300 922 εἰς
2327 860 2625 929 σωτηρίαν.

602 968 622 1001 ι
651 950 846 1004 Castra
875 949 1022 1004 enim
1052 958 1218 1013 tenet,
1250 951 1452 1020 inquit,
1482 950 1711 1021 angelus
1739 949 1954 1004 Domini
1983 949 2133 1004 circa
2157 950 2419 1007 timentes
2448 952 2645 1022 ipsius,
2683 961 2737 1009 et
2767 954 2965 1023 eripiet
3014 969 3110 1010 eos
3138 956 3205 1010 ⁸⁸.
3238 975 3257 1008 ι
3309 955 3381 1010 De
3431 959 3641 1011 sanctis
3671 960 3781 1014 item

532 1037 713 1109 inquit
741 1054 754 1091 :
798 1057 815 1089 ι
853 1041 1128 1104 Quoniam
1157 1042 1367 1111 angelis
1398 1041 1513 1095 suis
1546 1041 1613 1093 de
1644 1049 1696 1093 te
1727 1037 2034 1100 mandabit,
2075 1044 2134 1091 ut
2163 1045 2215 1091 te
2240 1038 2294 1091 in
2341 1039 2600 1094 omnibus
2646 1040 2921 1095 institutis
2961 1042 3072 1097 tuis
3114 1050 3379 1097 tueantur
3402 1044 3472 1096 ”.
3527 1064 3546 1094 ι
3577 1042 3781 1102 Necnon

529 1127 736 1183 Paulus
758 1127 925 1182 etiam
960 1128 1186 1198 inquit:
1221 1149 1238 1182 ι
1277 1131 1470 1185 Annon
1507 1145 1703 1184 omnes
1749 1139 1879 1185 sunt
1922 1128 2297 1182 ministrantes
2341 1125 2506 1199 465
2560 1128 2814 1197 spiritus,
2856 1129 2950 1199 qui
3007 1130 3061 1183 in
3100 1130 3386 1185 servitium
3454 1130 3781 1199 ablegantnr,

531 1229 758 1288 propter
791 1232 892 1272 eos
927 1219 1130 1288 quibus
1155 1220 1306 1275 salus
1336 1220 1687 1275 haereditario
1719 1220 2019 1272 obventura
2049 1226 2132 1271 est
2165 1215 2235 1270 "°.
2266 1235 2287 1269 ›
2324 1216 2569 1285 Denique
2596 1232 2727 1271 vero
2758 1215 3020 1271 Servator
3052 1218 3181 1287 inqu
3202 1220 3243 1271 it
3286 1237 3299 1273 :
3334 1236 3353 1271 ι
3393 1218 3659 1273 Videbitis
3686 1236 3785 1277 c02-

530 1305 612 1361 los
638 1294 973 1375 patel'actos.
1011 1310 1344 1379 angelosqne
1379 1309 1469 1363 Dei
1505 1308 1807 1363 ascendere
1847 1316 1901 1360 et
1930 1303 2264 1359 descendere
2298 1318 2463 1371 super
2496 1301 2637 1357 Filio
2662 1303 2903 1358 hominis
2933 1304 3001 1360 ".
3037 1322 3057 1357 ι
3098 1303 3173 1357 De
3194 1306 3399 1374 quibus
3432 1305 3691 1375 scriptum
3712 1315 3785 1362 est

529 1394 676 1462 quod
723 1392 890 1447 Denm
931 1394 1219 1448 nobiscmn
1251 1396 1532 1450 celebrent
1567 1413 1579 1448 :
1616 1415 1634 1447 ι
1672 1395 1962 1450 Celebrate
1994 1391 2305 1456 Dominum,
2337 1405 2530 1446 onmes
2566 1392 2803 1448 virtutes
2834 1392 2975 1461 ejus,
3034 1392 3272 1447 ministri
3320 1393 3471 1461 ejus,
3511 1394 3606 1461 qui
3645 1394 3782 1460 iussa

528 1483 652 1551 ejus
672 1482 1039 1550 exsequimini
1070 1484 1141 1536 ⁷⁸.
1185 1502 1204 1535 ι
1240 1484 1395 1549 Quod
1430 1500 1559 1538 vero
1592 1484 1702 1537 Deo
1735 1484 1900 1536 etiam
1929 1478 2287 1533 reverentiam
2311 1477 2508 1533 offerre
2524 1478 2780 1541 doceant,
2814 1491 3142 1551 argumento
3173 1481 3403 1550 angelus
3436 1481 3533 1550 qui
3556 1479 3784 1536 Gedeoni

530 1569 863 1638 comparuit,
896 1579 1002 1623 est.
1036 1568 1143 1639 lpsi
1187 1571 1333 1624 enim
1364 1572 1639 1626 victimam
1672 1569 1869 1624 oﬂ'erre
1902 1566 2143 1637 gestivit.
2177 1567 2243 1617 At
2276 1566 2401 1620 ille:
2448 1586 2466 1619 ι
2508 1567 2681 1637 Cape,
2724 1568 2929 1638 inquit,
2972 1584 3171 1623 carnes
3201 1578 3256 1623 et
3279 1583 3507 1640 azyma,
3541 1577 3595 1622 et
3634 1586 3785 1638 super

534 1666 687 1725 petra
720 1657 812 1710 illa
851 1658 1041 1726 ponito
1079 1658 1142 1712 ⁷³.
1187 1679 1203 1709 ι
1239 1658 1399 1713 Petra
1434 1676 1561 1713 vero
1589 1659 1674 1713 illa
1700 1658 1956 1712 Christus
1993 1660 2131 1715 erat,
2165 1652 2298 1707 dicit
2342 1653 2549 1711 Paulus
2600 1656 2668 1720 “,
2717 1666 2939 1727 propter
2971 1657 3169 1711 divinae
3240 1668 3450 1711 natura
3487 1657 3784 1712 ﬁrmitatem

531 1745 1103 1816 innnobilitatemque.
1134 1747 1310 1801 Simili
1341 1763 1561 1816 quoque
1595 1746 1756 1800 modo
1786 1743 2014 1812 angelus
2044 1739 2137 1809 qui
2172 1737 2366 1796 Manoe
2403 1743 2451 1797 ei
2491 1743 2812 1799 sacriﬁcare
2849 1745 3057 1799 volenti
3101 1746 3416 1815 comparuit
3466 1744 3648 1799 dixit:
3686 1765 3703 1797 ι
3735 1745 3786 1801 Si

530 1833 733 1886 feceris
765 1832 1172 1894 holocaustum,
1213 1833 1320 1888 Deo
1352 1836 1483 1887 illud
1510 1833 1707 1889 oll‘eres
1738 1833 1838 1885 ⁷⁵.»
1870 1833 1913 1895 Q
1937 1830 2020 1884 ιοι1
2057 1842 2188 1881 sane
2220 1828 2333 1896 ipse
2361 1846 2581 1899 quoque
2617 1846 2790 1900 super
2820 1842 2971 1898 petra
3010 1831 3249 1886 Domino
3281 1832 3351 1886 ob
3368 1831 3520 1885 tulit.

601 1919 672 1974 Et
692 1920 794 1989 fuit
816 1938 941 1991 pars
964 1921 1410 1990 Dominipopulus
1430 1922 1543 1991 ejus
1573 1919 1761 1975 Jacob.
1784 1920 2023 1992 [XXXIL
2043 1918 2115 1990 9.]

2297 1919 2405 1972 Kal
2430 1918 2685 1986 ἐγενήθη
2705 1918 2875 1986 μερὶς
2899 1918 3121 1985 Κυρίου
3160 1918 3311 1983 λαὸς
3346 1917 3541 1972 αὑτοῦ
3588 1918 3786 1972 Ἰακώϐ.

530 2011 666 2068 Pars
696 2014 876 2080 aliqua
910 2015 1017 2068 Deo
1058 2014 1222 2076 cedit,
1250 2029 1370 2083 quae
1393 2014 1660 2068 electione
1683 2014 1855 2083 ipsam
1892 2012 2112 2082 dignam

531 2102 712 2157 cilicii.
737 2104 815 2157 Ac
848 2114 1132 2174 propterea
1156 2122 1280 2159 cum
1307 2104 1506 2160 Davide
1534 2106 1761 2159 clamat:
1791 2121 1810 2156 ι
1833 2102 1966 2159 Pars
1997 2117 2114 2157 mea

538 2194 804 2249 Dominus
834 2195 900 2247 ⁷⁸.
938 2214 956 2246 ι
991 2194 1290 2252 Electionis
1316 2196 1459 2250 enim
1486 2211 1605 2265 qua:
1632 2211 1726 2265 per
1756 2207 1935 2265 patres
1975 2195 2114 2248 facta

531 2294 614 2339 est
642 2286 862 2339 nomine
898 2287 1082 2340 dilecti
1109 2287 1474 2353 exstiterunt;
1501 2287 1634 2341 dicit
1664 2288 1808 2342 enim
1843 2286 1985 2341 Deus
2018 2302 2115 2356 per

532 2394 703 2433 unum
732 2379 1121 2449 prophetarum
1159 2396 1173 2432 :
1214 2399 1231 2432 ι
1260 2380 1542 2450 Tanquam
1571 2398 1730 2437 uvam
1788 2385 1839 2436 in
1893 2383 2111 2438 deserto

532 2470 786 2527 lsraelem
840 2472 1021 2526 inveni
1054 2480 1149 2527 :et
1176 2482 1438 2542 tanquam
1470 2476 1873 2543 speculatorem
1917 2476 1974 2529 in
2006 2477 2113 2531 ﬁcu

532 2566 863 2619 matutinum
898 2566 1005 2619 vidi
1036 2575 1217 2636 patres
1244 2567 1565 2634 ipsorum".
1590 2588 1608 2620 ι
1635 2568 1753 2635 Quo
1781 2585 1893 2625 rem
1926 2570 2113 2639 inspe-

531 2666 705 2710 ratam
749 2658 996 2721 denotat,
1046 2659 1404 2729 inventosque
1463 2675 1586 2716 esse
1640 2662 2111 2732 exoptatissimos,

533 2748 783 2820 quamvis
840 2750 893 2803 in
947 2748 1173 2822 Assyria
1244 2752 1538 2807 simulacra
1582 2769 1772 2809 omnes
1798 2755 2110 2810 coluerunt.

534 2841 636 2908 Qui
672 2856 802 2896 vero
855 2841 1167 2897 dmmonum
1222 2845 1359 2899 socii
1387 2854 1517 2899 sunt
1548 2846 1793 2917 vulpium
1829 2857 2014 2917 partes
2057 2848 2112 2904 in

533 2934 759 3004 psalmis
796 2934 929 2991 dicti
960 2945 1091 2992 sunt
1117 2937 1182 2989 ⁷⁸.

607 3026 711 3082 Per
735 3030 1112 3099 metaphoram
1156 3047 1284 3086 vero
1311 3032 1618 3088 funiculum
1660 3033 1997 3091 hereditatis
2032 3035 2116 3091 di-

532 3116 642 3181 cit;
705 3115 949 3172 l'uniculo
1004 3119 1148 3173 enim
1183 3128 1385 3175 terram
1436 3122 1886 3191 dimetiebantur,
1918 3141 2113 3196 quem-

2216 2012 2392 2081 Μερὶς
2441 2011 2654 2076 γίνεταί
2703 2027 2785 2074 τις
2826 2009 2985 2074 Θεοῦ,
3033 2010 3129 2080 τῆς
3176 2010 3411 2080 ἐκλογῆς
3439 2010 3609 2063 αὑτὸν
3654 2011 3788 2076 ἄξιον

2217 2100 2606 2172 ἐργαζόμενος,
2637 2102 2733 2154 καλ⁸
2768 2100 2910 2171 μετὰ
2931 2100 3093 2153 Δαὸὶδ
3122 2099 3211 2154 διὰ
3234 2100 3395 2154 τοῦτο
3432 2099 3595 2169 βοῶν·
3630 2118 3648 2151 ι
3683 2101 3786 2153 Με-

2220 2193 2304 2264 ρίς
2334 2210 2438 2263 μου
2471 2193 2501 2245 ὁ
2532 2193 2760 2263 Κύριος.
2806 2211 2822 2243 ι
2856 2188 3018 2246 Κατά
3045 2191 3156 2263 γάρ
3185 2192 3286 2263 τὴν
3316 2192 3559 2262 ἐκλογὴν
3590 2193 3790 2260 ἀγαπηο

2214 2287 2299 2337 τοὶ
2341 2283 2431 2337 διὰ
2459 2285 2586 2347 τοὺς
2644 2283 2888 2355 πατέρας
2946 2284 3223 2351 ἐγένοντο.
3275 2284 3418 2353 φησι
3452 2283 3563 2353 γὰρ
3594 2282 3661 2336 δι’
3683 2284 3787 2346 ἑνὸς

2215 2373 2330 2428 τῶν
2383 2374 2685 2444 προφητῶν
2737 2375 2765 2427 ὁ
2818 2373 2985 2435 Θεόςο
3027 2391 3044 2424 ι
3084 2372 3172 2435 Ὠς
3209 2372 3492 2442 σταφυλὴν
3523 2373 3581 2424 ὲν
3612 2373 3789 2441 ἐρήμῳ

2215 2460 2374 2536 εὗρον
2398 2465 2489 2518 τὸν
2529 2464 2769 2537 Ἰσραὴλ,
2799 2466 2894 2518 καὶ
2919 2464 2995 2527 ὡς
3029 2463 3233 2517 σκοπὸν
3283 2466 3342 2517 ὲν
3380 2461 3527 2535 συκῇ
3555 2461 3786 2533 πρὼῖμον

2215 2552 2358 2609 εἶδον
2389 2555 2635 2626 πατέρας
2659 2556 2859 2621 αὐτῶν,
2904 2575 2921 2608 ι
2960 2555 3032 2608 Τὸ
3060 2556 3188 2627 παρ’
3212 2554 3404 2608 ἐλπίδα
3437 2555 3673 2617 δεικνὺς,
3703 2554 3788 2606 καὶ

2213 2647 2275 2700 τὸ
2327 2647 2435 2700 τῶν
2497 2647 2835 2717 εὑρεθέντων
2891 2645 3257 2717 τριπόθητον,
3313 2646 3536 2700 πάντων
3586 2644 3784 2699 εἰδωλο-

2213 2738 2555 2809 λατρούντων
2619 2741 2675 2791 ὲν
2718 2738 2999 2808 Ἀσσυρίᾳ.
3043 2738 3106 2789 Οί
3162 2738 3221 2790 δὲ
3278 2739 3394 2800 τοῖς
3429 2736 3689 2806 Δαίμοσιν
3716 2738 3783 2790 oi-

2215 2833 2373 2898 κείοι,
2414 2831 2631 2902 μερίδες
2669 2832 2969 2884 ἀλωπέκων
3012 2829 3260 2901 εἴρηνται
3291 2831 3349 2883 ὲν
3389 2829 3660 2901 Ψαλμοῖς.

2285 3038 2301 3055 ¹
2328 3008 2555 3106 ἑχοινίῳ
2586 3035 2696 3104 γὰρ
2718 3035 2943 3087 ἐποίουν
2985 3034 3086 3097 τὰς
3132 3034 3527 3105 διαμετρήσεις
3548 3032 3645 3103 τῆς
3675 3033 3782 3102 γῆς.

2215 3129 2373 3182 Οὕτω
2432 3128 2766 3199 διεμετρήθη
2821 3129 2915 3182 καὶ
2974 3127 3293 3198 διεμερίσθη
3354 3128 3387 3196 ἡ
3434 3126 3506 3196 γῆ
3536 3128 3647 3188 τοῖς
3670 3127 3785 3186 υἱοῖς

532 3209 827 3265 admodum
884 3220 1029 3266 terra
1092 3215 1481 3283 promissionis
1524 3218 1651 3273 ﬁliis
1695 3217 1858 3273 Israel
1891 3234 2112 3289 quoque

2230 3221 2469 3290 Ἰσραήλ.
2516 3221 2652 3273 Ἀπὸ
2686 3221 2786 3289 τῆς
2856 3219 3146 3291 συνηθείας
3195 3215 3290 3272 οὖν
3316 3220 3538 3289 εἴρηται
3568 3217 3626 3270 τὸ
3654 3216 3784 3285 σχοί-

531 3311 619 3358 est
648 3302 922 3357 dimensa.
1714 3356 1723 3365 ,

605 3391 806 3463 Suﬁicit
830 3396 911 3448 illi
933 3395 987 3448 in
1004 3394 1234 3451 deserto.
1258 3397 1397 3471 [l0.]
1430 3399 1658 3469 Aqnilas
1676 3409 1729 3453 ct
1750 3401 2116 3468 Theodotion,

533 3483 741 3539 Invenit
767 3503 907 3551 eum,
947 3488 1322 3549 reddiderunt,
1346 3492 1503 3559 juxta
1547 3492 1680 3547 illud
1710 3510 1722 3543 :
1761 3513 1779 3544 ι
1815 3492 1924 3548 Ceu
1958 3509 2117 3547 uvam

532 3578 587 3633 in
621 3579 839 3633 deserto
890 3580 1101 3634 invenit
1126 3580 1293 3635 Israel
1340 3584 1407 3636 '9.
1448 3602 1467 3635 ι
1506 3583 1780 3639 C;eterum
1817 3585 1872 3639 in
1901 3584 2119 3642 deserto

531 3671 730 3726 divinae
778 3673 1135 3742 cognitionis,
1200 3675 1252 3728 in
1305 3676 1392 3731 siti
1442 3686 1494 3731 et
1542 3686 1697 3741 aastu,
1724 3679 1778 3731 in
1810 3679 1931 3734 loco
1961 3680 2137 3757 aquis_

532 3778 729 3817 vacuo.
770 3764 890 3816 Non
954 3765 1100 3819 enim
1147 3766 1422 3821 desertum
1475 3769 1606 3822 illud
1641 3770 1867 3824 ﬂuvium
1902 3770 2117 3835 habuit,

535 3857 626 3924 qui
658 3857 935 3911 civitatem
987 3856 1081 3912 Dei
1138 3859 1432 3924 rel'ot-illal,
1503 3876 1680 3931 neque
1726 3862 1928 3917 fontem
1972 3864 2115 3926 vita',

537 3964 714 4017 neque
749 3958 1043 4004 torrentem
1075 3950 1425 4006 deliciarum.
1454 3953 1590 4008 Cum
1623 3954 1790 4024 igitur
1820 3955 2120 4012 invenisset

534 4056 683 4104 eum,
732 4042 851 4109 ejus
888 4041 1145 4095 subvenit
1186 4042 1399 4111 inopia.
1447 4044 1566 4099 Non
1616 4047 1761 4099 enim
1796 4046 1939 4101 alius
1981 4047 2116 4115 ipsis

536 4131 860 4194 suiliciebal,
932 4147 1237 4202 eorumque
1290 4136 1410 4189 (idei
1465 4137 1927 4191 accommodatior
1974 4146 2114 4195 erat.

536 4223 710 4277 Porro
747 4222 1112 4293 Symmachus
1144 4225 1352 4279 clarius
1388 4225 1565 4279 adlmc
1592 4228 1845 4294 exposuit
1874 4244 1887 4279 :
1923 4228 1989 4282 In
2022 4229 2117 4283 de-

534 4327 674 4371 serto
707 4316 932 4379 inculto,
958 4326 1126 4380 vasto,
1180 4317 1429 4371 obscuro.
1462 4317 1597 4384 Quis
1627 4319 1772 4373 enim
1800 4320 1935 4375 ordo
1972 4322 2116 4391 apud

533 4426 630 4465 eos
679 4410 770 4479 qui
837 4408 1099 4466 Creatore
1156 4418 1473 4480 contempto
1518 4421 1787 4467 creatura:
1827 4414 2117 4468 serviunt?

534 4518 657 4570 quae
688 4518 820 4558 sane
852 4520 879 4555 a
916 4514 1102 4558 saneta
1147 4502 1416 4558 'l‘rinitate
1453 4504 1696 4559 desolata
1732 4522 1747 4571 ;
1804 4521 1911 4561 non
1969 4508 2114 4561 enim

2220 3329 2408 3382 νισμα.

2292 3403 2685 3472 Αὐτάρκησεν
2711 3403 2902 3457 αὑτὸν
2928 3403 2998 3457 ἐν
3028 3401 3106 3469 τῇ
3154 3401 3369 3470 ἐρήμῳ.
3419 3400 3651 3462 ’Δκύλας
3704 3398 3789 3451 καὶ

2218 3493 2539 3559 Θεοδοτίων,
2589 3488 2782 3561 Εὗρεν
2833 3494 3041 3557 αὑτὸν,
3108 3490 3464 3554 ὲκδεδὼκασι,
3527 3488 3665 3542 κατά
3711 3488 3783 3553 τὸ,

2224 3604 2242 3637 ι
2299 3586 2388 3646 Ὠς
2421 3585 2699 3656 σταφυλὴν
2730 3586 2788 3637 ὲν
2820 3585 3015 3655 ἐρήμῳ
3046 3577 3205 3653 εὖρον
3231 3582 3323 3636 τὸν
3380 3582 3619 3652 Ἰσραήλ.
3649 3599 3666 3631 ι
3710 3580 3786 3633 Ἐν

2217 3679 2364 3748 δίψει
2404 3679 2685 3749 καύματος
2735 3679 2794 3730 ἐν
2856 3676 3092 3747 ἀνύδρῳ.
3152 3676 3228 3727 Οὐ
3264 3674 3373 3745 γὰρ
3414 3670 3529 3744 εἶχε
3565 3671 3787 3740 ποταμὸν

2216 3772 2308 3826 τὸν
2347 3772 2709 3843 εὐφραίνοντα
2737 3772 2836 3841 τὴν
2868 3769 3023 3824 πόλιν
3045 3767 3140 3821 τοῦ
3162 3766 3325 3829 Θεοῦ.
3351 3766 3475 3820 οὐδὲ
3502 3766 3600 3835 τὴν
3624 3760 3787 3831 πηγὴν

2216 3864 2319 3934 τῆς
2368 3862 2539 3933 ζωῆς,
2586 3863 2707 3917 οὐδὲ
2765 3863 2861 3917 τὸν
2911 3862 3251 3933 χειμάρρουν
3295 3858 3397 3927 τῆς
3439 3855 3646 3926 τρυφῆς
3696 3853 3787 3921 (3)-

2219 3955 2384 4008 ’Όθεν
2437 3956 2493 4006 ὲν
2546 3954 2675 4025 δίψη
2726 3950 2795 4025 ἦν
2820 3953 3199 4022 συγκαιομένη
3246 3950 3353 4004 ὑπὸ
3389 3947 3488 4001 τοῦ
3526 3944 3782 3999 Διαδόλου.

2233 4047 2290 4101 Ὀ
2343 4047 2640 4116 Σύμμαχος
2684 4045 2947 4109 ἐξέδωκεν
3000 4045 3080 4096 ἔτι
3133 4042 3510 4112 σαφέστερον*
3578 4034 3678 4092 Καὶ
3725 4033 3787 4085 ἐν

2217 4136 2453 4201 ἀτάκτῳ
2479 4135 2578 4191 καὶ
2608 4134 2869 4200 ἀοικήτῳ
2893 4133 3308 4203 ὴφανισμένῃ.
3340 4129 3483 4185 Ποία
3518 4126 3624 4195 γὰρ
3650 4120 3783 4186 τάξις

2218 4225 2370 4296 παρὰ
2393 4225 2507 4285 τοῖς
2539 4226 2605 4292 τῇ
2639 4222 2817 4274 κτίσει
2849 4225 2995 4293 παρά
3022 4222 3115 4273 τὸν
3149 4220 3390 4289 κτίστην
3415 4211 3778 4283 λατρεύουσινς

2217 4318 2337 4385 ἥτις
2361 4313 2616 4383 ἀοίκητος
2645 4312 2742 4382 τῆς
2764 4312 2924 4380 ἁγίας
2955 4311 3205 4383 Τριάδος.
3232 4311 3308 4363 Οὐ
3332 4310 3441 4380 γὰρ
3478 4298 3783 4397 κατοικεῖὲν

2220 4407 2436 4479 σώματι
2462 4405 2758 4476 καταχρέῳ
2810 4405 3106 4473 ἁμαρτίας,
3140 4405 3198 4456 ὲν
3252 4400 3565 4472 ἀνθρώποις
3588 4402 3780 4450 ποιοῦσι

2218 4501 2587 4571 παρανομίαν.
2635 4499 2700 4552 Ἠ
2767 4497 2824 4550 δὲ
2880 4496 3085 4567 ἔρημος
3118 4495 3181 4549 οὐ
3220 4493 3380 4563 φύσει
3402 4490 3647 4559 τοιαύτη,
3676 4484 3776 4540 ἀλλ’

535 4595 591 4647 in
621 4608 854 4663 corpore
908 4594 1121 4662 peccati
1166 4609 1274 4648 :ere
1307 4594 1525 4655 obruto,
1572 4594 1625 4648 in
1660 4595 1973 4652 hominibus
2008 4596 2114 4652 ini-

2217 4591 2643 4664 ὴφάνισταιὺπὸ
2666 4592 2766 4660 τῆς
2819 4587 3207 4657 ἀντικειμένης
3262 4585 3571 4655 δυνάμεως.
3610 4580 3776 4633 Νοοίτο

534 4684 801 4753 quitatem
829 4684 1246 4755 designantibns
1286 4683 1520 4739 habitat.
1554 4682 1665 4739 [loc
1689 4700 1818 4739 vero
1844 4687 2117 4742 desertum

535 4788 646 4826 non
680 4773 786 4825 tale
811 4784 1005 4826 natura
1034 4773 1277 4837 exsistit,
1305 4788 1494 4840 verum
1528 4775 1922 4830 obscuritatem
1958 4792 2115 4832 suam

532 4878 597 4915 ex
629 4861 677 4914 vi
712 4861 957 4930 Opposita
1009 4862 1304 4916 contraxit.
1348 4863 1439 4917 Sic
1492 4862 1674 4934 itaque
1711 4865 1882 4920 illud:
1922 4885 1940 4917 ι
1973 4866 2120 4925 Satis

2216 4685 2263 4741 δ’
2296 4684 2362 4739 ἂν
2393 4685 2489 4737 καὶ
2509 4682 2652 4736 οὕτω
2674 4682 2754 4747 τὸ,
2798 4699 2816 4732 ι
2856 4678 3252 4748 Δύτάρκησεν·
3290 4696 3310 4729 ι
3368 4668 3655 4746 αὐτάρκεις
3680 4668 3771 4739 γὰρ

2220 4777 2418 4839 αὐτοὺς
2443 4775 2738 4845 πεποίηκε,
2764 4771 2987 4843 μηδενὸς
3009 4767 3351 4838 ὑστερεῖσθαι
3377 4763 3773 4838 παρασκευάσας

2230 4871 2290 4923 ὲν
2323 4868 2519 4939 ἐρήμῳ
2542 4867 2763 4920 πάντων
2795 4863 3027 4936 νοσούσῃ
3048 4861 3144 4933 τὴν
3174 4860 3403 4913 ἔνδειαν.

537 4951 664 5006 fecit
693 4950 765 5014 ei,
807 4970 825 5002 ι
865 4951 1241 5020 concipiatur;
1306 4950 1487 5006 eﬂecit
1535 4954 1681 5007 enim
1732 4962 1792 5007 ut
1819 4969 1919 5009 sua
1956 4966 2107 5013 sorte
2136 4956 2379 5014 contenti
2436 4963 2646 5019 essent,
2674 4954 2933 5024 nullaque
2958 4952 3088 5007 rein
3110 4950 3327 5007 deserto
3390 4950 3629 5005 omnium
3689 4956 3759 4998 r0-

537 5063 656 5100 rnm
691 5048 872 5115 inapia
906 5045 1188 5099 laborante
1217 5044 1533 5099 delicerent.

607 5137 980 5207 Qircumdua‘it
1007 5154 1124 5191 eum
1148 5145 1196 5190 et
1227 5135 1454 5191 erudivit
1482 5154 1619 5191 eum.
1643 5136 1824 5192 Multis
1848 5141 1991 5192 enim
2020 5139 2116 5193 tri-

535 5231 913 5287 bulationibus
980 5238 1163 5301 patres
1221 5244 1411 5284 eorum
1476 5230 1825 5301 pertentavit,
1868 5245 2013 5286 nunc
2045 5246 2113 5285 ex

2338 5138 2720 5193 Ἐκύκλωσεν
2770 5134 2957 5190 αὐτὸν
3024 5134 3120 5189 καὶ
3166 5133 3529 5187 ἐπαίδευσεν
3577 5127 3759 5184 αὐτόν.

2218 5232 2235 5255 ⁶
2274 5230 2601 5300 Ἐδοκίμασε
2661 5226 2774 5298 γὰρ
2824 5226 2953 5290 τοὺς
3004 5223 3249 5296 πατέρας
3279 5222 3464 5277 αὐτῶν
3494 5221 3569 5293 (7)
3596 5212 3769 5271 mea

608 5391 651 5423 ⁸⁸
688 5390 832 5449 Psal.
862 5408 1057 5453 χχχιιι.
1094 5393 1148 5447 8.
1224 5391 1428 5446 "Psal.
1456 5408 1539 5453 xc,
1576 5393 1663 5445 ll.
1739 5392 1785 5423 "°
1827 5390 1990 5445 Hebr.
2025 5406 2067 5449 ι.
2111 5402 2115 5415 λ

2275 5388 2317 5417 ⁷¹
2346 5383 2505 5439 Joan.
2539 5399 2580 5445 ι,
2610 5385 2697 5439 51.
2773 5384 2820 5415 ⁷²
2844 5382 2991 5453 Psal.
3032 5394 3127 5444 cn,
3152 5379 3255 5453 2t.
3322 5376 3577 5453 'fAJlldlc.
3607 5368 3762 5453 νι,

537 5460 581 5493 τι
614 5434 1306 5527 ιαὀἶο’ξ’ὶξ”ιί”’ιδῖῐιιιιιοῖ
1330 5434 1596 5529 ἰῖιῖξῖὀξ
1617 5434 1695 5493 ’δα
1723 5434 2085 5523 Ρεειιῗὲέὲιίῖ,

2286 5457 2330 5487 ⁷⁷
2349 5434 2715 5519 osse-{.16.
2786 5434 3164 5517 πἰιὲαιαζιίι,
3198 5449 3288 5506 ll).
3353 5450 3399 5482 τ’
3433 5434 3667 5510 Oseetx,
3690 5440 3764 5497 l0.

2080 5573 2307 5631 ΝΟΤᾸΞ.

612 5700 689 5769 (6)
736 5700 928 5771 Εὖρὼν
965 5695 1058 5753 οὖν
1090 5699 1274 5765 αὐτὸν,
1317 5698 1565 5771 ἠρκέσθη
1598 5696 1767 5771 αὐτῷ.
1798 5696 1873 5748 Οὐ
1906 5694 2017 5764 γὰρ
2044 5687 2114 5763 ἦν

539 5767 725 5841 ἕτερος
757 5767 941 5841 ἱκανὸς
954 5774 1033 5833 εἰς
1062 5767 1415 5841 αὐτάρκειαν.
1447 5769 1543 5841 καὶ
1572 5767 1651 5841 είς
1685 5767 2117 5841 Απίστινκατηρο

543 5835 818 5912 τῐσμένος.
846 5840 1029 5897 Ταῦτα
1060 5842 1179 5895 ἀντὶ
1209 5835 1317 5892 τῶν
1346 5840 1468 5909 ἑξῆς
1492 5840 1518 5889 ὁ
1540 5837 1639 5907 τῆς
1669 5836 1803 5904 Λύγ.
1842 5835 1969 5887 κώδ.

2297 5689 2374 5757 (7)
2417 5685 2624 5755 Ὕμῶν.
2666 5685 2758 5740 καὶ
2792 5680 3355 5757 ᾷιὰ,πνρδςς,κὲῖξιά
3387 5675 3594 5757 πολλᾶν
3638 5658 3765 5757 ξιῗῗξῗ

2228 5736 2372 5829 pass,
2415 5736 2848 5840 Oilirtiqévnosiu
2890 5736 3015 5810 869:
3056 5736 3151 5806 τοῦ
3182 5754 3216 5807 '5
3246 5752 3344 5819 τῆς
3370 5751 3449 5811 εἰς
3485 5746 3602 5807 τοὺς
3643 5736 3679 5791 Ψ

2227 5846 2360 5897 σειρ.
2396 5844 2520 5897 τομ.
