4058 6528
292 337 395 399 9m
1207 317 1745 382 COMMENTARII
1785 315 1865 375 IN
1898 312 2593 375 DEUTERONOMIUM.
3475 310 3581 373 962

298 440 514 497 ⁴πολλῶν
539 435 794 507 ὲπῦρωσε
826 433 1079 502 θλίψεων.
1107 431 1332 502 Πρῶτον
1361 429 1462 500 μὲν
1494 428 1605 483 ἀπὸ
1633 426 1734 499 τῆς
1774 427 1900 479 Ἀσ-

2003 424 2226 497 Assyria
2282 424 2338 478 in
2389 421 2785 488 Chananeam,
2816 421 2942 478 inde
2976 422 3030 477 in
3074 420 3396 494 Egyptum,
3432 438 3580 477 nunc

297 533 494 606 συρίας
516 533 592 603 (8)
621 531 701 591 είς
728 528 834 597 γῆν
891 524 1117 579 Χαναὰν
1171 524 1543 593 μεταστήσας,
1580 519 1676 573 καὶ⁵
1728 518 1894 572 πάλιν

1996 518 2194 572 iterum
2223 516 2278 571 in
2325 515 2690 571 Chananteam
2737 513 3142 570 transferendo.
3192 513 3377 570 Voluit
3401 523 3583 568 autem

293 604 381 689 είς
409 625 713 691 Αἴγυπτον,
775 618 873 671 καὶ
922 618 980 683 ἐξ
1017 614 1297 683 Αἰγύπτου
1336 613 1498 667 πάλιν
1527 613 1608 673 είς
1646 610 1893 675 Χαναὰν,

1993 608 2212 664 erudire
2230 622 2345 673 eos,
2379 606 2845 677 quemadmodum
2878 604 3148 661 Jacobum
3193 607 3248 660 in
3272 606 3587 675 MeSOpota-

294 717 399 771 καὶ
435 713 655 785 μυρίοις
676 709 1010 780 πειρασμοῖς
1032 703 1346 775 περιέϐαλε,
1372 698 1671 754 παιδεῦσαι
1697 700 1896 761 αὐτοὺς

2003 700 2167 753 miam
2200 714 2326 754 cum
2360 697 2608 764 duceret,
2652 707 2708 752 et
2742 697 2809 750 ad
2860 699 3057 752 salutis
3113 699 3581 767 exspectationem

298 808 653 879 βουλόμενος.
683 801 789 855 Τὸν
850 796 1047 853 Ἰακὼϐ
1075 796 1130 849 δὲ
1181 794 1277 848 καὶ
1325 794 1405 857 είς
1460 790 1898 860 Μεσοποταμίαν

1998 790 2347 846 conﬁrmare.
2420 790 2640 843 Interim
2699 798 2879 845 tamen
2908 790 3033 860 ejus
3066 802 3325 860 tanquam
3360 790 3586 859 pupillae

299 902 588 967 ἀπήγαγε,
623 895 719 949 καὶ
772 890 1058 946 δουλεῦσαι
1091 886 1395 955 πεποίηκεν
1420 903 1433 916 -
1484 885 1633 946 ὅπως
1680 882 1769 935 διὰ
1799 881 1898 948 τῆς

997 905 1058 942 ἀι
1091 886 1395 955 πεποίηκεν
1420 903 1433 916 -
1484 885 1633 946 ὅπως
1680 882 1769 935 διὰ
1799 881 1898 948 τῆς
2003 884 2152 939 Oculi
2183 897 2371 938 curam
2409 886 2599 952 gessit.

297 988 585 1061 ὑπομονῆς
635 983 730 1039 καὶ
764 982 866 1052 τῆς
899 982 977 1043 εἱς
1017 978 1150 1031 Θεὸν
1177 976 1391 1038 ἐλπίδος
1446 974 1897 1045 κατεργάσωνται

294 1083 401 1152 τὴν
433 1076 646 1132 ἑαυτῶν
670 1072 969 1144 σωτηρίαν.

388 1172 475 1235 Ὠς
497 1170 682 1234 λέγειν
716 1165 807 1218 τὸν
865 1160 1086 1221 Ἰακὼϐ,
1121 1179 1137 1211 ι
1188 1158 1245 1212 Ὀ
1267 1156 1497 1225 ἅγγελος
1558 1157 1585 1208 ὁ
1637 1152 1897 1225 ῥυόμενος

2076 1149 2145 1205 Ut
2170 1151 2381 1205 diceret
2410 1148 2581 1205 Jacob
2611 1170 2624 1205 :
2658 1169 2677 1202 ι
2712 1151 2951 1221 Angelus
2986 1151 3199 1205 Domini
3233 1167 3297 1206 ex
3331 1150 3586 1207 omnibus

302 1281 374 1334 με
407 1266 470 1315 ὲκ
499 1262 716 1314 πάντων
756 1256 864 1309 τῶν
898 1254 1087 1306 κακῶν
1121 1269 1242 1321 μου.
1289 1268 1307 1301 ι
1331 1250 1438 1303 Καὶ
1471 1247 1653 1313 πάλιν,
1684 1265 1701 1297 ι
1735 1247 1796 1297 EE
1820 1247 1895 1315 μὴ

2008 1245 2163 1298 malis
2198 1244 2332 1298 meis
2387 1259 2473 1298 me
2534 1243 2739 1313 eripuit
2771 1244 2839 1298 ⁸⁸.
2886 1262 2903 1295 ι
2945 1244 3008 1297 Et
3056 1246 3295 1299 iterum:
3331 1264 3349 1296 ι
3389 1244 3445 1297 Si
3476 1260 3584 1298 non

298 1332 330 1409 δ
360 1354 495 1417 Θεὸς
525 1350 617 1404 τοῦ
648 1349 853 1420 πατρός
879 1364 979 1416 μου
1026 1343 1278 1415 Ἀϐραὰμ
1299 1338 1367 1411 ἦν
1411 1358 1524 1411 μοι,
1547 1339 1643 1393 καὶ
1682 1341 1708 1392 ὁ
1736 1339 1898 1409 φόϐος

2008 1333 2155 1389 Deus
2178 1333 2348 1404 patris
2384 1333 2484 1388 mei
2523 1334 2798 1388 Abraham
2854 1332 3125 1389 adfuisset
3153 1335 3307 1398 mihi,
3347 1343 3399 1390 et
3424 1334 3587 1388 timor

314 1444 525 1509 Ἰσαὰκ,
558 1441 652 1494 νῦν
686 1439 752 1492 ἂν
779 1436 939 1492 κενόν
975 1452 1040 1505 με
1077 1432 1495 1501 ἐξαπέστειλας.
1528 1449 1547 1482 ι

2003 1425 2175 1492 Isaac,
2209 1441 2356 1480 nunc
2381 1441 2465 1479 me
2503 1442 2735 1481 vacuum
2762 1428 3068 1483 dimisisses
3096 1429 3280 1497 utique
3300 1428 3364 1480 “.
3399 1448 3415 1479 ι

387 1537 551 1590 Ἀλλὰ
602 1534 699 1588 καὶ
751 1535 877 1595 τοὺς
939 1530 1034 1584 νῦν
1066 1529 1366 1590 ἀκούοντας
1392 1525 1675 1579 ὲκύκλωσε
1719 1523 1770 1595 μ’
1802 1523 1898 1593 ἔτη

2091 1523 2233 1589 Quin
2271 1530 2325 1577 et
2362 1532 2661 1592 prmsenles
2720 1523 3003 1579 auditores
3055 1523 3427 1579 circumduxit
3485 1533 3585 1576 tr-

298 1630 403 1699 τὴν
440 1628 668 1699 ἔρημον,
699 1623 775 1684 ὠς
803 1623 987 1689 λέγειν
1015 1620 1253 1674 Μωσέα’
1276 1636 1293 1670 ι
1335 1617 1448 1672 Καὶ
1479 1617 1769 1688 μνησθήσῃ
1794 1619 1892 1668 πᾶ-

2011 1616 2163 1687 ginta
2192 1630 2369 1670 annos
2400 1630 2494 1684 per
2523 1615 2829 1680 desertmn,
2855 1625 2915 1671 ut
2944 1617 3091 1671 dicat
3152 1615 3336 1672 Moses
3366 1634 3379 1671 :
3414 1636 3431 1667 ι
3476 1615 3587 1670 Me-

304 1739 409 1774 σαν
442 1722 540 1793 τὴν
558 1720 696 1783 δδδν,
745 1717 811 1787 ἣν
867 1714 1042 1786 ἤγαγέ
1067 1730 1127 1766 σε
1168 1710 1372 1782 Κύριος
1396 1712 1423 1763 ὁ
1456 1711 1588 1772 Θεός
1627 1728 1720 1763 σου
1744 1709 1904 1761 τοῦτο

2012 1706 2238 1760 mineris
2286 1722 2509 1776 quoque
2541 1707 2725 1761 cuncti
2777 1707 2990 1762 itineris
3016 1724 3110 1777 per
3143 1708 3290 1777 quod
3325 1716 3377 1762 te
3409 1707 3588 1761 Domi-

300 1810 753 1884 τεσσαρακοστὸν
805 1809 923 1871 ἔτος
952 1809 1009 1859 ὲν
1049 1807 1115 1874 τῇ
1145 1806 1368 1874 ἐρήμῳ·
1401 1804 1550 1865 ὅπως
1579 1802 1645 1855 ἂν
1677 1799 1902 1871 κακὼσῃ

2013 1812 2117 1851 nus
2163 1795 2305 1851 Deus
2337 1806 2465 1852 tuus
2513 1796 2757 1852 deduxit.
2789 1799 3023 1868 Jamque
3051 1799 3504 1869 quadragesimus
3535 1797 3586 1850 in

305 1907 512 1973 σερκαλ⁸
535 1903 841 1975 ὲκπειράσῃ
866 1918 947 1967 σε,
978 1899 1073 1953 καὶ
1096 1897 1401 1968 διαγνωσθῇ
1425 1899 1494 1948 τὰ
1528 1897 1585 1947 ὲν
1610 1898 1676 1964 τῇ
1706 1893 1904 1963 καρδίᾳ

2009 1888 2229 1942 deserto
2276 1889 2455 1959 agitur
2509 1904 2709 1952 annus,
2741 1906 2852 1957 quo
2884 1899 2935 1943 te
2968 1890 3169 1960 aﬂligat
3199 1899 3253 1944 et
3305 1898 3474 1945 tentet
3514 1900 3586 1955 te,

306 2017 433 2062 σου,
468 2000 517 2053 εί
552 1996 765 2067 φυλάξῃ
788 1995 886 2057 τὰς
917 1992 1137 2053 ἐντολὰς
1190 1988 1377 2053 αὐτοῦ,
1403 1988 1438 2059 ἦ
1472 1985 1555 2040 οῦ.
1595 2004 1610 2037 ι
1650 1984 1761 2038 Καὶ
1800 1984 1903 2037 πά-

2009 1989 2061 2035 et
2098 1981 2458 2051 cogitationes
2482 1979 2664 2034 cordis
2690 1983 2767 2033 tui
2799 1981 3217 2052 dignoscantur,
3243 1998 3310 2036 an
3334 1984 3587 2038 mandata

303 2088 417 2155 λιν,
452 2108 471 2141 ι
519 2089 606 2151 Ὠς
634 2088 686 2140 εἴ
710 2102 793 2149 τις
826 2082 1115 2137 παιδεῦσαι
1138 2081 1427 2151 ἄνθρωπος
1452 2077 1542 2130 τὸν
1571 2077 1683 2129 υἱὸν
1711 2073 1901 2141 αὐτοῦ,

2009 2072 2130 2140 ejus
2149 2073 2551 2133 observaveris,
2577 2088 2644 2125 an
2676 2073 2856 2126 minus
2884 2073 2949 2126 δ’.
2987 2092 3004 2125 ι
3045 2073 3109 2127 Ει
3137 2075 3331 2129 iterum
3356 2092 3369 2127 :
3395 2094 3411 2125 ι
3437 2074 3588 2141 Quo-

305 2179 457 2233 οῦτω
484 2177 690 2249 Κύριος
729 2177 759 2230 δ
792 2174 925 2238 Θεός
962 2190 1056 2227 σου
1095 2169 1375 2225 παιδεύσει
1404 2186 1485 2224 σε.
1524 2187 1542 2219 ›

2012 2164 2157 2218 niam
2196 2174 2253 2217 ut
2286 2165 2449 2219 homo
2487 2165 2657 2218 lilium
2716 2180 2875 2219 suum
2935 2166 3154 2219 erudire
3183 2167 3342 2230 Solet,
3375 2166 3448 2221 ita
3484 2166 3590 2221 Do-

2013 2258 2193 2310 minus
2234 2255 2376 2310 Deus
2408 2264 2537 2311 tuus
2570 2264 2622 2311 te
2648 2255 2885 2309 erudivit
2915 2256 2979 2310 ³³.
3019 2276 3037 2308 ι

387 2364 842 2433 Quemadmodum
876 2360 1055 2432 aquila
1078 2357 1207 2413 solet
1225 2366 1492 2425 protegere
1521 2353 1701 2407 nidum
1720 2368 1896 2408 suum.
1917 2349 2161 2423 [XXXIL
2194 2348 2305 2422 11.}
2324 2352 2440 2405 Hoc
2458 2350 2657 2404 animal
2680 2365 2873 2404 amans
2904 2366 3127 2404 suorum
3157 2348 3428 2421 pullorum
3461 2360 3546 2408 est
3572 2368 3588 2407 :

310 2470 459 2526 quos
482 2468 613 2509 cum
652 2452 714 2506 in
747 2458 1119 2505 monstrosam
1152 2445 1548 2500 sublimitatem
1607 2441 1871 2497 subduxit
1917 2447 1973 2494 et
2001 2439 2195 2526 volare
2228 2439 2413 2502 docet,
2465 2446 2518 2491 et
2549 2438 2790 2492 diductis
2816 2440 2993 2494 oculis
3038 2440 3208 2495 solem
3270 2443 3583 2510 oppositum

312 2525 547 2599 intueri.
580 2539 735 2607 Quod
768 2540 813 2594 si
851 2551 997 2591 unus
1046 2550 1111 2589 ex
1168 2534 1252 2587 his
1299 2531 1392 2601 qui
1428 2530 1562 2586 solis
1602 2528 1950 2599 splendorem
1990 2525 2233 2597 perferre
2282 2534 2536 2595 nequeat,
2569 2541 2667 2595 pro
2701 2527 2892 2595 spurio
2950 2527 3114 2581 habet
3137 2535 3190 2581 et
3240 2528 3591 2585 condemnat.

312 2631 397 2686 Ita
428 2645 590 2687 veros
624 2628 949 2682 adoratores
976 2624 1028 2677 in
1056 2621 1222 2694 466
1249 2621 1418 2673 altum
1447 2615 1935 2683 contemplationis
1965 2612 2277 2683 spiritualis
2323 2612 2535 2677 educit,
2562 2614 2630 2668 de
2662 2614 2863 2683 quibus
2909 2613 3080 2669 Isaias
3135 2614 3318 2685 inquit
3351 2634 3365 2669 :
3401 2634 3420 2668 ι
3459 2616 3589 2672 Alas

316 2720 516 2774 tollent
536 2719 679 2774 sicut
711 2713 930 2786 aquilae.
956 2710 1224 2767 Currunt,
1274 2713 1330 2763 et
1379 2705 1701 2773 neutiquam
1778 2700 2230 2772 defatigabuntur
2260 2700 2328 2754 ⁸⁸.
2368 2720 2386 2752 ι
2418 2699 2522 2766 Qui
2574 2716 2705 2755 vero
2750 2711 2980 2756 currant
3033 2701 3294 2757 Servatur
3337 2704 3591 2760 indicat:

323 2828 344 2861 ι
379 2808 483 2865 Ubi
525 2809 782 2868 cadaver,
824 2804 895 2857 ibi
924 2798 1413 2870 congregabuntur
1441 2794 1641 2864 aquila:
1670 2792 1737 2845 ⁸⁸.
1778 2810 1798 2843 ι
1828 2792 2071 2856 Quorum
2115 2790 2376 2859 juventus
2422 2805 2518 2859 per
2565 2790 2811 2844 divinam
2846 2791 3172 2846 tinctionetn
3206 2793 3356 2848 velut
3390 2794 3589 2864 aquila:

314 2896 679 2952 renovabitur
705 2893 774 2945 ⁸⁸.
804 2890 861 2947 Si
896 2904 1027 2943 vero
1050 2887 1175 2958 quis
1202 2884 1339 2939 civis
1366 2883 1611 2938 caelestis
1647 2879 1823 2933 factus
1852 2876 2039 2941 fuerit,
2073 2876 2259 2932 audiet
2285 2894 2299 2930 :
2322 2875 2528 2932 Umbra
2589 2878 2943 2948 scapularum
2986 2894 3210 2933 suarum
3246 2889 3492 2950 proteget
3521 2891 3594 2945 te,

314 2992 378 3037 et
405 2983 511 3037 sub
540 2982 644 3035 alis
678 2978 858 3049 ipsius
886 2991 1039 3047 spem
1067 2971 1357 3028 recondes.
1421 2968 1599 3037 Super
1652 2967 1914 3020 humeros
1956 2966 2101 3019 enim
2156 2966 2445 3030 tollentur,
2490 2973 2546 3020 et
2580 2981 2746 3034 super
2777 2966 3004 3019 brachio
3040 2966 3482 3023 sublevabuntur
3523 2969 3596 3027 ⁸⁷.

318 3069 479 3136 Quod
513 3078 694 3122 autem
723 3072 928 3120 tantam
971 3076 1100 3130 erga
1124 3076 1219 3114 eos
1251 3070 1441 3111 curam
1477 3054 1744 3116 declaret,
1775 3052 1890 3121 ipse
1922 3068 2142 3122 quoque
2183 3051 2445 3108 Servatur
2483 3054 2539 3107 in
2590 3053 2949 3108 similitudine
2981 3069 3085 3122 qua
3134 3069 3261 3124 erga
3292 3053 3597 3111 Jerusalem

322 3174 484 3220 usus,
508 3154 775 3211 indicavit
808 3169 822 3206 :
858 3169 876 3203 ι
919 3149 1149 3216 Quoties
1177 3144 1440 3214 colligere
1471 3152 1598 3197 tuus
1627 3140 1854 3204 liberos,
1891 3138 2355 3210 quemadmodum
2391 3141 2594 3211 gallina
2621 3139 2758 3196 solet
2793 3140 2972 3210 pullos
2998 3154 3127 3196 suos
3154 3140 3258 3195 sub
3295 3143 3411 3197 alas
3442 3157 3596 3209 suas,

319 3246 495 3308 volui,
522 3252 574 3298 et
599 3257 710 3297 non
746 3239 973 3295 voluisti
1003 3236 1050 3269 ⁸⁸
1082 3251 1099 3289 ι

398 3335 521 3386 Οὐκ
571 3325 651 3400 ἦν
701 3328 830 3398 μετ’
866 3324 1068 3381 αὐτῶν
1111 3321 1263 3387 Θεὸς
1304 3320 1646 3387 ἀλλότριος.
1682 3320 1698 3335 ⁹
1725 3314 1922 3377 Καθὼς
1949 3323 1992 3381 c

2099 3314 2211 3370 Nec
2237 3328 2351 3370 erat
2383 3333 2501 3371 cum
2527 3333 2586 3370 eo
2612 3315 2752 3371 Deus
2802 3316 3028 3371 alienus.
3079 3316 3216 3391 [ιλ]
3270 3319 3400 3384 Qum
3451 3319 3595 3373 enim

319 3441 492 3495 φησιν
514 3424 542 3475 ὁ
570 3422 854 3483 θεσπέσιος
880 3417 1092 3480 Παῦλος
1113 3431 1126 3445 ·
1157 3414 1285 3467 ποία
1314 3411 1568 3465 κοινωνία
1600 3408 1740 3477 φωτὶ
1779 3406 1915 3479 πρὸς

2021 3404 2407 3467 communitas,
2437 3402 2608 3457 Paulo
2640 3413 2775 3459 teste
2792 3405 2862 3471 ⁸³,
2885 3406 2990 3459 luci
3016 3422 3137 3461 eum
3172 3408 3413 3463 tenebris
3432 3408 3455 3462 ?
3477 3424 3599 3480 qua:

322 3516 553 3577 σκὸτος;
580 3512 614 3584 ἢ
641 3512 721 3575 τίς
756 3508 1113 3580 συμφώνησις
1142 3502 1377 3575 Χριστοῦ
1408 3502 1542 3572 πρὸς
1580 3499 1817 3570 Βελίαρ;

1349 3502 1377 3554 ῦ
1408 3502 1542 3572 πρὸς
1580 3499 1817 3570 Βελίαρ;
2020 3496 2315 3550 consensio
2346 3495 2567 3551 Christo
2592 3512 2715 3551 cum
2741 3496 2950 3552 Belial?

410 3573 1053 3665 ‘Aue61'6aosrttdroi2'c
1108 3573 1211 3651 ἐπί
1260 3595 1375 3664 τὴν
1403 3593 1589 3662 ἰσχὺν
1627 3590 1736 3659 τῆς
1783 3589 1913 3661 γῆς.

2092 3583 2277 3639 Evein
2313 3601 2401 3638 eos
2425 3587 2477 3639 in
2503 3573 2829 3654 fortalitium
2858 3597 3032 3641 terrm.
3061 3585 3199 3659 [15.]
3238 3587 3412 3656 Supra
3438 3594 3598 3640 terra;

325 3702 345 3722 ⁶
392 3695 739 3757 ’Δνεὸίὸασε,
791 3691 1073 3746 τουτέστιν
1134 3685 1502 3758 ὑψηλοτέρους
1559 3683 1756 3745 αὐτοὺς
1804 3680 1916 3733 τῶν

2021 3676 2230 3732 incolas
2264 3692 2361 3731 eos
2395 3678 2612 3732 extulit.
2658 3678 2859 3734 Eodem
2918 3679 3079 3732 modo
3127 3679 3325 3749 Aquila
3373 3693 3595 3749 quoque

320 3791 534 3858 γηΐνων
567 3785 889 3853 πεποίηκεν.
945 3781 1031 3845 Ὧς
1049 3779 1158 3850 γὰρ
1202 3777 1436 3840 Ἀκύλας
1463 3774 1653 3844 φησὶν,
1694 3771 1917 3826 Ἐπὶτὸ

1510 3774 1653 3844 ησὶν,
1694 3772 1826 3826 Ἐπὶ
1848 3771 1917 3825 τὸ
2021 3773 2202 3843 inquit
2240 3790 2254 3827 ε
2290 3771 2357 3826 In
2387 3773 2557 3826 altum
2580 3784 2733 3828 terra:
2762 3790 2849 3828 eos
2867 3774 3112 3830 adduxit.

322 3882 548 3950 ὕψωμα
570 3876 682 3945 τῆς
710 3875 834 3946 ,τῆς
862 3872 1084 3938 αὐτοὺς
1134 3871 1475 3931 ἀνεϐίϐασε,
1527 3867 1694 3937 μηδὲν
1722 3881 1915 3917 ταπει-

324 3973 419 4026 νὸν
448 3970 482 4042 ἢ
516 3969 855 4041 χαμαίζηλον
906 3967 1106 4027 αὐτοὺς
1159 3961 1515 4032 ἐνθυμεῖσθαι
1571 3956 1913 4028 βουλόμενος.

398 4037 563 4119 κάτε
584 4037 682 4133 τὴν
716 4059 980 4130 ἱστορίαν,
1013 4058 1113 4129 τὴν
1139 4055 1243 4126 γῆν
1274 4052 1411 4124 φησι
1429 4052 1530 4120 τῆς
1560 4048 1914 4118 ἐπαγγελίας,

2090 4040 2145 4093 Si
2173 4054 2300 4094 vero
2314 4040 2507 4093 oculos
2525 4038 2590 4092 ad
2621 4038 2905 4094 historiam
2926 4049 3335 4099 convertemus.
3359 4037 3427 4093 de
3454 4048 3595 4093 terra

326 4157 405 4217 tio;
442 4131 707 4224 γεγονότα
765 4150 1061 4221 λαμϐάνων
1092 4146 1161 4200 τὰ
1196 4143 1482 4216 μέλλοντα,
1517 4142 1566 4193 εί
1591 4138 1683 4192 καὶ
1703 4138 1771 4191 τὰ
1813 4136 1917 4207 μάο

2019 4131 2292 4202 promissa
2349 4147 2412 4187 ea
2456 4147 2579 4186 esse
2632 4131 2778 4185 dicta
2818 4131 3206 4200 intelligemus,
3256 4132 3344 4187 ubi
3370 4132 3594 4203 quidem

327 4248 491 4302 λιστα
519 4245 796 4314 ἐπέϐησαν
830 4242 934 4313 ήδη
968 4240 1171 4312 μέρους
1226 4234 1420 4305 αὐτῆς.
1454 4233 1744 4302 Συμφωνεῖ
1774 4229 1916 4283 δὲτὸ

2018 4226 2139 4280 loco
2172 4226 2573 4296 praeteritorum
2612 4225 2819 4292 futura,
2876 4227 3131 4296 quamvis
3167 4227 3455 4280 maximam
3481 4226 3592 4296 jam

330 4338 675 4409 ἐπαγόμενον
693 4353 707 4366 '
738 4355 757 4388 ι
791 4333 1099 4404 Ἐψὼμισεν
1120 4329 1318 4391 αὐτοὺς
1331 4327 1649 4395 γεννήματα
1671 4322 1875 4393 ἀγρῶν.
1891 4340 1909 4372 ι

2018 4316 2139 4385 ejus
2168 4324 2379 4385 partem
2438 4316 2789 4385 contigerint,
2847 4315 3030 4370 habet.
3068 4314 3221 4381 Quod
3250 4316 3428 4385 ipsum
3464 4330 3597 4368 sane

329 4407 641 4501 Οὔπωγγάρ
668 4427 873 4499 ἔφαγον
895 4424 1003 4478 τῶν
1051 4420 1411 4493 γεννημάτων
1452 4417 1552 4486 τῆς
1577 4417 1677 4485 γῆς
1706 4431 1719 4445 ·
1748 4414 1825 4485 τῷ
1859 4413 1915 4466 δὲ

2019 4409 2071 4463 id
2100 4409 2245 4479 quod
2269 4408 2539 4477 sequitur,
2577 4423 2794 4480 quoque
2824 4407 3175 4477 comprobat,
3211 4424 3333 4461 cum
3368 4408 3546 4476 inquit
3580 4423 3593 4459 :

331 4523 517 4593 μάννα⁸
542 4499 670 4591 πρὶν
688 4513 1155 4586 διαπεραιωθῆναι
1178 4511 1270 4564 τὸν
1302 4507 1574 4579 Ἰορδάνην
1597 4504 1909 4575 ἐτρέφοντο.

2024 4521 2043 4553 ι
2076 4502 2346 4570 Agrorum
2415 4501 2774 4571 proventibus
2842 4500 3042 4554 cibavit
3103 4515 3218 4554 eos.
3269 4517 3288 4551 ι
3343 4499 3594 4555 Nondum

342 4613 493 4667 Ἀλλ’
548 4611 669 4666 οὐδὲ
730 4610 853 4681 μέλι
907 4608 1086 4679 ὄρειον
1161 4602 1315 4657 οὔπω
1368 4595 1510 4668 ἦσαν
1559 4597 1910 4668 δρεψάμενοι,

2018 4595 2163 4649 enim
2224 4595 2583 4664 proventibus
2632 4602 2792 4647 terra:
2852 4592 3197 4659 victitabant,
3250 4601 3441 4661 utpote
3501 4594 3595 4663 qui

328 4708 457 4761 οὐδὲ
484 4706 594 4761 τῶν
626 4668 825 4758 ἐλαιῶν
853 4718 868 4734 ο
905 4668 962 4756 ai
997 4695 1283 4770 φιληδοῦσι
1324 4694 1555 4761 πέτραις
1581 4689 1676 4743 καὶ
1706 4688 1911 4758 ὄρεσιν.

2022 4700 2222 4740 manna
2264 4686 2584 4756 priusquam
2621 4684 2917 4741 Jordanem
2969 4685 3339 4749 trausiisscnt,
3372 4685 3595 4740 aleban—

343 4811 440 4857 tur
475 4816 667 4870 usque.
698 4798 810 4852 luto
840 4810 970 4851 vero
1003 4810 1071 4849 ne
1130 4791 1234 4847 mel
1264 4788 1517 4845 silvestre
1547 4782 1766 4853 quidem
1811 4780 1988 4835 adhuc
2020 4780 2369 4850 colligebant,
2403 4794 2583 4850 neque
2612 4780 2857 4835 olearum
2915 4793 3036 4849 qua:
3099 4779 3251 4833 saxis
3314 4786 3371 4834 et
3437 4793 3597 4833 mon-

328 4892 485 4946 tibus
513 4888 880 4949 delectantur,
913 4884 1131 4938 baccas.
3504 4910 3507 4915 _

406 4985 682 5041 Caeterum
710 4979 890 5035 mellis
920 4975 1142 5031 nomine
1195 4984 1391 5043 aquam
1426 4965 1725 5039 signiﬁcari
1776 4963 1999 5036 quidam
2028 4970 2305 5025 asserunt,
2338 4974 2461 5030 quae
2485 4959 2621 5028 ipsis
2655 4960 2708 5012 iu
2736 4958 2953 5015 deserto
2978 4956 3267 5012 sitibundis
3296 4956 3475 5012 mellis
3503 4971 3595 5012 sa-

334 5087 525 5144 porem
549 5069 753 5124 habere
780 5066 897 5121 visa
931 5063 1115 5118 fuerit.

411 5162 603 5223 Εἶποις
633 5159 679 5211 δ’
710 5156 776 5211 ἂν
807 5152 1128 5224 ἁλληγορῶν
1160 5147 1360 5210 αὐτοὺς
1414 5141 1756 5214 ὲψωμικέναι
1788 5156 1915 5209 γεν-

2092 5138 2302 5193 Licebit
2332 5153 2463 5193 vero
2491 5153 2585 5208 per
2638 5137 2863 5208 ﬁgurant
2888 5151 3143 5207 agrorun
3192 5135 3453 5190 odoribus
3484 5136 3597 5204 spi-

336 5257 557 5328 νήματα
593 5252 701 5306 τῶν
737 5243 1186 5316 πεπληρωμένων
1231 5237 1462 5300 εὐωδίας
1516 5234 1918 5311 πνευματικῆς,

2022 5231 2316 5287 ritualibus
2373 5231 2722 5295 refertorum,
2773 5231 2976 5299 Deique
3010 5243 3140 5283 voce
3190 5226 3597 5282 fortunatorum

462 5345 667 5418 ηὑλόγη
676 5359 735 5396 σε
764 5339 991 5409 Κύριος.

2022 5323 2240 5395 pavisse
2274 5323 2545 5393 frugibus,
2578 5320 2945 5393 interpretari.

424 5503 471 5535 ⁸⁸
502 5500 640 5556 Gen.
684 5508 874 5554 xum,
906 5489 993 5544 16.
1069 5488 1111 5519 ⁸¹
1135 5484 1273 5556 Gen.
1302 5496 1455 5547 XXXI,
1482 5478 1571 5556 ιε,
1594 5481 1695 5556 __”
1722 5479 1874 5556 Deut.
1895 5494 2026 5556 Vlll,_

2001 5481 2084 5556 ,ε
2167 5482 2215 5556 ξε
2250 5481 2383 5556 una,
2412 5481 2463 5535 5.
2540 5478 2963 5556 ’Ἶρι-λκιηδι.
3031 5474 3078 5508 ευ
3105 5471 3296 5529 Matth.
3326 5486 3477 5538 utv,
3505 5468 3597 5533 28.

339 5574 391 5609 ⁸⁸
418 5549 694 5632 ΡεσῙί-ειι.
725 5566 778 5620 5.
860 5549 903 5594 ⁵⁷
940 5558 1088 5616 Psal.
1117 5572 1204 5622 xc,
1229 5554 1266 5607 2
1295 5568 1449 5624 seqq.
1525 5551 1569 5583 ⁸⁸
1593 5549 1785 5606 Matth.
1817 5564 1978 5611 mn.
2008 5553 2101 5607 37.
2177 5555 2221 5585 ⁸⁸
2262 5552 2298 5606 ll
2329 5554 2458 5607 Gor.
2488 5568 2560 5615 vi,
2592 5550 2772 5617 HAS.

415 5754 495 5827 (8)
536 5750 669 5806 ’Ᾱπδ
692 5748 793 5820 τῆς
824 5744 1047 5819 Συρίας.
1093 5741 1152 5797 Ὁ
1178 5738 1300 5795 αὐτ.
1856 5663 2087 5722 ΝΟΤίΕο
