4058 6514
578 324 684 389 963

1908 314 2255 374 PROCOPH
2297 314 2541 373 (ΞΑΖᾹΞΙ

3729 329 3822 393 964

650 429 1121 500 Quemadmodum
1157 424 1292 480 illud
1322 438 1540 495 quoque
1575 436 1588 474 :
1626 440 1646 473 ι
1686 421 1753 476 Et
1788 421 2046 476 biberunt
2102 435 2168 474 ex
2218 426 2370 488 petra
2401 420 2676 489 spirituali
2711 437 2833 491 qua:
2864 423 2989 478 illos
3020 434 3107 481 est
3151 440 3449 487 consecuta
3481 450 3494 485 :
3528 444 3682 503 petra
3708 455 3824 493 vero

577 518 829 575 Christus
854 526 971 572 erat
991 517 1058 571 ’°.
1096 533 1113 565 ι
1153 514 1435 582 Approbat
1464 511 1516 564 id
1548 526 1680 565 vero
1711 508 1858 579 quod
1892 510 1946 562 in
1978 507 2290 561 Proverbiis
2349 508 2556 561 dicitur
2589 526 2602 562 :
2642 527 2662 560 ι
2707 509 2835 565 Favi
2894 512 3085 567 melliti
3136 531 3421 574 sermones
3456 522 3615 590 probi
3647 527 3733 593 qui
3758 530 3818 585 ab

581 624 680 677 ape
706 606 968 669 eduntur,
1002 604 1162 671 cujus
1196 601 1414 653 labores
1446 613 1603 667 reges
1634 606 1688 651 et
1717 597 1900 666 populi
1930 595 1999 648 ad
2063 594 2359 648 sanitatem
2413 594 2651 650 afferunt
2691 598 2758 650 οι.
2804 616 2823 649 ι
2857 599 3051 653 Sermo
3109 602 3201 657 ille
3247 621 3407 673 quem
3438 608 3688 677 Sponsus
3711 630 3821 668 cum

579 694 792 764 Sponsa
818 694 1020 746 habet:
1061 710 1080 742 ι
1118 690 1323 743 Favum
1363 688 1573 741 stillant
1596 687 1736 739 labia
1787 693 1899 745 tua,
1923 696 2129 752 sponsa
2183 696 2301 735 mea
2335 685 2405 745 ",
2449 702 2465 733 ι
2507 692 2561 738 et
2595 685 2859 741 Dominus
2901 695 3093 742 noster
3145 690 3347 756 dulcis,
3389 703 3444 748 et
3478 698 3750 764 amabilis,
3782 714 3828 757 rt

578 790 767 852 guttur
795 779 914 848 ejus
932 778 1166 832 dulcedo
1192 786 1275 831 est
1303 773 1625 842 expetenda.
1665 772 1904 838 Insuper
1939 784 2068 823 vero
2099 783 2289 823 eorum
2328 771 2511 827 vultus
2536 773 2631 842 qui
2664 789 2723 828 se
2740 774 3025 832 ducendos
3055 776 3123 832 ad
3149 777 3298 835 hunc
3326 784 3552 839 modum
3586 790 3825 856 prahent,

576 870 698 924 oleo
730 882 963 922 serenus
1003 866 1277 932 redditur,
1305 872 1358 919 et
1385 862 1640 916 doctrina
1678 860 1911 929 spiritus
1935 859 2266 912 illustratur.

647 999 911 1069 Butyrum
935 998 1112 1063 boum,
1138 1005 1186 1049 et
1215 998 1296 1049 lac
1317 996 1509 1048 ovium.
1548 990 1791 1065 [XXXI],
1815 988 1927 1062 14.]
1953 988 2149 1044 Paulus

2332 988 2638 1057 Βούτυρον
2656 989 2844 1055 βοῶν,
2900 994 2997 1047 καὶ
3030 997 3189 1066 γάλα
3244 1001 3565 1069 προϐάτων
3598 1007 3638 1059 ‘.
3675 1024 3691 1056 ι
3726 1007 3815 1062 Βοὒ

575 1106 793 1161 quoque
820 1090 1036 1159 inquit:
1070 1107 1086 1139 ι
1122 1088 1405 1157 Tanquam
1431 1086 1667 1141 infantes
1690 1086 1743 1139 in
1769 1085 1987 1139 Christo
2023 1084 2160 1137 laete

580 1198 676 1236 vos
689 1181 940 1252 potavi”.
971 1180 1098 1246 »ριιῑ
1118 1180 1281 1234 etiam
1298 1194 1391 1247 per
1414 1177 1731 1231 Corinthios
1750 1176 1917 1229 boves
1933 1176 2159 1243 quinam

576 1282 783 1333 essent,
822 1273 1060 1341 aperuit,
1097 1270 1356 1338 inquiens
1385 1291 1397 1324 ;
1428 1286 1447 1318 ι
1482 1267 1620 1321 Num
1673 1267 1838 1322 boves
1879 1266 1987 1321 Deo
2010 1281 2199 1350 ειη-ιιι⁴

577 1366 747 1419 sunt?
775 1379 957 1418 annon
1016 1364 1204 1433 potius
1234 1362 1288 1415 in
1327 1361 1500 1416 nostri
1527 1360 1757 1431 gratiam
1792 1361 1904 1413 luec
1932 1359 2155 1413 omnino

575 1459 691 1513 ait?
714 1457 848 1511 Nam
870 1458 964 1527 qui
994 1466 1113 1510 arat
1151 1467 1204 1511 et
1234 1456 1473 1518 triturat,
1519 1469 1613 1523 spe
1642 1452 1785 1522 quod
1817 1452 1925 1505 frui
1959 1453 2152 1522 possit,

577 1553 711 1609 facit
736 1555 805 1605 ’⁵.
841 1572 858 1603 ι
896 1553 961 1605 At
995 1550 1254 1607 Servalor
1280 1550 1583 1618 discipulos
1607 1549 1861 1601 amandat
1896 1555 2153 1616 tanquam

574 1662 703 1699 oves
739 1645 1070 1714 inluporum
1120 1641 1359 1697 medium
1410 1643 1475 1695 9".
1511 1641 1755 1707 Quorum
1798 1638 2019 1708 quidem
2067 1636 2153 1691 lac

575 1737 739 1791 Israel
771 1736 866 1789 filii
901 1736 1100 1789 animis
1127 1750 1319 1789 eorum
1378 1749 1473 1802 per
1500 1732 1707 1796 Mosen,
1738 1746 1834 1801 per
1863 1731 1982 1799 ejus
2017 1737 2155 1783 tem-

576 1829 800 1895 pestatis
857 1829 1142 1883 sacrificos
1177 1842 1241 1881 ac
1272 1826 1517 1880 seniores
1579 1823 1647 1877 ad
1697 1823 1869 1877 ubera
1922 1819 2154 1875 admotis

574 1930 859 1974 suxeruut.
915 1919 1137 1973 Necnon
1179 1932 1308 1973 vero
1336 1918 1518 1973 Moses
1545 1915 1707 1970 etiam
1756 1914 1875 1969 ovis
1905 1912 2030 1977 fuit,
2058 1912 2152 1982 qui

573 2011 992 2066 mansuetmliue
1023 2024 1216 2065 omnes
1244 2008 1525 2078 superavit
1552 2005 1828 2061 homines.

2266 1094 2454 1151 τυρον,
2487 1082 2702 1149 νηπίοις
2751 1087 3039 1153 πρέπουσα
3076 1090 3174 1142 καὶ
3213 1092 3353 1163 αὕτη
3391 1095 3423 1163 ἡ
3466 1097 3670 1165 τροφὴ,
3710 1100 3835 1155 καθά

2269 1188 2431 1241 φησιν
2479 1173 2507 1223 6
2549 1172 2876 1239 Ἀπόστολος
2897 1192 2909 1205 ⁸
2947 1196 2966 1229 ι
2992 1177 3079 1242 Ὠς
3112 1182 3339 1252 νηπίους
3369 1186 3427 1238 ὲν
3450 1187 3680 1259 Χριστῷ
3713 1192 3833 1256 γάλα

2267 1262 2411 1331 ὑμᾶς
2441 1263 2688 1317 ἐπότισα.
2735 1284 2753 1316 ι
2802 1268 2943 1331 Βόας
2999 1270 3056 1322 δέ
3099 1290 3253 1343 φησι,
3314 1279 3444 1347 περὶ
3477 1272 3554 1332 ὧν
3694 1284 3834 1347 αὐτὸς

2263 1352 2504 1416 Παῦλος·
2537 1372 2554 1404 ι
2580 1356 2671 1425 Μὴ
2703 1356 2811 1409 τῶν
2853 1357 2992 1425 βοῶν
3030 1363 3180 1431 μέλει
3211 1366 3291 1436 τῷ
3324 1367 3444 1439 Θεῷ
3473 1387 3487 1431 ;
3536 1371 3568 1439 ἢ
3600 1371 3667 1423 δι’
3706 1375 3833 1442 ἡμᾶς

2259 1446 2477 1507 πάντως
2514 1446 2687 1515 λέγει,
2720 1468 2737 1500 ι
2768 1450 2953 1503 καὶτὰ
2978 1452 3124 1524 ἑξῆς.
3158 1456 3414 1527 Πρόεατα
3458 1461 3517 1513 δὲ
3545 1463 3699 1514 καλεῖ
3731 1465 3835 1517 τούς

2265 1552 2393 1599 τους
2424 1539 2626 1609 Κύριος
2646 1543 2705 1593 ὲν
2741 1542 3097 1612 Εὐαγγελίοις
3124 1563 3139 1578 ⁸
3182 1569 3200 1599 ‹
3225 1551 3353 1603 Ἰδοὺ
3392 1554 3507 1621 ἐγὼ
3537 1557 3836 1610 ἀποστέλλω

2258 1626 2402 1697 ὑμᾶς
2428 1629 2503 1692 ὡς
2528 1631 2777 1701 πρόϐατα
2796 1636 2851 1686 ὲν
2886 1636 3034 1707 μέσῳ
3072 1638 3270 1695 λύκων.
3290 1660 3308 1692 ι
3342 1644 3567 1698 Τούτων
3597 1647 3837 1716 ὲθήλαζον

2257 1718 2319 1811 τὸ
2357 1719 2498 1786 γάλα
2557 1725 2604 1775 οἱ
2652 1725 2759 1776 υἱοὶ
2801 1726 3044 1799 Ἰσραήλ.
3091 1730 3162 1782 Ἢ
3211 1732 3311 1785 οὐκ
3344 1728 3410 1805 ῆν
3450 1736 3700 1809 Μωῦσῇς
3731 1740 3839 1811 Boi;

2257 1810 2430 1863 ἀλοῶν
2464 1813 2558 1864 καὶ
2604 1814 2874 1887 ἀροτριῶν
2926 1819 3025 1883 τὰς
3074 1820 3252 1891 ψυχάς
3296 1825 3403 1877 τῶν
3430 1828 3575 1880 υἱῶν
3618 1832 3838 1904 Ἰσραὴλ,

2269 1903 2483 1973 Ἀαρών
2503 1922 2585 1971 τε,
2616 1907 2708 1960 καὶ
2751 1909 3038 1982 Ἐλεάζαρ,
3066 1916 3162 1967 καὶ
3205 1917 3413 1982 Φινεὲς,
3455 1922 3554 1973 καὶ
3593 1903 3790 1993 Ἰησοῦς
3816 1932 3840 1979 ὁ

2254 1992 2350 2045 τοῦ
2381 1993 2563 2065 Ναυῆ,
2593 1999 2688 2050 καὶ
2744 2001 2854 2053 τῶν
2908 2004 3299 2077 πρεσϐυτέρων
3342 2013 3390 2062 οε
3433 1992 3838 2084 ἐϐδομήκοντα;

2260 2086 2353 2177 καὶ
2384 2088 2658 2158 πρόϐατον
2685 2091 2741 2145 δὲ
2769 2088 2837 2164 ῆν
2887 2097 3156 2167 Μωῦσῆς,
3200 2102 3384 2173 πραῢς
3410 2105 3680 2176 ὑπάρχων
3706 2112 3838 2177 παρὰ

2262 2175 2471 2239 πάντας
2494 2178 2622 2241 τοὺς
2654 2180 2752 2233 ἀνθ
2763 2180 2999 2251 ρώπους.

641 2292 887 2359 Quorum
918 2293 1149 2361 insuper
1173 2290 1336 2344 etiam
1368 2288 1568 2343 bonam
1610 2285 1984 2374 valetudinem
2021 2300 2115 2356 per
2181 2289 2490 2346 doctrinam
2525 2291 2849 2350 hauserunt.
2900 2296 3244 2371 Quapropter
3270 2304 3563 2374 subiunxit
3592 2326 3606 2361 τ
3643 2329 3659 2359 ι
3701 2310 3822 2363 cum

572 2378 728 2447 adipe
750 2379 982 2433 arietum
1011 2378 1292 2449 pinguium
1322 2385 1377 2431 et
1399 2376 1700 2430 hircorum.
1731 2393 1748 2424 ι
1774 2373 1989 2443 Alioqui
2020 2374 2165 2428 enim
2198 2377 2411 2447 adipem
2429 2381 2591 2437 edere
2619 2392 2739 2438 erat
2766 2384 3139 2444 interdictum.
3166 2389 3309 2463 Lege
3335 2373 3461 2448 eum
3492 2394 3607 2452 Deo
3640 2397 3823 2451 adcrre

570 2467 946 2537 praecipiente.

640 2602 813 2657 Porro
859 2600 964 2669 ipsi
1011 2614 1229 2671 quoque
1277 2597 1515 2669 agniculi
1580 2606 1805 2668 prepter
1845 2598 1897 2651 in
1929 2596 2149 2652 Christo

2324 2602 2386 2655 Οἱ
2409 2602 2517 2674 γάρ
2578 2604 2733 2657 αὐτοὶ
2790 2601 2932 2678 ἦσαν
2964 2610 3059 2662 καὶ
3089 2611 3253 2682 ἄρνες
3274 2613 3365 2667 διὰ
3408 2616 3510 2689 τὴν
3538 2622 3599 2673 ὲν
3624 2622 3832 2695 Χριστῷ

571 2694 859 2749 infantiam
914 2690 1179 2756 fuerunt,
1249 2705 1463 2745 necnon
1524 2689 1729 2743 arietes
1784 2699 1837 2743 et
1876 2689 2039 2754 hirci,
2086 2704 2152 2743 ac

569 2785 748 2857 gregis
781 2784 1053 2838 Dominici
1106 2781 1298 2837 duces.
1348 2780 1521 2836 Filios
1554 2781 1679 2835 item
1732 2790 2016 2835 taurorum
2054 2795 2150 2835 seu

570 2880 833 2948 iuvencos
860 2893 981 2933 esse
1010 2877 1189 2939 aiunt,
1217 2890 1285 2929 eo
1312 2874 1459 2945 quod
1490 2875 1579 2929 Dei
1612 2875 1744 2945 jugo
1768 2876 1908 2929 colla
1944 2876 2152 2931 submi-

568 2979 783 3032 serunt,
808 2985 902 3025 seu
936 2968 1079 3039 quod
1113 2983 1245 3023 sane
1269 2968 1622 3037 przestantius
1648 2978 1751 3031 est,
1788 2967 1931 3037 quod
1959 2967 2152 3023 docto-

570 3074 689 3114 rum
708 3058 911 3113 Christi
944 3072 1173 3112 numero
1204 3066 1332 3112 sunt
1364 3058 1604 3112 accensi.

639 3150 772 3205 Cum
797 3150 951 3219 adipe
970 3166 1155 3204 renum
1198 3150 1456 3218 frumenti
1487 3159 1537 3204 et
1566 3150 1878 3221 sanguinem
1912 3167 2023 3206 uva:
2069 3151 2149 3203 bi-

569 3247 752 3298 berunt
779 3260 1069 3298 meracum.
1117 3242 1234 3298 Non
1281 3244 1429 3298 enim
1459 3242 1667 3298 Christi
1714 3244 2019 3299 doctrinam
2056 3260 2152 3315 per

570 3340 776 3409 figuras
808 3344 1173 3408 perceperunt
1204 3336 1404 3400 solum,
1444 3343 1497 3390 et
1540 3336 1882 3405 spiritualem
1917 3345 2149 3407 petram,

570 3447 756 3487 verum
804 3430 967 3487 etiam
1024 3428 1338 3483 felicitatem
1372 3428 1547 3499 ipsam
1580 3444 1702 3499 qua:
1747 3428 1804 3484 in
1853 3430 2151 3485 involucris

569 3534 689 3579 erat
727 3524 961 3578 inclusa.
1016 3522 1199 3592 Adeps
1249 3522 1397 3577 enim
1444 3536 1637 3576 renum
1692 3522 1956 3577 frumenti
1992 3523 2151 3593 panis

571 3615 879 3686 spiritualis
907 3624 1013 3678 est,
1045 3614 1141 3685 qui
1171 3629 1267 3668 cor
1297 3613 1540 3669 hominis
1581 3613 1895 3678 confirmat,
1925 3613 2151 3685 sanguis

570 3709 701 3762 item
741 3722 861 3762 uvae
883 3708 1070 3760 vinum
1137 3714 1243 3771 est,
1277 3706 1425 3777 quod
1469 3721 1534 3763 ex
1576 3706 1761 3763 veraci
1802 3706 1911 3763 vite
1944 3706 2149 3762 factum

570 3800 814 3855 laetitiam
843 3799 1103 3855 conciliat
1133 3800 1201 3853 ⁸⁸.

634 4082 799 4155 467
836 4081 903 4136 Ει
936 4082 1161 4136 comedit
1189 4080 1378 4146 Iacob,
1397 4090 1447 4136 et
1473 4092 1750 4137 satur-atus
1779 4093 1878 4143 est.
1908 4093 1957 4137 et
1978 4084 2143 4137 calci-

569 4176 727 4229 travit
748 4173 1000 4230 dilectus.
1033 4172 1175 4245 [lii]
1208 4172 1368 4228 Juxta
1404 4172 1752 4228 Salomonem
1784 4175 1928 4229 enim
1957 4177 2142 4230 anima

568 4266 775 4337 repleta
792 4265 946 4321 favos
966 4282 1188 4337 quoque
1207 4268 1573 4323 conculcat".
1594 4268 1738 4323 'Alibi
1760 4269 1889 4324 item
1919 4270 2099 4339 inquit
2125 4288 2139 4323 :

570 4377 590 4409 ι
628 4358 731 4414 Mel
772 4358 819 4414 si
845 4360 1140 4429 repereris.
1179 4359 1405 4415 comede
1444 4360 1512 4416 de
1561 4362 1657 4416 illo
1688 4370 1953 4432 quantum
2005 4364 2143 4418 satis

565 4461 672 4516 cst,
701 4466 771 4506 ne
799 4449 945 4507 forte
985 4451 1224 4521 satiatus
1253 4467 1478 4509 evomas
1507 4452 1643 4509 illud
1670 4455 1736 4508 ³⁸³.
1778 4474 1797 4507 ι

637 4563 955 4621 Doctrinam
1000 4565 1145 4620 enim
1178 4566 1235 4622 in
1269 4582 1329 4623 se
1374 4568 1512 4638 ipsis
1553 4583 1664 4623 non
1703 4568 2052 4641 digesserunt
2085 4580 2142 4625 ut

565 4670 664 4726 per
717 4655 976 4725 spiritum
1028 4666 1465 4727 coneoquerent.
1521 4657 1666 4726 Quin
1731 4676 1827 4716 cor
1875 4676 2138 4718 carneum

565 4760 929 4814 crassumque
996 4747 1342 4812 habuerunt,
1381 4764 1449 4804 an
1506 4766 1601 4820 per
1654 4763 1940 4821 angustam
2000 4755 2139 4809 afﬂi-

564 4848 819 4905 ctamque
877 4837 1021 4891 viam
1077 4854 1185 4892 non
1234 4840 1606 4905 incesserunt,
1649 4859 1837 4898 verum
1875 4861 1971 4915 per
2018 4862 2136 4902 eam

563 4940 687 4995 quae
743 4924 971 4980 abducit
1011 4927 1080 4981 ad
1130 4928 1434 4983 interitum.
1496 4929 1839 5001 Quapropter
1894 4934 1948 4988 in
2005 4951 2138 5006 por-

564 5029 755 5070 eorum
811 5015 906 5085 qui
955 5019 1281 5086 margaritas
1323 5022 1657 5075 conculcant
1699 5024 1920 5078 modum
1962 5028 2139 5082 recal-

564 5107 860 5170 ritrarunt,
905 5121 1122 5176 ceuque
1163 5108 1291 5176 equi
1330 5108 1425 5177 qui
1491 5109 1704 5164 frenum
1752 5127 2135 5181 excusserunt,

565 5198 867 5269 magistros
903 5198 957 5253 in
1000 5199 1086 5253 via
1136 5200 1377 5254 retinere
1410 5214 1507 5255 eos
1563 5203 1851 5273 cupientes
1898 5206 2136 5276 rejectos

2266 2698 2582 2786 νηπιότητα,
2642 2700 2737 2751 καὶ
2768 2701 2935 2772 κριοὶ,
3000 2703 3095 2755 καὶ
3120 2704 3312 2776 ταῦροι
3351 2710 3427 2777 (9)
3470 2710 3577 2780 τῆς
3611 2716 3830 2786 ποίμνης

2254 2785 2577 2877 ῆγούμενοι,
2611 2790 2707 2841 καὶ
2739 2791 2846 2843 υἱοὶ
2864 2791 3105 2863 ταύρων,
3124 2794 3387 2866 δαμάλεις
3412 2800 3594 2868 ὄντες,
3619 2807 3713 2859 καὶ
3725 2785 3832 2877 Θεῷ

2254 2875 2553 2946 ὑπέγρντες
2586 2879 2677 2932 τὸν
2709 2881 2932 2951 αὐχένα.

2323 3138 2484 3231 Μετὰ
2516 3140 2771 3231 στέατος
2802 3145 3040 3215 νεφρῶν
3052 3151 3269 3218 πυροῦ,
3296 3155 3394 3208 καὶ
3424 3151 3573 3227 αἷμα
3605 3175 3825 3231 σταφυ-

2251 3228 2369 3297 λῆς
2386 3231 2603 3286 ἔπινον
2626 3230 2796 3290 οἶνον
2813 3240 2852 3291 ⁸,
2875 3239 2950 3291 Οὐ
2982 3239 3145 3310 μόνον
3165 3244 3299 3313 φησὶ
3324 3246 3424 3316 τῆς
3455 3228 3826 3323 πνευματίχῆς

2252 3323 2343 3376 τοῦ
2375 3326 2612 3395 Χριστοῦ
2634 3328 2986 3395 διδασκαλίας
3006 3333 3311 3404 ἀπήλαυον,
3330 3340 3424 3391 καί
3455 3344 3825 3413 πνευματικῆς

2256 3415 2486 3486 πέτρας,
2531 3420 2769 3473 καὶτῶν
2822 3423 3169 3494 ὁδηγοῦντων
3202 3430 3401 3493 αὐτοὺς
3471 3434 3823 3499 διδασκάλων,

2253 3509 2388 3563 ἀλλά
2418 3512 2513 3564 καὶ
2538 3514 2636 3583 τῆς
2670 3519 2944 3587 μυστικῆς
3000 3520 3321 3592 ἠξιώθησαν
3347 3524 3627 3594 εὐλογίας,
3668 3530 3739 3592 ὡς
3773 3532 3824 3582 ἐν

2252 3601 2411 3671 τύπῳ
2460 3606 2992 3677 μεταλαμδάνοντες.
3060 3613 3222 3678 Σταῖς
3288 3615 3399 3687 (10)
3455 3619 3569 3690 γάρ
3622 3622 3823 3692 νεφρῶν

2255 3696 2451 3764 πυροῦ,
2484 3698 2650 3765 ἄρτος
2673 3701 2818 3753 ἐστὶν
2845 3703 2872 3754 6
2897 3707 3291 3774 πνευματικὸς,
3322 3710 3351 3762 6
3391 3711 3670 3782 στηρίζων
3701 3730 3823 3783 καρο

2253 3783 2368 3837 δίαν
2397 3787 2684 3857 ἀνθρώπου
2713 3808 2726 3821 °
2756 3794 2849 3846 καὶ
2870 3790 3006 3863 αἷμα
3028 3799 3329 3869 σταφυλῆς,
3356 3803 3382 3853 6
3405 3797 3551 3866 οἶνος
3582 3806 3610 3856 ὁ
3639 3804 3823 3875 εὐφρο-

2259 3875 2425 3945 σύνης
2462 3881 2742 3949 ποιητικὸς
2788 3886 2815 3936 6
2867 3886 2931 3937 ὲκ
2968 3886 3069 3957 τῆς
3099 3888 3360 3963 ἀληθινῆς
3402 3894 3655 3964 ἀμπέλου
3687 3897 3821 3966 γινό-

2253 3983 2412 4036 μενος
2448 3971 2582 4042 (Η).

2317 4083 2428 4137 Καὶ
2464 4084 2704 4156 ἔφαγε-γι
2732 4090 2959 4157 Ἰακὼϐ,
3003 4093 3511 4168 καὶξένεπλήσθη,
3558 4104 3660 4157 καὶ
3686 4104 3817 4158 ἀπε-

2254 4174 2547 4230 λάκτισεν
2599 4179 2631 4231 ό
2686 4180 3096 4251 ἠγαπημένος.
3128 4186 3358 4258 Εἴρηται
3403 4192 3479 4260 τῷ
3533 4195 3683 4265 σοφῷ
3729 4196 3816 4247 Σο-

2246 4266 2507 4336 λομῶντι,
2560 4270 2707 4343 ψυχὴ
2765 4275 3226 4347 ὲμπεπλησμένη,
3279 4283 3492 4353 κηρίοις
3543 4287 3810 4355 ἐμπαίζει.

2246 4361 2355 4412 Καὶ
2378 4362 2542 4415 πάλιν
2575 4368 2898 4438 παρεγγυᾷ·
2927 4387 2943 4418 ι
2972 4369 3111 4422 Μέλι
3146 4372 3344 4440 εὑρὼν,
3375 4377 3515 4445 φάγε
3535 4380 3594 4430 τὸ
3622 4380 3807 4443 ἱκανὸν,

2247 4454 2459 4524 μήποτε
2488 4456 2751 4525 πλησθεὶς
2776 4460 3063 4534 ὲξεμέσῃς.
3093 4483 3110 4515 ι

2317 4568 2452 4622 Οὐδὲ
2485 4569 2594 4642 γὰρ
2630 4571 2896 4642 ἥκουσαν,
2927 4576 3069 4628 ὥστε
3106 4582 3400 4649 κατασχεῖν
3430 4584 3525 4636 καὶ
3559 4585 3720 4655 πέψαι
3750 4585 3808 4638 τὰ

2244 4660 2537 4731 εἰρημένα,
2583 4661 2671 4716 ἵνα
2720 4666 2815 4717 καὶ
2865 4669 3289 4739 καρποφορῆσαι
3340 4671 3673 4744 δυνηθῶσιν·
3704 4677 3806 4729 ἀλλ’

2244 4754 2528 4824 ἐπαχύνθη
2563 4755 2745 4809 αὐτῶν
2778 4757 2809 4826 ἡ
2850 4758 3045 4828 καρδία
3074 4761 3171 4814 καὶ
3207 4761 3496 4836 ἐλιπάνθη,
3536 4768 3790 4822 abex-ton

2244 4864 2335 4910 τος
2356 4848 2449 4900 τοῦ
2486 4848 2761 4918 σώματος,
2789 4850 2883 4903 καὶ
2910 4853 3255 4927 πολυσαρκίᾳ
3287 4856 3656 4929 βαρυνομένου
3677 4878 3691 4892 ⁸
3725 4862 3806 4914 καὶ

2243 4939 2625 4994 ἁπελάκτισαν
2645 4942 2721 5005 ὼς
2745 4944 2940 5014 χοῖροι,
2960 4946 3088 5008 τοὺς
3111 4947 3313 5012 καλοὺς
3337 4956 3806 5024 καταπατήσαντες

2246 5030 2616 5100 μαργαρίτας,
2647 5031 2741 5084 καὶ
2767 5034 2842 5095 ὡς
2871 5032 3028 5087 ἵπποι
3054 5034 3122 5088 τὰ
3166 5038 3360 5106 χαλινὰ
3390 5042 3799 5113 ἀπορρίψαντες.

2246 5136 2266 5169 ι
2315 5120 2427 5173 Καὶ
2480 5124 2608 5186 τοὺς
2659 5125 2906 5194 ἐπισχεῖν
2969 5125 3327 5197 βουλομένους
3361 5133 3804 5203 ἀποστρέφοντες

2239 5212 2354 5273 τοῖς
2388 5213 2538 5267 ποσί.
2573 5234 2591 5265 ι
2648 5217 3042 5289 Μακρύναντες
3069 5220 3178 5291 γάρ
3218 5222 3451 5290 ἑαυτοὺς
3492 5228 3593 5281 ἀπ’
3625 5224 3797 5287 αὐτοῦ,

622 5355 713 5447 ’ξί
740 5355 869 5447 Cor.
898 5371 954 5421 ι,
986 5356 1046 5447 ᾗ
1119 5354 1358 5447 ""I’rov.
1384 5356 1610 5417 “1,24.
1648 5358 1730 5447 _"
1763 5358 1924 5447 Cannt.
1947 5377 2023 5424 iv,
2059 5362 2146 5418 il.

2254 5364 2309 5447 [1
2331 5365 2462 5421 Cor.
2495 5385 2579 5435 ιιι,
2626 5369 2679 5434 1,
2710 5370 2767 5425 2.
2841 5373 2889 5405 ⁸⁸
2918 5374 2939 5429 -1
2960 5374 3090 5433 Cor.
3116 5396 3196 5447 Ix,
3225 5381 3279 5436 9.
3358 5384 3403 5415 ’⁸
3422 5382 3614 5439 Matth.
3644 5402 3694 5444 ι,
3723 5382 3793 5435 l6.

566 5428 613 5463 ³⁵
632 5426 785 5484 Psal.
830 5442 950 5491 cm,
983 5427 1069 5482 15.

1168 5427 1210 5457 ³⁷
1247 5426 1405 5483 Prov.
1436 5442 1611 5495 xxvn,
1648 5428 1705 5484 7.
1779 5431 1825 5463 "
1857 5431 2019 5487 Prov.
2050 5449 2181 5499 xxv,
2223 5436 2312 5490 16.

2069 5568 2299 5625 NOTAE.

631 5678 832 5753 9))ςῴ
887 5680 1101 5748 τράγοι.
1149 5679 1239 5733 Ἐν
1272 5678 1383 5733 σελ.
1411 5677 1537 5733 871.
1570 5679 1660 5733 τοῦ
1693 5681 1726 5735 5
1764 5682 1890 5753 τόμ.
1924 5681 2023 5752 τῆς
2044 5688 2125 5747 εἰς

560 5748 687 5811 τοὺς
704 5748 846 5802 Ψα).
877 5766 1015 5820 σειρ.

2307 5686 2419 5758 (ω)
2450 5686 2647 5758 Στέαρ.
2697 5690 2757 5743 ’0
2784 5691 2904 5747 αὐτ.

2326 5757 2437 5826 (ll)
2478 5757 2791 5828 Γενόμενος.
2840 5761 2895 5816 Ὀ
2935 5762 3063 5818 αὐτ.
