4058 6530
263 334 370 395 9ίὸ
1184 333 1719 393 COMMENTARII
1759 332 1833 391 IN

1942 327 2403 390 EUTERONOM
2418 328 2437 385 Ι
2451 327 2581 387 UM.
3428 330 3534 393 966

261 447 656 518 παρεδόθησαν
694 448 759 516 τῇ
800 444 1081 515 ἀπωλείᾳ,
1134 448 1272 516 μήτε
1306 447 1381 509 ὼς
1432 447 1672 518 Ποιητὴν
1722 448 1833 499 ὲπι-

1952 444 2321 514 impegerunt.
2348 440 2824 507 Quemadmodum
2849 440 2917 496 de
2946 440 3057 496 illis
3085 441 3366 512 propheta?
3401 442 3530 496 illud

253 544 499 609 γνόντες,
534 541 671 609 μήτε
718 538 794 601 ὼς
834 538 1065 609 Σωτῆρα
1096 537 1193 589 καὶ
1236 538 1532 610 Λυτρωτὴν
1566 537 1833 592 αἰδεσθέν-

1952 533 2228 588 afﬁrmat:
2272 550 2289 584 ι
2325 531 2697 587 Obverterunt
2746 532 2881 585 mihi
2929 540 3081 604 terga
3132 547 3253 595 sua,
3299 548 3411 586 non
3452 532 3534 586 fa-

249 650 368 696 τες.
1944 624 2058 680 cies
2082 625 2150 677 θ’.
2205 643 2223 676 ι
2273 625 2425 679 Adeo
2478 625 2822 695 reliquerunt
2877 625 3168 681 Dominum
3224 635 3531 681 creatorem

1946 732 2135 779 suum,
2165 732 2283 771 non
2318 727 2667 787 agnoverunt
2708 716 3050 772 conditorem
3088 733 3273 783 suum,
3318 733 3418 772 nec
3448 733 3533 772 re-

1945 806 2285 877 demptorem
2322 824 2482 863 suum
2514 816 2643 863 sunt
2679 808 2928 865 reveriti.

326 934 625 989 lrritarunt
657 951 737 989 me
766 934 869 988 diis
899 934 1105 989 alienis.
1140 931 1676 1005 [XXXII,16.]Cum
1702 934 1769 990 de
1788 935 1893 991 diis
1924 938 2119 993 alienis
2147 938 2395 1001 dixisset,
2432 937 2597 992 infert.
2627 956 2639 991 τ
2670 958 2687 988 ι
2720 938 2780 990 Et
2806 938 3181 991 sacrificarunt
3221 937 3527 1000 daemoniis.

251 1040 366 1078 non
393 1023 523 1079 Deo.
562 1043 579 1075 ι
621 1023 694 1076 Ea
719 1024 863 1077 enim
890 1023 1196 1077 substantia
1218 1022 1436 1092 quidem
1461 1024 1574 1093 ipsa
1603 1039 1664 1078 ac
1696 1025 1913 1093 opificio
1943 1028 2030 1080 Dei
2059 1027 2276 1096 propria
2305 1034 2452 1081 sunt.
2493 1024 2719 1095 lmpium
2748 1041 2874 1077 vero
2898 1026 3234 1095 propositum
3258 1040 3285 1076 a
3317 1024 3427 1078 Deo
3448 1034 3533 1079 est

250 1113 527 1165 alienum.
555 1110 767 1177 Quibus
801 1110 891 1179 qui
931 1109 1232 1171 adhaerent,
1266 1112 1503 1179 vitaeque
1541 1111 1746 1165 fontem
1779 1113 2163 1177 deseruerunt,
2208 1114 2274 1167 ad
2323 1114 2528 1184 justum
2571 1115 2654 1168 sui
2695 1114 3026 1182 supplicium
3070 1112 3238 1166 Deum
3271 1129 3520 1169 contum--

252 1208 477 1253 verunt.
511 1197 611 1252 Ubi
654 1199 896 1252 humano
935 1213 1087 1252 more
1128 1198 1197 1252 de
1229 1199 1308 1251 ira
1349 1199 1442 1253 Dei
1484 1200 1693 1254 dictum
1718 1210 1841 1256 est:
1880 1221 1898 1253 ι
1939 1202 2073 1256 Nam
2106 1210 2495 1273 permutarunt
2532 1202 2713 1272 ipsum
2749 1217 2874 1255 cum
2922 1202 3029 1256 diis
3062 1202 3176 1255 heri
3212 1213 3300 1256 aut
3350 1202 3529 1271 pridie

257 1287 575 1343 fabrefactis
600 1287 639 1346 ¹.
671 1305 689 1338 ι
713 1301 851 1355 quos
882 1300 989 1339 non
1021 1286 1277 1355 cognovit
1309 1286 1609 1351 Abraham,
1649 1302 1753 1342 nec
1777 1288 2015 1357 majores
2046 1288 2242 1357 ipsius.

317 1379 391 1429 Et
434 1375 565 1429 vidit
602 1374 885 1440 Dominus,
910 1384 959 1428 et
994 1375 1165 1427 iratus
1195 1383 1294 1428 est.
1328 1373 1468 1447 [19.]
1506 1374 1754 1429 Humana
1788 1377 1985 1430 iterum
2030 1375 2321 1432 affectione
2369 1377 2643 1430 naturalis
2683 1375 2774 1431 Dei
2818 1383 3250 1444 repracsentatur
3284 1376 3527 1441 bonitas,

255 1478 369 1529 qua
400 1477 589 1517 omnes
642 1462 893 1515 homines
930 1462 1139 1515 servari
1181 1462 1355 1537 cupit,
1386 1470 1434 1515 et
1480 1463 1545 1516 ad
1588 1464 1836 1517 veritatis
1886 1464 2260 1534 cognitionem
2304 1466 2688 1535 pertingere’,
2740 1480 2840 1520 nec
2877 1464 3189 1519 daemonum
3234 1464 3530 1535 praestigiis

254 1551 478 1621 agitari,
508 1565 715 1620 eosque
738 1550 828 1620 qui
866 1550 998 1604 illud
1028 1550 1384 1605 admisissent
1413 1550 1687 1620 supplicio
1711 1551 1984 1622 condiguo
2015 1554 2068 1608 in
2102 1552 2248 1606 viam
2281 1567 2565 1608 revocare.

2022 1681 2089 1735 Et
2139 1683 2389 1737 irritatus
2434 1693 2513 1737 est
2558 1694 2771 1754 propter
2819 1694 3247 1753 provocationem
3290 1685 3528 1754 ﬁliorum

1945 1790 2186 1841 suorum,
2217 1785 2266 1830 et
2316 1778 2555 1844 ﬁliarum
2605 1794 2847 1830 suarum.
2896 1777 2975 1832 Ex
3022 1793 3179 1844 aequo
3221 1778 3364 1831 enim
3419 1787 3527 1829 tant

325 1684 438 1736 Καὶ
493 1682 849 1750 παρωξύνθη
908 1680 984 1735 δι’
1039 1681 1229 1751 ὀργὴν
1281 1682 1429 1737 υἱῶν
1493 1686 1684 1739 αὐτοῦ
1742 1672 1844 1739 καί

249 1774 614 1844 θυγατέρων.
674 1775 811 1828 Κατ’
871 1775 1037 1846 ἄμφω
1095 1778 1205 1846 γὰρ
1275 1778 1381 1830 υἱοὶ
1445 1778 1539 1830 καὶ
1603 1777 1838 1847 θυγατέ-

256 1883 357 1935 ρες
409 1866 460 1919 ol
505 1866 565 1931 ἐξ
593 1866 834 1937 Ἰσραὴλ,
877 1866 1021 1919 κατὰ
1059 1867 1428 1938 δημιουργίαν
1464 1885 1524 1920 τε
1580 1872 1674 1922 καὶ
1715 1870 1833 1923 κατΊ

1947 1866 2042 1920 filii
2077 1882 2241 1937 quam
2281 1870 2403 1922 tilia:
2436 1886 2499 1921 ex
2537 1870 2802 1924 Israelitis
2835 1870 3085 1924 oriunda:
3110 1870 3329 1939 opificio
3355 1878 3407 1925 et
3445 1869 3527 1922 fa-

249 1959 538 2012 οίκείωσιν
556 1959 657 2028 τὴν
688 1959 840 2029 παρὰ
866 1959 935 2012 τὰ
965 1959 1129 2013 λοιπὰ
1163 1960 1315 2027 ἔθνη.
1346 1961 1627 2031 Γράφεται
1658 1963 1715 2016 δὲ
1743 1967 1833 2018 καὶ

1946 1961 2264 2016 miliaritate
2309 1961 2405 2016 Dei
2441 1977 2636 2017 omnes
2670 1963 2911 2032 reliquas
2950 1963 3289 2032 superabant
3316 1972 3526 2031 gentes.

244 2050 428 2113 οὕτως
446 2067 460 2080 ·
489 2070 508 2102 ι
533 2049 662 2103 υἱῶν
693 2050 874 2104 αὐτῶν
896 2052 987 2104 καὶ
1001 2052 1340 2120 θυγατέρων·
1358 2071 1375 2103 ι
1400 2053 1481 2105 ὅτι
1504 2054 1598 2105 καὶ
1625 2055 1833 2119 τούτοις

1946 2053 2160 2106 Pariter
2190 2063 2374 2107 autem
2403 2054 2566 2108 etiam
2596 2054 2662 2107 de
2689 2054 2817 2109 filiis
2848 2070 3037 2109 eorum
3062 2062 3114 2109 et
3139 2054 3355 2109 filiabus
3388 2055 3529 2109 scri-

244 2143 392 2213 τρὸς
417 2142 517 2214 τὴν
542 2141 735 2213 ὁμοίαν
774 2142 1162 2213 καθηγήσαντο
1191 2143 1431 2212 πλάνηνο
1464 2144 1498 2214 ἢ
1537 2143 1668 2213 γοῦν
1697 2164 1832 2215 προ-

1942 2146 2111 2208 bitur,
2146 2146 2405 2214 quoniam
2469 2146 2602 2215 ipsis
2637 2162 2860 2216 quoque
2903 2146 2973 2200 ad
3015 2146 3246 2200 similent
3282 2161 3524 2199 errorem

247 2238 534 2305 αναφωνεῖ
559 2237 688 2297 τοὺς
716 2234 1384 2305 ὖστερονὲσταυρωκὸτας
1412 2238 1676 2307 Χριστὸν,
1704 2242 1833 2310 περὶ

1942 2238 2197 2293 ductores
2256 2240 2611 2295 exstiterunt.
2658 2246 2737 2294 Ac
2787 2256 2920 2295 sane
2972 2241 3039 2295 de
3074 2241 3142 2294 iis
3193 2240 3285 2310 qui
3332 2248 3525 2311 postea

244 2322 325 2380 ἀν
342 2330 372 2381 ὁ
398 2327 683 2398 προφήτης
713 2326 910 2396 φησιν’
930 2326 1025 2379 «Δί
1056 2328 1238 2395 χεῖρες
1268 2326 1423 2396 ὑμῶν
1444 2328 1677 2397 αἵματος
1696 2328 1833 2399 πλή-

1942 2330 2214 2385 Christum
2282 2332 2334 2385 in
2385 2348 2608 2387 crucem
2662 2334 2994 2402 adegerunt,
3056 2333 3405 2387 vaticinatur.
3451 2332 3527 2385 De

247 2435 404 2489 ρειςο
445 2438 464 2472 ι
493 2419 541 2472 οἳ
584 2420 680 2473 καὶ
710 2420 821 2471 τῶν
859 2419 1113 2490 πατέρων
1138 2418 1401 2486 γεγόνασι
1446 2420 1830 2493 πονηρότεροι,

1942 2421 2143 2486 quibus
2182 2422 2449 2491 propheta
2485 2437 2709 2492 quoque
2739 2423 2813 2475 ait
2844 2441 2857 2477 :
2898 2442 2916 2473 ‹
2949 2423 3136 2478 lliamts
3170 2436 3366 2480 vesu-a:
3396 2441 3527 2478 san-

246 2513 349 2565 καὶ
376 2512 536 2582 δίκην
566 2512 752 2564 ἔτισαν
780 2510 879 2581 τὴν
911 2515 1321 2581 προσήκουσαν.

1942 2513 2103 2579 guine
2157 2514 2333 2583 plenae
2388 2524 2521 2569 sunt
2549 2515 2592 2568 ³.
2626 2534 2643 2567 ι
2690 2515 2791 2581 Qui
2836 2525 2991 2569 certe
3043 2517 3369 2586 parentibus
3408 2518 3529 2574 suis

1941 2603 2159 2673 pejores
2193 2603 2437 2672 fuerunt,
2469 2614 2523 2660 et
2557 2620 2776 2675 pcenam
2811 2607 3063 2659 meritam
3108 2609 3345 2662 luerunt.

322 2717 457 2773 Ὀτι
494 2736 670 2789 gena
706 2717 1156 2788 ἐξεστραμμένη
1186 2718 1394 2771 ἐστίν·
1427 2717 1542 2773 υἱοὶ
1590 2714 1680 2784 οἷς
1722 2720 1832 2771 οὐκ

244 2814 385 2869 ἔστι
423 2814 631 2879 πίστις
679 2813 750 2866 ἐν
797 2812 1025 2878 αὐτοῖς.
1085 2812 1323 2875 Ταύταις
1360 2815 1477 2875 ταῖς
1522 2812 1700 2879 λέξεσι
1741 2814 1837 2865 και⁵

243 2903 274 2955 ὁ
309 2904 505 2975 Σωτὴρ
533 2904 591 2956 ὲν
626 2903 986 2971 Εὑαγγελίοις
1020 2905 1312 2975 ἐχρήσατο,
1341 2904 1515 2956 εἰπὼν
1566 2904 1706 2974 πρὸς
1735 2903 1834 2957 αὐ-

241 2996 408 3059 τούς*
444 3016 462 3049 ι
491 2993 562 3050 Ὠ
599 2997 763 3066 γενεὰ
814 2996 1044 3060 ἄπιστος
1097 2998 1193 3051 καὶ
1239 2998 1680 3069 διεστραμμένη,
1730 2999 1837 3062 ἓως

246 3092 385 3145 πότε
422 3090 620 3159 ἔσομαι
648 3091 785 3161 πρὸς
812 3092 988 3160 (apag;
1012 3090 1116 3153 ἕως
1148 3091 1279 3143 πότε
1307 3090 1569 3158 ἀνέξομαι
1594 3090 1748 3159 ὑμῶν
1771 3108 1786 3157 ;
1813 3109 1833 3142 ι

245 3186 389 3238 Οὐδὲ
442 3187 551 3252 γὰρ
605 3185 791 3252 ἕτερόν
824 3186 940 3237 ἐστι
964 3184 1025 3237 τὸ
1055 3184 1382 3254 λεγόμενον
1422 3203 1439 3235 ι
1463 3179 1541 3238 ἾΙ
1589 3185 1671 3237 ὅτι
1704 3186 1839 3236 ἁπο-

248 3275 475 3348 στρέψω
520 3277 583 3329 τὸ
616 3276 911 3349 πρόσωπόν
964 3294 1064 3346 μου
1094 3276 1190 3329 ἀπ’
1236 3276 1437 3329 αὐτῶν.
1480 3293 1498 3326 ι
1535 3276 1701 3329 Γενεὰ
1730 3274 1837 3347 γὰρ

246 3370 480 3431 ἄπιστός
525 3370 665 3437 ἐστι,
701 3370 776 3439 μὴ
805 3369 1009 3439 ἔχουσα
1045 3368 1249 3435 πίστιν,
1283 3368 1375 3421 καὶ
1408 3367 1834 3438 ὲξεστραμμένη

245 3467 283 3513 α
316 3483 359 3511 :o
415 3463 512 3532 τῆς
548 3461 834 3532 ἀληθείας.
869 3462 1067 3530 Ἡμεῖς
1132 3460 1190 3513 δὲ
1259 3460 1359 3511 σὺν
1427 3458 1505 3529 τῷ
1555 3458 1833 3529 ψαλμῳδῴ

2017 2722 2278 2786 Quoniam
2339 2726 2610 2794 generatio
2667 2740 2914 2791 perrersa
2962 2735 3063 2789 est,
3112 2726 3216 2794 ﬁlii
3246 2727 3298 2780 in
3337 2728 3524 2796 quibus

1943 2815 2094 2868 nulla
2123 2815 2255 2884 ﬁdes
2288 2825 2387 2869 est.
2425 2814 2568 2888 [τα]
2598 2814 2880 2884 Ejusmodi
2920 2817 3049 2870 illud
3082 2833 3301 2887 quoque
3336 2834 3365 2871 a
3396 2817 3527 2872 Ser-

1944 2917 2134 2961 vatore
2166 2908 2447 2977 proditum
2484 2924 2499 2962 :
2538 2926 2556 2959 ι
2594 2908 2637 2963 Ο
2671 2910 2958 2977 generatio
2983 2909 3266 2963 incredula
3310 2921 3363 2964 et
3401 2927 3527 2979 per-

1944 3015 2124 3063 versa,
2157 3014 2448 3069 quousque
2480 2999 2700 3054 tandem
2730 3002 3011 3055 vobiscum
3051 3002 3190 3054 ero?
3222 3020 3241 3052 ι
3276 3001 3524 3057 Potentia

1942 3105 2072 3143 vero
2119 3091 2252 3143 illud
2301 3091 2479 3144 dicit:
2515 3109 2534 3144 ι
2562 3090 2817 3145 Avertam
2861 3093 3053 3147 faciem
3109 3106 3282 3147 meant
3328 3095 3398 3148 ab
3429 3095 3518 3157 iis,

1943 3182 2118 3250 utqui
2157 3181 2318 3235 fidem
2347 3197 2455 3235 non
2491 3182 2754 3248 habeant,
2794 3193 2847 3237 et
2878 3197 2909 3235 a
2944 3186 3176 3239 veritate
3218 3200 3278 3239 se
3309 3195 3521 3240 averte-

1942 3273 2073 3325 rint.
2102 3270 2213 3325 Nos
2247 3286 2375 3325 vero
2402 3286 2668 3325 canamus
2699 3288 2713 3324 :
2752 3290 2770 3322 ι
2795 3269 2871 3325 Ne
2902 3283 3121 3326 avertas
3149 3271 3337 3326 faciem
3367 3281 3520 3327 tuam

1942 3380 1969 3416 a
2008 3379 2116 3427 me,
2168 3379 2271 3418 nec
2317 3365 2572 3418 deﬂectas
2635 3364 2687 3417 in
2742 3364 2820 3418 ira
2857 3380 2886 3417 a
2914 3380 3076 3420 servo
3129 3377 3223 3421 tuo
3244 3369 3286 3420 ⁸.
3315 3386 3333 3418 ι
3360 3366 3516 3421 Oculi

1940 3457 2084 3509 enim
2116 3454 2519 3524 Dotninijustis
2550 3464 2681 3510 sunt
2721 3457 2981 3511 intenti".

248 3554 546 3625 βοήσωμεν
588 3570 601 3584 ⁸
641 3571 663 3605 ι
701 3554 791 3625 Μὴ
842 3551 1194 3625 ἀποστρέψεις
1254 3551 1315 3606 τὸ
1366 3551 1659 3622 πρόσωπόν
1719 3567 1812 3603 σου
1844 3548 1937 3602 ἀπ’
1972 3548 2127 3617 ἐμοῦ.
2162 3566 2179 3599 ι

328 3690 396 3745 Et
429 3708 523 3761 ego
560 3707 760 3761 quoque
794 3689 1089 3759 provocabo
1111 3705 1229 3743 eum
1263 3688 1317 3742 in
1347 3705 1405 3744 eo
1440 3689 1530 3758 qui
1561 3706 1665 3741 non
1695 3696 1773 3741 est
1810 3685 2057 3756 populus.
2091 3693 2199 3739 etc.
2241 3684 2382 3757 νει]
2416 3683 2643 3740 Gentem
2685 3685 2974 3740 barbaram
3020 3695 3211 3742 contra
3264 3703 3359 3743 eos
3393 3689 3521 3745 irri-

249 3782 407 3835 tabo.
444 3779 563 3835 Non
593 3781 738 3834 enim
783 3780 889 3834 illis
917 3788 1201 3848 tantopere
1244 3778 1393 3833 dolet
1431 3778 1695 3841 servitus,
1753 3791 1861 3829 non
1903 3776 2198 3843 dispersio,
2234 3790 2341 3827 non
2390 3776 2574 3843 templi
2627 3774 2871 3839 amissio,
2904 3785 3242 3846 quantopere
3272 3780 3519 3847 gentium

249 3871 433 3939 pietas
464 3880 517 3924 et
548 3869 811 3939 dignitas,
847 3884 1037 3923 earum
1071 3868 1325 3922 videlicet
1358 3882 1479 3936 qua:
1507 3866 1660 3934 prius
1697 3864 1859 3917 rudes
1893 3872 2071 3925 erant,
2106 3879 2169 3917 ac
2197 3863 2249 3915 in
2293 3862 2623 3932 populorum
2656 3877 2947 3915 numerum
2981 3861 3173 3916 referri
3208 3880 3315 3917 non
3347 3866 3523 3935 dignae

250 3957 649 4013 cen~ebantur.
676 3954 1152 4021 Quemadmodum
1188 3954 1323 4009 illud
1369 3952 1619 4023 Apostoli
1658 3960 1910 4013 testatur,
1944 3966 2069 4005 cum
2118 3950 2337 4017 inquit:
2376 3968 2394 4000 ι
2425 3948 2713 4014 Quondam
2767 3963 2897 4003 vero
2928 3957 2983 4003 et
3035 3964 3134 4005 nos
3166 3966 3392 4008 eramus
3428 3953 3525 4007 de-

252 4055 492 4105 mentes,
523 4044 716 4109 duri",
753 4064 770 4095 ι
807 4052 861 4099 et
897 4044 1128 4113 reliqua.
1162 4041 1277 4096 luto
1312 4058 1442 4096 vero
1485 4056 1585 4095 nos
1618 4042 1796 4109 gentis
1839 4039 2060 4092 nomine
2108 4052 2217 4091 non
2256 4037 2539 4105 dignatur.
2585 4038 2659 4090 Eo
2704 4037 2850 4105 quod
2909 4036 3097 4092 ﬁdeles
3155 4054 3217 4093 ex
3264 4041 3523 4096 omnibus

246 4135 518 4203 gentibus
552 4135 664 4188 sint
696 4132 939 4186 collecti.
993 4134 1071 4185 Ae
1112 4141 1327 4200 gentem
1369 4145 1487 4185 eam
1519 4144 1640 4198 qum
1667 4126 1888 4182 Christo
1924 4123 2159 4179 credidit
2203 4140 2313 4177 non
2363 4139 2526 4177 unam
2560 4139 2686 4179 esse
2732 4133 2897 4194 atque
2945 4126 3260 4181 distinctam
3302 4130 3521 4184 asserit.

246 4222 403 4277 Gens
438 4221 602 4292 igitur
655 4236 751 4276 seu
789 4222 1026 4290 populus
1058 4219 1150 4273 Dei
1187 4234 1254 4273 ex
1311 4217 1723 4288 propinquitate
1784 4230 1878 4269 seu
1913 4213 2239 4283 cognatione
2296 4211 2643 4281 dogmatum,
2681 4227 2788 4267 non
2842 4229 2908 4268 ex
2966 4215 3244 4270 divisione
3278 4218 3522 4287 gentium

246 4309 512 4381 primitus
554 4309 720 4374 facta,
755 4318 840 4363 est
873 4308 1207 4362 metiendus.

319 4438 453 4492 Ὀτι
489 4437 609 4505 πῦρ
639 4436 999 4490 ἐκκέκαυται
1027 4435 1094 4488 ἐκ
1136 4433 1242 4487 τοῦ
1271 4432 1463 4502 θυμοῦ
1503 4450 1646 4502 μου.
1689 4450 1833 4485 καυ-

2014 4429 2281 4497 Quoniam
2319 4432 2456 4502 ignis
2512 4431 2767 4502 ﬂagravit
2799 4450 2825 4487 e
2878 4433 3061 4502 furore
3098 4452 3232 4499 meo,
3276 4446 3325 4489 et
3370 4453 3526 4490 exar-

248 4531 505 4598 θήσεται
536 4531 647 4597 ἕως
683 4531 831 4598 ᾅδου
860 4529 1220 4584 κατωτάτου.
1256 4528 1526 4597 Καθάπερ
1554 4529 1657 4597 ἤδη
1696 4544 1833 4599 προ-

248 4628 430 4689 εῖπεν,
474 4627 502 4677 ὁ
550 4624 681 4686 Θεὸς
712 4622 871 4693 ἡμῶν
900 4622 1035 4692 πῦρ,
1106 4620 1503 4674 καταναλίσκον
1538 4620 1666 4680 τοὺς
1703 4620 1832 4671 ἀσε-

246 4720 388 4782 6εἴς,
442 4717 865 4787 τιμωρούμενος
919 4716 1047 4779 τοὺς
1079 4712 1531 4787 ἀνθισταμένους,
1584 4712 1713 4765 ὅταν
1768 4713 1833 4763 ἐκ

244 4809 345 4881 τῆς
399 4810 601 4881 ἀνοχῆς
649 4810 743 4863 καὶ
788 4811 887 4881 τῆς
949 4806 1333 4880 μακροθυμίας
1375 4804 1701 4878 ἐπιστρέψαι
1755 4804 1831 4874 μὴ

248 4902 583 4974 βουληθῶσι.

1942 4525 2116 4577 descet
2151 4525 2218 4577 ad
2279 4528 2492 4593 inﬁmos
2534 4525 2754 4591 inferos.
2791 4524 2929 4597 [22.]
2982 4526 3123 4596 Ignis
3174 4528 3320 4581 enim
3354 4544 3520 4583 voras

1944 4614 2089 4671 Deus
2140 4628 2225 4671 est
2251 4618 2291 4673 ⁸.
2329 4615 2433 4683 Qui
2485 4617 2553 4670 ab
2593 4616 2777 4686 impiis
2825 4618 3156 4686 supplicium
3199 4620 3366 4673 sumit
3404 4606 3525 4675 cer-

1944 4707 2245 4774 tissimum,
2288 4716 2341 4762 et
2393 4708 2447 4762 in
2494 4706 2754 4762 Plutonis
2794 4707 2974 4762 forum
3018 4709 3335 4773 committit,
3381 4710 3425 4765 si
3458 4710 3526 4764 ab

1944 4801 2291 4855 indueiarum
2328 4799 2649 4853 divinarum
2690 4800 2777 4854 die
2811 4798 2879 4853 ad
2919 4815 3044 4854 eum
3105 4816 3164 4856 se
3202 4812 3524 4859 convertere

1943 4892 2240 4947 noluerint.

324 5037 343 5070 ι
388 5016 504 5071 Sibi
540 5016 675 5086 ipsis
710 5018 854 5071 enim
886 5015 1151 5085 colligunt
1184 5016 1321 5068 iram
1346 5013 1401 5068 in
1432 5013 1521 5068 die
1553 5012 1709 5067 iraa”.
1754 5030 1770 5062 ι
1806 5038 1876 5049 -
1910 5027 1927 5059 ι
1964 5004 2212 5063 lncedite
2245 5005 2416 5072 enim,
2455 5005 2655 5077 inquit,
2687 5005 2741 5060 in
2778 5006 2989 5062 lumine
3020 5006 3175 5064 faciei
3210 5020 3428 5076 vestrae,
3466 5020 3521 5067 et

248 5106 305 5162 in
335 5105 552 5160 ﬂamma
590 5119 753 5174 quam
790 5102 1159 5159 succendistis
1187 5101 1251 5155 '°.
1288 5120 1306 5152 ι

321 5239 433 5310 Τὴν
462 5237 555 5292 οὖν
600 5238 871 5291 Ἰουδαίων
896 5236 1223 5289 τελευταίαν
1252 5233 1487 5287 ἐνταῦθα
1518 5233 1831 5303 προθεσπί-

255 5329 338 5395 ζει
358 5330 657 5393 ἀπώλειαν,
686 5331 753 5402 ἢν
784 5329 880 5384 καὶ
905 5329 1220 5398 ὑπέστησαν
1243 5326 1350 5379 ὑπὸ
1378 5327 1662 5395 Ῥωμαίων
1692 5326 1830 5396 μετὰ

254 5423 349 5497 τὴν
375 5428 456 5489 είς
489 5424 724 5497 Χριστὸν
758 5422 1068 5495 παροινίαν,
1101 5421 1193 5476 καὶ
1227 5421 1324 5491 τὴν
1353 5421 1463 5474 τῶν
1494 5420 1669 5474 ὲθνῶν
1697 5421 1828 5491 κλῆ-

256 5530 356 5569 σιν.

323 5696 366 5723 ⁹⁹
398 5692 602 5748 Jerem.
640 5710 700 5754 tt,
731 5694 821 5748 27.
901 5695 917 5726 ¹
951 5692 1083 5746 ibid.
1123 5692 1210 5745 1Ι.
1289 5693 1309 5724 ⁸
1344 5688 1363 5743 1
1413 5689 1544 5744 l‘im.
1576 5706 1638 5749 tt.
1674 5689 1727 5743 4.

255 5763 277 5795 ⁸
307 5766 451 5822 Psal.
489 5780 688 5832 χχχιιι,
712 5764 801 5819 16.
913 5765 932 5795 "
966 5763 1074 5818 Tit.
1113 5778 1194 5827 ιιι,
1223 5761 1276 5817 3.

1833 5690 1853 5722 ³
1886 5693 1990 5745 lsa.
2027 5708 2068 5753 ι,
2122 5692 2210 5748 15.

1387 5763 1409 5793 ⁸
1441 5762 1594 5817 Deut.
1630 5776 1707 5825 ιχ,
1744 5760 1799 5814 5.
1877 5762 1897 5792 ⁹
1925 5761 2065 5817 Rom
2118 5780 2179 5831 tt,
2206 5764 2260 5818 5.

2011 5234 2285 5289 Caeterum
2321 5232 2377 5287 in
2405 5233 2495 5288 his
2523 5234 2710 5289 verbis
2751 5234 3123 5305 perpendatur
3147 5243 3393 5289 extrema
3426 5252 3523 5303 per

1940 5338 2154 5399 gentem
2225 5326 2532 5382 Romanam
2593 5328 2737 5383 facta
2814 5329 3143 5392 internecio,
3205 5344 3311 5399 qua
3372 5337 3518 5385 terra

1941 5422 2187 5491 ipsorum
2255 5428 2342 5476 est
2419 5430 2653 5486 vastata,
2701 5420 2869 5493 468
2917 5436 2981 5476 ac
3031 5421 3408 5486 inflammata,
3466 5432 3521 5478 et

1939 5514 2206 5568 montium
2288 5512 2684 5579 fundamenta,
2732 5529 2831 5569 seu
2907 5514 3122 5570 radices
3188 5514 3314 5585 igne
3390 5524 3521 5571 sunt

2326 5690 2346 5722 δ
2400 5691 2593 5744 Matth.
2654 5708 2781 5759 xm,
2842 5690 2929 5746 17.

3030 5693 3049 5724 ⁵
3075 5692 3217 5748 Psal.
3268 5708 3434 5762 chtt,
3458 5694 3522 5751 7.

2346 5763 2389 5793 ¹⁰
2417 5761 2521 5818 lsa.
2553 5779 2605 5829 L,
2644 5763 2727 5815 ll.
