4058 6562
612 378 716 442 967
1630 392 1649 405 μ
1955 350 2313 418 PROCOPII
2341 348 2585 411 eum
3754 341 3841 405 οδε

615 487 937 555 absumpta‘,
971 487 1025 536 ct
1055 478 1108 533 in
1141 472 1559 547 propugnacula
1595 468 2009 540 transfugarum
2056 462 2273 519 excelsa
2315 469 2371 514 et
2403 459 2613 511 munita
2647 466 2914 510 cavernas
2943 449 3073 505 item
3124 456 3178 503 et
3224 444 3455 501 latibula
3505 443 3750 498 redactae.
3792 445 3843 501 Et

616 572 734 630 haec.
769 569 991 641 quidem
1032 582 1097 621 ex
1121 565 1375 619 historia.

690 686 858 740 Porro
887 681 1024 733 alius
1060 686 1146 732 est
1177 674 1330 745 ignis
1354 673 1595 736 divinus,
1633 672 1727 742 qui
1770 684 1987 724 omnem
2020 676 2186 722 terre.
2219 645 2266 701 Α

2245 646 2266 701 λ
2357 660 2487 731 οῦῦρ
2518 660 2667 713 ἆπαν
2704 657 2762 710 τὸ
2791 652 2992 725 γεῶδες
3023 652 3229 720 γίνεται
3277 649 3562 719 φρόνημα,
3603 649 3696 701 καὶ
3739 667 3847 703 κατ-

619 784 785 833 strem
827 770 1073 839 depascit
1103 780 1330 821 sensum
1366 763 1637 827 videlicet,
1663 778 1729 815 ex
1762 775 1874 830 quo
1900 756 2185 821 scortatio,

2297 752 2467 806 εσθίει
2496 753 2620 813 τοὺς
2658 746 3104 819 προστετηκότας
3127 746 3193 812 τῇ
3220 744 3313 811 γῇ.
3339 743 3435 793 καὶ
3459 740 3531 792 τά
3561 742 3848 811 γεννήματα

617 862 972 923 adulterium,
1003 856 1433 913 simulacrorum
1466 850 1674 913 cultus,
1699 858 1753 903 et
1785 848 1886 900 alia
1914 840 2189 915 ejusmodi

2295 845 2352 897 δὲ
2374 846 2471 913 τῆς
2497 843 2622 913 γῆς,
2658 841 2940 911 πορνείαν,
2980 835 3251 907 μοιχείαν,
3280 832 3748 901 εἰδωλολατρείαν,
3774 835 3850 884 καὶ

618 962 944 1012 nascuntur.

2298 935 2369 989 τά
2410 936 2557 1005 ἑξῆς.
2592 932 2778 986 Ταῦτα
2832 930 2941 1001 γὰρ
2990 929 3089 999 τῆς
3138 928 3197 980 ἐν
3242 926 3370 996 ἡμῖν
3425 923 3535 992 γῆς
3588 923 3656 975 τὰ
3686 927 3850 995 γεννή-

2303 1040 2471 1097 ματα.

692 1131 960 1187 Montium
1011 1142 1142 1182 vero
1198 1125 1376 1179 fulcra
1428 1123 1463 1175 ii
1513 1128 1640 1175 sunt
1687 1119 1777 1188 qui
1837 1132 1959 1172 sese
2009 1125 2198 1169 contra

2373 1119 2483 1172 Καὶ
2528 1116 2592 1169 τὰ
2627 1115 2857 1184 θεμέλια
2891 1112 3000 1165 τῶν
3028 1110 3219 1181 ὀρέων,
3255 1108 3548 1180 τροπικῶς
3580 1107 3853 1177 λεγομένων

619 1224 831 1283 Christi
856 1217 1513 1293 cognitionemefferunt,
1536 1213 1825 1267 comburet
1847 1210 1990 1263 cnim
2012 1208 2198 1262 mundi

2302 1209 2474 1278 ὀρέων
2512 1206 2620 1260 τῶν
2651 1206 2745 1259 καὶ
2778 1203 3161 1274 ἐπαιρομένων
3190 1200 3334 1254 κατά
3371 1200 3476 1270 τῆς
3508 1199 3756 1267 γνώσεως
3780 1200 3853 1253 τοῦ

622 1318 789 1389 hujus
821 1288 1148 1388 principem,
1191 1327 1319 1366 cum
1351 1318 1464 1363 tota
1492 1307 1668 1377 ipsius
1701 1318 1887 1358 manu.

2304 1298 2460 1362 Θεοῦ,
2493 1295 2676 1365 φλέξει
2715 1296 2842 1357 τοὺς
2888 1292 3196 1363 θεμελίους,
3234 1288 3378 1362 [καὶ]
3418 1291 3759 1358 καταργήσει
3786 1291 3856 1343 τὸν

2304 1388 2539 1457 ἄρχοντα
2568 1384 2663 1438 τοῦ
2693 1385 2886 1446 αἰῶνος
2918 1382 3136 1449 τούτου,
3165 1382 3384 1443 καὶτὰς
3416 1381 3514 1432 ὑπ’
3542 1380 3701 1433 αὐτὸν
3726 1398 3860 1451 πονη-

2306 1478 2406 1551 ρὰς
2432 1477 2708 1546 δυνάμεις.

696 1626 1019 1699 Huiusmodi
1053 1624 1195 1680 enim
1222 1618 1476 1692 quiddam
1523 1617 1783 1673 Servator
1819 1630 2040 1685 quoque
2070 1613 2300 1681 indicat,
2338 1630 2462 1668 cum
2492 1613 2712 1684 inquit:
2746 1631 2764 1664 ι
2793 1612 2969 1668 Dicite
3004 1612 3172 1666 monti
3232 1610 3362 1665 huic
3390 1629 3404 1665 :
3443 1610 3691 1665 Amolire
3720 1618 3788 1677 te,
3810 1621 3854 1666 et

628 1720 916 1776 amolietur
945 1716 1009 1767 “.
1044 1733 1062 1766 ι

700 1854 1039 1929 Cougregabo
1055 1869 1210 1922 super
1227 1868 1315 1906 eos
1342 1850 1507 1910 mala,
1525 1859 1570 1902 et
1590 1851 1815 1917 sagittas
1835 1863 1974 1900 meas
1999 1847 2052 1901 in
2072 1846 2199 1914 ipsis

2381 1839 2630 1902 Συνάξω
2689 1840 2777 1903 εὶς
2802 1836 3026 1903 αὐτοὺς
3073 1838 3249 1903 κακὰ,
3296 1837 3395 1891 καὶ
3452 1836 3532 1889 τὰ
3576 1834 3731 1902 ,βέλη
3771 1852 3867 1902 μου

630 1927 929 2007 absumam.
960 1944 1199 2019 lxxx“,
1223 1944 1343 2015 254
1370 1942 1633 1996 Patientia
1665 1940 1758 1995 Dei
1785 1939 2079 2004 indicatur,
2103 1940 2206 1994 hoc

2313 1931 2665 1987 συντελέσω
2693 1934 2781 1996 εὶς
2823 1931 3067 1995 αὐτούς.
3099 1930 3172 1982 Τὸ
3205 1928 3615 2000 μακροθυμεῖν,
3645 1927 3867 1991 συνάγειν

633 2042 889 2112 colligere
936 2017 1077 2093 mala
1124 2043 1316 2089 contra
1370 2032 1787 2101 immorigeros,
1816 2046 1938 2099 quae
1982 2031 2202 2100 ipsimet

2266 2025 2522 2093 ιλέγεται
2575 2022 2716 2076 κατά
2754 2022 2863 2074 τῶν
2913 2021 3288 2074 ἀπειθούντων
3343 2019 3518 2074 κακά.
3579 2020 3647 2072 Ἀ
3691 2017 3868 2087 κυρίως

635 2132 935 2189 conciliant
965 2127 1057 2198 qui
1092 2141 1201 2180 non
1230 2130 1555 2194 paruerunt.
1581 2118 1773 2175 Omnis
1802 2121 1858 2173 in
1890 2119 1957 2173 iis
1987 2119 2209 2173 cuditur

2317 2115 2434 2169 καθ’
2470 2114 2677 2167 ἑαυτῶν
2706 2114 2755 2165 oi
2791 2112 2865 2182 μὴ
2896 2111 3217 2173 πεισθέντες
3250 2112 3607 2178 συνάγουσιν,
3653 2107 3765 2160 ὅλον
3793 2108 3867 2161 ἐπὶ

638 2221 892 2293 faba,qui
934 2218 1133 2273 meraci
1164 2216 1421 2286 poculum
1448 2220 1743 2278 evacuunt,
1770 2226 2043 2281 omneque
2076 2226 2209 2281 sup-

2314 2208 2460 2261 τέλει
2496 2205 2618 2259 καθ’
2658 2204 2868 2258 ἑαυτῶν
2911 2203 3269 2267 ὲκκενοῦντες
3300 2204 3363 2257 τὸ
3392 2201 3491 2255 τοῦ
3524 2202 3761 2271 ἀκράτου
3791 2216 3867 2250 πο-

640 2290 864 2390 plicium
901 2312 956 2367 in
986 2312 1094 2366 illis
1126 2308 1444 2364 insumitur.

2317 2302 2540 2371 τήριον,
2594 2298 2778 2369 πάσης
2828 2295 2915 2349 ἐπ’
2952 2297 3156 2359 αὐτοὺς
3204 2294 3479 2367 τιμωρίας
3536 2290 3866 2358 συντελουμέ-

2319 2409 2439 2463 νης.

711 2520 845 2585 Quae
872 2512 1092 2585 quidem
1128 2509 1221 2565 Dei
1244 2506 1517 2577 elegantia
1554 2505 1658 2559 tela
1688 2503 1971 2569 dicuntur,
1997 2502 2065 2559 de
2090 2504 2213 2575 qui-

2392 2503 2533 2574 Βέλη
2564 2502 2620 2555 δὲ
2654 2504 2865 2576 Κυρίου
2897 2500 3013 2575 [τὰ]
3046 2500 3184 2573 πρὸς
3234 2497 3585 2567 ἐπιστροφὴν
3632 2497 3722 2550 καὶ
3765 2511 3866 2547 παιη-

641 2605 746 2661 bus
775 2601 880 2658 Job
908 2602 1024 2655 ait:
1057 2617 1075 2650 ι
1112 2597 1239 2652 Tela
1283 2596 1428 2650 enim
1482 2594 1694 2648 Domini
1736 2594 1791 2648 in
1823 2610 2059 2664 corpore
2093 2608 2214 2649 meo

2318 2594 2468 2649 δείαν
2510 2597 2852 2665 ὲπαγόμενα,
2886 2593 3071 2656 καθὼς
3112 2592 3206 2645 καὶ
3239 2593 3267 2644 ὁ
3308 2590 3429 2643 ’1ὼὸ
3479 2590 3667 2657 λέγει·
3702 2605 3721 2638 ι
3757 2586 3867 2654 Βέλη

643 2702 803 2757 sunt,
860 2704 1096 2762 quorum
1158 2687 1339 2741 rabies
1389 2683 1709 2753 sanguinem
1770 2699 1950 2737 meum
2008 2684 2217 2737 exhau-

2322 2687 2533 2755 Κυρίου
2561 2688 2618 2738 ὲν
2644 2687 2723 2757 τῷ
2752 2686 2964 2756 σώματί
3003 2701 3104 2755 μου
3137 2683 3306 2736 εἰσίν
3339 2676 3415 2735 ὧν
3444 2684 3474 2735 ὁ
3499 2680 3674 2748 θυμὸς
3691 2677 3864 2730 ἐκπίνει

645 2788 717 2837 rit
740 2786 819 2849 ";
856 2802 874 2833 ι
905 2811 975 2822 --
1001 2797 1020 2831 ι
1047 2776 1270 2848 sanguis
1297 2774 1442 2829 enim
1476 2784 1532 2828 et
1564 2787 1693 2828 caro
1734 2772 1827 2827 Dei
1868 2773 2015 2844 regni
2045 2774 2217 2828 haere-

2328 2795 2432 2848 μου
2463 2778 2524 2831 τὸ
2558 2774 2721 2847 αἷμα.
2756 2798 2775 2830 ι
2812 2774 2965 2849 Αἷμα
2994 2778 3104 2847 γὰρ
3136 2777 3233 2829 καὶ
3276 2775 3416 2847 σὰρξ
3444 2774 3722 2846 βασιλείαν
3759 2768 3866 2823 Θεοῦ

644 2875 868 2931 ditatem
901 2885 1008 2925 non
1037 2875 1443 2935 consequentur
1467 2863 1531 2917 ⁸³.
1567 2880 1585 2913 ι
2243 2902 2246 2924 η

1306 2875 1443 2918 :ntur
1467 2863 1531 2917 “.
1567 2880 1585 2913 ι
2243 2882 2287 2938 c
2329 2868 2388 2920 οὐ
2416 2868 2908 2939 κληρονομήσουσι.

715 3000 1025 3070 Consumpti
1085 2998 1223 3067 fume
1259 3005 1309 3049 et
1348 3005 1506 3063 pastu
1542 2993 1739 3054 avium,
1772 2992 1896 3046 item
1944 3002 2156 3047 tetanus
2199 2997 2630 3056 immedicabilis.
2676 3000 2819 3073 [24.]
2872 3000 3081 3057 Bellum
3128 3007 3326 3055 contra
3389 2993 3863 3052 Nabuchodonosot

643 3102 854 3166 gestum
886 3086 1166 3159 praecessit
1212 3082 1406 3147 fames,
1448 3081 1515 3136 de
1572 3096 1679 3149 qua
1728 3081 1783 3135 in
1824 3080 2063 3139 Threuis
2118 3084 2385 3143 Jeremias
2426 3088 2644 3159 inquit:
2685 3106 2704 3140 ι
2742 3088 3080 3145 Delicicbant
3126 3103 3240 3159 pra:
3273 3087 3535 3157 lacrymis
3581 3082 3718 3139 oculi
3761 3080 3864 3137 mei.

648 3177 1024 3251 perturbatum
1064 3182 1184 3227 erat
1211 3186 1308 3225 cor
1338 3184 1542 3230 meum,
1571 3168 1805 3222 effusum
1838 3168 1891 3222 in
1926 3178 2129 3225 terram
2159 3173 2315 3241 jecur
2339 3192 2543 3242 meum,
2574 3186 2801 3248 propter
2828 3177 3353 3248 conquassationem
3386 3174 3513 3228 filiae
3546 3170 3721 3244 pepuli
3757 3167 3863 3225 moi.

647 3284 773 3324 cum
802 3264 971 3319 animi
1000 3262 1301 3331 deliquium
1336 3265 1657 3326 paterentur
1697 3256 1954 3322 infantes,
1983 3267 2038 3313 et
2077 3260 2342 3320 lactentes
2380 3266 2435 3319 in
2476 3267 2678 3336 plateis
2710 3268 2973 3333 civitatis,
3003 3267 3262 3322 dicebant
3295 3265 3574 3319 matribus
3613 3260 3755 3317 suis:
3785 3256 3861 3311 Uti

646 3362 733 3411 est
770 3352 1130 3413 frumentum,
1166 3346 1259 3402 ubi
1292 3346 1480 3399 vinum
1514 3342 1594 3396 ’⁸⁸1
1626 3362 1644 3396 ι
1684 3350 1737 3398 et
1774 3344 2008 3415 reliqua.
2044 3346 2175 3402 Orta
2209 3351 2470 3423 deinceps
2521 3371 2741 3425 quoque
2773 3363 2882 3421 ost,
2918 3370 3043 3410 cum
3079 3355 3315 3409 Romani
3348 3354 3541 3408 urbem
3572 3348 3860 3405 obsiderent.

650 3441 828 3496 fames
858 3434 1214 3509 gravissima,
1246 3433 1311 3487 de
1343 3447 1452 3501 qua
1491 3431 1779 3511 historiam
1805 3430 2082 3500 Josephus
2120 3442 2425 3497 contexuit.
2461 3442 2735 3499 Czeterum
2781 3446 2836 3499 in
2874 3444 2969 3499 tali
3004 3459 3190 3499 rerum
3241 3450 3391 3499 statu
3418 3457 3519 3498 eos
3562 3452 3764 3511 quoque
3793 3433 3863 3505 qui

650 3542 779 3584 “es
835 3524 1072 3592 θυευιιὶυ
1114 3529 1384 3576 venam"?
1413 3520 1502 3572 Vix
1536 3534 1594 3573 se
1649 3534 1837 3574 earum
1880 3521 2006 3575 cibo
2048 3533 2364 3584 sustentare
2408 3546 2569 3600 posse
2604 3541 3036 3589 consentaneum
3086 3541 3191 3588 est.
3237 3530 3513 3599 Quoniam
3542 3508 3664 3601 post
3690 3508 3862 3581 famem

649 3613 959 3686 gravissimi
991 3611 1311 3682 plerumque
1341 3606 1516 3661 morbi
1548 3607 1804 3670 veniunt,
1835 3609 1928 3678 qui
1964 3624 2064 3679 per
2094 3619 2340 3669 tetanum
2381 3617 2796 3687 εξεηίηοεηιυτ,

721 3751 902 3809 Nolim
921 3763 1050 3805 vero
1076 3760 1385 3818 repugnare
1412 3744 1457 3800 si
1483 3745 1609 3815 quis
1634 3743 1750 3798 haec
1774 3744 1842 3800 de
1866 3755 2023 3816 pastu
2051 3748 2231 3803 avium
2262 3757 2303 3813 c

2262 3757 2303 3813 C
2409 3752 2570 3808 Εἴποι
2617 3754 2663 3808 δ’
2698 3754 2765 3809 ἄν
2794 3772 2880 3818 τις
2916 3756 3011 3808 καὶ
3068 3754 3214 3808 κατά
3261 3750 3545 3822 ἀναφορὰν
3591 3748 3693 3803 τῶν
3738 3746 3787 3798 ἐν
3813 3743 3860 3809 τῇ

650 3844 803 3900 dicta
852 3851 1004 3905 sunt,
1054 3854 1123 3895 ex
1171 3837 1340 3893 rebus
1396 3836 1451 3890 in
1497 3833 1735 3907 Egypto
1783 3837 1951 3906 gestis
2006 3842 2236 3909 repetita

2337 3843 2533 3913 ἐρήμῳ
2588 3843 2841 3914 εἰρῆσθαι
2891 3844 2971 3908 τὸ,
3017 3842 3218 3913 βρώσει
3276 3842 3514 3912 ὀρνέωνο
3562 3841 3647 3893 ὅτε
3686 3831 3859 3904 περείς

652 3949 822 3996 esse.
880 3930 1099 4003 quando
1156 3928 1415 3984 videlicet
1482 3926 1537 3981 in
1603 3926 1765 3981 bilcnt
1815 3927 2236 3985 comedentibus

1815 3927 2236 3985 comedenlibus
2336 3933 2570 4004 χολέραν
2601 3935 2789 3999 αὐτοῖς
2815 3934 3125 4006 μετεϐλήθη
3160 3933 3416 4005 φαγοῦσι.

655 4039 787 4079 aves
826 4022 1247 4091 degenerarunt.

727 4111 825 4168 Est
871 4125 1001 4166 vero
1040 4117 1259 4164 tetauus
1289 4104 1597 4161 contractio
1622 4105 1996 4159 musculorum
2028 4120 2150 4176 qua:
2180 4106 2237 4160 in

2422 4110 2481 4165 '0
2516 4108 2896 4174 όπισθόντονος
2926 4109 3179 4180 σπασμὸς
3199 4108 3306 4164 τῶν
3331 4108 3388 4161 ὲν
3418 4100 3574 4178 ρἀελι
3596 4101 3699 4173 (12)
3726 4098 3857 4169 μυῶν,

656 4204 816 4274 spina
868 4210 996 4257 sunt
1030 4200 1205 4264 dorsi,
1248 4213 1370 4268 quae
1409 4204 1587 4250 totutn
1645 4210 1847 4263 corpus
1900 4204 2046 4252 retro
2095 4199 2232 4269 agit,

2339 4203 2460 4258 ὅλον
2494 4204 2574 4266 εἰς
2609 4203 2854 4256 τούπίσω
2901 4202 3080 4257 ἕλκων
3125 4201 3185 4255 τὸ
3237 4201 3417 4271 σῶμα,
3447 4200 3545 4252 xa‘t
3577 4197 3648 4260 ὡς
3687 4196 3859 4246 ἐντετα-

658 4296 994 4362 intensoque
1042 4289 1194 4346 arcui
1236 4288 1470 4343 similem
1532 4285 1713 4341 edicit.
1752 4285 2235 4345 Verumenimvero

2345 4294 2507 4363 μένον
2540 4292 2693 4358 τόξον
2727 4293 3198 4365 ἀπεργαζόμενος.
3226 4292 3349 4345 Εἰσὶ
3375 4290 3431 4343 δὲ
3453 4288 3623 4342 ταῦτα
3643 4284 3725 4339 καὶ
3746 4278 3858 4346 πάθη

660 4398 724 4441 ιιι
761 4386 1048 4441 historiam
1075 4381 1301 4436 missam
1326 4378 1619 4444 faciamus,
1653 4379 2070 4437 consideremus
2107 4384 2233 4453 qui-

2340 4384 2540 4455 ψυχῆς,
2581 4386 2681 4457 τὴν
2714 4385 2823 4439 ἀπὸ
2878 4384 2972 4438 τοῦ
3007 4384 3143 4437 Θεοῦ
3207 4381 3563 4453 ἀποστροφὴν
3607 4370 3859 4433 ἐπιδεικνύ-

661 4481 781 4536 dem
814 4478 1011 4533 famem
1052 4490 1161 4546 qua
1193 4474 1314 4543 ejus
1359 4474 1545 4541 inopia
1595 4472 1916 4527 laborarunt
1957 4474 2050 4544 qui
2080 4476 2234 4532 dice-

2340 4494 2505 4548 μενα,
2555 4477 2832 4549 μηδεμίαν
2860 4478 2938 4540 εἰς
2991 4477 3187 4539 αὐτοὺς
3231 4474 3604 4543 ὑποφαίνοντα
3640 4462 3856 4533 ιῐοι›“³ττὶρί⁷’ς

661 4575 793 4625 ret:
850 4584 869 4617 ι
907 4563 1033 4620 Haec
1084 4564 1217 4619 dicit
1267 4562 1555 4617 Dominus.
1582 4580 1601 4613 ι
1659 4560 1826 4617 Esum
1870 4580 2000 4619 vero
2036 4566 2238 4632 avium,

2338 4570 2551 4623 ἐλπίδα.
2588 4569 2766 4639 Λιμὸν
2795 4571 2894 4640 μὲν
2929 4568 3039 4641 γάρ
3078 4570 3375 4639 νοήσομεν,
3415 4565 3541 4620 καθ’
3572 4566 3627 4618 ὃν
3664 4561 3748 4614 οὐκ
3772 4554 3856 4607 ἐστι

663 4677 761 4732 per
802 4660 995 4715 inanes
1036 4671 1347 4721 sermones,
1384 4657 1550 4724 inque
1595 4670 1725 4710 aera
1756 4655 1960 4712 frustra
1999 4657 2240 4727 jactatos

2339 4664 2470 4732 παρ’
2506 4663 2691 4725 αὐτοῖς
2722 4661 2878 4729 λόγος
2945 4661 3079 4714 Θεοῦ
3101 4675 3118 4691 ⁶
3169 4660 3376 4731 βρῶσιν
3416 4658 3473 4711 δὲ
3526 4655 3733 4726 ὀρνέων,
3764 4646 3855 4705 τοὺς

661 4752 885 4823 quando
941 4765 1227 4805 sacrarum
1275 4747 1614 4803 Litterarum
1662 4749 1903 4805 studium
1960 4750 2103 4817 apud
2145 4765 2240 4804 eos

2339 4756 2532 4817 κενοὺς
2571 4754 2792 4823 λόγους,
2840 4754 2936 4807 καὶ
2970 4754 3151 4825 μάτην
3191 4754 3271 4816 εις
3316 4750 3456 4822 ἀέρα
3508 4742 3852 4814 διῖπταμένους-

665 4842 908 4908 refrixit,
939 4842 1098 4912 juxta
1150 4839 1413 4895 Davidem
1463 4840 1557 4911 qui
1591 4840 1725 4896 diclt
1756 4859 1770 4895 :
1815 4859 1834 4893 ε
1867 4840 2053 4897 Rebus
2082 4842 2239 4899 vanis

2341 4847 2415 4899 Οὐ
2452 4846 2757 4900 παύσονται
2788 4846 2895 4918 γὰρ
2939 4848 2997 4899 ὲν
3031 4844 3245 4908 τούτοις
3271 4841 3606 4915 μελετῶντες
3646 4830 3850 4909 ματαίως,

662 4932 938 4987 dederunt
986 4946 1210 5000 operam
1234 4932 1299 4985 υ.
1338 4949 1356 4983 ι
1389 4930 1659 4985 Tetanum
1704 4945 1834 4985 vero
1861 4946 1957 5001 per
1998 4930 2050 4985 id
2092 4934 2235 5003 quod

2343 4937 2419 5000 ὼς
2452 4939 2621 5006 φησιν
2651 4939 2679 4991 ό
2701 4938 2865 4991 Δαὸίδ
2884 4955 2897 4968 ο
2934 4956 2953 4989 t
2978 4936 3351 5007 Ἐμελέτησαν
3384 4932 3540 4997 κενὰ,
3572 4932 3647 4993 είς
3670 4920 3853 4979 τούπίσω

675 5026 848 5078 citato
873 5024 1041 5094 gradu
1067 5030 1358 5078 cesserunt
1396 5031 1562 5077 retro.

2280 5020 2323 5073 Β
2349 5028 2661 5100 χωροῦντες
2688 5029 3125 5101 ἀμεταστρεπτί.
3154 5048 3171 5081 ι

744 5116 940 5171 Nullus
966 5117 1115 5170 enim
1145 5114 1237 5183 qui
1274 5129 1498 5166 manum
1532 5124 1717 5167 aratro
1750 5113 2015 5179 admovit,
2038 5123 2092 5169 et
2122 5130 2378 5177 reversus
2401 5132 2504 5187 est,
2540 5122 2607 5175 ad
2638 5138 2867 5193 regnum
2902 5124 3170 5177 cmlorum
3200 5129 3363 5192 aptus
3395 5128 3481 5177 est
3506 5119 3569 5171 “.
3606 5109 3739 5181 Quod
3760 5115 3854 5160 sane

668 5212 825 5262 cum’
850 5220 991 5260 uxor
1025 5202 1126 5257 Lot
1175 5200 1513 5266 admisisset,
1546 5202 1676 5255 Salis
1712 5211 1896 5256 statua
1926 5202 2067 5258 facta
2094 5211 2200 5269 est,
2234 5221 2300 5261 eo
2335 5209 2479 5277 quod
2512 5208 2581 5262 ad
2614 5210 2816 5264 malum
2850 5210 3052 5265 reverti
3085 5209 3368 5280 gestiisset
3393 5209 3458 5263 ".

739 5293 933 5348 Dentes
959 5292 1197 5362 ferarum
1226 5289 1515 5343 inmittam
1547 5289 1599 5343 in
1623 5305 1737 5344 eos.
1770 5288 1981 5344 Mittam
2008 5295 2092 5347 vel
2131 5294 2360 5364 promisi
2392 5294 2557 5362 dixit,
2583 5307 2765 5354 uteos
2801 5297 3006 5354 iterum
3038 5278 3365 5353 admoneret
3394 5312 3583 5353 eorum
3614 5297 3661 5352 in
3678 5299 3790 5361 quos
3814 5278 3852 5331 in

744 5451 784 5484 ¹¹
814 5449 1009 5521 Matth.
1036 5463 1168 5521 xv",
1194 5445 1281 5501 l9.
1356 5441 1549 5521 ﬁlob.
1580 5460 1655 5509 vx,
1689 5442 1744 5497 4.
1825 5442 1871 5474 ⁸⁸
1903 5441 1922 5495 1
1960 5442 2088 5499 Cor.
2127 5462 2213 5510 xv,
2242 5446 2333 5504 50.

2244 5446 2333 5504 50.
2453 5448 2495 5481 “
2532 5449 2736 5508 Thren.
2771 5467 2835 5521 ιι,
2868 5452 2960 5519 Η,
2992 5451 3081 5507 12.
3198 5452 3239 5485 ⁸³
3268 5450 3417 5509 Psal.
3460 5468 3520 5518 ιι,
3555 5451 3605 5506 1.
3700 5446 3734 5478 ⁸⁸
3757 5441 3846 5494 Lue-

581 5596 585 5599 _
785 5493 1168 5577 θὲῗἻῖὸὲὶἱῖ
1199 5493 1548 5581 mea?“
1702 5493 1741 5497 ’ί
1907 5493 1921 5495 -
2129 5493 2183 5500 ~-

1917 5493 1921 5495 .
1971 5493 2087 5499 ν---ν
2129 5493 2213 5510 -πι
2243 5493 2333 5504 ννσ
2542 5493 2736 5508 ενι-υ...
2771 5493 2835 5521 ΙΙ,
2873 5493 2960 5519 ΙΙ,
2996 5493 3081 5507 .-ο
3268 5493 3417 5509 σου..
3461 5493 3519 5518 ,ι’

2182 5600 2413 5661 NOTAE.

716 5720 1571 5816 με),Βεεκεὲι,Βὶςίλμέῗξῖξ
1604 5714 2115 5816 βίὲίδ;.ίῖρὲἕὲιί-.ἱγ,
2141 5716 2253 5772 σελ·
2295 5715 2400 5777 ⁸⁷6
2433 5721 2525 5777 τοῦ
2554 5723 2588 5777 5
2611 5724 2782 5795 τόμον
2824 5724 2922 5796 τῆς
2962 5726 3045 5790 εις
3106 5726 3234 5789 τοὺς
3300 5725 3449 5782 wax.
3502 5741 3635 5797 σειρ.
3680 5719 3847 5778 me

673 5782 791 5863 λῶςί
820 5782 1051 5861 «enim?
1078 5794 1225 5849 Ἀντί
1249 5782 1352 5847 τοῦ
1376 5782 1535 5862 piis:
1557 5805 1571 5821 ·
1604 5782 1826 5859 Ὂσπερ
1841 5782 1937 5838 καὶ
1959 5782 2140 5857 ἐτέθη,
