4058 6536
134 394 249 457 969

1105 395 1644 458 COMMENTARII
1671 394 1753 455 IN
1788 392 2484 459 DEUTERONOMIUM.
3308 403 3413 466 970

133 506 386 578 Egypto
417 508 606 565 hostes
633 506 875 565 ferarum
910 525 1064 566 more
1097 511 1419 566 incursasse
1464 508 1693 564 indicat.
1723 506 1823 563 Vel
1858 519 1917 562 ut
1952 510 2045 564 Dei
2086 519 2447 580 reprzesentet
2494 509 2940 576 derelictionem,
2978 528 3085 582 qua
3118 515 3237 568 suTs
3265 514 3412 583 ipso-

134 611 264 650 rum
302 594 693 653 aﬂectionibus
717 599 975 669 permissi
1008 614 1039 652 a
1075 598 1207 653 feris
1230 597 1621 668 spiritualibus
1650 604 1782 652 sunt
1807 598 2053 668 absorpti
2086 600 2226 668 (15).

215 713 490 777 Ἕξωθεν
527 714 854 770 ἀτεκνώσει
897 714 1121 779 αὐτοὺς
1162 715 1464 783 μάχαιρα,
1506 711 1604 764 καί
1660 712 1728 764 ἐκ

1903 707 2063 764 Foris
2096 709 2300 763 arbabit
2326 726 2413 764 eos
2432 710 2665 781 gladius,
2685 711 2808 765 etin
2839 712 3194 783 penetralibus
3221 722 3407 769 terror.

135 805 263 857 τῶν
290 806 569 873 ταμιείων
596 808 803 875 φόϐος.
828 806 911 859 Τὰ
936 808 994 859 ὲν
1029 809 1093 876 τῇ
1122 805 1414 875 πολιορκίᾳ
1446 802 1730 872 συμϐάντα

138 896 288 949 κατὰ
324 898 492 968 μέρος
537 898 900 969 ἐκτραγιμδεί.
939 898 1161 969 (“Amp
1200 897 1297 951 καὶ
1337 895 1426 950 διὰ
1462 894 1729 965 Ἰερεμίου

140 992 242 1041 καὶ
277 988 543 1059 Ἰεζεκιὴλ
565 991 594 1042 ό
632 989 778 1054 θεῖος
816 990 1119 1061 διηγήσατο
1142 987 1347 1059 λόγος.)
1389 988 1452 1040 υἱ
1491 986 1591 1056 μὲν
1621 984 1731 1056 γὰρ

143 1081 351 1147 ἔξωθεν
382 1081 487 1134 ὑπὸ
524 1081 801 1151 πολεμίων
843 1082 1184 1154 βαλλόμενοι,
1220 1082 1270 1133 οἱ
1310 1080 1366 1133 δὲ
1400 1079 1550 1132 ἔνδον
1578 1078 1731 1148 φόϐῳ

143 1176 246 1228 καὶ
284 1174 425 1245 νόσῳ
452 1175 546 1228 καὶ
596 1174 742 1246 λιμῷ
776 1164 1168 1247 διεφθείροντο.
1200 1173 1336 1227 Θεοῦ
1379 1172 1437 1227 δὲ
1485 1172 1731 1243 μάχαιρα

140 1267 247 1329 τὰς
298 1266 543 1336 πονηρὰς
590 1266 822 1338 πράξεις
846 1269 1261 1337 τιμωρουμένη,
1318 1264 1396 1334 τῷ
1423 1263 1576 1334 φόϐῳ
1630 1281 1725 1316 su-

145 1355 383 1419 στέλλει,
407 1355 501 1409 καὶ
537 1355 665 1416 τοὺς
696 1354 985 1417 τίκτοντας
1017 1354 1188 1416 αὐτὰς
1223 1352 1544 1423 λογισμοὺς,
1585 1350 1727 1403 ὥστε

1836 798 2211 873 [ΧΧΧΙΙ,25.]
2250 800 2546 871 Tragicum
2568 803 2876 859 obsidionis
2904 804 3412 875 liabituntiattingit.

1836 907 1944 963 qua
2020 892 2155 947 foris
2218 894 2646 959 occubuerunt,
2708 895 2855 949 domi
2919 912 3048 949 vero
3119 897 3408 951 seditioni-

1838 986 1941 1040 bus
1999 984 2377 1040 considerant.
2439 984 2610 1040 Porro
2649 986 2746 1041 Dei
2790 987 3002 1057 gladius
3073 1004 3272 1059 pravas
3322 1006 3411 1043 ac~

1835 1076 2019 1132 tiones
2070 1091 2353 1141 resecans,
2406 1086 2551 1131 metu
2605 1078 2968 1148 cogitationes
3028 1096 3246 1150 quoque
3315 1098 3409 1137 cas

1836 1168 2228 1238 parturientes,
2259 1176 2319 1221 ut
2349 1169 2484 1222 talia
2517 1184 2621 1224 non
2664 1169 2899 1239 amplius
2934 1173 3150 1240 pariant
3188 1181 3406 1227 contra-

1835 1258 1940 1312 hit.
1994 1255 2179 1312 Sectio
2205 1258 2350 1312 enim
2397 1273 2461 1312 ea
2494 1257 2593 1314 Dei
2623 1259 2792 1314 verbo
2822 1259 2901 1324 lit,
2946 1262 3108 1331 cujus
3136 1262 3407 1332 judicium

1835 1350 1901 1405 ad
1932 1349 2295 1418 cogitationes
2324 1365 2500 1420 usque
2527 1359 2778 1421 penetrat
2802 1352 2867 1404 ’⁸.

147 1450 352 1520 μηκέτι
377 1446 604 1503 τοιαῦτα
641 1450 846 1502 τεκεῖν.
873 1450 1201 1519 Τομώτερος
1237 1449 1347 1518 γὰρ
1375 1449 1403 1500 ὁ
1440 1445 1534 1498 τοῦ
1569 1443 1707 1498 Θεοῦ
1733 1443 1916 1513 λόγος,
1949 1442 2044 1495 καὶ
2072 1443 2320 1513 κριτικὸς
2352 1443 2732 1516 ἐνθυμήσεων.

217 1540 556 1604 [νεανίσκος
587 1538 710 1592 σὺν
754 1538 1047 1607 παρθένῳ,
1092 1535 1364 1607 θηλάζων
1386 1534 1535 1607 μετὰ
1571 1538 1728 1589 καθ-

141 1632 476 1698 εστηκότος
531 1630 899 1697 πρεσϐύτου.
942 1629 1146 1700 Ἀρδην
1195 1628 1382 1691 αὐτοῖς
1431 1626 1659 1694 ὲγίνετο,
1693 1626 1727 1696 ή

141 1721 421 1783 ἀπώλεια,
451 1721 753 1791 ἐπειδήπερ
796 1722 890 1774 καὶ
942 1720 1292 1791 ὁμοθυμαδὸν
1321 1718 1420 1789 τὴν
1448 1716 1728 1788 ἁμαρτίαν

86 1834 91 1837 ’
142 1815 490 1885 εἰργάζοντο.
526 1834 544 1866 ι
570 1815 643 1868 ’Ἠ
687 1814 809 1885 οὐχὶ
842 1815 997 1885 ὁρᾷς,
1032 1813 1197 1883 φησὶν
1217 1814 1244 1865 ὁ
1274 1812 1384 1865 τῶν
1424 1811 1563 1865 ὅλων
1596 1808 1728 1869 Θεὸς

141 1908 224 1976 τῷ
247 1910 511 1980 προφήτῃ
538 1907 803 1979 Ἱερεμίᾳ,
838 1909 892 1959 τί
926 1901 1075 1961 οὗτοι
1116 1906 1363 1959 ποιοῦσιν
1388 1906 1446 1957 ἐν
1481 1905 1605 1967 ταῖς
1629 1903 1730 1956 πό·-

142 1999 298 2051 λεσιν
332 1998 507 2051 Ἰούδα
536 1997 631 2051 καὶ
675 2000 732 2051 ἐν
759 2000 882 2062 ταῖς
919 1998 1109 2060 αὐλαῖς
1140 1994 1535 2067 Ἰερουσαλήμ;
1571 2012 1590 2047 ι
1619 1993 1733 2046 Καὶ

143 2091 328 2163 ψυχὰς
364 2092 423 2145 δὲ
451 2091 551 2156 τὰς
581 2091 879 2163 διαφόρους
907 2091 1127 2162 ἡλικίας
1156 2088 1403 2161 νοητέον.

215 2350 439 2409 Εἶπονσ
470 2354 777 2423 Διασπερῶ
798 2353 1042 2419 αὐτοὺς,
1076 2352 1292 2407 παύσω
1324 2352 1392 2405 δὲ
1408 2351 1479 2417 ἐξ
1502 2351 1726 2418 ἀνθρώ-

148 2464 281 2500 πων
308 2448 374 2502 τὸ
407 2448 804 2517 μνημόσυνον
827 2447 1047 2501 αὐτῶν.
1080 2448 1478 2516 Διασπαρέντες
1498 2446 1608 2515 γὰρ
1633 2444 1727 2498 ἀπ’

148 2540 325 2609 ἄκρου
352 2540 444 2592 τοῦ
487 2539 716 2610 οὐρανοῦ
752 2541 848 2592 καὶ
881 2539 985 2601 ἕως
1033 2538 1217 2609 ἄκρων
1285 2536 1472 2599 αὐτοῦ,
1516 2537 1611 2589 καὶ
1665 2537 1729 2589 ἐκ

151 2632 338 2701 βίϐλου
401 2631 619 2695 ζώντων
681 2629 1101 2701 ἐξηλείφθησαν,
1168 2629 1364 2699 μηκέτι
1415 2627 1541 2689 λαὸς
1593 2627 1727 2680 Θεοῦ

150 2723 601 2795 χρηματίζοντες.
637 2725 750 2777 Οὐκ
781 2723 1061 2777 ἀπώλοντο
1088 2722 1145 2775 δὲ
1185 2722 1464 2785 παντελῶς
1485 2721 1618 2792 (14),
1644 2721 1729 2773 διὰ

148 2818 276 2879 τοὺς
299 2814 361 2880 ἐξ
388 2814 575 2869 ἐθνῶν.
608 2815 906 2885 Ἐπέμενον
935 2816 1045 2886 γὰρ
1070 2818 1136 2886 τῇ
1165 2814 1453 2884 δυσσεϐείᾳ
1479 2814 1613 2883 (15),
1630 2815 1729 2884 τὴν

150 2910 376 2964 ἐκείνων
397 2907 674 2963 ἀπώλειαν
706 2912 817 2973 τοῖς
860 2910 1071 2965 ἑαυτῶν
1120 2908 1263 2972 θεοῖς
1305 2909 1725 2979 ἐπιγράφοντες,

147 3002 212 3055 οὐ
242 3003 365 3064 ταῖς
391 3001 500 3055 τῶν
529 3001 882 3055 ἀπολωλότων
907 3001 1225 3072 ἁμαρτίαις.

220 3093 410 3147 Ταῦτα
446 3094 713 3161 λεγόντων
753 3095 864 3147 τῶν
912 3095 1303 3160 Βαὸυλωνίων,
1347 3094 1639 3157 ἀκούοντες
1680 3097 1728 3147 oi

148 3186 247 3239 ἐπὶ
276 3185 370 3239 τοῦ
400 3185 687 3257 Ἰερεμίου,
713 3186 899 3255 φασίν·
937 3206 953 3237 ι
978 3186 1380 3258 ᾘσχύνθημεν,
1399 3188 1481 3240 ὅτι
1501 3186 1732 3257 ἡκούσα-

151 3295 255 3348 μεν
288 3276 593 3347 ὀνειδισμὸν
624 3277 1216 3347 ήμῶν.Κατεκὰλυψεν
1239 3276 1433 3346 ἀτιμία
1461 3277 1531 3329 τὰ
1562 3276 1731 3347 πρόσ-

148 3386 277 3423 ωπα
307 3368 487 3438 ήμῶν,
508 3367 757 3438 εἰσῆλθον
782 3367 1091 3436 ἀλλογενείς
1120 3369 1200 3431 είς
1219 3368 1288 3420 τὰ
1311 3369 1442 3436 ἆγια
1463 3365 1691 3437 Κυρίου.
1706 3385 1724 3416 ι

151 3463 297 3531 Πρὸς
328 3460 419 3524 οὓς
446 3460 828 3529 ἀποκρίνεται,
849 3461 1027 3529 λέγων
1049 3476 1064 3493 ο
1097 3478 1114 3512 ι
1141 3459 1242 3513 Διὰ
1272 3460 1432 3514 τοῦτο
1464 3459 1572 3512 ἰδοὺ
1596 3459 1731 3529 ήμέ-

1905 1532 2035 1587 Ταηι
2060 1534 2307 1603 juvenem
2334 1552 2494 1605 quant
2519 1537 2793 1606 virginem,
2819 1540 3106 1592 laetantem
3139 1554 3257 1593 cum
3282 1555 3409 1595 eon-

1831 1627 2022 1681 stantis
2065 1628 2243 1681 (etatis
2301 1643 2442 1683 sene.
2500 1628 2677 1684 Simul
2727 1631 2871 1685 enim
2917 1646 3041 1685 cum
3096 1633 3405 1701 peccarint,

1829 1717 1994 1772 simul
2017 1732 2240 1788 quoque
2270 1720 2571 1788 perierunt.
2605 1720 2747 1774 Dicit
2774 1722 2919 1775 enim
2946 1721 3196 1777 Jeremia:
3222 1722 3363 1778 Deus
3392 1734 3404 1774 :

1837 1826 1857 1860 ι
1886 1808 2084 1863 Annon
2120 1809 2274 1865 vides
2335 1809 2470 1880 quid
2511 1810 2614 1879 ipsi
2654 1809 2861 1867 faciant
2896 1813 2952 1867 in
2981 1814 3212 1869 urbibus
3243 1813 3403 1876 Juda,

1830 1908 1885 1956 et
1916 1900 1971 1954 in
2015 1900 2159 1955 aulis
2196 1899 2512 1957 Jerusalem
2549 1902 2646 1955 lilii
2685 1902 2805 1973 ejus
2841 1904 2981 1973 ligna
3024 1906 3290 1976 colligunt
3323 1906 3406 1975 (cl.

1829 2000 2014 2063 patres
2070 1992 2314 2063 ipsorum
2355 1994 2533 2062 ignem
2582 1994 2924 2061 accendunt,
2966 2011 3165 2051 uxores
3219 2006 3402 2051 autem

1828 2084 2065 2139 farinam
2114 2099 2251 2154 aqua
2290 2099 2645 2156 conspersam
2703 2086 2988 2157 subigunt,
3020 2098 3079 2142 ut
3126 2090 3405 2156 placentas

1762 2197 1804 2252 Β
1834 2178 2034 2231 faciant
2072 2176 2343 2231 machinae
2382 2177 2770 2246 caelorum").
2799 2197 2817 2229 ι
2854 2178 3173 2235 Animarum
3208 2197 3404 2235 serun-

1829 2269 1958 2323 dum
1989 2276 2203 2322 aetatem
2234 2268 2583 2324 diversitates
2611 2270 3053 2325 consideremus.

1899 2358 2062 2412 Dixi:
2084 2358 2391 2429 Dispergam
2429 2377 2537 2425 eos,
2566 2370 2617 2416 et
2646 2361 2825 2416 delebo
2867 2377 2933 2416 ea:
2965 2363 3267 2417 hominibus
3298 2381 3405 2417 me-

1828 2451 2054 2504 moriam
2080 2467 2284 2505 eorum.
2313 2450 2450 2523 [26.]
2488 2451 2732 2523 Dispersi
2783 2452 2929 2507 enim
2967 2470 2997 2508 e
3058 2456 3195 2508 libro
3240 2456 3407 2527 469

1828 2543 2124 2597 viventium
2160 2552 2291 2598 sunt
2330 2545 2613 2613 expuncti,
2649 2559 2753 2599 nec
2781 2546 3015 2614 amplius
3048 2544 3139 2601 Dei
3172 2551 3406 2618 populus

1832 2642 2237 2704 nuncupantur.
2272 2634 2391 2689 Non
2423 2634 2670 2690 funditus
2700 2651 2831 2691 vero
2854 2638 3150 2706 perierunt,
3183 2650 3408 2710 propter

1831 2727 2081 2796 gentiles.
2122 2728 2178 2780 In
2220 2727 2500 2796 impietate
2541 2729 2685 2781 enim
2727 2743 2825 2782 sua
2870 2732 3325 2797 permansisseut,
3352 2741 3406 2788 ct

1831 2834 2019 2873 eorum
2069 2819 2501 2874 internecionem
2531 2818 2637 2874 diis
2665 2821 2800 2885 suis,
2852 2836 2961 2875 non
2992 2821 3235 2892 ipsorum
3276 2838 3398 2894 pic»

1832 2912 1971 2967 catis
1998 2919 2284 2982 acceptum
2310 2912 2656 2968 retulissent.

1900 3086 2249 3156 Quapropter
2311 3086 2629 3158 huiusmodi
2678 3087 3025 3158 iactantibus
3090 3090 3409 3164 Babyloniis

1831 3194 1955 3232 cum
1979 3178 2151 3247 Iniqui
2175 3193 2302 3232 cum
2331 3177 2568 3233 Jeremia
2591 3188 2775 3245 erant,
2794 3181 3405 3253 audissent,inquiunt:

1839 3287 1855 3318 ι
1887 3266 2157 3333 Quoniam
2185 3268 2456 3324 dedecore
2484 3272 2723 3341 correpti
2754 3288 2977 3341 sumus,
3011 3277 3271 3345 quoniam
3304 3294 3407 3331 nn-

1831 3368 2009 3413 strum
2046 3360 2308 3428 probrum
2339 3361 2673 3428 audivimus,
2716 3364 2914 3419 facient
2947 3373 3192 3421 nostram
3230 3371 3410 3438 pudor

1832 3451 2062 3506 obtexit.
2114 3449 2362 3508 Grassati
2408 3464 2541 3509 sunt
2588 3456 2913 3527 alienigenae
2965 3459 3019 3513 in
3084 3464 3407 3517 sanctuario

149 3568 248 3624 ραι
290 3552 562 3624 ἔρχονται,
602 3552 748 3621 λέγει
786 3552 1023 3623 Κύριος,
1067 3553 1163 3605 καὶ
1203 3551 1481 3622 ἐκδικήσω
1519 3552 1613 3604 ἐπὶ
1659 3551 1728 3605 τὰ

1836 3542 2049 3599 Domini
2065 3546 2133 3599 ".
2164 3563 2184 3596 ι
2218 3544 2431 3611 Quibus
2456 3547 2761 3616 respondit,
2796 3562 2860 3603 ac
2889 3548 3064 3606 dicit:
3099 3570 3117 3602 ι
3149 3551 3402 3622 Propter-

148 3644 369 3712 γλυπτὰ
395 3645 581 3715 αὐτῆς.
620 3663 637 3694 ι
670 3645 770 3697 Διὰ
800 3644 975 3697 ταῦτα
1004 3645 1204 3709 τοίνυν,
1232 3646 1326 3697 κιιύ⁴
1353 3644 1443 3697 διὰ
1462 3643 1560 3713 τὴν
1588 3644 1724 3714 πρὸς

149 3736 277 3798 τοὺς
308 3735 550 3806 πατέρας
582 3736 765 3789 αὐτῶν
800 3736 1068 3808 διαθήκην
1099 3738 1161 3789 οὐ
1190 3722 1392 3798 πάντες
1420 3735 1722 3790 ἀπώλοντο.

151 3825 267 3878 Καὶ
305 3824 499 3878 Γολιὰθ
540 3825 597 3878 δὲ
647 3825 1003 3898 παρεμϐολὴν
1031 3825 1299 3889 ὀνειδίσας
1332 3826 1537 3889 ζῶντος
1568 3825 1727 3884 Θεοῦ.

147 3919 310 3987 δίκην
357 3918 517 3981 κυνὸς
563 3919 669 3973 ὑπὸ
716 3919 1002 3991 μειρακίου
1041 3919 1383 3990 διέφθαρται.
1426 3918 1726 3988 Εὺηγγελί-

146 4009 305 4073 ζοντο
337 4009 395 4063 δὲ
436 4011 528 4064 καὶ
553 4011 843 4082 ἀλλόφυλοι
877 4012 1246 4067 τδνήθάνατον
1284 4012 1379 4065 τοῦ
1420 4011 1592 4065 Σαοὺλ
1614 4012 1730 4073 τοῖς

144 4100 390 4166 εἰδώλοις
415 4103 617 4159 αὐτῶν.

219 4364 346 4416 Ὅτι
374 4372 551 4431 θυνος
576 4366 964 4434 ἀπωλολεκὸς
990 4369 1232 4433 βουλήν
1261 4369 1391 4422 ἐστι
1416 4408 1432 4434 ,
1473 4368 1573 4423 καὶ
1616 4370 1728 4423 οὐκ

143 4453 324 4505 ἐστιν
346 4452 417 4504 ἐν
443 4454 645 4520 αὐτοῖς
677 4456 993 4525 ἐπιστήμη.
1011 4457 1175 4512 Θείαν
1197 4458 1305 4528 γὰρ
1329 4455 1493 4512 οὖσαν
1515 4458 1729 4512 ἀπώλε-

223 4609 267 4639 ¹⁸
307 4606 477 4665 llebr.
513 4626 584 4675 Iv,
624 4610 709 4667 1‘2.

1832 3651 1896 3691 ea
1928 3650 2060 3692 ecce
2088 3636 2209 3692 dies
2240 3637 2494 3700 veniunt.
2530 3638 2711 3708 inquit
2741 3640 3025 3704 Dominus,
3055 3652 3111 3697 et
3143 3644 3406 3701 ultionem

1832 3743 2049 3783 sumam
2077 3728 2146 3785 de
2176 3729 2529 3799 sculptilibus
2561 3730 2768 3801 eius".
2795 3751 2812 3783 ι
2850 3732 2924 3786 Ea
2956 3746 3184 3804 propter
3217 3736 3405 3807 igitur,

1830 3827 1886 3873 et
1926 3818 2105 3874 fmdus
2158 3834 2283 3874 cum
2336 3821 2587 3891 patribus
2632 3824 2931 3891 sancitum,
2959 3841 3066 3879 non
3122 3830 3409 3897 perierunt

1830 3926 2045 3967 omnes.
2075 3912 2200 3981 Ipse
2242 3924 2461 3983 quoque
2490 3913 2707 3969 Goliath
2738 3930 2863 3970 cum
2902 3918 3100 3987 probra
3142 3919 3194 3973 in
3223 3928 3404 3976 castra

1832 4002 1925 4058 Dei
1944 4003 2182 4060 viventis
2203 4004 2496 4074 iactasset,
2523 4007 2679 4061 canis
2707 4007 2887 4063 instar
2905 4008 2974 4063 ab
2991 4010 3406 4068 adolescentulo

1831 4095 2144 4151 trucidatus
2185 4106 2291 4153 est.
2328 4098 2503 4153 Porro
2533 4098 2809 4155 Palaestini
2844 4116 3064 4172 quoque
3094 4104 3406 4161 simulacris

1832 4187 1951 4242 suis
1981 4195 2214 4243 mortem
2249 4188 2431 4245 Saulis
2463 4178 2663 4261 magna
2704 4207 2839 4247 cum
2878 4192 3064 4248 laetitia
3106 4198 3409 4252 annuntia-

1827 4278 1984 4332 bant.

1899 4367 2165 4433 Quoniam
2191 4388 2313 4440 gens
2340 4382 2416 4425 est
2448 4390 2565 4441 qua:
2601 4374 2828 4441 perdidit
2867 4377 3169 4441 consilium,
3208 4394 3299 4431 nec
3329 4389 3404 4431 est

1826 4458 1899 4512 eis
1922 4460 2271 4529 intelligentia
2294 4464 2493 4534 aliqua.
2534 4463 2687 4536 [28.]
2726 4465 3028 4521 Consilium
3071 4469 3214 4521 enim
3260 4466 3405 4536 quod

788 4613 830 4643 ¹⁹
860 4609 1061 4667 Jcrem.
1098 4628 1194 4676 vn,
1229 4612 1318 4667 17.
1396 4613 1441 4645 ²⁰
1479 4612 1678 4669 Jerem.
1722 4629 1800 4677 LI,
1829 4615 1919 4670 5|.
1998 4618 2040 4647 ²¹
2087 4617 2224 4672 ibid.
2264 4618 2353 4672 52.

1620 4765 1853 4824 NOTIE.

214 4903 333 4985 (15)
363 4902 567 4985 (Ξαιεηιι
601 4903 909 4985 Lipsiensis
947 4904 1306 4985 sub_nomine
1358 4904 1545 4985 incerti
1565 4976 1577 4985 _
1601 4904 1715 4985 haec

1829 4901 2085 4985 διδόμενοι
2154 4904 2382 4961 πάθεσιν
2435 4907 2541 4960 ὑπὸ
2602 4907 2711 4961 τῶν
2769 4905 2976 4981 θηρίων
3025 4907 3138 4964 τῶν
3194 4911 3401 4985 νοητῶν

143 4975 348 5027 habet:
386 4973 482 5036 Τὸ,
519 4974 822 5036 ἀποστελῶ,
849 4973 970 5026 ἀντὶ
998 4974 1114 5033 τοῦ.
1158 4974 1456 5026 ἀπέστειλα
1492 4992 1506 5004 ·

140 5046 295 5113 ὕφεις
341 5044 529 5106 αὐτοῖς
573 5043 869 5097 ἐπέστειλε
898 5042 1261 5105 θανατοῦντας
1291 5045 1356 5114 *ἐν
1380 5047 1447 5114 τῇ
1501 5042 1716 5114 ἐρήμῳ.

1554 4974 1716 5043 ήνὶκα
1818 4991 1959 5031 κατη
1968 4975 2029 5028 σθ
2039 4976 2198 5029 ίοντο.

1875 5044 1987 5121 ρει)
2018 5046 2325 5121 ῌαντελῶς.
2372 5046 2623 5121 ξΕκόιτερ.
2656 5047 2764 5121 τῶν
2793 5050 3022 5121 ήμετέρ.
3057 5050 3251 5105 κωδίκ.
3293 5057 3391 5108 καὶ

139 5112 504 5195 Θηρίαλιτοὺς
531 5114 796 5195 πολέμους
813 5114 1054 5195 νοητέρν,
1089 5114 1249 5195 δίκην
1282 5112 1489 5193 θηρίων
1521 5112 1718 5195 αὐτοῦς
1872 5112 2207 5195 ῐίροκόππὲν
2235 5116 2315 5187 τῷ
2337 5118 2437 5189 τῆς
2466 5112 2605 5187 Abf.
2635 5117 2764 5172 κὼδ.
2786 5112 2897 5173 δ”δὲ
2926 5112 3115 5192 είρημ.
3154 5122 3207 5176 5.
3254 5124 3392 5195 Τὸμ.

140 5182 554 5245 κατεσθίοντας,
589 5185 683 5254 καὶ
714 5184 997 5254 μονονουχὶ
1034 5185 1146 5245 τοῖς
1191 5182 1372 5235 ὀδοῦσι
1427 5184 1722 5238 καταναλί-

142 5270 397 5315 σκοντας,
423 5253 694 5324 πονηρούς
718 5271 776 5306 τε
809 5254 968 5316 ὄντας
990 5255 1047 5305 ἐν
1080 5256 1145 5321 τῇ
1171 5253 1365 5324 ἐρήμῳ
1382 5297 1396 5324 ,
1428 5254 1537 5324 καὶἈ
1556 5254 1722 5324 μηδὲν

140 5326 218 5385 εἰς
246 5325 452 5384 αὐτοὺς
479 5322 685 5393 ἥμερον
703 5324 1173 5393 ἐπιδεικνυμένους
1207 5322 1221 5353 ³
1259 5323 1309 5375 οἶ
1456 5322 1565 5376 τοῦ
1585 5322 1717 5376 Θεοῦ

139 5394 475 5460 παριστᾶσιν
505 5393 886 5463 ὲγκατάλειψιν
924 5392 1020 5465 (ι).
1052 5394 1174 5458 Τοῖς
1203 5392 1413 5448 ἑαυτῶν
1441 5394 1497 5446 δὲ
1541 5410 1718 5459 παρα-

1821 5184 2044 5255 ρᾳύίως.

1887 5254 2005 5333 (ίὸχ
2033 5256 2297 5327 Ἐμελλον
2327 5257 2437 5328 γὰρ
2481 5257 2772 5331 δυσσεὸεία
2827 5259 3212 5331 μεγαλαυχεῖν,
3273 5263 3392 5333 τὴν,

1259 5323 1309 5375 οἶ
1340 5323 1439 5394 τὴν
1456 5323 1550 5376 τοῦ
1585 5323 1721 5376 Θεοῦ
1822 5340 1912 5379 κτ.
1945 5325 2065 5381 αὐτ.

197 5533 273 5606 (ι)
343 5531 458 5606 'Ev_
482 5529 689 5606 atrae
843 5530 993 5606 τόμῳ
1051 5530 1170 5606 τῆς.
1206 5532 1291 5606 είς
1328 5531 1453 5594 τοὺς
1478 5529 1620 5583 Ψαλ.
1641 5529 1965 5606 ’σειρε-(σελ.
1987 5532 2110 5596 876,
2141 5532 2505 5606 877.)ὄτιτήν
2545 5532 2638 5587 τοῦ
2667 5532 2797 5606 Θεοῦ
2856 5534 3160 5602 παρουσίαν
3201 5539 3399 5606 ἐγκατ-

135 5600 539 5686 έλειιῖκαν..Τοῖς
585 5602 795 5686 ἐαηυτῶν
833 5603 939 5686 γοὰρ
965 5600 1466 5686 ζπαραδιδόμενοιη
1493 5619 1577 5686 κτ.
1630 5600 1743 5686 δ’δὲ
1782 5600 2086 5686 Ιξροκόπιος
2148 5607 2227 5686 (ἐν
2361 5600 2475 5686 “sic:
2498 5606 2632 5686 A337.
2906 5600 3078 5686 alith
3108 5624 3122 5637 ·

3182 5608 3400 5676 ὀδόντας

136 5670 673 5750 θηρῐιονῌάποσρτελῶ
708 5670 1011 5750 είς-αὺτούς
1034 5688 1050 5705 ο
1078 5671 1109 5741 ἢ
1152 5670 1272 5750 avsi.
1309 5672 1403 5725 τοῦ
1436 5670 1766 5750 ᾴπέστειλοί
1800 5670 1885 5750 ἵνα
1917 5673 2078 5750 ⁸τεόιλιν
2106 5670 2231 5750 τοὺς
2264 5670 2321 5727 ἐν
2460 5670 2650 5750 ἐρήμῳ
2683 5670 3078 5750 δηλώσηηὲνῇ
3111 5670 3402 5747 πολεμίους

134 5740 308 5825 δηλοῖ,
337 5743 493 5811 δίκην
522 5741 728 5813 θηρίων
758 5743 941 5806 αὐτοῖς
985 5740 1464 5813 ἐπιτρέχοντας’ῆ
1527 5740 1625 5813 τὴν
1675 5740 1768 5794 τοῦ
1821 5740 1957 5795 Θεοῦ
2022 5745 2352 5817 παρίστησιν
2403 5740 2827 5816 ἐγκατάλειψιν,
2872 5740 2951 5800 ’δι’
2999 5740 3078 5815 ἦν’
3112 5740 3403 5813 τοῖς’ἑαυί

134 5832 260 5881 των,
293 5831 385 5867 κτ.

430 5912 705 5971 Parnm"
738 5910 857 5972 Gs.
896 5911 1063 5973 LXX
1076 5912 1274 5975 XVII.

2964 5914 3034 5977 31
