4058 6512
659 378 759 443 971

2001 360 2353 422 PROCOPII
2388 357 2632 420 sum
3793 357 3875 421 tm

658 497 782 562 Dei,
823 500 943 550 erat
967 532 981 557 ,
1018 486 1392 560 perdiderunt.
1447 483 1520 537 De
1556 496 1665 553 quo
1696 479 1862 534 David
1899 480 2111 549 psalmo
2156 493 2239 533 sc~

2358 493 2445 529 ταν
2475 474 2572 545 τὴν
2602 472 2821 543 βουλήν.
2860 471 2995 541 Περὶ
3023 464 3088 542 ἦς
3114 468 3278 521 Δαϐὶδ
3304 470 3364 521 ἐν
3391 468 3467 539 οβ’
3499 467 3689 537 ψαλμῷ
3714 484 3875 537 φησιν’

662 586 1003 661 ptuagesimo
1054 579 1302 638 secundo
1351 577 1529 646 inquit
1569 592 1582 628 :
1637 593 1654 625 1
1688 574 1937 628 Tenuisti
1995 572 2242 626 dextram

664 694 840 735 meam
878 689 1126 735 manum,
1162 679 1218 727 et
1263 669 1499 724 consilio
1547 677 1641 721 tuo
1694 664 1969 719 deduxisti
2016 663 2181 716 me".
2220 679 2237 711 1

661 774 738 828 De
774 772 876 825 hoc
926 767 1098 822 lsaias
1130 762 1312 833 inquit
1348 780 1362 815 :
1400 779 1418 811 1
1450 759 1513 813 Et
1546 756 1725 827 magni
1759 754 1976 810 consilii
2015 754 2244 823 angelus

662 882 757 920 seu
809 862 1040 916 nuntius
1074 853 1445 912 vocabitur".
1480 851 1587 905 1111
1645 851 1766 920 ipso
1816 847 1962 902 enim
2012 846 2245 915 spiritus

659 954 880 1011 consilii
908 959 1024 1007 erat
1049 958 1104 1004 et
1134 946 1357 1002 virtutis
1378 945 1443 1010 “,
1482 956 1645 1012 quam
1682 939 2041 1010 perdiderunt
2071 937 2248 991 lsrae-

662 1051 791 1111 litae,
826 1040 1291 1117 quemadmodum
1325 1048 1380 1093 et
1407 1035 1714 1092 scientiam.
1742 1032 1816 1086 De
1847 1047 1950 1100 qua
1984 1029 2244 1083 Solomon

663 1140 842 1210 inquit
879 1155 892 1191 :
933 1155 951 1187 1
982 1134 1260 1201 luterpres
1307 1130 1453 1184 enim
1497 1124 1740 1180 scientiae
1786 1122 1987 1176 divina:
2021 1122 2187 1175 est“.
2223 1137 2240 1170 1

664 1235 1023 1301 lnterpretem
1078 1240 1211 1281 vero
1259 1221 1588 1292 sapientiam
1621 1223 1800 1271 vocat.
1829 1214 1934 1269 Job
1963 1215 2091 1268 item
2126 1227 2245 1266 eam

663 1323 970 1379 admiratus
995 1317 1210 1387 inquit:
1235 1334 1252 1365 1
1274 1314 1408 1379 Quis
1432 1326 1562 1366 vero
1586 1312 1739 1364 locus
1770 1315 1853 1363 est
1878 1305 2124 1361 scientiac
2142 1304 2206 1356 ’⁸.
2223 1320 2240 1353 1

663 1419 741 1470 Ac
767 1430 835 1469 ne
859 1414 1002 1467 hanc
1028 1409 1247 1480 quidem
1276 1405 1541 1461 Israelita:
1572 1403 1907 1462 habuerunt,
1942 1413 2065 1451 cum
2093 1395 2248 1449 Chri-

669 1518 818 1563 stum
845 1504 1028 1558 Patris
1055 1500 1383 1571 sapientiam
1417 1512 1525 1550 non
1560 1493 1941 1562 recepissent,
1977 1496 2030 1541 et
2063 1489 2248 1541 consi-

666 1599 801 1652 lium
830 1592 1126 1655 Altissimi,
1155 1587 1298 1659 apud
1326 1602 1487 1657 quem
1525 1582 1865 1654 cognitionis
1894 1577 2163 1643 thesauri,
2197 1585 2250 1631 et

664 1689 910 1744 omnimn
943 1697 1125 1739 rerum
1166 1677 1476 1735 scientia".

739 1778 787 1837 0
809 1780 858 1835 si
882 1784 1123 1844 saperent
1154 1770 1601 1839 intelligerentque
1641 1766 1769 1829 hoc,
1804 1765 2250 1832 expenderentque

2354 590 2369 621 1
2394 567 2741 638 Ἐκράτησας
2773 567 2871 633 τῆς
2898 565 3082 635 χειρὸς
3122 563 3221 632 τῆς
3267 562 3452 625 δεξιᾶς
3486 579 3617 630 μου,
3646 560 3731 613 καὶ
3760 564 3806 613 ἐν
3826 568 3877 635 τῇ

2348 658 2513 727 βουλῇ
2563 672 2657 707 σου
2707 654 2997 724 ὠδήγησὰς
3042 670 3130 722 με.
3176 672 3194 703 1
3261 652 3398 723 Περὶ
3454 650 3657 719 ταύτης
3700 651 3879 715 Ἦσαῖας

2348 750 2518 819 φησί’
2536 768 2552 800 1
2578 748 2688 801 Καὶ
2715 746 2962 799 καλεῖται
2992 744 3231 813 μεγάλης
3259 743 3451 813 βουλῆς
3479 741 3772 808 Ἀγγελος.1
3792 743 3880 795 Ἐπ’

2346 842 2498 913 αὐτῷ
2527 841 2636 912 γὰρ
2666 836 2735 911 ἦν
2764 838 2987 909 πνεῦμα
3020 837 3213 909 βουλῆς
3239 836 3337 889 καὶ
3367 835 3679 905 ἱσχύο;.Ἦν
3708 836 3878 887 ἀπώλε-

2349 950 2449 986 σαν
2480 934 2528 984 oi
2564 931 2621 997 ἐξ
2664 930 2916 1002 Ἰσραὴλ,
2946 930 3021 991 ὡς
3060 928 3158 981 καὶ
3187 927 3286 997 τὴν
3314 928 3650 996 ἐπιστήμην.
3688 926 3802 995 Περὶ
3834 923 3882 995 ἧς

2348 1040 2488 1092 φησι
2522 1020 2798 1092 Σολομὼν,
2834 1040 2851 1072 1
2880 1018 3092 1082 Μύστις
3127 1020 3237 1088 γάρ
3268 1019 3381 1070 ἐστι
3405 1017 3507 1087 τῆς
3536 1016 3628 1068 τοῦ
3656 1015 3775 1067 Θεοῦ
3795 1018 3885 1067 ἐπι·

2352 1116 2590 1184 στήμης.
2620 1131 2637 1163 1
2683 1111 2898 1166 Μύστιν
2937 1110 2997 1163 δέ
3034 1127 3170 1180 φησι
3203 1109 3300 1179 τὴν
3334 1108 3552 1176 σοφίαν.
3594 1107 3696 1159 Καὶ
3729 1106 3823 1158 Ἰὼϐ
3845 1107 3884 1157 6‘:

2348 1206 2554 1275 ταύτην
2600 1203 3032 1272 ἀποθαυμάσας,
3058 1201 3232 1270 φησί·
3279 1220 3296 1251 1
3335 1203 3493 1263 Ποῖος
3540 1200 3598 1251 δὲ
3634 1197 3776 1259 τόπος
3803 1201 3887 1250 ἐστὶ

2348 1299 2449 1368 τῆς
2478 1299 2829 1369 ἐπιστήμης;
2866 1315 2884 1347 1
2933 1296 3070 1349 Ούδὲ
3100 1294 3306 1364 ταύτην
3344 1288 3495 1363 εἶχον
3535 1292 3586 1343 oi
3616 1290 3671 1355 ἐξ
3702 1291 3886 1361 Ἰσραὴλ

2355 1393 2430 1463 μὴ
2463 1390 2904 1462 παραδεξάμενοι
2950 1387 3213 1458 Χριστὸν,
3257 1386 3393 1440 Θεοῦ
3443 1386 3657 1453 σοφίαν,
3699 1385 3780 1435 καὶ
3818 1388 3889 1448 fry

2355 1481 2551 1552 βουλὴν
2581 1480 2677 1533 τοῦ
2711 1480 2991 1548 Ὑψίστου,
3022 1477 3156 1548 παρ’
3185 1471 3227 1545 ᾧ
3256 1477 3355 1546 τῆς
3384 1475 3641 1543 γνώσεως
3667 1475 3711 1526 oi
3734 1472 3892 1542 θησαυ-

2356 1576 2465 1645 ροὶ,
2500 1574 2595 1627 καὶ
2624 1572 2733 1626 τῶν
2765 1572 2939 1626 ὄντων
2972 1573 3003 1640 ἡ
3040 1572 3343 1639 ἐπιστήμη.

2430 1774 2551 1826 Οὐκ
2605 1771 2955 1838 ἐφρόνησαν
2999 1766 3312 1820 συνιέναι·
3371 1763 3563 1815 ταῦτα
3618 1761 3895 1823 κατιιδεξιί·

664 1871 790 1943 quid
810 1867 1019 1923 tandem
1035 1866 1272 1934 futurum
1291 1864 1357 1915 sit
1376 1862 1633 1929 ipsis,etc.
1651 1852 2254 1929 [XXXII,29.]tAquilas

2358 1868 2607 1919 σθωσαν
2651 1864 2739 1925 εὶς
2784 1861 2890 1913 τὸν
2932 1859 3180 1911 ἐπιόντα
3229 1859 3473 1925 χρόνον.
3515 1853 3736 1917 Ἀκύλας
3764 1853 3897 1917 οὓτως

669 1966 751 2018 sic
784 1960 1038 2031 exposuit
1066 1975 1077 2011 :
1108 1955 1232 2010 Non
1263 1963 1340 2008 est
1368 1954 1419 2007 in
1447 1954 1520 2006 eis
1551 1968 1757 2015 sensus,
1789 1950 1993 2002 utinam
2020 1947 2245 1999 circum-

666 2057 805 2111 uenti
845 2053 1083 2107 oratione
1113 2056 1380 2109 essent,ut
1415 2043 1697 2097 consilium
1720 2040 1854 2094 illud
1874 2037 2247 2107 intelligerent.

668 2146 1007 2202 Erudiantur
1035 2152 1271 2197 extrema
1314 2147 1470 2192 (etate
1512 2152 1629 2188 sua.
1665 2134 1963 2201 Postquam
2000 2130 2144 2184 enim
2188 2142 2251 2180 ca

667 2258 792 2316 quae
818 2242 929 2297 illis
959 2239 1105 2294 dicta
1138 2245 1290 2299 sunt,
1327 2232 1637 2302 intelligere
1690 2229 2026 2289 noluerunt,
2074 2234 2254 2278 extre-

667 2314 773 2392 mis
804 2331 1147 2403 temporibus
1179 2328 1434 2399 gentibus
1458 2324 1689 2385 vocatis,
1719 2320 1963 2388 ipsisque
1991 2314 2252 2385 repudia-

672 2430 779 2491 tis,
825 2423 1242 2492 comperientur
1273 2459 1288 2481 ,
1329 2432 1395 2470 eo
1441 2413 1587 2485 quod
1638 2412 1864 2466 Christo
1909 2407 2156 2465 scientiae
2198 2412 2254 2460 ct

667 2519 904 2575 consilio
938 2513 1117 2567 Patris
1152 2510 1312 2563 tidem
1347 2508 1716 2575 deuegarunt.

744 2605 1019 2676 Quomodo
1051 2608 1446 2671 persequeretur
1488 2613 1623 2650 unus
1660 2595 1853 2649 mille?
1889 2590 2023 2664 [50.]
2064 2589 2253 2643 Divina

669 2703 821 2761 enim
882 2696 1230 2771 protectione
1278 2690 1563 2754 denudati,
1594 2698 1705 2742 tam
1756 2688 1827 2741 ab
1880 2701 1989 2739 uno
2019 2698 2183 2753 quam
2222 2698 2253 2734 a

672 2794 863 2851 multis
898 2793 954 2846 in
996 2791 1180 2857 fugam
1214 2786 1325 2840 acti
1354 2791 1507 2840 sunt.
1545 2782 1704 2849 Quod
1739 2796 1769 2836 e
1801 2780 2021 2835 diverso
2074 2776 2255 2830 fuerat

674 2889 719 2945 si
754 2886 946 2958 pietati
981 2881 1388 2937 incubuissent.
1427 2876 1583 2931 Dictu
1624 2874 1769 2929 enim
1816 2868 2137 2926 incredibile.
2171 2875 2254 2922 est

672 2985 1022 3051 quantopere
1042 2969 1317 3026 Palicstini
1343 2982 1573 3023 suorum
1602 2965 2028 3020 simulacrorum
2057 2972 2161 3028 ope
2190 2970 2256 3012 ac

675 3045 921 3136 patentia
949 3076 1045 3116 eos
1073 3057 1398 3129 presserint.
1441 3053 1603 3108 Nulla
1634 3054 1780 3108 enim
1811 3047 2117 3107 similitudo
2147 3045 2256 3101 Deo

678 3156 972 3227 respondet
1007 3162 1222 3213 nostro,
1254 3149 1506 3218 adeoque
1552 3146 1746 3202 vesani
1784 3145 1820 3199 ii
1864 3150 1994 3199 sunt
2026 3141 2120 3210 qui
2159 3152 2256 3194 eas

675 3252 862 3306 colunt
892 3268 907 3305 :
943 3266 962 3301 1
992 3249 1056 3302 Ει
1094 3247 1241 3315 ligno
1280 3243 1487 3299 :Pater
1525 3256 1681 3297 meus
1713 3255 1773 3296 es
1800 3247 1896 3307 tu;
1943 3247 1997 3293 et
2041 3235 2206 3305 lapidi
2240 3251 2255 3288 :

677 3345 760 3399 Tu
812 3358 899 3398 me
932 3340 1171 3413 genuisti
1190 3339 1260 3404 ’⁸,
1296 3356 1314 3389 1
1371 3336 1585 3390 dicunt.
1636 3332 1859 3388 Possem
1908 3344 2039 3385 vero
2095 3328 2259 3383 etiam

677 3437 944 3491 victorias
970 3433 1349 3489 lsraelitarum
1383 3429 1475 3500 qui
1510 3428 1641 3482 olim
1676 3427 1936 3497 pietatem
1981 3422 2259 3485 colebant,

678 3539 1149 3588 commemorare,
1181 3536 1321 3591 quas
1374 3530 1752 3589 saepenumero
1804 3514 1942 3568 citra
1986 3511 2261 3582 pulverem

680 3625 1034 3689 pepererunt.

755 3709 1022 3775 Quoniam
1062 3706 1126 3760 de
1164 3705 1315 3759 tinea
1344 3702 1694 3759 Sodomorum
1728 3701 1847 3754 vitis
1874 3713 2078 3753 eorum.
2108 3691 2259 3767 [32.]

681 3800 784 3856 Per
818 3798 1108 3855 Jeremiam
1141 3811 1359 3866 quoque
1390 3794 1533 3849 Deus
1565 3792 1742 3861 inquit
1774 3808 1787 3844 :
1829 3809 1847 3841 1
1877 3788 1986 3858 Ego
2014 3796 2065 3842 te
2108 3788 2262 3856 plan-

683 3889 793 3943 tavi
825 3889 1039 3942 vineam
1075 3886 1416 3941 fructiferam
1443 3926 1459 3951 ,
1494 3882 1772 3955 quomodo
1814 3878 2156 3951 degenerasti
2208 3877 2263 3930 iu

682 3981 939 4035 acerbam
971 3980 1097 4034 vitis
1128 3979 1308 4033 aliena
1327 3978 1413 4031 “7
1444 3997 1461 4028 1
1498 3976 1768 4031 Caeterum
1801 3972 2061 4043 quoniam
2093 3969 2262 4025 vesti-

683 4072 787 4141 giis
828 4069 1236 4124 Sodontitarum
1292 4078 1349 4122 et
1394 4066 1870 4129 Gomorrhzeorum
1914 4063 2261 4126 institerunt,

682 4183 857 4238 genus
897 4182 1057 4221 suum
1094 4166 1220 4219 inde
1254 4165 1456 4218 ducere
1484 4163 1767 4218 dicuntur.
1787 4158 2260 4227 Quemadmodum

681 4275 713 4314 ο
747 4267 944 4313 contra
990 4258 1084 4312 ﬁlii
1138 4255 1414 4310 Abraham
1469 4255 1562 4325 qui
1618 4254 1779 4309 ﬁdem
1826 4252 1950 4322 ejus
1994 4258 2049 4306 et
2096 4264 2261 4319 opera

679 4350 1024 4404 aemulantur.

2354 1956 2619 2023 ἐξέδωκεν
2638 1970 2653 1985 ο
2682 1956 2803 2006 Οὐκ
2830 1952 3004 2006 ἔστιν
3028 1952 3099 2005 ἐν
3128 1950 3336 2014 αὐτοῖς
3358 1948 3688 2016 φρόνησις·
3724 1946 3902 2013 ὄφελον

2353 2047 2782 2117 ἐσοφίσθησαν
2828 2044 3193 2096 ἐπίστασθαι
3242 2040 3460 2105 αὐτὴν.
3510 2036 3901 2101 Συνετισθήτω-

2354 2156 2475 2194 σαν
2501 2140 2587 2204 εἷς
2613 2135 2887 2206 ἐσχάτην
2909 2133 3128 2188 αὐτῶν.
3148 2133 3367 2201 Ἐπειδὴ
3406 2131 3521 2201 γὰρ
3566 2130 3667 2182 ούκ
3706 2128 3901 2197 ἔγνωσαν

2352 2233 2422 2284 τὰ
2447 2227 2737 2300 είρημένα,
2768 2229 2826 2280 ἐν
2878 2225 3135 2296 ἐσχάταις
3170 2224 3410 2294 ἡμέραις
3444 2219 3764 2286 γνώσονται,
3796 2219 3903 2269 κατὰ

2351 2326 2454 2394 τὴν
2479 2322 2590 2375 τῶν
2618 2320 2786 2374 ἐθνῶν
2814 2319 3006 2389 κλῆσιν
3032 2316 3492 2385 ἀποϐαλλόμενοι,
3522 2312 3599 2383 μὴ
3630 2312 3900 2364 πιστεύσειν·

2355 2433 2447 2479 τες
2475 2413 2720 2485 Χριστῷ,
2751 2414 2817 2483 τῇ
2846 2409 2942 2464 τοῦ
2988 2410 3199 2479 Πατρὺς
3225 2408 3509 2478 ἐπιστήμῃ
3540 2423 3601 2458 τε
3632 2404 3723 2458 καὶ
3752 2404 3895 2473 βουλῇ.

2430 2595 2559 2663 Πῶς
2601 2594 2871 2658 διώξει-αι
2921 2587 3010 2659 εἷς
3058 2590 3343 2662 χιλίους;
3383 2587 3498 2656 Τῆς
3527 2582 3623 2638 τοῦ
3662 2582 3785 2636 Θεοῦ
3821 2583 3899 2650 γὰρ

2361 2693 2571 2760 σκέπης
2619 2685 3003 2757 γυμνωθέντες
3031 2723 3047 2749 ,
3098 2683 3187 2750 ὑφ’
3219 2681 3359 2744 ἐνὸς,
3407 2679 3485 2741 ὡς
3530 2677 3635 2730 ὑπὸ
3685 2674 3896 2745 πλήθους.

2360 2774 2882 2850 ἐδιώκοντο.Ὦνπερ
2910 2772 2979 2848 ἧν
3008 2774 3322 2829 τούναντίον
3369 2772 3536 2843 ἡνίκα
3585 2772 3648 2840 τῇ
3698 2767 3901 2835 εὐσεϐείᾳ

2357 2876 2736 2947 προσέκειντο,
2775 2872 2849 2925 Ού
2885 2870 2995 2940 γὰρ
3026 2868 3174 2931 ἐστιν
3208 2867 3421 2932 εἰπεῖν,
3458 2865 3539 2927 ὼς
3577 2863 3627 2915 οἱ
3658 2859 3901 2928 ἀλλόφυλοι

2355 2970 2446 3023 διὰ
2473 2966 2758 3039 τῆν’ίσχὺν
2791 2964 2901 3018 τῶν
2936 2960 3175 3016 εἰδώλων
3214 2958 3395 3013 αὐτῶν
3437 2956 3665 3018 τούτους
3702 2953 3901 3006 ἐδίωκον.

2357 3061 2597 3130 Οὐδεμία
2638 3058 2748 3129 γὰρ
2790 3056 3045 3128 ὁμοιότης
3086 3054 3222 3125 πρδς
3276 3052 3368 3105 τὸν
3414 3049 3553 3103 Θεὸν
3602 3044 3903 3118 spumam

2359 3155 2455 3209 καὶ
2494 3154 2728 3224 ἄφρονες
2774 3152 2825 3203 oi.
2873 3148 3097 3211 τούτους
3141 3144 3539 3216 λατρεύοντες,
3573 3140 3807 3208 λέγοντες
3850 3137 3904 3204 τῷ

2370 3250 2532 3320 ξύλῳ,
2558 3247 2750 3317 Πατήρ
2779 3261 2882 3314 μου
2913 3238 2965 3296 εἴ
2995 3240 3058 3294 σύ
3078 3257 3091 3270 ·
3117 3239 3313 3309 καὶτῷ
3345 3236 3503 3305 λίθῳ,
3525 3233 3598 3287 Σύ
3633 3250 3697 3304 με
3725 3231 3900 3298 ἐγέννη-

2371 3358 2489 3404 σας.
2522 3339 2762 3392 Δυνατὸν
2782 3337 2840 3391 δὲ
2864 3334 2961 3389 καὶ
2992 3334 3119 3403 περὶ
3144 3332 3302 3402 νίκης
3326 3330 3435 3383 τῶν
3459 3328 3524 3393 ἐξ
3554 3325 3758 3396 Ἰσραὴλ
3785 3322 3902 3374 εὐπ-

2372 3433 2611 3487 ϐούνιων
2631 3428 2994 3502 προλέγεσθαι
3013 3441 3025 3455 ·
3058 3427 3145 3481 ὅτε
3172 3424 3268 3479 καὶ
3286 3423 3387 3495 τὴν
3403 3420 3567 3491 νίκην
3592 3418 3789 3473 ἀκονιτὶ
3807 3413 3902 3467 πο)-

2371 3526 2525 3587 λάκις
2558 3521 2886 3593 ἐλάμϐανον.

2448 3706 2551 3759 Ἐκ
2580 3703 2692 3773 γὰρ
2719 3699 3007 3772 ἀμπέλων
3033 3696 3313 3766 Σοδόμων
3358 3695 3396 3761 ἡ
3428 3693 3701 3759 ἄμπελος
3730 3687 3901 3743 αὐτῶν.

2366 3799 2384 3817 ‘
2427 3797 2570 3865 Ἔφη
2600 3812 2703 3847 που
2733 3794 2828 3846 καὶ
2856 3794 2883 3845 ὁ
2918 3791 3188 3862 μακάριος
3223 3786 3495 3858 Ἱερεμίας
3528 3785 3687 3856 (πρὸς
3716 3781 3800 3850 τὴν
3829 3778 3903 3830 τῶν

2384 3888 2651 3942 Ἰουδαίων
2687 3884 3013 3953 συναγωγὴν
3034 3882 3073 3953 ).
3108 3882 3183 3943 ὼς
3215 3882 3281 3933 ἐκ
3324 3877 3627 3949 προσώπου
3661 3874 3747 3928 τοῦ
3773 3870 3901 3923 Θεοῦ·

2377 4000 2394 4031 1
2418 3978 2560 4046 Ἐγὼ
2576 3978 2850 4048 ἐφύτευσά
2873 3993 2932 4029 σε
2956 3974 3201 4046 ἄμπελον
3224 3970 3579 4043 καρποφόρον
3594 3985 3609 3999 ο
3631 3966 3740 4029 πῶς
3758 3962 3906 4032 ἐστρά-

2371 4084 2478 4137 φης
2509 4066 2588 4129 εἰς
2611 4065 2838 4135 πικρίαν
2868 4066 2901 4135 ἡ
2930 4063 3174 4134 ἄμπελος
3213 4065 3246 4131 ἡ
3282 4061 3579 4131 ἀλλοτρ1α;
3614 4078 3630 4110 1
3670 4056 3904 4125 Ζηλώσαν-

2369 4173 2460 4219 τες
2488 4155 2595 4225 γὰρ
2629 4155 2937 4224 Σοδομιτῶν
2967 4154 3035 4206 τὰ
3074 4152 3213 4224 ἔργα
3239 4193 3254 4217 ,
3299 4152 3396 4205 καὶ
3434 4150 3508 4203 τὰ
3548 4145 3900 4224 ἐπιτηδεύματι

2370 4246 2479 4299 τῶν
2512 4246 2799 4317 Γομόρρας
2843 4242 3078 4297 πολιτῶν
3108 4243 3507 4313 ἀσπαζόμενοι,
3537 4240 3599 4293 τὸ
3626 4240 3769 4308 γένος
3797 4236 3902 4286 ἐκεῐσ
3988 4274 3989 4289 1

2373 4337 2464 4391 θεν
2498 4336 2749 4405 λέγονται
2782 4334 3288 4404 κατάγειν.”Ωσπερ
3323 4334 3432 4404 γὰρ
3472 4332 3523 4385 oi
3564 4331 3633 4385 τὰ
3678 4330 3797 4399 ἔργα
3832 4326 3901 4388 ἔτ.-

678 4441 896 4505 λοῦντες
917 4442 1011 4495 τοῦ
1040 4440 1292 4512 Ἀϐραὰμ
1313 4439 1407 4493 καὶ
1432 4436 1878 4509 μεταδιώκοντες,
1897 4436 2003 4488 υἱοὶ
2045 4432 2297 4505 Ἀϐραὰμ
2332 4430 2434 4483 οὐκ
2464 4427 2774 4492 ἀπεικότως
2805 4426 3261 4498 ἀναγορεύονταιο
3298 4424 3475 4497 [οὕτω
3512 4423 3609 4477 καὶ
3636 4422 3683 4476 οι
3714 4421 3774 4474 τὰ
3831 4416 3899 4469 Σο-

676 4534 915 4606 δομιτῶν
982 4506 1388 4603 ἐπιτηδεύματα
1434 4506 1907 4599 Ἰφιλοτιμούμενοι
1956 4524 2220 4580 πάνδεινα
2251 4561 2267 4588 ,
2307 4517 2679 4588 ἀπόγονοιτοῦ
2713 4518 3023 4573 ἀποστατου
3061 4516 3334 4586 γίγνοιντο
3365 4513 3476 4585 (16)
3509 4506 3799 4580 διαϐόλου.]

750 4649 942 4700 Annon
999 4660 1115 4699 ecce
1170 4645 1282 4697 licet:
1341 4641 1519 4695 omnia
1572 4640 1802 4709 reposita
1854 4646 1976 4691 sunt
2030 4633 2171 4704 apud
2250 4647 2352 4695 me,
2391 4639 2441 4685 et
2495 4632 2770 4701 obsignata
2809 4630 2864 4683 in
2905 4629 3172 4684 thesauris
3227 4629 3402 4682 meis?
3442 4624 3595 4698 [34.]
3634 4624 3899 4678 Peccatorvs

677 4735 826 4789 enim
862 4733 1005 4788 Deus
1036 4732 1269 4802 patitur,
1302 4745 1477 4799 usque
1511 4728 1639 4783 dum
1676 4740 1935 4781 mensura
1966 4733 2053 4779 est
2079 4722 2320 4791 repleta,
2354 4734 2421 4772 ex
2455 4733 2566 4788 quo
2596 4717 2929 4786 supplicium
2965 4724 3093 4770 ante
3125 4715 3291 4785 pedes
3318 4724 3423 4769 est.
3454 4714 3625 4780 Quale
3658 4710 3774 4766 illud
3800 4715 3895 4761 eSt:

686 4840 704 4873 1
738 4820 989 4875 Nondum
1023 4824 1409 4872 consummata
1443 4822 1572 4870 sunt
1601 4821 1828 4883 peccata
1863 4809 2311 4865 Amorrhaaorum
2332 4805 2397 4858 ⁸ο.
2434 4824 2452 4857 1
2488 4805 2619 4860 Post
2646 4804 3181 4858 consummationem
3212 4802 3358 4857 enim
3388 4812 3604 4869 tempus
3642 4808 3692 4852 et
3716 4797 3815 4852 dies
3840 4792 3895 4843 ιιι·

684 4908 855 4963 tionis
897 4906 1192 4969 accelerat,
1229 4905 1275 4959 si
1318 4903 1447 4973 quis
1487 4917 1517 4955 a
1557 4903 1643 4955 via
1683 4908 1833 4955 recta
1872 4896 2178 4954 deﬂexerit.

751 4997 984 5064 Quidam
1017 5010 1148 5051 vero
1179 4995 1433 5065 praesagii
1476 4992 1642 5048 modo
1694 4992 1832 5047 illud
1892 4992 2263 5060 interpretan—
2294 4988 2339 5045 D

682 5098 806 5153 tur,
849 5083 1009 5155 quasi
1062 5083 1213 5138 dicat
1268 5082 1411 5137 Deus
1445 5100 1459 5137 :
1493 5082 1634 5138 Ecce
1684 5079 1968 5151 prospicio
2020 5077 2263 5133 futuram

684 5179 999 5238 Servatoris
1022 5176 1246 5240 eaedem,
1278 5175 1639 5231 nihilominus
1663 5183 1844 5229 tamen
1880 5173 2061 5228 locum
2088 5170 2264 5225 libero

683 5274 892 5333 homini
922 5271 1191 5339 concedo,
1226 5278 1595 5341 eventumque
1621 5276 1906 5340 exspecto.

2436 4982 2459 5055 [
2483 4984 2501 5003 ⁶
2534 4981 2593 5033 Ὀ
2620 4978 2937 5051 Σύμμαχος]
2966 4979 3304 5049 σαφέστερον
3338 4976 3654 5048 ἑρμηνεύων
3679 4973 3893 5040 ἐξέδωκε¹

2378 5098 2397 5131 1
2429 5078 2521 5147 Μὴ
2555 5076 2678 5146 οὑχλ¹
2702 5074 2864 5129 τοῦτο
2889 5075 3177 5127 ἀπόκειται
3204 5076 3336 5144 παρ’
3358 5073 3521 5142 ἐμοί;
3559 5092 3577 5123 1
3609 5069 3827 5123 τουτέστι
3852 5064 3893 5114 τὸ

2370 5170 2636 5243 θηριῶδες
2656 5168 2839 5222 αὐτῶν
2864 5169 2959 5221 καὶ
2984 5165 3289 5237 μιαιφόνον,
3324 5165 3419 5219 καὶ
3448 5164 3483 5218 ἃ
3519 5164 3627 5233 (17)
3664 5162 3893 5232 μέλλουσιν

2370 5264 2643 5334 ἐγχειρεῖν
2674 5260 2973 5323 λυττῶντες
3003 5258 3146 5312 κατὰ
3174 5255 3269 5310 τοῦ
3309 5256 3560 5327 Σωτῆρος
3588 5253 3753 5307 αὐτῶν
3771 5266 3782 5279 ’
3809 5245 3889 5300 ἀλλ’

2369 5355 2518 5425 ὅμως
2549 5353 2962 5423 ἀναϐάλλομαι,
3010 5350 3108 5404 καὶ
3160 5350 3357 5420 δίδωμι
3403 5348 3585 5419 χώραν
3632 5346 3705 5416 τῷ
3747 5339 3890 5400 αὐτεξ.

2372 5445 2560 5516 ουσίῳ,
2597 5444 2882 5515 ἀναμένων
2907 5441 3006 5512 τὴν
3035 5440 3256 5511 πρᾶξιν.

754 5576 799 5607 ”
837 5571 986 5628 Psal.
1020 5584 1190 5633 Lxxu,
1216 5567 1307 5622 25.
1386 5566 1435 5598 “
1475 5562 1582 5618 lsa.
1618 5579 1695 5622 Ix.
1727 5562 1803 5633 6."
1858 5559 1903 5592 “
1943 5559 2046 5614 lsa.
2073 5576 2157 5633 Διιι,
2188 5559 2244 5614 2.
2321 5562 2365 5595 "
2408 5559 2535 5631 Sap.
2568 5574 2685 5622 vin,
2719 5560 2771 5613 4.
2849 5560 2895 5589 ’⁸
2932 5556 3036 5615 Job
3091 5571 3282 5623 xxvtu,
3314 5554 3398 5610 i2.
3475 5555 3517 5586 "
3552 5551 3750 5608 Coloss.
3779 5539 3885 5605 H.3-

681 5645 728 5678 ”
763 5643 965 5700 Jerem.
999 5656 1067 5708 ιι,
1097 5630 1188 5693 2'7.
1264 5640 1307 5669 "
1349 5636 1483 5691 ibid.
1515 5634 1605 5688 2t.
1684 5633 1728 5664 '°
1767 5632 1907 5688 Gen.
1942 5647 2029 5693 xv,
2065 5630 2151 5684 16.

2199 5721 2431 5779 NOTAE.

762 5825 875 5897 (16)
915 5790 1356 5881 Δείκνυνται.Ἑν
1384 5823 1496 5879 σελ.
1530 5822 1633 5878 879
1660 5818 1753 5875 τοῦ
1781 5821 1967 5893 είρημ.
2006 5821 2132 5891 τόμ.

2449 5818 2560 5899 (17)
2605 5811 2719 5881 Οἷς.
2750 5816 2880 5871 Αοτ.
