4058 6514
142 374 176 435 9
194 375 253 436 '3

1093 384 1639 447 COMMENTARII
1680 387 1757 446 ΙΝ
1803 388 2508 471 DEUTERONOMIUM.

3332 397 3436 461 974

210 489 224 502 ⁸
251 484 390 536 Τότε
416 484 547 554 γὰρ,
568 485 761 556 φησιν,
786 487 1163 561 είσπράξομαι
1183 491 1365 561 δίκην,
1392 493 1521 546 ὅταν
1539 493 1730 564 [ὀρθῶς

1914 497 2261 567 Supplicium
2293 493 2439 556 enim
2475 501 2732 571 irrogabo
2770 505 2817 557 ei
2856 520 3017 574 quem
3050 508 3214 577 pedes
3251 512 3332 565 sui
3371 513 3437 566 ad

133 577 212 647 μὴ
246 577 450 631 θέλωσι
485 578 712 649 βαίνειν,
742 580 917 653 ἀλλὰ]
960 583 1061 653 τῆς
1098 584 1316 646 εὐθείας
1355 586 1736 661 παρατραπῶ-

132 684 220 719 σιν
250 666 398 732 ὀδοῦ,
425 669 523 722 καὶ
558 669 729 738 ἐγγὺς
755 670 1025 737 γένωνται
1050 672 1144 726 τοῦ
1171 674 1359 745 ἐκχέαι
1389 670 1548 746 αἷμα.

205 759 222 779 ⁶
263 760 359 832 Τῷ
416 762 742 834 προφητικῷ
793 764 1068 834 πνεύματι
1113 766 1183 820 τὰ
1237 767 1459 831 πολλοῖς
1512 765 1739 835 ὕστερον

129 854 377 924 ἐσόμενα
414 856 652 927 χρόνοις,
672 857 750 920 ὡς
775 859 1022 930 παρόντα
1061 859 1160 913 καὶ
1186 859 1478 928 ἐγγίζοντα
1508 860 1739 932 θεωρεῖ-

128 963 224 999 ται
254 948 395 1019 (18),
429 949 599 1018 ἐγγὺς
625 949 801 1018 λέγων
825 952 924 1021 τῆς
947 951 1228 1015 ἀπωλείας
1257 952 1441 1006 αὐτῶν
1463 953 1563 1024 τὴν
1591 953 1735 1024 ἡμέ-

132 1056 261 1110 ραν,
298 1042 394 1094 καὶ
444 1041 544 1113 τὴν
589 1042 784 1113 κλῆσιν
827 1043 937 1097 τῶν
989 1044 1162 1099 ἐθνῶν
1207 1045 1566 1117 ἑτοιμοτάτην
1611 1045 1732 1098 ἐσε-

132 1130 291 1186 σθαι.

206 1225 223 1243 ‘
271 1224 713 1295 Καταψηφιεϊται
755 1227 866 1295 γὰρ
895 1226 990 1280 τού
1026 1227 1159 1281 ίδίου
1193 1228 1349 1292 λαοῦ,
1380 1232 1537 1300 φησὶ,
1577 1248 1595 1279 ι
1628 1230 1739 1283 Καὶ

128 1319 390 1387 ἐγκρινεί
433 1320 660 1385 αὐτοὺς,
701 1321 797 1373 καὶ
836 1320 932 1373 ἐπὶ
960 1324 1074 1385 τοῖς
1116 1322 1175 1388 ἐξ
1212 1321 1388 1377 ἐθνῶν
1423 1323 1738 1376 πιστεύουσι

129 1410 635 1481 παρακληθήσεται
658 1428 673 1443 ο
706 1430 723 1462 ι
760 1410 981 1475 δούλους
1010 1413 1121 1483 γὰρ
1151 1413 1319 1468 αὐτοῦ
1358 1415 1604 1478 ἐκείνους
1637 1433 1739 1485 φη-

133 1501 220 1553 σίν
246 1518 260 1531 ·
290 1502 324 1572 ἦ
352 1504 601 1566 καὶτοὺς
630 1502 975 1574 Ἰσραηλίτας
1002 1504 1238 1575 ἐλεήσει,
1265 1507 1360 1559 καὶ
1394 1506 1494 1560 ούκ
1534 1507 1615 1569 εἰς
1647 1508 1737 1559 τέ-

130 1592 224 1657 λος
258 1594 546 1648 ἀπώσεται
574 1595 664 1648 τὸν
694 1596 819 1650 λαὸν
844 1596 1034 1651 αὑτοῦ.

203 1772 514 1843 Μήποτεδέ
548 1772 629 1828 ἔτι
665 1774 795 1846 περλ¹
829 1774 940 1828 τῶν
974 1775 1082 1845 πρὸ
1108 1773 1208 1845 τῆς
1233 1775 1531 1845 ἐπιδημίας
1573 1778 1600 1828 ὁ
1644 1775 1733 1829 λό-

1839 587 2231 646 eﬂundcndum
2262 593 2592 664 sanguinem
2624 596 2997 653 incitavcrint.

1912 769 1991 824 Ac
2038 769 2253 826 idcirco
2299 785 2437 835 sane
2482 772 2681 840 spiritu
2732 774 2973 830 vatidico
3017 791 3079 832 ea
3115 793 3236 848 quae
3280 780 3441 852 longe

1842 867 1967 929 post
1996 867 2230 915 ventura
2265 866 2459 927 erant,
2496 876 2682 918 coram
2713 867 2870 935 quasi
2899 881 2964 921 ac
2992 883 3165 939 prope
3192 882 3440 929 content-

1841 952 2045 1022 platur.
2078 953 2328 1021 Ipsorum
2357 954 2648 1010 interitum
2684 973 2854 1029 prope
2888 975 3013 1017 esse
3051 963 3275 1029 dicens,
3306 982 3437 1021 nec-

1842 1057 1951 1097 non
1987 1044 2230 1115 gentium
2258 1060 2483 1117 quoque
2508 1048 2857 1105 vocationem
2884 1053 2939 1107 in
2974 1057 3261 1124 procinctu
3289 1074 3432 1115 esse.

1913 1218 2267 1293 Quapropter
2293 1225 2594 1282 subintulit
2624 1244 2639 1281 :
2680 1248 2698 1281 (
2728 1228 3001 1296 Quoniam
3040 1236 3437 1294 condemnabit

1840 1314 2100 1384 populum
2152 1332 2355 1381 suum.
2395 1318 2580 1391 470
2616 1330 2672 1377 et
2711 1323 2764 1409 in
2809 1324 2876 1379 iis
2924 1328 3015 1396 qui
3065 1344 3129 1383 ex
3174 1334 3435 1401 gentibus

1839 1407 2094 1475 credunt,
2118 1411 2484 1466 recreabitur.
2514 1432 2531 1463 ι
2569 1412 2762 1475 Posset
2793 1432 2926 1471 vero
2961 1419 3127 1473 etiam
3158 1437 3254 1475 eos
3282 1423 3435 1492 ipsos

1841 1514 2035 1555 servos
2089 1516 2325 1567 vocare,
2376 1505 2635 1573 quoniam
2690 1522 2797 1562 non
2850 1509 3107 1579 stirpitus
3161 1514 3445 1569 exstinxit

1842 1608 2001 1647 suum
2038 1595 2329 1664 populum,
2363 1612 2460 1651 eos
2495 1598 2588 1668 qui
2622 1614 2688 1653 ex
2716 1602 2837 1668 ipso
2869 1604 3247 1670 crediderant,
3280 1623 3433 1664 reve-

1842 1685 2004 1749 ritus,
2044 1702 2255 1741 uecnou
2291 1695 2507 1757 patrum
2545 1691 2839 1761 primitias.

1915 1776 2034 1833 Non
2066 1781 2302 1849 amplius
2338 1797 2469 1836 vero
2503 1798 2688 1839 sermo
2722 1796 2805 1841 est
2835 1786 2902 1841 de
2939 1789 3007 1843 iis
3040 1790 3134 1859 qui
3169 1800 3297 1845 aute
3337 1791 3437 1846 ad-

127 1884 250 1936 γος,
285 1868 485 1937 ὅτεπερ
547 1867 747 1930 αὐτοὺς
796 1869 862 1920 ἐκ
904 1870 1005 1937 τῆς
1052 1867 1441 1936 αἰχμαλωσίας
1470 1868 1730 1922 ἀνεκαλέ-

1852 1878 2070 1924 ventum
2102 1870 2311 1926 Christi
2354 1872 2577 1929 fuerunt
2600 1917 2614 1941 ,
2640 1890 2704 1930 ex
2738 1894 2847 1947 quo
2879 1894 2973 1934 eos
3005 1896 3069 1934 ex
3111 1883 3435 1951 captivitate

128 1977 306 2023 cato;
354 1960 447 2012 καὶ
491 1959 651 2031 δῆλον
699 1961 765 2013 ἐκ
804 1959 899 2014 τοῦ
948 1960 1234 2025 ὀνειδίζειν
1276 1962 1461 2023 αὐτοῖς
1494 1959 1594 2030 τὴν
1632 1961 1740 2032 πρὸ

124 2054 339 2118 ταύτης
363 2053 833 2125 εἰδωλολατρείαν,
873 2053 1083 2123 λέγων·
1134 2072 1153 2104 ι
1180 2051 1290 2107 Ποῦ
1335 2052 1476 2107 είσὶν
1517 2054 1569 2106 οἱ
1614 2055 1737 2107 Θεοὶ

126 2146 351 2210 adulta;
387 2166 406 2198 ι
444 2147 600 2201 Μετὰ
630 2148 739 2219 γὰρ
784 2148 1003 2218 ἐκείνην
1034 2146 1095 2199 ού
1124 2134 1408 2214 φαίνονται
1440 2146 1626 2201 λοιπὸν
1653 2150 1734 2201 εἰσ

125 2236 670 2309 δωλολατρήσαντες.

174 2380 179 2381 ,
212 2328 691 2396 Ἀναστήτωσαν
721 2331 821 2385 καὶ
849 2332 1340 2403 βοηθησάτωσαν
1360 2334 1550 2404 ὒμῖν.⁹
1578 2335 1726 2389 Ταῦ-

129 2438 195 2473 τα
240 2419 365 2492 [καὶ
392 2423 443 2474 οἱ
474 2421 653 2476 λοιποὶ
682 2426 982 2495 προφῆται,
1019 2427 1115 2479 καὶ
1156 2426 1416 2498 μάλιστα]
1454 2428 1728 2499 Ἱερεμίας

130 2514 235 2586 lsi;
279 2514 505 2586 ἔλεγχον
548 2517 643 2587 τῆς
687 2519 943 2583 ἀσεϐείας
989 2519 1240 2591 [abstini].
1276 2520 1554 2585 ὀνειδίζων
1588 2538 1725 2592 προσ

128 2608 298 2676 ἐφερε
320 2608 481 2680 «ωηο
500 2612 635 2679 φησὶ
663 2611 833 2681 γάρ’(
854 2613 952 2665 Διά
983 2611 1142 2665 τοῦτο
1162 2612 1287 2665 τάδε
1319 2612 1469 2681 λέγει
1496 2612 1722 2685 Κύριος-

139 2699 272 2753 Ἰδοὺ
316 2699 428 2768 ἐγὼ
453 2701 541 2754 ἐπ’
578 2701 780 2765 αὐτοὺς
816 2704 1010 2770 ἐπάγω
1042 2705 1224 2769 κακὰ,
1258 2706 1316 2771 ἐξ
1357 2699 1432 2759 ὧν
1471 2707 1532 2759 ού
1561 2707 1722 2777 δυνή-

127 2808 320 2844 σονται
354 2791 593 2857 ἐξελθεῖν
624 2795 686 2859 ἐξ
717 2796 929 2850 αὐτῶνθ
964 2798 1058 2850 καὶ
1083 2798 1444 2868 κεκράξονται
1470 2799 1605 2870 πρός
1631 2817 1721 2869 με,

124 2887 217 2939 καὶ
243 2886 348 2939 οὐκ
389 2886 786 2958 εἰσακούσομαι
817 2889 1018 2944 αὐτῶν.
1053 2891 1161 2943 Καὶ⁸
1200 2890 1559 2961 πορεύσονται
1585 2892 1722 2961 πρὸς

1844 1963 2141 2018 revocavit.
2179 1962 2247 2018 Ut
2294 1966 2437 2021 satis
2481 1977 2701 2023 constat
2731 1974 3162 2039 exprobratione
3193 1976 3429 2030 idolola-

1842 2055 1961 2109 triae
1993 2071 2098 2126 qua
2132 2065 2258 2111 ante
2288 2059 2657 2127 captivitatem
2693 2078 2827 2118 usus
2856 2079 2983 2135 erga
3017 2081 3111 2122 eos
3137 2108 3150 2131 ,
3186 2069 3377 2125 dicens
3413 2089 3427 2125 :

1848 2167 1866 2199 ι
1898 2147 2001 2204 Ubi
2030 2159 2156 2203 sunt
2182 2150 2259 2203 dii
2282 2153 2614 2206 corum"?r
2642 2152 2775 2210 Post
2801 2171 2921 2210 eam
2955 2160 3100 2212 enim
3136 2159 3280 2215 idola
3313 2178 3425 2215 non

1839 2240 2075 2310 amplius
2110 2242 2351 2297 coluisse
2382 2244 2660 2301 videntur.

1900 2334 2133 2405 Surgunt
2150 2343 2200 2388 et
2217 2336 2695 2404 opitulenturvobis
2724 2336 3425 2413 [XXX1|,58.]llujusmodi

1838 2444 1935 2498 per
1964 2428 2253 2484 Jeremiam
2277 2445 2495 2500 quoque
2510 2430 2670 2488 dicit:
2701 2431 2871 2488 «Ecce
2900 2436 3245 2506 egoinjuugo
3265 2437 3420 2505 ipsis,

1838 2520 1976 2574 mala
2005 2536 2035 2575 e
2064 2521 2264 2590 quibus
2301 2537 2584 2594 emergere
2629 2540 2739 2579 non
2775 2537 3072 2595 poterunt,
3111 2539 3163 2582 et
3215 2530 3422 2582 clama-

1836 2614 1972 2669 bunt
2002 2614 2068 2667 ad
2103 2630 2209 2681 me,
2241 2632 2419 2685 neque
2453 2617 2674 2671 audiam
2707 2634 2824 2674 eos.
2853 2618 2919 2673 Et
2966 2621 3123 2675 ibunt
3170 2622 3423 2677 civitates

1833 2706 1971 2761 Juda
2017 2715 2072 2760 et
2118 2707 2314 2762 incola:
2357 2707 2689 2776 Jerusalem,
2722 2718 2778 2765 et
2831 2713 3153 2767 clamabunt
3185 2716 3249 2768 ad
3289 2715 3423 2769 deos

1835 2799 2035 2869 quibus
2105 2799 2212 2868 ipsi
2266 2798 2446 2854 sumta
2504 2801 2758 2866 adolent,
2820 2818 2923 2857 nec
2974 2806 3272 2860 servabunt
3325 2824 3420 2863 eos

1832 2906 2200 2946 aerumnarum
2233 2906 2459 2946 suarum
2495 2901 2744 2963 tempore
2761 2894 2825 2948 ³³.

125 2980 284 3034 πόλιν
332 2981 502 3036 Ἰούδα
532 2983 629 3036 καὶ
671 2985 719 3037 οἱ
759 2984 1144 3050 κατοικοῦντες
1176 2985 1551 3057 Ἰερουσαλὴμ,
1610 2987 1704 3039 καὶ
1743 2985 2104 3059 κεκράξονται
2136 2986 2271 3055 πρὸς
2304 2986 2432 3049 τοὺς
2491 2985 2649 3049 θεοὺς
2702 2987 2904 3053 αὑτῶν,
2942 2988 3036 3042 καὶ
3074 2991 3135 3042 ού
3190 2991 3265 3061 μὴ
3309 2993 3416 3045 σώ-

124 3088 319 3127 σουσιν
369 3074 568 3139 αὐτοὺς
623 3076 683 3129 ἐν
740 3078 920 3149 καιρῷ
972 3078 1160 3132 κακῶν
1207 3077 1410 3141 αὐτῶν,
1442 3096 1459 3128 ι
1501 3078 1596 3131 καὶ
1648 3079 1715 3130 τὰ
1754 3078 1904 3150 ἑξῆς.

197 3167 412 3231 Ἴδετε,
453 3170 630 3233 ἴδετε,
650 3170 740 3225 ὅτι
775 3172 890 3242 ἐγώ
931 3175 1069 3242 ειμι.
1112 3173 1409 3237 Τουτέστι,
1438 3171 1718 3226 παιδεύσει

128 3279 187 3314 σε
216 3264 250 3330 ὴ
286 3263 595 3319 ἀποστασία
642 3282 733 3319 σου
758 3307 773 3330 ,
802 3266 900 3320 καὶ
946 3268 980 3337 ή
1028 3267 1198 3321 κακία
1241 3284 1337 3320 σου
1381 3264 1593 3333 ἐλέγξει
1634 3281 1715 3317 σε.

126 3356 239 3408 Καὶ
268 3357 569 3428 ἐπειδήπερ
599 3355 682 3430 [εὖ
709 3358 990 3432 πράττων]
1018 3361 1117 3414 ούκ
1176 3361 1349 3428 ἔγνως
1374 3361 1464 3412 τὴν
1496 3359 1719 3430 εὐεργέ-

1912 3172 2113 3237 Videte,
2135 3174 2303 3228 videte
2336 3174 2476 3244 quod
2507 3190 2599 3244 ego
2633 3191 2772 3229 sum.
2806 3173 2944 3247 [59.]
2990 3175 3102 3231 Hoc
3134 3186 3238 3243 est,
3272 3178 3420 3233 defe-

1827 3267 1937 3320 ctio
1964 3276 2054 3320 tua
2081 3272 2134 3321 te
2160 3265 2393 3333 erudiet,
2418 3274 2471 3321 et
2494 3267 2705 3321 malitia
2737 3275 2829 3322 tua
2857 3277 2912 3322 te
2942 3268 3414 3341 redarguet.Cum

1828 3359 1973 3413 enim
2015 3359 2178 3414 rebus
2213 3357 2474 3413 secundis
2498 3357 2906 3416 benefactorem
2960 3369 3113 3415 tuum
3164 3378 3271 3416 non
3321 3379 3416 3418 co-

122 3463 246 3517 την,
289 3449 387 3501 καὶ
434 3449 542 3503 τῶν
591 3450 808 3519 ἀγαθῶν
854 3452 948 3504 τὸν
996 3452 1254 3523 χορηγὸν,
1301 3450 1720 3522 τιμωρούμενος

1852 3450 2082 3513 {noveris
2103 3489 2118 3508 .
2151 3449 2386 3504 alnictus
2418 3449 2599 3520 ipsum
2636 3450 2811 3506 disce.

128 3540 371 3610 μάνθανε
404 3540 517 3613 [τὸν
542 3542 954 3615 ἀπαραιτήτους
986 3544 1116 3614 ὑμῖν
1139 3544 1415 3611 ἐπάγοντα
1446 3543 1544 3605 τὰς
1579 3541 1816 3612 πληγὰς,
1847 3540 1907 3608 ἐξ
1942 3535 2017 3595 ὧν
2050 3542 2194 3612 ὑμᾶς
2223 3542 2398 3605 οὐδεὶς
2453 3542 2725 3614 ἐρρύσατο
2782 3543 2890 3596 τῶν
2954 3543 3224 3608 δοξάντων
3286 3546 3415 3616 ύμῖν

126 3631 267 3688 εἶναι
312 3634 500 3706 θεῶν].

199 3731 404 3786 Verum
458 3749 565 3787 non
607 3734 708 3789 abs
744 3750 801 3788 re
837 3744 888 3790 Ie
918 3736 1124 3806 punio,
1161 3737 1216 3789 iu
1266 3744 1354 3788 tua
1391 3734 1535 3789 enim
1585 3733 1762 3805 gratia
1808 3733 1860 3786 iul
1906 3732 2087 3801 ipsum
2132 3744 2353 3800 quoque
2382 3728 2545 3785 facio.
2579 3729 2838 3786 Occidam
2877 3733 3022 3786 enim
3060 3742 3117 3786 ut
3148 3742 3199 3787 te
3232 3734 3413 3788 vivum

125 3820 392 3888 reddam;
430 3823 757 3885 vulnerat“),
794 3832 850 3877 ut
879 3825 1117 3878 medear,
1157 3822 1275 3893 Ipse
1307 3825 1452 3878 enim
1487 3823 1733 3877 dolorem
1763 3821 1894 3875 ciet.
1932 3820 1994 3872 Et
2024 3818 2222 3872 iterum
2256 3819 2310 3872 in
2340 3817 2611 3889 integrum
2655 3820 2901 3874 restituit
2938 3820 3025 3873 ttbi
3057 3821 3224 3873 animi
3265 3836 3413 3875 mor-

128 3908 228 3961 bos
260 3911 501 3964 curavit.
535 3908 808 3964 Caeterum
845 3910 1128 3965 medicina:
1155 3919 1371 3980 tempus
1416 3910 1714 3974 invehitur,
1752 3923 1876 3962 cum
1906 3906 1960 3959 in
1994 3906 2194 3961 cmlum
2245 3920 2467 3960 manum
2522 3922 2676 3962 suam
2730 3908 3044 3963 sustulerit.
3080 3907 3232 3963 More
3266 3909 3413 3963 enim

124 4001 376 4050 Inunano
404 3998 671 4053 exultavit
708 3997 909 4054 Filium
942 4016 1102 4055 suum
1136 4000 1229 4070 qui
1267 4000 1463 4055 dextra
1500 3999 1619 4067 ejus
1648 4008 1702 4053 et
1730 4007 1814 4051 est
1860 4002 1913 4051 et
1960 3992 2190 4057 dicitur,
2221 4008 2285 4049 eo
2322 3994 2471 4063 quod
2529 3995 2778 4065 ejusdem
2815 3996 3073 4052 essentia:
3126 3998 3289 4067 eique
3318 4012 3412 4052 co-

123 4094 377 4137 aeternus
407 4094 513 4139 est.
547 4087 898 4157 Quapropter
927 4101 1027 4156 per
1056 4088 1230 4157 ipsam
1261 4100 1481 4156 quoque
1506 4083 1895 4154 jusjurandum
1933 4080 2084 4136 facit.
2122 4079 2238 4135 Non
2273 4082 2419 4136 enim
2459 4098 2554 4153 per
2582 4084 2845 4153 majorem
2881 4086 3062 4155 potuit
3091 4094 3230 4141 teste
3260 4086 3411 4156 Apo-

125 4173 357 4227 slolo”.
398 4172 688 4235 De,eadem
725 4174 895 4229 David
927 4190 1147 4246 quoque
1173 4174 1308 4230 dicit
1340 4192 1353 4228 :
1392 4192 1411 4225 ι
1439 4171 1641 4228 Dextra
1676 4172 1889 4227 Domini
1934 4170 2106 4225 edidit
2143 4169 2402 4225 virtutem
2423 4172 2486 4223 ³⁵.
2524 4189 2542 4223 ι
2585 4170 2651 4225 Et
2685 4172 2884 4226 iterum
2914 4190 2925 4224 :
2968 4190 2985 4223 ι
3017 4171 3102 4228 Me
3144 4190 3274 4228 vero
3310 4190 3408 4244 ap-

123 4261 430 4330 prehendit
462 4262 652 4317 dcxtra
684 4271 779 4318 tua
801 4266 868 4319 ³⁸.
896 4282 916 4317 ι
947 4264 1083 4319 Cum
1117 4280 1223 4334 qua
1260 4264 1315 4318 in
1346 4272 1611 4318 aaternum
1636 4261 1820 4316 vivere
1849 4259 2073 4315 dicitur.
2107 4258 2177 4313 At
2204 4257 2395 4313 dextra
2430 4258 2521 4314 illa
2552 4260 2776 4315 tolletur
2805 4262 2859 4315 in
2898 4263 3158 4332 sublime,
3185 4264 3409 4333 quando

126 4351 257 4405 fruis
300 4360 609 4405 vestrarum
645 4353 696 4405 in
732 4368 852 4407 eam
887 4353 1353 4408 contumeliarum
1384 4352 1513 4408 erit.
1548 4350 1624 4405 Ita
1654 4350 1801 4405 enim
1845 4346 2160 4415 intelligetis
2207 4346 2354 4415 quod
2405 4362 2527 4403 sese
2562 4348 2889 4404 submiserit
2922 4348 3116 4416 Filius,
3152 4350 3408 4420 ultroque

122 4444 362 4494 mortem
415 4441 747 4511 susceperit,
776 4442 1162 4511 judiciumque
1215 4449 1411 4497 contra
1462 4455 1656 4495 omnes
1708 4435 2004 4505 acceperit.
2049 4451 2067 4484 ι
2099 4431 2302 4499 Quare,
2336 4434 2535 4504 inquit,
2572 4451 2767 4491 manus
2813 4452 2931 4491 mea
2973 4438 3408 4507 retinebitjudi-

121 4530 295 4582 cium.
326 4546 345 4580 ι
400 4526 678 4583 Judicium
736 4530 883 4584 enim
936 4530 1080 4585 Filio
1132 4530 1379 4595 tradidit,
1418 4540 1477 4583 ut
1530 4530 1600 4583 ab
1648 4542 1713 4581 eo
1758 4525 1967 4579 dictum
2001 4532 2199 4576 exstat.
2234 4523 2309 4575 Ac
2342 4532 2472 4577 tunc
2505 4538 2637 4578 sane
2672 4524 2974 4578 ulciscendi
3007 4526 3128 4594 ejus
3158 4525 3405 4581 efﬁcacia

121 4616 432 4685 conspicua
482 4617 623 4683 erit,
659 4633 824 4685 quam
858 4618 1100 4687 gladium
1139 4625 1337 4681 vocat,
1374 4617 1442 4672 de
1485 4632 1595 4685 quo
1632 4615 1898 4685 propheta
1928 4612 2067 4667 dixit
2101 4631 2114 4665 :
2154 4631 2171 4663 ι
2200 4612 2428 4668 Gladius
2465 4611 2683 4666 Domini
2719 4613 2773 4667 in
2806 4614 2947 4667 ccelo
2981 4614 3351 4669 incanduit“.
3379 4636 3396 4667 ι

122 4702 201 4757 De
232 4720 343 4773 qua
376 4720 524 4759 nunc
560 4705 848 4774 subjungit
887 4722 899 4757 :
939 4724 956 4755 ‹
986 4703 1121 4759 Nam
1151 4705 1364 4776 gladius
1397 4720 1550 4759 meus
1585 4703 1870 4759 dcvorabit
1900 4717 2132 4764 carucs,
2164 4711 2217 4757 et
2259 4703 2367 4757 tela
2402 4718 2519 4757 mea
2556 4702 2875 4757 imbuentur
2904 4704 3257 4775 sanguine".
3283 4705 3401 4761 C32-

120 4793 234 4845 sari
268 4794 420 4847 enim
453 4807 547 4847 eos
580 4794 828 4858 tradidit,
859 4808 1022 4862 quem
1061 4808 1245 4863 regem
1274 4807 1434 4847 suum
1464 4791 1906 4861 designaverant.
1934 4789 2111 4845 Gladii
2142 4806 2362 4859 quoque
2386 4792 2761 4845 Romanorum
2791 4806 2887 4847 eos
2917 4793 3195 4849 animatas
3217 4797 3405 4864 utique

121 4896 326 4935 carnes
391 4879 803 4951 deglutierunt,
873 4894 939 4934 ac
999 4881 1228 4950 quosvis
1296 4880 1489 4934 obvios
1562 4882 2025 4949 absumpserunt,
2096 4877 2317 4946 quando
2387 4886 2441 4932 et
2508 4878 2683 4932 saucii
2732 4888 2785 4933 et
2836 4879 3062 4949 captivii
3092 4879 3221 4934 facti
3254 4894 3404 4938 sunt.

122 4969 198 5023 Ita
230 4969 459 5039 quidem
498 4969 687 5024 sensili
724 4969 923 5039 partim
952 4982 1049 5023 eos
1079 4969 1283 5037 objecit
1319 4968 1505 5038 gladio
1526 5007 1541 5030 ,
1574 4968 1773 5035 partim
1802 4979 1935 5019 vero
1967 4965 2245 5032 spirituali
2276 4979 2495 5035 quoque
2517 5007 2532 5031 ,
2577 4966 2669 5035 qui
2703 4980 2837 5022 sane
2868 4967 3097 5022 verbum
3122 4968 3219 5023 Dei
3246 4969 3407 5025 Pauli

119 5066 203 5108 est
235 5054 589 5121 testimonio,
620 5054 710 5124 qui
744 5054 876 5108 dicit
905 5071 917 5107 :
960 5072 978 5104 ι
1009 5052 1077 5106 Ει
1106 5052 1287 5123 gladio
1322 5052 1550 5121 spiritus
1573 5050 1637 5105 ⁸⁸.
1670 5070 1688 5102 ι
1722 5050 1899 5121 Caput
1924 5051 2190 5121 gentium,
2220 5053 2322 5106 hoc
2353 5059 2456 5117 est,
2490 5051 2786 5122 Satanam;
2828 5062 3021 5125 gentes
3050 5056 3195 5110 enim
3226 5057 3409 5127 impia:

119 5143 297 5211 capite
328 5142 435 5211 ipsi
471 5142 705 5209 subjecti
732 5149 882 5195 sunt.
916 5139 1007 5194 Ait
1034 5141 1181 5194 enim
1233 5138 1400 5194 Isaias
1434 5157 1445 5192 :
1490 5157 1507 5190 ι
1540 5137 1598 5191 In
1636 5140 1941 5194 novissimo
1968 5139 2055 5194 die
2086 5139 2324 5194 adducet
2369 5139 2634 5196 Dominus
2680 5142 2922 5212 gladium
2976 5152 3252 5209 sanctum,
3288 5162 3405 5198 ma-

119 5246 286 5300 gnum
323 5240 379 5285 et
431 5230 717 5285 robustum
766 5237 959 5285 contra
1007 5229 1304 5283 draconem
1354 5235 1665 5295 serpentem
1714 5227 2096 5297 malignum”.
2130 5244 2147 5277 ι
2186 5227 2381 5281 Vivum
2409 5227 2553 5281 enim
2596 5227 2691 5284 Dei
2726 5230 2954 5284 verbum
3001 5234 3201 5299 quovis
3228 5233 3408 5302 gladio

119 5322 363 5392 ancipite
392 5329 481 5376 est
507 5322 726 5377 acutius
747 5322 815 5375 ⁸ο.
855 5320 976 5391 ipse
1012 5320 1180 5391 igitur
1212 5334 1336 5372 cum
1375 5317 1617 5372 venisset
1654 5317 1708 5370 in
1745 5326 1945 5371 terram
1970 5315 2159 5384 copias
2194 5312 2503 5371 invisibiles
2526 5314 2840 5383 debellavit,
2871 5318 3326 5388 triumphumque
3351 5321 3405 5373 iu

117 5425 283 5467 cruce
317 5412 385 5465 ab
416 5414 497 5467 eis
530 5410 871 5481 reportavit,
912 5410 1337 5477 libertatemque
1368 5406 1739 5474 recuperavit.
1774 5404 1948 5459 Porro
1984 5404 2073 5458 hic
2101 5403 2319 5475 gladius
2348 5412 2539 5460 nostra
2570 5420 2791 5475 quoque
2816 5407 3062 5461 carnalia
3101 5409 3405 5477 amputavit

2273 5562 2317 5592 "
2355 5561 2501 5616 Psal.
2532 5578 2701 5626 cxvn.
2735 5563 2825 5617 16.

2290 5632 2334 5663 *θ
2376 5632 2541 5687 Hebr.
2580 5650 2655 5701 tv,
2686 5634 2772 5688 12.

184 5569 223 5600 ³¹
269 5567 437 5621 Deut.
494 5570 683 5634 xxvtt,’
716 5566 805 5621 37.
916 5567 959 5598 ³²
1002 5564 1202 5620 Jerem.
1246 5580 1319 5626 XI,
1372 5564 1456 5625 ll,
1499 5563 1583 5635 i2.
1664 5562 1728 5635 3f_

1852 5576 1916 5615 )r.
1966 5577 2040 5623 vr,
2103 5562 2189 5635 15.
2273 5561 2501 5635 ’διξοὶ
2532 5578 2701 5626 cxvn.
2731 5563 2825 5635 16.
2906 5563 2950 5595 ³⁸
2994 5564 3137 5623 Psal.
3177 5582 3310 5635 un,
3346 5568 3402 5624 8.

116 5639 161 5671 "
198 5640 308 5696 Isa.
343 5655 534 5702 xxxw,
564 5640 619 5692 5.
656 5632 662 5634 ⁷
700 5639 741 5670 ³⁷
786 5637 918 5692 ibid.
958 5638 1007 5691 6.
1089 5636 1131 5667 ³⁸
1177 5635 1373 5703 Ephes.
1416 5649 1488 5698 vt,
1528 5634 1612 5686 l7.
1690 5633 1733 5662 3°
1778 5632 1882 5685 Isa.
1922 5648 2129 5696 xxxvii,
2162 5634 2210 5685 -l.

1642 5742 1876 5799 NOT/E.

181 5846 299 5916 (18)
342 5844 569 5918 Θεωρεῖ.
601 5845 732 5900 Abt.
1264 5856 1271 5861 ‘
1891 5837 2002 5909 (19)
2044 5838 2513 5909 ΙΙροσέφερεν.¹Εν
2537 5839 2614 5909 τῷ
2652 5840 2839 5909 εἰρημ.
2876 5840 3006 5909 τόμ.
