4058 6524
672 377 779 439 975
1985 372 2341 434 PROCOPII
2380 372 2627 433 GAZzEI
3782 383 3860 445 976

669 502 861 560 opera,
888 486 1047 557 juxta
1098 484 1230 541 illud
1271 503 1283 538 :
1323 500 1341 535 ι
1370 481 1492 539 Νοη
1539 490 1755 538 maneat
1798 482 2030 553 spiritus
2076 496 2231 537 nieus
2274 482 2329 535 iu
2368 485 2472 549 eis,
2505 498 2571 537 eo
2614 480 2761 552 quod
2796 480 2901 552 ipsi
2932 481 3044 537 sint
3090 482 3372 547 carnes“,
3410 498 3429 533 ι
3466 484 3860 553 quemadmodum

891 584 932 627 sl.
957 574 1191 627 dictum.

712 591 818 630 unc
891 584 932 629 ἰ
957 574 1191 629 dictum.

670 592 704 631 ῃ
739 591 1200 730 ιωῗαδηιὶηἱλεοιιὶ,
1231 658 1503 726 eumipsa.
1526 656 1900 729 [XXXIIJSJ
1923 656 1980 712 Si
2011 660 2156 713 enim
2188 665 2413 727 propter
2442 670 2611 710 unum
2630 664 2979 726 peccatorem
3010 656 3107 726 qui
3140 662 3394 712 servatur
3421 655 3663 727 gaudium
3687 659 3733 714 in
3759 666 3865 719 caelo

671 751 928 815 oritur",
967 756 1175 819 quanto
1205 746 1382 816 magis
1412 747 1482 800 ob
1516 748 1747 801 salutem
1782 746 2083 815 publicam,
2102 746 2303 801 diaboli
2322 744 2538 799 sublata
2576 743 2889 814 tyrannide.
2919 744 3025 799 Pro
3045 745 3251 815 quibus
3288 759 3396 799 una
3418 760 3539 799 cum
3568 748 3749 817 angelis
3770 766 3867 819 sup.

667 840 940 910 plicantur
974 844 1246 909 quotquot
1295 836 1351 889 in
1397 835 1539 890 filios
1575 834 1670 890 Dei
1722 845 1856 891 sunt
1908 836 2090 900 relati,
2118 843 2173 889 et
2221 847 2346 889 cum
2401 832 2623 887 civitate
2653 832 2869 887 caelesti
2914 833 3277 902 participant.
3311 833 3541 902 Insuper
3573 834 3669 887 alia
3697 852 3867 907 qu0que

669 930 976 1000 Scriptura,
1009 947 1027 981 ι
1061 925 1265 982 Omnes
1298 926 1476 995 angeli
1522 924 1638 988 Dei,
1668 944 1686 976 ι
1724 925 1905 980 habet.
1939 923 2410 991 Quemadmodum
2468 921 2673 977 Paulus
2725 921 2781 976 id
2831 938 3053 993 quoque
3105 922 3354 988 addidit,
3380 923 3571 978 dicens
3600 940 3613 976 :
3645 942 3662 975 ι
3687 923 3867 991 Quando

666 1032 796 1072 vero
831 1015 1197 1071 introduxerit
1231 1011 1659 1084 primogenitum
1694 1012 1750 1065 in
1783 1022 2057 1067 terrarum
2086 1012 2277 1066 orbem
2320 1011 2458 1065 dicit
2485 1028 2498 1065 :
2530 1009 2594 1065 Et
2625 1011 2858 1066 adorent
2889 1027 3015 1066 eum
3044 1027 3237 1067 omnes
3285 1013 3463 1083 angeli
3491 1011 3582 1066 Dei
3600 1012 3662 1065 ”.
3693 1012 3867 1084 Semper

665 1105 885 1175 quidem
936 1112 1194 1174 tauquam
1233 1100 1405 1156 Deum
1444 1108 1499 1155 et
1544 1099 1884 1155 conditorem
1922 1116 2083 1155 suum
2128 1100 2397 1165 adorant,
2447 1108 2579 1153 tunc
2613 1112 2749 1154 vero
2798 1098 2990 1155 laudes
3040 1115 3142 1170 pro
3186 1100 3531 1154 humanitate
3569 1098 3725 1169 ipsius
3757 1100 3867 1158 dele-

672 1200 823 1246 runt.

733 1299 1041 1366 Lwtamini,
1063 1309 1261 1370 gentes,
1283 1316 1403 1354 cum
1434 1301 1627 1369 populo
1654 1298 1793 1369 ejus.
1836 1296 2079 1353 Tametsi
2113 1311 2242 1367 pro-
2270 1305 2319 1361 Α

2270 1305 2319 1361 Α
2420 1301 2829 1370 Εὐφράνθητε,
2856 1294 3189 1370 Elia-rimeris
3211 1300 3320 1355 τοῦ
3349 1301 3503 1355 λαοῦ
3521 1303 3870 1376 amatam

665 1404 786 1464 pter
811 1409 942 1449 oves
968 1395 1213 1463 perditas
1232 1393 1428 1449 domus
1454 1391 1618 1447 Israel
1643 1408 1702 1447 se
1721 1390 2015 1446 advenisse
2040 1390 2177 1444 dicit
2192 1390 2241 1422 “

2349 1392 2446 1445 καὶ
2474 1393 2562 1445 διὰ
2584 1393 2653 1447 τὰ
2682 1392 2935 1465 πρόϐατα
2957 1395 3027 1447 τὰ
3048 1392 3371 1448 ἀπολωλότα
3397 1393 3551 1448 οἴκου
3589 1394 3775 1465 Ἰσραὴλ
3794 1416 3870 1450 πα-

664 1490 784 1557 ipse
817 1496 997 1542 tamen
1027 1494 1136 1542 met
1168 1487 1307 1541 dixit
1339 1505 1353 1542 :
1393 1505 1410 1538 ι
1434 1486 1587 1541 Alias
1617 1499 1839 1554 quoque
1891 1497 2024 1538 oves
2070 1482 2244 1537 habeo

2353 1485 2755 1556 ραγεγενῆσϐαῑ
2787 1502 2974 1555 φησιν,
3007 1484 3118 1555 (20)
3158 1484 3274 1539 ἀλλ’
3302 1486 3331 1539 ὁ
3366 1484 3531 1548 αὐτὸς
3558 1485 3707 1539 πάλιν
3730 1488 3775 1539 ὲν
3793 1488 3873 1543 Εὑ-

665 1597 788 1652 quae
811 1596 917 1635 non
952 1588 1081 1636 sunt
1109 1580 1177 1635 de
1203 1581 1361 1636 caule
1390 1581 1522 1643 hac,
1549 1594 1688 1649 quas
1719 1592 1803 1632 me
1832 1577 1996 1632 etiam
2027 1584 2248 1646 oportet

2352 1573 2630 1643 αγγελίοις
2659 1575 2802 1647 ἐρεῖο
2830 1595 2849 1627 ι
2876 1576 3047 1629 Ἀλλα
3075 1577 3325 1646 πρόϐατα
3352 1577 3483 1648 ἔχω,
3514 1579 3549 1634 ἃ
3578 1582 3669 1636 οὐκ
3691 1582 3810 1637 ἔστιν
3831 1588 3876 1640 ἐκ

666 1676 866 1729 dueere
885 1673 951 1727 ⁸³.
982 1691 1001 1724 ι
1048 1672 1232 1742 quuit
1272 1686 1441 1743 porro
1474 1672 1640 1725 etiam
1671 1670 1831 1724 divus
1858 1668 2244 1738 Apostolus",

2351 1665 2451 1735 τῆς
2477 1665 2647 1737 αὐλῆς
2680 1666 2907 1737 ταύτης,
2941 1668 3175 1722 κάκεῖνά
3203 1684 3271 1737 με
3310 1667 3393 1722 δεῖ
3432 1671 3671 1739 ἀγαγεῖν,
3698 1675 3779 1727 καὶ
3805 1677 3877 1745 τῆς

664 1765 842 1836 471
887 1775 944 1819 ut
978 1780 1045 1819 ex
1079 1764 1296 1819 duobus
1334 1779 1503 1819 unum
1551 1777 1751 1817 novum
1798 1761 2076 1816 hominem
2110 1776 2249 1817 con-

2352 1760 2537 1829 φωνῆς
2571 1775 2671 1828 μου
2698 1758 3017 1825 ἀκούσουσι,
3050 1760 3146 1813 καὶ
3173 1762 3464 1831 γενήσεται
3492 1763 3589 1832 μία
3612 1764 3809 1834 ποίμνη,
3822 1760 3879 1829 εἷς

666 1861 855 1921 deret,
884 1871 1183 1927 pacemque
1215 1855 1437 1911 faceret.
1466 1854 1623 1921 Quod
1660 1862 1719 1906 ut
1755 1852 1989 1923 Aquilas
2026 1867 2249 1922 quoque

2350 1851 2579 1921 ποιμήν.
2618 1868 2639 1902 ι
2679 1852 2825 1921 Ἔφη
2869 1851 2925 1903 δὲ
2976 1852 3074 1904 καὶ
3122 1854 3149 1905 ὁ
3194 1852 3333 1915 Gaio;
3369 1853 3707 1918 Ἀπόστολος·
3758 1855 3881 1912 «Ἰνα

668 1951 953 2015 iudicaret,
975 1950 1229 2020 exposuit
1260 1967 1273 2003 :
1312 1946 1469 2003 Unite
1489 1947 1634 2003 vobis
1656 1956 1833 2018 gentes
1879 1945 2048 2015 ipsius
2072 1961 2247 2015 popu-

2370 1945 2477 2008 τοὺς
2520 1944 2631 1999 δύω
2682 1945 2845 2018 κτίσῃ
2893 1946 3059 2010 λαοὺς
3093 1948 3173 2010 εἰς
3223 1948 3321 2001 ἕνα
3372 1950 3563 2003 καινὸν
3609 1950 3880 2022 ἄνθρωπον,

667 2046 767 2098 (ηε,
2350 2037 2520 2093 ποιῶν
2540 2039 2783 2110 εἰρήνην,
2803 2040 2899 2093 καὶ
2926 2041 3430 2094 ἀποκαταλλάσσων
3451 2042 3576 2106 τοὺς
3598 2044 3882 2115 ἀμφοτέρους
3972 2070 3973 2103 ;

667 2154 724 2211 ἐν
761 2136 842 2190 ἑνὶ
869 2133 1142 2206 πνεύματι
1174 2132 1309 2204 πρὸς
1336 2132 1427 2185 τὸν
1459 2130 1699 2200 Πατέρα.
1734 2150 1751 2181 ι
1788 2127 2018 2191 Ἀκύλας
2043 2126 2098 2180 δὲ
2133 2128 2253 2182 ἀντὶ
2300 2129 2417 2195 τοῦ,
2449 2131 2815 2203 εὐφράνοητε,
2865 2132 3054 2203 φησὶν,
3091 2133 3527 2200 Ἐνοποιήσατε
3571 2134 3706 2203 ἔθνη
3738 2138 3882 2204 ,λαοὺς
3972 2128 3973 2151 ¹

664 2228 878 2283 αὑτοῦ.

738 2344 1053 2413 Confortent
1085 2358 1172 2395 eos
1200 2356 1380 2395 omnes
1414 2340 1593 2411 angeli
1622 2340 1761 2408 ejus.
1801 2337 1951 2392 Dicit
1980 2337 2181 2394 alicubi
2222 2337 2426 2394 Paulus
2457 2339 2622 2393 etiam
2659 2356 2674 2393 :
2712 2332 2960 2394 (Annon
3028 2355 3224 2395 omnes
3255 2350 3386 2396 sunt
3426 2341 3881 2399 eomministrantes

670 2434 921 2504 spiritus,
961 2431 1029 2485 ad
1072 2428 1445 2485 ministerium
1479 2426 1741 2499 ablegati,
1798 2435 2023 2497 propter
2051 2440 2147 2481 eos
2197 2425 2404 2495 quibus
2449 2426 2645 2481 salutis
2702 2425 2997 2481 haereditas
3048 2427 3353 2481 obventura
3385 2436 3472 2484 est
3496 2429 3561 2481 ⁸⁷.
3599 2447 3617 2480 ι
3668 2428 3882 2484 Similiter

671 2532 725 2574 et
757 2518 928 2574 David
961 2519 1035 2572 ait
1062 2535 1075 2572 :
1112 2536 1131 2569 ι
1164 2516 1413 2571 Excubat
1437 2516 1679 2587 Angelus
1708 2513 1926 2569 Domini
1971 2514 2183 2569 circum
2215 2513 2376 2584 zcirca
2428 2512 2689 2568 timentes
2719 2513 2865 2583 ejus,
2914 2521 2973 2566 ut
3006 2513 3153 2582 ipsos
3184 2524 3401 2568 asserat
3423 2515 3496 2569 ⁸⁸.
3534 2533 3553 2566 ι
3605 2514 3763 2570 Habet
3788 2531 3881 2570 vero

673 2611 778 2664 alia
808 2609 1129 2678 scriptura:
1168 2606 1364 2662 Omnes
1402 2605 1505 2675 ﬁlii
1558 2605 1679 2669 Dei,
1727 2612 1838 2659 etc.
1893 2602 2017 2670 Quo
2059 2604 2340 2660 indicatur
2393 2602 2672 2671 apostolos
2718 2602 2927 2657 divinis
2973 2616 3069 2657 eos
3106 2602 3299 2671 juvare
3351 2604 3600 2673 potuisse
3626 2606 3878 2674 pmceptis.

675 2713 815 2767 pane
844 2696 1116 2767 spirituali
1152 2697 1243 2764 qui
1271 2709 1369 2749 cor
1403 2694 1650 2748 hominis
1676 2695 1986 2756 continuat,
2025 2692 2297 2762 apposito.

746 2805 1014 2872 Quoniam
1062 2804 1373 2873 sanguinem
1426 2802 1662 2871 ﬁliorum
1698 2801 2006 2866 ulciscetur,
2058 2811 2107 2855 et
2139 2801 2255 2855 vin-
2289 2793 2329 2848 Β

2289 2793 2329 2848 Β
2431 2798 2562 2850 ’Ότι
2594 2796 2660 2851 τὸ
2694 2791 2838 2866 αἷμα
2874 2795 2992 2850 τῶν
3034 2795 3182 2850 υιῶν
3212 2797 3398 2852 αὑτοῦ
3431 2798 3738 2852 ἐκδικεῖτιιι
3759 2815 3770 2829 ’
3811 2799 3879 2851 καὶ

675 2898 875 2950 dictant
925 2905 1114 2950 sumet.
1164 2894 1255 2947 Ait
1302 2893 1449 2949 enim
1502 2893 1555 2947 in
1600 2892 1911 2963 Evangeliis
1949 2892 2250 2946 Christus:

2360 2887 2669 2954 ἐκδικήσει
2717 2888 2819 2942 καὶ
2868 2888 3283 2943 ἀνταποδὼσει
3349 2889 3553 2957 δίκην.
3600 2894 3615 2911 ‘
3679 2891 3801 2961 Ἔφη
3842 2894 3882 2945 ἐν

681 3009 699 3041 ι
727 2988 867 3043 Ecce
899 3003 1000 3058 ego
1052 2986 1210 3041 mitto
1257 2985 1323 3039 ad
1360 3000 1455 3039 vos
1496 2983 1814 3053 prophetas,
1870 2983 2170 3052 sapientes,
2200 2992 2254 3037 et

2362 2981 2719 3049 Εὑαγγελιοις
2750 2981 2778 3032 ὁ
2810 2980 3013 3052 Κύριος
3042 2982 3156 3049 τοῖς
3204 2980 3480 3044 Ἰουδαίοις
3511 2981 3880 3051 διαλεγόμενος·

674 3082 907 3146 scribas,
935 3090 989 3135 et
1014 3094 1205 3135 eorum
1239 3076 1523 3140 occidetis,
1566 3077 1732 3145 inque
1761 3089 1981 3130 crucem
2018 3074 2253 3145 adigetis

2370 3094 2386 3123 ι
2423 3073 2535 3126 Καὶ
2564 3074 2723 3144 ὑμεῖς
2754 3072 3170 3145 [ὲ]πληρὼσατε
3202 3074 3263 3125 τὸ
3294 3074 3495 3144 μέτρον
3530 3074 3638 3127 τῶν
3685 3075 3885 3145 πατέριον

674 3174 886 3243 aliquos
919 3172 999 3236 ⁸⁹;
1036 3191 1054 3223 ι
1090 3171 1181 3226 cui
1214 3168 1498 3241 subjungit
1529 3187 1543 3224 :
1584 3187 1602 3220 ι
1639 3168 1761 3233 Quo
1802 3182 1966 3235 super
1992 3183 2091 3222 vos
2114 3182 2253 3220 cun-

2363 3171 2540 3239 ὑμῶν.
2583 3172 2796 3240 Ὀφεις,
2817 3172 3136 3242 γεννήματα
3168 3171 3417 3241 ἐχιδνῶν,
3452 3170 3573 3235 πῶς
3597 3170 3783 3241 φύγητε
3808 3171 3884 3224 ἀπὸ

677 3278 800 3321 ctus
849 3263 1121 3332 iustorum
1163 3263 1412 3332 sanguis,
1458 3263 1528 3315 ab
1562 3260 1749 3315 Abelis
1791 3258 1928 3329 justi
1964 3259 2254 3330 sanguine,

2361 3266 2462 3334 τῆς
2494 3262 2729 3333 κρίσεως
2777 3264 2879 3334 τῆς
2927 3263 3191 3333 γεέννης;
3244 3263 3344 3317 Διὰ
3381 3263 3567 3328 τοῦτο,
3618 3283 3634 3315 ι
3664 3264 3778 3326 ἰδοὺ,
3805 3260 3885 3328 ἐγὼ

677 3358 743 3412 ad
794 3355 1072 3411 Zachariae
1121 3355 1216 3408 ﬁlii
1269 3353 1552 3407 Barachia:
1602 3366 1780 3421 usque
1827 3352 2154 3422 sanguinem
2200 3349 2255 3404 in

2361 3354 2679 3408 ἀποστέλλω
2724 3355 2805 3419 εἰς
2858 3356 3005 3426 ὑμᾶς
3051 3356 3374 3426 προφήτας,
3426 3357 3526 3409 καὶ
3574 3357 3774 3424 σοφοὺς,
3818 3355 3884 3406 καὶ

678 3460 880 3504 terram
917 3447 1123 3502 eﬂ‘usus
1155 3446 1362 3500 recidat
1392 3444 1459 3497 ⁵ο.
1503 3463 1521 3494 ι

2362 3448 2748 3516 γραμματεῖς’
2780 3447 2875 3501 καὶ
2906 3448 2967 3513 ὲξ
3015 3448 3195 3502 αὐτῶν
3236 3449 3595 3502 ἀποκτενεῖτε
3639 3451 3723 3501 καὶ
3765 3462 3884 3499 σταυ-

680 3541 906 3608 ρώσετε,
948 3541 1042 3593 καὶ
1082 3540 1140 3605 ἐξ
1177 3539 1354 3591 αὐτῶν
1404 3536 1781 3607 μαστιγώσετε
1854 3537 1912 3590 ὲν
1960 3538 2082 3600 ταῖς
2123 3537 2478 3606 Συναγωγαῖς
2547 3540 2726 3610 ὑμῶν,
2784 3542 2880 3595 καὶ
2921 3541 3140 3607 διώξετε
3185 3542 3295 3595 ἀπὸ
3339 3542 3553 3605 πόλεως
3617 3544 3693 3604 εἰς
3753 3543 3883 3594 adiuv

676 3636 826 3699 ὅπως
855 3635 984 3709 ἔλθῃ
1015 3635 1099 3702 ἐφ’
1133 3636 1277 3705 ὑμᾶς
1316 3634 1425 3686 πᾶν
1458 3628 1597 3701 αἷμα
1640 3632 1853 3686 δίκαιον
1896 3633 2258 3703 ἐκχυνόμενον
2296 3635 2390 3687 ἐπὶ
2425 3635 2521 3704 τὴν
2561 3635 2685 3706 γῆν,
2741 3635 2851 3689 ἀπὸ
2888 3636 2983 3689 τοῦ
3026 3637 3261 3706 αἵματος
3329 3636 3499 3688 Ἀϐελ
3568 3634 3661 3688 τοῦ
3703 3635 3883 3715 δικαίου,

674 3730 780 3791 ἓως
815 3728 1046 3798 αἵματος
1084 3726 1357 3796 Ζαχαρίου
1407 3721 1524 3776 υἱοῦ
1568 3724 1868 3794 Βαραχίου,
1923 3724 1981 3777 ὃν
2026 3725 2359 3794 ἐφονεύσατε
2398 3728 2603 3797 μεταξὺ
2631 3731 2727 3781 τοῦ
2755 3726 2886 3782 ναοῦ
2915 3726 3139 3781 καὶτοῦ
3167 3727 3581 3799 Θυσιαστηρίου,
3620 3748 3653 3780 »-

759 3843 892 3910 Quae
919 3858 1052 3899 sane
1082 3855 1272 3898 cuncta
1308 3849 1432 3911 post
1467 3840 1709 3895 furorem
1737 3855 1859 3895 cum
1893 3841 2115 3898 Christo
2152 3846 2438 3915 agitatum,
2470 3846 2675 3918 templo
2704 3846 2824 3917 ipso
2855 3861 3073 3917 quoque
3114 3845 3195 3900 eis
3228 3858 3422 3900 everso
3448 3845 3767 3916 supplicium
3792 3855 3883 3901 sunt

678 3940 997 3988 οοηδθοιιῑο.

748 4023 971 4079 Necnon
1023 4021 1262 4076 vindicta
1309 4021 1377 4075 ab
1434 4020 1688 4076 hostibus
1749 4019 2120 4076 invisibilibus
2173 4032 2259 4079 est

2446 4024 2821 4094 Ἐκδεδὶκηται
2858 4025 2916 4078 δὲ
2956 4024 3053 4079 καὶ
3103 4026 3214 4079 ἀπὸ
3258 4025 3367 4079 τῶν
3420 4025 3665 4095 ἀοράτων
3705 4023 3884 4094 ἐχθρῶν,

680 4119 827 4173 illata
868 4136 881 4171 :
914 4128 1109 4171 contra
1143 4130 1284 4185 quos
1334 4115 1522 4169 divino
1564 4114 1850 4183 repurgati
1897 4117 2163 4185 sanguine
2200 4124 2256 4171 et

2361 4116 2484 4171 καθ’
2516 4110 2591 4171 ὧν
2624 4117 2688 4171 τὸ
2714 4117 2915 4188 θάρσος
2942 4116 3272 4187 εἰλήφαμεν,
3307 4116 3384 4187 τῷ
3410 4116 3545 4186 Θείῳ
3584 4114 3884 4186 καθαρισθέν·

683 4214 923 4276 lavacro,
978 4210 1219 4263 animum
1278 4206 1662 4276 sumpsimus,
1719 4221 1829 4276 quo
1876 4215 2023 4261 terra
2074 4209 2249 4267 simus

2355 4226 2446 4273 τες
2498 4209 2695 4281 αἵματι
2749 4208 2843 4263 καὶ
2887 4207 3131 4279 λουτρῷο
3175 4208 3251 4272 ὼς
3299 4208 3365 4262 ἂν
3408 4209 3481 4277 γῆ
3535 4206 3794 4276 γενόμενοι
3819 4219 3887 4254 κα·

681 4317 817 4371 pura
880 4309 935 4356 et
994 4299 1233 4354 fructum
1292 4298 1532 4353 feramus
1589 4298 1788 4368 partim
1853 4298 2256 4369 trigecuplum,

2288 4291 2330 4350 C
2365 4300 2529 4373 Θαρὰ,
2561 4301 3007 4372 καρποφορῶμεν
3036 4299 3141 4353 ἀνὰ
3163 4299 3209 4352 λ’
3239 4299 3335 4353 καὶ
3361 4299 3403 4366 ξ’
3430 4301 3526 4354 καὶ
3557 4297 3624 4370 ρ’,
3654 4298 3742 4350 οὐκ
3762 4297 3887 4349 ἀκάν-

679 4392 1126 4462 sexagecuplum,
1158 4399 1213 4445 et
1248 4388 1653 4456 centuplum“,
1703 4402 1810 4440 non
1855 4389 2067 4459 spinas.
2101 4389 2260 4444 Insu-

2368 4393 2467 4456 θας
2502 4393 2599 4447 καὶ
2620 4392 2905 4464 τριϐόλους
2938 4392 3017 4445 ἐτι
3044 4392 3459 4464 βλαστάνοντες,
3497 4390 3764 4461 γεγονότες
3786 4386 3886 4456 ἀρεῖς

682 4502 780 4555 per
804 4486 965 4539 etiam
994 4483 1085 4552 qui
1120 4482 1354 4536 tribulos
1383 4479 1681 4533 edehamus
1711 4476 1839 4535 facti
1874 4494 2065 4537 sumus
2099 4496 2259 4538 exse-

1458 4479 1681 4533 ehatnus
1711 4476 1839 4535 facti
1874 4494 2065 4537 smnus
2099 4496 2259 4538 exse-
2366 4485 2469 4556 τῆς
2501 4485 2735 4557 ἀρχαίας
2765 4484 3060 4554 ἐλεύθεροι.

680 4577 929 4630 «ratione
965 4574 1191 4644 antiqua
1230 4571 1409 4628 liberi.
3106 4576 3109 4581 ·

760 4693 826 4746 Et
855 4694 1129 4762 ingressus
1169 4699 1248 4745 est
1325 4688 1528 4753 Moses,
1583 4702 1633 4747 et
1676 4694 1884 4749 locutus
1945 4701 2022 4745 est
2071 4702 2286 4745 cunctos
2333 4707 2598 4746 sermones
2645 4690 2775 4763 legis
2820 4689 2977 4759 hujus
3018 4689 3074 4743 in
3119 4704 3275 4742 aures
3303 4685 3489 4755 populi
3545 4686 3651 4753 ipse
3687 4691 3731 4737 et
3763 4677 3887 4733 Iosue

690 4782 836 4850 ﬁlius
865 4780 1034 4833 Nave.
1054 4778 1198 4851 [44.]
1216 4776 1349 4832 Post
1381 4780 1657 4849 principes
1680 4780 1748 4834 ad
1773 4779 2033 4849 populum
2055 4778 2293 4849 denique
2318 4779 2560 4834 delatum
2591 4786 2696 4845 est,
2724 4778 2791 4833 ad
2819 4793 2979 4849 quem
3010 4775 3189 4832 Moses
3220 4775 3275 4829 iu
3313 4785 3495 4829 castra
3525 4783 3610 4828 est
3637 4773 3879 4838 ingressas.

685 4869 855 4922 Josue
886 4867 1015 4921 item
1053 4866 1145 4934 qui
1175 4880 1469 4935 personam
1500 4866 1643 4936 gerit
1677 4866 1881 4920 Christi
1916 4866 2007 4934 qui
2057 4866 2228 4935 legem
2258 4876 2312 4922 et
2342 4870 2643 4939 prophetas
2691 4866 2959 4937 implevit.
3004 4864 3279 4920 Jubentur
3309 4878 3439 4917 vero
3463 4877 3590 4915 cum
3620 4860 3714 4928 ipsi
3742 4857 3884 4908 Obsel"

687 4970 836 5019 vare,
878 4963 992 5007 tum
1027 4953 1227 5009 docere
1256 4969 1387 5008 suos
1432 4964 1711 5023 posteros,
1738 4954 1897 5024 juxta
1937 4953 2112 5022 illud:
2161 4972 2178 5005 ι
2208 4955 2535 5026 Quicunque
2564 4971 2695 5011 vero
2745 4956 2957 5019 fecerit,
3009 4962 3064 5007 et
3108 4951 3364 5009 docuerit
3394 4965 3560 5005 unum
3592 4964 3655 5003 ex
3681 4941 3876 4999 minimis

691 5046 866 5106 hisce,
903 5044 992 5097 hic
1024 5056 1284 5111 magnum
1322 5057 1521 5096 nomen
1565 5042 1620 5097 in
1646 5058 1815 5113 regno
1849 5043 2117 5097 caelorum
2142 5043 2475 5113 adipiscetur
2501 5047 2573 5100 ".
2611 5065 2629 5098 ι

760 5129 873 5186 Nec
905 5131 976 5184 sit
1004 5129 1147 5184 vobis
1180 5129 1264 5182 hic
1298 5145 1469 5183 sermo
1501 5146 1689 5193 vanus,
1714 5131 1964 5200 quoniam
2007 5133 2119 5184 licet:
2162 5141 2240 5185 est
2273 5134 2383 5187 vita
2417 5143 2611 5199 vestra,
2643 5144 2749 5191 etc.
2799 5133 2938 5207 [47.]
2996 5134 3171 5189 Verax
3206 5132 3352 5188 enim
3382 5144 3567 5188 sermo
3601 5127 3751 5180 vitam
3781 5136 3879 5174 con-

692 5222 831 5285 fert;
861 5221 1020 5292 juxta
1054 5219 1188 5275 illud
1226 5236 1238 5272 :
1275 5236 1293 5270 ι
1332 5218 1385 5272 In
1424 5220 1525 5273 hoc
1581 5234 1712 5274 vero
1765 5220 2022 5275 consistit
2054 5220 2181 5286 vita,
2234 5230 2293 5275 ut
2330 5232 2633 5292 agnoscant
2680 5233 2731 5278 te
2775 5205 2952 5277 solum
2991 5237 3181 5276 verum
3212 5219 3408 5285 Deum,
3439 5227 3491 5274 et
3520 5230 3678 5289 quem
3717 5205 3871 5267 misisti

690 5308 880 5365 .lesum
916 5308 1199 5365 Christum
1224 5308 1289 5361 ⁵³.
1324 5326 1343 5359 ι
1377 5305 1551 5372 Quam
1585 5306 1679 5377 qui
1712 5322 1903 5362 verum
1942 5306 2236 5363 Jordanem
2270 5311 2714 5378 pertransierunt
2748 5320 2877 5365 sunt
2910 5308 3174 5366 assecuti.

764 5469 806 5500 “
849 5468 984 5522 Gen.
1019 5482 1095 5527 νι,
1128 5468 1181 5521 5.
1262 5467 1307 5497 ἰ’
1348 5465 1480 5519 Luc.
1521 5480 1609 5528 xv,
1639 5465 1689 5524 7,
1769 5463 1813 5495 ⁸³
1858 5463 2020 5518 Hebr.
2056 5482 2093 5529 l,
2126 5465 2181 5521 6.
2258 5467 2366 5521 “tu;

2273 5468 2498 5522 "Matth.
2535 5486 2624 5534 xv,
2660 5469 2748 5523 2L
2831 5467 2877 5500 "
2920 5468 3081 5523 Joan.
3140 5483 3196 5525 ι.
3234 5467 3321 5521 16.
3398 5465 3444 5496 ⁸⁵
3486 5461 3778 5534 Ephes.__t_t.,

688 5538 735 5569 ιτ
767 5538 931 5592 ilebr.
957 5555 995 5602 ι,
1029 5524 1115 5590 ιι.
1217 5536 1261 5567 ’⁵⁸
1297 5536 1435 5590 Psal.
1471 5524 1661 5600 χχχιιι,
1697 5535 1750 5588 7.
1852 5536 1898 5568 δ’
1930 5524 2123 5590 Matth.
2151 5554 2281 5593 mu

690 5625 742 5673 v,
780 5610 862 5663 l9.
940 5609 985 5640 ⁸³
1015 5608 1175 5662 Joan.
1221 5622 1352 5671 xvn,
1387 5608 1438 5661 5.

2273 5539 2426 5607 “at.
2504 5541 2549 5572 δο
2587 5524 2721 5594 ibid.
2756 5541 2845 5603 3.3,
2890 5542 2979 5594 '56.
3078 5540 3119 5571 ει
3159 5524 3351 5593 Malui.
3386 5549 3503 5603 xui,
3534 5524 3597 5590 '8.
3667 5524 3875 5581 "status

2198 5701 2433 5758 NOTAE.

760 5800 871 5872 (20)
911 5801 1347 5871 Παραγεγονὲναι
1397 5800 1582 5868 φησὶν,
1622 5800 1734 5854 ἀλλ’
1761 5795 1852 5854 οὖν
1894 5799 2051 5863 αὐτὸς
2074 5768 2257 5869 ἔλεγε,
2299 5801 2392 5853 καὶ
2424 5799 2580 5865 ἄλλα,
2607 5816 2693 5855 κτ.
2726 5800 2755 5851 ὁ
2782 5798 2882 5870 τῆς
2909 5799 3045 5867 Αὐγ.
3072 5798 3203 5852 κώδ.
