3870 6526
33 470 107 531 977
892 476 1305 539 COMMENTA
1317 481 1435 540 ΒΗ·
1489 482 1567 540 IN
1604 481 2306 547 DEUTERONOMIUM.
3127 483 3235 546 973

81 578 429 670 K021818151“
454 580 525 633 ἐν
566 579 646 646 τῷ
683 583 802 652 ὄρει
835 589 924 652 εἰς
966 587 998 640 ὃ
1026 588 1369 657 ἀναϐαίνεις
1396 592 1538 648 ἐκεῖ.
1575 601 1609 658 Λ

1724 592 1793 645 Et
1851 611 2053 650 morere
2102 597 2157 651 in
2195 606 2369 652 monte
2413 599 2467 651 in
2503 613 2653 666 quem
2703 604 2757 649 tu
2801 594 3064 650 ascendis.
3097 594 3234 670 [49.]

32 672 106 723 Τοῦ
141 669 231 741 γὰρ
271 671 394 724 λαοῦ
453 672 743 741 μέλλοντος
787 678 1055 751 διαπερᾷν
1095 681 1188 736 τὸν
1250 684 1542 755 Ἰορδάνην,

1709 702 1787 740 am
1840 689 1984 742 enim
2034 690 2271 760 populus
2320 691 2433 758 jam
2504 705 2600 761 per
2653 689 2948 743 Jordanem
3001 669 3237 745 transire

32 764 142 824 τέλος
162 761 418 833 ἐπιτίθησι
440 762 520 834 τῷ
552 766 704 837 νόμῳ
730 768 883 833 Θεός.

1651 779 1836 847 vellet,
1868 782 2029 837 ﬁnem
2077 784 2181 854 legi
2213 784 2497 854 imponere
2526 783 2670 837 Deus
2702 782 2896 837 voluit.

85 869 295 965 fictaest
326 871 619 965 benedictio
648 893 755 945 qua
787 876 1054 934 benedixit
1104 879 1278 937 Moses
1325 884 1404 938 vir
1434 884 1532 940 Dei
1577 887 1705 951 ﬁliis
1761 889 1963 951 Israel.
1999 892 2264 965 [XXXIIL
2294 892 2375 965 1.]
2412 894 2529 948 Non
2573 893 2751 950 solum
2785 891 3107 948 hominibus
3143 906 3235 962 pe-

34 961 164 1051 Canite
198 960 535 1051 hereditario
566 963 891 1031 obveniunt,
922 982 1115 1022 verum
1145 970 1311 1024 etiam
1346 982 1668 1028 sanctorum
1699 992 1886 1033 eorum
1925 960 2019 1051 qui
2052 996 2083 1036 e
2139 981 2280 1039 vivis
2311 960 2586 1037 excedunt
2611 980 2761 1045 ﬁliis,
2818 960 3233 1035 benedictioﬁes

35 1046 306 1140 spirituale-s.
346 1048 696 1140 Quapropter
724 1067 848 1107 cum
882 1055 950 1108 ad
980 1065 1194 1111 aetatem
1226 1069 1475 1113 exactam
1499 1065 1843 1129 pervenisset
1879 1046 2052 1133 haec,
2083 1068 2184 1138 ipsi
2220 1068 2369 1125 Esau
2404 1070 2727 1125 benedicere
2754 1068 3027 1140 cupiebat.
3058 1065 3237 1123 Iacob

34 1136 126 1188 item
152 1136 369 1227 moriens
395 1136 623 1227 Iosephi
664 1141 880 1206 liberis,
910 1143 1147 1213 aliisque
1174 1156 1444 1215 qumquot
1501 1148 1653 1218 digni
1683 1161 1865 1215 erant,
1908 1136 2213 1211 benedixit.
2240 1155 2485 1227 Denique
2541 1171 2672 1212 vero
2700 1136 2848 1210 nunc
2880 1155 3061 1212 Moses
3092 1171 3232 1225 quo-

34 1238 110 1312 que
133 1224 375 1280 tribubus.
410 1226 609 1284 Patres
638 1231 788 1284 enim
814 1231 1147 1287 decedentes
1178 1232 1381 1286 donum
1422 1234 1476 1288 id
1514 1238 1659 1305 quod
1694 1238 1829 1308 ipsis
1864 1243 2141 1312 peculiare
2169 1254 2311 1308 erat,
2342 1224 2407 1299 in
2428 1260 2723 1300 commune
2756 1224 3226 1299 transmittebant.

34 1308 131 1363 Nam
157 1328 213 1366 ex
242 1312 398 1368 unico
437 1317 716 1387 principio
746 1320 801 1372 in
851 1319 1144 1376 universos
1182 1320 1326 1377 Deus
1355 1337 1512 1378 suam
1559 1327 1812 1395 provehit
1863 1308 2118 1398 gratiam,
2160 1332 2308 1402 quod
2338 1348 2526 1387 verum
2577 1330 2913 1403 principium
2947 1332 3229 1387 Christum

37 1413 179 1491 nempe
200 1410 566 1491 repraesentat,
603 1404 698 1472 qui
735 1406 939 1460 donum
968 1420 1130 1461 suum
1175 1422 1206 1461 a
1247 1424 1308 1464 se
1343 1408 1398 1463 in
1450 1425 1582 1468 suos
1611 1418 1960 1481 transmittit,
1998 1430 2284 1491 postquam
2324 1423 2378 1475 in
2410 1422 2614 1476 caelum
2654 1421 2929 1490 migravit,
2979 1420 3227 1474 divinum

37 1492 126 1579 puta
147 1484 538 1579 Spiritum,‘pet‘_
564 1506 728 1560 quem
760 1508 829 1547 ex
863 1492 1180 1549 hominibus
1216 1495 1310 1550 Dei
1360 1496 1505 1554 ﬁlios
1535 1519 1564 1555 e

1705 1544 1719 1567 ,
1754 1520 1818 1560 ac
1867 1507 2170 1577 discipulos
2207 1509 2291 1564 sui
2340 1509 2607 1579 imagines
2639 1510 2838 1573 reddit,
2870 1516 2930 1563 ut
2992 1525 3087 1579 per
3136 1523 3229 1562 eos

38 1572 150 1667 nobis
174 1582 356 1667 p‘rmsto
384 1576 474 1667 sit.
508 1575 679 1667 Juxta
714 1579 848 1633 illud
878 1598 891 1634 :
935 1599 953 1633 ι
985 1580 1091 1648 Qui
1122 1598 1222 1637 vos
1249 1585 1469 1654 recipit,
1502 1604 1588 1644 me
1618 1592 1816 1662 recipit
1842 1594 1910 1648 ⁸⁵.
1954 1614 1973 1648 ι
2009 1572 2359 1667 Quapropter
2412 1572 2574 1651 niatri
2606 1572 2829 1667 quoque
2860 1597 2927 1651 de
2952 1572 3229 1665 discipulo

38 1674 108 1711 suo
132 1660 175 1712 in
200 1661 303 1754 haec
336 1663 501 1719 verba
534 1664 670 1743 dicit
701 1684 716 1722 :
767 1688 786 1719 ι
818 1667 961 1725 Ecce
992 1670 1136 1725 ﬁlius
1172 1679 1301 1727 tuus
1331 1673 1432 1727 ⁵⁸.»
1468 1673 1604 1728 Nam
1635 1677 1713 1732 illi
1740 1660 2002 1752 tanquam
2032 1660 2275 1754 seipsum
2315 1660 2749 1753 commendavit,
2772 1700 2935 1754 quam
2966 1685 3019 1738 in
3053 1660 3229 1753 ipsius

39 1761 200 1815 quoque
228 1748 373 1804 ﬁdem
414 1767 529 1805 non
560 1754 723 1809 aliter
749 1771 914 1827 quam
962 1757 1048 1813 sui
1090 1758 1341 1825 tradidit,
1377 1777 1443 1817 ac
1500 1763 1742 1821 vicissim
1795 1748 1869 1823 ad
1904 1748 2238 1840 discipulum
2294 1772 2434 1826 dixit
2483 1791 2497 1826 :
2545 1791 2563 1823 ι
2593 1748 2737 1827 Ecce
2772 1748 2943 1827 mater
2977 1748 3169 1826 tua“.
3207 1791 3224 1823 ι

39 1840 109 1904 Qui
128 1841 264 1910 igitur
295 1844 511 1898 unicam
546 1845 771 1901 domum
810 1846 1137 1912 fundarunt,
1192 1850 1247 1905 in
1276 1866 1398 1907 eam
1435 1869 1592 1908 suam
1638 1868 1738 1909 sua
1780 1854 1921 1909 bona
1964 1853 2400 1919 transfundunt;
2455 1857 2549 1923 qui
2604 1855 2835 1925 insuper
2884 1863 3126 1926 gentem,
3175 1855 3227 1908 in

40 1938 199 1996 gentem
228 1929 589 1989 transierunt.
617 1934 694 1989 Ita
732 1934 992 1993 Christus
1025 1939 1082 1992 in
1114 1953 1241 1993 eum
1276 1956 1500 2010 quoque
1530 1943 1621 2009 qui
1649 1944 1699 1997 ei
1731 1943 1967 1998 maxime
2000 1943 2165 1999 fuerit
2195 1944 2418 2006 similis,
2457 1944 2550 2013 qui
2587 1958 2693 1997 non
2728 1958 2989 1997 carneum
3024 1958 3224 2013 genus,

40 2032 175 2071 verum
204 2020 469 2075 subditum
506 2023 784 2078 condidit.
812 2022 985 2080 Iacob
1011 2026 1198 2096 itaque
1224 2028 1467 2083 moriens
1520 2029 1705 2084 futura
1752 2032 2149 2102 praedicturum
2203 2033 2482 2102 promisit,
2517 2047 2616 2087 nec
2662 2030 2843 2085 fausta
2874 2032 2983 2086 illis
3014 2046 3229 2085 nuncu-

43 2109 159 2175 pavit.
188 2108 462 2179 Aliquibus
499 2111 648 2166 enim
683 2113 923 2167 tribuum
954 2114 1075 2169 dira
1107 2125 1190 2170 est
1214 2115 1569 2185 imprecatus,
1596 2128 1782 2188 utpote
1840 2119 1968 2173 Levi
2011 2134 2075 2173 ac
2129 2119 2399 2175 Simeoni.
2440 2119 2550 2174 Sua
2614 2134 2743 2173 vero
2781 2120 2947 2173 verba
3000 2119 3227 2174 benedi-

41 2196 195 2250 ctiones
219 2206 367 2251 vocat
394 2198 598 2265 Moses,
630 2200 724 2268 qui
755 2199 944 2255 Jacobi
977 2204 1389 2261 exsecrationes
1421 2208 1725 2261 enervavit.
1752 2206 1821 2260 At
1862 2208 2171 2262 benedictio
2200 2207 2331 2278 quid
2363 2208 2513 2261 aliud
2544 2214 2650 2271 est,
2684 2221 2854 2277 quam
2885 2206 3226 2267 exsecratio-

42 2283 100 2336 nis
124 2282 377 2339 dissolutio
402 2286 425 2339 ?
450 2285 533 2341 Ac
564 2287 670 2341 hoc
711 2289 933 2358 quidem
966 2288 1130 2361 472
1159 2291 1387 2362 ﬁguram
1416 2295 1539 2347 tulit
1564 2294 1773 2349 Christi
1815 2296 1907 2365 qui
1930 2294 2191 2349 lsraelem
2221 2310 2249 2348 a
2279 2295 2416 2364 legis
2451 2294 2837 2348 maledictione
2870 2303 2989 2348 erat
3021 2293 3225 2348 libera-

42 2378 167 2423 turus.
202 2372 253 2425 in
283 2374 400 2443 ipso
449 2375 659 2429 etenim
697 2375 870 2445 copia:
902 2393 1071 2431 cornu
1121 2391 1224 2435 est.
1264 2379 1545 2450 Siquidem
1595 2382 1649 2437 in
1689 2383 1826 2453 lege,
1864 2391 1921 2435 ut
1954 2382 2131 2452 inquit
2165 2384 2232 2447 ⁵⁷,
2270 2382 2421 2435 nulla
2456 2390 2539 2436 est
2575 2380 2855 2450 perfectio.
2893 2380 3048 2447 Quod
3097 2394 3233 2437 sane

44 2456 229 2515 Israelem
251 2463 385 2517 scire
422 2466 835 2529 conveniebat,
870 2468 1015 2537 quod
1052 2470 1363 2525 exsecratio
1407 2472 1460 2526 in
1514 2471 1950 2526 benedictionem
1994 2478 2239 2525 transeat
2275 2468 2549 2533 videlicet,
2605 2483 2705 2523 nec
2738 2468 2964 2523 Christo
3001 2472 3091 2538 qui
3136 2483 3232 2525 eos

43 2548 78 2597 in
117 2548 514 2605 benedictionem
573 2554 883 2615 transtulit,
921 2569 1167 2620 crucem,
1223 2571 1287 2610 ac
1331 2573 1360 2611 e
1407 2557 1553 2628 ligno
1620 2558 2038 2627 suspensiouem
2108 2557 2462 2627 exprobrare.
2508 2554 2781 2623 Quocirca
2840 2556 2893 2611 in
2943 2556 3232 2626 principiis

44 2647 207 2688 suarum
274 2638 723 2695 benedictiouum
795 2641 1149 2697 Servatorcm
1231 2643 1410 2699 Moses
1470 2646 1780 2700 constituit.
1858 2645 1963 2711 Qui
2035 2653 2202 2715 caput
2281 2654 2336 2699 ct
2414 2646 2659 2715 priorum
2732 2655 2785 2700 et
2864 2646 3231 2715 posteriorum

45 2720 410 2780 benedictionum
461 2737 597 2791 est,
649 2744 759 2783 non
808 2744 997 2785 carum
1051 2731 1230 2786 solum
1287 2748 1408 2799 qua:
1461 2731 1714 2789 lsraelem
1764 2740 2054 2801 spectant,
2103 2748 2294 2788 verum
2350 2733 2514 2787 etiam
2562 2748 2682 2803 qua:
2738 2747 2903 2803 regna
2948 2733 3050 2787 alia
3105 2733 3229 2787 uui-

45 2823 173 2865 tersa.
934 2842 937 2845 π

93 2918 303 2976 Dominus
327 2924 389 2977 de
419 2923 558 2980 Sina
592 2926 759 2989 venit,
789 2935 836 2980 et
873 2929 1177 2995 comparuit
1222 2927 1374 2983 nobis
1423 2928 1487 2984 de
1518 2929 1655 2986 Seir.
1684 2930 1791 3003 [2.]
1823 2929 1899 2985 De
1936 2931 2283 3001 apparitione
2314 2929 2529 2985 Domini
2565 2946 2626 2985 ca
2660 2930 2926 2996 loquitur,
2981 2944 3145 3000 quam
3177 2929 3232 2984 in

45 3016 176 3060 monte
195 3010 493 3081 cumlegem
534 3013 730 3075 ferret,
756 3030 880 3069 cum
913 3017 1163 3070 exercitu
1190 3017 1510 3085 angelorum
1547 3016 1695 3083 fecit,
1728 3034 1825 3087 per
1855 3033 1994 3087 quos
2045 3019 2217 3087 legem
2257 3018 2646 3087 promulgavit,
2681 3016 2927 3087 Mosique
2970 3016 3229 3071 eximiam

43 3087 205 3149 israelis
229 3109 419 3152 sortem
462 3101 895 3156 commendavit.
932 3101 1006 3156 De
1037 3118 1145 3172 qua
1174 3104 1442 3172 scriptum
1488 3112 1573 3159 est
1602 3124 1616 3159 :
1654 3125 1671 3157 ι
1701 3104 1818 3159 Νοιι
1855 3114 2139 3175 tantopere
2172 3107 2337 3159 ullam
2384 3104 2567 3159 aﬂ'ecit
2597 3115 2840 3174 gentem,
2894 3118 2996 3157 nec
3024 3103 3233 3171 judicia

45 3194 112 3231 sua
134 3192 240 3238 nota
269 3185 390 3241 fecit
417 3188 502 3242 eis
525 3188 593 3244 ⁸⁸.
633 3208 652 3240 ι
702 3188 910 3245 Deinde
951 3191 1271 3245 vaticinium
1305 3192 1373 3246 de
1400 3192 1622 3247 Christo
1657 3197 1765 3249 tale
1787 3194 1983 3259 edidit,
2009 3194 2157 3263 quod
2193 3194 2310 3263 ipse
2347 3191 2609 3246 Dominus
2643 3192 2707 3247 sit
2739 3191 2829 3261 qui
2867 3191 3039 3261 legem
3063 3190 3233 3244 deder

45 3270 106 3333 rit,
122 3288 172 3326 ac
198 3289 282 3328 rex
318 3275 505 3332 dilecti
538 3274 729 3349 pepuli
759 3279 1019 3342 exsistat,
1048 3294 1174 3334 cum
1212 3295 1323 3349 quo
1351 3282 1610 3335 omnibus
1639 3297 1859 3351 quoque
1907 3282 2197 3336 benedicet
2247 3279 2489 3350 populis,
2538 3279 2629 3348 qui
2668 3280 2977 3348 principum
3010 3276 3234 3331 nomine

44 3355 375 3425 signiﬁcantur.
432 3364 913 3430 Quemadmodum
967 3367 1140 3423 David
1191 3383 1413 3438 quoque
1462 3368 1601 3423 dixit
1644 3386 1657 3423 :
1715 3388 1732 3421 ι
1764 3368 2052 3439 Principes
2110 3370 2439 3440 populorum
2491 3367 2709 3422 collecti
2766 3374 2897 3422 sunt
2953 3364 3019 3419 ad
3060 3364 3232 3419 Deum

44 3446 252 3504 Abraham
280 3453 344 3509 ".
380 3472 400 3506 ι
442 3453 699 3510 Nondum
730 3457 875 3511 enim
904 3471 1029 3511 cum
1062 3457 1147 3511 lex
1183 3458 1495 3512 sanciretur
1524 3457 1744 3512 sincere
1785 3456 1906 3525 ejus
1938 3473 2108 3529 regno
2142 3457 2459 3528 parebatur.
2493 3454 2627 3509 Nam
2662 3472 2786 3512 cum
2817 3456 2900 3511 lcx
2952 3453 3231 3525 paedagogi

44 3534 150 3589 vices
168 3540 364 3605 habeat,
396 3559 510 3599 non
543 3544 684 3600 satis
712 3559 838 3599 cmn
888 3543 998 3599 Deo
1024 3544 1360 3599 conciliandi
1390 3544 1491 3599 l’uit
1522 3545 1740 3609 idonea,
1794 3544 1973 3599 donec
2018 3546 2264 3615 seipsum
2298 3544 2529 3615 ipsemet
2559 3544 2711 3599 dedit
2742 3543 3009 3598 Dominus
3040 3557 3230 3612 regno.

45 3634 87 3673 ac
108 3624 535 3685 administrationi
573 3646 757 3686 rerum
796 3628 1152 3685 Judaicarum
1194 3630 1777 3701 Graecanicarumque.
1826 3632 1987 3698 Quod
2050 3649 2180 3689 vero
2210 3634 2461 3704 quaedam
2514 3634 2649 3688 dicit
2698 3633 2765 3687 de
2794 3632 2937 3701 ipso,
2984 3632 3232 3701 qumdam

47 3723 137 3763 vero
155 3714 208 3767 ad
232 3715 421 3784 ipsum,
455 3720 543 3774 vel
577 3720 685 3773 hoc
714 3718 1045 3789 simpliciter
1077 3718 1234 3782 fecit,
1269 3720 1353 3773 vel
1380 3718 1657 3788 duplicem
1689 3721 1810 3791 ejus
1846 3736 2138 3791 personam
2171 3723 2558 3778 demonstrare
2592 3724 2732 3785 vult,
2758 3737 2823 3775 ac
2856 3719 3000 3775 Patri
3034 3719 3231 3773 Filium

46 3812 115 3850 ceu
133 3805 524 3861 coessentialem
553 3806 902 3877 conjungere
944 3824 958 3861 :
990 3808 1453 3877 quemadmodum
1480 3806 1778 3863 Zacharias
1808 3824 2031 3878 quoque
2070 3824 2134 3863 ex
2177 3824 2418 3879 persona
2452 3808 2547 3863 Dei
2600 3809 2852 3879 loquens,
2886 3806 3233 3861 alilictionem

45 3903 88 3942 ac
105 3904 295 3950 mortem
324 3898 445 3969 ejus
471 3898 766 3964 indicavit,
806 3898 943 3953 dicit
974 3899 1120 3954 enim
1151 3916 1165 3954 :
1205 3920 1224 3951 ι
1253 3899 1536 3969 Aspicient
1561 3910 1721 3968 quem
1755 3903 2201 3966 compunxerunt
2222 3897 2287 3950 ⁸ο.
2320 3915 2339 3947 ι
2375 3896 2498 3950 Alio
2522 3897 2649 3951 item
2699 3896 2843 3959 loco,
2873 3896 2978 3948 alia
3015 3892 3235 3962 quidem

46 3992 220 4043 persona
247 4000 359 4054 quae
403 3986 577 4040 mittit
639 3985 973 4051 ostenditur,
1012 3986 1119 4042 alia
1157 4002 1285 4042 vero
1335 4003 1459 4058 qua:
1496 3984 1754 4041 mittitur.
1805 3981 2072 4039 Dominus
2137 3983 2265 4038 item
2315 3983 2636 4055 angelorum
2684 3983 3086 4053 promulgatur,
3141 3997 3237 4050 per

46 4080 145 4131 ‘lttos
190 4071 342 4143 legem
403 4089 634 4145 quoque
701 4073 893 4140 dedit,
946 4074 1107 4146 juxta
1172 4074 1306 4131 illud
1363 4092 1376 4128 :
1439 4094 1459 4129 ι
1506 4072 1769 4128 Ordinata
1827 4072 1939 4141 'per
1995 4070 2235 4140 Angelos
2294 4070 2349 4125 in
2423 4085 2589 4124 manu
2656 4071 3047 4126 intercessoris
3084 4068 3152 4124 °‘.
3214 4086 3232 4119 ι

46 4150 296 4224 Stephanus
324 4159 454 4216 item
492 4161 681 4231 inquit
717 4174 734 4215 :
776 4179 794 4212 ι
825 4160 1139 4232 Accepistis
1167 4161 1343 4233 legem
1371 4162 1533 4233 juxta
1561 4161 1883 4232 praescripta
1912 4159 2263 4231 angelorum,
2301 4173 2405 4215 nec
2434 4160 2701 4215 servastis
2735 4160 2801 4212 “.
2843 4177 2862 4210 ›

92 4283 148 4336 Τὸ
173 4286 301 4355 litui,
348 4291 472 4361 ὅρος
520 4291 644 4345 ἐστὶ
688 4292 788 4362 τῆς
840 4292 1065 4363 Φαράν·
1106 4294 1229 4365 ἥτις
1287 4294 1406 4349 ἐστὶ
1454 4294 1555 4364 τῆς
1593 4298 1620 4353 ll

1736 4290 1907 4347 Porro
1954 4289 2085 4346 Sina
2112 4306 2269 4346 mons
2309 4291 2365 4346 in
2415 4291 2640 4347 deserto
2685 4289 2920 4344 Pharam
2950 4331 2965 4355 ,
2997 4288 3144 4359 quod
3183 4288 3234 4342 in

56 4370 270 4445 Ἀραϐίας,
297 4380 369 4445 ὡς
393 4383 421 4434 ὁ
446 4382 664 4445 Παῦλος
695 4382 960 4454 φησιν.Ἢ
992 4383 1048 4437 δὲ
1078 4384 1283 4456 Φαρὰν,
1312 4385 1428 4438 ἐστὶ
1452 4385 1561 4438 Κά-

1715 4385 1887 4449 rabia,
1916 4384 2087 4440 Paulo
2116 4374 2338 4456 quoque
2369 4391 2507 4440 teste
2537 4386 2604 4449 ⁸³,
2649 4383 2814 4439 situm
2850 4390 2956 4438 est.
3006 4383 3075 4436 At
3103 4380 3243 4435 Pha-

46 4462 130 4532 δης,
175 4469 237 4534 ὥς
284 4491 442 4542 φησιν
497 4477 557 4528 ἐν
614 4477 730 4539 τοῖς
775 4476 1075 4546 ’Λριθμοῖς.
1132 4477 1299 4546 Σηεὶρ
1351 4476 1409 4530 δὲ
1465 4476 1559 4530 καὶ

1715 4496 1760 4533 ιη
1808 4477 1988 4533 Cades
2043 4486 2129 4533 est
2185 4477 2651 4549 quemadmodum
2710 4476 2877 4529 tradit
2938 4476 2991 4528 in
3040 4472 3243 4527 Nume-

56 4552 187 4629 Ἐὄώμ
213 4563 347 4617 ἐστιν
386 4567 416 4618 ὁ
456 4566 655 4620 Ἠσαῦ.
699 4559 774 4621 υἷ’)
808 4568 869 4621 τὸ
919 4568 1044 4639 ὅρος
1089 4569 1324 4640 πλησίον
1349 4568 1557 4639 Φαράν.

1714 4587 1739 4626 8
1765 4569 1832 4623 ⁸⁸.
1866 4568 2041 4625 Porro
2066 4568 2189 4624 Scir
2212 4578 2266 4624 et
2299 4568 2467 4622 Edom
2496 4568 2642 4621 Esau
2672 4574 2824 4630 sunt,
2858 4564 3021 4634 cujus
3054 4564 3240 4617 termi-

54 4649 160 4704 «Ἐκ
186 4655 299 4709 Σινὰ
328 4658 401 4722 δὲ,
452 4660 646 4729 φησιν,
696 4660 823 4730 ἥκει
878 4662 1102 4733 Κύριος,
1132 4681 1150 4714 ι
1199 4661 1316 4716 ἀλλ’
1351 4662 1451 4714 οὐκ
1480 4663 1559 4724 εἰς

1714 4678 1768 4718 is
1801 4677 1973 4733 prope
2032 4662 2248 4716 Pharan
2281 4669 2387 4716 est.
2428 4658 2567 4713 Dicit
2600 4674 2727 4713 vero
2761 4676 2775 4713 :
2822 4676 2841 4710 ι
2870 4657 2949 4711 Ex
2987 4655 3121 4710 Sina
3146 4672 3242 4709 ve-

48 4740 158 4808 Σινὰ,
188 4749 270 4803 καὶ
290 4753 561 4823 ἐπέφανεν
610 4756 674 4807 ἐκ
709 4754 902 4825 Σηεὶρ,
942 4756 1257 4825 ὑποφαίνων
1288 4754 1388 4825 τὴν
1422 4755 1562 4808 κατὰ

1710 4754 1745 4806 it
1788 4751 2079 4815 Dominus,
2115 4771 2133 4803 ι
2173 4766 2297 4815 nec,
2346 4747 2403 4803 In
2462 4747 2617 4814 Sina,
2662 4750 2789 4801 item
2828 4754 2982 4800 ortus
3014 4754 3118 4801 est.
3165 4744 3238 4798 Ex

51 4836 183 4906 σάρκα
203 4843 351 4898 αὑτοῦ
383 4846 665 4917 γέννησιν,
703 4847 800 4900 τοῦ
836 4849 930 4902 καὶ
956 4848 1013 4900 ὲν
1041 4848 1171 4901 Σινὰ
1200 4848 1464 4918 φανέντος
1503 4850 1562 4901 ὲν

1713 4844 1789 4900 eir
1848 4843 1969 4912 ejus
2008 4856 2264 4897 eameam
2311 4838 2724 4912 generationem
2775 4836 3055 4902 declarat,
3096 4833 3241 4904 ejus,

48 4926 140 4981 εῖδει
166 4935 334 5003 πυρὸς,
378 4939 474 4991 καὶ
514 4938 809 5002 δεδωκότος
881 4940 1064 5004 αὐτοῖς
1113 4940 1206 4992 τὸν
1249 4939 1433 5010 νόμον,
1474 4939 1562 5005 Ὠς

1714 4947 1913 5003 nquam,
1950 4930 2041 5001 qui
2073 4932 2125 4985 in
2165 4938 2350 4985 monte
2393 4942 2614 4999 quoque
2650 4926 2795 4995 ignis
2846 4927 3016 4996 ﬁgura
3049 4926 3242 4991 eluxit,

48 5019 285 5089 ἀναγκαῖον
313 5029 419 5100 γὰρ
447 5030 632 5093 αὐτοῖς
662 5029 758 5083 καὶ
810 5032 1078 5101 σωτήριον
1109 5028 1266 5082 τοῦτο
1295 5028 1357 5083 τὸ
1386 5030 1562 5100 μάθη-

1718 5040 1951 5095 gemque
1994 5025 2127 5094 ipsis
2160 5023 2406 5085 tradidit,
2445 5038 2609 5091 quam
2646 5020 2953 5091 disciplina:
2988 5034 3244 5074 necessa-

52 5125 103 5173 μα
128 5118 478 5187 παραδίδωσιν,
515 5123 598 5174 ὅτι
645 5121 942 5192 ὀφθήσεται
984 5123 1048 5174 ὲκ
1080 5121 1246 5191 Σηείρ
1273 5136 1285 5151 ο
1328 5121 1387 5185 ὃς
1413 5122 1563 5174 ἐστιν

1714 5135 1759 5172 ω
1803 5134 1865 5172 ac
1906 5117 2167 5172 salutaris
2218 5117 2338 5171 vice
2391 5116 2500 5170 illis
2545 5115 2917 5169 commendat.
2968 5111 3240 5178 Quoniam

58 5200 188 5275 Ἐἰὼμ
205 5224 216 5237 ⁶
233 5211 399 5283 Ἐδὼμ
421 5214 503 5278 δὲ,
533 5216 561 5268 ὁ
588 5216 796 5284 γήϊνος.
823 5234 841 5265 ι
868 5215 978 5267 Καὶ
995 5214 1354 5278 κατέσπευσε,
1371 5214 1559 5282 φησὶν,

1714 5210 2035 5281 mspicietur
2062 5226 2129 5265 ex
2160 5209 2303 5274 Seir,
2348 5208 2443 5280 qui
2503 5215 2756 5262 terrenus
2798 5204 2965 5258 Ειιιιιιι
3011 5211 3119 5258 cst.
3178 5202 3242 5254 Et

51 5292 228 5368 έξὸρους
253 5305 449 5376 Φαρὰν,
482 5326 502 5359 ι
526 5306 619 5360 τοῦ
655 5307 823 5376 νόμου
870 5308 969 5378 τὴν
1000 5306 1214 5359 παῦλαν
1253 5304 1451 5374 δηλῶν.
1485 5306 1560 5359 Οὐ

1712 5305 1835 5358 ιυνίι
1869 5318 1935 5357 ex
1986 5312 2171 5357 monte
2223 5302 2462 5364 Pbaran,
2508 5316 2619 5371 quo
2660 5300 2794 5370 legis
2832 5299 2991 5351 linem
3045 5294 3240 5350 subin-

54 5388 129 5453 Yip
152 5389 219 5443 ἔτι
258 5397 395 5467 μόνῳ
445 5397 780 5469 χρηματίζει
823 5398 902 5469 τῷ
944 5398 1198 5468 προτέρῳ
1245 5397 1380 5469 λαῷ,
1426 5396 1563 5451 ἀλλὰ

1711 5397 1805 5460 υἱι,
1844 5411 1952 5449 ιιοη
1992 5396 2135 5450 enim
2166 5396 2344 5466 primo
2377 5394 2580 5464 populo
2604 5391 2828 5446 oracula
2864 5396 3078 5459 promet
3115 5388 3239 5449 soli,

54 5479 121 5528 καὶ
142 5485 283 5540 πᾶσιν
306 5489 402 5559 ήδη
434 5494 547 5555 τοῖς
586 5491 787 5546 ἔθνεσι.
821 5492 1098 5562 Γράφεται
1125 5491 1182 5545 δὲ
1218 5490 1331 5556 καὶ,
1374 5509 1391 5541 ι
1426 5507 1561 5543 κατ-

1716 5506 1850 5543 ξῐῚΙιιὶ
1899 5488 2115 5543 cunctis
2163 5502 2327 5558 porro
2371 5488 2648 5557 gentibus.
2700 5482 2972 5537 Scribitur
3006 5482 3157 5543 item,
3190 5489 3244 5533 et

53 5567 285 5642 inuam,»
306 5582 436 5653 ὅπερ
454 5583 604 5651 δηλοί
623 5583 683 5638 τὸ
708 5584 1032 5648 σπουδάζειν
1056 5570 1219 5637 ἀύτὸν
1241 5581 1561 5636 καταλιπεῖν

1720 5576 1981 5642 stillavit,
2018 5593 2127 5647 quo
2187 5575 2463 5631 indicatur
2511 5574 2753 5630 studium
2802 5586 2912 5640 quo
2956 5568 3243 5624 contendit

110 5751 143 5782 ³⁷⁵
170 5753 336 5834 Matth.
370 5761 559 5834 x.__i0.r
620 5763 663 5795 ⁵⁵
694 5762 853 5818 Joan.
901 5778 1029 5834 xtx,_
1060 5762 1150 5816 26.
1228 5761 1275 5793 ⁵⁸
1312 5760 1447 5834 Ψίρο

1708 5760 1737 5788 ”
1776 5757 2068 5834 llehr_._vn,
2111 5756 2199 5834 _l9.
2314 5754 2358 5786 ⁸⁸
2390 5753 2545 5834 Psa_l._
2602 5766 2802 5834 eripvit,
2847 5750 2936 5834 .20.
2984 5750 3060 5802 ,³³
3093 5750 3236 5832 l‘saj'.

288 5831 665 5955 “fciam-har.
707 5850 799 5897 xu,
848 5834 956 5901 lt);
1002 5822 1159 5888 Joan.
1203 5832 1432 5900 x1x,37.
1509 5831 1551 5861 ⁶¹
1587 5828 1762 5884 Galat.
1797 5844 1878 5895 Ill,
1918 5828 1995 5882 [9.
2056 5822 2061 5825 ⁷
2109 5828 2153 5859 ⁶²
2194 5829 2316 5881 Act.
2352 5842 2447 5893 vn,
2483 5824 2568 5878 55.
2672 5822 2717 5852 ⁸³
2765 5822 2942 5875 Galat.
3019 5836 3101 5885 tv,
3149 5822 3237 5899 $3.5.
