4058 6518
671 389 776 452 979
1970 405 2257 467 PROCOP

2361 407 2596 467 GAZ/EI
3805 410 3887 470 9‘0

670 505 921 561 umbram
963 506 1028 560 ad
1067 505 1347 564 veritatem
1383 509 1733 569 festinantem
1759 516 2033 574 deserere.
2069 519 2247 576 Caete-

2361 523 2446 592 τὴν
2497 522 2677 588 σκιὰν,
2730 521 2869 592 πρὸς
2905 521 3004 593 τὴν
3047 522 3306 595 ἀλήθειαν
3348 521 3722 592 ἐπειγόμενον.
3764 523 3814 577 '0
3848 529 3889 581 δὲ

669 614 792 653 rum
833 599 1058 666 Aquilus
1089 602 1367 670 exposuit,
1423 602 1493 657 Et
1548 605 1726 662 illuxit
1761 627 1780 674 ;
1831 607 2058 665 emicuit
2099 613 2246 666 enim

2361 614 2594 679 Ἀκύλας
2640 615 2926 682 ἐξέδωκεν,
2971 615 3266 686 ἀνεφάνη.
3315 615 3534 686 Πέφηνε
3581 617 3688 684 γὰρ
3725 617 3781 668 ἐκ
3819 622 3891 672 rei

671 707 737 744 ex
792 691 992 759 popqu
1049 692 1142 759 qui
1191 693 1396 764 recepit
1447 695 1621 765 legem
1663 714 1677 749 :
1732 716 1750 751 ι
1783 699 1862 753 Ex
1912 701 2050 755 Juda
2098 702 2244 756 enim

2361 705 2479 759 λαοῦ
2529 706 2624 759 τοῦ
2678 707 2976 778 δεξαμένου
3032 708 3126 763 τὸν
3180 707 3367 778 νόμον.
3421 728 3440 759 ι
3480 705 3575 770 Ἐξ
3614 707 3771 759 Ἰούδα
3810 710 3893 778 γὰρ

673 786 900 835 exortus
927 788 1011 834 est
1046 779 1330 848 Dominus,
1361 801 1378 834 ι
1413 783 1571 853 juxta
1605 786 1792 841 divum
1823 788 2143 860 Apostolum
2177 793 2243 845 ⁸⁸.

2361 796 2712 852 ἱνατέταλκεν
2744 801 2773 852 6
2808 799 3032 870 Κύριος,
3093 819 3112 851 ι
3165 799 3309 854 κατὰ
3358 799 3449 853 τδν
3499 799 3644 852 θεῖον
3680 799 3896 851 Ἀπόστε-

673 869 1020 941 Quapropter
1063 871 1323 929 Servator
1353 892 1573 946 quoque
1606 878 1788 949 inquit
1817 897 1831 933 :
1868 898 1888 932 ι
1918 879 1974 936 Si
2005 883 2245 937 credidi-

2361 894 2460 944 λον.
2492 891 2584 944 Διὸ
2623 891 2718 944 καὶ
2755 893 2783 945 ὁ
2815 869 3008 963 Σωτήρ
3053 909 3241 962 φησιν,
3279 891 3382 946 «Et
3421 888 3738 943 ἐπιστεύετε
3765 889 3894 942 Mur}—

674 965 777 1018 stis
816 963 975 1030 Mosi,
1011 965 1174 1019 etiam
1211 968 1340 1023 mihi
1373 970 1613 1025 credetis
1643 971 1854 1040 utique,
1890 973 1958 1028 de
1985 990 2070 1029 me
2099 979 2244 1030 enim

2361 981 2456 1045 ssi,
2499 980 2815 1034 ἐπιστεύετε
2860 981 2926 1036 ἂν
2969 981 3158 1053 κάμοί.
3202 981 3342 1052 Περὶ
3388 979 3530 1052 ἐμοῦ
3578 979 3685 1050 γὰρ
3727 980 3892 1041 ὲκεῑνῡς

675 1057 900 1125 scripsit
923 1057 1040 1126 ipse
1067 1059 1132 1113 “.
1166 1078 1184 1111 ι
1217 1059 1493 1131 Scriptum
1519 1063 1754 1133 denique
1801 1067 1966 1119 etiam
2016 1075 2197 1122 exstat
2232 1087 2245 1122 :

2361 1071 2583 1140 ἔγραψε.
2615 1091 2631 1124 ι
2671 1073 2982 1146 Γέγραπταί
3009 1091 3070 1128 τε
3097 1073 3259 1128 πάλιν
3287 1089 3301 1104 ο
3336 1091 3356 1124 ι
3386 1074 3514 1127 Ὅτι
3540 1073 3576 1142 ἡ
3601 1071 3822 1142 σωτηρία
3844 1074 3894 1126 ἐκ

683 1165 701 1197 ι
727 1148 882 1214 Quod
907 1151 1056 1206 salus
1079 1167 1110 1206 e
1143 1150 1346 1210 Judais
1376 1155 1448 1209 sit
1482 1154 1547 1211 ⁸⁷.
1575 1175 1593 1208 ι

2361 1163 2464 1216 τῶν
2504 1164 2773 1220 Ἰουδαίων
2798 1168 2934 1223 ἐστί.
2977 1188 2994 1220 ι

749 1281 1119 1352 lnquitvero:
1155 1285 1336 1341 «Cum
1382 1289 1568 1344 decem
1611 1291 1880 1357 millibus,
1911 1309 1939 1346 a
1994 1292 2204 1348 dextris
2238 1294 2360 1364 ejus
2410 1299 2588 1369 angeli
2631 1315 2818 1356 secum
2865 1314 3014 1364 sunt,
3052 1321 3071 1354 ι
3115 1317 3228 1371 quo
3275 1312 3604 1356 sanctarum
3651 1297 3893 1369 copiarum

681 1367 976 1456 Dominum
1009 1387 1132 1427 esse
1163 1373 1389 1430 indicat.
1427 1377 1655 1446 Aquilas
1681 1380 1826 1434 enim
1860 1381 2040 1434 adhuc
2064 1381 2270 1437 clarius
2308 1367 2534 1456 inquit:
2575 1389 2618 1441 Α
2659 1390 2838 1444 decem
2868 1391 3108 1445 millibus
3134 1367 3461 1454 sanctuarii,
3515 1405 3548 1442 a
3583 1367 3762 1439 dextra
3786 1388 3894 1455 ejus.

681 1455 818 1510 Cum
847 1459 990 1512 enim
1021 1474 1322 1532 supernam
1361 1465 1702 1534 majestatem
1755 1466 2154 1523 incarnationis
2197 1455 2430 1539 ratione,
2481 1491 2608 1530 cum
2643 1491 2675 1531 a
2726 1477 2923 1533 dextra
2975 1478 3159 1534 Patris
3188 1486 3354 1540 esset,
3405 1475 3743 1546 reliquisset,
3774 1475 3899 1530 nobis

683 1559 804 1599 sese
839 1547 1090 1614 praebuit,
1121 1550 1362 1619 pepercit
1383 1554 1609 1622 populo,
1638 1562 1695 1609 et
1725 1555 1996 1624 populum
2021 1557 2281 1621 alienum,
2309 1575 2455 1616 nunc
2482 1573 2665 1618 autem
2706 1563 2827 1630 Dei,
2865 1565 3132 1630 servavit,
3159 1579 3278 1628 eos,
3309 1564 3562 1634 inquam,
3607 1577 3742 1631 quos
3769 1561 3899 1615 mise-

683 1631 916 1685 ricordia
953 1632 1045 1688 Dei
1096 1650 1204 1690 non
1247 1640 1762 1708 comprehenderat,
1816 1657 1962 1697 nunc
2019 1657 2151 1697 vero
2185 1649 2570 1714 apprehendit,
2627 1651 3089 1720 quemadmodum
3139 1651 3338 1707 Petrus
3378 1631 3616 1720 magnus
3661 1647 3901 1718 apostolus

683 1715 862 1786 inquit
891 1720 954 1772 ⁸⁸.
999 1721 1111 1775 Sub
1152 1738 1315 1778 manu
1351 1741 1484 1780 vero
1511 1726 1720 1782 detinet
1753 1743 1945 1784 omnes
1974 1728 2352 1788 sanctificatos
2400 1737 2543 1805 regis
2602 1715 2804 1802 instar,
2835 1753 2866 1792 a
2896 1739 3054 1808 cujus
3090 1754 3222 1794 sane
3259 1738 3592 1801 ministerio,
3625 1752 3730 1790 non
3773 1736 3901 1788 aliter

682 1822 846 1874 quam
873 1810 1048 1877 patris
1082 1820 1233 1865 stant
1268 1830 1281 1866 :
1310 1832 1330 1866 ι
1361 1815 1557 1869 Omnia
1589 1816 1736 1870 enim
1772 1817 2005 1886 pedibus
2043 1818 2164 1888 ejus
2208 1819 2445 1891 subjecit
2478 1825 2541 1874 ³ο.
2586 1843 2604 1876 ι
2648 1824 2823 1880 Porro
2851 1841 2921 1882 ex
2969 1827 3087 1896 ipso
3136 1841 3356 1897 quoque
3388 1827 3474 1879 lex
3531 1823 3776 1894 loquitur
3807 1838 3902 1890 quae

686 1908 783 1965 per
809 1894 976 1952 Mosis
1007 1897 1458 1956 intercessionem
1487 1903 1762 1972 praecipue
1796 1907 2090 1978 synagogis
2119 1905 2312 1974 Jacob,
2352 1907 2514 1979 473
2559 1911 2661 1966 hoc
2714 1920 2822 1978 est,
2864 1894 3050 1968 lsraeli
3097 1894 3219 1967 data
3259 1894 3361 1968 est.
3401 1910 3467 1964 Et
3498 1911 3607 1966 erit
3658 1909 3710 1963 in
3737 1910 3903 1963 dilecto

683 1982 962 2054 princeps,
999 2002 1066 2041 ex
1101 2003 1212 2057 quo
1238 1988 1372 2046 illud
1405 1991 1531 2046 licet
1558 1993 1833 2049 aestimare
1855 2010 1925 2065 qu
1941 1995 2010 2050 od
2042 1995 2211 2051 Pater
2240 2010 2339 2065 per
2369 1997 2632 2049 dilectum
2665 2012 2824 2052 suum
2854 1997 3055 2053 Filium
3089 2000 3247 2054 nobis
3279 1997 3581 2067 imperitet.
3623 2012 3640 2046 ι
3670 1994 3758 2048 Ille
3784 1995 3902 2046 enim

684 2085 838 2125 meus
863 2083 946 2127 est
973 2071 1139 2130 Filius
1166 2077 1424 2146 dilectus,
1449 2095 1558 2149 quo
1593 2080 1726 2134 mihi
1749 2081 1850 2151 ipsi
1876 2083 2083 2153 placeo.
2116 2102 2134 2134 ι
2172 2081 2320 2138 Licet
2349 2097 2558 2137 necnon
2634 2086 2914 2153 apostolos
2972 2084 3281 2156 principum
3329 2084 3450 2138 loco
3477 2081 3696 2146 habere,
3731 2078 3791 2135 de
3808 2080 3902 2148 qui-

683 2158 787 2214 bus
817 2159 985 2214 David
1016 2161 1193 2232 inquit
1225 2181 1239 2218 :
1280 2182 1298 2217 ι
1331 2163 1558 2236 Subegit
1588 2167 1748 2223 nobis
1782 2169 2032 2239 populos,
2073 2177 2128 2225 et
2153 2185 2255 2242 gen
2273 2177 2358 2225 tes
2395 2171 2498 2226 sub
2537 2172 2703 2240 pedes
2734 2183 2960 2230 nostros
2991 2174 3056 2228 ⁷¹.
3097 2192 3117 2225 ι

763 2293 915 2349 Vivat
937 2295 1110 2351 Ruben
1127 2315 1217 2353 nec
1236 2303 1512 2355 moriatur.
1536 2301 1798 2374 [XXXIIL
1815 2303 1892 2376 6.]
1914 2303 2256 2374 Singularem

2430 2304 2596 2371 Ζήτω
2643 2306 2902 2376 Ῥουϐὶμ,
2935 2306 3032 2360 καὶ
3061 2305 3148 2375 μὴ
3177 2303 3549 2360 ἀποθανέτω.
3593 2300 3704 2370 Τὴν
3743 2299 3900 2352 Ἰακίιύ

683 2384 869 2441 Jacobi
891 2388 1321 2445 maledictionem
1339 2407 1367 2445 a
1383 2392 1527 2447 tribu
1547 2394 2020 2466 amolitur,partim
2036 2395 2254 2466 quidem

2361 2397 2417 2450 ἐν
2442 2398 2597 2466 μέρει
2619 2397 2864 2467 κατάραν
2887 2398 2953 2450 ὲκ
2977 2396 3079 2466 τῆς
3108 2395 3282 2464 φυλῆς
3325 2391 3722 2464 ἀποτρίϐεται·
3744 2389 3800 2442 τὺ
3827 2389 3902 2456 μὲν

685 2491 808 2530 eam
833 2475 1191 2547 labefactans,
1208 2482 1400 2550 partim
1423 2497 1548 2538 vero
1566 2483 1618 2538 in
1637 2492 1784 2540 statu
1800 2500 1902 2542 suo
1919 2485 2254 2556 relinquens.

2361 2485 2527 2556 αὐτῆς
2551 2483 2818 2550 ἀναλύων,
2839 2484 2901 2538 τὺ
2924 2484 2981 2538 δὲ
3003 2481 3322 2539 καταλιπὼν
3343 2483 3436 2536 ἐπὶ
3460 2481 3764 2551 σχήματος.
3788 2477 3899 2544 Ἔφη

689 2565 875 2636 lnquit
910 2569 1054 2622 enim
1077 2583 1090 2620 :
1138 2587 1156 2620 ι
1183 2568 1260 2623 Ne
1285 2571 1586 2641 ebullieris,
1610 2573 1712 2630 hoc
1739 2586 1843 2644 est,
1864 2592 1932 2632 ne
1955 2576 2257 2632 incalescas

2361 2579 2487 2650 γὰρ,
2525 2597 2544 2630 ι
2581 2579 2673 2649 Μὴ
2695 2578 2946 2650 ὲκζέσῃς,
2972 2597 2991 2630 ι
3014 2578 3260 2632 τουτέστι
3296 2574 3372 2647 μὴ
3392 2571 3792 2645 ὲκθερμανθῇς,
3809 2589 3825 2620 ι
3842 2571 3901 2630 εἰς

686 2658 753 2712 ad
786 2661 1184 2728 procreandum
1238 2663 1481 2720 sobolem
1527 2667 1594 2720 τ’.
1633 2685 1652 2719 ι
1685 2667 1840 2734 Quod
1877 2684 2009 2724 sane
2039 2669 2258 2738 infregit

2361 2667 2704 2735 πολυγονίαν.
2745 2685 2766 2719 ι
2801 2667 2981 2737 Ὅπερ
3021 2665 3211 2720 ἔλυσεν
3253 2664 3504 2729 εἰκότως,
3545 2660 3637 2715 διὰ
3671 2658 3764 2731 τὴν
3797 2656 3902 2728 πρὸς

685 2753 880 2806 merito
915 2763 1134 2822 propter
1181 2770 1424 2811 amorem
1457 2772 1568 2828 quo
1597 2758 1822 2816 fratrem
1868 2776 2028 2816 suum
2053 2759 2255 2832 Joseph

2369 2757 2569 2829 Ἰωσὴφ
2618 2755 2993 2827 φιλαδελφίαν.
3034 2756 3108 2809 Τὸ
3134 2757 3212 2824 δὲ,
3242 2757 3317 2826 μὴ
3373 2752 3698 2825 βασιλεῦσαι
3721 2749 3807 2821 τὴν
3824 2766 3902 2816 cpu-

683 2848 769 2894 est
797 2842 1134 2912 c0mplexus.
1192 2843 1326 2900 lllnd
1366 2861 1542 2903 vero:
1594 2868 1612 2902 ι
1659 2849 1777 2905 Non
1838 2861 2029 2923 regnet
2081 2853 2258 2910 tribus

2361 2851 2475 2922 λὴν,
2536 2851 2634 2904 ούκ
2679 2848 2940 2904 ἀνέλυσεν
2985 2849 3185 2919 Εῐρητο
3233 2847 3342 2918 γὰρ
3383 2845 3525 2899 κατὰ
3567 2845 3667 2913 μὲν
3713 2841 3825 2904 τοὺς
3842 2841 3900 2905 0',

685 2932 823 2996 haec,
869 2934 1152 2989 immotum
1212 2937 1435 3009 reliquit
1469 2940 1534 2994 ⁷³.
1580 2959 1600 2994 ι
1659 2940 1872 2997 Dictmn
1925 2944 2068 2999 enim
2112 2947 2256 3015 apud

2361 2947 2624 3012 Σκληρός
2664 2943 2970 3012 φέρεσθαι,
3008 2942 3279 3009 σκληρὸς
3301 2938 3396 2994 καὶ
3417 2937 3712 3004 αὐθάδης,
3756 2935 3903 2989 καὶτὰ

687 3024 1041 3097 Septuaginta
1068 3035 1248 3084 exstat
1288 3044 1303 3082 :
1345 3029 1611 3088 Robustus
1643 3033 1713 3087 ad
1735 3034 2030 3104 ferculum,
2069 3037 2256 3102 durus,

684 3127 992 3183 contumax,
1011 3126 1058 3172 et
1086 3134 1206 3189 quae
1227 3119 1502 3190 deinceps.
1530 3123 1684 3190 Quod
1702 3126 1931 3196 Aquilas
1953 3127 2027 3181 ita
2053 3127 2217 3183 habet
2241 3144 2254 3179 :

685 3208 960 3283 Suprrﬂue
975 3212 1243 3280 accepisti,
1265 3223 1313 3266 et
1335 3224 1549 3288 propter
1569 3216 1729 3270 robur
1757 3226 1904 3272 tuum
1935 3219 2258 3289 superﬂuum

681 3299 923 3358 ebullisti
967 3311 1222 3373 tanquam
1275 3321 1435 3375 aqua,
1487 3308 1705 3380 ideoque
1748 3328 1850 3366 non
1898 3312 2258 3368 luxuriaberis

685 3394 937 3464 amplius.
969 3393 1091 3461 Quo
1114 3399 1526 3468 praerogativam
1557 3415 1620 3456 ac
1643 3402 2021 3458 excellentiam
2048 3404 2260 3475 imperii

685 3487 735 3541 ei
765 3487 953 3558 negari
990 3487 1216 3543 indicat.
1254 3487 1724 3555 Quemadmodum
1759 3494 1924 3549 etiam
1962 3495 2256 3552 Servatur:

2358 3037 2517 3107 ἑξῆς·
2554 3035 2694 3088 κατὰ
2731 3034 2790 3089 δὲ
2829 3037 2922 3089 τὸν
2963 3033 3195 3087 Ἀκύλαν
3222 3049 3235 3062 ·
3273 3031 3538 3099 Περισσὰ
3562 3027 3795 3094 λαϐεῖν,
3827 3026 3904 3078 καὶ

2355 3131 2425 3184 ἐκ
2455 3129 2752 3196 περισσοῦ
2778 3126 3095 3197 κρατῆσαι.
3129 3125 3490 3194 ’Υπερζέσας
3520 3123 3607 3188 ὡς
3636 3120 3903 3188 Memora

2357 3223 2471 3292 ἔσῃ
2519 3222 2968 3290 περισσότερος,
3009 3219 3068 3272 τὸ
3096 3217 3349 3289 περιττὸν
3388 3216 3484 3268 καὶ
3542 3213 3802 3282 ὑπερέχον
3830 3211 3905 3275 τῆς

2361 3310 2638 3383 βασιλείας
2699 3309 2898 3381 δηλῶν,
2953 3309 3029 3371 ὡς
3062 3307 3157 3360 καὶ
3204 3309 3231 3359 6
3270 3306 3460 3374 Σωτήρ
3488 3321 3500 3333 ·
3531 3322 3556 3372 ι
3591 3302 3730 3370 Ἐγὼ
3755 3295 3902 3370 ἦλθον,

2362 3405 2548 3475 φησὶν,
2583 3403 2670 3456 ἵνα
2699 3400 2844 3473 ζωὴν
2875 3400 3066 3470 ἔχωσι,
3095 3400 3190 3452 καὶ
3217 3397 3478 3468 περισσὸν
3514 3395 3706 3464 ἔχωσι.
3733 3411 3749 3444 ι
3783 3389 3903 3443 ne

2362 3491 2602 3564 περισσά
2630 3490 2841 3555 λαϐεῖν,
2873 3489 2968 3544 καὶ
2995 3491 3060 3542 ἐκ
3100 3486 3365 3559 περισσοῦ
3410 3484 3719 3556 κρατῆσαι,
3760 3479 3902 3535 αἰτίαν

691 3597 710 3628 ι
749 3575 884 3647 Ego,
919 3578 1122 3647 inquit,
1155 3579 1278 3633 veni
1301 3589 1360 3634 ut
1394 3581 1559 3636 vitam
1595 3582 1853 3652 habeant,
1887 3585 2050 3656 idque
2083 3586 2260 3641 abun-

687 3669 757 3728 de
790 3670 856 3725 ⁷⁸.
896 3689 914 3723 ι
939 3671 1207 3728 Cancrum
1235 3673 1385 3742 quod
1417 3674 1638 3729 domum
1673 3675 1863 3732 Ruben
1911 3679 1958 3731 is
1997 3693 2060 3733 ac
2089 3677 2260 3733 robur

689 3763 1026 3833 superfluum
1052 3773 1392 3833 exsecratur,
1425 3782 1545 3823 eam
1573 3783 1795 3824 causam
1829 3769 2012 3835 habet,
2036 3770 2164 3840 quia
2191 3770 2258 3825 ad

689 3855 973 3912 libidinem
1009 3857 1271 3926 proclivis
1321 3857 1445 3923 fuit,
1493 3867 1546 3914 et
1579 3859 1750 3930 patris
1792 3860 1988 3914 lectum
2041 3861 2256 3930 polluit.

689 3946 1013 4015 llujusmodi
1045 3962 1262 4018 quoque
1295 3948 1510 4006 Davidis
1558 3951 1690 4005 illud
1740 3961 1847 4013 est,
1881 3965 2008 4007 cum
2043 3950 2259 4008 Nathan

690 4035 906 4106 inquit:
938 4054 957 4088 ι
985 4036 1336 4105 Nequaquam
1379 4039 1634 4096 morieris
1658 4041 1726 4105 ⁷³,
1774 4059 1794 4092 ι
1835 4041 2084 4113 legisque
2128 4059 2261 4098 con-

690 4127 1041 4182 demnatione
1063 4142 1188 4183 eum
1213 4127 1481 4196 sublevat,
1508 4131 1686 4188 minas
1713 4142 1895 4188 autem
1917 4141 1972 4188 et
2009 4135 2261 4190 aculeum

691 4218 976 4289 sanguinis
999 4219 1049 4274 ei
1085 4220 1366 4290 relinquit.
1391 4220 1656 4286 Quamvis
1695 4224 1858 4279 etiam
1891 4225 1960 4279 ab
1991 4227 2094 4280 hoc
2127 4227 2263 4281 libe-

690 4312 801 4373 rari
836 4313 907 4368 sit
935 4320 1190 4382 precatus
1211 4311 1411 4369 David:
1437 4329 1456 4364 ι
1482 4311 1673 4368 Libera
1708 4329 1792 4370 me
1819 4330 1848 4369 a
1873 4317 2260 4388 sanguinibus,

691 4421 724 4458 ο
755 4402 916 4468 Deus,
960 4402 1104 4459 Deus
1144 4402 1340 4460 salutis
1387 4419 1521 4460 meae
1544 4406 1606 4458 ⁷⁸.
1663 4425 1682 4457 ι
1716 4405 1835 4464 Νοη
1871 4409 2011 4466 enim
2039 4409 2262 4480 aequalis

697 4512 823 4566 erga
856 4511 1046 4552 omnes
1078 4496 1327 4566 supplicii
1350 4513 1607 4554 mensura
1630 4508 1732 4554 est.

765 4587 1000 4652 Exaudi,
1035 4587 1275 4656 Domine,
1303 4606 1474 4644 vocem
1495 4589 1660 4646 Iuda.
1697 4591 1796 4665 [7.]
1817 4592 2146 4661 Simeonem,
2172 4598 2265 4667 qui

692 4694 797 4739 una
824 4694 948 4732 cum
973 4677 1100 4734 Levi
1127 4679 1560 4736 exsecrationem
1596 4690 1876 4751 receperat
1921 4695 2139 4754 propter
2167 4686 2264 4741 de-

2363 3583 2594 3655 παρέχει
2626 3582 2696 3634 δι’
2717 3583 2784 3652 ἣν
2815 3581 3038 3651 ἀρᾶται,
3097 3577 3512 3651 παραστατικὴν
3544 3576 3649 3645 τῆς
3684 3571 3901 3644 περιττῆς

2360 3676 2572 3749 ἡδονῆς,
2602 3676 2668 3730 δι’
2693 3675 2760 3748 ἢν
2787 3675 2880 3728 ἐπὶ
2913 3674 3012 3744 τὴν
3051 3672 3238 3744 κοίτην
3288 3669 3675 3739 ὲπαναῦέϐηκε
3707 3664 3792 3720 τοῦ
3821 3681 3900 3715 πα-

2358 3767 2676 3842 τρός.οὒτω
2705 3769 2799 3822 καὶ
2823 3767 2916 3820 ἐπὶ
2940 3765 3032 3820 τοῦ
3047 3765 3233 3828 Δαὸὶδ,
3250 3763 3312 3817 τὸ
3340 3764 3458 3834 μὲν,
3483 3780 3502 3813 ι
3528 3760 3611 3816 Ού
3637 3759 3712 3830 μὴ
3731 3755 3897 3812 ἁποοά-

2361 3881 2476 3934 νῃς,
2511 3879 2530 3913 ι
2575 3862 2604 3914 6
2659 3857 2849 3914 Νάθαν
2889 3859 3059 3928 φησὶ,
3122 3856 3216 3910 τὸν
3266 3856 3331 3908 ὲκ
3379 3853 3472 3907 τοῦ
3507 3853 3679 3922 νόμου
3711 3849 3900 3903 Θάνατον

2363 3954 2646 4026 ἀφαιρῶν,
2699 3951 2799 4022 τὴν
2849 3949 2909 4004 δὲ
2948 3947 3058 4004 τῶν
3125 3946 3376 4018 αἱμάτων
3418 3941 3736 3998 καταλιπὼν
3775 3940 3901 4039 ἀπει-

2361 4047 2490 4118 λήν·
2522 4045 2699 4100 καίτοι
2725 4043 2819 4098 καὶ
2843 4041 2973 4110 περὶ
2992 4038 3196 4108 ταύτης
3224 4035 3523 4106 εὐξαμένου
3553 4032 3746 4087 Δαόίδ·
3775 4048 3792 4082 ι
3810 4029 3900 4080 Ῥύ-

2365 4157 2455 4194 σαι
2510 4156 2576 4208 με
2612 4137 2674 4202 ἐξ
2718 4135 2985 4206 αἱμάτων,
3012 4135 3040 4186 6
3094 4130 3248 4194 Θεὸς,
3285 4129 3314 4181 6
3365 4126 3498 4190 Θεὸς
3521 4126 3624 4197 τῆς
3667 4121 3902 4192 σωτηρίας

2369 4251 2489 4303 μου.
2533 4252 2549 4283 ι
2607 4231 2682 4285 Ού
2718 4229 2826 4300 γὰρ
2867 4228 2982 4284 ἴσον
3024 4225 3118 4279 ἐπὶ
3157 4223 3378 4280 πάντων
3418 4221 3520 4291 τῆς
3561 4215 3817 4290 τιμωρίας
3855 4212 3900 4264 τὸ

2369 4328 2587 4397 μέτρον.

2440 4595 2844 4659 Είσὰκουσον,
2863 4594 3057 4661 Κύριε,
3083 4589 3291 4660 φωνῆς
3321 4587 3529 4645 Ἰούδα.
3549 4586 3809 4655 Παρέλιπε
3833 4577 3902 4632 τὸν

2369 4690 2632 4759 Συμεῶνα
2653 4687 2744 4740 τὸν
2771 4686 2886 4756 ἅμα
2930 4684 3062 4738 Λευτ
3107 4683 3206 4753 τὴν
3243 4681 3489 4752 κατάραν
3537 4679 3811 4746 δεξάμενον
3832 4671 3915 4728 διὰ,

691 4772 1051 4825 vastationem
1081 4770 1326 4836 Sichem,
1358 4773 1742 4840 praetermisit;
1787 4774 1858 4829 ob
1902 4791 2066 4846 quam
2097 4775 2259 4833 Jacoh

2370 4781 2467 4850 τὴν
2494 4778 2759 4848 πόρθησιν
2790 4774 3050 4844 Σικίμων.
3077 4773 3243 4826 Ὀθεν
3269 4772 3454 4841 ἔλεγεν
3490 4769 3684 4824 Ἰακώϐ
3706 4785 3718 4799 ·
3754 4786 3770 4818 ι
3803 4767 3900 4816 Δια-

694 4861 921 4929 protulit
953 4879 965 4913 :
997 4880 1014 4912 ι
1041 4861 1349 4917 Distraham
1374 4878 1470 4918 eos
1500 4863 1554 4918 in
1577 4862 1770 4932 Jacob,
1795 4876 1849 4921 et
1880 4867 2150 4937 disjiciam
2174 4885 2259 4925 eos

2376 4871 2550 4939 μεριῶ
2575 4869 2773 4932 αὐτοὺς
2795 4868 2853 4919 ὲν
2895 4864 3110 4930 Ἰακὼϐ,
3135 4864 3231 4917 καὶ
3252 4863 3636 4933 διασκορπίσω
3665 4858 3835 4918 αὐτοὺς
3858 4854 3900 4904 ἐν

701 4956 751 5005 in
779 4951 945 5022 Israel
979 4954 1047 5008 ".
1090 4973 1108 5006 ι
1141 4953 1410 5009 Caeterum
1433 4954 1561 5010 Levi
1597 4957 1815 5028 quidem
1850 4959 2140 5016 sacerdotii
2172 4977 2259 5016 no-

2389 4960 2771 5032 Ἰερουσαλήμ.
2818 4978 2836 5010 ι
2879 4957 3018 5010 Ἀλλ’
3060 4959 3088 5010 6
3126 4955 3223 5027 μὲν
3260 4952 3392 5008 Acut
3432 4954 3530 5021 τῆς
3557 4954 3698 5022 ἀρᾶς
3732 4949 3805 5051 διὰ
3827 4949 3902 5050 τῇς

708 5044 849 5099 mine
898 5043 1336 5102 maledictionem
1388 5048 1612 5114 ademit,
1644 5051 2155 5124 dispersionemque
2183 5072 2259 5124 pel

2371 5054 2673 5126 ἱερωσύνης
2705 5051 3008 5114 ὲπαύσατο,
3040 5051 3134 5102 καὶ
3172 5047 3272 5118 τὴν
3316 5045 3620 5114 διασπορὰν
3662 5043 3792 5109 αύτῷ
3829 5043 3899 5104 τὴν

697 5135 871 5192 tribus
899 5136 1206 5192 obeundum
1232 5137 1442 5193 felicem
1485 5155 1550 5194 ac
1580 5140 1790 5195 beatam
1840 5143 2097 5200 reddidit.
2129 5145 2259 5202 Tan-

2371 5150 2429 5202 ὲν
2454 5149 2572 5210 ταῖς
2595 5144 2790 5214 φυλαῖς
2825 5142 3200 5211 εύλογημένην
3240 5141 3408 5192 ποιεῖ.
3444 5140 3539 5202 Ὠς
3583 5137 3692 5207 γάρ
3717 5134 3899 5228 ξένος

698 5243 860 5295 quant
896 5229 1222 5298 peregrinus
1247 5230 1390 5284 enim
1427 5229 1480 5283 in
1505 5231 1745 5286 tribuum
1781 5232 2010 5290 decimis
2039 5235 2251 5292 habitat

2370 5239 2492 5299 ταῖς
2517 5237 2582 5288 ὲκ
2598 5235 2707 5288 τῶν
2735 5233 2918 5303 φυλῶν
2939 5232 3218 5302 ἀπαρχαῖς
3247 5228 3640 5291 κατοικίζεται,
3666 5223 3790 5278 κατὰ
3809 5232 3899 5325 τους

702 5320 841 5375 inter
870 5335 966 5375 eos
1003 5321 1257 5377 videlicet
1293 5322 1390 5394 qui
1431 5321 1484 5376 in
1525 5321 1745 5378 Christo
1773 5325 2146 5392 adoleverunt,
2179 5345 2259 5398 pe-

2370 5333 2429 5385 ὲν
2462 5326 2682 5400 Χριστῷ
2709 5326 3116 5388 τελειωθέντας,
3151 5323 3300 5388 ξένος
3324 5322 3417 5376 καὶ
3448 5318 3807 5390 παρεπίδημοί
3828 5318 3897 5361 ὼν·

703 5411 1060 5483 regrinusque
1090 5421 1144 5468 et
1190 5415 1398 5469 advena
1450 5424 1556 5469 est.
1592 5413 1732 5469 Ante
1760 5417 2100 5472 nativitatem
2125 5420 2259 5474 enin

2368 5413 2479 5472 ἿΙν
2510 5418 2618 5489 γὰρ
2654 5418 2749 5471 καὶ
2792 5413 3324 5486 καθωμολογημένος
3355 5411 3482 5508 idem?)
3525 5410 3632 5481 πρὸ
3660 5405 3894 5508 γενέῗεωξ.

705 5505 811 5561 Deo
843 5515 1194 5561 consecratus
1223 5512 1310 5562 est
1339 5522 1371 5561 a
1402 5505 1634 5572 .lacobo,
1668 5508 1761 5578 qui
1792 5509 1927 5563 dixit
1963 5527 1973 5561 :
2017 5530 2034 5562 ι
2070 5511 2135 5566 Ει
2157 5529 2259 5566 om-

2375 5511 2620 5574 εἰπόντος
2657 5507 2851 5563 Ἰακώϐ
2878 5524 2890 5538 ⁸
2913 5507 3078 5579 «Καὶ
3109 5507 3326 5561 πάντων
3348 5498 3422 5558 ὧν
3456 5503 3520 5556 ἂν
3547 5502 3651 5573 δῷς
3679 5515 3758 5569 μοι
3779 5498 3899 5546 δεκά-

779 5686 822 5714 “
860 5682 1023 5738 Hebr.
1055 5701 1149 5747 vn,
1185 5685 1270 5738 Η.
1349 5686 1390 5717 ⁶⁶
1422 5683 1579 5742 Juan.
1618 5703 1668 5743 v.
1704 5687 1788 5742 l6.

702 5767 806 5820 tu,
834 5754 914 5806 l7.
993 5755 1034 5784 ⁷³
1065 5753 1208 5808 l’sal.
1241 5773 1384 5820 \LVI,
1425 5757 1476 5812 ri.

701 5822 747 5854 ττ
782 5819 918 5876 Gen.
958 5839 1103 5889 κως,
1133 5827 1182 5880 7.

1867 5689 1907 5719 "’7
1941 5685 2098 5746 Joan.
2139 5706 2213 5747 IV.
2247 5690 2259 5743 ξ

2436 5692 2479 5721 ⁵⁸
2518 5692 2531 5744 Ι
2567 5689 2714 5744 l’clr.
2751 5705 2810 5747 ll.
2852 5689 2936 5741 10.
3051 5683 3142 5736 ⁶⁹1
3183 5684 3313 5737 Cur.
3372 5699 3460 5746 xv,
3502 5681 3589 5734 ‘26.
3665 5680 3707 5709 ⁷⁸
3749 5673 3894 5747 Matth.

1556 5759 1597 5788 7’
1629 5758 1762 5812 Gen.
1791 5775 1933 5824 κως,
1979 5762 2028 5813 i.
2124 5764 2165 5792 ⁷³
2199 5730 2255 5815 ib

2361 5764 2412 5816 :5.
2495 5730 2786 5825 7112.552};
2798 5730 2936 5811 'n‘.“
2983 5758 3025 5789 τι
3047 5756 3064 5811 ι
3085 5730 3352 5826 ιιί-εῗὲίι,
3372 5730 3473 5806 "15'.
3620 5750 3753 5804 l'sal.
3772 5757 3813 5808 ε,
3839 5739 3896 5793 lt.
