  <div class='ocr_page' id='page_1' title='image "/cluster/home/n/w/nwhite01/storage/ocr_20150623/87:1/hvd.32044020319117/498.png"; bbox 0 0 4058 6506; ppageno 0'>
   <div class='ocr_carea' id='block_1_1' title="bbox 142 440 250 502">
    <p class='ocr_par' dir='ltr' id='par_1_1' title="bbox 142 440 250 502">
     <span class='ocr_line' id='line_1_1' title="bbox 142 440 250 502; baseline 0 0"><span class='ocrx_word' id='word_1_1' title='bbox 142 440 250 502; x_wconf 80' lang='lat'><strong>981</strong></span> 
     </span>
    </p>
   </div>
   <div class='ocr_carea' id='block_1_2' title="bbox 1115 438 2513 505">
    <p class='ocr_par' dir='ltr' id='par_1_2' title="bbox 1115 438 2513 505">
     <span class='ocr_line' id='line_1_2' title="bbox 1115 438 2513 505; baseline 0 -1"><span class='ocrx_word' id='word_1_2' title='bbox 1115 445 1260 504; x_wconf 80' lang='lat' dir='ltr'><strong>COM</strong></span> <span class='ocrx_word' id='word_1_3' title='bbox 1271 442 1654 503; x_wconf 79' lang='lat' dir='ltr'><strong>MENTABII</strong></span> <span class='ocrx_word' id='word_1_4' title='bbox 1691 438 1769 498; x_wconf 87' lang='grc' dir='ltr'>ΙΝ</span> <span class='ocrx_word' id='word_1_5' title='bbox 1814 439 2513 505; x_wconf 78' lang='lat' dir='ltr'><strong>DEUTERONOMIUM.</strong></span> 
     </span>
    </p>
   </div>
   <div class='ocr_carea' id='block_1_3' title="bbox 3332 443 3435 507">
    <p class='ocr_par' dir='ltr' id='par_1_3' title="bbox 3332 443 3435 507">
     <span class='ocr_line' id='line_1_3' title="bbox 3332 443 3435 507; baseline -0.01 0"><span class='ocrx_word' id='word_1_6' title='bbox 3332 443 3435 507; x_wconf 77' lang='lat'><strong>982</strong></span> 
     </span>
    </p>
   </div>
   <div class='ocr_carea' id='block_1_4' title="bbox 139 556 1734 630">
    <p class='ocr_par' dir='ltr' id='par_1_4' title="bbox 139 556 1734 625">
     <span class='ocr_line' id='line_1_4' title="bbox 139 556 1734 625; baseline -0.002 -13"><span class='ocrx_word' id='word_1_7' title='bbox 139 577 250 625; x_wconf 86' lang='grc' dir='ltr'><strong>την</strong></span> <span class='ocrx_word' id='word_1_8' title='bbox 275 556 698 614; x_wconf 55' lang='grc' dir='ltr'>ἀωδεκατώσω.</span> <span class='ocrx_word' id='word_1_9' title='bbox 741 579 756 609; x_wconf 74' lang='grc' dir='ltr'><strong>ι</strong></span> <span class='ocrx_word' id='word_1_10' title='bbox 794 559 1030 623; x_wconf 78' lang='grc' dir='ltr'><strong>Δέκατος</strong></span> <span class='ocrx_word' id='word_1_11' title='bbox 1063 558 1118 612; x_wconf 82' lang='grc' dir='ltr'><strong>δὲ</strong></span> <span class='ocrx_word' id='word_1_12' title='bbox 1154 561 1262 613; x_wconf 73' lang='grc' dir='ltr'>ἀπὸ</span> <span class='ocrx_word' id='word_1_13' title='bbox 1289 559 1385 612; x_wconf 90' lang='grc' dir='ltr'><strong>τοῦ</strong></span> <span class='ocrx_word' id='word_1_14' title='bbox 1437 559 1734 613; x_wconf 76' lang='grc' dir='ltr'>τελευταῖοι</span> 
     </span>
    </p>
   </div>
   <div class='ocr_carea' id='block_1_5' title="bbox 1837 556 3427 630">
    <p class='ocr_par' dir='ltr' id='par_1_5' title="bbox 1856 556 3427 630">
     <span class='ocr_line' id='line_1_5' title="bbox 1856 556 3427 630; baseline 0.001 -22"><span class='ocrx_word' id='word_1_15' title='bbox 1856 556 2004 610; x_wconf 89' lang='lat' dir='ltr'><strong>nimn</strong></span> <span class='ocrx_word' id='word_1_16' title='bbox 2038 573 2378 629; x_wconf 66' lang='lat' dir='ltr'><strong>quaecunque</strong></span> <span class='ocrx_word' id='word_1_17' title='bbox 2407 557 2542 613; x_wconf 89' lang='lat' dir='ltr'><strong>mihi</strong></span> <span class='ocrx_word' id='word_1_18' title='bbox 2565 559 2780 618; x_wconf 88' lang='lat' dir='ltr'><strong>dederis</strong></span> <span class='ocrx_word' id='word_1_19' title='bbox 2801 561 3048 617; x_wconf 82' lang='lat' dir='ltr'><strong>decimas</strong></span> <span class='ocrx_word' id='word_1_20' title='bbox 3069 557 3303 630; x_wconf 86' lang='lat' dir='ltr'><strong>pendam</strong></span> <span class='ocrx_word' id='word_1_21' title='bbox 3327 559 3427 612; x_wconf 67' lang='lat' dir='ltr'><strong>“.i</strong></span> 
     </span>
    </p>
   </div>
   <div class='ocr_carea' id='block_1_6' title="bbox 143 650 1744 722">
    <p class='ocr_par' dir='ltr' id='par_1_6' title="bbox 143 650 1744 722">
     <span class='ocr_line' id='line_1_6' title="bbox 143 650 1744 722; baseline 0 -18"><span class='ocrx_word' id='word_1_22' title='bbox 143 650 344 712; x_wconf 76' lang='grc' dir='ltr'>παιδὸς</span> <span class='ocrx_word' id='word_1_23' title='bbox 373 652 402 702; x_wconf 93' lang='lat'><strong>6</strong></span> <span class='ocrx_word' id='word_1_24' title='bbox 431 650 584 714; x_wconf 79' lang='grc' dir='ltr'>Δευῒ,</span> <span class='ocrx_word' id='word_1_25' title='bbox 615 651 711 704; x_wconf 90' lang='grc' dir='ltr'><strong>τοῦ</strong></span> <span class='ocrx_word' id='word_1_26' title='bbox 741 652 929 713; x_wconf 80' lang='grc' dir='ltr'><strong>τέλους</strong></span> <span class='ocrx_word' id='word_1_27' title='bbox 954 655 1033 716; x_wconf 85' lang='grc' dir='ltr'>εὶς</span> <span class='ocrx_word' id='word_1_28' title='bbox 1067 652 1242 722; x_wconf 76' lang='grc' dir='ltr'>ἀρχὴν</span> <span class='ocrx_word' id='word_1_29' title='bbox 1263 655 1638 715; x_wconf 80' lang='grc' dir='ltr'><strong>καταστάντος</strong></span> <span class='ocrx_word' id='word_1_30' title='bbox 1655 652 1744 705; x_wconf 82' lang='grc' dir='ltr'>διὰ</span> 
     </span>
    </p>
   </div>
   <div class='ocr_carea' id='block_1_7' title="bbox 140 743 1742 815">
    <p class='ocr_par' dir='ltr' id='par_1_7' title="bbox 140 743 1742 815">
     <span class='ocr_line' id='line_1_7' title="bbox 140 743 1742 815; baseline 0.001 -19"><span class='ocrx_word' id='word_1_31' title='bbox 140 743 414 814; x_wconf 79' lang='grc' dir='ltr'>Χριστόν.</span> <span class='ocrx_word' id='word_1_32' title='bbox 443 743 542 806; x_wconf 85' lang='grc' dir='ltr'>Ὃς</span> <span class='ocrx_word' id='word_1_33' title='bbox 566 744 743 815; x_wconf 82' lang='grc' dir='ltr'>ἀρχὴν</span> <span class='ocrx_word' id='word_1_34' title='bbox 765 745 827 797; x_wconf 82' lang='grc' dir='ltr'><strong>τὸ</strong></span> <span class='ocrx_word' id='word_1_35' title='bbox 856 743 1013 808; x_wconf 82' lang='grc' dir='ltr'><strong>τέλος</strong></span> <span class='ocrx_word' id='word_1_36' title='bbox 1053 743 1356 815; x_wconf 79' lang='grc' dir='ltr'><strong>ἀπέφηνεν,</strong></span> <span class='ocrx_word' id='word_1_37' title='bbox 1397 745 1484 798; x_wconf 77' lang='grc' dir='ltr'>ἐπ’</span> <span class='ocrx_word' id='word_1_38' title='bbox 1510 744 1742 815; x_wconf 75' lang='grc' dir='ltr'><strong>ἐσχάτου</strong></span> 
     </span>
    </p>
   </div>
   <div class='ocr_carea' id='block_1_8' title="bbox 139 833 1745 907">
    <p class='ocr_par' dir='ltr' id='par_1_8' title="bbox 139 833 1745 907">
     <span class='ocr_line' id='line_1_8' title="bbox 139 833 1745 907; baseline 0.001 -20"><span class='ocrx_word' id='word_1_39' title='bbox 139 833 242 890; x_wconf 83' lang='grc' dir='ltr'><strong>τοῦ</strong></span> <span class='ocrx_word' id='word_1_40' title='bbox 266 835 469 899; x_wconf 74' lang='grc' dir='ltr'>αἰῶνος</span> <span class='ocrx_word' id='word_1_41' title='bbox 500 835 691 900; x_wconf 82' lang='grc' dir='ltr'>ἐλθὼν,</span> <span class='ocrx_word' id='word_1_42' title='bbox 725 837 820 890; x_wconf 78' lang='grc' dir='ltr'><strong>καὶ</strong></span> <span class='ocrx_word' id='word_1_43' title='bbox 843 835 943 907; x_wconf 77' lang='grc' dir='ltr'><strong>τὴν</strong></span> <span class='ocrx_word' id='word_1_44' title='bbox 979 836 1234 904; x_wconf 80' lang='grc' dir='ltr'><strong>εὐλογίαν</strong></span> <span class='ocrx_word' id='word_1_45' title='bbox 1276 837 1385 890; x_wconf 77' lang='grc' dir='ltr'>ἀπὸ</span> <span class='ocrx_word' id='word_1_46' title='bbox 1429 837 1523 890; x_wconf 86' lang='grc' dir='ltr'><strong>τοῦ</strong></span> <span class='ocrx_word' id='word_1_47' title='bbox 1557 837 1745 901; x_wconf 83' lang='grc' dir='ltr'><strong>τέλους</strong></span> 
     </span>
    </p>
   </div>
   <div class='ocr_carea' id='block_1_9' title="bbox 142 927 1742 1002">
    <p class='ocr_par' dir='ltr' id='par_1_9' title="bbox 142 927 1742 1002">
     <span class='ocr_line' id='line_1_9' title="bbox 142 927 1742 1002; baseline 0.004 -24"><span class='ocrx_word' id='word_1_48' title='bbox 142 927 493 997; x_wconf 75' lang='grc' dir='ltr'>εἰσαγαγών.</span> <span class='ocrx_word' id='word_1_49' title='bbox 534 929 594 982; x_wconf 89' lang='lat'><strong>&#39;0</strong></span> <span class='ocrx_word' id='word_1_50' title='bbox 619 929 676 982; x_wconf 86' lang='grc' dir='ltr'>δὲ</span> <span class='ocrx_word' id='word_1_51' title='bbox 707 929 936 1000; x_wconf 85' lang='grc' dir='ltr'>Συμεὼν</span> <span class='ocrx_word' id='word_1_52' title='bbox 970 928 1047 1000; x_wconf 79' lang='grc' dir='ltr'>τῷ</span> <span class='ocrx_word' id='word_1_53' title='bbox 1069 931 1261 1002; x_wconf 82' lang='grc' dir='ltr'>Κυρίῳ</span> <span class='ocrx_word' id='word_1_54' title='bbox 1294 930 1742 995; x_wconf 77' lang='grc' dir='ltr'><strong>καταλέλειπται,</strong></span> 
     </span>
    </p>
   </div>
   <div class='ocr_carea' id='block_1_10' title="bbox 143 1019 1745 1092">
    <p class='ocr_par' dir='ltr' id='par_1_10' title="bbox 143 1019 1745 1092">
     <span class='ocr_line' id='line_1_10' title="bbox 143 1019 1745 1092; baseline 0.003 -21"><span class='ocrx_word' id='word_1_55' title='bbox 143 1019 244 1074; x_wconf 69' lang='grc' dir='ltr'><strong>καὶ</strong></span> <span class='ocrx_word' id='word_1_56' title='bbox 271 1021 306 1088; x_wconf 85' lang='grc' dir='ltr'><strong>ή</strong></span> <span class='ocrx_word' id='word_1_57' title='bbox 354 1019 548 1073; x_wconf 86' lang='grc' dir='ltr'>τούτου</span> <span class='ocrx_word' id='word_1_58' title='bbox 585 1020 890 1090; x_wconf 85' lang='grc' dir='ltr'>διόρθωσ.ς.</span> <span class='ocrx_word' id='word_1_59' title='bbox 944 1023 1040 1085; x_wconf 90' lang='grc' dir='ltr'>Ὃς</span> <span class='ocrx_word' id='word_1_60' title='bbox 1076 1021 1222 1075; x_wconf 82' lang='grc' dir='ltr'>ἆπαν</span> <span class='ocrx_word' id='word_1_61' title='bbox 1254 1023 1316 1075; x_wconf 86' lang='lat'><strong>16</strong></span> <span class='ocrx_word' id='word_1_62' title='bbox 1358 1022 1638 1092; x_wconf 82' lang='grc' dir='ltr'>ἐλλειφθὲν</span> <span class='ocrx_word' id='word_1_63' title='bbox 1668 1021 1745 1092; x_wconf 84' lang='grc' dir='ltr'>τῷ</span> 
     </span>
    </p>
   </div>
   <div class='ocr_carea' id='block_1_11' title="bbox 143 1111 1745 1186">
    <p class='ocr_par' dir='ltr' id='par_1_11' title="bbox 143 1111 1745 1186">
     <span class='ocr_line' id='line_1_11' title="bbox 143 1111 1745 1186; baseline 0.006 -25"><span class='ocrx_word' id='word_1_64' title='bbox 143 1111 304 1180; x_wconf 71' lang='grc' dir='ltr'>νόμῳ</span> <span class='ocrx_word' id='word_1_65' title='bbox 334 1112 423 1165; x_wconf 64' lang='grc' dir='ltr'><strong>διὰ</strong></span> <span class='ocrx_word' id='word_1_66' title='bbox 459 1113 558 1184; x_wconf 85' lang='grc' dir='ltr'>τῆς</span> <span class='ocrx_word' id='word_1_67' title='bbox 607 1113 831 1185; x_wconf 84' lang='grc' dir='ltr'>χάριτος</span> <span class='ocrx_word' id='word_1_68' title='bbox 883 1115 1212 1185; x_wconf 80' lang='grc' dir='ltr'>ἀναπληροῖ.</span> <span class='ocrx_word' id='word_1_69' title='bbox 1252 1116 1466 1186; x_wconf 77' lang='grc' dir='ltr'>’Ὥσπερ</span> <span class='ocrx_word' id='word_1_70' title='bbox 1521 1116 1745 1180; x_wconf 77' lang='grc' dir='ltr'>καὶτὰς</span> 
     </span>
    </p>
   </div>
   <div class='ocr_carea' id='block_1_12' title="bbox 142 1203 1745 1279">
    <p class='ocr_par' dir='ltr' id='par_1_12' title="bbox 142 1203 1745 1279">
     <span class='ocr_line' id='line_1_12' title="bbox 142 1203 1745 1279; baseline 0.004 -24"><span class='ocrx_word' id='word_1_71' title='bbox 142 1203 282 1256; x_wconf 80' lang='grc' dir='ltr'>δέκα</span> <span class='ocrx_word' id='word_1_72' title='bbox 315 1206 506 1273; x_wconf 78' lang='grc' dir='ltr'>φυλὰς,</span> <span class='ocrx_word' id='word_1_73' title='bbox 541 1207 783 1277; x_wconf 70' lang='grc' dir='ltr'>Ἐφραὶμ</span> <span class='ocrx_word' id='word_1_74' title='bbox 805 1208 1236 1279; x_wconf 78' lang='grc' dir='ltr'>ὀνομαζομένας,</span> <span class='ocrx_word' id='word_1_75' title='bbox 1272 1210 1372 1263; x_wconf 82' lang='grc' dir='ltr'><strong>οὐκ</strong></span> <span class='ocrx_word' id='word_1_76' title='bbox 1395 1210 1574 1278; x_wconf 83' lang='grc' dir='ltr'>ἀναγα</span> <span class='ocrx_word' id='word_1_77' title='bbox 1589 1211 1688 1278; x_wconf 69' lang='grc' dir='ltr'>ίὼν</span> <span class='ocrx_word' id='word_1_78' title='bbox 1717 1211 1745 1261; x_wconf 97' lang='lat'><strong>6</strong></span> 
     </span>
    </p>
   </div>
   <div class='ocr_carea' id='block_1_13' title="bbox 141 1296 1746 1375">
    <p class='ocr_par' dir='ltr' id='par_1_13' title="bbox 141 1296 1746 1375">
     <span class='ocr_line' id='line_1_13' title="bbox 141 1296 1746 1375; baseline 0.005 -27"><span class='ocrx_word' id='word_1_79' title='bbox 141 1296 286 1360; x_wconf 79' lang='grc' dir='ltr'>Θεὸς</span> <span class='ocrx_word' id='word_1_80' title='bbox 323 1299 380 1350; x_wconf 87' lang='grc' dir='ltr'><strong>ἐν</strong></span> <span class='ocrx_word' id='word_1_81' title='bbox 427 1299 623 1368; x_wconf 80' lang='grc' dir='ltr'><strong>ἀφέσει</strong></span> <span class='ocrx_word' id='word_1_82' title='bbox 672 1303 738 1370; x_wconf 82' lang='grc' dir='ltr'>τῇ</span> <span class='ocrx_word' id='word_1_83' title='bbox 774 1301 928 1372; x_wconf 76' lang='grc' dir='ltr'>παρὰ</span> <span class='ocrx_word' id='word_1_84' title='bbox 955 1303 1186 1375; x_wconf 79' lang='grc' dir='ltr'>Κυρίου,</span> <span class='ocrx_word' id='word_1_85' title='bbox 1234 1304 1632 1372; x_wconf 78' lang='grc' dir='ltr'>ἐπαγγέλλεται</span> <span class='ocrx_word' id='word_1_86' title='bbox 1656 1305 1746 1356; x_wconf 73' lang='grc' dir='ltr'><strong>διὰ</strong></span> 
     </span>
    </p>
   </div>
   <div class='ocr_carea' id='block_1_14' title="bbox 143 1387 1743 1465">
    <p class='ocr_par' dir='ltr' id='par_1_14' title="bbox 143 1387 1743 1465">
     <span class='ocr_line' id='line_1_14' title="bbox 143 1387 1743 1465; baseline 0.006 -27"><span class='ocrx_word' id='word_1_87' title='bbox 143 1387 244 1439; x_wconf 84' lang='grc' dir='ltr'><strong>τοῦ</strong></span> <span class='ocrx_word' id='word_1_88' title='bbox 293 1387 565 1459; x_wconf 88' lang='grc' dir='ltr'>Ἱερεμίου</span> <span class='ocrx_word' id='word_1_89' title='bbox 621 1391 828 1454; x_wconf 83' lang='grc' dir='ltr'>ταύτας</span> <span class='ocrx_word' id='word_1_90' title='bbox 874 1393 1116 1459; x_wconf 81' lang='grc' dir='ltr'>ἀνάξειν,</span> <span class='ocrx_word' id='word_1_91' title='bbox 1163 1393 1254 1447; x_wconf 75' lang='grc' dir='ltr'><strong>διὰ</strong></span> <span class='ocrx_word' id='word_1_92' title='bbox 1277 1395 1515 1465; x_wconf 77' lang='grc' dir='ltr'>Χριστοῦ</span> <span class='ocrx_word' id='word_1_93' title='bbox 1543 1394 1743 1465; x_wconf 80' lang='grc' dir='ltr'>δηλαδὴ</span> 
     </span>
    </p>
   </div>
   <div class='ocr_carea' id='block_1_15' title="bbox 144 1478 1746 1559">
    <p class='ocr_par' dir='ltr' id='par_1_15' title="bbox 144 1478 1746 1559">
     <span class='ocr_line' id='line_1_15' title="bbox 144 1478 1746 1559; baseline 0.006 -27"><span class='ocrx_word' id='word_1_94' title='bbox 144 1478 251 1549; x_wconf 82' lang='grc' dir='ltr'>τῆς</span> <span class='ocrx_word' id='word_1_95' title='bbox 281 1481 607 1552; x_wconf 83' lang='grc' dir='ltr'>εὐεργεσίας</span> <span class='ocrx_word' id='word_1_96' title='bbox 633 1483 718 1551; x_wconf 79' lang='grc' dir='ltr'>ἐφ’</span> <span class='ocrx_word' id='word_1_97' title='bbox 743 1485 992 1549; x_wconf 78' lang='grc' dir='ltr'>ἅπαντας</span> <span class='ocrx_word' id='word_1_98' title='bbox 1023 1485 1394 1556; x_wconf 85' lang='grc' dir='ltr'>ἁπλουμένης.</span> <span class='ocrx_word' id='word_1_99' title='bbox 1450 1490 1553 1540; x_wconf 84' lang='grc' dir='ltr'>Ἦν</span> <span class='ocrx_word' id='word_1_100' title='bbox 1612 1506 1746 1559; x_wconf 85' lang='grc' dir='ltr'>προ-</span> 
     </span>
    </p>
   </div>
   <div class='ocr_carea' id='block_1_16' title="bbox 144 1569 1740 1651">
    <p class='ocr_par' dir='ltr' id='par_1_16' title="bbox 144 1569 1740 1651">
     <span class='ocr_line' id='line_1_16' title="bbox 144 1569 1740 1651; baseline 0.013 -30"><span class='ocrx_word' id='word_1_101' title='bbox 144 1569 372 1640; x_wconf 84' lang='grc' dir='ltr'>εδήλου,</span> <span class='ocrx_word' id='word_1_102' title='bbox 419 1570 632 1641; x_wconf 78' lang='grc' dir='ltr'>λέγων’</span> <span class='ocrx_word' id='word_1_103' title='bbox 677 1592 694 1626; x_wconf 80' lang='lat' dir='ltr'><strong>t</strong></span> <span class='ocrx_word' id='word_1_104' title='bbox 738 1575 961 1628; x_wconf 85' lang='grc' dir='ltr'>Ἔκτισε</span> <span class='ocrx_word' id='word_1_105' title='bbox 998 1576 1203 1646; x_wconf 86' lang='grc' dir='ltr'>Κύριος</span> <span class='ocrx_word' id='word_1_106' title='bbox 1229 1579 1414 1632; x_wconf 77' lang='grc' dir='ltr'>καινὸν</span> <span class='ocrx_word' id='word_1_107' title='bbox 1447 1581 1504 1634; x_wconf 81' lang='grc' dir='ltr'>ἐν</span> <span class='ocrx_word' id='word_1_108' title='bbox 1538 1583 1602 1651; x_wconf 85' lang='grc' dir='ltr'>τῇ</span> <span class='ocrx_word' id='word_1_109' title='bbox 1645 1583 1740 1651; x_wconf 69' lang='grc' dir='ltr'><strong>γῆς</strong></span> 
     </span>
    </p>
   </div>
   <div class='ocr_carea' id='block_1_17' title="bbox 144 1659 1743 1742">
    <p class='ocr_par' dir='ltr' id='par_1_17' title="bbox 144 1659 1743 1742">
     <span class='ocr_line' id='line_1_17' title="bbox 144 1659 1743 1742; baseline 0.008 -30"><span class='ocrx_word' id='word_1_110' title='bbox 144 1659 346 1731; x_wconf 82' lang='grc' dir='ltr'>θήλεια</span> <span class='ocrx_word' id='word_1_111' title='bbox 373 1662 779 1733; x_wconf 83' lang='grc' dir='ltr'>περικυκλώσει</span> <span class='ocrx_word' id='word_1_112' title='bbox 808 1666 999 1737; x_wconf 78' lang='grc' dir='ltr'>ἄνδρα.</span> <span class='ocrx_word' id='word_1_113' title='bbox 1035 1685 1053 1718; x_wconf 71' lang='grc' dir='ltr'><strong>ι</strong></span> <span class='ocrx_word' id='word_1_114' title='bbox 1081 1667 1280 1721; x_wconf 81' lang='grc' dir='ltr'>Καινδν</span> <span class='ocrx_word' id='word_1_115' title='bbox 1310 1671 1421 1742; x_wconf 88' lang='grc' dir='ltr'><strong>γάρ</strong></span> <span class='ocrx_word' id='word_1_116' title='bbox 1441 1672 1502 1724; x_wconf 84' lang='grc' dir='ltr'><strong>τὸ</strong></span> <span class='ocrx_word' id='word_1_117' title='bbox 1530 1671 1743 1742; x_wconf 75' lang='grc' dir='ltr'><strong>κυηθῆσ⁸</strong></span> 
     </span>
    </p>
   </div>
   <div class='ocr_carea' id='block_1_18' title="bbox 143 1757 1743 1836">
    <p class='ocr_par' dir='ltr' id='par_1_18' title="bbox 143 1757 1743 1836">
     <span class='ocr_line' id='line_1_18' title="bbox 143 1757 1743 1836; baseline 0.008 -29"><span class='ocrx_word' id='word_1_118' title='bbox 143 1773 235 1808; x_wconf 81' lang='grc' dir='ltr'><strong>ναι</strong></span> <span class='ocrx_word' id='word_1_119' title='bbox 264 1757 439 1826; x_wconf 76' lang='grc' dir='ltr'>ἄνδρα</span> <span class='ocrx_word' id='word_1_120' title='bbox 475 1760 644 1830; x_wconf 82' lang='grc' dir='ltr'>χωρὶς</span> <span class='ocrx_word' id='word_1_121' title='bbox 672 1761 904 1829; x_wconf 80' lang='grc' dir='ltr'>πατρὸς.</span> <span class='ocrx_word' id='word_1_122' title='bbox 929 1762 996 1816; x_wconf 86' lang='grc' dir='ltr'>δι’</span> <span class='ocrx_word' id='word_1_123' title='bbox 1020 1757 1081 1817; x_wconf 75' lang='grc' dir='ltr'>οὗ</span> <span class='ocrx_word' id='word_1_124' title='bbox 1113 1764 1317 1829; x_wconf 84' lang='grc' dir='ltr'>πάντες</span> <span class='ocrx_word' id='word_1_125' title='bbox 1351 1765 1743 1836; x_wconf 74' lang='grc' dir='ltr'>ἀνεκαινίσθηο</span> 
     </span>
    </p>
   </div>
   <div class='ocr_carea' id='block_1_19' title="bbox 146 1848 1744 1926">
    <p class='ocr_par' dir='ltr' id='par_1_19' title="bbox 146 1848 1744 1926">
     <span class='ocr_line' id='line_1_19' title="bbox 146 1848 1744 1926; baseline 0.007 -26"><span class='ocrx_word' id='word_1_126' title='bbox 146 1865 274 1917; x_wconf 87' lang='grc' dir='ltr'>μεν.</span> <span class='ocrx_word' id='word_1_127' title='bbox 321 1848 583 1912; x_wconf 75' lang='grc' dir='ltr'>Είςόκαὶ</span> <span class='ocrx_word' id='word_1_128' title='bbox 621 1852 850 1924; x_wconf 87' lang='grc' dir='ltr'>Συμεὼν</span> <span class='ocrx_word' id='word_1_129' title='bbox 883 1855 1184 1926; x_wconf 72' lang='grc' dir='ltr'>σιωπηθεὶς</span> <span class='ocrx_word' id='word_1_130' title='bbox 1225 1857 1366 1926; x_wconf 81' lang='grc' dir='ltr'>μετὰ</span> <span class='ocrx_word' id='word_1_131' title='bbox 1411 1858 1520 1911; x_wconf 90' lang='grc' dir='ltr'><strong>τῶν</strong></span> <span class='ocrx_word' id='word_1_132' title='bbox 1567 1859 1744 1913; x_wconf 83' lang='grc' dir='ltr'>ἄλλων</span> 
     </span>
    </p>
   </div>
   <div class='ocr_carea' id='block_1_20' title="bbox 144 1941 1740 2020">
    <p class='ocr_par' dir='ltr' id='par_1_20' title="bbox 144 1941 1740 2020">
     <span class='ocr_line' id='line_1_20' title="bbox 144 1941 1740 2020; baseline 0.009 -29"><span class='ocrx_word' id='word_1_133' title='bbox 144 1941 530 2012; x_wconf 79' lang='grc' dir='ltr'>παρεπέμφθη</span> <span class='ocrx_word' id='word_1_134' title='bbox 579 1945 781 2012; x_wconf 88' lang='grc' dir='ltr'>φυλῶν.</span> <span class='ocrx_word' id='word_1_135' title='bbox 827 1947 996 2018; x_wconf 84' lang='grc' dir='ltr'>Κοινὴ</span> <span class='ocrx_word' id='word_1_136' title='bbox 1059 1948 1169 2020; x_wconf 87' lang='grc' dir='ltr'>γὰρ</span> <span class='ocrx_word' id='word_1_137' title='bbox 1219 1953 1348 2020; x_wconf 77' lang='grc' dir='ltr'>περὶ</span> <span class='ocrx_word' id='word_1_138' title='bbox 1403 1949 1499 2004; x_wconf 85' lang='grc' dir='ltr'><strong>τοῦ</strong></span> <span class='ocrx_word' id='word_1_139' title='bbox 1554 1949 1740 2016; x_wconf 79' lang='grc' dir='ltr'>ἔθνους</span> 
     </span>
    </p>
   </div>
   <div class='ocr_carea' id='block_1_21' title="bbox 145 2031 1741 2112">
    <p class='ocr_par' dir='ltr' id='par_1_21' title="bbox 145 2031 1741 2112">
     <span class='ocr_line' id='line_1_21' title="bbox 145 2031 1741 2112; baseline 0.009 -28"><span class='ocrx_word' id='word_1_140' title='bbox 145 2031 458 2102; x_wconf 72' lang='grc' dir='ltr'>ἐπαγγελία</span> <span class='ocrx_word' id='word_1_141' title='bbox 488 2035 547 2087; x_wconf 88' lang='lat'><strong>16</strong></span> <span class='ocrx_word' id='word_1_142' title='bbox 579 2036 656 2108; x_wconf 83' lang='grc' dir='ltr'>μὴ</span> <span class='ocrx_word' id='word_1_143' title='bbox 691 2038 1004 2092; x_wconf 84' lang='grc' dir='ltr'>παύσεσθαι</span> <span class='ocrx_word' id='word_1_144' title='bbox 1030 2039 1124 2094; x_wconf 85' lang='grc' dir='ltr'>τὸν</span> <span class='ocrx_word' id='word_1_145' title='bbox 1163 2042 1400 2112; x_wconf 82' lang='grc' dir='ltr'>Ἰσραὴλ,</span> <span class='ocrx_word' id='word_1_146' title='bbox 1435 2042 1586 2107; x_wconf 82' lang='grc' dir='ltr'>ἔθνος</span> <span class='ocrx_word' id='word_1_147' title='bbox 1609 2043 1741 2098; x_wconf 81' lang='grc' dir='ltr'>ὄντα.</span> 
     </span>
    </p>
   </div>
   <div class='ocr_carea' id='block_1_22' title="bbox 146 2122 1740 2204">
    <p class='ocr_par' dir='ltr' id='par_1_22' title="bbox 146 2122 1740 2204">
     <span class='ocr_line' id='line_1_22' title="bbox 146 2122 1740 2204; baseline 0.008 -28"><span class='ocrx_word' id='word_1_148' title='bbox 146 2122 386 2178; x_wconf 79' lang='grc' dir='ltr'>ἐνώπιον</span> <span class='ocrx_word' id='word_1_149' title='bbox 423 2125 518 2179; x_wconf 87' lang='grc' dir='ltr'><strong>τοῦ</strong></span> <span class='ocrx_word' id='word_1_150' title='bbox 541 2127 698 2184; x_wconf 89' lang='grc' dir='ltr'>Θεοῦ.</span> <span class='ocrx_word' id='word_1_151' title='bbox 751 2131 912 2193; x_wconf 78' lang='grc' dir='ltr'>Τινὲς</span> <span class='ocrx_word' id='word_1_152' title='bbox 937 2130 993 2184; x_wconf 86' lang='grc' dir='ltr'><strong>δέ</strong></span> <span class='ocrx_word' id='word_1_153' title='bbox 1017 2149 1202 2201; x_wconf 82' lang='grc' dir='ltr'>φασιν,</span> <span class='ocrx_word' id='word_1_154' title='bbox 1249 2133 1324 2198; x_wconf 82' lang='grc' dir='ltr'>ὡς</span> <span class='ocrx_word' id='word_1_155' title='bbox 1364 2134 1606 2204; x_wconf 80' lang='grc' dir='ltr'>Μωῦσῆς</span> <span class='ocrx_word' id='word_1_156' title='bbox 1639 2135 1740 2201; x_wconf 84' lang='grc' dir='ltr'>τὰς</span> 
     </span>
    </p>
   </div>
   <div class='ocr_carea' id='block_1_23' title="bbox 144 2217 1740 2296">
    <p class='ocr_par' dir='ltr' id='par_1_23' title="bbox 144 2217 1740 2296">
     <span class='ocr_line' id='line_1_23' title="bbox 144 2217 1740 2296; baseline 0.009 -27"><span class='ocrx_word' id='word_1_157' title='bbox 144 2217 404 2285; x_wconf 71' lang='grc' dir='ltr'>εὐλογίας</span> <span class='ocrx_word' id='word_1_158' title='bbox 435 2219 632 2286; x_wconf 78' lang='grc' dir='ltr'>διδοὺς,</span> <span class='ocrx_word' id='word_1_159' title='bbox 666 2220 768 2292; x_wconf 81' lang='grc' dir='ltr'><strong>τὴν</strong></span> <span class='ocrx_word' id='word_1_160' title='bbox 798 2222 936 2276; x_wconf 84' lang='grc' dir='ltr'>ίδίαν</span> <span class='ocrx_word' id='word_1_161' title='bbox 967 2225 1141 2296; x_wconf 83' lang='grc' dir='ltr'>φυλὴν</span> <span class='ocrx_word' id='word_1_162' title='bbox 1173 2226 1276 2280; x_wconf 87' lang='grc' dir='ltr'><strong>ούκ</strong></span> <span class='ocrx_word' id='word_1_163' title='bbox 1322 2227 1388 2281; x_wconf 87' lang='grc' dir='ltr'>ἂν</span> <span class='ocrx_word' id='word_1_164' title='bbox 1447 2227 1740 2284; x_wconf 87' lang='grc' dir='ltr'>κατέλιπεν</span> 
     </span>
    </p>
   </div>
   <div class='ocr_carea' id='block_1_24' title="bbox 145 2309 1736 2392">
    <p class='ocr_par' dir='ltr' id='par_1_24' title="bbox 145 2309 1736 2392">
     <span class='ocr_line' id='line_1_24' title="bbox 145 2309 1736 2392; baseline 0.008 -30"><span class='ocrx_word' id='word_1_165' title='bbox 145 2309 538 2380; x_wconf 84' lang='grc' dir='ltr'>ἀνευλόγητον.</span> <span class='ocrx_word' id='word_1_166' title='bbox 575 2312 654 2365; x_wconf 81' lang='grc' dir='ltr'><strong>Δι’</strong></span> <span class='ocrx_word' id='word_1_167' title='bbox 681 2313 844 2368; x_wconf 82' lang='grc' dir='ltr'>αὐτὸν</span> <span class='ocrx_word' id='word_1_168' title='bbox 877 2315 934 2368; x_wconf 86' lang='grc' dir='ltr'><strong>δὲ</strong></span> <span class='ocrx_word' id='word_1_169' title='bbox 966 2317 1099 2381; x_wconf 81' lang='grc' dir='ltr'>Θεὸς</span> <span class='ocrx_word' id='word_1_170' title='bbox 1133 2319 1394 2387; x_wconf 77' lang='grc' dir='ltr'>εὐλόγησε</span> <span class='ocrx_word' id='word_1_171' title='bbox 1416 2320 1516 2389; x_wconf 76' lang='grc' dir='ltr'><strong>τὴν</strong></span> <span class='ocrx_word' id='word_1_172' title='bbox 1543 2321 1736 2392; x_wconf 83' lang='grc' dir='ltr'>φυλὴν,</span> 
     </span>
    </p>
   </div>
   <div class='ocr_carea' id='block_1_25' title="bbox 146 2401 1738 2482">
    <p class='ocr_par' dir='ltr' id='par_1_25' title="bbox 146 2401 1738 2482">
     <span class='ocr_line' id='line_1_25' title="bbox 146 2401 1738 2482; baseline 0.009 -29"><span class='ocrx_word' id='word_1_173' title='bbox 146 2401 224 2465; x_wconf 85' lang='grc' dir='ltr'><strong>ὡς</strong></span> <span class='ocrx_word' id='word_1_174' title='bbox 255 2403 353 2455; x_wconf 76' lang='grc' dir='ltr'><strong>καὶ</strong></span> <span class='ocrx_word' id='word_1_175' title='bbox 383 2404 472 2457; x_wconf 73' lang='grc' dir='ltr'><strong>διὰ</strong></span> <span class='ocrx_word' id='word_1_176' title='bbox 506 2405 606 2475; x_wconf 83' lang='grc' dir='ltr'><strong>τὴν</strong></span> <span class='ocrx_word' id='word_1_177' title='bbox 639 2405 994 2477; x_wconf 82' lang='grc' dir='ltr'>φιλαδελφίαν</span> <span class='ocrx_word' id='word_1_178' title='bbox 1030 2409 1130 2481; x_wconf 82' lang='grc' dir='ltr'>τὴν</span> <span class='ocrx_word' id='word_1_179' title='bbox 1165 2410 1259 2464; x_wconf 87' lang='grc' dir='ltr'><strong>τοῦ</strong></span> <span class='ocrx_word' id='word_1_180' title='bbox 1302 2411 1550 2482; x_wconf 85' lang='grc' dir='ltr'>Ῥουϐίμ.</span> <span class='ocrx_word' id='word_1_181' title='bbox 1595 2414 1653 2466; x_wconf 83' lang='lat'><strong>&#39;0</strong></span> <span class='ocrx_word' id='word_1_182' title='bbox 1681 2415 1738 2468; x_wconf 81' lang='grc' dir='ltr'><strong>δὲ</strong></span> 
     </span>
    </p>
   </div>
   <div class='ocr_carea' id='block_1_26' title="bbox 148 2490 1734 2574">
    <p class='ocr_par' dir='ltr' id='par_1_26' title="bbox 148 2490 1734 2574">
     <span class='ocr_line' id='line_1_26' title="bbox 148 2490 1734 2574; baseline 0.011 -31"><span class='ocrx_word' id='word_1_183' title='bbox 148 2490 382 2562; x_wconf 88' lang='grc' dir='ltr'>Συμεὼν</span> <span class='ocrx_word' id='word_1_184' title='bbox 429 2496 532 2548; x_wconf 81' lang='grc' dir='ltr'><strong>οὐκ</strong></span> <span class='ocrx_word' id='word_1_185' title='bbox 581 2495 708 2568; x_wconf 83' lang='grc' dir='ltr'>έσχε</span> <span class='ocrx_word' id='word_1_186' title='bbox 767 2497 1045 2569; x_wconf 85' lang='grc' dir='ltr'>πρόφασιν</span> <span class='ocrx_word' id='word_1_187' title='bbox 1097 2500 1195 2573; x_wconf 84' lang='grc' dir='ltr'>τῆς</span> <span class='ocrx_word' id='word_1_188' title='bbox 1233 2502 1486 2572; x_wconf 79' lang='grc' dir='ltr'>εὐλογίας</span> <span class='ocrx_word' id='word_1_189' title='bbox 1529 2508 1734 2574; x_wconf 84' lang='grc' dir='ltr'>τυχεῖν.</span> 
     </span>
    </p>
   </div>
   <div class='ocr_carea' id='block_1_27' title="bbox 146 2585 1736 2668">
    <p class='ocr_par' dir='ltr' id='par_1_27' title="bbox 146 2585 1736 2668">
     <span class='ocr_line' id='line_1_27' title="bbox 146 2585 1736 2668; baseline 0.011 -32"><span class='ocrx_word' id='word_1_190' title='bbox 146 2585 514 2655; x_wconf 80' lang='grc' dir='ltr'>Στοχάζονται</span> <span class='ocrx_word' id='word_1_191' title='bbox 540 2588 598 2642; x_wconf 80' lang='grc' dir='ltr'><strong>δὲ</strong></span> <span class='ocrx_word' id='word_1_192' title='bbox 644 2589 809 2646; x_wconf 82' lang='grc' dir='ltr'>αὐτὸν</span> <span class='ocrx_word' id='word_1_193' title='bbox 853 2593 947 2645; x_wconf 73' lang='grc' dir='ltr'><strong>καὶ</strong></span> <span class='ocrx_word' id='word_1_194' title='bbox 994 2593 1308 2668; x_wconf 81' lang='grc' dir='ltr'>ἀρχηγέτην</span> <span class='ocrx_word' id='word_1_195' title='bbox 1341 2598 1440 2668; x_wconf 80' lang='grc' dir='ltr'>τῆς</span> <span class='ocrx_word' id='word_1_196' title='bbox 1473 2599 1618 2653; x_wconf 80' lang='grc' dir='ltr'>κατὰ</span> <span class='ocrx_word' id='word_1_197' title='bbox 1641 2599 1736 2654; x_wconf 86' lang='grc' dir='ltr'><strong>τοῦ</strong></span> 
     </span>
    </p>
   </div>
   <div class='ocr_carea' id='block_1_28' title="bbox 159 2675 1736 2762">
    <p class='ocr_par' dir='ltr' id='par_1_28' title="bbox 159 2675 1736 2762">
     <span class='ocr_line' id='line_1_28' title="bbox 159 2675 1736 2762; baseline 0.011 -34"><span class='ocrx_word' id='word_1_198' title='bbox 159 2675 360 2747; x_wconf 84' lang='grc' dir='ltr'>Ἰωσὴφ</span> <span class='ocrx_word' id='word_1_199' title='bbox 393 2678 688 2750; x_wconf 84' lang='grc' dir='ltr'>ἐπιϐουλῆς</span> <span class='ocrx_word' id='word_1_200' title='bbox 709 2682 1062 2752; x_wconf 83' lang='grc' dir='ltr'>γεγενῆσθαι,</span> <span class='ocrx_word' id='word_1_201' title='bbox 1084 2686 1177 2739; x_wconf 79' lang='grc' dir='ltr'><strong>καὶ</strong></span> <span class='ocrx_word' id='word_1_202' title='bbox 1206 2688 1270 2740; x_wconf 83' lang='grc' dir='ltr'><strong>ἐκ</strong></span> <span class='ocrx_word' id='word_1_203' title='bbox 1296 2688 1390 2741; x_wconf 86' lang='grc' dir='ltr'><strong>τοῦ</strong></span> <span class='ocrx_word' id='word_1_204' title='bbox 1417 2689 1507 2742; x_wconf 80' lang='grc' dir='ltr'><strong>τὸν</strong></span> <span class='ocrx_word' id='word_1_205' title='bbox 1535 2690 1736 2762; x_wconf 86' lang='grc' dir='ltr'>Ἰωσὴφ</span> 
     </span>
    </p>
   </div>
   <div class='ocr_carea' id='block_1_29' title="bbox 146 2768 1736 2851">
    <p class='ocr_par' dir='ltr' id='par_1_29' title="bbox 146 2768 1736 2851">
     <span class='ocr_line' id='line_1_29' title="bbox 146 2768 1736 2851; baseline 0.012 -31"><span class='ocrx_word' id='word_1_206' title='bbox 146 2768 277 2830; x_wconf 84' lang='grc' dir='ltr'>τοὺς</span> <span class='ocrx_word' id='word_1_207' title='bbox 312 2768 412 2838; x_wconf 79' lang='grc' dir='ltr'>μὲν</span> <span class='ocrx_word' id='word_1_208' title='bbox 446 2770 640 2835; x_wconf 83' lang='grc' dir='ltr'>ἄλλους</span> <span class='ocrx_word' id='word_1_209' title='bbox 676 2772 982 2839; x_wconf 73' lang='grc' dir='ltr'>ἀπολῦσαι,</span> <span class='ocrx_word' id='word_1_210' title='bbox 1012 2777 1177 2830; x_wconf 83' lang='grc' dir='ltr'>αὑτὸν</span> <span class='ocrx_word' id='word_1_211' title='bbox 1217 2777 1274 2831; x_wconf 84' lang='grc' dir='ltr'><strong>δὲ</strong></span> <span class='ocrx_word' id='word_1_212' title='bbox 1305 2779 1611 2851; x_wconf 85' lang='grc' dir='ltr'>καθεῖρξαι.</span> <span class='ocrx_word' id='word_1_213' title='bbox 1642 2787 1736 2839; x_wconf 83' lang='grc' dir='ltr'>Τι-</span> 
     </span>
    </p>
   </div>
   <div class='ocr_carea' id='block_1_30' title="bbox 144 2857 1734 2945">
    <p class='ocr_par' dir='ltr' id='par_1_30' title="bbox 144 2857 1734 2945">
     <span class='ocr_line' id='line_1_30' title="bbox 144 2857 1734 2945; baseline 0.011 -34"><span class='ocrx_word' id='word_1_214' title='bbox 144 2857 234 2922; x_wconf 82' lang='grc' dir='ltr'>νὲς</span> <span class='ocrx_word' id='word_1_215' title='bbox 259 2857 320 2911; x_wconf 79' lang='grc' dir='ltr'><strong>δέ</strong></span> <span class='ocrx_word' id='word_1_216' title='bbox 348 2858 446 2914; x_wconf 74' lang='grc' dir='ltr'><strong>καὶ</strong></span> <span class='ocrx_word' id='word_1_217' title='bbox 467 2862 525 2912; x_wconf 83' lang='grc' dir='ltr'><strong>ἐν</strong></span> <span class='ocrx_word' id='word_1_218' title='bbox 544 2864 610 2932; x_wconf 83' lang='grc' dir='ltr'>τῇ</span> <span class='ocrx_word' id='word_1_219' title='bbox 640 2862 749 2916; x_wconf 89' lang='grc' dir='ltr'><strong>τῶν</strong></span> <span class='ocrx_word' id='word_1_220' title='bbox 776 2863 1091 2935; x_wconf 83' lang='grc' dir='ltr'>ἀλλοφύλων</span> <span class='ocrx_word' id='word_1_221' title='bbox 1137 2871 1365 2943; x_wconf 81' lang='grc' dir='ltr'>πορνείᾳ</span> <span class='ocrx_word' id='word_1_222' title='bbox 1401 2874 1564 2942; x_wconf 79' lang='grc' dir='ltr'>φασὶν</span> <span class='ocrx_word' id='word_1_223' title='bbox 1598 2875 1734 2945; x_wconf 79' lang='grc' dir='ltr'><strong>ἀρχ-</strong></span> 
     </span>
    </p>
   </div>
   <div class='ocr_carea' id='block_1_31' title="bbox 145 2949 1737 3032">
    <p class='ocr_par' dir='ltr' id='par_1_31' title="bbox 145 2949 1737 3032">
     <span class='ocr_line' id='line_1_31' title="bbox 145 2949 1737 3032; baseline 0.011 -32"><span class='ocrx_word' id='word_1_224' title='bbox 145 2949 282 3018; x_wconf 81' lang='grc' dir='ltr'>ηγὸν</span> <span class='ocrx_word' id='word_1_225' title='bbox 314 2950 647 3021; x_wconf 78' lang='grc' dir='ltr'>γεγενῆσθαι</span> <span class='ocrx_word' id='word_1_226' title='bbox 676 2953 768 3006; x_wconf 84' lang='grc' dir='ltr'><strong>τὸν</strong></span> <span class='ocrx_word' id='word_1_227' title='bbox 795 2955 1079 3025; x_wconf 79' lang='grc' dir='ltr'>Συμεῶνα,</span> <span class='ocrx_word' id='word_1_228' title='bbox 1101 2957 1188 3011; x_wconf 78' lang='grc' dir='ltr'><strong>ὅτε</strong></span> <span class='ocrx_word' id='word_1_229' title='bbox 1211 2958 1298 3014; x_wconf 77' lang='grc' dir='ltr'>διὰ</span> <span class='ocrx_word' id='word_1_230' title='bbox 1329 2961 1489 3032; x_wconf 81' lang='grc' dir='ltr'>ζῆλον</span> <span class='ocrx_word' id='word_1_231' title='bbox 1510 2965 1537 3017; x_wconf 88' lang='lat'><strong>6</strong></span> <span class='ocrx_word' id='word_1_232' title='bbox 1553 2965 1737 3030; x_wconf 83' lang='grc' dir='ltr'>Φινεὲς</span> 
     </span>
    </p>
   </div>
   <div class='ocr_carea' id='block_1_32' title="bbox 141 3042 1736 3125">
    <p class='ocr_par' dir='ltr' id='par_1_32' title="bbox 141 3042 1736 3125">
     <span class='ocr_line' id='line_1_32' title="bbox 141 3042 1736 3125; baseline 0.012 -32"><span class='ocrx_word' id='word_1_233' title='bbox 141 3042 516 3097; x_wconf 74' lang='grc' dir='ltr'>δεδικαίωται.</span> <span class='ocrx_word' id='word_1_234' title='bbox 549 3045 708 3110; x_wconf 81' lang='grc' dir='ltr'>Τινὲς</span> <span class='ocrx_word' id='word_1_235' title='bbox 739 3047 797 3100; x_wconf 85' lang='grc' dir='ltr'><strong>δέ</strong></span> <span class='ocrx_word' id='word_1_236' title='bbox 827 3066 1016 3117; x_wconf 88' lang='grc' dir='ltr'>φασιν,</span> <span class='ocrx_word' id='word_1_237' title='bbox 1047 3051 1122 3115; x_wconf 88' lang='grc' dir='ltr'><strong>ὼς</strong></span> <span class='ocrx_word' id='word_1_238' title='bbox 1166 3054 1233 3124; x_wconf 76' lang='grc' dir='ltr'>τῇ</span> <span class='ocrx_word' id='word_1_239' title='bbox 1264 3054 1405 3125; x_wconf 86' lang='grc' dir='ltr'>φυλῇ</span> <span class='ocrx_word' id='word_1_240' title='bbox 1437 3055 1570 3110; x_wconf 80' lang='grc' dir='ltr'><strong>Λευῖ</strong></span> <span class='ocrx_word' id='word_1_241' title='bbox 1609 3075 1736 3112; x_wconf 79' lang='grc' dir='ltr'>συν-</span> 
     </span>
    </p>
   </div>
   <div class='ocr_carea' id='block_1_33' title="bbox 142 3132 1735 3223">
    <p class='ocr_par' dir='ltr' id='par_1_33' title="bbox 142 3132 1735 3223">
     <span class='ocr_line' id='line_1_33' title="bbox 142 3132 1735 3223; baseline 0.013 -38"><span class='ocrx_word' id='word_1_242' title='bbox 142 3132 459 3203; x_wconf 81' lang='grc' dir='ltr'>ευλόγηται.</span> <span class='ocrx_word' id='word_1_243' title='bbox 510 3137 596 3200; x_wconf 84' lang='grc' dir='ltr'>Ὠς</span> <span class='ocrx_word' id='word_1_244' title='bbox 636 3138 745 3208; x_wconf 75' lang='grc' dir='ltr'>γὰρ</span> <span class='ocrx_word' id='word_1_245' title='bbox 787 3141 856 3193; x_wconf 80' lang='grc' dir='ltr'><strong>τά</strong></span> <span class='ocrx_word' id='word_1_246' title='bbox 888 3142 988 3212; x_wconf 82' lang='grc' dir='ltr'>τῆς</span> <span class='ocrx_word' id='word_1_247' title='bbox 1034 3145 1195 3214; x_wconf 74' lang='grc' dir='ltr'>ἀρᾶς,</span> <span class='ocrx_word' id='word_1_248' title='bbox 1231 3144 1375 3200; x_wconf 77' lang='grc' dir='ltr'>οὕτω</span> <span class='ocrx_word' id='word_1_249' title='bbox 1415 3148 1511 3202; x_wconf 73' lang='grc' dir='ltr'>καὶ</span> <span class='ocrx_word' id='word_1_250' title='bbox 1535 3151 1603 3203; x_wconf 80' lang='grc' dir='ltr'>τὰ</span> <span class='ocrx_word' id='word_1_251' title='bbox 1636 3152 1735 3223; x_wconf 86' lang='grc' dir='ltr'><strong>τῆς</strong></span> 
     </span>
    </p>
   </div>
   <div class='ocr_carea' id='block_1_34' title="bbox 1847 645 3436 716">
    <p class='ocr_par' dir='ltr' id='par_1_34' title="bbox 1847 645 3436 716">
     <span class='ocr_line' id='line_1_34' title="bbox 1847 645 3436 716; baseline 0 -17"><span class='ocrx_word' id='word_1_252' title='bbox 1847 645 1941 700; x_wconf 88' lang='lat' dir='ltr'><strong>Est</strong></span> <span class='ocrx_word' id='word_1_253' title='bbox 1965 663 2096 700; x_wconf 88' lang='lat' dir='ltr'><strong>vero</strong></span> <span class='ocrx_word' id='word_1_254' title='bbox 2122 648 2191 703; x_wconf 91' lang='lat' dir='ltr'><strong>ab</strong></span> <span class='ocrx_word' id='word_1_255' title='bbox 2248 649 2445 703; x_wconf 86' lang='lat' dir='ltr'><strong>ultimo</strong></span> <span class='ocrx_word' id='word_1_256' title='bbox 2482 647 2594 704; x_wconf 95' lang='lat' dir='ltr'><strong>ﬁlio</strong></span> <span class='ocrx_word' id='word_1_257' title='bbox 2635 649 2765 704; x_wconf 87' lang='lat' dir='ltr'><strong>Levi</strong></span> <span class='ocrx_word' id='word_1_258' title='bbox 2819 649 3087 714; x_wconf 90' lang='lat' dir='ltr'><strong>decimus,</strong></span> <span class='ocrx_word' id='word_1_259' title='bbox 3138 663 3202 701; x_wconf 92' lang='lat' dir='ltr'><strong>ac</strong></span> <span class='ocrx_word' id='word_1_260' title='bbox 3233 647 3304 701; x_wconf 90' lang='lat' dir='ltr'><strong>ita</strong></span> <span class='ocrx_word' id='word_1_261' title='bbox 3337 663 3436 716; x_wconf 86' lang='lat' dir='ltr'><strong>per</strong></span> 
     </span>
    </p>
   </div>
   <div class='ocr_carea' id='block_1_35' title="bbox 1845 737 3433 812">
    <p class='ocr_par' dir='ltr' id='par_1_35' title="bbox 1845 737 3433 812">
     <span class='ocr_line' id='line_1_35' title="bbox 1845 737 3433 812; baseline -0.002 -19"><span class='ocrx_word' id='word_1_262' title='bbox 1845 737 2124 794; x_wconf 89' lang='lat' dir='ltr'><strong>Christum</strong></span> <span class='ocrx_word' id='word_1_263' title='bbox 2179 739 2302 795; x_wconf 91' lang='lat' dir='ltr'><strong>ﬁnis</strong></span> <span class='ocrx_word' id='word_1_264' title='bbox 2346 753 2472 794; x_wconf 91' lang='lat' dir='ltr'><strong>cum</strong></span> <span class='ocrx_word' id='word_1_265' title='bbox 2529 741 2807 812; x_wconf 89' lang='lat' dir='ltr'><strong>principio</strong></span> <span class='ocrx_word' id='word_1_266' title='bbox 2853 740 3286 810; x_wconf 77' lang='lat' dir='ltr'><strong>redintegratur,</strong></span> <span class='ocrx_word' id='word_1_267' title='bbox 3338 738 3433 808; x_wconf 90' lang='lat' dir='ltr'><strong>qui</strong></span> 
     </span>
    </p>
   </div>
   <div class='ocr_carea' id='block_1_36' title="bbox 1847 829 3435 901">
    <p class='ocr_par' dir='ltr' id='par_1_36' title="bbox 1847 829 3435 901">
     <span class='ocr_line' id='line_1_36' title="bbox 1847 829 3435 901; baseline -0.001 -16"><span class='ocrx_word' id='word_1_268' title='bbox 1847 845 1970 885; x_wconf 90' lang='lat' dir='ltr'><strong>cum</strong></span> <span class='ocrx_word' id='word_1_269' title='bbox 1998 839 2242 886; x_wconf 82' lang='lat' dir='ltr'><strong>extrema</strong></span> <span class='ocrx_word' id='word_1_270' title='bbox 2279 832 2527 888; x_wconf 80' lang='lat' dir='ltr'><strong>venisset</strong></span> <span class='ocrx_word' id='word_1_271' title='bbox 2550 840 2728 898; x_wconf 62' lang='lat' dir='ltr'><strong>aetate,</strong></span> <span class='ocrx_word' id='word_1_272' title='bbox 2756 840 3172 901; x_wconf 84' lang='lat' dir='ltr'><strong>extremamque</strong></span> <span class='ocrx_word' id='word_1_273' title='bbox 3200 829 3435 885; x_wconf 88' lang='lat' dir='ltr'><strong>felicita-</strong></span> 
     </span>
    </p>
   </div>
   <div class='ocr_carea' id='block_1_37' title="bbox 1849 919 3433 994">
    <p class='ocr_par' dir='ltr' id='par_1_37' title="bbox 1849 919 3433 994">
     <span class='ocr_line' id='line_1_37' title="bbox 1849 919 3433 994; baseline -0.002 -16"><span class='ocrx_word' id='word_1_274' title='bbox 1849 935 1954 978; x_wconf 85' lang='lat' dir='ltr'><strong>tem</strong></span> <span class='ocrx_word' id='word_1_275' title='bbox 1983 924 2276 990; x_wconf 83' lang='lat' dir='ltr'><strong>attulisset,</strong></span> <span class='ocrx_word' id='word_1_276' title='bbox 2308 923 2469 979; x_wconf 87' lang='lat' dir='ltr'><strong>ﬁnem</strong></span> <span class='ocrx_word' id='word_1_277' title='bbox 2497 924 2553 979; x_wconf 91' lang='lat' dir='ltr'><strong>in</strong></span> <span class='ocrx_word' id='word_1_278' title='bbox 2575 923 2910 994; x_wconf 87' lang='lat' dir='ltr'><strong>principium</strong></span> <span class='ocrx_word' id='word_1_279' title='bbox 2942 921 3232 978; x_wconf 86' lang='lat' dir='ltr'><strong>convertit.</strong></span> <span class='ocrx_word' id='word_1_280' title='bbox 3258 919 3433 975; x_wconf 88' lang='lat' dir='ltr'><strong>Porro</strong></span> 
     </span>
    </p>
   </div>
   <div class='ocr_carea' id='block_1_38' title="bbox 1849 1013 3432 1087">
    <p class='ocr_par' dir='ltr' id='par_1_38' title="bbox 1849 1013 3432 1087">
     <span class='ocr_line' id='line_1_38' title="bbox 1849 1013 3432 1087; baseline -0.003 -17"><span class='ocrx_word' id='word_1_281' title='bbox 1849 1016 2221 1087; x_wconf 25' lang='lat' dir='ltr'><strong>Simeon‘cum</strong></span> <span class='ocrx_word' id='word_1_282' title='bbox 2250 1016 2592 1072; x_wconf 82' lang='lat' dir='ltr'><strong>correctione</strong></span> <span class='ocrx_word' id='word_1_283' title='bbox 2620 1030 2720 1072; x_wconf 88' lang='lat' dir='ltr'><strong>sua</strong></span> <span class='ocrx_word' id='word_1_284' title='bbox 2767 1015 2878 1071; x_wconf 92' lang='lat' dir='ltr'><strong>Deo</strong></span> <span class='ocrx_word' id='word_1_285' title='bbox 2916 1021 3004 1070; x_wconf 91' lang='lat' dir='ltr'><strong>est</strong></span> <span class='ocrx_word' id='word_1_286' title='bbox 3048 1014 3296 1079; x_wconf 85' lang='lat' dir='ltr'><strong>relicms,</strong></span> <span class='ocrx_word' id='word_1_287' title='bbox 3333 1013 3432 1084; x_wconf 86' lang='lat' dir='ltr'><strong>qui</strong></span> 
     </span>
    </p>
   </div>
   <div class='ocr_carea' id='block_1_39' title="bbox 1846 1107 3432 1181">
    <p class='ocr_par' dir='ltr' id='par_1_39' title="bbox 1846 1107 3432 1181">
     <span class='ocr_line' id='line_1_39' title="bbox 1846 1107 3432 1181; baseline 0 -18"><span class='ocrx_word' id='word_1_288' title='bbox 1846 1117 2020 1165; x_wconf 87' lang='lat' dir='ltr'><strong>totum</strong></span> <span class='ocrx_word' id='word_1_289' title='bbox 2052 1110 2186 1181; x_wconf 83' lang='lat' dir='ltr'><strong>legis</strong></span> <span class='ocrx_word' id='word_1_290' title='bbox 2215 1110 2408 1165; x_wconf 87' lang='lat' dir='ltr'><strong>vitium</strong></span> <span class='ocrx_word' id='word_1_291' title='bbox 2440 1109 2615 1180; x_wconf 89' lang='lat' dir='ltr'><strong>gratia</strong></span> <span class='ocrx_word' id='word_1_292' title='bbox 2643 1124 2742 1165; x_wconf 91' lang='lat' dir='ltr'><strong>sua</strong></span> <span class='ocrx_word' id='word_1_293' title='bbox 2768 1108 3018 1165; x_wconf 88' lang='lat' dir='ltr'><strong>resarcit.</strong></span> <span class='ocrx_word' id='word_1_294' title='bbox 3049 1107 3432 1175; x_wconf 89' lang='lat' dir='ltr'><strong>Quemadmo-</strong></span> 
     </span>
    </p>
   </div>
   <div class='ocr_carea' id='block_1_40' title="bbox 1848 1199 3430 1271">
    <p class='ocr_par' dir='ltr' id='par_1_40' title="bbox 1848 1199 3430 1271">
     <span class='ocr_line' id='line_1_40' title="bbox 1848 1199 3430 1271; baseline 0 -17"><span class='ocrx_word' id='word_1_295' title='bbox 1848 1201 1972 1254; x_wconf 86' lang='lat' dir='ltr'><strong>dum</strong></span> <span class='ocrx_word' id='word_1_296' title='bbox 2005 1215 2128 1255; x_wconf 92' lang='lat' dir='ltr'><strong>cum</strong></span> <span class='ocrx_word' id='word_1_297' title='bbox 2175 1201 2362 1256; x_wconf 86' lang='lat' dir='ltr'><strong>decem</strong></span> <span class='ocrx_word' id='word_1_298' title='bbox 2405 1201 2580 1256; x_wconf 91' lang='lat' dir='ltr'><strong>tribus</strong></span> <span class='ocrx_word' id='word_1_299' title='bbox 2608 1199 2872 1271; x_wconf 88' lang='lat' dir='ltr'><strong>Ephraim</strong></span> <span class='ocrx_word' id='word_1_300' title='bbox 2915 1199 3138 1254; x_wconf 87' lang='lat' dir='ltr'><strong>nomine</strong></span> <span class='ocrx_word' id='word_1_301' title='bbox 3188 1199 3430 1270; x_wconf 81' lang='lat' dir='ltr'><strong>insignes</strong></span> 
     </span>
    </p>
   </div>
   <div class='ocr_carea' id='block_1_41' title="bbox 1846 1290 3432 1364">
    <p class='ocr_par' dir='ltr' id='par_1_41' title="bbox 1846 1290 3432 1364">
     <span class='ocr_line' id='line_1_41' title="bbox 1846 1290 3432 1364; baseline -0.003 -17"><span class='ocrx_word' id='word_1_302' title='bbox 1846 1293 2000 1361; x_wconf 82' lang='lat' dir='ltr'><strong>c0pia</strong></span> <span class='ocrx_word' id='word_1_303' title='bbox 2027 1291 2266 1346; x_wconf 88' lang='lat' dir='ltr'><strong>abeundi</strong></span> <span class='ocrx_word' id='word_1_304' title='bbox 2304 1307 2334 1345; x_wconf 89' lang='lat' dir='ltr'><strong>a</strong></span> <span class='ocrx_word' id='word_1_305' title='bbox 2385 1291 2529 1364; x_wconf 89' lang='lat' dir='ltr'><strong>Cyro</strong></span> <span class='ocrx_word' id='word_1_306' title='bbox 2579 1291 2716 1362; x_wconf 86' lang='lat' dir='ltr'><strong>ipsis</strong></span> <span class='ocrx_word' id='word_1_307' title='bbox 2769 1291 2896 1345; x_wconf 83' lang='lat' dir='ltr'><strong>data</strong></span> <span class='ocrx_word' id='word_1_308' title='bbox 2945 1306 3059 1346; x_wconf 90' lang='lat' dir='ltr'><strong>non</strong></span> <span class='ocrx_word' id='word_1_309' title='bbox 3116 1290 3432 1347; x_wconf 81' lang='lat' dir='ltr'><strong>reduxisset</strong></span> 
     </span>
    </p>
   </div>
   <div class='ocr_carea' id='block_1_42' title="bbox 1849 1381 3430 1458">
    <p class='ocr_par' dir='ltr' id='par_1_42' title="bbox 1849 1381 3430 1458">
     <span class='ocr_line' id='line_1_42' title="bbox 1849 1381 3430 1458; baseline 0.001 -23"><span class='ocrx_word' id='word_1_310' title='bbox 1849 1382 2012 1447; x_wconf 86' lang='lat' dir='ltr'><strong>Deus,</strong></span> <span class='ocrx_word' id='word_1_311' title='bbox 2041 1399 2137 1452; x_wconf 87' lang='lat' dir='ltr'><strong>per</strong></span> <span class='ocrx_word' id='word_1_312' title='bbox 2165 1382 2458 1438; x_wconf 85' lang='lat' dir='ltr'><strong>Jeremiam</strong></span> <span class='ocrx_word' id='word_1_313' title='bbox 2483 1399 2514 1437; x_wconf 93' lang='lat' dir='ltr'><strong>a</strong></span> <span class='ocrx_word' id='word_1_314' title='bbox 2540 1383 2766 1439; x_wconf 82' lang='lat' dir='ltr'><strong>Christo</strong></span> <span class='ocrx_word' id='word_1_315' title='bbox 2791 1381 3079 1458; x_wconf 86' lang='lat' dir='ltr'><strong>reductum</strong></span> <span class='ocrx_word' id='word_1_316' title='bbox 3107 1382 3285 1437; x_wconf 88' lang='lat' dir='ltr'><strong>ituras</strong></span> <span class='ocrx_word' id='word_1_317' title='bbox 3307 1396 3430 1438; x_wconf 84' lang='lat' dir='ltr'><strong>esse</strong></span> 
     </span>
    </p>
   </div>
   <div class='ocr_carea' id='block_1_43' title="bbox 1847 1477 3434 1549">
    <p class='ocr_par' dir='ltr' id='par_1_43' title="bbox 1847 1477 3434 1549">
     <span class='ocr_line' id='line_1_43' title="bbox 1847 1477 3434 1549; baseline 0.001 -19"><span class='ocrx_word' id='word_1_318' title='bbox 1847 1479 2136 1548; x_wconf 85' lang='lat' dir='ltr'><strong>promittit,</strong></span> <span class='ocrx_word' id='word_1_319' title='bbox 2162 1485 2220 1532; x_wconf 92' lang='lat' dir='ltr'><strong>ut</strong></span> <span class='ocrx_word' id='word_1_320' title='bbox 2245 1479 2299 1534; x_wconf 90' lang='lat' dir='ltr'><strong>id</strong></span> <span class='ocrx_word' id='word_1_321' title='bbox 2330 1478 2657 1534; x_wconf 90' lang='lat' dir='ltr'><strong>beneﬁcium</strong></span> <span class='ocrx_word' id='word_1_322' title='bbox 2686 1493 2854 1549; x_wconf 84' lang='lat' dir='ltr'><strong>super</strong></span> <span class='ocrx_word' id='word_1_323' title='bbox 2885 1492 3078 1534; x_wconf 87' lang='lat' dir='ltr'><strong>omnes</strong></span> <span class='ocrx_word' id='word_1_324' title='bbox 3103 1477 3434 1532; x_wconf 80' lang='lat' dir='ltr'><strong>extendatur</strong></span> 
     </span>
    </p>
   </div>
   <div class='ocr_carea' id='block_1_44' title="bbox 1847 1569 3430 1643">
    <p class='ocr_par' dir='ltr' id='par_1_44' title="bbox 1847 1569 3430 1643">
     <span class='ocr_line' id='line_1_44' title="bbox 1847 1569 3430 1643; baseline 0.003 -21"><span class='ocrx_word' id='word_1_325' title='bbox 1847 1570 2116 1625; x_wconf 88' lang='lat' dir='ltr'><strong>videlicet.</strong></span> <span class='ocrx_word' id='word_1_326' title='bbox 2140 1569 2212 1624; x_wconf 88' lang='lat' dir='ltr'><strong>De</strong></span> <span class='ocrx_word' id='word_1_327' title='bbox 2230 1585 2339 1640; x_wconf 90' lang='lat' dir='ltr'><strong>quo</strong></span> <span class='ocrx_word' id='word_1_328' title='bbox 2357 1570 2812 1642; x_wconf 88' lang='lat' dir='ltr'><strong>signiﬁcationem</strong></span> <span class='ocrx_word' id='word_1_329' title='bbox 2835 1572 3122 1642; x_wconf 78' lang='lat' dir='ltr'><strong>praemisit,</strong></span> <span class='ocrx_word' id='word_1_330' title='bbox 3142 1572 3430 1643; x_wconf 87' lang='lat' dir='ltr'><strong>inquiens:</strong></span> 
     </span>
    </p>
   </div>
   <div class='ocr_carea' id='block_1_45' title="bbox 1853 1660 3432 1730">
    <p class='ocr_par' dir='ltr' id='par_1_45' title="bbox 1853 1660 3432 1730">
     <span class='ocr_line' id='line_1_45' title="bbox 1853 1660 3432 1730; baseline 0.004 -17"><span class='ocrx_word' id='word_1_331' title='bbox 1853 1681 1870 1713; x_wconf 85' lang='grc'><em>‹</em></span> <span class='ocrx_word' id='word_1_332' title='bbox 1913 1660 2062 1717; x_wconf 82' lang='lat' dir='ltr'><strong>Fecit</strong></span> <span class='ocrx_word' id='word_1_333' title='bbox 2089 1677 2201 1718; x_wconf 89' lang='lat' dir='ltr'><strong>rem</strong></span> <span class='ocrx_word' id='word_1_334' title='bbox 2238 1677 2434 1718; x_wconf 89' lang='lat' dir='ltr'><strong>novam</strong></span> <span class='ocrx_word' id='word_1_335' title='bbox 2467 1663 2735 1720; x_wconf 89' lang='lat' dir='ltr'><strong>Dominus</strong></span> <span class='ocrx_word' id='word_1_336' title='bbox 2764 1703 2780 1730; x_wconf 93' lang='lat'><strong>,</strong></span> <span class='ocrx_word' id='word_1_337' title='bbox 2821 1663 3025 1721; x_wconf 85' lang='lat' dir='ltr'><strong>femina</strong></span> <span class='ocrx_word' id='word_1_338' title='bbox 3063 1666 3432 1722; x_wconf 84' lang='lat' dir='ltr'><strong>circumdabit</strong></span> 
     </span>
    </p>
   </div>
   <div class='ocr_carea' id='block_1_46' title="bbox 1845 1753 3432 1830">
    <p class='ocr_par' dir='ltr' id='par_1_46' title="bbox 1845 1753 3432 1830">
     <span class='ocr_line' id='line_1_46' title="bbox 1845 1753 3432 1830; baseline 0.005 -24"><span class='ocrx_word' id='word_1_339' title='bbox 1845 1754 2020 1807; x_wconf 92' lang='lat' dir='ltr'><strong>virum</strong></span> <span class='ocrx_word' id='word_1_340' title='bbox 2044 1753 2112 1809; x_wconf 75' lang='grc' dir='ltr'><strong>τ’.</strong></span> <span class='ocrx_word' id='word_1_341' title='bbox 2153 1773 2172 1805; x_wconf 73' lang='grc' dir='ltr'><strong>ι</strong></span> <span class='ocrx_word' id='word_1_342' title='bbox 2212 1753 2425 1809; x_wconf 86' lang='lat' dir='ltr'><strong>Novum</strong></span> <span class='ocrx_word' id='word_1_343' title='bbox 2460 1755 2606 1809; x_wconf 91' lang='lat' dir='ltr'><strong>enim</strong></span> <span class='ocrx_word' id='word_1_344' title='bbox 2668 1755 2772 1810; x_wconf 89' lang='lat' dir='ltr'><strong>fuit</strong></span> <span class='ocrx_word' id='word_1_345' title='bbox 2828 1757 3083 1813; x_wconf 88' lang='lat' dir='ltr'><strong>videlicet</strong></span> <span class='ocrx_word' id='word_1_346' title='bbox 3115 1758 3261 1830; x_wconf 79' lang='lat' dir='ltr'><strong>gigni</strong></span> <span class='ocrx_word' id='word_1_347' title='bbox 3313 1758 3432 1814; x_wconf 90' lang='lat' dir='ltr'><strong>sine</strong></span> 
     </span>
    </p>
   </div>
   <div class='ocr_carea' id='block_1_47' title="bbox 1845 1847 3433 1920">
    <p class='ocr_par' dir='ltr' id='par_1_47' title="bbox 1845 1847 3433 1920">
     <span class='ocr_line' id='line_1_47' title="bbox 1845 1847 3433 1920; baseline 0.007 -25"><span class='ocrx_word' id='word_1_348' title='bbox 1845 1851 2019 1912; x_wconf 87' lang='lat' dir='ltr'><strong>patre,</strong></span> <span class='ocrx_word' id='word_1_349' title='bbox 2049 1859 2147 1914; x_wconf 89' lang='lat' dir='ltr'><strong>per</strong></span> <span class='ocrx_word' id='word_1_350' title='bbox 2184 1859 2345 1914; x_wconf 89' lang='lat' dir='ltr'><strong>quem</strong></span> <span class='ocrx_word' id='word_1_351' title='bbox 2399 1847 2648 1901; x_wconf 84' lang='lat' dir='ltr'><strong>renovati</strong></span> <span class='ocrx_word' id='word_1_352' title='bbox 2689 1863 2881 1920; x_wconf 86' lang='lat' dir='ltr'><strong>sumus</strong></span> <span class='ocrx_word' id='word_1_353' title='bbox 2931 1864 3143 1905; x_wconf 80' lang='lat' dir='ltr'><strong>omnes.</strong></span> <span class='ocrx_word' id='word_1_354' title='bbox 3182 1849 3433 1920; x_wconf 86' lang='lat' dir='ltr'><strong>Quapro-</strong></span> 
     </span>
    </p>
   </div>
   <div class='ocr_carea' id='block_1_48' title="bbox 1777 1914 3428 2011">
    <p class='ocr_par' dir='ltr' id='par_1_48' title="bbox 1777 1914 3428 2011">
     <span class='ocr_line' id='line_1_48' title="bbox 1777 1914 3428 2011; baseline 0.003 -22"><span class='ocrx_word' id='word_1_355' title='bbox 1777 1914 1816 1967; x_wconf 71' lang='grc' dir='ltr'>Β</span> <span class='ocrx_word' id='word_1_356' title='bbox 1845 1946 1964 2006; x_wconf 92' lang='lat' dir='ltr'><strong>pter</strong></span> <span class='ocrx_word' id='word_1_357' title='bbox 1986 1951 2119 1991; x_wconf 83' lang='lat' dir='ltr'><strong>sane</strong></span> <span class='ocrx_word' id='word_1_358' title='bbox 2149 1936 2368 1992; x_wconf 89' lang='lat' dir='ltr'><strong>Simeon</strong></span> <span class='ocrx_word' id='word_1_359' title='bbox 2393 1937 2537 1992; x_wconf 92' lang='lat' dir='ltr'><strong>inter</strong></span> <span class='ocrx_word' id='word_1_360' title='bbox 2560 1938 2694 1994; x_wconf 86' lang='lat' dir='ltr'><strong>alias</strong></span> <span class='ocrx_word' id='word_1_361' title='bbox 2729 1915 2904 1995; x_wconf 87' lang='lat' dir='ltr'><strong>tribus</strong></span> <span class='ocrx_word' id='word_1_362' title='bbox 2927 1939 3146 1996; x_wconf 88' lang='lat' dir='ltr'><strong>silentio</strong></span> <span class='ocrx_word' id='word_1_363' title='bbox 3178 1914 3262 1996; x_wconf 77' lang='lat' dir='ltr'><strong>est</strong></span> <span class='ocrx_word' id='word_1_364' title='bbox 3291 1914 3428 2011; x_wconf 72' lang='lat' dir='ltr'><strong>prac-</strong></span> 
     </span>
    </p>
   </div>
   <div class='ocr_carea' id='block_1_49' title="bbox 1845 2029 3502 2101">
    <p class='ocr_par' dir='ltr' id='par_1_49' title="bbox 1845 2029 3502 2101">
     <span class='ocr_line' id='line_1_49' title="bbox 1845 2029 3502 2101; baseline 0.001 -18"><span class='ocrx_word' id='word_1_365' title='bbox 1845 2031 2058 2085; x_wconf 90' lang='lat' dir='ltr'><strong>teritus.</strong></span> <span class='ocrx_word' id='word_1_366' title='bbox 2108 2029 2430 2085; x_wconf 79' lang='lat' dir='ltr'><strong>Communis</strong></span> <span class='ocrx_word' id='word_1_367' title='bbox 2472 2029 2620 2083; x_wconf 89' lang='lat' dir='ltr'><strong>enim</strong></span> <span class='ocrx_word' id='word_1_368' title='bbox 2681 2031 2975 2099; x_wconf 88' lang='lat' dir='ltr'><strong>promissio</strong></span> <span class='ocrx_word' id='word_1_369' title='bbox 3026 2032 3169 2086; x_wconf 89' lang='lat' dir='ltr'><strong>banc</strong></span> <span class='ocrx_word' id='word_1_370' title='bbox 3213 2041 3428 2101; x_wconf 77' lang='lat' dir='ltr'><strong>gentem</strong></span> <span class='ocrx_word' id='word_1_371' title='bbox 3500 2050 3502 2052; x_wconf 51' lang='grc' dir='ltr'><strong>ν</strong></span> 
     </span>
    </p>
   </div>
   <div class='ocr_carea' id='block_1_50' title="bbox 1841 2116 3418 2191">
    <p class='ocr_par' dir='ltr' id='par_1_50' title="bbox 1841 2116 3418 2191">
     <span class='ocr_line' id='line_1_50' title="bbox 1841 2116 3418 2191; baseline 0.003 -19"><span class='ocrx_word' id='word_1_372' title='bbox 1841 2125 2047 2180; x_wconf 87' lang='lat' dir='ltr'><strong>manet,</strong></span> <span class='ocrx_word' id='word_1_373' title='bbox 2090 2116 2239 2187; x_wconf 89' lang='lat' dir='ltr'><strong>quod</strong></span> <span class='ocrx_word' id='word_1_374' title='bbox 2272 2117 2442 2174; x_wconf 91' lang='lat' dir='ltr'><strong>Israel</strong></span> <span class='ocrx_word' id='word_1_375' title='bbox 2480 2134 2614 2189; x_wconf 73' lang='lat' dir='ltr'><strong>gens</strong></span> <span class='ocrx_word' id='word_1_376' title='bbox 2650 2119 2757 2176; x_wconf 92' lang='lat' dir='ltr'><strong>Deo</strong></span> <span class='ocrx_word' id='word_1_377' title='bbox 2793 2129 2946 2191; x_wconf 80' lang='lat' dir='ltr'><strong>grata</strong></span> <span class='ocrx_word' id='word_1_378' title='bbox 2984 2121 3195 2176; x_wconf 90' lang='lat' dir='ltr'><strong>nullmn</strong></span> <span class='ocrx_word' id='word_1_379' title='bbox 3232 2123 3305 2176; x_wconf 90' lang='lat' dir='ltr'><strong>sit</strong></span> <span class='ocrx_word' id='word_1_380' title='bbox 3338 2138 3418 2177; x_wconf 46' lang='lat' dir='ltr'><strong>ca.</strong></span> 
     </span>
    </p>
   </div>
   <div class='ocr_carea' id='block_1_51' title="bbox 1842 2212 3429 2285">
    <p class='ocr_par' dir='ltr' id='par_1_51' title="bbox 1842 2212 3429 2285">
     <span class='ocr_line' id='line_1_51' title="bbox 1842 2212 3429 2285; baseline 0.004 -19"><span class='ocrx_word' id='word_1_381' title='bbox 1842 2221 2002 2282; x_wconf 87' lang='lat' dir='ltr'><strong>ptura</strong></span> <span class='ocrx_word' id='word_1_382' title='bbox 2025 2212 2211 2268; x_wconf 80' lang='lat' dir='ltr'><strong>ﬁnem.</strong></span> <span class='ocrx_word' id='word_1_383' title='bbox 2240 2213 2410 2267; x_wconf 90' lang='lat' dir='ltr'><strong>Aiunt</strong></span> <span class='ocrx_word' id='word_1_384' title='bbox 2433 2229 2564 2270; x_wconf 92' lang='lat' dir='ltr'><strong>vero</strong></span> <span class='ocrx_word' id='word_1_385' title='bbox 2594 2214 2838 2285; x_wconf 87' lang='lat' dir='ltr'><strong>quidam,</strong></span> <span class='ocrx_word' id='word_1_386' title='bbox 2862 2216 2910 2271; x_wconf 90' lang='lat' dir='ltr'><strong>si</strong></span> <span class='ocrx_word' id='word_1_387' title='bbox 2931 2216 3148 2272; x_wconf 66' lang='lat' dir='ltr'><strong>caeteris</strong></span> <span class='ocrx_word' id='word_1_388' title='bbox 3170 2217 3429 2274; x_wconf 88' lang='lat' dir='ltr'><strong>tribubus</strong></span> 
     </span>
    </p>
   </div>
   <div class='ocr_carea' id='block_1_52' title="bbox 1841 2306 3424 2376">
    <p class='ocr_par' dir='ltr' id='par_1_52' title="bbox 1841 2306 3424 2376">
     <span class='ocr_line' id='line_1_52' title="bbox 1841 2306 3424 2376; baseline 0.001 -14"><span class='ocrx_word' id='word_1_389' title='bbox 1841 2308 2021 2362; x_wconf 82' lang='lat' dir='ltr'><strong>fausta</strong></span> <span class='ocrx_word' id='word_1_390' title='bbox 2055 2315 2203 2363; x_wconf 88' lang='lat' dir='ltr'><strong>esset</strong></span> <span class='ocrx_word' id='word_1_391' title='bbox 2255 2306 2590 2376; x_wconf 89' lang='lat' dir='ltr'><strong>imprecatus</strong></span> <span class='ocrx_word' id='word_1_392' title='bbox 2617 2349 2632 2373; x_wconf 90' lang='lat'><strong>,</strong></span> <span class='ocrx_word' id='word_1_393' title='bbox 2683 2323 2840 2363; x_wconf 91' lang='lat' dir='ltr'><strong>suam</strong></span> <span class='ocrx_word' id='word_1_394' title='bbox 2889 2317 3039 2366; x_wconf 90' lang='lat' dir='ltr'><strong>certe</strong></span> <span class='ocrx_word' id='word_1_395' title='bbox 3079 2309 3282 2365; x_wconf 87' lang='lat' dir='ltr'><strong>tribum</strong></span> <span class='ocrx_word' id='word_1_396' title='bbox 3315 2326 3424 2364; x_wconf 93' lang='lat' dir='ltr'><strong>non</strong></span> 
     </span>
    </p>
   </div>
   <div class='ocr_carea' id='block_1_53' title="bbox 1840 2400 3424 2474">
    <p class='ocr_par' dir='ltr' id='par_1_53' title="bbox 1840 2400 3424 2474">
     <span class='ocr_line' id='line_1_53' title="bbox 1840 2400 3424 2474; baseline 0.001 -20"><span class='ocrx_word' id='word_1_397' title='bbox 1840 2400 2138 2455; x_wconf 85' lang='lat' dir='ltr'><strong>immunem</strong></span> <span class='ocrx_word' id='word_1_398' title='bbox 2174 2400 2488 2472; x_wconf 89' lang='lat' dir='ltr'><strong>reliquisset</strong></span> <span class='ocrx_word' id='word_1_399' title='bbox 2510 2417 2597 2458; x_wconf 92' lang='lat' dir='ltr'><strong>eo.</strong></span> <span class='ocrx_word' id='word_1_400' title='bbox 2625 2402 2895 2460; x_wconf 70' lang='lat' dir='ltr'><strong>Caeterum</strong></span> <span class='ocrx_word' id='word_1_401' title='bbox 2921 2403 3122 2459; x_wconf 89' lang='lat' dir='ltr'><strong>tribum</strong></span> <span class='ocrx_word' id='word_1_402' title='bbox 3150 2419 3269 2459; x_wconf 90' lang='lat' dir='ltr'><strong>eam</strong></span> <span class='ocrx_word' id='word_1_403' title='bbox 3296 2419 3424 2474; x_wconf 83' lang='lat' dir='ltr'><strong>pro-</strong></span> 
     </span>
    </p>
   </div>
   <div class='ocr_carea' id='block_1_54' title="bbox 1839 2493 3424 2568">
    <p class='ocr_par' dir='ltr' id='par_1_54' title="bbox 1839 2493 3424 2568">
     <span class='ocr_line' id='line_1_54' title="bbox 1839 2493 3424 2568; baseline 0.004 -22"><span class='ocrx_word' id='word_1_404' title='bbox 1839 2501 1959 2563; x_wconf 87' lang='lat' dir='ltr'><strong>pter</strong></span> <span class='ocrx_word' id='word_1_405' title='bbox 1993 2494 2173 2563; x_wconf 90' lang='lat' dir='ltr'><strong>ipsum</strong></span> <span class='ocrx_word' id='word_1_406' title='bbox 2209 2493 2545 2551; x_wconf 81' lang='lat' dir='ltr'><strong>fortunatam</strong></span> <span class='ocrx_word' id='word_1_407' title='bbox 2581 2512 2706 2554; x_wconf 89' lang='lat' dir='ltr'><strong>esse</strong></span> <span class='ocrx_word' id='word_1_408' title='bbox 2735 2497 2926 2568; x_wconf 88' lang='lat' dir='ltr'><strong>jussit,</strong></span> <span class='ocrx_word' id='word_1_409' title='bbox 2960 2497 3424 2568; x_wconf 86' lang='lat' dir='ltr'><strong>quemadmodum</strong></span> 
     </span>
    </p>
   </div>
   <div class='ocr_carea' id='block_1_55' title="bbox 1838 2586 3426 2663">
    <p class='ocr_par' dir='ltr' id='par_1_55' title="bbox 1838 2586 3426 2663">
     <span class='ocr_line' id='line_1_55' title="bbox 1838 2586 3426 2663; baseline 0.001 -23"><span class='ocrx_word' id='word_1_410' title='bbox 1838 2586 2086 2642; x_wconf 83' lang='lat' dir='ltr'><strong>Rubenis</strong></span> <span class='ocrx_word' id='word_1_411' title='bbox 2113 2601 2332 2658; x_wconf 90' lang='lat' dir='ltr'><strong>quoque</strong></span> <span class='ocrx_word' id='word_1_412' title='bbox 2362 2595 2588 2660; x_wconf 89' lang='lat' dir='ltr'><strong>propter</strong></span> <span class='ocrx_word' id='word_1_413' title='bbox 2631 2605 2876 2647; x_wconf 89' lang='lat' dir='ltr'><strong>amorem</strong></span> <span class='ocrx_word' id='word_1_414' title='bbox 2923 2607 3051 2663; x_wconf 86' lang='lat' dir='ltr'><strong>erga</strong></span> <span class='ocrx_word' id='word_1_415' title='bbox 3087 2591 3335 2646; x_wconf 79' lang='lat' dir='ltr'><strong>fratrem.</strong></span> <span class='ocrx_word' id='word_1_416' title='bbox 3368 2591 3426 2644; x_wconf 90' lang='lat' dir='ltr'><strong>ln</strong></span> 
     </span>
    </p>
   </div>
   <div class='ocr_carea' id='block_1_56' title="bbox 1837 2678 3426 2752">
    <p class='ocr_par' dir='ltr' id='par_1_56' title="bbox 1837 2678 3426 2752">
     <span class='ocr_line' id='line_1_56' title="bbox 1837 2678 3426 2752; baseline 0.004 -21"><span class='ocrx_word' id='word_1_417' title='bbox 1837 2678 1955 2745; x_wconf 87' lang='lat' dir='ltr'><strong>ipso</strong></span> <span class='ocrx_word' id='word_1_418' title='bbox 2014 2678 2251 2750; x_wconf 89' lang='lat' dir='ltr'><strong>denique</strong></span> <span class='ocrx_word' id='word_1_419' title='bbox 2289 2679 2546 2737; x_wconf 92' lang='lat' dir='ltr'><strong>Simeone</strong></span> <span class='ocrx_word' id='word_1_420' title='bbox 2597 2683 2747 2736; x_wconf 89' lang='lat' dir='ltr'><strong>nulla</strong></span> <span class='ocrx_word' id='word_1_421' title='bbox 2809 2683 3122 2738; x_wconf 84' lang='lat' dir='ltr'><strong>fuit&#39;causa</strong></span> <span class='ocrx_word' id='word_1_422' title='bbox 3161 2699 3322 2752; x_wconf 68' lang='lat' dir='ltr'><strong>(niam</strong></span> <span class='ocrx_word' id='word_1_423' title='bbox 3355 2683 3426 2737; x_wconf 93' lang='lat' dir='ltr'><strong>ob</strong></span> 
     </span>
    </p>
   </div>
   <div class='ocr_carea' id='block_1_57' title="bbox 1839 2768 3421 2845">
    <p class='ocr_par' dir='ltr' id='par_1_57' title="bbox 1839 2768 3421 2845">
     <span class='ocr_line' id='line_1_57' title="bbox 1839 2768 3421 2845; baseline 0.003 -22"><span class='ocrx_word' id='word_1_424' title='bbox 1839 2768 2076 2825; x_wconf 83' lang='lat' dir='ltr'><strong>faustam</strong></span> <span class='ocrx_word' id='word_1_425' title='bbox 2139 2773 2382 2842; x_wconf 90' lang='lat' dir='ltr'><strong>aliquam</strong></span> <span class='ocrx_word' id='word_1_426' title='bbox 2451 2771 2906 2844; x_wconf 83' lang='lat' dir='ltr'><strong>imprecationein</strong></span> <span class='ocrx_word' id='word_1_427' title='bbox 2966 2782 3421 2845; x_wconf 86' lang='lat' dir='ltr'><strong>consequeretur.</strong></span> 
     </span>
    </p>
   </div>
   <div class='ocr_carea' id='block_1_58' title="bbox 1836 2859 3426 2934">
    <p class='ocr_par' dir='ltr' id='par_1_58' title="bbox 1836 2859 3426 2934">
     <span class='ocr_line' id='line_1_58' title="bbox 1836 2859 3426 2934; baseline 0.004 -20"><span class='ocrx_word' id='word_1_428' title='bbox 1836 2859 2009 2917; x_wconf 90' lang='lat' dir='ltr'><strong>Porro</strong></span> <span class='ocrx_word' id='word_1_429' title='bbox 2034 2861 2229 2918; x_wconf 90' lang='lat' dir='ltr'><strong>ducem</strong></span> <span class='ocrx_word' id='word_1_430' title='bbox 2262 2863 2664 2933; x_wconf 72' lang='lat' dir='ltr'><strong>coniurationis</strong></span> <span class='ocrx_word' id='word_1_431' title='bbox 2703 2872 2890 2918; x_wconf 89' lang='lat' dir='ltr'><strong>contra</strong></span> <span class='ocrx_word' id='word_1_432' title='bbox 2919 2861 3218 2934; x_wconf 86' lang='lat' dir='ltr'><strong>Josephum</strong></span> <span class='ocrx_word' id='word_1_433' title='bbox 3255 2862 3426 2920; x_wconf 81' lang='lat' dir='ltr'><strong>fuisse</strong></span> 
     </span>
    </p>
   </div>
   <div class='ocr_carea' id='block_1_59' title="bbox 1836 2953 3426 3026">
    <p class='ocr_par' dir='ltr' id='par_1_59' title="bbox 1836 2953 3426 3026">
     <span class='ocr_line' id='line_1_59' title="bbox 1836 2953 3426 3026; baseline 0.001 -16"><span class='ocrx_word' id='word_1_434' title='bbox 1836 2953 2173 3025; x_wconf 71' lang='lat' dir='ltr'><strong>coniectant,</strong></span> <span class='ocrx_word' id='word_1_435' title='bbox 2191 2964 2246 3010; x_wconf 89' lang='lat' dir='ltr'><strong>et</strong></span> <span class='ocrx_word' id='word_1_436' title='bbox 2270 2955 2477 3010; x_wconf 88' lang='lat' dir='ltr'><strong>idcirco</strong></span> <span class='ocrx_word' id='word_1_437' title='bbox 2503 2953 2802 3026; x_wconf 86' lang='lat' dir='ltr'><strong>Josephum</strong></span> <span class='ocrx_word' id='word_1_438' title='bbox 2823 2954 2948 3011; x_wconf 89' lang='lat' dir='ltr'><strong>aliis</strong></span> <span class='ocrx_word' id='word_1_439' title='bbox 2979 2953 3201 3025; x_wconf 89' lang='lat' dir='ltr'><strong>quidem</strong></span> <span class='ocrx_word' id='word_1_440' title='bbox 3233 2955 3426 3012; x_wconf 83' lang='lat' dir='ltr'><strong>dimis-</strong></span> 
     </span>
    </p>
   </div>
   <div class='ocr_carea' id='block_1_60' title="bbox 1836 3046 3424 3118">
    <p class='ocr_par' dir='ltr' id='par_1_60' title="bbox 1836 3046 3424 3118">
     <span class='ocr_line' id='line_1_60' title="bbox 1836 3046 3424 3118; baseline -0.001 -16"><span class='ocrx_word' id='word_1_441' title='bbox 1836 3048 1936 3110; x_wconf 87' lang='lat' dir='ltr'><strong>sis,</strong></span> <span class='ocrx_word' id='word_1_442' title='bbox 1971 3047 2150 3118; x_wconf 91' lang='lat' dir='ltr'><strong>ipsum</strong></span> <span class='ocrx_word' id='word_1_443' title='bbox 2179 3047 2494 3103; x_wconf 88' lang='lat' dir='ltr'><strong>retinuisse.</strong></span> <span class='ocrx_word' id='word_1_444' title='bbox 2529 3046 2753 3104; x_wconf 89' lang='lat' dir='ltr'><strong>Necnon</strong></span> <span class='ocrx_word' id='word_1_445' title='bbox 2779 3062 2909 3102; x_wconf 86' lang='lat' dir='ltr'><strong>vero</strong></span> <span class='ocrx_word' id='word_1_446' title='bbox 2951 3047 3175 3118; x_wconf 89' lang='lat' dir='ltr'><strong>quidam</strong></span> <span class='ocrx_word' id='word_1_447' title='bbox 3210 3056 3424 3103; x_wconf 83' lang='lat' dir='ltr'><strong>scorta-</strong></span> 
     </span>
    </p>
   </div>
   <div class='ocr_carea' id='block_1_61' title="bbox 1838 3137 3424 3209">
    <p class='ocr_par' dir='ltr' id='par_1_61' title="bbox 1838 3137 3424 3209">
     <span class='ocr_line' id='line_1_61' title="bbox 1838 3137 3424 3209; baseline 0 -17"><span class='ocrx_word' id='word_1_448' title='bbox 1838 3138 2007 3195; x_wconf 86' lang='lat' dir='ltr'><strong>tionis</strong></span> <span class='ocrx_word' id='word_1_449' title='bbox 2055 3138 2497 3203; x_wconf 70' lang='lat' dir='ltr'><strong>Palaestinorum,</strong></span> <span class='ocrx_word' id='word_1_450' title='bbox 2529 3138 2754 3209; x_wconf 87' lang='lat' dir='ltr'><strong>quando</strong></span> <span class='ocrx_word' id='word_1_451' title='bbox 2800 3137 3016 3194; x_wconf 85' lang='lat' dir='ltr'><strong>fervore</strong></span> <span class='ocrx_word' id='word_1_452' title='bbox 3065 3152 3166 3192; x_wconf 91' lang='lat' dir='ltr'><strong>suo</strong></span> <span class='ocrx_word' id='word_1_453' title='bbox 3191 3137 3424 3192; x_wconf 86' lang='lat' dir='ltr'><strong>Phinees</strong></span> 
     </span>
    </p>
   </div>
   <div class='ocr_carea' id='block_1_62' title="bbox 143 3226 1734 3320">
    <p class='ocr_par' dir='ltr' id='par_1_62' title="bbox 143 3226 1734 3312">
     <span class='ocr_line' id='line_1_62' title="bbox 143 3226 1734 3312; baseline 0.011 -34"><span class='ocrx_word' id='word_1_454' title='bbox 143 3226 401 3297; x_wconf 83' lang='grc' dir='ltr'>εὐλογίας</span> <span class='ocrx_word' id='word_1_455' title='bbox 433 3231 608 3284; x_wconf 87' lang='grc' dir='ltr'>κοινά.</span> <span class='ocrx_word' id='word_1_456' title='bbox 657 3231 763 3285; x_wconf 84' lang='grc' dir='ltr'>Τὸν</span> <span class='ocrx_word' id='word_1_457' title='bbox 798 3231 842 3286; x_wconf 85' lang='grc' dir='ltr'>δ’</span> <span class='ocrx_word' id='word_1_458' title='bbox 872 3228 965 3286; x_wconf 81' lang='grc' dir='ltr'><strong>οῦν</strong></span> <span class='ocrx_word' id='word_1_459' title='bbox 994 3236 1260 3305; x_wconf 84' lang='grc' dir='ltr'>Συμεῶνα</span> <span class='ocrx_word' id='word_1_460' title='bbox 1291 3243 1734 3312; x_wconf 86' lang='grc' dir='ltr'>παρασιωπήσας</span> 
     </span>
    </p>
   </div>
   <div class='ocr_carea' id='block_1_63' title="bbox 1837 3226 3420 3320">
    <p class='ocr_par' dir='ltr' id='par_1_63' title="bbox 1837 3231 3420 3303">
     <span class='ocr_line' id='line_1_63' title="bbox 1837 3231 3420 3303; baseline 0 -17"><span class='ocrx_word' id='word_1_461' title='bbox 1837 3232 2066 3302; x_wconf 67' lang='lat' dir='ltr'><strong>iustitiae</strong></span> <span class='ocrx_word' id='word_1_462' title='bbox 2097 3247 2300 3289; x_wconf 91' lang='lat' dir='ltr'><strong>nomen</strong></span> <span class='ocrx_word' id='word_1_463' title='bbox 2333 3233 2569 3303; x_wconf 84' lang='lat' dir='ltr'><strong>adeptus</strong></span> <span class='ocrx_word' id='word_1_464' title='bbox 2589 3239 2696 3297; x_wconf 90' lang='lat' dir='ltr'><strong>est,</strong></span> <span class='ocrx_word' id='word_1_465' title='bbox 2727 3231 2925 3288; x_wconf 89' lang='lat' dir='ltr'><strong>ducem</strong></span> <span class='ocrx_word' id='word_1_466' title='bbox 2971 3231 3145 3288; x_wconf 90' lang='lat' dir='ltr'><strong>fuisse</strong></span> <span class='ocrx_word' id='word_1_467' title='bbox 3175 3233 3420 3286; x_wconf 87' lang='lat' dir='ltr'><strong>tradunt.</strong></span> 
     </span>
    </p>
   </div>
   <div class='ocr_carea' id='block_1_64' title="bbox 141 3319 1731 3404">
    <p class='ocr_par' dir='ltr' id='par_1_64' title="bbox 141 3319 1731 3404">
     <span class='ocr_line' id='line_1_64' title="bbox 141 3319 1731 3404; baseline 0.01 -32"><span class='ocrx_word' id='word_1_468' title='bbox 141 3321 170 3372; x_wconf 92' lang='lat'><strong>6</strong></span> <span class='ocrx_word' id='word_1_469' title='bbox 196 3319 446 3390; x_wconf 84' lang='grc' dir='ltr'>Μωῦσῆς</span> <span class='ocrx_word' id='word_1_470' title='bbox 469 3362 486 3389; x_wconf 92' lang='grc'><strong>,</strong></span> <span class='ocrx_word' id='word_1_471' title='bbox 541 3322 640 3376; x_wconf 84' lang='grc' dir='ltr'><strong>οὑκ</strong></span> <span class='ocrx_word' id='word_1_472' title='bbox 690 3325 783 3377; x_wconf 71' lang='grc' dir='ltr'><strong>ἐπὶ</strong></span> <span class='ocrx_word' id='word_1_473' title='bbox 828 3325 920 3378; x_wconf 81' lang='grc' dir='ltr'>τὸν</span> <span class='ocrx_word' id='word_1_474' title='bbox 949 3327 1081 3380; x_wconf 83' lang='grc' dir='ltr'>Λευῒ</span> <span class='ocrx_word' id='word_1_475' title='bbox 1106 3329 1250 3382; x_wconf 78' lang='grc' dir='ltr'>κατὰ</span> <span class='ocrx_word' id='word_1_476' title='bbox 1300 3329 1454 3397; x_wconf 86' lang='grc' dir='ltr'>τάξιν</span> <span class='ocrx_word' id='word_1_477' title='bbox 1488 3331 1731 3404; x_wconf 79' lang='grc' dir='ltr'>ἔρχεται,</span> 
     </span>
    </p>
   </div>
   <div class='ocr_carea' id='block_1_65' title="bbox 139 3411 1731 3494">
    <p class='ocr_par' dir='ltr' id='par_1_65' title="bbox 139 3411 1731 3494">
     <span class='ocr_line' id='line_1_65' title="bbox 139 3411 1731 3494; baseline 0.009 -30"><span class='ocrx_word' id='word_1_478' title='bbox 139 3411 258 3464; x_wconf 83' lang='grc' dir='ltr'>ἀλλ’</span> <span class='ocrx_word' id='word_1_479' title='bbox 287 3413 385 3465; x_wconf 67' lang='grc' dir='ltr'><strong>ἐπὶ</strong></span> <span class='ocrx_word' id='word_1_480' title='bbox 434 3413 523 3466; x_wconf 77' lang='grc' dir='ltr'>τὸν</span> <span class='ocrx_word' id='word_1_481' title='bbox 557 3413 783 3481; x_wconf 80' lang='grc' dir='ltr'>Ἰούδαν,</span> <span class='ocrx_word' id='word_1_482' title='bbox 827 3417 909 3470; x_wconf 82' lang='grc' dir='ltr'><strong>ὅτι</strong></span> <span class='ocrx_word' id='word_1_483' title='bbox 949 3418 1024 3494; x_wconf 82' lang='grc' dir='ltr'>μὴ</span> <span class='ocrx_word' id='word_1_484' title='bbox 1059 3420 1167 3474; x_wconf 83' lang='grc' dir='ltr'>ἀπὸ</span> <span class='ocrx_word' id='word_1_485' title='bbox 1192 3422 1438 3494; x_wconf 75' lang='grc' dir='ltr'>κατάρας</span> <span class='ocrx_word' id='word_1_486' title='bbox 1471 3427 1552 3488; x_wconf 83' lang='grc' dir='ltr'><strong>είς</strong></span> <span class='ocrx_word' id='word_1_487' title='bbox 1579 3427 1731 3479; x_wconf 86' lang='grc' dir='ltr'>εὐλο-</span> 
     </span>
    </p>
   </div>
   <div class='ocr_carea' id='block_1_66' title="bbox 139 3504 1734 3589">
    <p class='ocr_par' dir='ltr' id='par_1_66' title="bbox 139 3504 1734 3589">
     <span class='ocr_line' id='line_1_66' title="bbox 139 3504 1734 3589; baseline 0.011 -33"><span class='ocrx_word' id='word_1_488' title='bbox 139 3504 268 3573; x_wconf 85' lang='grc' dir='ltr'>γίαν</span> <span class='ocrx_word' id='word_1_489' title='bbox 297 3506 504 3577; x_wconf 83' lang='grc' dir='ltr'>ταύτην</span> <span class='ocrx_word' id='word_1_490' title='bbox 523 3507 646 3578; x_wconf 78' lang='grc' dir='ltr'>ἄγει</span> <span class='ocrx_word' id='word_1_491' title='bbox 680 3508 778 3580; x_wconf 84' lang='grc' dir='ltr'>τὴν</span> <span class='ocrx_word' id='word_1_492' title='bbox 809 3511 1007 3582; x_wconf 82' lang='grc' dir='ltr'>φυλὴν,</span> <span class='ocrx_word' id='word_1_493' title='bbox 1040 3513 1115 3578; x_wconf 84' lang='grc' dir='ltr'><strong>ὼς</strong></span> <span class='ocrx_word' id='word_1_494' title='bbox 1144 3515 1243 3585; x_wconf 84' lang='grc' dir='ltr'>τὴν</span> <span class='ocrx_word' id='word_1_495' title='bbox 1271 3516 1570 3589; x_wconf 85' lang='grc' dir='ltr'>Λευῖτικήν</span> <span class='ocrx_word' id='word_1_496' title='bbox 1592 3535 1606 3548; x_wconf 81' lang='lat'><strong><em>°</em></strong></span> <span class='ocrx_word' id='word_1_497' title='bbox 1637 3521 1734 3574; x_wconf 76' lang='grc' dir='ltr'><strong>καὶ</strong></span> 
     </span>
    </p>
   </div>
   <div class='ocr_carea' id='block_1_67' title="bbox 140 3600 1732 3682">
    <p class='ocr_par' dir='ltr' id='par_1_67' title="bbox 140 3600 1732 3682">
     <span class='ocr_line' id='line_1_67' title="bbox 140 3600 1732 3682; baseline 0.009 -30"><span class='ocrx_word' id='word_1_498' title='bbox 140 3601 222 3652; x_wconf 79' lang='grc' dir='ltr'>ὅτι</span> <span class='ocrx_word' id='word_1_499' title='bbox 249 3600 351 3653; x_wconf 78' lang='grc' dir='ltr'><strong>οὐκ</strong></span> <span class='ocrx_word' id='word_1_500' title='bbox 381 3600 441 3664; x_wconf 82' lang='grc' dir='ltr'><strong>ἐξ</strong></span> <span class='ocrx_word' id='word_1_501' title='bbox 471 3601 686 3672; x_wconf 79' lang='grc' dir='ltr'>ἱερέων,</span> <span class='ocrx_word' id='word_1_502' title='bbox 715 3603 831 3657; x_wconf 85' lang='grc' dir='ltr'>ἀλλ’</span> <span class='ocrx_word' id='word_1_503' title='bbox 858 3607 923 3658; x_wconf 90' lang='grc' dir='ltr'><strong>ἐκ</strong></span> <span class='ocrx_word' id='word_1_504' title='bbox 955 3605 1222 3675; x_wconf 84' lang='grc' dir='ltr'>βασιλέων</span> <span class='ocrx_word' id='word_1_505' title='bbox 1255 3609 1458 3680; x_wconf 69' lang='grc' dir='ltr'>ἤμελλε</span> <span class='ocrx_word' id='word_1_506' title='bbox 1497 3611 1732 3682; x_wconf 86' lang='grc' dir='ltr'>βλαστή-</span> 
     </span>
    </p>
   </div>
   <div class='ocr_carea' id='block_1_68' title="bbox 143 3690 1733 3773">
    <p class='ocr_par' dir='ltr' id='par_1_68' title="bbox 143 3690 1733 3773">
     <span class='ocr_line' id='line_1_68' title="bbox 143 3690 1733 3773; baseline 0.009 -32"><span class='ocrx_word' id='word_1_507' title='bbox 143 3706 259 3742; x_wconf 86' lang='grc' dir='ltr'>σειν</span> <span class='ocrx_word' id='word_1_508' title='bbox 284 3690 346 3743; x_wconf 91' lang='lat'><strong>16</strong></span> <span class='ocrx_word' id='word_1_509' title='bbox 377 3691 540 3761; x_wconf 86' lang='grc' dir='ltr'>σῶμα</span> <span class='ocrx_word' id='word_1_510' title='bbox 575 3692 636 3746; x_wconf 85' lang='grc' dir='ltr'>τὸ</span> <span class='ocrx_word' id='word_1_511' title='bbox 670 3695 1024 3750; x_wconf 82' lang='grc' dir='ltr'>Δεσποτικόν.</span> <span class='ocrx_word' id='word_1_512' title='bbox 1076 3698 1185 3750; x_wconf 78' lang='grc' dir='ltr'><strong>Καὶ</strong></span> <span class='ocrx_word' id='word_1_513' title='bbox 1207 3697 1318 3752; x_wconf 80' lang='grc' dir='ltr'><strong>δύω</strong></span> <span class='ocrx_word' id='word_1_514' title='bbox 1359 3701 1535 3755; x_wconf 77' lang='grc' dir='ltr'>οὐσῶν</span> <span class='ocrx_word' id='word_1_515' title='bbox 1573 3705 1629 3756; x_wconf 83' lang='grc' dir='ltr'>ὲν</span> <span class='ocrx_word' id='word_1_516' title='bbox 1655 3704 1733 3773; x_wconf 79' lang='grc' dir='ltr'>τῷ</span> 
     </span>
    </p>
   </div>
   <div class='ocr_carea' id='block_1_69' title="bbox 139 3781 1734 3867">
    <p class='ocr_par' dir='ltr' id='par_1_69' title="bbox 139 3781 1734 3867">
     <span class='ocr_line' id='line_1_69' title="bbox 139 3781 1734 3867; baseline 0.009 -33"><span class='ocrx_word' id='word_1_517' title='bbox 139 3781 294 3852; x_wconf 82' lang='grc' dir='ltr'>νόμῳ</span> <span class='ocrx_word' id='word_1_518' title='bbox 316 3783 518 3853; x_wconf 82' lang='grc' dir='ltr'>τιμῶν,</span> <span class='ocrx_word' id='word_1_519' title='bbox 552 3783 652 3854; x_wconf 82' lang='grc' dir='ltr'>τῆς</span> <span class='ocrx_word' id='word_1_520' title='bbox 683 3786 970 3858; x_wconf 81' lang='grc' dir='ltr'>ίερατικῆς</span> <span class='ocrx_word' id='word_1_521' title='bbox 997 3789 1030 3858; x_wconf 82' lang='grc' dir='ltr'><strong>ἡ</strong></span> <span class='ocrx_word' id='word_1_522' title='bbox 1067 3789 1326 3862; x_wconf 74' lang='grc' dir='ltr'>βασιλικὴ</span> <span class='ocrx_word' id='word_1_523' title='bbox 1349 3791 1419 3845; x_wconf 88' lang='grc' dir='ltr'>δι’</span> <span class='ocrx_word' id='word_1_524' title='bbox 1448 3793 1578 3846; x_wconf 81' lang='grc' dir='ltr'>αὐτὸ</span> <span class='ocrx_word' id='word_1_525' title='bbox 1600 3813 1734 3867; x_wconf 88' lang='grc' dir='ltr'>προ-</span> 
     </span>
    </p>
   </div>
   <div class='ocr_carea' id='block_1_70' title="bbox 137 3873 1732 3956">
    <p class='ocr_par' dir='ltr' id='par_1_70' title="bbox 137 3873 1732 3956">
     <span class='ocr_line' id='line_1_70' title="bbox 137 3873 1732 3956; baseline 0.01 -32"><span class='ocrx_word' id='word_1_526' title='bbox 137 3873 456 3944; x_wconf 85' lang='grc' dir='ltr'>τετίμηται.</span> <span class='ocrx_word' id='word_1_527' title='bbox 480 3877 761 3948; x_wconf 86' lang='grc' dir='ltr'>Διεσπάρη</span> <span class='ocrx_word' id='word_1_528' title='bbox 788 3877 845 3931; x_wconf 84' lang='grc' dir='ltr'>δὲ</span> <span class='ocrx_word' id='word_1_529' title='bbox 861 3879 1001 3933; x_wconf 82' lang='grc' dir='ltr'>κατὰ</span> <span class='ocrx_word' id='word_1_530' title='bbox 1020 3880 1118 3952; x_wconf 84' lang='grc' dir='ltr'>τὴν</span> <span class='ocrx_word' id='word_1_531' title='bbox 1161 3880 1356 3936; x_wconf 79' lang='grc' dir='ltr'>Ἰακὼϐ</span> <span class='ocrx_word' id='word_1_532' title='bbox 1391 3885 1732 3956; x_wconf 86' lang='grc' dir='ltr'>προφητείαν</span> 
     </span>
    </p>
   </div>
   <div class='ocr_carea' id='block_1_71' title="bbox 134 3965 1732 4041">
    <p class='ocr_par' dir='ltr' id='par_1_71' title="bbox 134 3965 1732 4041">
     <span class='ocr_line' id='line_1_71' title="bbox 134 3965 1732 4041; baseline 0.009 -25"><span class='ocrx_word' id='word_1_533' title='bbox 134 3965 215 4028; x_wconf 84' lang='grc' dir='ltr'><strong>ὡς</strong></span> <span class='ocrx_word' id='word_1_534' title='bbox 238 3968 268 4018; x_wconf 90' lang='lat'><strong>6</strong></span> <span class='ocrx_word' id='word_1_535' title='bbox 293 3965 430 4018; x_wconf 78' lang='grc' dir='ltr'><strong>Λευῖ</strong></span> <span class='ocrx_word' id='word_1_536' title='bbox 463 3969 555 4021; x_wconf 79' lang='grc' dir='ltr'><strong>καὶ</strong></span> <span class='ocrx_word' id='word_1_537' title='bbox 582 3971 610 4023; x_wconf 89' lang='lat'><strong>6</strong></span> <span class='ocrx_word' id='word_1_538' title='bbox 647 3968 898 4040; x_wconf 85' lang='grc' dir='ltr'>Συμεὼν,</span> <span class='ocrx_word' id='word_1_539' title='bbox 927 3971 1161 4040; x_wconf 86' lang='grc' dir='ltr'>πλάγιον</span> <span class='ocrx_word' id='word_1_540' title='bbox 1207 3973 1372 4027; x_wconf 89' lang='grc' dir='ltr'>τόπον</span> <span class='ocrx_word' id='word_1_541' title='bbox 1409 3974 1611 4041; x_wconf 86' lang='grc' dir='ltr'>λαϐὼν,</span> <span class='ocrx_word' id='word_1_542' title='bbox 1643 3978 1732 4032; x_wconf 84' lang='grc' dir='ltr'>διὰ</span> 
     </span>
    </p>
   </div>
   <div class='ocr_carea' id='block_1_72' title="bbox 135 4057 1731 4135">
    <p class='ocr_par' dir='ltr' id='par_1_72' title="bbox 135 4057 1731 4135">
     <span class='ocr_line' id='line_1_72' title="bbox 135 4057 1731 4135; baseline 0.009 -27"><span class='ocrx_word' id='word_1_543' title='bbox 135 4057 336 4110; x_wconf 89' lang='grc' dir='ltr'>πασῶν</span> <span class='ocrx_word' id='word_1_544' title='bbox 386 4057 496 4111; x_wconf 90' lang='grc' dir='ltr'><strong>τῶν</strong></span> <span class='ocrx_word' id='word_1_545' title='bbox 527 4060 712 4128; x_wconf 85' lang='grc' dir='ltr'>φυλῶν</span> <span class='ocrx_word' id='word_1_546' title='bbox 765 4062 966 4132; x_wconf 81' lang='grc' dir='ltr'>ἐφεξῆς</span> <span class='ocrx_word' id='word_1_547' title='bbox 1003 4063 1379 4135; x_wconf 84' lang='grc' dir='ltr'>διατρέχοντα.</span> <span class='ocrx_word' id='word_1_548' title='bbox 1433 4067 1514 4121; x_wconf 85' lang='grc' dir='ltr'><strong>Τὰ</strong></span> <span class='ocrx_word' id='word_1_549' title='bbox 1545 4068 1602 4122; x_wconf 84' lang='grc' dir='ltr'>δὲ</span> <span class='ocrx_word' id='word_1_550' title='bbox 1635 4068 1731 4123; x_wconf 92' lang='grc' dir='ltr'><strong>νῦν</strong></span> 
     </span>
    </p>
   </div>
   <div class='ocr_carea' id='block_1_73' title="bbox 133 4144 1730 4226">
    <p class='ocr_par' dir='ltr' id='par_1_73' title="bbox 133 4144 1730 4226">
     <span class='ocr_line' id='line_1_73' title="bbox 133 4144 1730 4226; baseline 0.01 -30"><span class='ocrx_word' id='word_1_551' title='bbox 133 4145 270 4215; x_wconf 72' lang='grc' dir='ltr'>περὶ</span> <span class='ocrx_word' id='word_1_552' title='bbox 305 4144 475 4200; x_wconf 71' lang='grc' dir='ltr'>Ἰούδα</span> <span class='ocrx_word' id='word_1_553' title='bbox 499 4149 648 4220; x_wconf 76' lang='grc' dir='ltr'>παρὰ</span> <span class='ocrx_word' id='word_1_554' title='bbox 677 4151 961 4215; x_wconf 83' lang='grc' dir='ltr'>Μωῦσέως</span> <span class='ocrx_word' id='word_1_555' title='bbox 997 4150 1289 4223; x_wconf 88' lang='grc' dir='ltr'>λεγόμενα,</span> <span class='ocrx_word' id='word_1_556' title='bbox 1320 4155 1591 4226; x_wconf 89' lang='grc' dir='ltr'>σύμφωνα</span> <span class='ocrx_word' id='word_1_557' title='bbox 1617 4161 1730 4222; x_wconf 83' lang='grc' dir='ltr'>τοῖς</span> 
     </span>
    </p>
   </div>
   <div class='ocr_carea' id='block_1_74' title="bbox 133 4238 1732 4320">
    <p class='ocr_par' dir='ltr' id='par_1_74' title="bbox 133 4238 1732 4320">
     <span class='ocr_line' id='line_1_74' title="bbox 133 4238 1732 4320; baseline 0.009 -30"><span class='ocrx_word' id='word_1_558' title='bbox 133 4240 269 4307; x_wconf 82' lang='grc' dir='ltr'>παρ’</span> <span class='ocrx_word' id='word_1_559' title='bbox 311 4238 512 4292; x_wconf 88' lang='grc' dir='ltr'>Ἰακὼϐ</span> <span class='ocrx_word' id='word_1_560' title='bbox 571 4242 840 4314; x_wconf 76' lang='grc' dir='ltr'>πρότερον</span> <span class='ocrx_word' id='word_1_561' title='bbox 887 4244 1223 4316; x_wconf 71' lang='grc' dir='ltr'>εἰρημένοις.</span> <span class='ocrx_word' id='word_1_562' title='bbox 1266 4248 1350 4310; x_wconf 86' lang='grc' dir='ltr'>Ὡς</span> <span class='ocrx_word' id='word_1_563' title='bbox 1383 4248 1493 4320; x_wconf 84' lang='grc' dir='ltr'><strong>γὰρ</strong></span> <span class='ocrx_word' id='word_1_564' title='bbox 1524 4250 1732 4320; x_wconf 79' lang='grc' dir='ltr'>βασιλεῖ</span> 
     </span>
    </p>
   </div>
   <div class='ocr_carea' id='block_1_75' title="bbox 130 4328 1729 4412">
    <p class='ocr_par' dir='ltr' id='par_1_75' title="bbox 130 4328 1729 4412">
     <span class='ocr_line' id='line_1_75' title="bbox 130 4328 1729 4412; baseline 0.009 -30"><span class='ocrx_word' id='word_1_565' title='bbox 130 4328 324 4383; x_wconf 87' lang='grc' dir='ltr'>δίδωσι</span> <span class='ocrx_word' id='word_1_566' title='bbox 351 4331 450 4402; x_wconf 85' lang='grc' dir='ltr'>τὴν</span> <span class='ocrx_word' id='word_1_567' title='bbox 477 4333 534 4384; x_wconf 85' lang='grc' dir='ltr'><strong>ἐν</strong></span> <span class='ocrx_word' id='word_1_568' title='bbox 555 4335 817 4405; x_wconf 85' lang='grc' dir='ltr'>πολέμοις</span> <span class='ocrx_word' id='word_1_569' title='bbox 844 4335 1126 4407; x_wconf 86' lang='grc' dir='ltr'>βοήθειαν,</span> <span class='ocrx_word' id='word_1_570' title='bbox 1154 4338 1300 4392; x_wconf 87' lang='grc' dir='ltr'>καθά</span> <span class='ocrx_word' id='word_1_571' title='bbox 1322 4357 1486 4412; x_wconf 87' lang='grc' dir='ltr'>φησιν</span> <span class='ocrx_word' id='word_1_572' title='bbox 1513 4343 1542 4394; x_wconf 92' lang='lat'><strong>6</strong></span> <span class='ocrx_word' id='word_1_573' title='bbox 1565 4343 1729 4396; x_wconf 71' lang='grc' dir='ltr'>Δαϐὶδ</span> 
     </span>
    </p>
   </div>
   <div class='ocr_carea' id='block_1_76' title="bbox 130 4419 1727 4497">
    <p class='ocr_par' dir='ltr' id='par_1_76' title="bbox 130 4419 1727 4497">
     <span class='ocr_line' id='line_1_76' title="bbox 130 4419 1727 4497; baseline 0.01 -26"><span class='ocrx_word' id='word_1_574' title='bbox 130 4419 160 4471; x_wconf 89' lang='lat'><strong>6</strong></span> <span class='ocrx_word' id='word_1_575' title='bbox 191 4419 297 4490; x_wconf 79' lang='grc' dir='ltr'>τὴν</span> <span class='ocrx_word' id='word_1_576' title='bbox 335 4419 613 4490; x_wconf 84' lang='grc' dir='ltr'>βασιλείαν</span> <span class='ocrx_word' id='word_1_577' title='bbox 647 4423 1075 4497; x_wconf 86' lang='grc' dir='ltr'>κληρωσάμενος</span> <span class='ocrx_word' id='word_1_578' title='bbox 1095 4444 1107 4459; x_wconf 78' lang='grc'><strong>’</strong></span> <span class='ocrx_word' id='word_1_579' title='bbox 1141 4448 1158 4479; x_wconf 78' lang='grc' dir='ltr'><strong>ι</strong></span> <span class='ocrx_word' id='word_1_580' title='bbox 1202 4429 1260 4482; x_wconf 79' lang='lat'><strong>&#39;0</strong></span> <span class='ocrx_word' id='word_1_581' title='bbox 1286 4430 1612 4485; x_wconf 83' lang='grc' dir='ltr'>ὑποτάσσων</span> <span class='ocrx_word' id='word_1_582' title='bbox 1635 4434 1727 4487; x_wconf 86' lang='grc' dir='ltr'><strong>τὸν</strong></span> 
     </span>
    </p>
   </div>
   <div class='ocr_carea' id='block_1_77' title="bbox 128 4509 1728 4590">
    <p class='ocr_par' dir='ltr' id='par_1_77' title="bbox 128 4509 1728 4590">
     <span class='ocr_line' id='line_1_77' title="bbox 128 4509 1728 4590; baseline 0.011 -28"><span class='ocrx_word' id='word_1_583' title='bbox 128 4509 262 4564; x_wconf 83' lang='grc' dir='ltr'>λαόν</span> <span class='ocrx_word' id='word_1_584' title='bbox 295 4529 400 4582; x_wconf 84' lang='grc' dir='ltr'><strong>μου</strong></span> <span class='ocrx_word' id='word_1_585' title='bbox 420 4513 512 4567; x_wconf 77' lang='grc' dir='ltr'>ὑπ’</span> <span class='ocrx_word' id='word_1_586' title='bbox 539 4516 660 4586; x_wconf 84' lang='grc' dir='ltr'>ἐμέ.</span> <span class='ocrx_word' id='word_1_587' title='bbox 695 4536 714 4569; x_wconf 75' lang='grc' dir='ltr'><strong>ι</strong></span> <span class='ocrx_word' id='word_1_588' title='bbox 738 4518 964 4587; x_wconf 88' lang='grc' dir='ltr'>Ὅμοιον</span> <span class='ocrx_word' id='word_1_589' title='bbox 993 4521 1050 4574; x_wconf 82' lang='grc' dir='ltr'>δὲ</span> <span class='ocrx_word' id='word_1_590' title='bbox 1090 4521 1188 4590; x_wconf 85' lang='grc' dir='ltr'><strong>τῷ,</strong></span> <span class='ocrx_word' id='word_1_591' title='bbox 1219 4540 1235 4573; x_wconf 78' lang='grc' dir='ltr'><strong>ι</strong></span> <span class='ocrx_word' id='word_1_592' title='bbox 1263 4522 1456 4588; x_wconf 89' lang='grc' dir='ltr'>Ἰούδα,</span> <span class='ocrx_word' id='word_1_593' title='bbox 1488 4524 1548 4576; x_wconf 82' lang='grc' dir='ltr'><strong>σὲ</strong></span> <span class='ocrx_word' id='word_1_594' title='bbox 1582 4527 1728 4580; x_wconf 85' lang='grc' dir='ltr'>αἰνέ-</span> 
     </span>
    </p>
   </div>
   <div class='ocr_carea' id='block_1_78' title="bbox 1837 3323 3424 3396">
    <p class='ocr_par' dir='ltr' id='par_1_78' title="bbox 1837 3323 3424 3396">
     <span class='ocr_line' id='line_1_78' title="bbox 1837 3323 3424 3396; baseline 0 -17"><span class='ocrx_word' id='word_1_595' title='bbox 1837 3325 2068 3392; x_wconf 85' lang='lat' dir='ltr'><strong>Quidam</strong></span> <span class='ocrx_word' id='word_1_596' title='bbox 2103 3325 2340 3396; x_wconf 90' lang='lat' dir='ltr'><strong>denique</strong></span> <span class='ocrx_word' id='word_1_597' title='bbox 2372 3339 2495 3380; x_wconf 91' lang='lat' dir='ltr'><strong>cum</strong></span> <span class='ocrx_word' id='word_1_598' title='bbox 2523 3325 2667 3379; x_wconf 90' lang='lat' dir='ltr'><strong>tribu</strong></span> <span class='ocrx_word' id='word_1_599' title='bbox 2693 3324 2826 3381; x_wconf 88' lang='lat' dir='ltr'><strong>Levi</strong></span> <span class='ocrx_word' id='word_1_600' title='bbox 2857 3323 3295 3381; x_wconf 86' lang='lat' dir='ltr'><strong>benedictionem</strong></span> <span class='ocrx_word' id='word_1_601' title='bbox 3327 3339 3424 3379; x_wconf 86' lang='lat' dir='ltr'><strong>ac-</strong></span> 
     </span>
    </p>
   </div>
   <div class='ocr_carea' id='block_1_79' title="bbox 1837 3417 3423 3489">
    <p class='ocr_par' dir='ltr' id='par_1_79' title="bbox 1837 3417 3423 3489">
     <span class='ocr_line' id='line_1_79' title="bbox 1837 3417 3423 3489; baseline -0.003 -15"><span class='ocrx_word' id='word_1_602' title='bbox 1837 3419 2050 3488; x_wconf 89' lang='lat' dir='ltr'><strong>cepisse</strong></span> <span class='ocrx_word' id='word_1_603' title='bbox 2071 3419 2262 3487; x_wconf 88' lang='lat' dir='ltr'><strong>aiunt;</strong></span> <span class='ocrx_word' id='word_1_604' title='bbox 2281 3417 2744 3489; x_wconf 89' lang='lat' dir='ltr'><strong>quemadmodum</strong></span> <span class='ocrx_word' id='word_1_605' title='bbox 2763 3417 2909 3472; x_wconf 91' lang='lat' dir='ltr'><strong>enim</strong></span> <span class='ocrx_word' id='word_1_606' title='bbox 2933 3417 3244 3473; x_wconf 89' lang='lat' dir='ltr'><strong>maledictio</strong></span> <span class='ocrx_word' id='word_1_607' title='bbox 3271 3433 3423 3471; x_wconf 87' lang='lat' dir='ltr'><strong>com-</strong></span> 
     </span>
    </p>
   </div>
   <div class='ocr_carea' id='block_1_80' title="bbox 1837 3510 3422 3581">
    <p class='ocr_par' dir='ltr' id='par_1_80' title="bbox 1837 3510 3422 3581">
     <span class='ocr_line' id='line_1_80' title="bbox 1837 3510 3422 3581; baseline -0.001 -16"><span class='ocrx_word' id='word_1_608' title='bbox 1837 3511 2020 3566; x_wconf 85' lang='lat' dir='ltr'><strong>munis</strong></span> <span class='ocrx_word' id='word_1_609' title='bbox 2049 3519 2154 3578; x_wconf 89' lang='lat' dir='ltr'><strong>est,</strong></span> <span class='ocrx_word' id='word_1_610' title='bbox 2188 3511 2263 3566; x_wconf 90' lang='lat' dir='ltr'><strong>ita</strong></span> <span class='ocrx_word' id='word_1_611' title='bbox 2289 3510 2599 3566; x_wconf 86' lang='lat' dir='ltr'><strong>benedictio</strong></span> <span class='ocrx_word' id='word_1_612' title='bbox 2642 3525 2863 3581; x_wconf 90' lang='lat' dir='ltr'><strong>quoque</strong></span> <span class='ocrx_word' id='word_1_613' title='bbox 2902 3525 3024 3566; x_wconf 89' lang='lat' dir='ltr'><strong>esse</strong></span> <span class='ocrx_word' id='word_1_614' title='bbox 3069 3519 3270 3580; x_wconf 79' lang='lat' dir='ltr'><strong>poteSt.</strong></span> <span class='ocrx_word' id='word_1_615' title='bbox 3301 3511 3422 3566; x_wconf 80' lang='lat' dir='ltr'><strong>Cae-</strong></span> 
     </span>
    </p>
   </div>
   <div class='ocr_carea' id='block_1_81' title="bbox 1837 3601 3423 3673">
    <p class='ocr_par' dir='ltr' id='par_1_81' title="bbox 1837 3601 3423 3673">
     <span class='ocr_line' id='line_1_81' title="bbox 1837 3601 3423 3673; baseline -0.001 -15"><span class='ocrx_word' id='word_1_616' title='bbox 1837 3612 2013 3658; x_wconf 90' lang='lat' dir='ltr'><strong>terum</strong></span> <span class='ocrx_word' id='word_1_617' title='bbox 2042 3603 2219 3660; x_wconf 85' lang='lat' dir='ltr'><strong>Moses</strong></span> <span class='ocrx_word' id='word_1_618' title='bbox 2243 3601 2499 3658; x_wconf 89' lang='lat' dir='ltr'><strong>Simeone</strong></span> <span class='ocrx_word' id='word_1_619' title='bbox 2533 3602 2759 3658; x_wconf 89' lang='lat' dir='ltr'><strong>silentio</strong></span> <span class='ocrx_word' id='word_1_620' title='bbox 2784 3602 3178 3673; x_wconf 81' lang='lat' dir='ltr'><strong>praetermisso,</strong></span> <span class='ocrx_word' id='word_1_621' title='bbox 3212 3618 3320 3657; x_wconf 89' lang='lat' dir='ltr'><strong>non</strong></span> <span class='ocrx_word' id='word_1_622' title='bbox 3353 3603 3423 3656; x_wconf 86' lang='lat' dir='ltr'><strong>ad</strong></span> 
     </span>
    </p>
   </div>
   <div class='ocr_carea' id='block_1_82' title="bbox 1835 3695 3419 3766">
    <p class='ocr_par' dir='ltr' id='par_1_82' title="bbox 1835 3695 3419 3766">
     <span class='ocr_line' id='line_1_82' title="bbox 1835 3695 3419 3766; baseline 0.001 -16"><span class='ocrx_word' id='word_1_623' title='bbox 1835 3695 1988 3762; x_wconf 89' lang='lat' dir='ltr'><strong>Levi,</strong></span> <span class='ocrx_word' id='word_1_624' title='bbox 2019 3703 2080 3752; x_wconf 91' lang='lat' dir='ltr'><strong>ut</strong></span> <span class='ocrx_word' id='word_1_625' title='bbox 2110 3696 2246 3751; x_wconf 88' lang='lat' dir='ltr'><strong>ordo</strong></span> <span class='ocrx_word' id='word_1_626' title='bbox 2270 3696 2608 3766; x_wconf 85' lang='lat' dir='ltr'><strong>postulabat,</strong></span> <span class='ocrx_word' id='word_1_627' title='bbox 2652 3711 2842 3751; x_wconf 90' lang='lat' dir='ltr'><strong>verum</strong></span> <span class='ocrx_word' id='word_1_628' title='bbox 2866 3696 2932 3750; x_wconf 94' lang='lat' dir='ltr'><strong>ad</strong></span> <span class='ocrx_word' id='word_1_629' title='bbox 2962 3695 3160 3750; x_wconf 68' lang='lat' dir='ltr'><strong>ludam</strong></span> <span class='ocrx_word' id='word_1_630' title='bbox 3195 3695 3419 3751; x_wconf 84' lang='lat' dir='ltr'><strong>transit.</strong></span> 
     </span>
    </p>
   </div>
   <div class='ocr_carea' id='block_1_83' title="bbox 1835 3786 3418 3860">
    <p class='ocr_par' dir='ltr' id='par_1_83' title="bbox 1835 3786 3418 3860">
     <span class='ocr_line' id='line_1_83' title="bbox 1835 3786 3418 3860; baseline -0.001 -18"><span class='ocrx_word' id='word_1_631' title='bbox 1835 3787 1913 3845; x_wconf 86' lang='lat' dir='ltr'><strong>Eo</strong></span> <span class='ocrx_word' id='word_1_632' title='bbox 1942 3789 2091 3860; x_wconf 91' lang='lat' dir='ltr'><strong>quod</strong></span> <span class='ocrx_word' id='word_1_633' title='bbox 2123 3803 2234 3842; x_wconf 90' lang='lat' dir='ltr'><strong>non</strong></span> <span class='ocrx_word' id='word_1_634' title='bbox 2261 3803 2290 3842; x_wconf 87' lang='lat' dir='ltr'><strong>a</strong></span> <span class='ocrx_word' id='word_1_635' title='bbox 2316 3787 2483 3860; x_wconf 66' lang='grc'><strong>474</strong></span> <span class='ocrx_word' id='word_1_636' title='bbox 2529 3787 2941 3853; x_wconf 88' lang='lat' dir='ltr'><strong>maledictione,</strong></span> <span class='ocrx_word' id='word_1_637' title='bbox 2974 3786 3042 3841; x_wconf 91' lang='lat' dir='ltr'><strong>ad</strong></span> <span class='ocrx_word' id='word_1_638' title='bbox 3080 3786 3418 3841; x_wconf 86' lang='lat' dir='ltr'><strong>benedictio-</strong></span> 
     </span>
    </p>
   </div>
   <div class='ocr_carea' id='block_1_84' title="bbox 1835 3877 3411 3951">
    <p class='ocr_par' dir='ltr' id='par_1_84' title="bbox 1835 3877 3411 3951">
     <span class='ocr_line' id='line_1_84' title="bbox 1835 3877 3411 3951; baseline 0 -17"><span class='ocrx_word' id='word_1_639' title='bbox 1835 3896 1996 3946; x_wconf 89' lang='lat' dir='ltr'><strong>nem,</strong></span> <span class='ocrx_word' id='word_1_640' title='bbox 2056 3879 2516 3951; x_wconf 85' lang='lat' dir='ltr'><strong>quemadmodum</strong></span> <span class='ocrx_word' id='word_1_641' title='bbox 2577 3877 2876 3935; x_wconf 82' lang='lat' dir='ltr'><strong>l.eviticam</strong></span> <span class='ocrx_word' id='word_1_642' title='bbox 2942 3879 3116 3935; x_wconf 90' lang='lat' dir='ltr'><strong>ducit.</strong></span> <span class='ocrx_word' id='word_1_643' title='bbox 3170 3880 3411 3950; x_wconf 87' lang='lat' dir='ltr'><strong>Denique</strong></span> 
     </span>
    </p>
   </div>
   <div class='ocr_carea' id='block_1_85' title="bbox 1834 3969 3408 4041">
    <p class='ocr_par' dir='ltr' id='par_1_85' title="bbox 1834 3969 3408 4041">
     <span class='ocr_line' id='line_1_85' title="bbox 1834 3969 3408 4041; baseline 0 -15"><span class='ocrx_word' id='word_1_644' title='bbox 1834 3969 1982 4041; x_wconf 91' lang='lat' dir='ltr'><strong>quod</strong></span> <span class='ocrx_word' id='word_1_645' title='bbox 2009 3971 2173 4025; x_wconf 88' lang='lat' dir='ltr'><strong>etiam</strong></span> <span class='ocrx_word' id='word_1_646' title='bbox 2233 3985 2342 4024; x_wconf 95' lang='lat' dir='ltr'><strong>non</strong></span> <span class='ocrx_word' id='word_1_647' title='bbox 2373 3986 2440 4025; x_wconf 68' lang='lat' dir='ltr'>e1</span> <span class='ocrx_word' id='word_1_648' title='bbox 2486 3969 2900 4034; x_wconf 74' lang='lat' dir='ltr'><strong>sacerdoﬁbus,</strong></span> <span class='ocrx_word' id='word_1_649' title='bbox 2939 3986 3126 4025; x_wconf 89' lang='lat' dir='ltr'><strong>verum</strong></span> <span class='ocrx_word' id='word_1_650' title='bbox 3189 3971 3408 4040; x_wconf 78' lang='lat' dir='ltr'><strong>regibus</strong></span> 
     </span>
    </p>
   </div>
   <div class='ocr_carea' id='block_1_86' title="bbox 1834 4060 3410 4134">
    <p class='ocr_par' dir='ltr' id='par_1_86' title="bbox 1834 4060 3410 4134">
     <span class='ocr_line' id='line_1_86' title="bbox 1834 4060 3410 4134; baseline -0.001 -18"><span class='ocrx_word' id='word_1_651' title='bbox 1834 4076 2036 4134; x_wconf 85' lang='lat' dir='ltr'><strong>corpus</strong></span> <span class='ocrx_word' id='word_1_652' title='bbox 2067 4060 2414 4117; x_wconf 90' lang='lat' dir='ltr'><strong>Dominicum</strong></span> <span class='ocrx_word' id='word_1_653' title='bbox 2449 4060 2847 4131; x_wconf 89' lang='lat' dir='ltr'><strong>pullulaturum</strong></span> <span class='ocrx_word' id='word_1_654' title='bbox 2879 4070 3016 4117; x_wconf 88' lang='lat' dir='ltr'><strong>erat.</strong></span> <span class='ocrx_word' id='word_1_655' title='bbox 3053 4061 3115 4115; x_wconf 86' lang='lat' dir='ltr'><strong>Et</strong></span> <span class='ocrx_word' id='word_1_656' title='bbox 3144 4077 3268 4116; x_wconf 91' lang='lat' dir='ltr'><strong>cum</strong></span> <span class='ocrx_word' id='word_1_657' title='bbox 3305 4062 3410 4118; x_wconf 90' lang='lat' dir='ltr'><strong>du-</strong></span> 
     </span>
    </p>
   </div>
   <div class='ocr_carea' id='block_1_87' title="bbox 1833 4154 3413 4226">
    <p class='ocr_par' dir='ltr' id='par_1_87' title="bbox 1833 4154 3413 4226">
     <span class='ocr_line' id='line_1_87' title="bbox 1833 4154 3413 4226; baseline -0.001 -17"><span class='ocrx_word' id='word_1_658' title='bbox 1833 4155 1960 4226; x_wconf 84' lang='lat' dir='ltr'><strong>plex</strong></span> <span class='ocrx_word' id='word_1_659' title='bbox 2014 4155 2069 4209; x_wconf 89' lang='lat' dir='ltr'><strong>in</strong></span> <span class='ocrx_word' id='word_1_660' title='bbox 2109 4155 2226 4226; x_wconf 86' lang='lat' dir='ltr'><strong>lege</strong></span> <span class='ocrx_word' id='word_1_661' title='bbox 2276 4155 2516 4226; x_wconf 84' lang='lat' dir='ltr'><strong>dignitas</strong></span> <span class='ocrx_word' id='word_1_662' title='bbox 2567 4155 2824 4222; x_wconf 82' lang='lat' dir='ltr'><strong>exsistat,</strong></span> <span class='ocrx_word' id='word_1_663' title='bbox 2867 4155 2938 4210; x_wconf 86' lang='lat' dir='ltr'><strong>ob</strong></span> <span class='ocrx_word' id='word_1_664' title='bbox 2972 4154 3024 4210; x_wconf 92' lang='lat' dir='ltr'><strong>id</strong></span> <span class='ocrx_word' id='word_1_665' title='bbox 3057 4154 3203 4224; x_wconf 88' lang='lat' dir='ltr'><strong>regia</strong></span> <span class='ocrx_word' id='word_1_666' title='bbox 3237 4155 3413 4208; x_wconf 80' lang='lat' dir='ltr'><strong>tribus</strong></span> 
     </span>
    </p>
   </div>
   <div class='ocr_carea' id='block_1_88' title="bbox 1833 4248 3421 4320">
    <p class='ocr_par' dir='ltr' id='par_1_88' title="bbox 1833 4248 3421 4320">
     <span class='ocr_line' id='line_1_88' title="bbox 1833 4248 3421 4320; baseline -0.001 -17"><span class='ocrx_word' id='word_1_667' title='bbox 1833 4249 2157 4307; x_wconf 84' lang='lat' dir='ltr'><strong>sacerdotali</strong></span> <span class='ocrx_word' id='word_1_668' title='bbox 2182 4258 2266 4306; x_wconf 87' lang='lat' dir='ltr'><strong>est</strong></span> <span class='ocrx_word' id='word_1_669' title='bbox 2296 4249 2543 4320; x_wconf 82' lang='lat' dir='ltr'><strong>praelata.</strong></span> <span class='ocrx_word' id='word_1_670' title='bbox 2591 4250 2850 4320; x_wconf 87' lang='lat' dir='ltr'><strong>Dispersa</strong></span> <span class='ocrx_word' id='word_1_671' title='bbox 2883 4265 3011 4305; x_wconf 87' lang='lat' dir='ltr'><strong>vero</strong></span> <span class='ocrx_word' id='word_1_672' title='bbox 3040 4249 3301 4318; x_wconf 76' lang='lat' dir='ltr'><strong>estjuxta</strong></span> <span class='ocrx_word' id='word_1_673' title='bbox 3334 4248 3421 4303; x_wconf 80' lang='lat' dir='ltr'><strong>Ja-</strong></span> 
     </span>
    </p>
   </div>
   <div class='ocr_carea' id='block_1_89' title="bbox 1831 4341 3415 4414">
    <p class='ocr_par' dir='ltr' id='par_1_89' title="bbox 1831 4341 3415 4414">
     <span class='ocr_line' id='line_1_89' title="bbox 1831 4341 3415 4414; baseline -0.003 -16"><span class='ocrx_word' id='word_1_674' title='bbox 1831 4343 1956 4400; x_wconf 87' lang='lat' dir='ltr'><strong>cobi</strong></span> <span class='ocrx_word' id='word_1_675' title='bbox 1986 4343 2324 4414; x_wconf 85' lang='lat' dir='ltr'><strong>prophetiam</strong></span> <span class='ocrx_word' id='word_1_676' title='bbox 2356 4342 2817 4413; x_wconf 89' lang='lat' dir='ltr'><strong>quemadmodum</strong></span> <span class='ocrx_word' id='word_1_677' title='bbox 2845 4341 2995 4406; x_wconf 86' lang='lat' dir='ltr'><strong>Levi,</strong></span> <span class='ocrx_word' id='word_1_678' title='bbox 3026 4348 3082 4396; x_wconf 90' lang='lat' dir='ltr'><strong>et</strong></span> <span class='ocrx_word' id='word_1_679' title='bbox 3109 4341 3415 4411; x_wconf 76' lang='lat' dir='ltr'><strong>Beniamin.</strong></span> 
     </span>
    </p>
   </div>
   <div class='ocr_carea' id='block_1_90' title="bbox 1831 4431 3415 4504">
    <p class='ocr_par' dir='ltr' id='par_1_90' title="bbox 1831 4431 3415 4504">
     <span class='ocr_line' id='line_1_90' title="bbox 1831 4431 3415 4504; baseline -0.002 -16"><span class='ocrx_word' id='word_1_680' title='bbox 1831 4434 2010 4488; x_wconf 90' lang='lat' dir='ltr'><strong>locum</strong></span> <span class='ocrx_word' id='word_1_681' title='bbox 2047 4433 2351 4503; x_wconf 89' lang='lat' dir='ltr'><strong>obliquum,</strong></span> <span class='ocrx_word' id='word_1_682' title='bbox 2392 4441 2448 4488; x_wconf 93' lang='lat' dir='ltr'><strong>et</strong></span> <span class='ocrx_word' id='word_1_683' title='bbox 2508 4448 2605 4504; x_wconf 91' lang='lat' dir='ltr'><strong>per</strong></span> <span class='ocrx_word' id='word_1_684' title='bbox 2657 4447 2851 4488; x_wconf 90' lang='lat' dir='ltr'><strong>omnes</strong></span> <span class='ocrx_word' id='word_1_685' title='bbox 2896 4432 3073 4488; x_wconf 85' lang='lat' dir='ltr'><strong>tribus</strong></span> <span class='ocrx_word' id='word_1_686' title='bbox 3122 4447 3189 4486; x_wconf 81' lang='lat' dir='ltr'><strong>ex</strong></span> <span class='ocrx_word' id='word_1_687' title='bbox 3219 4431 3415 4486; x_wconf 88' lang='lat' dir='ltr'><strong>ordine</strong></span> 
     </span>
    </p>
   </div>
   <div class='ocr_carea' id='block_1_91' title="bbox 1831 4521 3415 4594">
    <p class='ocr_par' dir='ltr' id='par_1_91' title="bbox 1831 4521 3415 4594">
     <span class='ocr_line' id='line_1_91' title="bbox 1831 4521 3415 4594; baseline -0.004 -13"><span class='ocrx_word' id='word_1_688' title='bbox 1831 4528 2210 4582; x_wconf 90' lang='lat' dir='ltr'><strong>decurrentem</strong></span> <span class='ocrx_word' id='word_1_689' title='bbox 2242 4534 2418 4580; x_wconf 88' lang='lat' dir='ltr'><strong>nacta.</strong></span> <span class='ocrx_word' id='word_1_690' title='bbox 2452 4523 2627 4579; x_wconf 89' lang='lat' dir='ltr'><strong>Porro</strong></span> <span class='ocrx_word' id='word_1_691' title='bbox 2654 4540 2721 4580; x_wconf 88' lang='lat' dir='ltr'><strong>ea</strong></span> <span class='ocrx_word' id='word_1_692' title='bbox 2763 4539 2886 4594; x_wconf 69' lang='lat' dir='ltr'><strong>quae</strong></span> <span class='ocrx_word' id='word_1_693' title='bbox 2913 4539 2942 4576; x_wconf 89' lang='lat' dir='ltr'><strong>a</strong></span> <span class='ocrx_word' id='word_1_694' title='bbox 2973 4522 3123 4578; x_wconf 86' lang='lat' dir='ltr'><strong>Mose</strong></span> <span class='ocrx_word' id='word_1_695' title='bbox 3161 4536 3307 4577; x_wconf 90' lang='lat' dir='ltr'><strong>nunc</strong></span> <span class='ocrx_word' id='word_1_696' title='bbox 3347 4521 3415 4575; x_wconf 89' lang='lat' dir='ltr'><strong>de</strong></span> 
     </span>
    </p>
   </div>
   <div class='ocr_carea' id='block_1_92' title="bbox 131 4599 1734 4684">
    <p class='ocr_par' dir='ltr' id='par_1_92' title="bbox 131 4606 1725 4677">
     <span class='ocr_line' id='line_1_92' title="bbox 131 4606 1725 4677; baseline 0.013 -23"><span class='ocrx_word' id='word_1_697' title='bbox 131 4618 334 4656; x_wconf 85' lang='grc' dir='ltr'>σαισαν</span> <span class='ocrx_word' id='word_1_698' title='bbox 366 4606 417 4658; x_wconf 78' lang='grc' dir='ltr'>οἱ</span> <span class='ocrx_word' id='word_1_699' title='bbox 445 4606 662 4676; x_wconf 83' lang='grc' dir='ltr'>ἀδελφοί</span> <span class='ocrx_word' id='word_1_700' title='bbox 698 4625 819 4674; x_wconf 85' lang='grc' dir='ltr'>σου,</span> <span class='ocrx_word' id='word_1_701' title='bbox 860 4628 879 4661; x_wconf 71' lang='grc' dir='ltr'><strong>ι</strong></span> <span class='ocrx_word' id='word_1_702' title='bbox 923 4612 986 4665; x_wconf 84' lang='grc' dir='ltr'>τό</span> <span class='ocrx_word' id='word_1_703' title='bbox 1011 4628 1024 4641; x_wconf 75' lang='grc' dir='ltr'><strong>ο</strong></span> <span class='ocrx_word' id='word_1_704' title='bbox 1056 4611 1190 4667; x_wconf 78' lang='grc' dir='ltr'><strong>Ἐπὶ</strong></span> <span class='ocrx_word' id='word_1_705' title='bbox 1219 4613 1328 4668; x_wconf 85' lang='grc' dir='ltr'><strong>τὸν</strong></span> <span class='ocrx_word' id='word_1_706' title='bbox 1347 4616 1503 4677; x_wconf 66' lang='grc' dir='ltr'>λαὸν</span> <span class='ocrx_word' id='word_1_707' title='bbox 1537 4619 1725 4674; x_wconf 87' lang='grc' dir='ltr'>αὐτοῦ</span> 
     </span>
    </p>
   </div>
   <div class='ocr_carea' id='block_1_93' title="bbox 1837 4599 3412 4684">
    <p class='ocr_par' dir='ltr' id='par_1_93' title="bbox 1837 4613 3412 4684">
     <span class='ocr_line' id='line_1_93' title="bbox 1837 4613 3412 4684; baseline -0.003 -12"><span class='ocrx_word' id='word_1_708' title='bbox 1837 4615 1970 4672; x_wconf 79' lang='lat' dir='ltr'><strong>Juda</strong></span> <span class='ocrx_word' id='word_1_709' title='bbox 2015 4614 2293 4681; x_wconf 89' lang='lat' dir='ltr'><strong>dicuntur,</strong></span> <span class='ocrx_word' id='word_1_710' title='bbox 2338 4615 2407 4671; x_wconf 90' lang='lat' dir='ltr'><strong>iis</strong></span> <span class='ocrx_word' id='word_1_711' title='bbox 2436 4629 2556 4684; x_wconf 66' lang='lat' dir='ltr'><strong>qua}</strong></span> <span class='ocrx_word' id='word_1_712' title='bbox 2581 4630 2610 4668; x_wconf 90' lang='lat' dir='ltr'><strong>a</strong></span> <span class='ocrx_word' id='word_1_713' title='bbox 2652 4613 2862 4670; x_wconf 73' lang='lat' dir='ltr'><strong>Iacobo</strong></span> <span class='ocrx_word' id='word_1_714' title='bbox 2891 4614 3050 4684; x_wconf 91' lang='lat' dir='ltr'><strong>prius</strong></span> <span class='ocrx_word' id='word_1_715' title='bbox 3073 4613 3220 4668; x_wconf 84' lang='lat' dir='ltr'><strong>dicta</strong></span> <span class='ocrx_word' id='word_1_716' title='bbox 3264 4622 3412 4676; x_wconf 88' lang='lat' dir='ltr'><strong>sunt,</strong></span> 
     </span>
    </p>
   </div>
   <div class='ocr_carea' id='block_1_94' title="bbox 126 4695 1724 4781">
    <p class='ocr_par' dir='ltr' id='par_1_94' title="bbox 126 4695 1724 4781">
     <span class='ocr_line' id='line_1_94' title="bbox 126 4695 1724 4781; baseline 0.011 -34"><span class='ocrx_word' id='word_1_717' title='bbox 126 4695 376 4764; x_wconf 79' lang='grc' dir='ltr'>ἐξάξεις</span> <span class='ocrx_word' id='word_1_718' title='bbox 399 4699 606 4766; x_wconf 79' lang='grc' dir='ltr'>αὐτὸν,</span> <span class='ocrx_word' id='word_1_719' title='bbox 633 4704 777 4758; x_wconf 76' lang='grc' dir='ltr'>κατὰ</span> <span class='ocrx_word' id='word_1_720' title='bbox 819 4703 910 4757; x_wconf 86' lang='lat' dir='ltr'>16v</span> <span class='ocrx_word' id='word_1_721' title='bbox 946 4704 1245 4777; x_wconf 86' lang='grc' dir='ltr'>Σύμμαχον</span> <span class='ocrx_word' id='word_1_722' title='bbox 1268 4724 1282 4738; x_wconf 84' lang='grc'>⁶</span> <span class='ocrx_word' id='word_1_723' title='bbox 1338 4709 1434 4763; x_wconf 65' lang='grc' dir='ltr'><strong>κα)⁸</strong></span> <span class='ocrx_word' id='word_1_724' title='bbox 1466 4709 1564 4781; x_wconf 82' lang='grc' dir='ltr'>τῷ,</span> <span class='ocrx_word' id='word_1_725' title='bbox 1602 4729 1620 4763; x_wconf 81' lang='grc' dir='ltr'><strong>ι</strong></span> <span class='ocrx_word' id='word_1_726' title='bbox 1658 4713 1724 4766; x_wconf 80' lang='grc' dir='ltr'>Δί</span> 
     </span>
    </p>
   </div>
   <div class='ocr_carea' id='block_1_95' title="bbox 127 4787 1724 4871">
    <p class='ocr_par' dir='ltr' id='par_1_95' title="bbox 127 4787 1724 4871">
     <span class='ocr_line' id='line_1_95' title="bbox 127 4787 1724 4871; baseline 0.011 -32"><span class='ocrx_word' id='word_1_727' title='bbox 127 4787 317 4858; x_wconf 78' lang='grc' dir='ltr'>χεῖρές</span> <span class='ocrx_word' id='word_1_728' title='bbox 347 4805 441 4842; x_wconf 87' lang='grc' dir='ltr'><strong>σου</strong></span> <span class='ocrx_word' id='word_1_729' title='bbox 472 4791 563 4845; x_wconf 75' lang='grc' dir='ltr'><strong>ἐπὶ</strong></span> <span class='ocrx_word' id='word_1_730' title='bbox 585 4792 760 4847; x_wconf 84' lang='grc' dir='ltr'>νώτου</span> <span class='ocrx_word' id='word_1_731' title='bbox 790 4795 903 4849; x_wconf 89' lang='grc' dir='ltr'><strong>τῶν</strong></span> <span class='ocrx_word' id='word_1_732' title='bbox 931 4795 1147 4868; x_wconf 79' lang='grc' dir='ltr'>ἐχθρῶν</span> <span class='ocrx_word' id='word_1_733' title='bbox 1179 4815 1296 4860; x_wconf 87' lang='grc' dir='ltr'>σου,</span> <span class='ocrx_word' id='word_1_734' title='bbox 1329 4799 1412 4862; x_wconf 84' lang='grc' dir='ltr'><strong>τὸ,</strong></span> <span class='ocrx_word' id='word_1_735' title='bbox 1437 4802 1504 4854; x_wconf 79' lang='lat' dir='ltr'><strong>Al</strong></span> <span class='ocrx_word' id='word_1_736' title='bbox 1526 4801 1724 4871; x_wconf 82' lang='grc' dir='ltr'>χεῖρες</span> 
     </span>
    </p>
   </div>
   <div class='ocr_carea' id='block_1_96' title="bbox 126 4879 1722 4964">
    <p class='ocr_par' dir='ltr' id='par_1_96' title="bbox 126 4879 1722 4964">
     <span class='ocr_line' id='line_1_96' title="bbox 126 4879 1722 4964; baseline 0.011 -34"><span class='ocrx_word' id='word_1_737' title='bbox 126 4879 324 4934; x_wconf 81' lang='grc' dir='ltr'>αὐτοῦ</span> <span class='ocrx_word' id='word_1_738' title='bbox 342 4883 891 4953; x_wconf 74' lang='grc' dir='ltr'>ὐπερμαχήσουσιν</span> <span class='ocrx_word' id='word_1_739' title='bbox 919 4889 1128 4944; x_wconf 83' lang='grc' dir='ltr'>αὐτοῦ.</span> <span class='ocrx_word' id='word_1_740' title='bbox 1164 4908 1182 4940; x_wconf 71' lang='grc' dir='ltr'><strong>ι</strong></span> <span class='ocrx_word' id='word_1_741' title='bbox 1218 4891 1329 4961; x_wconf 84' lang='grc' dir='ltr'><strong>Τὴν</strong></span> <span class='ocrx_word' id='word_1_742' title='bbox 1357 4891 1416 4944; x_wconf 89' lang='grc' dir='ltr'><strong>δέ</strong></span> <span class='ocrx_word' id='word_1_743' title='bbox 1452 4893 1584 4964; x_wconf 89' lang='grc' dir='ltr'>παρ’</span> <span class='ocrx_word' id='word_1_744' title='bbox 1613 4893 1722 4947; x_wconf 86' lang='grc' dir='ltr'>Ἰα-</span> 
     </span>
    </p>
   </div>
   <div class='ocr_carea' id='block_1_97' title="bbox 128 4969 1720 5054">
    <p class='ocr_par' dir='ltr' id='par_1_97' title="bbox 128 4969 1720 5054">
     <span class='ocr_line' id='line_1_97' title="bbox 128 4969 1720 5054; baseline 0.011 -32"><span class='ocrx_word' id='word_1_745' title='bbox 128 4969 246 5023; x_wconf 87' lang='grc' dir='ltr'><strong>κὼϐ</strong></span> <span class='ocrx_word' id='word_1_746' title='bbox 299 4972 641 5045; x_wconf 80' lang='grc' dir='ltr'>δηλωθεῖσαν</span> <span class='ocrx_word' id='word_1_747' title='bbox 700 4978 959 5050; x_wconf 88' lang='grc' dir='ltr'>βοήθειαν</span> <span class='ocrx_word' id='word_1_748' title='bbox 1018 4981 1078 5048; x_wconf 78' lang='grc' dir='ltr'><strong>ἐξ</strong></span> <span class='ocrx_word' id='word_1_749' title='bbox 1129 4982 1360 5054; x_wconf 84' lang='grc' dir='ltr'>οὐρανοῦ</span> <span class='ocrx_word' id='word_1_750' title='bbox 1419 4983 1656 5038; x_wconf 89' lang='grc' dir='ltr'>συνελὼν</span> <span class='ocrx_word' id='word_1_751' title='bbox 1691 4987 1720 5040; x_wconf 90' lang='lat'><strong>6</strong></span> 
     </span>
    </p>
   </div>
   <div class='ocr_carea' id='block_1_98' title="bbox 125 5061 1718 5148">
    <p class='ocr_par' dir='ltr' id='par_1_98' title="bbox 125 5061 1718 5148">
     <span class='ocr_line' id='line_1_98' title="bbox 125 5061 1718 5148; baseline 0.011 -35"><span class='ocrx_word' id='word_1_752' title='bbox 125 5061 377 5134; x_wconf 79' lang='grc' dir='ltr'><strong>Μωῦσῆς</strong></span> <span class='ocrx_word' id='word_1_753' title='bbox 442 5066 542 5140; x_wconf 85' lang='grc' dir='ltr'>ἔφη</span> <span class='ocrx_word' id='word_1_754' title='bbox 570 5085 584 5099; x_wconf 74' lang='grc' dir='ltr'><strong>ο</strong></span> <span class='ocrx_word' id='word_1_755' title='bbox 639 5088 658 5121; x_wconf 85' lang='grc'><strong><em>‹</em></strong></span> <span class='ocrx_word' id='word_1_756' title='bbox 701 5071 904 5144; x_wconf 85' lang='grc' dir='ltr'>Βοηθὸς</span> <span class='ocrx_word' id='word_1_757' title='bbox 955 5074 1048 5127; x_wconf 69' lang='grc' dir='ltr'>ἐπὶ</span> <span class='ocrx_word' id='word_1_758' title='bbox 1091 5075 1218 5138; x_wconf 86' lang='grc' dir='ltr'>τοὺς</span> <span class='ocrx_word' id='word_1_759' title='bbox 1248 5076 1718 5148; x_wconf 77' lang='grc' dir='ltr'>ἐπανισταμένους</span> 
     </span>
    </p>
   </div>
   <div class='ocr_carea' id='block_1_99' title="bbox 124 5152 1719 5236">
    <p class='ocr_par' dir='ltr' id='par_1_99' title="bbox 124 5152 1719 5236">
     <span class='ocr_line' id='line_1_99' title="bbox 124 5152 1719 5236; baseline 0.014 -34"><span class='ocrx_word' id='word_1_760' title='bbox 124 5152 274 5223; x_wconf 82' lang='grc' dir='ltr'><strong>αὑτῷ</strong></span> <span class='ocrx_word' id='word_1_761' title='bbox 299 5153 422 5226; x_wconf 79' lang='grc' dir='ltr'><strong>ἔσῃ.</strong></span> <span class='ocrx_word' id='word_1_762' title='bbox 458 5175 478 5208; x_wconf 74' lang='grc' dir='ltr'><strong>ι</strong></span> <span class='ocrx_word' id='word_1_763' title='bbox 516 5161 653 5231; x_wconf 76' lang='grc' dir='ltr'>Περὶ</span> <span class='ocrx_word' id='word_1_764' title='bbox 682 5163 918 5234; x_wconf 80' lang='grc' dir='ltr'>Χριστοῦ</span> <span class='ocrx_word' id='word_1_765' title='bbox 948 5164 1004 5217; x_wconf 85' lang='grc' dir='ltr'><strong>δὲ</strong></span> <span class='ocrx_word' id='word_1_766' title='bbox 1031 5164 1094 5218; x_wconf 88' lang='lat'><strong>16</strong></span> <span class='ocrx_word' id='word_1_767' title='bbox 1124 5164 1418 5236; x_wconf 81' lang='grc' dir='ltr'>λεγόμενον</span> <span class='ocrx_word' id='word_1_768' title='bbox 1453 5169 1593 5222; x_wconf 84' lang='grc' dir='ltr'>κατὰ</span> <span class='ocrx_word' id='word_1_769' title='bbox 1619 5172 1719 5224; x_wconf 85' lang='grc' dir='ltr'><strong>Ζα-</strong></span> 
     </span>
    </p>
   </div>
   <div class='ocr_carea' id='block_1_100' title="bbox 127 5244 1603 5326">
    <p class='ocr_par' dir='ltr' id='par_1_100' title="bbox 127 5244 1603 5326">
     <span class='ocr_line' id='line_1_100' title="bbox 127 5244 1603 5326; baseline 0.01 -32"><span class='ocrx_word' id='word_1_770' title='bbox 127 5244 330 5312; x_wconf 86' lang='grc' dir='ltr'>χαρίαν</span> <span class='ocrx_word' id='word_1_771' title='bbox 359 5247 615 5302; x_wconf 74' lang='grc' dir='ltr'>εἰπόντα·</span> <span class='ocrx_word' id='word_1_772' title='bbox 661 5269 678 5303; x_wconf 79' lang='grc' dir='ltr'><strong>ι</strong></span> <span class='ocrx_word' id='word_1_773' title='bbox 720 5253 1006 5324; x_wconf 87' lang='grc' dir='ltr'>Σωτηρίαν</span> <span class='ocrx_word' id='word_1_774' title='bbox 1035 5255 1096 5319; x_wconf 81' lang='grc' dir='ltr'><strong>ἐξ</strong></span> <span class='ocrx_word' id='word_1_775' title='bbox 1131 5255 1342 5326; x_wconf 80' lang='grc' dir='ltr'>ἐχθρῶν</span> <span class='ocrx_word' id='word_1_776' title='bbox 1370 5257 1547 5326; x_wconf 83' lang='grc' dir='ltr'>ἡμῶν.</span> <span class='ocrx_word' id='word_1_777' title='bbox 1586 5278 1603 5309; x_wconf 76' lang='grc' dir='ltr'><strong>ι</strong></span> 
     </span>
    </p>
   </div>
   <div class='ocr_carea' id='block_1_101' title="bbox 1833 4705 3415 4776">
    <p class='ocr_par' dir='ltr' id='par_1_101' title="bbox 1833 4705 3415 4776">
     <span class='ocr_line' id='line_1_101' title="bbox 1833 4705 3415 4776; baseline -0.002 -13"><span class='ocrx_word' id='word_1_778' title='bbox 1833 4707 2186 4763; x_wconf 90' lang='lat' dir='ltr'><strong>conveniunt.</strong></span> <span class='ocrx_word' id='word_1_779' title='bbox 2226 4705 2494 4761; x_wconf 89' lang='lat' dir='ltr'><strong>Similiter</strong></span> <span class='ocrx_word' id='word_1_780' title='bbox 2517 4705 2664 4761; x_wconf 90' lang='lat' dir='ltr'><strong>enim</strong></span> <span class='ocrx_word' id='word_1_781' title='bbox 2702 4706 2816 4776; x_wconf 80' lang='lat' dir='ltr'><strong>regi</strong></span> <span class='ocrx_word' id='word_1_782' title='bbox 2863 4705 3128 4760; x_wconf 85' lang='lat' dir='ltr'><strong>auxilium</strong></span> <span class='ocrx_word' id='word_1_783' title='bbox 3166 4706 3218 4759; x_wconf 89' lang='lat' dir='ltr'><strong>in</strong></span> <span class='ocrx_word' id='word_1_784' title='bbox 3255 4705 3415 4760; x_wconf 89' lang='lat' dir='ltr'><strong>bellis</strong></span> 
     </span>
    </p>
   </div>
   <div class='ocr_carea' id='block_1_102' title="bbox 1831 4796 3412 4869">
    <p class='ocr_par' dir='ltr' id='par_1_102' title="bbox 1831 4796 3412 4869">
     <span class='ocr_line' id='line_1_102' title="bbox 1831 4796 3412 4869; baseline 0 -17"><span class='ocrx_word' id='word_1_785' title='bbox 1831 4798 1976 4854; x_wconf 88' lang='lat' dir='ltr'><strong>ferre</strong></span> <span class='ocrx_word' id='word_1_786' title='bbox 2021 4797 2234 4863; x_wconf 89' lang='lat' dir='ltr'><strong>tribuit,</strong></span> <span class='ocrx_word' id='word_1_787' title='bbox 2265 4798 2722 4869; x_wconf 87' lang='lat' dir='ltr'><strong>quemadmodum</strong></span> <span class='ocrx_word' id='word_1_788' title='bbox 2761 4796 2932 4854; x_wconf 84' lang='lat' dir='ltr'><strong>David</strong></span> <span class='ocrx_word' id='word_1_789' title='bbox 2983 4797 3210 4869; x_wconf 89' lang='lat' dir='ltr'><strong>inquit:</strong></span> <span class='ocrx_word' id='word_1_790' title='bbox 3250 4818 3269 4849; x_wconf 77' lang='grc' dir='ltr'><strong>ι</strong></span> <span class='ocrx_word' id='word_1_791' title='bbox 3309 4797 3412 4869; x_wconf 89' lang='lat' dir='ltr'><strong>Qui</strong></span> 
     </span>
    </p>
   </div>
   <div class='ocr_carea' id='block_1_103' title="bbox 1831 4889 3413 4962">
    <p class='ocr_par' dir='ltr' id='par_1_103' title="bbox 1831 4889 3413 4962">
     <span class='ocr_line' id='line_1_103' title="bbox 1831 4889 3413 4962; baseline -0.001 -16"><span class='ocrx_word' id='word_1_792' title='bbox 1831 4904 2060 4962; x_wconf 83' lang='lat' dir='ltr'><strong>regnum</strong></span> <span class='ocrx_word' id='word_1_793' title='bbox 2113 4889 2464 4944; x_wconf 74' lang='lat' dir='ltr'><strong>luereditario</strong></span> <span class='ocrx_word' id='word_1_794' title='bbox 2519 4890 2753 4960; x_wconf 91' lang='lat' dir='ltr'><strong>accepit,</strong></span> <span class='ocrx_word' id='word_1_795' title='bbox 2808 4889 2900 4960; x_wconf 91' lang='lat' dir='ltr'><strong>qui</strong></span> <span class='ocrx_word' id='word_1_796' title='bbox 2934 4891 3120 4947; x_wconf 88' lang='lat' dir='ltr'><strong>subdit</strong></span> <span class='ocrx_word' id='word_1_797' title='bbox 3153 4892 3413 4962; x_wconf 90' lang='lat' dir='ltr'><strong>populum</strong></span> 
     </span>
    </p>
   </div>
   <div class='ocr_carea' id='block_1_104' title="bbox 1827 4979 3412 5048">
    <p class='ocr_par' dir='ltr' id='par_1_104' title="bbox 1827 4979 3412 5048">
     <span class='ocr_line' id='line_1_104' title="bbox 1827 4979 3412 5048; baseline 0 -11"><span class='ocrx_word' id='word_1_798' title='bbox 1827 4995 2007 5037; x_wconf 89' lang='lat' dir='ltr'><strong>meum</strong></span> <span class='ocrx_word' id='word_1_799' title='bbox 2040 4980 2173 5034; x_wconf 90' lang='lat' dir='ltr'><strong>mihi</strong></span> <span class='ocrx_word' id='word_1_800' title='bbox 2199 4979 2301 5034; x_wconf 71' lang='grc'><strong>⁸⁸.»</strong></span> <span class='ocrx_word' id='word_1_801' title='bbox 2331 4980 2521 5036; x_wconf 90' lang='lat' dir='ltr'><strong>Simile</strong></span> <span class='ocrx_word' id='word_1_802' title='bbox 2545 4996 2680 5036; x_wconf 63' lang='lat' dir='ltr'><strong>vero,</strong></span> <span class='ocrx_word' id='word_1_803' title='bbox 2704 4981 2872 5038; x_wconf 89' lang='lat' dir='ltr'><strong>huic:</strong></span> <span class='ocrx_word' id='word_1_804' title='bbox 2902 5001 2920 5034; x_wconf 73' lang='grc' dir='ltr'><strong>ι</strong></span> <span class='ocrx_word' id='word_1_805' title='bbox 2949 4980 3111 5048; x_wconf 83' lang='lat' dir='ltr'><strong>Juda,</strong></span> <span class='ocrx_word' id='word_1_806' title='bbox 3140 4993 3190 5038; x_wconf 90' lang='lat' dir='ltr'><strong>te</strong></span> <span class='ocrx_word' id='word_1_807' title='bbox 3221 4983 3412 5038; x_wconf 87' lang='lat' dir='ltr'><strong>lauda-</strong></span> 
     </span>
    </p>
   </div>
   <div class='ocr_carea' id='block_1_105' title="bbox 1828 5073 3410 5146">
    <p class='ocr_par' dir='ltr' id='par_1_105' title="bbox 1828 5073 3410 5146">
     <span class='ocr_line' id='line_1_105' title="bbox 1828 5073 3410 5146; baseline -0.002 -15"><span class='ocrx_word' id='word_1_808' title='bbox 1828 5076 1966 5131; x_wconf 91' lang='lat' dir='ltr'><strong>bunt</strong></span> <span class='ocrx_word' id='word_1_809' title='bbox 1995 5073 2191 5130; x_wconf 87' lang='lat' dir='ltr'><strong>fratres</strong></span> <span class='ocrx_word' id='word_1_810' title='bbox 2215 5073 2294 5128; x_wconf 90' lang='lat' dir='ltr'><strong>tui</strong></span> <span class='ocrx_word' id='word_1_811' title='bbox 2322 5073 2391 5139; x_wconf 69' lang='lat'><strong>9‘,</strong></span> <span class='ocrx_word' id='word_1_812' title='bbox 2431 5091 2451 5125; x_wconf 73' lang='grc' dir='ltr'><strong>ι</strong></span> <span class='ocrx_word' id='word_1_813' title='bbox 2485 5073 2588 5130; x_wconf 87' lang='lat' dir='ltr'><strong>hoc</strong></span> <span class='ocrx_word' id='word_1_814' title='bbox 2619 5091 2630 5128; x_wconf 93' lang='lat'>:</span> <span class='ocrx_word' id='word_1_815' title='bbox 2663 5075 2837 5145; x_wconf 86' lang='lat' dir='ltr'><strong>Super</strong></span> <span class='ocrx_word' id='word_1_816' title='bbox 2870 5078 3122 5146; x_wconf 82' lang='lat' dir='ltr'><strong>populum</strong></span> <span class='ocrx_word' id='word_1_817' title='bbox 3147 5077 3262 5146; x_wconf 82' lang='lat' dir='ltr'><strong>ejus</strong></span> <span class='ocrx_word' id='word_1_818' title='bbox 3283 5075 3410 5130; x_wconf 82' lang='lat' dir='ltr'><strong>edu-</strong></span> 
     </span>
    </p>
   </div>
   <div class='ocr_carea' id='block_1_106' title="bbox 1827 5167 3410 5240">
    <p class='ocr_par' dir='ltr' id='par_1_106' title="bbox 1827 5167 3410 5240">
     <span class='ocr_line' id='line_1_106' title="bbox 1827 5167 3410 5240; baseline -0.004 -15"><span class='ocrx_word' id='word_1_819' title='bbox 1827 5186 1909 5224; x_wconf 82' lang='lat' dir='ltr'><strong>ces</strong></span> <span class='ocrx_word' id='word_1_820' title='bbox 1936 5184 2055 5224; x_wconf 86' lang='lat' dir='ltr'><strong>eum</strong></span> <span class='ocrx_word' id='word_1_821' title='bbox 2079 5207 2093 5231; x_wconf 89' lang='lat'><strong>,</strong></span> <span class='ocrx_word' id='word_1_822' title='bbox 2132 5167 2594 5238; x_wconf 89' lang='lat' dir='ltr'><strong>quemadmodum</strong></span> <span class='ocrx_word' id='word_1_823' title='bbox 2638 5168 2799 5224; x_wconf 89' lang='lat' dir='ltr'><strong>habet</strong></span> <span class='ocrx_word' id='word_1_824' title='bbox 2837 5168 3224 5240; x_wconf 83' lang='lat' dir='ltr'><strong>Symmachus.</strong></span> <span class='ocrx_word' id='word_1_825' title='bbox 3276 5167 3410 5221; x_wconf 88' lang='lat' dir='ltr'><strong>Item</strong></span> 
     </span>
    </p>
   </div>
   <div class='ocr_carea' id='block_1_107' title="bbox 1827 5260 3402 5332">
    <p class='ocr_par' dir='ltr' id='par_1_107' title="bbox 1827 5260 3402 5332">
     <span class='ocr_line' id='line_1_107' title="bbox 1827 5260 3402 5332; baseline -0.006 -14"><span class='ocrx_word' id='word_1_826' title='bbox 1827 5263 1956 5318; x_wconf 89' lang='lat' dir='ltr'><strong>huic</strong></span> <span class='ocrx_word' id='word_1_827' title='bbox 1988 5279 2002 5315; x_wconf 90' lang='lat'><strong>:</strong></span> <span class='ocrx_word' id='word_1_828' title='bbox 2045 5280 2064 5312; x_wconf 76' lang='grc' dir='ltr'><strong>ι</strong></span> <span class='ocrx_word' id='word_1_829' title='bbox 2091 5260 2283 5314; x_wconf 84' lang='lat' dir='ltr'><strong>Manus</strong></span> <span class='ocrx_word' id='word_1_830' title='bbox 2306 5267 2413 5314; x_wconf 67' lang='lat' dir='ltr'><strong>tua:</strong></span> <span class='ocrx_word' id='word_1_831' title='bbox 2442 5275 2609 5331; x_wconf 90' lang='lat' dir='ltr'><strong>super</strong></span> <span class='ocrx_word' id='word_1_832' title='bbox 2645 5269 2797 5332; x_wconf 83' lang='lat' dir='ltr'><strong>tergo</strong></span> <span class='ocrx_word' id='word_1_833' title='bbox 2830 5263 3068 5318; x_wconf 90' lang='lat' dir='ltr'><strong>hostium</strong></span> <span class='ocrx_word' id='word_1_834' title='bbox 3112 5270 3356 5325; x_wconf 88' lang='lat' dir='ltr'><strong>tuorum,</strong></span> <span class='ocrx_word' id='word_1_835' title='bbox 3385 5280 3402 5308; x_wconf 69' lang='grc' dir='ltr'><strong>ι</strong></span> 
     </span>
    </p>
   </div>
   <div class='ocr_carea' id='block_1_108' title="bbox 126 5337 3409 5422">
    <p class='ocr_par' dir='ltr' id='par_1_108' title="bbox 126 5337 3409 5422">
     <span class='ocr_line' id='line_1_108' title="bbox 126 5337 3409 5422; baseline 0.007 -34"><span class='ocrx_word' id='word_1_836' title='bbox 126 5337 304 5392; x_wconf 84' lang='lat' dir='ltr'><strong>illm]:</strong></span> <span class='ocrx_word' id='word_1_837' title='bbox 342 5339 540 5396; x_wconf 80' lang='lat' dir='ltr'><strong>Manus</strong></span> <span class='ocrx_word' id='word_1_838' title='bbox 582 5343 753 5413; x_wconf 75' lang='lat' dir='ltr'><strong>ipsius</strong></span> <span class='ocrx_word' id='word_1_839' title='bbox 797 5347 1107 5416; x_wconf 84' lang='lat' dir='ltr'><strong>pugnabunt</strong></span> <span class='ocrx_word' id='word_1_840' title='bbox 1163 5363 1260 5413; x_wconf 86' lang='lat' dir='ltr'><strong>pro</strong></span> <span class='ocrx_word' id='word_1_841' title='bbox 1316 5365 1396 5403; x_wconf 85' lang='lat' dir='ltr'><strong>eo.</strong></span> <span class='ocrx_word' id='word_1_842' title='bbox 1439 5351 1710 5409; x_wconf 57' lang='lat' dir='ltr'><strong>Caeterum</strong></span> <span class='ocrx_word' id='word_1_843' title='bbox 1752 5357 2020 5415; x_wconf 75' lang='lat' dir='ltr'><strong>auxilium</strong></span> <span class='ocrx_word' id='word_1_844' title='bbox 2077 5355 2297 5411; x_wconf 65' lang='lat' dir='ltr'><strong>coalitus</strong></span> <span class='ocrx_word' id='word_1_845' title='bbox 2349 5369 2380 5410; x_wconf 84' lang='lat' dir='ltr'><strong>a</strong></span> <span class='ocrx_word' id='word_1_846' title='bbox 2430 5353 2636 5412; x_wconf 85' lang='lat' dir='ltr'><strong>Jacobo</strong></span> <span class='ocrx_word' id='word_1_847' title='bbox 2711 5367 3100 5422; x_wconf 89' lang='lat' dir='ltr'><strong>monstratum,</strong></span> <span class='ocrx_word' id='word_1_848' title='bbox 3170 5358 3409 5414; x_wconf 84' lang='lat' dir='ltr'><strong>breviter</strong></span> 
     </span>
    </p>
   </div>
   <div class='ocr_carea' id='block_1_109' title="bbox 128 5428 3403 5519">
    <p class='ocr_par' dir='ltr' id='par_1_109' title="bbox 128 5428 3403 5519">
     <span class='ocr_line' id='line_1_109' title="bbox 128 5428 3403 5519; baseline 0.007 -36"><span class='ocrx_word' id='word_1_849' title='bbox 128 5428 308 5486; x_wconf 80' lang='lat' dir='ltr'><strong>Moses</strong></span> <span class='ocrx_word' id='word_1_850' title='bbox 352 5434 609 5489; x_wconf 87' lang='lat' dir='ltr'><strong>enuntiat</strong></span> <span class='ocrx_word' id='word_1_851' title='bbox 645 5455 657 5490; x_wconf 91' lang='lat'><strong>:</strong></span> <span class='ocrx_word' id='word_1_852' title='bbox 716 5458 733 5489; x_wconf 78' lang='grc' dir='ltr'><strong>ι</strong></span> <span class='ocrx_word' id='word_1_853' title='bbox 773 5440 1080 5494; x_wconf 83' lang='lat' dir='ltr'><strong>Auxiliator</strong></span> <span class='ocrx_word' id='word_1_854' title='bbox 1120 5449 1314 5496; x_wconf 84' lang='lat' dir='ltr'><strong>contra</strong></span> <span class='ocrx_word' id='word_1_855' title='bbox 1369 5442 1556 5499; x_wconf 89' lang='lat' dir='ltr'><strong>hostes</strong></span> <span class='ocrx_word' id='word_1_856' title='bbox 1589 5446 1712 5517; x_wconf 89' lang='lat' dir='ltr'><strong>ejus</strong></span> <span class='ocrx_word' id='word_1_857' title='bbox 1752 5454 1880 5508; x_wconf 90' lang='lat' dir='ltr'><strong>erit.</strong></span> <span class='ocrx_word' id='word_1_858' title='bbox 1907 5470 1927 5503; x_wconf 71' lang='grc' dir='ltr'><strong>ι</strong></span> <span class='ocrx_word' id='word_1_859' title='bbox 1953 5447 2110 5517; x_wconf 84' lang='lat' dir='ltr'><strong>Quod</strong></span> <span class='ocrx_word' id='word_1_860' title='bbox 2142 5451 2319 5519; x_wconf 89' lang='lat' dir='ltr'><strong>ipsum</strong></span> <span class='ocrx_word' id='word_1_861' title='bbox 2343 5448 2620 5505; x_wconf 88' lang='lat' dir='ltr'><strong>Christum</strong></span> <span class='ocrx_word' id='word_1_862' title='bbox 2646 5457 2858 5519; x_wconf 88' lang='lat' dir='ltr'><strong>spectat</strong></span> <span class='ocrx_word' id='word_1_863' title='bbox 2918 5450 3185 5506; x_wconf 86' lang='lat' dir='ltr'><strong>Zacharia</strong></span> <span class='ocrx_word' id='word_1_864' title='bbox 3245 5459 3403 5516; x_wconf 82' lang='lat' dir='ltr'><strong>teste,</strong></span> 
     </span>
    </p>
   </div>
   <div class='ocr_carea' id='block_1_110' title="bbox 125 5524 1637 5594">
    <p class='ocr_par' dir='ltr' id='par_1_110' title="bbox 125 5524 1637 5594">
     <span class='ocr_line' id='line_1_110' title="bbox 125 5524 1637 5594; baseline 0.01 -19"><span class='ocrx_word' id='word_1_865' title='bbox 125 5538 248 5577; x_wconf 75' lang='lat' dir='ltr'><strong>cum</strong></span> <span class='ocrx_word' id='word_1_866' title='bbox 286 5524 467 5594; x_wconf 90' lang='lat' dir='ltr'><strong>inquit</strong></span> <span class='ocrx_word' id='word_1_867' title='bbox 503 5543 516 5580; x_wconf 92' lang='lat'><strong>:</strong></span> <span class='ocrx_word' id='word_1_868' title='bbox 553 5546 571 5577; x_wconf 87' lang='grc'><strong><em>‹</em></strong></span> <span class='ocrx_word' id='word_1_869' title='bbox 614 5525 858 5585; x_wconf 78' lang='lat' dir='ltr'><strong>Salutem</strong></span> <span class='ocrx_word' id='word_1_870' title='bbox 894 5548 957 5585; x_wconf 78' lang='lat' dir='ltr'><strong>ex</strong></span> <span class='ocrx_word' id='word_1_871' title='bbox 994 5533 1244 5589; x_wconf 88' lang='lat' dir='ltr'><strong>hostibus</strong></span> <span class='ocrx_word' id='word_1_872' title='bbox 1283 5535 1486 5590; x_wconf 89' lang='lat' dir='ltr'><strong>nostris</strong></span> <span class='ocrx_word' id='word_1_873' title='bbox 1515 5537 1582 5588; x_wconf 69' lang='grc' dir='ltr'><strong>θ’.</strong></span> <span class='ocrx_word' id='word_1_874' title='bbox 1619 5557 1637 5590; x_wconf 74' lang='grc' dir='ltr'><strong>ι</strong></span> 
     </span>
    </p>
   </div>
   <div class='ocr_carea' id='block_1_111' title="bbox 191 5619 1711 5692">
    <p class='ocr_par' dir='ltr' id='par_1_111' title="bbox 191 5619 1711 5692">
     <span class='ocr_line' id='line_1_111' title="bbox 191 5619 1711 5692; baseline 0.008 -20"><span class='ocrx_word' id='word_1_875' title='bbox 191 5619 338 5672; x_wconf 87' lang='grc' dir='ltr'>Δότε</span> <span class='ocrx_word' id='word_1_876' title='bbox 355 5619 506 5674; x_wconf 83' lang='grc' dir='ltr'>Λευῒ</span> <span class='ocrx_word' id='word_1_877' title='bbox 521 5619 753 5689; x_wconf 71' lang='grc' dir='ltr'>δήλους</span> <span class='ocrx_word' id='word_1_878' title='bbox 791 5625 1000 5688; x_wconf 77' lang='grc' dir='ltr'>αὐτοῦ,</span> <span class='ocrx_word' id='word_1_879' title='bbox 1039 5626 1138 5682; x_wconf 76' lang='grc' dir='ltr'><strong>καί</strong></span> <span class='ocrx_word' id='word_1_880' title='bbox 1178 5626 1471 5692; x_wconf 76' lang='grc' dir='ltr'>ἀλήθειαν</span> <span class='ocrx_word' id='word_1_881' title='bbox 1521 5631 1711 5686; x_wconf 82' lang='grc' dir='ltr'>αὐτοῦ</span> 
     </span>
    </p>
   </div>
   <div class='ocr_carea' id='block_1_112' title="bbox 123 5708 1709 5788">
    <p class='ocr_par' dir='ltr' id='par_1_112' title="bbox 123 5708 1709 5788">
     <span class='ocr_line' id='line_1_112' title="bbox 123 5708 1709 5788; baseline 0.008 -26"><span class='ocrx_word' id='word_1_882' title='bbox 123 5708 201 5776; x_wconf 74' lang='grc' dir='ltr'>τῷ</span> <span class='ocrx_word' id='word_1_883' title='bbox 230 5711 410 5781; x_wconf 76' lang='grc' dir='ltr'>ἀνδρί</span> <span class='ocrx_word' id='word_1_884' title='bbox 459 5712 540 5778; x_wconf 72' lang='grc' dir='ltr'>τῷ</span> <span class='ocrx_word' id='word_1_885' title='bbox 585 5717 754 5778; x_wconf 80' lang='grc' dir='ltr'>ὁσίῳ.</span> <span class='ocrx_word' id='word_1_886' title='bbox 812 5717 1008 5770; x_wconf 71' lang='grc' dir='ltr'>Μέτων</span> <span class='ocrx_word' id='word_1_887' title='bbox 1045 5718 1149 5772; x_wconf 88' lang='grc' dir='ltr'><strong>τῶν</strong></span> <span class='ocrx_word' id='word_1_888' title='bbox 1201 5719 1266 5788; x_wconf 79' lang='grc' dir='ltr'><strong>ιβ’</strong></span> <span class='ocrx_word' id='word_1_889' title='bbox 1297 5719 1457 5774; x_wconf 89' lang='grc' dir='ltr'>λίθων</span> <span class='ocrx_word' id='word_1_890' title='bbox 1482 5721 1590 5774; x_wconf 86' lang='grc' dir='ltr'><strong>τῶν</strong></span> <span class='ocrx_word' id='word_1_891' title='bbox 1617 5722 1709 5774; x_wconf 78' lang='grc' dir='ltr'><strong>ἐπὶ</strong></span> 
     </span>
    </p>
   </div>
   <div class='ocr_carea' id='block_1_113' title="bbox 184 5893 747 5961">
    <p class='ocr_par' dir='ltr' id='par_1_113' title="bbox 184 5893 747 5961">
     <span class='ocr_line' id='line_1_113' title="bbox 184 5893 747 5961; baseline 0.002 -11"><span class='ocrx_word' id='word_1_892' title='bbox 184 5893 229 5928; x_wconf 76' lang='grc' dir='ltr'><strong>τ’</strong></span> <span class='ocrx_word' id='word_1_893' title='bbox 261 5897 402 5953; x_wconf 87' lang='lat' dir='ltr'><strong>Gen.</strong></span> <span class='ocrx_word' id='word_1_894' title='bbox 436 5912 630 5961; x_wconf 76' lang='lat' dir='ltr'><strong>xxvut,</strong></span> <span class='ocrx_word' id='word_1_895' title='bbox 663 5897 747 5951; x_wconf 73' lang='lat'><strong>‘22.</strong></span> 
     </span>
    </p>
   </div>
   <div class='ocr_carea' id='block_1_114' title="bbox 1893 5628 3398 5705">
    <p class='ocr_par' dir='ltr' id='par_1_114' title="bbox 1893 5628 3398 5705">
     <span class='ocr_line' id='line_1_114' title="bbox 1893 5628 3398 5705; baseline 0.009 -23"><span class='ocrx_word' id='word_1_896' title='bbox 1893 5629 2028 5683; x_wconf 83' lang='lat' dir='ltr'><strong>Date</strong></span> <span class='ocrx_word' id='word_1_897' title='bbox 2059 5628 2182 5684; x_wconf 79' lang='lat' dir='ltr'><strong>Levi</strong></span> <span class='ocrx_word' id='word_1_898' title='bbox 2205 5630 2437 5700; x_wconf 77' lang='lat' dir='ltr'><strong>fulgores</strong></span> <span class='ocrx_word' id='word_1_899' title='bbox 2467 5647 2591 5685; x_wconf 77' lang='lat' dir='ltr'><strong>suos</strong></span> <span class='ocrx_word' id='word_1_900' title='bbox 2615 5640 2663 5685; x_wconf 78' lang='lat' dir='ltr'><strong>et</strong></span> <span class='ocrx_word' id='word_1_901' title='bbox 2700 5632 2972 5687; x_wconf 79' lang='lat' dir='ltr'><strong>veritatem</strong></span> <span class='ocrx_word' id='word_1_902' title='bbox 2995 5636 3108 5705; x_wconf 83' lang='lat' dir='ltr'><strong>ejus</strong></span> <span class='ocrx_word' id='word_1_903' title='bbox 3142 5638 3250 5694; x_wconf 81' lang='lat' dir='ltr'><strong>viro</strong></span> <span class='ocrx_word' id='word_1_904' title='bbox 3274 5659 3398 5695; x_wconf 79' lang='lat' dir='ltr'><strong>san-</strong></span> 
     </span>
    </p>
   </div>
   <div class='ocr_carea' id='block_1_115' title="bbox 1819 5716 3403 5800">
    <p class='ocr_par' dir='ltr' id='par_1_115' title="bbox 1819 5716 3403 5800">
     <span class='ocr_line' id='line_1_115' title="bbox 1819 5716 3403 5800; baseline 0.006 -22"><span class='ocrx_word' id='word_1_905' title='bbox 1819 5733 2046 5790; x_wconf 84' lang='lat' dir='ltr'><strong>clo,ctc.</strong></span> <span class='ocrx_word' id='word_1_906' title='bbox 2071 5716 2336 5796; x_wconf 75' lang='lat' dir='ltr'><strong>[XXXllL</strong></span> <span class='ocrx_word' id='word_1_907' title='bbox 2361 5725 2413 5778; x_wconf 92' lang='lat'><strong>8.</strong></span> <span class='ocrx_word' id='word_1_908' title='bbox 2460 5725 2602 5780; x_wconf 85' lang='lat' dir='ltr'><strong>Inter</strong></span> <span class='ocrx_word' id='word_1_909' title='bbox 2634 5724 3082 5780; x_wconf 80' lang='lat' dir='ltr'><strong>duodecimcnim</strong></span> <span class='ocrx_word' id='word_1_910' title='bbox 3113 5728 3324 5800; x_wconf 79' lang='lat' dir='ltr'><strong>lapides</strong></span> <span class='ocrx_word' id='word_1_911' title='bbox 3350 5733 3403 5788; x_wconf 91' lang='lat' dir='ltr'><strong>in</strong></span> 
     </span>
    </p>
   </div>
   <div class='ocr_carea' id='block_1_116' title="bbox 840 5899 1734 5978">
    <p class='ocr_par' dir='ltr' id='par_1_116' title="bbox 840 5899 1734 5969">
     <span class='ocr_line' id='line_1_116' title="bbox 840 5899 1734 5969; baseline 0.009 -13"><span class='ocrx_word' id='word_1_912' title='bbox 840 5900 883 5931; x_wconf 71' lang='grc' dir='ltr'><strong>τ’</strong></span> <span class='ocrx_word' id='word_1_913' title='bbox 914 5899 1115 5957; x_wconf 83' lang='lat' dir='ltr'><strong>Jct&#39;cm.</strong></span> <span class='ocrx_word' id='word_1_914' title='bbox 1154 5919 1301 5969; x_wconf 66' lang='lat' dir='ltr'><strong>xxxi,</strong></span> <span class='ocrx_word' id='word_1_915' title='bbox 1334 5905 1422 5962; x_wconf 70' lang='lat'><strong>2:2.</strong></span> <span class='ocrx_word' id='word_1_916' title='bbox 1503 5908 1546 5939; x_wconf 59' lang='lat'><strong>3°</strong></span> <span class='ocrx_word' id='word_1_917' title='bbox 1587 5906 1734 5964; x_wconf 79' lang='lat' dir='ltr'><strong>Psal.</strong></span> 
     </span>
    </p>
   </div>
   <div class='ocr_carea' id='block_1_117' title="bbox 1837 5899 3096 5978">
    <p class='ocr_par' dir='ltr' id='par_1_117' title="bbox 1837 5907 3096 5978">
     <span class='ocr_line' id='line_1_117' title="bbox 1837 5907 3096 5978; baseline 0.006 -15"><span class='ocrx_word' id='word_1_918' title='bbox 1837 5925 1913 5977; x_wconf 76' lang='lat' dir='ltr'><strong>ut,</strong></span> <span class='ocrx_word' id='word_1_919' title='bbox 1944 5909 2035 5966; x_wconf 67' lang='grc'><strong>47.</strong></span> <span class='ocrx_word' id='word_1_920' title='bbox 2111 5909 2152 5942; x_wconf 76' lang='grc'><strong>⁸⁸</strong></span> <span class='ocrx_word' id='word_1_921' title='bbox 2192 5907 2330 5965; x_wconf 81' lang='lat' dir='ltr'><strong>Gen.</strong></span> <span class='ocrx_word' id='word_1_922' title='bbox 2365 5925 2512 5978; x_wconf 55' lang='grc' dir='ltr'>ειη,</span> <span class='ocrx_word' id='word_1_923' title='bbox 2550 5913 2600 5967; x_wconf 91' lang='lat'><strong>8.</strong></span> <span class='ocrx_word' id='word_1_924' title='bbox 2680 5913 2724 5945; x_wconf 80' lang='lat'>&quot;</span> <span class='ocrx_word' id='word_1_925' title='bbox 2767 5913 2900 5968; x_wconf 81' lang='lat' dir='ltr'><strong>Luc.</strong></span> <span class='ocrx_word' id='word_1_926' title='bbox 2935 5928 2970 5978; x_wconf 83' lang='grc' dir='ltr'><strong>ι,</strong></span> <span class='ocrx_word' id='word_1_927' title='bbox 3007 5914 3096 5971; x_wconf 77' lang='grc' dir='ltr'><strong>η.</strong></span> 
     </span>
    </p>
   </div>
  </div>
