4058 6518
661 396 769 462 983
1925 407 1928 413 ’
1971 404 2326 464 PROCOPII
2365 403 2607 464 GAZIEI
3787 416 3870 478 934

659 523 851 589 pectnr
870 514 922 566 ιΙῑ
956 512 1116 579 sitos,
1132 512 1355 568 claritas
1376 522 1558 567 eratet
1577 516 1803 581 veritas,
1820 532 1915 588 per
1938 518 2076 571 alios
2093 517 2232 571 duos

2340 514 2429 569 τοῦ
2458 516 2644 584 λογίου
2691 515 2925 588 δήλωσις
2974 510 3044 588 ἦν
3078 518 3173 571 καὶ
3200 517 3451 587 ἀλήθεια,
3477 518 3543 573 δι’
3571 520 3758 594 ἑτέρων
3782 528 3869 584 δύω

660 606 869 675 lapides
892 612 1310 675 repraesentatas.
1336 603 1454 659 Prae
1486 622 1546 661 se
1574 606 1757 662 ferunt
1788 618 1968 664 autem
2000 610 2236 681 prophe-

2338 607 2501 662 λίθων
2524 606 2895 678 δεικνύμεναι.
2927 608 3089 679 Δηλοῖ
3118 609 3164 663 δ’
3191 609 3284 662 οῦν
3334 614 3665 681 προφητείας
3692 617 3781 681 τὰς
3798 622 3867 673 διὰ

659 697 765 752 tias
794 705 909 767 'per
959 697 1103 753 hanc
1151 696 1353 752 tribum
1394 699 1685 765 revelatas,
1723 701 2090 756 ministerium
2117 700 2238 757 sive

658 789 950 843 consilium
993 790 1121 845 item
1156 804 1376 844 sacrum
1408 802 1670 860 perpetuo
1708 792 1756 846 ei
1779 791 2083 857 decretum,
2114 806 2237 863 quae

659 879 1042 949 cognationem
1070 894 1227 933 suam
1253 879 1521 945 deseruit,
1547 880 1825 953 Deumque
1853 899 1963 955 pra:
1988 884 2106 954 ipsa
2130 883 2234 939 sibi

659 972 843 1042 elegit,
871 972 1052 1042 legum
1085 971 1321 1040 denique
1352 973 1604 1027 notitiam
1647 986 1921 1039 exactam,
1947 991 2054 1046 qua
2086 975 2235 1043 judi-

661 1077 752 1116 ces
778 1077 967 1116 earum
1020 1061 1315 1133 aliquando
1365 1062 1650 1133 imperitos
1696 1066 2095 1121 instruxerunt.
2152 1066 2234 1120 Ad

661 1170 802 1222 quos
863 1154 1071 1210 dictmn
1124 1166 1249 1213 est:
1298 1177 1315 1209 ‹
1370 1157 1596 1211 Summo
1622 1157 1807 1211 studio
1843 1159 2042 1212 dictata
2077 1157 2231 1228 legis,

663 1261 826 1314 quam
854 1246 1301 1302 denuntiaverint
1320 1248 1478 1303 vobis
1505 1247 1819 1303 sacerdotes
1844 1248 2063 1313 Levitze,
2086 1266 2237 1305 exse-

662 1338 846 1405 quitor
876 1338 943 1394 ⁸³.
968 1358 987 1390 ι
1022 1338 1194 1393 Porro
1219 1355 1383 1409 opere
1416 1355 1517 1394 suo
1538 1355 1700 1395 sacro
1719 1355 1747 1393 a
1786 1342 1985 1410 populo
2014 1358 2236 1411 quoque

664 1429 997 1499 supplicium
1028 1432 1346 1489 incumbens
1379 1442 1713 1487 averterunt.
1768 1432 2116 1504 Quapropter
2144 1447 2235 1488 sa-

666 1536 733 1575 ne
762 1536 775 1574 :
822 1539 840 1572 ‹
878 1520 1115 1577 Benedic
1144 1524 1356 1581 viribus
1377 1525 1519 1591 ejus,
1545 1543 1563 1576 ι
1588 1525 1800 1593 inquit;
1828 1525 2066 1579 victimae
2090 1525 2233 1579 enim

665 1610 919 1665 efﬁcacia:
942 1621 1068 1666 sunt
1092 1623 1362 1683 expertes.
1394 1611 1499 1669 Per
1523 1629 1664 1683 quos
1695 1613 1858 1667 etiam
1885 1613 2125 1669 hostium
2159 1616 2235 1669 vi-

667 1718 755 1756 res
790 1718 1175 1773 nonnunquam
1225 1715 1354 1760 sunt
1388 1705 1632 1774 deiectam
1688 1704 2041 1774 Quaacunque
2089 1707 2233 1760 enim

2342 1697 2611 1751 πίπτοντα
2640 1698 2718 1771 τῷ
2743 1698 2858 1770 λαῷ
2887 1699 3022 1769 πρὸς
3055 1700 3116 1752 τὸ
3148 1700 3477 1770 ἡγεμονικὸν
3519 1700 3771 1767 ἀνάγεται
3809 1703 3879 1769 γέ-

666 1794 920 1847 nccidunt
967 1795 1190 1864 populo,
1253 1796 1322 1849 ad
1374 1812 1545 1866 genus
1583 1797 1838 1867 princeps
1894 1797 2233 1851 referuntur.

2342 1807 2431 1853 νος
2451 1805 2465 1820 ·
2491 1789 2635 1843 καθά
2672 1790 2766 1843 καὶ
2788 1789 2867 1859 τῷ
2897 1791 3121 1846 Μωῡσεῖ
3150 1789 3257 1843 τῶν
3286 1790 3526 1844 Λευῖτῶν
3568 1791 3778 1861 ἄρχοντι
3809 1791 3881 1844 λέο

664 1882 1135 1947 Quemadmodum
1185 1884 1317 1940 Mosi
1356 1901 1575 1956 quoque
1635 1885 1948 1941 Levitarum
1998 1885 2231 1956 principi

2338 1896 2493 1949 γεται
2520 1880 2583 1933 τό
2607 1898 2620 1912 ·
2662 1897 2680 1931 t
2738 1880 2811 1933 Οὐ
2845 1873 2927 1952 ’μὴ
2964 1880 3250 1933 συναναδῶ
3274 1880 3412 1950 μετά
3442 1880 3557 1943 σοῦ,
3584 1880 3673 1933 διὰ
3701 1882 3755 1935 τὸ
3779 1881 3880 1935 λαὸν

662 1974 865 2028 dicitur
898 1993 912 2029 :
957 1994 977 2028 ι
1014 1973 1367 2045 Nequaquam
1413 1977 1705 2033 ascendam
1755 1985 1958 2041 tecum,
1992 1993 2057 2032 co
2088 1978 2230 2047 quod

2338 1969 2817 2042 σκληροτράχηλὸν
2851 1987 2912 2023 σε
2960 1966 3119 2024 εἶναι.
3165 1989 3184 2023 ι
3229 1971 3338 2024 Καὶ
3359 1970 3630 2023 ἀνάπαλιν
3662 1972 3727 2041 τῇ
3768 1972 3878 2043 φυλῇ

662 2067 897 2135 populus
936 2066 1229 2137 praefactus
1250 2070 1481 2124 exsistat
1502 2069 1571 2124 “.
1610 2087 1628 2120 ι
1660 2067 1871 2121 Rursus
1896 2074 2079 2121 autem
2106 2068 2232 2120 huic

2338 2063 2581 2134 προσῆψε
2601 2063 2668 2115 τά
2690 2065 2804 2125 τοῖς
2824 2062 3060 2135 ἡγεμόσι
3078 2062 3367 2133 γενόμενα.
3392 2061 3563 2115 Τοῦτο
3588 2062 3695 2132 γάρ
3725 2065 3881 2133 σαφῶς

661 2174 882 2228 quoque
900 2160 1065 2214 tribui
1095 2159 1297 2215 ducum
1321 2176 1485 2217 casus
1517 2160 1759 2231 impegit,
1789 2159 1892 2213 hoc
1918 2159 2063 2213 enim
2089 2159 2234 2213 clare

2338 2154 2565 2219 ἐξέδωκε
2604 2154 2923 2224 Σύμμαχος,
2956 2152 3131 2207 είπὼν
3153 2171 3168 2186 ·
3204 2156 3507 2219 Τελειότης
3536 2170 3656 2207 σου
3687 2154 3779 2207 καί
3813 2154 3880 2207 δι-

2335 698 2439 768 τῆς
2454 699 2627 770 φυλῆς
2649 700 2942 769 γινομένας
2964 699 3106 753 κατὰ
3125 701 3472 771 ἀποκάλυψιν
3494 704 3585 757 καὶ
3610 704 3844 775 ...ληνρίί
3862 734 3881 761 μη

2340 788 2495 858 ίεράν
2540 788 2834 852 διαπαντὸς
2884 788 3323 859 ἀπονεμηθεῖσαν
3364 792 3524 864 αὐτῇ,
3566 796 3881 866 καιταλιμπει.1

2337 878 2504 951 νούσῃ
2536 878 2598 932 τὸ
2630 879 2787 947 γένος
2842 880 2938 932 καὶ
2981 879 3114 932 Θεὸν
3165 882 3487 953 αἱρουμένη,
3540 886 3633 937 καὶ
3679 887 3870 958 τὴντῶν

2337 969 2520 1039 νόμων
2548 968 2857 1042 ἀκρίϐειαν.
2892 969 2997 1021 Ἦν
3024 969 3310 1038 ἀγνοοῦσιν
3349 970 3460 1024 ἐσθ’
3496 973 3585 1024 ὅτε
3619 977 3725 1036 τοῖς
3747 977 3869 1031 δικα-

2340 1062 2492 1124 σταῖς
2535 1060 2919 1132 παρεδίδοσαν,
2982 1062 3119 1131 πρδς
3159 1060 3255 1124 οὓς
3301 1061 3544 1133 εἴρηται·
3593 1082 3610 1114 ι
3650 1065 3869 1133 «magn;

2340 1153 2548 1223 σφόδρα
2571 1154 2748 1206 ποιεῖν
2772 1152 2915 1206 κατά
2942 1152 3120 1205 πάντα
3139 1153 3232 1206 τὸν
3256 1153 3441 1223 νόμον,
3486 1155 3546 1208 ὃν
3579 1155 3869 1223 ἁναγγείὶωο

2340 1263 2423 1297 σιν
2454 1245 2581 1312 ὑμῖν
2609 1245 2658 1298 οί
2694 1243 2861 1311 ἱερεῖς
2891 1244 2941 1297 οἱ
2964 1242 3209 1300 Λευῖται.
3242 1264 3260 1297 ι
3282 1246 3380 1299 Διά
3414 1246 3469 1298 δὲ
3493 1248 3595 1316 τῆς
3620 1248 3759 1312 θείας
3784 1251 3871 1320 ἱερ-

2336 1335 2564 1406 ουργίας
2592 1376 2608 1403 ,
2668 1336 2764 1388 καὶ
2809 1335 2887 1406 τῷ
2936 1334 3051 1406 λαῷ
3105 1337 3376 1407 τιμωρίαν
3413 1338 3753 1408 ἐπαγομένην
3790 1342 3874 1393 ἀπο

2338 1429 2624 1500 ἔστρεφον.
2656 1429 2747 1482 Διὸ
2774 1430 2891 1493 καὶ,
2935 1447 2953 1479 t
2986 1429 3317 1500 Εὑλόγησον,
3353 1431 3543 1501 simul,
3592 1430 3771 1503 Κύριε,
3798 1432 3874 1501 τὴν

2342 1520 2494 1588 ἰσχὺν
2520 1519 2741 1573 αὐτοῦ.»
2768 1519 2988 1573 Δέονται
3009 1518 3119 1590 γὰρ
3148 1522 3203 1573 αί
3234 1519 3729 1591 θυσίαιδυνάμεως,
3748 1517 3876 1577 δι’ὧν

2340 1609 2435 1662 καὶ
2468 1609 2500 1678 ή
2536 1608 2646 1661 τῶν
2677 1608 2888 1679 ἐχθρῶν
2931 1610 3085 1680 ἰσχὺς
3115 1609 3495 1664 κατεϐάλλετο.
3525 1608 3610 1663 Τὰ
3636 1610 3736 1680 γάρ
3766 1628 3871 1681 συμ-

664 2250 1026 2319 Symmachus
1076 2254 1147 2305 ita
1205 2254 1484 2308 reddendo
1542 2253 1762 2307 innuit:
1818 2251 2081 2321 Perfectio
2117 2260 2230 2316 tua,

662 2356 863 2394 necnon
925 2342 1171 2395 doctrina
1201 2343 1310 2396 viro
1346 2352 1531 2396 sancto
1562 2357 1716 2411 quem
1750 2342 2039 2409 omnigenis
2062 2342 2231 2395 modis

660 2434 975 2497 exploraui.
1031 2432 1285 2487 Probasti
1330 2450 1448 2488 eum
1481 2433 1643 2502 juxta
1694 2448 1859 2501 aquas
1911 2432 2229 2486 rebellionis.

661 2523 779 2577 Non
805 2525 997 2594 puduit
1024 2525 1169 2580 enim
1198 2524 1379 2580 Mosen
1414 2536 1521 2579 tam
1547 2525 1613 2579 de
1632 2540 1691 2579 se
1713 2524 2014 2594 ipso’quam
2040 2524 2104 2578 de
2128 2525 2235 2578 fra-

664 2626 746 2671 tre
780 2616 992 2677 efferre,
1029 2618 1174 2687 quod
1208 2619 1523 2689 exploratus
1568 2616 1640 2673 sit
1680 2632 1843 2686 super
1872 2616 2028 2686 aquis
2058 2618 2234 2671 rebel-

664 2711 851 2771 lionis.
883 2710 1137 2781 quodque
1163 2711 1244 2766 cis
1276 2712 1332 2764 in
1371 2718 1573 2764 terram
1615 2708 2002 2778 promissionis
2024 2708 2234 2780 ingredi

665 2804 735 2857 sit
778 2803 1150 2858 interdictum.
1178 2802 1233 2858 ld
1258 2818 1385 2858 vero
1413 2802 1557 2873 quod
1585 2801 1724 2871 apud
1751 2799 2103 2870 Septuaginta
2126 2809 2232 2865 est,

664 2891 731 2947 de
757 2893 975 2945 Christo
1002 2908 1220 2961 quoque
1252 2892 1460 2945 dictum
1504 2905 1627 2945 esse
1676 2889 1972 2959 cogitetur.
2010 2887 2083 2943 De
2124 2904 2235 2958 quo

666 2981 868 3037 Paulus
892 2983 1071 3051 inquit
1107 3001 1119 3035 :
1156 3002 1174 3034 ι
1208 2981 1394 3035 Talem
1426 2981 1573 3036 enim
1605 2979 1966 3034 conveniebat
1988 2988 2233 3033 nostrum

666 3088 788 3127 esse
812 3071 1127 3128 Pontiﬁcem
1153 3080 1428 3137 sanctum,
1454 3070 1865 3125 immaculatum
1894 3069 1961 3133 ⁸⁵,
1997 3087 2015 3121 ι
2042 3076 2096 3123 et
2118 3084 2237 3139 quae

667 3165 945 3233 deinceps.
983 3164 1049 3220 Et
1101 3165 1295 3220 iterum
1336 3180 1350 3219 :
1410 3183 1428 3218 ι
1464 3164 1822 3221 Considerate
1878 3161 2138 3232 Legatum
2183 3171 2237 3218 et

668 3258 983 3314 Pontificem
1026 3259 1391 3314 confessionis
1453 3266 1655 3313 nostra:
1710 3256 1897 3312 Jesum
1934 3256 2235 3321 Christum,

667 3348 814 3417 quod
856 3348 1030 3403 fidelis
1059 3348 1132 3403 sit
1175 3348 1224 3403 ei
1279 3349 1373 3419 qni
1406 3349 1583 3417 ipsum
1635 3347 1926 3403 constituit
1959 3346 2026 3401 ⁸⁸.
2068 3365 2086 3398 ι
2126 3346 2241 3402 lloc

668 3440 811 3492 enim
865 3440 1190 3509 cognomine
1244 3450 1469 3510 propter
1520 3441 1915 3495 humanitatem
1961 3440 2241 3507 dignatur.

670 3531 775 3599 lpsi
810 3530 995 3599 igitur,
1018 3531 1217 3601 inquit,
1243 3532 1470 3586 tribuite
1524 3532 1827 3587 claritatem
1858 3540 1912 3585 et
1937 3532 2238 3586 veritatem.

669 3626 1014 3695 Quapropter
1052 3625 1202 3680 hunc
1249 3641 1468 3696 quoque
1519 3628 1758 3697 posteris
1824 3627 2035 3680 clarum
2090 3624 2241 3688 fecit,

2334 2246 2490 2316 ὃαχή
2514 2263 2631 2301 σου
2663 2244 2744 2312 τῷ
2771 2245 2945 2315 ἀνδρί
2986 2244 3065 2311 τῷ
3093 2246 3264 2312 ὁσίῳ,
3288 2246 3360 2299 ὃν
3387 2246 3880 2313 ἐπείρασας-ἐνδο-

2336 2340 2603 2408 κιμασίᾳ.
2646 2338 3042 2406 Ἐὅοκίμασας
3079 2340 3267 2393 αὑτὸν
3310 2339 3408 2391 ἐπὶ
3430 2338 3536 2393 τοῦ
3561 2338 3775 2405 ὕδατος
3798 2338 3879 2406 τῆς

2334 2431 2703 2501 ἀντιλογίας.
2741 2432 2857 2485 Οὐκ
2894 2429 3109 2503 ὤκνησε
3154 2432 3264 2503 γὰρ
3308 2432 3472 2495 αὐτὸς
3512 2431 3751 2502 Μωῦσῆς
3781 2433 3880 2501 περὶ

2336 2522 2531 2575 ἑαυτοῦ
2556 2526 2650 2575 καὶ
2680 2522 2773 2577 τοῦ
2806 2523 3036 2591 ἀδελφοῦ
3063 2522 3244 2592 λέγειν
3268 2563 3283 2587 ,
3331 2525 3415 2576 ὅτι
3455 2523 3779 2593 ἐδοκιμάσθη
3810 2525 3879 2576 ἐπὶ

2336 2615 2428 2669 τοῦ
2464 2615 2656 2679 ὓδατος
2688 2615 2790 2685 τῆς
2828 2615 3158 2683 ἀντιλογίας,
3190 2615 3285 2668 καὶ
3325 2616 3791 2687 κατεδικάσθησαν
3823 2616 3880 2685 μὴ

2336 2706 2600 2760 είσελθεῖν
2626 2708 2706 2770 είς
2730 2707 2826 2778 τὴν
2856 2709 2959 2778 γῆν
3002 2709 3102 2779 τῆς
3135 2707 3488 2775 ἐπαγγελίας.
3518 2706 3755 2776 Νοηθείη
3776 2708 3813 2760 δ’
3831 2707 3880 2758 ἂν

2338 2798 2478 2851 κατά
2509 2799 2636 2861 τοὺς
2663 2799 2718 2851 0'
2740 2800 2833 2851 καὶ
2864 2800 2956 2851 ἐπὶ
2985 2797 3223 2869 Χριστοῦ
3248 2800 3310 2852 τὸ
3339 2799 3658 2870 λεγόμενον.
3690 2798 3811 2868 Περὶ
3835 2793 3880 2853 οὗ

2338 2908 2504 2959 φησιν
2545 2894 2572 2944 ὀ
2613 2891 2855 2956 Παῦλος’
2910 2910 2928 2943 ‹
2973 2891 3225 2956 Τοιοῦτος
3261 2893 3366 2963 γὰρ
3392 2892 3637 2964 ἔπρεπεν
3662 2894 3779 2962 ἡμῖν
3806 2892 3881 2961 άρο

2339 2985 2579 3055 χιερεὺς,
2614 2987 2780 3050 ὅσιος,
2814 2986 3047 3049 ἄκακος,
3092 3006 3109 3038 ι
3152 2985 3247 3039 καὶ
3270 2986 3335 3037 τά
3371 2985 3517 3054 ἑξῆς.
3550 2984 3667 3039 Καὶ
3714 2985 3880 3037 πάλιν·

2346 3097 2364 3130 ι
2400 3080 2793 3146 Κατανοήσατε
2834 3078 2926 3131 τὸν
2970 3078 3294 3131 Ἀπδστολον
3346 3080 3441 3131 καὶ
3505 3078 3788 3149 Ἀρχιερὲα
3808 3078 3883 3145 τῆς

2338 3170 2627 3238 ὁμολογίας
2658 3170 2835 3241 ἡμῶν,
2868 3170 3057 3223 πιστὸν
3082 3170 3212 3224 ὄντα
3251 3169 3329 3239 τῷ
3371 3171 3663 3240 ποιήσαντι
3692 3170 3878 3221 αὐτόν.»

2338 3260 2682 3330 Χρηματίζει
2711 3261 2819 3332 γὰρ
2862 3260 3004 3313 οὕτω
3023 3260 3108 3315 διὰ
3134 3260 3193 3314 τί)
3218 3260 3573 3332 ἀνθρώπινον.
3626 3259 3775 3330 Αὖτῷ
3794 3253 3883 3323 οὖν,

2341 3353 2497 3419 φησὶ.
2526 3351 2645 3405 δότε
2696 3352 2796 3422 τὴν
2825 3352 3058 3422 δήλωσιν
3094 3354 3188 3405 καὶ
3221 3352 3320 3421 τὴν
3367 3351 3655 3421 ἀλήθειαν.
3710 3351 3791 3402 Διὸ
3815 3352 3886 3403 καὶ

2336 3441 2526 3495 τοῦτον
2546 3445 2659 3506 τοῖς
2689 3443 2816 3513 ἑξῆς
2860 3445 3189 3514 ὲσαφήνισε.
3233 3463 3250 3494 ι
3282 3442 3372 3514 Τῷ
3411 3443 3564 3513 άνδρλ.
3592 3442 3672 3514 τῷ
3700 3442 3831 3509 ὁσίῳ,
3866 3460 3879 3492 ι

2341 3532 2533 3589 είπὼν.
2563 3534 2637 3586 Οὐ
2672 3534 2781 3605 γὰρ
2806 3535 3059 3602 ἐποίησεν
3092 3534 3390 3604 ἁμαρτίαν,
3418 3534 3492 3598 ὡς
3521 3535 3616 3587 καὶ
3650 3534 3738 3587 τοῦ
3758 3534 3886 3586 Ἀπο-

2343 3625 2535 3681 στόλου
2573 3625 2845 3697 δεδήλωκε
2872 3627 2939 3679 τὰ
2969 3626 3130 3698 ῥητά.
3173 3628 3280 3681 Καὶ
3304 3626 3363 3679 δν
3386 3622 3540 3681 εἶπεν
3564 3626 3749 3695 ἄνδρα,
3782 3623 3886 3675 Θεὸν

576 5562 579 5565 ⁸
688 5586 896 5635 Lxxvtt,
944 5572 1024 5626 18.

668 3730 815 3777 cum,
859 3734 877 3767 ε
920 3714 1048 3769 Viro
1081 3725 1307 3782 sancto,
1348 3736 1366 3769 ι
1400 3716 1572 3784 dixit;
1624 3732 1733 3771 non
1777 3717 1921 3771 enim
1957 3724 2239 3785 peccatum

2340 3717 2745 3783 ἀποδείκνυσιν,
2782 3719 2986 3771 εἰπών·
3038 3738 3056 3770 ι
3104 3719 3190 3779 Ὠς
3233 3718 3601 3789 ἐξεπείρασαν
3655 3716 3882 3775 αὐτὸν.»

669 3809 968 3872 cmmnisit,
1014 3809 1475 3880 quemadmodum
1511 3811 1755 3879 Apostoli
1806 3824 2027 3880 quoque
2057 3808 2239 3862 verbis

2342 3808 2488 3861 καθά
2536 3826 2669 3879 φησι
2722 3810 2819 3863 καὶ
2878 3810 3044 3864 Δαϐὶδ
3121 3812 3258 3881 μετά
3318 3810 3416 3880 τὴν
3474 3811 3739 3882 χορηγίαν
3804 3806 3887 3858 τῶν

670 3897 843 3966 liquet
876 3899 939 3953 ⁸⁷.
968 3900 1034 3955 Et
1061 3900 1233 3954 virum
1256 3899 1323 3954 de
1348 3915 1458 3970 quo
1478 3900 1638 3965 dixit,
1664 3899 1832 3953 Deum
1862 3912 1987 3953 esse
2017 3898 2239 3954 demon-

2348 3897 2558 3951 ὑδάτων
2580 3915 2594 3929 ·
2636 3918 2653 3950 ι
2690 3900 2800 3952 Καὶ
2828 3900 3190 3970 ἐξεπείρασαν
3220 3901 3379 3954 αὑτὸν
3416 3902 3473 3955 ἐν
3498 3904 3564 3971 τῇ
3597 3900 3787 3970 καρδίᾳ
3814 3898 3887 3949 αὑ-

671 3998 833 4057 strat,
897 4007 1021 4046 cum
1092 3992 1315 4063 inquit:
1378 4012 1397 4044 ο
1449 3990 1584 4045 Nam
1646 3999 1931 4046 tentarunt
1984 3990 2185 4060 ipsum.
2222 4008 2239 4041 ι

2341 3990 2472 4054 τῶν,
2500 3992 2596 4045 κα)⁹
2624 3992 3003 4063 κατελάλησαν
3029 3993 3123 4045 τοῦ
3154 3992 3309 4055 Θεοῦ,
3343 4013 3362 4045 ι
3396 3996 3490 4046 καὶ
3514 3993 3586 4045 τὰ
3612 3991 3819 4063 ἑξῆς.“0
3839 3989 3887 4055 δὴ

672 4079 1140 4144 Quemadmodum
1180 4083 1345 4137 David
1372 4099 1593 4153 quoque
1616 4083 1691 4137 ait
1719 4101 1732 4137 :
1790 4102 1808 4135 ε
1862 4081 1992 4139 Post
2016 4081 2239 4137 ductum

2344 4082 2437 4135 καὶ
2466 4083 2664 4152 νοήσας
2697 4085 2957 4147 δΠαῦλος
2992 4085 3160 4156 φησίν
3182 4103 3195 4119 ·
3231 4104 3249 4137 ι
3299 4086 3523 4138 Ἐπινον
3557 4086 3650 4138 καὶ
3672 4087 3731 4137 ὲκ
3753 4099 3887 4135 πνενο

674 4186 939 4239 aquarum
984 4172 1052 4227 ⁸⁸.
1097 4191 1116 4223 ι
1152 4171 1285 4226 Item
1322 4188 1335 4224 :
1378 4191 1397 4223 ι
1445 4171 1750 4227 Tentarunt
1781 4172 1959 4242 ipsum
1995 4172 2049 4225 in
2078 4172 2239 4226 corde

2346 4179 2585 4248 ματικῆς
2643 4180 3048 4253 ἀκολουθούσης
3101 4182 3350 4252 πίτρας’
3392 4184 3425 4250 ἠ
3476 4181 3535 4234 δὲ
3579 4182 3749 4251 πέτρα
3774 4174 3833 4247 ἦν
3868 4178 3888 4228 ὁ

675 4279 798 4329 suo,
831 4272 885 4318 et
920 4262 1032 4318 Deo
1059 4264 1421 4333 ogganierunt
1448 4264 1514 4325 ⁸⁸,
1558 4282 1575 4314 ι
1614 4272 1667 4317 et
1710 4279 1830 4332 quae
1861 4264 2145 4333 deinceps.
2186 4262 2239 4317 lu

2346 4267 2601 4337 Χριστός.
2644 4288 2661 4321 I
2708 4269 2765 4323 Ὀ
2813 4272 2975 4335 αὐτὸς
3008 4273 3115 4343 γὰρ
3160 4274 3267 4343 πρὸ
3307 4274 3506 4343 σαρκός
3549 4290 3610 4325 τε
3648 4273 3738 4325 καὶ
3776 4269 3887 4340 μετὰ

675 4373 836 4427 quam
886 4356 1214 4412 sententiam
1261 4355 1464 4411 Paulus
1508 4370 1728 4426 quoque
1759 4356 1844 4411 his
1884 4356 2066 4410 verbis
2121 4356 2239 4411 ait:

2346 4361 2552 4431 ταύτης
2588 4363 2876 4434 ἐτύγχανε.

680 4468 698 4500 ι
738 4451 1003 4506 Biberunt
1054 4449 1199 4506 enim
1227 4464 1291 4505 ex
1326 4448 1629 4517 spirituali,
1668 4463 1790 4518 quae
1826 4447 1953 4503 illos
2012 4447 2399 4518 comitabatur,
2429 4463 2614 4524 petra;
2654 4465 2805 4524 petra
2844 4469 2971 4509 vero
3002 4454 3262 4509 Christus
3299 4464 3416 4509 erat
3441 4455 3507 4511 ”.
3537 4474 3555 4508 ι
3602 4456 3714 4525 Ipse
3768 4453 3886 4507 enim

674 4556 729 4603 et
763 4557 891 4603 ante
919 4561 1140 4603 carnem
1177 4553 1231 4601 et
1263 4554 1386 4616 post
1414 4561 1532 4601 eam
1564 4544 1686 4603 fuit.

746 4668 924 4735 Atque
954 4666 1058 4719 hoc
1087 4664 1390 4728 declarato,
1424 4663 1607 4717 intulit
1642 4661 1820 4716 Moses
1861 4678 1872 4713 :
1904 4680 1923 4712 ‹
1962 4661 2065 4728 Qui
2099 4663 2239 4731 patri

2436 4663 2715 4732 Ἐπήγαγε
2737 4664 2979 4734 Μωῦσῆς
2998 4706 3012 4729 ,
3054 4684 3072 4716 ‹
3127 4665 3185 4718 ’0
3223 4665 3396 4732 λέγων
3425 4664 3503 4734 τῷ
3543 4664 3706 4734 πατρὶ
3731 4662 3813 4715 καὶ
3834 4662 3884 4728 τῇ

678 4775 801 4822 suo,
835 4769 888 4815 et
920 4760 1077 4813 matri
1102 4774 1214 4815 suae
1240 4757 1375 4811 dicit
1404 4776 1418 4812 :
1454 4754 1569 4811 Non
1594 4754 1700 4809 vidi
1734 4763 1806 4819 te,
1826 4761 1879 4808 ct
1903 4753 2100 4809 fratres
2124 4770 2239 4809 suo:

2358 4756 2549 4825 μητρὶ,
2566 4757 2679 4826 Οὐχ
2711 4756 2936 4825 ὲὼρακά
2957 4772 3039 4822 σε,
3070 4756 3317 4818 καὶτοὺς
3342 4755 3605 4825 ἀδελφοὺς
3632 4753 3784 4809 αὑτοῦ
3807 4754 3886 4805 οὐκ

680 4867 788 4905 non
819 4851 1094 4921 cognovit.
1136 4868 1153 4901 ι
1185 4848 1527 4904 Vaticinatur
1558 4846 1750 4901 eadem
1782 4861 1902 4915 qua:
1926 4845 1981 4898 in
2013 4844 2239 4914 Evange‘

2357 4848 2518 4915 ἐγνω,
2558 4866 2576 4898 ι
2630 4845 2989 4917 προφητεύων
3018 4845 3086 4899 τά
3137 4847 3195 4899 ἐν
3227 4846 3612 4915 Εὐαγγελίοις-
3661 4847 3742 4898 ὅτε
3769 4843 3884 4901 τινὲς

681 4943 769 4998 liis
799 4950 1084 5007 constant;
1110 4956 1234 4995 cum
1259 4942 1404 4995 enim
1428 4939 1823 5010 discipulorum
1847 4937 2067 5006 quidam
2091 4938 2231 4990 dixis

2355 4938 2466 4991 τῶν
2496 4937 2753 5008 μαθητῶν
2784 4937 3029 4999 εἰπόντες
3058 4937 3279 5008 Χριστῷ
3302 4977 3318 5002 ,
3350 4956 3368 4987 ι
3408 4938 3539 4991 Ἰδοὺ
3568 4939 3600 5008 ή
3628 4939 3793 5006 μήτηρ
3812 4949 3884 4982 σον

684 5046 765 5092 sct
805 5036 1024 5091 Christo
1059 5053 1072 5089 :
1118 5055 1136 5090 ι
1182 5036 1320 5090 Ecce
1352 5046 1527 5090 mater
1560 5044 1650 5088 tua
1686 5034 1993 5104 fratresque
2025 5034 2099 5087 tui
2126 5033 2239 5086 fori:

2358 5030 2450 5082 καὶ
2477 5031 2524 5082 οἱ
2554 5029 2770 5098 ἀδελφοί
2802 5046 2894 5081 σου
2920 5030 3216 5099 ἑστήκασιν
3246 5028 3371 5093 ἔξω,
3394 5028 3519 5081 ἰδεῖν
3543 5046 3602 5082 σε
3624 5028 3878 5083 θέλοντες.ι

686 5142 856 5198 stant,
886 5140 1049 5200 teque
1084 5131 1269 5188 videre
1292 5131 1523 5197 cupiunt
1556 5128 1637 5191 ";
1679 5146 1695 5177 ι
1722 5126 2008 5194 respondit
2035 5142 2047 5177 :
2096 5144 2111 5175 ι
2137 5126 2239 5177 Ma-

2362 5120 2597 5192 ἔφησεν·
2644 5139 2664 5172 ‹
2720 5121 2784 5174 Ἡ
2814 5122 2997 5192 μήτηρ
3028 5138 3128 5191 μου
3160 5120 3253 5174 καὶ
3284 5122 3333 5173 οί
3376 5120 3596 5187 ἀδελφοί
3635 5136 3726 5188 μου
3766 5112 3883 5169 οὖτοὶ

684 5237 767 5281 ter
792 5239 909 5279 mea
938 5223 1244 5292 fratresque
1273 5222 1377 5275 mei
1408 5221 1444 5273 ii
1478 5230 1625 5283 sunt,
1649 5219 1738 5288 qui
1771 5218 1997 5273 audiunt
2028 5217 2233 5271 verbun

2360 5211 2500 5263 εἰσιν
2533 5212 2583 5262 οῖ
2613 5210 2900 5274 ἀκούοντες
2952 5211 3041 5264 τὸν
3078 5210 3234 5278 λόγον
3278 5207 3374 5262 τοῦ
3400 5209 3558 5274 Θεοῦ,
3594 5210 3681 5263 καὶ
3706 5205 3881 5260 ποιοῦν-

685 5318 807 5381 Dci,
845 5326 898 5372 et
926 5315 1132 5370 faciunt
1159 5317 1226 5367 9’.
1268 5335 1286 5366 ι

2359 5320 2468 5367 τες.
2506 5322 2523 5353 ι

761 5502 807 5535 ³³
840 5501 997 5555 Deut.
1027 5515 1170 5553 xxiv.
1205 5499 1252 5550 l.
1330 5497 1374 5525 “
1409 5494 1573 5547 Exod.
1606 5508 1795 5552 xum.
1823 5492 1876 5548 5.
1947 5490 1991 5520 ⁸⁸
2026 5487 2185 5543 Hebr.
2220 5505 2239 5539 ν

2338 5528 2347 5544 ,
2384 5487 2473 5541 9.6.
2550 5486 2597 5516 ’"
2627 5484 2793 5539 lloltt‘.
2821 5503 2905 5549 Ill,
2936 5488 2989 5553 l,
3019 5487 3073 5545 2.
3151 5489 3235 5545 ⁸⁷1
3267 5488 3409 5545 Petr.
3445 5502 3505 5553 ll,
3537 5486 3624 5541 29..
3695 5482 3735 5515 ⁸⁸
3759 5478 3877 5535 Psal.

1136 5571 1180 5597 δ’
1209 5567 1338 5620 ibid.
1374 5565 1456 5620 19.
1535 5566 1578 5595 ⁹⁰
1609 5564 1623 5617 l
1650 5564 1777 5617 Cor.
1808 5578 1858 5623 ι,
1892 5561 1945 5615 -I.
2023 5561 2065 5592 ⁹¹
2105 5558 2239 5612 Luc.
2282 5574 2399 5619 vm,
2437 5559 2525 5611 ‘20.
2605 5559 2648 5588 θ’
2683 5556 2814 5612 ibid.
2852 5557 2942 5614 ‘21.

2209 5692 2435 5749 NOTA‘I.

771 5827 879 5893 (2|)
916 5824 1015 5882 "Is.
1048 5826 1102 5876 τὸ
1130 5823 1373 5877 incivth
1400 5823 1532 5883 ἐστι,
1564 5820 1677 5888 βεν.
1730 5816 1866 5869 ὥστε
1919 5815 2095 5884 λέγειν
2139 5811 2351 5887 βουλήν.
