4058 6556
492 378 597 442 987
1825 380 2094 441 PROCOI

2220 378 2467 439 GAZ1EI
3669 372 3797 435 938

561 488 762 558 Joseph
792 489 916 544 item
949 490 1088 544 dixit
1111 505 1130 544 :
1169 489 1456 545 Benedicta
1491 502 1566 546 est
1597 510 1628 546 a
1661 492 1889 548 Domino
1933 505 2073 547 terra
2106 491 2218 561 ejus
2241 533 2254 554 ,
2282 499 2392 546 etc.
2425 487 2698 562 [XXXII],
2729 486 2846 558 15.]
2878 486 3186 542 Obscurius
3224 483 3463 540 reddidit
3513 484 3795 556 Symma-

496 579 636 632 chus
671 597 685 632 :

567 684 855 754 Josepltum
903 682 1180 753 Beujamin
1237 686 1528 754 praeposuit
1557 684 1750 749 Jacob,
1781 687 1906 756 quia
1949 695 2078 740 tem-
2108 694 2152 748 Α

2256 685 2369 740 Τὸν
2412 684 2641 754 Ἰωσὴφ
2700 684 2808 739 τοῦ
2838 683 3126 752 Βενιαμίν
3179 679 3512 749 προέταξεν
3543 681 3789 747 ἰακὼΐ,

497 779 642 848 poris
674 778 862 831 seriem
898 775 1158 831 observat.
1189 777 1370 833 Moses
1400 793 1531 832 vero
1578 779 1908 848 postposuit,
1965 794 2076 847 quo

2191 775 2281 830 τοῦ
2313 777 2540 847 χρόνου
2592 772 2919 844 φυλάττων
2955 773 3074 841 τὴν
3123 772 3320 836 τάξιν.
3356 772 3414 825 Ὀ
3436 772 3493 823 δὲ
3523 768 3793 839 Μωῡσῆς

499 871 678 923 locum
711 877 766 921 et
795 881 962 937 regno
989 876 1044 920 et
1087 869 1402 923 sacerdOtio
1458 870 1861 924 accommodet.
1895 869 1958 922 Et
1988 870 2077 924 ille

2187 868 2490 938 μετέταξεν,
2527 869 2617 921 ἵνα
2643 867 2862 940 συνάψῃ
2893 869 2959 936 τῇ
2992 865 3246 936 βασιλεία
3269 865 3365 918 καὶ
3391 867 3455 935 τῇ
3490 863 3789 931 ἱερωσύνῃ

495 958 716 1028 quidem
749 957 983 1011 insidias
1008 954 1248 1027 Josepbo
1272 966 1538 1020 structas,
1561 967 1614 1013 et
1635 958 1882 1012 divinum
1917 960 2076 1013 auxi-

2187 959 2264 1012 τδν
2309 959 2495 1013 τόπον.
2532 961 2647 1012 Καὶ
2674 960 2703 1013 6
2733 959 2833 1029 μὲν
2859 957 3138 1030 προΰταξε
3177 958 3280 1028 τὴν
3329 957 3630 1026 ἐπιϐουλὴν
3680 956 3789 1025 τὴν

496 1051 628 1105 lium
646 1048 931 1119 prmmisit.
958 1048 1169 1115 Quibus
1186 1049 1404 1104 demum
1435 1049 1715 1121 subjungit
1742 1051 2077 1106 benedictio—

2180 1051 2315 1107 κατὰ
2341 1051 2434 1105 τοῦ
2472 1050 2693 1123 Ἰωσὴφ,
2717 1051 2813 1105 καὶ
2839 1051 2937 1121 τήν
2968 1052 3034 1104 ἐκ
3059 1049 3196 1104 Θεοῦ
3236 1049 3511 1120 βοήθειαν,
3546 1050 3652 1102 καὶ
3678 1048 3782 1101 οὒ-

495 1155 641 1201 nem.
701 1149 961 1210 tanquam
1003 1155 1131 1211 erga
1187 1142 1387 1198 fratres
1415 1143 1722 1198 clementiae
1744 1144 2073 1200 mercedem.

2180 1161 2279 1208 τως
2305 1142 2620 1213 ἐπάγειτὴν
2640 1143 2917 1210 εὐλογίαν,
2949 1142 3144 1214 μισθὸν
3161 1141 3264 1213 τῆς
3293 1143 3422 1212 περὶ
3451 1145 3578 1204 τοὺς
3606 1139 3782 1194 ἀδελ-

497 1233 601 1289 Hic
628 1249 758 1289 vero
793 1235 1076 1304 praemittit
1100 1234 1564 1300 benedictionem,
1604 1252 1712 1307 qua
1775 1244 1936 1292 terrae
1968 1239 2076 1292 fer-

2176 1237 2309 1304 φούς
2369 1234 2723 1301 ἀνεξικακίας
2756 1252 2771 1266 θ
2800 1237 2828 1288 6
2879 1235 2938 1289 δὲ
2977 1235 3274 1305 προτάττει
3338 1233 3438 1306 τήν
3481 1235 3778 1303 εὐλογίαν.

495 1329 746 1383 tilitatem
799 1329 1154 1391 vaticinatur,
1203 1345 1310 1398 qua
1378 1337 1493 1384 tum
1525 1346 1593 1384 ex
1629 1346 1872 1400 superno
1924 1346 2073 1397 rore,

2186 1327 2285 1398 Γῆν
2312 1325 2492 1380 τοίνυν
2522 1325 2756 1398 εὐφορον
2817 1324 2969 1395 αὐτῷ
3032 1322 3397 1396 προφητεύει.
3453 1325 3543 1378 διά
3568 1342 3629 1377 τε
3660 1325 3788 1376 τῶν

503 1428 619 1474 tum
651 1419 881 1474 infernis
912 1419 1158 1476 fontibus
1177 1437 1242 1475 ex
1268 1421 1454 1476 calore
1483 1423 1641 1486 solis,
1663 1431 1717 1476 et
1750 1423 2077 1479 bumiditate

2184 1419 2387 1474 ἀνωθεν
2436 1418 2666 1491 δρόσων,
2699 1417 2925 1473 καὶτῶν
2959 1418 3210 1471 κάτωθεν
3237 1419 3451 1486 πηγῶν,
3477 1421 3545 1488 τῇ
3569 1435 3634 1469 τε
3673 1415 3786 1468 τοῦ

505 1512 648 1566 lunae
703 1510 887 1580 fruges
937 1513 1279 1575 nutriuntur,
1313 1522 1532 1568 montes
1563 1521 1615 1567 et
1649 1523 1804 1584 prata
1832 1517 2074 1572 fructum

2189 1512 2328 1585 ήλίου
2400 1512 2581 1588 θέρμῃ
2618 1512 2714 1565 καὶ
2742 1514 2809 1582 τῇ
2840 1513 2940 1582 τῆς
2973 1511 3210 1582 σελήνης
3244 1510 3511 1581 ὑγρότητι
3565 1528 3791 1581 τρεφο-

496 1601 708 1663 ferunt,
774 1609 932 1669 prout
984 1599 1093 1655 Deo
1147 1602 1324 1656 visum
1379 1613 1485 1668 est,
1554 1605 1648 1674 qui
1707 1606 1775 1660 ab
1803 1622 1870 1660 eo
1900 1607 2076 1661 forma

2185 1603 2360 1672 μένων
2394 1603 2502 1656 τῶν
2533 1603 2787 1674 καρπῶν,
2821 1603 3041 1657 καὶτῶν
3068 1603 3212 1672 ὀρῶν
3248 1603 3787 1673 καρποφορούντων,

497 1691 745 1760 angelica
773 1690 1037 1759 mollique
1065 1689 1218 1744 visus
1247 1699 1353 1755 est,
1381 1691 1528 1761 quod
1557 1692 1810 1746 venditus
1835 1697 1959 1760 Qnon
1993 1702 2078 1749 est

2189 1694 2275 1747 καὶ
2311 1695 2422 1746 τῶν
2452 1694 2680 1762 πεδίων,
2717 1695 2840 1748 κατ’
2887 1693 3140 1748 εὐδοκίαν
3168 1694 3304 1746 Θεοῦ
3338 1694 3433 1746 τοῦ
3465 1694 3791 1764 θεωρηθέν.

497 1783 672 1848 ultus,
733 1782 865 1851 quin
916 1797 1044 1837 vero
1079 1783 1362 1838 beneflciis
1407 1785 1723 1841 venditores
1779 1786 2075 1842 demeruit.

2184 1803 2268 1849 τος
2291 1788 2349 1840 ἐν
2375 1789 2441 1858 τῇ
2477 1788 2627 1857 βάτῳ
2673 1788 2762 1842 διὰ
2809 1791 2910 1860 τῆς
2968 1787 3272 1858 ἀγγελικῆς
3323 1788 3588 1853 ὀπτασίας
3636 1789 3786 1857 (24),

497 1873 672 1928 Porro
711 1874 854 1928 vires
888 1874 1111 1928 bellicas
1164 1874 1382 1931 futuras
1418 1877 1466 1932 ei
1497 1893 1620 1934 esse
1649 1888 1905 1949 tanquam
1951 1895 2076 1936 cor-

2185 1877 2585 1949 Ξιποδεξάμενος
2611 1879 2725 1951 (‘25)
2760 1881 2862 1950 τὴν
2901 1880 3038 1951 πρὸς
3088 1882 3214 1944 τοὺς
3267 1880 3787 1942 ἐπιϐουλεύσαντας

497 1981 667 2019 nuum
703 1973 850 2031 sunt,
889 1965 1116 2020 indicat.

2185 1969 2562 2037 ἀνεξικακίαν,
2597 1971 2722 2025 καθ’
2752 1973 2822 2041 ἣν
2856 1973 2958 2025 οὐκ
3017 1971 3269 2042 ἠμύνατο
3335 1971 3590 2044 πραθεὶς,
3632 1970 3784 2022 ἀλλὰ

2185 2063 2312 2126 τούς
2341 2064 2410 2117 τὰ
2444 2063 2657 2135 ἐχθρῶν
2692 2065 3011 2137 πράξαντας
3040 2065 3474 2136 περιεποιήσατο
3507 2064 3582 2126 ὡς
3614 2062 3784 2117 ἀδελ-

2114 2171 2157 2228 Β
2188 2157 2346 2226 φούςο
3643 2149 3646 2152 λ

566 2259 669 2327 Qui
705 2261 887 2317 sedem
920 2277 1141 2333 quoque
1169 2263 1459 2318 collocavit
1483 2271 1536 2318 et
1560 2265 1642 2319 cis
1667 2260 1963 2322 Iordanem
1994 2277 2049 2325 et
2080 2279 2234 2330 trans
2263 2293 2412 2342 eum,
2440 2280 2508 2332 ad
2541 2284 2822 2333 extremos
2857 2292 3033 2346 usque
3065 2273 3278 2331 Iudaeae
3305 2275 3462 2330 lines.
3494 2274 3587 2329 Cis
3623 2275 3778 2329 enim

495 2344 753 2436 prraim
805 2355 995 2436 est,iet
1021 2349 1251 2404 dimidia
1273 2351 1451 2405 tribus
1500 2351 1794 2406 Manasse:
1829 2355 1970 2408 ultra
2011 2374 2142 2414 vero
2195 2365 2467 2436 reliquum
2515 2365 2826 2420 dimidium.
2882 2344 3130 2420 Perstitit
3162 2381 3294 2420 vero
3323 2363 3518 2419 ordine
3560 2362 3761 2430 Jacob,

496 2434 592 2525 qui
625 2433 867 2490 Manassi
900 2435 1158 2525 Epitraim
1221 2438 1543 2508 prwposuit.
1597 2439 2084 2511 Quoniamjunior
2119 2433 2334 2508 duobus
2370 2453 2588 2525 populis
2611 2461 2696 2508 est
2749 2453 3030 2522 praelatus.
3075 2451 3361 2522 Tanquam
3420 2467 3555 2507 vero
3613 2463 3775 2507 vates

496 2523 677 2578 Moses
725 2525 1006 2594 prospexit
1031 2523 1199 2598 476
1223 2537 1277 2583 et
1305 2543 1535 2599 regnum
1580 2526 1852 2593 futurum,
1875 2541 1929 2586 et
1960 2533 2144 2591 sedem
2200 2538 2342 2610 ejus,
2368 2523 2576 2596 sortem
2605 2540 2736 2595 item
2767 2538 2995 2612 Josepb,
3026 2549 3082 2597 et
3115 2555 3239 2611 qum
3276 2541 3550 2596 universas
3590 2541 3768 2596 tribui

496 2619 686 2665 essent
707 2619 1002 2665 eventura.

495 2626 686 2668 €856!“
707 2626 908 2667 eventu
920 2626 1002 2665 ra.

567 2703 799 2770 Lwtare,
834 2702 1099 2767 Zabulon,
1124 2703 1179 2756 iu
1210 2717 1492 2773 progressu
1521 2714 1632 2757 tuo.
1701 2703 1840 2777 [18.]
1884 2705 2078 2761 Merito

2246 2716 2646 2788 Εὐφράνθητι,
2665 2721 3007 2788 Ζαϐουλὼν,
3037 2722 3107 2776 ἐν
3132 2721 3207 2790 τῇ
3234 2723 3594 2791 προελεύσει
3627 2734 3766 2777 σου.

493 2793 714 2866 quidem
747 2793 917 2848 laetari
945 2793 1126 2863 jubet,
1149 2809 1214 2847 eo
1241 2793 1388 2864 quod
1420 2803 1474 2849 et
1505 2801 1651 2848 terra
1677 2805 1732 2849 et
1760 2796 1898 2850 mari
1933 2797 2071 2851 frui-

2180 2807 2440 2876 Εἰκότως,
2455 2813 2531 2876 ὡς
2550 2814 2891 2885 καρποῦσθαι
2909 2815 3119 2884 μέλλων
3141 2816 3246 2885 γῆν
3268 2833 3326 2869 τε
3347 2815 3444 2868 καὶ
3466 2814 3763 2868 θάλατταν.

493 2895 655 2940 turus
683 2893 854 2941 esset.
887 2883 964 2940 Eo
991 2883 1137 2940 enim
1163 2885 1334 2940 maris
1365 2886 1659 2954 processit,
1690 2894 1750 2941 ut
1792 2888 1844 2940 in
1883 2897 2077 2958 portus

2177 2898 2358 2970 Μέχρι
2397 2901 2506 2971 γὰρ
2539 2883 2747 2976 ταύτης
2779 2883 3022 2976 προῆλθε
3057 2883 3212 2976 παρί
3241 2907 3528 2974 αἰγιαλοὺς
3567 2907 3771 2960 θαλασο

492 2986 549 3033 et
577 2977 765 3032 littora
796 2978 1029 3031 marium
1055 2976 1358 3047 pertigerit,
1412 2978 1877 3046 quemadmodum
1905 2979 2076 3037 Jacob

2186 2988 2314 3056 σῶν,
2349 2989 2424 3054 ὡς
2471 2991 2665 3046 Ἰακὼϐ
2688 2995 3090 3066 προεφήτευσε.
3123 2993 3312 3050 Ταῦτα
3336 2995 3394 3049 δὲ
3426 2993 3580 3064 αὐτῷ
3609 2994 3767 3047 ἔσται

491 3077 581 3124 est
610 3069 1003 3124 vaticinatus".
1040 3066 1166 3124 Haec
1227 3083 1356 3124 vero
1385 3069 1436 3124 ei
1472 3070 1762 3144 obtingent
1795 3073 1843 3130 si
1909 3073 2076 3129 Deum

1064 3067 1166 3124 hec
1227 3083 1356 3124 vero
1385 3069 1436 3124 ei
1472 3070 1762 3144 obtingent
1795 3073 1843 3130 si
1909 3073 2076 3129 Deum
2185 3076 2500 3152 λατρεύοντι
2529 3081 2666 3154 Θεῷ.

493 3162 746 3219 coluerit.

567 3255 637 3310 Et
688 3254 940 3310 Issachar
995 3255 1053 3308 in
1113 3253 1470 3308 tabernaculis
1515 3256 1642 3311 tuis.
1697 3257 1872 3312 Etiam
1932 3257 2080 3313 hunc

2213 3262 2216 3263 ⁷
2256 3254 2361 3309 Kal
2386 3256 2678 3325 Ἰσσάχαρ
2705 3256 2775 3310 ὲν
2805 3254 2929 3321 τοῖς
2949 3255 3353 3326 σκηνώμασιν
3374 3255 3588 3309 αὐτοῦ.
3651 3255 3695 3306 Κ
3714 3255 3771 3308 αἱ

493 3354 674 3402 macte
696 3361 822 3401 esse
849 3346 1034 3399 animo
1065 3344 1239 3414 jubet.
1262 3343 1368 3410 Qui
1402 3345 1638 3400 mediam
1692 3357 1902 3416 partem
1936 3347 2081 3401 inter

2183 3347 2373 3402 τοῦτον
2397 3349 2792 3420 εὐφραίνεσθαι
2824 3348 3102 3419 βούλεται,
3141 3349 3308 3419 μέσον
3338 3349 3534 3419 ἔχοντα
3566 3348 3768 3419 κλῆρον

495 3438 803 3493 maritimos
836 3436 1086 3492 Zabulon
1119 3446 1173 3492 et
1207 3436 1518 3506 Nepbtalim
1547 3447 1717 3501 tenet,
1745 3452 1958 3502 eorum,
1989 3439 2076 3492 in-

2184 3438 2293 3492 τῶν
2352 3439 2664 3510 παραλίων,
2718 3438 3006 3494 Ζαϐουλὼν
3033 3457 3091 3492 τε
3123 3439 3218 3494 καὶ
3253 3438 3577 3510 Νεφθαλεὶμ
3623 3439 3770 3492 δυτι-

494 3546 682 3600 quam,
715 3530 809 3601 qui
845 3539 1094 3599 respectu
1137 3531 1497 3594 continentis,
1531 3538 1586 3585 et
1617 3528 1847 3600 Josepbi
1880 3531 1949 3585 ad
1983 3547 2078 3586 or-

2181 3529 2436 3599 κωτέρων
2461 3531 2650 3599 ὄντων,
2676 3531 2773 3586 καὶ
2806 3530 2902 3585 τοῦ
2936 3533 3058 3585 κατ’
3083 3532 3317 3602 ἤπειρον
3343 3529 3438 3582 καὶ
3471 3529 3611 3600 πρὸς
3631 3530 3769 3582 ἀναο

495 3633 612 3678 tum
678 3622 1003 3693 vergentis,
1066 3619 1132 3675 ad
1194 3636 1456 3677 occasum
1539 3623 1713 3692 magis
1779 3623 2072 3680 inclinant.

2181 3623 2364 3686 τολαῖς
2432 3623 2655 3695 Ἰωσήφ.
2717 3623 2880 3678 Ὅθεν
2939 3623 3269 3694 ἀμφοτέρων
3326 3622 3614 3684 ἀπέλαυε,
3664 3622 3768 3690 γῆν

494 3715 737 3772 Proinde
778 3716 847 3771 ab
883 3715 1155 3771 ambobus
1219 3721 1470 3770 usuram‘
1504 3713 1658 3782 fecit,
1711 3716 1804 3785 qui
1868 3723 2075 3772 terram

2183 3712 2324 3783 ἔχων
2355 3713 2538 3781 πίονα,
2567 3714 2662 3768 καὶ
2692 3714 2940 3787 γεωργία
2966 3712 3391 3786 προσκείμενος,
3422 3711 3570 3765 καθὰ
3593 3709 3767 3782 προῦ-

493 3808 731 3877 0pimam
763 3814 931 3870 tenet,
967 3812 1022 3861 et
1049 3805 1430 3874 agricolationi
1459 3813 1544 3862 est
1576 3805 1852 3873 addictus,
1886 3823 2078 3879 quem-

1001 3812 1022 3860 t
1049 3805 1430 3874 agricolationi
1459 3813 1544 3862 est
1576 3805 1852 3873 addictus,
1886 3823 2078 3879 quem-
2183 3805 2341 3874 λεγεν
2381 3804 2599 3861 Ἰακώϐ.

495 3899 788 3955 admodum
817 3898 1071 3968 przedixit
1103 3897 1299 3952 Jacob.

567 3989 880 4044 Benedictus
907 3989 996 4059 qui
1027 3988 1220 4042 dilatat
1257 3985 1394 4043 ϐοά.
1431 3985 1570 4060 [20.]
1600 3988 1927 4045 Bellicosam
1962 3989 2080 4046 fore

2253 3981 2673 4052 Εὐλογημένος
2702 3982 3106 4051 ὲμπλατύνων
3139 3981 3290 4036 Γάδ.
3324 3979 3645 4050 Πολεμικὴν
3668 3979 3763 4050 τὴν

496 4080 726 4145 tribum,
752 4080 1051 4149 hostesque
1077 4080 1222 4135 bello
1259 4089 1646 4150 superaturam
1665 4080 1836 4136 Jacob
1860 4096 2079 4151 quoque

2181 4071 2355 4143 φυλὴν
2388 4074 2481 4127 καὶ
2517 4075 2546 4126 6
2587 4071 2783 4129 Ἰακὼϐ
2822 4075 3040 4144 ἐδήλου,
3072 4075 3166 4128 καὶ
3215 4074 3606 4143 κρατήσουσαν
3656 4073 3763 4125 τῶν

496 4174 631 4229 fecit
686 4171 1036 4227 manifestum
1060 4173 1116 4239 ⁶;
1170 4170 1352 4227 Moses
1408 4187 1541 4227 vero
1581 4171 1884 4242 principem
1917 4188 1980 4228 ex
2012 4188 2076 4228 ea

2181 4167 2746 4238 προσπολεμησόντων
2776 4168 2967 4240 αὐτὴν,
2989 4168 3164 4237 λέγων
3182 4184 3196 4199 ο
3225 4167 3352 4232 Γὰδ,
3403 4167 3760 4237 πειρατήριον

495 4263 771 4319 oriturum
816 4260 1091 4330 praedixit.
1120 4261 1198 4333 At
1220 4260 1454 4330 justitize
1493 4259 1789 4330 praefectus
1822 4262 2075 4333 princeps

2178 4261 2530 4334 πειρατεύσει
2559 4263 2724 4315 αὐτόν
2756 4277 2771 4292 ο
2816 4262 2980 4324 αὐτὸς
3007 4261 3065 4314 δὲ
3094 4259 3450 4332 πειρατεύσει
3479 4260 3626 4313 κατὰ
3661 4259 3757 4310 πό-

494 4363 601 4420 est,
633 4354 793 4424 cujus
823 4353 934 4409 dux
964 4354 1083 4424 ipse
1115 4352 1256 4408 Deus
1286 4361 1388 4408 est.

2179 4356 2295 4419 δας.
2330 4355 2390 4408 '0
2422 4353 2480 4408 δὲ
2505 4354 2748 4423 Μωῦσῆς
2775 4354 2872 4407 καὶ
2902 4352 3176 4424 ἄρχοντας
3211 4351 3270 4417 ἐξ
3301 4350 3468 4404 αὐτοῦ
3505 4350 3756 4419 γενέσθαι

495 4449 817 4521 προείρηκε.
873 4445 1239 4517 Δικαιοσύνης
1258 4447 1314 4500 δὲ
1353 4448 1668 4518 προστάτης
1698 4449 1727 4502 6
1755 4448 1964 4519 ἅρχων,
2009 4443 2076 4521 ής
2115 4451 2265 4503 ἐστιν
2295 4447 2540 4520 ἀρχηγὸς
2593 4448 2690 4501 καὶ⁸
2729 4445 3044 4520 προστάτης
3085 4447 3114 4498 6
3157 4444 3310 4508 Θεός.
3347 4443 3440 4496 Διὸ
3509 4447 3606 4496 καὶ
3665 4445 3756 4495 ἐπ-

496 4547 725 4616 ήγαγεν,
751 4544 834 4597 ὅτι
870 4541 1224 4613 δικαιοσύνην
1243 4544 1270 4595 6
1299 4542 1507 4613 Κύριος
1528 4542 1779 4615 ἐποίησε,
1800 4535 1900 4599 ’καὶ
1925 4544 2110 4616 κρίσιν
2154 4545 2294 4616 μετά
2338 4543 2577 4615 Ἰσραήλ.

568 4637 687 4692 Dan
705 4637 912 4692 catulus
936 4637 1123 4701 leonis,
1148 4645 1199 4692 et
1225 4639 1433 4692 exsiliet
1448 4653 1474 4690 e
1487 4637 1688 4692 Busan.
1711 4636 1849 4710 [22.]
1869 4637 2072 4704 Quem-

2251 4637 2362 4691 Καὶ
2383 4636 2463 4702 τῷ
2488 4638 2609 4691 Δὰν
2631 4633 2761 4691 εἷπε
2787 4653 2800 4668 ·
2834 4636 3111 4705 Σκύμνος
3139 4633 3411 4700 λέοντος,
3449 4633 3549 4686 καὶ
3581 4634 3757 4701 ἐκπη-

497 4731 790 4787 admodum
826 4731 880 4785 in
917 4729 1169 4786 Judicum
1229 4730 1371 4786 libro
1426 4729 1712 4798 habemus,
1773 4730 1913 4785 bello
1953 4745 2072 4785 ma-

2179 4731 2428 4798 δήονεται
2456 4731 2525 4784 ἐκ
2563 4730 2673 4785 τοῦ
2697 4729 2928 4784 Βασάν.
2971 4729 3034 4781 Ἦ
3055 4728 3186 4799 περὶ
3209 4727 3318 4781 τῶν
3361 4727 3587 4796 Κριτῶν
3621 4729 3755 4781 ίστο-

495 4824 736 4879 ritimam
809 4823 1086 4891 regionem
1161 4822 1556 4892 comparavit,
1617 4822 1840 4892 quando
1895 4831 1952 4877 et
2014 4838 2072 4878 e-

2182 4825 2272 4895 ρία
2298 4824 2449 4895 δηλοί
2482 4823 2592 4895 (27)
2617 4825 2677 4878 τὸ
2707 4823 2804 4895 τὴν
2826 4823 2933 4878 Δάν
2961 4821 3137 4892 φυλὴν
3170 4823 3257 4876 διὰ
3285 4820 3524 4891 πόλεμον
3551 4838 3753 4890 κτησα-

496 4913 642 4986 phod
678 4921 733 4968 et
765 4914 1020 4983 sculptile
1045 4923 1266 4985 raptum
1286 4929 1352 4970 ex
1413 4912 1578 4968 domo
1629 4911 1811 4968 Mieba
1865 4913 2068 4970 intule-

2181 4913 2352 4984 μένην
2385 4913 2475 4967 τὸν
2503 4914 2774 4985 παράλιον
2831 4915 3034 4985 κλῆρον
3063 4929 3076 4943 ο
3111 4914 3196 4966 ὅτε
3221 4913 3284 4982 δὴ
3343 4912 3438 4964 καὶ
3459 4913 3518 4965 τὸ
3565 4912 3751 4980 Ἐφούδ

495 5015 648 5065 runt.
2100 5007 2272 5080 υκαὶ
2297 5006 2357 5059 τὸ
2387 5006 2624 5077 γλυπτὸν
2677 5006 3090 5077 ἐπεκομίζοντο,
3146 5004 3406 5068 λαϐόντες
3479 5005 3540 5069 ἐξ
3601 5004 3746 5058 οῐκου

2181 5099 2352 5168 Μιχᾶ.

570 5184 878 5256 Neplttalim
904 5185 1146 5240 satietas.
1196 5183 1336 5259 [25.]
1369 5183 1468 5240 llic
1501 5186 1647 5241 enim
1670 5194 1723 5243 et
1753 5189 1991 5245 terrenis
2017 5198 2072 5244 et.

2248 5190 2588 5261 Νεφθαλείμ
2646 5187 2971 5260 πλησμονὴ
3025 5187 3240 5243 δεκτόν
3268 5189 3403 5260 (28).
3442 5189 3554 5243 Καὶ
3597 5185 3741 5241 τοῦτο

579 5344 601 5374 ⁸
659 5340 797 5396 Gen.
859 5341 1121 5408 xux,l3.
1200 5339 1387 5395 “ibid.
1433 5340 1517 5396 l9.

2013 5430 2249 5489 NOTAE.

571 5527 680 5596 (Ἡ)
733 5525 1014 5608 Arsaci»;
1058 5525 1436 5608 εὐαγίελωιῆς⁸
1484 5527 1748 5608 desueta;
1801 5525 2070 5608 ἀποδεξα-
2181 5596 2202 5608 _
2244 5525 2358 5608 (95)
2408 5525 2840 5600 Ἀποδεξαμένῳ,
2868 5530 3117 5603 ὀρθότερ.
3152 5531 3236 5585 ἵνα
3264 5524 3322 5606 ᾖ,
3363 5530 3516 5602 αὐτῷ
3551 5529 3732 5583 ἀποδε-

500 5597 713 5676 μὲνρυς.
763 5597 820 5647 ὐ
854 5596 1096 5676 ῖΑλεξαν.
1126 5596 1387 5676 κώδιούκ
1415 5597 1610 5676 ὀρθῶς.
1640 5598 1736 5676 ala
1765 5598 1862 5666 τῆς
1897 5597 2066 5676 61112-
2177 5596 2412 5676 ξαμένῳ.

498 5666 1105 5750 λικῆςὶόπτασίαςκᾭτι
1143 5667 1375 5750 apalis};
1402 5666 1502 5750 οὐκ
1543 5666 1810 5750 ἠμύνατο,
1844 5667 2068 5750 ’μᾶλλον
2248 5666 2373 5750 (ξεῖ)
2395 5667 2482 5720 Ἐν
2507 5685 2632 5749 κεφ.
2670 5669 2750 5723 18.

497 5736 682 5820 δεξιαὶ
705 5737 830 5799 τοὺς
883 5736 1237 5808 πωλήσαντας
1283 5736 1658 5809 εὐεργέτησεν.
1722 5739 1780 5794 Ὀ
1808 5737 2064 5807 τῆςΑὐγ.
2248 5739 2723 5820 (ξὸλΔεκτῶνλΑιί
2765 5741 2952 5820 εἰρημ.
3005 5743 3182 5798 ἐκδόσ.
3241 5743 3333 5797 καὶ
3380 5745 3407 5796 6
3455 5738 3726 5811 Θεοδὼριτ.

503 5809 632 5861 κώδ.
2179 5811 2317 5863 κατὰ
2340 5811 2434 5878 τὴν
2459 5810 2515 5861 ἐν
2541 5809 2676 5865 Χάλ.
2699 5809 2808 5864 ἕκδ.
