4058 6584
318 402 427 466 989

1240 418 1782 487 COMMENTARII
1833 428 1917 490 IN
1976 430 2679 495 DEUTERONOMIUM.

3501 438 3606 503 990

317 512 423 581 τὴν
454 512 735 582 ἑκατέρων
764 515 1031 589 εὐπορίαν
1088 519 1200 574 ἀπὸ
1226 523 1325 592 τῆς
1350 526 1453 596 γῆς
1502 528 1598 581 καὶ
1630 530 1907 603 θαλάσσης

2017 536 2247 591 marinis
2295 537 2461 592 rebus
2510 539 2775 595 abundat.
2823 539 2897 593 Eo
2928 542 3074 610 quod
3104 542 3261 611 juxta
3323 559 3474 599 mare
3502 548 3604 599 ha-

314 606 610 676 προδηλοῖ·
679 607 768 663 διά
798 610 858 664 τὸ
892 613 1191 679 πρόσοικον
1243 612 1384 671 εἶναι
1434 619 1735 696 θαλάσσης,
1773 626 1909 678 ὑπο-

314 699 536 753 κεῖσθαι
564 700 622 753 δὲ
656 703 808 774 αὐτῷ
865 707 961 760 καὶ
993 706 1094 777 τήν
1148 708 1444 764 Γαλιλαίαν
1489 714 1636 768 κατὰ
1681 718 1774 770 τὸν
1832 720 1912 773 νό-

291 802 409 911 ¹τον
451 789 589 861 (‘29).

394 878 423 911 Α
441 897 553 911 η.-
582 885 589 911 ι

2016 628 2169 683 bitet.
2203 629 2286 683 Ab
2306 639 2495 685 austro
2530 647 2660 687 vero
2696 634 2948 703 suhjacet
2977 636 3026 690 ei
3057 634 3301 691 Galilaea.

382 878 553 936 Asser
580 883 879 939 benedictus
910 887 972 940 ob
1005 887 1219 951 liberos,
1244 896 1351 944 etc.
1375 887 1779 966 [XXXIILBL]
1805 894 2003 964 Utpote
2032 894 2313 947 maritimo
2338 896 2564 952 uberem
2596 906 2924 967 proventum
2958 896 3034 950 illi
3057 895 3302 951 futurum
3323 896 3593 967 przedicit,

310 982 483 1057 quem
513 970 896 1041 impertitnrus
924 975 1304 1046 sitsuperiora
1333 981 1682 1036 tenentibus:
1704 983 1841 1038 adeo
1869 992 1928 1038 ut
1955 983 2177 1052 regibus
2207 984 2535 1041 deliciarum
2566 989 2854 1041 materiam
2879 986 3219 1056 suppeditet.
3247 985 3595 1057 Quapropter

315 1052 587 1114 fratribus
603 1075 823 1130 quoque
844 1064 1200 1132 plausibilem
1238 1064 1361 1121 fore
1397 1068 1496 1121 ait.

390 1153 505 1224 Τὴν
539 1155 855 1227 ἁπαλότητα
885 1160 981 1213 καὶ
1038 1158 1139 1229 τὴν
1167 1160 1278 1214 τῶν
1310 1163 1660 1233 πραγμάτων
1698 1162 1914 1233 τρυφὴν

313 1244 627 1300 ἀπείκασεν
661 1248 863 1319 ἐλαίῳ·
902 1250 1107 1323 σιδήρῳ
1131 1270 1190 1305 τε
1223 1255 1318 1307 καί
1347 1255 1555 1327 χαλκῷ.
1591 1258 1744 1326 φησι,
1779 1256 1915 1325 πρὸς

314 1334 633 1408 ὑπηρεσίαν
671 1341 856 1405 αὑτὸν,
890 1341 964 1406 ὡς
990 1344 1306 1415 ὑποδήματι
1330 1348 1661 1419 χρήσασθαι,
1693 1348 1784 1401 διὰ
1816 1347 1915 1400 θα-

310 1428 524 1495 λάττης
575 1432 992 1504 εἰσαγομένοις,
1052 1438 1400 1509 παραμένειν
1435 1457 1498 1493 τε
1552 1440 1701 1511 αὐτῷ
1750 1440 1912 1510 μέχρι

312 1522 528 1585 παντὸς
552 1524 651 1595 τὴν
685 1526 861 1597 ίσχύν.
894 1528 1016 1599 Χρὴ
1039 1530 1095 1582 δὲ
1121 1531 1347 1593 εἰδέναι,
1378 1533 1456 1596 ὡς
1493 1535 1540 1586 οἱ
1565 1532 1710 1600 ἆγιοι
1739 1532 1915 1587 Πατέ-

317 1634 417 1687 ρες
477 1620 914 1690 προηγουμένως
956 1622 1073 1685 τὰς
1133 1624 1513 1692 πνευματικὰς
1580 1624 1914 1694 παρέχονται

307 1708 549 1781 δωρεάς.
609 1712 730 1764 Τῶν
784 1713 894 1783 γάρ
937 1714 1212 1785 διαφόρων
1248 1718 1306 1769 ὲν
1345 1716 1562 1787 οὐρανῷ
1619 1716 1759 1787 πρὸς
1812 1716 1913 1779 τὰς

311 1801 685 1866 καταστάσεις
731 1805 909 1873 μονῶν
932 1808 979 1859 οἱ
1006 1808 1098 1859 ἐπὶ
1126 1808 1229 1877 γῆς
1271 1808 1383 1861 τῶν
1437 1808 1620 1878 φυλῶν
1648 1810 1909 1878 γεγόνασι
1945 1805 1985 1859 Β

309 1892 534 1963 κλῆροι,
582 1894 680 1966 τὴν
709 1894 822 1948 άνω
852 1896 1149 1967 τυπούσης,
1194 1900 1322 1969 περὶ
1348 1894 1417 1971 ἧς
1446 1901 1663 1971 εἴρηται
1683 1917 1697 1932 ⁸
1745 1919 1763 1952 ι
1787 1902 1906 1956 Μα-

310 1989 503 2055 κάριοι
530 1986 577 2039 οἱ
605 1990 820 2057 πραεῖς,
844 1987 923 2041 ὅτι
944 1990 1101 2042 αὐτοὶ
1124 1991 1599 2062 κληρονομήσουσι
1619 1994 1717 2063 τὴν
1741 1993 1865 2062 γῆν⁸
1881 2012 1900 2045 ι

309 2078 412 2128 καὶ
437 2075 609 2130 ταῦτα
636 2076 850 2141 Παῦλος
872 2078 1068 2149 δηλῶν,
1103 2100 1121 2131 ι
1143 2081 1591 2151 Ἐπλουτίσθητε,
1618 2099 1691 2152 φη
1703 2081 1805 2142 σὶν,
1846 2083 1905 2135 ὲν

308 2169 467 2240 αὐτῷ
484 2171 542 2221 ὲν
570 2170 738 2223 παντὶ
789 2169 934 2241 λόγῳ
992 2174 1085 2224 καὶ
1141 2173 1345 2240 γνώσει
1375 2189 1389 2203 ⁸
1430 2193 1448 2225 ι
1485 2175 1601 2239 καὶ,
1644 2194 1662 2225 ι
1704 2173 1906 2227 Πολλιιι)¹

313 2264 481 2332 μοναὶ
536 2264 691 2334 παρὰ
740 2264 820 2335 τῷ
874 2266 1071 2337 Πατρὶ,
1104 2284 1122 2316 ι
1189 2267 1404 2336 φησὶνό
1437 2266 1675 2338 Χριστός
1704 2283 1719 2299 ⁸
1764 2267 1906 2337 πλὴν

308 2356 408 2407 καὶ
435 2354 506 2409 τά
531 2358 588 2409 ἐν
614 2358 683 2427 γῇ
706 2356 1005 2427 δωροῦνται
1065 2357 1226 2425 καλά,
1266 2358 1783 2430 δημιουργήσαντος
1808 2358 1904 2412 τοῦ

309 2447 477 2503 Θεοῦ.

387 2628 513 2681 Οὐκ
555 2626 728 2680 ἔστιν
786 2625 991 2695 ὥσπερ
1048 2629 1081 2680 ὁ
1132 2628 1278 2695 Θεὸς
1328 2627 1437 2682 τοῦ
1488 2630 1900 2698 ἠγαπημένον.
1980 2666 1983 2669 ι

310 2717 619 2791 [”Υμνησις
661 2717 803 2785 αὕτη
858 2716 995 2771 Θεοῦ
1032 2720 1112 2781 είς
1150 2719 1250 2788 τὴν
1307 2721 1437 2790 παρ’
1474 2718 1641 2772 αὐτοῦ
1668 2720 1904 2791 δύναμιν

307 2810 583 2883 φέρουσα]
615 2810 683 2864 τά
712 2809 1233 2883 προειρημένα
1270 2812 1488 2883 Ἰσραὴλ
1556 2813 1761 2881 ἀγαθά.
1819 2805 1894 2866 Ob

306 2904 411 2957 καὶ
440 2904 656 2973 οἴκησιν
689 2904 780 2955 τὸν
813 2902 1012 2973 αἰθέρα
1043 2902 1213 2969 λέγει,
1254 2902 1342 2955 διὰ
1370 2903 1473 2971 τὴν
1500 2903 1901 2976 καθαρότητα,]

308 2996 571 3066 ὑπεράνω
621 2995 906 3064 δυνάμεων
957 2993 1206 3058 ἁπασῶν,
1271 2993 1338 3057 ἃς
1391 2994 1543 3063 λέγει
1604 2996 1905 3066 βραχίονας

307 3088 567 3150 αίωνίους
620 3087 994 3156 ὑποκειμένας
1055 3086 1197 3157 Θεῷ.
1242 3087 1311 3140 "A
1337 3086 1491 3158 δηλοῖ
1518 3089 1609 3141 τὸν
1656 3088 1901 3161 Ἰσραὴλ,

2096 1172 2167 1219 At
2195 1166 2488 1220 mollitiem
2517 1180 2720 1236 resque
2752 1166 3019 1225 delicatas
3063 1170 3413 1226 adumbravlt
3439 1175 3559 1225 oleo
3586 1188 3599 1224 :

2021 1256 2250 1313 Ferrum
2279 1266 2461 1314 autem
2495 1266 2550 1312 et
2581 1275 2657 1313 aes
2692 1260 3009 1315 calceorum
3054 1261 3231 1317 ollicio
3284 1265 3601 1320 l‘unctnrum

2020 1368 2144 1407 esse
2195 1350 2338 1420 apud
2363 1366 2460 1407 cos
2491 1352 2585 1421 qui
2608 1367 2718 1421 per
2753 1367 2901 1407 mare
2964 1354 3303 1423 important;
3342 1365 3603 1424 perpetuo

2022 1446 2096 1499 illi
2130 1460 2551 1515 permansurum
2583 1459 2705 1499 esse
2734 1445 2920 1499 robur.
2952 1447 3126 1500 Porro
3155 1447 3440 1501 sciendum
3465 1464 3602 1517 quo-

2018 1551 2125 1606 que
2155 1544 2242 1590 est
2277 1534 2555 1604 quomodo
2611 1536 2787 1590 sancti
2850 1534 3048 1592 Patres
3109 1539 3383 1607 praecipue
3441 1540 3599 1593 nobis

2020 1629 2330 1699 Spiritualia
2375 1629 2518 1684 dona
2582 1628 2882 1698 praebeant.
2938 1628 3291 1684 Diversarum
3353 1630 3498 1685 enim
3545 1631 3597 1684 in

2018 1723 2159 1779 coelo
2192 1738 2290 1793 pro
2345 1721 2663 1777 conditione
2719 1722 3001 1776 hominum
3051 1723 3355 1777 stationum
3391 1722 3600 1777 umbrae

2015 1816 2346 1872 exstiterunt
2376 1821 2556 1869 sortes
2586 1812 2833 1867 tribuum
2866 1828 3032 1881 super
3082 1824 3229 1868 terra
3258 1830 3322 1869 ea
3353 1830 3478 1884 quae
3505 1830 3599 1869 su-

2015 1923 2241 1980 pernam
2282 1914 2663 1977 repraesentat,
2734 1907 2802 1960 de
2837 1923 2944 1977 qua
3000 1907 3206 1963 dictum
3240 1918 3361 1963 est:
3401 1925 3420 1959 (
3448 1907 3598 1963 Beati

2014 2003 2176 2057 mites
2208 2000 2467 2072 quoniam
2496 2000 2849 2054 haereditario
2867 2012 3285 2073 consequentur
3307 2002 3556 2055 terram".
3575 2021 3592 2052 ι

2016 2095 2217 2150 Eadem
2269 2093 2476 2147 Paulus
2504 2107 2724 2162 quoque
2755 2092 3070 2163 signiﬁcans
3100 2112 3111 2146 :
3154 2111 3172 2143 ι
3198 2093 3360 2147 Ditati
3383 2093 3518 2148 eSIis
3545 2093 3597 2146 in

2013 2187 2154 2255 ipso,
2184 2185 2386 2254 inquit,
2420 2185 2475 2240 in
2505 2185 2652 2238 omni
2687 2184 2855 2239 verbo
2886 2196 2939 2239 et
2967 2184 3344 2254 cognitione“.
3374 2204 3391 2235 ι
3426 2183 3556 2239 ltem
3582 2204 3595 2238 :

2020 2298 2037 2329 ι
2068 2278 2248 2331 Multae
2307 2277 2626 2331 mansiones
2674 2277 2817 2346 apud
2854 2276 3073 2331 Patrem
3134 2292 3316 2331 meum
3381 2285 3543 2337 sunt,
3574 2295 3592 2328 ι

2014 2369 2191 2439 inquit
2242 2367 2553 2422 Christus”.
2592 2367 2855 2434 Quamvis
2919 2370 3088 2423 etiam
3158 2369 3302 2422 bona
3360 2384 3483 2437 qua:
3542 2369 3597 2422 in

2013 2473 2159 2517 terra
2221 2461 2633 2527 conferuntur,
2685 2462 2754 2515 ab
2810 2462 3007 2531 opilice
3060 2462 3171 2516 Deo
3234 2462 3599 2533 proﬁciscun-

2011 2564 2122 2609 tur.

2086 2647 2209 2701 Non
2232 2656 2309 2702 est
2338 2648 2476 2702 sicut
2505 2646 2639 2701 IJeus
2659 2646 2859 2699 dilecti.
2886 2644 3025 2717 [26.]
3060 2644 3206 2702 Laus
3234 2645 3349 2703 lucc
3370 2645 3459 2701 Dei
3489 2654 3594 2709 est,

2010 2755 2132 2811 quae
2159 2741 2417 2811 praidicta
2444 2740 2666 2795 lsraelis
2693 2739 2759 2793 ad
2792 2739 2972 2810 ipsius
3001 2738 3459 2808 omnipotentiam
3485 2738 3600 2792 colo

2010 2835 2186 2900 limat,
2242 2832 2404 2901 cujus
2452 2832 2852 2887 habitationem
2908 2831 3169 2886 mtherem
3229 2844 3354 2884 esse
3413 2830 3592 2892 dicit,

2011 2933 2234 2994 pr0pter
2258 2938 2624 2993 supernarum
2667 2923 2954 2991 copiarum
2988 2921 3233 2975 omnium
3267 2921 3587 2991 puritatem.

2011 3016 2158 3082 Quas
2185 3024 2386 3070 aeterna
2427 3015 2517 3069 Dei
2553 3015 2775 3069 brachia
2807 3015 2970 3084 eique
2991 3013 3217 3069 subdita
3248 3022 3428 3076 vocat,
3470 3026 3596 3081 quae

2012 3123 2144 3163 sane
2176 3116 2410 3178 arguunt
2444 3107 2701 3161 lsraclem
2727 3122 2837 3160 non
2867 3106 3055 3161 servili
3085 3106 3317 3160 subesse
3364 3104 3597 3174 imperio

306 3178 413 3248 οὑχ
447 3178 552 3231 ὑπὸ
601 3177 1013 3248 ).ειτουργικαῖς
1065 3177 1332 3246 δυνάμεσι
1380 3178 1654 3249 κείμενον,
1706 3180 1902 3253 ὥσπερ

2010 3198 2470 3271 quemadmodum
2521 3199 2642 3253 aliae
2668 3207 2876 3269 gentes,
2917 3214 3103 3253 verum
3145 3198 3195 3253 ei
3249 3198 3343 3268 qui
3375 3197 3467 3266 jus
3500 3213 3597 3252 suo

306 3273 380 3326 τὰ
406 3273 541 3327 ἄλλα
568 3272 719 3341 ἔθνη,
758 3271 896 3342 [ἀλλ’
923 3274 1003 3334 είς
1033 3272 1125 3325 τὸν
1153 3274 1246 3325 ἐπὶ
1267 3272 1489 3327 πάντων
1509 3274 1642 3327 Θεὸν
1669 3277 1903 3346 ἀνήκον-

304 3384 400 3420 τα.
433 3367 611 3437 Ὅπερ
632 3369 698 3436 τῇ
739 3365 1039 3434 Ἐκκλησία
1071 3364 1312 3436 Χριστοῦ
1343 3367 1688 3440 πρόσεστιν.]
1735 3370 1896 3441 Ἀλη-

307 3461 565 3530 θέστερον
591 3460 646 3513 δὲ
682 3461 776 3512 καὶ
803 3459 1138 3528 οἰκειότερον
1167 3460 1310 3514 κατὰ
1342 3462 1403 3513 τό
1430 3476 1441 3489 ⁸
1483 3479 1500 3512 ι
1527 3461 1702 3515 Αὑτὸν
1725 3462 1903 3516 ἔδωκα

306 3553 557 3624 κεφαλὴν
589 3554 731 3623 ὑπὲρ
772 3553 951 3605 πάντα
976 3554 1041 3621 τῇ
1082 3551 1409 3624 Ἐκκλησία.
1443 3554 1543 3617 Ὄς
1566 3556 1714 3608 ἐστιν
1758 3558 1900 3628 ἀρχὴ

306 3648 494 3718 πάσης
521 3648 826 3715 δυνάμεως,
857 3646 952 3700 καὶ
977 3646 1161 3715 πάσης
1183 3645 1383 3717 ἀρχῆς.
1414 3666 1433 3698 ι

2003 3310 2100 3365 per
2131 3308 2323 3348 omnes
2383 3293 2617 3348 obtinet.
2650 3292 2809 3359 Quod
2874 3291 3136 3346 Ecclesite
3167 3291 3377 3346 Christi
3413 3290 3591 3345 adhuc

2001 3386 2200 3441 melius
2223 3385 2480 3456 quadrat,
2502 3386 2657 3456 juxta
2689 3384 2820 3439 illud
2848 3401 2862 3439 :
2896 3404 2913 3435 ι
2942 3383 3246 3439 Constituit
3274 3399 3397 3436 eum
3425 3391 3590 3451 caput

2002 3478 2267 3534 Ecclesia:
2317 3493 2483 3548 super
2524 3477 2728 3541 omnia,
2765 3476 2857 3547 qui
2892 3476 3109 3531 initium
3140 3483 3227 3530 est
3260 3474 3442 3530 cuncti
3468 3475 3556 3542 lim
3578 3502 3592 3514 -

2003 3571 2144 3642 perii
2176 3579 2228 3626 et
2255 3570 2597 3641 potentiae”.
2634 3589 2651 3621 ι

378 3756 602 3812 Habitat
632 3773 747 3810 vero
771 3756 945 3811 Israel
977 3773 1218 3821 securus,
1243 3757 1412 3812 solus.
1452 3758 1590 3831 [28.]
1623 3756 2039 3826 Similia-David
2065 3789 2286 3843 quoque
2310 3774 2447 3828 dicit
2481 3793 2495 3829 :
2532 3792 2549 3824 ι
2574 3771 2747 3841 Ejecit
2777 3777 2903 3823 ante
2925 3783 3020 3822 eos
3048 3773 3239 3835 gentes
3290 3764 3592 3817 admensus

303 3856 394 3902 est
422 3847 505 3902 eis
542 3847 915 3901 haereditatem
957 3845 1109 3910 fune,
1131 3856 1184 3900 et
1214 3846 1459 3903 instituit
1489 3850 1547 3904 in
1581 3856 1821 3910 tentoria
1850 3873 2041 3913 eorum
2068 3861 2247 3917 tribus
2270 3860 2521 3917 Israel”.
2550 3881 2567 3913 ι
2603 3859 2834 3926 Quando
2876 3856 3128 3911 videlicet
3163 3855 3316 3910 solus
3367 3852 3586 3905 habita-

302 3934 411 4001 vit,
437 3950 691 3991 securam
722 3935 1122 3990 habitationem
1152 3934 1364 3989 habuit.

374 4051 681 4115 Μακάριος
717 4047 824 4113 σὺ,
867 4045 1130 4114 Ἰσραήλ.
1192 4046 1289 4112 Τίς
1339 4045 1541 4115 ὅμοιός
1590 4023 1899 4110 σοι”λαύς

302 4140 640 4209 σωζόμενος
693 4140 811 4195 ὑπὸ
847 4140 1072 4208 Κυρίου
1096 4155 1115 4204 ;
1149 4139 1323 4208 Δῆλος
1367 4137 1423 4191 δὲ
1472 4138 1500 4189 6
1543 4137 1898 4207 μακαρισμὸς

302 4234 452 4289 κατὰ
476 4234 538 4286 τὸ
567 4232 843 4303 ἐξαίρετον
876 4231 978 4301 τῆς
1032 4230 1187 4303 παρά
1231 4229 1370 4283 Θεοῦ
1404 4229 1573 4299 τιμῆς
1605 4229 1698 4281 καὶ
1728 4228 1893 4283 δυνά-

305 4345 477 4398 μεως,
510 4326 576 4397 ἦν
608 4321 753 4395 εἶχεν
779 4327 806 4378 6
846 4322 1063 4395 Ἰσραήλ
1118 4323 1262 4377 τότε.
1316 4323 1481 4390 Λέγει
1513 4322 1571 4375 δὲ
1627 4321 1759 4374 αὐτὸ
1803 4322 1897 4374 καὶ

302 4421 435 4491 περὶ
462 4419 571 4472 τῶν
606 4421 664 4471 ὲν
692 4418 838 4477 τέλει
876 4416 1236 4487 προφητεύων
1266 4417 1295 4469 6
1341 4414 1608 4467 Ἀὅϐακοὺ
1620 4432 1658 4484 μ
1681 4427 1695 4441 ⁶
1729 4433 1746 4465 ι
1772 4414 1896 4466 Ἐπὶ

297 4514 432 4576 τοὺς
472 4511 702 4581 ἐχθρούς
736 4528 840 4582 μου
872 4510 983 4581 (50)
1017 4502 1261 4577 ὲπι6ι6ᾅ“
1296 4526 1385 4578 με.
1411 4528 1427 4558 ι
1465 4508 1581 4561 Νῦν
1632 4508 1733 4577 μὲν
1784 4506 1895 4577 γάρ

298 4607 361 4659 τὸ
385 4604 749 4673 ἀγωνιστικὸν
774 4606 889 4667 τοῖς
915 4603 1150 4665 δικαίοις
1174 4601 1369 4673 ὁρίσας
1391 4601 1547 4663 Θεὸς,
1576 4600 1892 4662 ἐπιδιδάξει

2078 4047 2276 4102 Beatus
2334 4058 2409 4113 tu,
2442 4047 2639 4115 Israel,
2700 4050 2815 4118 quis
2854 4052 2932 4104 tui
2982 4050 3220 4105 similis?
3265 4059 3507 4103 servatus
3564 4065 3598 4102 α

2007 4138 2138 4202 Deo,
2170 4148 2276 4194 etc.
2310 4138 2450 4212 [19.]
2483 4140 2543 4195 In
2576 4142 2771 4210 primis
2801 4150 3024 4210 propter
3072 4143 3377 4212 potentiam
3406 4149 3459 4196 et
3497 4142 3596 4193 ho-

2007 4246 2250 4286 norema
2282 4230 2395 4286 Deo
2451 4240 2735 4302 acceptum
2799 4234 2991 4288 beatus
3048 4234 3396 4303 prmdicatur.
3450 4231 3592 4285 Idem

2007 4336 2137 4376 vero
2172 4322 2306 4375 dicit
2333 4322 2401 4378 de
2431 4325 2667 4392 posteris
2698 4324 3006 4380 vaticinans
3042 4325 3301 4379 llahacuc
3327 4344 3340 4378 :
3371 4342 3390 4374 ι
3421 4323 3596 4392 Super

2006 4409 2144 4463 colla
2180 4410 2531 4466 inimicorum
2561 4428 2808 4467 meorum
2836 4416 3117 4469 constitue
3150 4432 3235 4471 me
3256 4417 3322 4471 ¹².
3350 4434 3368 4465 ι
3405 4412 3459 4466 In
3492 4414 3593 4467 hae

2004 4503 2149 4558 enim
2181 4504 2289 4559 vita
2313 4505 2477 4574 justis
2505 4515 2784 4561 certamen
2820 4509 3110 4578 pr0posuit
3139 4508 3301 4571 Deus,
3338 4506 3592 4560 homines

2002 4596 2276 4666 capitibus
2304 4612 2499 4652 eorum
2525 4599 2779 4669 imponit,
2804 4607 2865 4654 ut
2892 4600 2938 4655 si
2966 4600 3209 4671 legitime
3232 4598 3590 4662 certaverint,

299 4696 631 4767 ἀνθρώπους
670 4697 763 4749 ἐπὶ
804 4695 904 4760 τὰς
953 4694 1202 4764 κεφαλάς
1251 4693 1475 4747 αὐτῶν·
1524 4694 1612 4746 ἵνα
1655 4691 1767 4762 (51)
1833 4690 1900 4744 τά

2010 4705 2269 4744 coronam
2305 4691 2601 4760 accipiant.

302 4793 653 4861 προσήκοντα
673 4790 904 4853 δικαίοις
939 4792 1262 4861 πάσχοντες,
1326 4789 1427 4859 τῆς
1455 4787 1512 4841 δὲ
1536 4787 1889 4858 δικαιοσύνης
1931 4786 2007 4858 μὴ
2040 4786 2340 4850 ἐκστάντες
2373 4786 2465 4841 διὰ
2492 4788 2561 4842 τά
2588 4787 2759 4858 πάθη,
2795 4787 3014 4841 δικαίαν
3056 4788 3160 4861 τὴν
3221 4788 3315 4840 ἐπὶ
3381 4786 3591 4839 δικαιο-

301 4886 443 4958 σύνῃ
483 4886 821 4955 κομίσωνται
840 4885 1036 4956 τιμήν.

371 4976 604 5045 Ὅμοιον
628 4976 683 5028 δὲ
709 4976 790 5028 τό·
824 4995 841 5026 ι
869 4977 984 5028 Οὐκ
1007 4974 1154 5029 ἔστιν
1186 4974 1378 5045 ὥσπερ
1410 4976 1438 5028 6
1464 4974 1597 5037 Θεὸς
1623 4974 1720 5027 τοῦ
1751 4975 1895 5043 ἠγα-

297 5067 577 5137 πημένου,
604 5086 621 5117 ι
659 5068 737 5138 τῷ
771 5070 828 5121 ἐν
856 5068 934 5138 τῷ
964 5066 1240 5138 προοιμίῳ
1274 5082 1289 5098 ⁸
1332 5086 1349 5117 ι
1379 5067 1489 5119 Καὶ
1529 5065 1685 5119 ἔσται
1726 5068 1784 5119 ἐν
1817 5064 1897 5134 τῷ

296 5160 647 5230 ἠγαπημένῳ
680 5159 954 5229 βασιλεύς.
984 5178 1003 5209 ι
1036 5160 1147 5212 Καὶ
1185 5159 1262 5222 ὡς
1301 5158 1535 5212 ἐνταῦθα
1559 5173 1571 5187 ⁸
1612 5178 1629 5209 ι
1654 5157 1899 5211 ’Υποκά-

2080 4967 2275 5024 Simile
2324 4981 2456 5021 vero
2509 4965 2615 5020 hoc
2659 4973 2746 5020 est
2782 4984 2795 5019 :
2834 4963 2992 5019 «Non
3022 4973 3106 5020 est
3141 4964 3341 5020 similis
3378 4963 3490 5019 Deo
3512 4962 3595 5017 di-

2002 5059 2206 5122 lectiu
2262 5058 2402 5112 Hinc
2462 5057 2516 5110 in
2582 5056 2922 5127 proverbio:
2961 5075 2979 5107 ί
3016 5056 3079 5112 Et
3132 5057 3238 5111 erit
3282 5056 3335 5109 in
3394 5056 3594 5109 dilecto

2004 5170 2096 5210 rex
2123 5155 2187 5208 ιδ.
2215 5170 2235 5204 ι
2312 5154 2378 5205 Et
2422 5151 2890 5221 quemadmodum
2947 5151 3037 5205 hic
3089 5159 3175 5205 est
3210 5169 3222 5204 :
3262 5169 3279 5202 ι
3309 5149 3423 5203 Sub
3475 5148 3593 5215 ipso

298 5249 481 5303 τωθεν
532 5249 698 5302 αὑτοῦ
757 5249 1045 5321 βραχίονες
1072 5248 1351 5303 αίὼνιοι.»
1404 5248 1592 5312 Οῦτως
1626 5250 1743 5300 ἐκεῖ
1805 5248 1901 5300 καὶ

2010 5246 2216 5301 )rachia
2251 5253 2382 5299 sunt
2404 5255 2608 5299 azterna
2640 5261 2697 5309 ;›
2738 5245 2809 5297 ita
2845 5245 2982 5309 illic,
3012 5254 3065 5300 et
3088 5244 3295 5298 clarius
3333 5242 3581 5310 quidem,

300 5342 665 5412 σαφέστερον,
696 5342 899 5404 πάντες
926 5339 1255 5411 ἡγιασμένοι
1302 5339 1408 5393 ὑπὸ
1432 5338 1531 5403 τὰς
1564 5340 1753 5410 χεῖράς
1775 5357 1893 5404 σου,

369 5501 389 5529 ⁷
428 5498 620 5553 Matth.
653 5514 703 5561 ν,
735 5498 789 5553 5.
870 5499 892 5531 ⁸
918 5499 935 5554 l
963 5499 1092 5553 Cor.
1132 5512 1169 5561 I,
1194 5494 1246 5552 5.
1314 5487 1519 5552 9Joan.
1555 5496 1784 5559 xw,12.
1846 5495 1889 5526 ¹⁰

2010 5495 2123 5550 hes.
2145 5512 2202 5557 ιι,
2234 5494 2326 5547 ‘29..

301 5572 347 5602 ”
387 5570 548 5625 Prov.
570 5586 705 5634 xxii,
751 5569 836 5623 li.

1988 5353 2181 5392 omnes
2210 5335 2389 5390 sancti
2415 5335 2521 5390 sub
2555 5335 2811 5389 manibus
2865 5336 2986 5404 ejus
3031 5344 3184 5399 sunt,
3209 5330 3271 5387 et'
3300 5334 3353 5387 bi
3395 5332 3499 5387 sub
3537 5340 3588 5386 te

2409 5494 2446 5524 ¹¹
2483 5493 2857 5557 l’sal.1.xxvn,
2886 5491 2973 5546 54.
3056 5493 3098 5522 ¹³
3157 5489 3361 5544 μιιιιιιο.
3391 5504 3475 5551 ιιι,
3510 5488 3587 5541 19.

1842 5634 2078 5691 NOTAE.

382 5731 497 5798 (‘29)
525 5732 637 5813 ’Τά
684 5731 837 5813 αὐτά
872 5732 1270 5813 ἄλλωςιπωςκρ
1320 5731 1657 5813 "(acumina
1693 5731 1767 5813 τςί)
1798 5730 1897 5797 τῆς

2067 5728 2180 5795 (50)
2224 5726 2345 5778 Ἐπὶ
2370 5727 2492 5788 τοὺς
2528 5722 2837 5794 τραχήλους
2874 5720 2978 5773 τῶν
3002 5719 3213 5790 ἐχθρῶν
3242 5736 3363 5788 μου.
3402 5716 3457 5765 Ὀ
3486 5718 3583 5783 τῆς

296 5796 725 5874 Αὑγ.κώδ.γκαὶ
756 5805 866 5868 τοῖς
899 5804 1157 5874 ἀνωτέρω
1206 5804 1261 5855 δὲ
1309 5796 1405 5856 τοῦ
1462 5802 1682 5872 Ἀδήλου
1735 5796 1893 5872 ὅμοιοι
1994 5796 2287 5874 Λὺχ--ξείῖέσῇ

301 5891 327 5926 τ
340 5875 369 5925 ﬁt
407 5873 533 5943 παρ’
567 5872 734 5943 αὐτῷ.

2070 5855 2179 5937 (bl)
2222 5868 2309 5930 Ὠς
2346 5865 2409 5920 ἂν
2454 5864 2845 5935 στεφανωθεῖεν
2889 5860 3312 5931 ἀγωνισάμενοι.
3359 5859 3412 5911 '0
3458 5855 3578 5910 αὐτ.
