4058 6612
467 410 566 474 991
1764 405 2113 467 PROCOPII
2147 406 2394 467 GAZzEI
2428 420 2431 423 '
3650 388 3761 454 9‘39.

465 530 617 576 sunt.
649 518 862 588 Quibus
910 519 1093 576 verbis
1121 518 1189 575 ad
1217 517 1495 573 Christum
1552 517 1894 587 praeluditur,
1949 518 2044 587 qui

2159 518 2244 570 καὶ
2265 509 2413 570 οὗτοι
2435 513 2543 567 ὑπὸ
2568 514 2627 566 σέ
2658 514 2783 566 εἱσι.
2815 511 3050 584 Χριστὸς
3077 510 3134 564 δὲ
3157 505 3567 580 πρώηλοῦται,
3597 502 3761 570 βασι-

469 628 562 667 rex
598 621 681 667 est
712 612 897 683 populi
927 608 1387 680 quemadmodum
1411 608 1579 680 477
1618 609 1826 663 dictum
1873 617 1953 664 est
1987 610 2041 663 in

2160 610 2270 671 tein;
2301 607 2379 661 ὢν
2403 604 2500 659 τοῦ
2525 604 2679 670 λαοῦ,
2708 604 2901 672 ὥσπερ
2924 604 3140 673 εἴρηται
3183 599 3335 671 παρὰ
3367 598 3487 669 τὴν
3526 593 3762 660 γένεσιν

470 702 753 757 nativitate
808 700 1117 755 Servatoris
1169 715 1198 754 a
1259 699 1429 770 Magis
1487 700 1581 767 qui
1641 700 1979 754 advenerant
2024 717 2040 755 :

2161 700 2235 754 τοῦ
2260 699 2513 769 Σωτῆρος
2541 697 2647 751 ὑπὸ
2671 696 2778 749 τῶν
2804 695 3068 749 ἐλθόντων
3105 693 3338 760 Μάγων,
3377 712 3394 743 ι
3436 684 3567 741 Ποῦ
3603 686 3763 735 ἔστιν

478 811 498 844 ι
532 793 633 860 Qui
668 802 828 849 natus
864 792 975 847 Rex
1004 800 1091 848 est
1137 790 1453 845 Iudaeorum
1480 790 1548 845 “.
1575 809 1594 842 ι
1628 789 1733 845 Per
1758 790 2043 845 Micbzeam

2161 790 2410 861 ἱτεχθεὶς
2461 787 2717 858 βασιλεὺς
2763 786 2873 839 τῶν
2932 783 3238 847 Ἰουδαίωνς
3269 802 3287 835 ι
3332 782 3451 837 Καὶ
3496 777 3600 831 διὰ
3664 773 3763 825 τοῦ

472 884 602 937 item
660 883 901 937 dicitur:
933 882 1009 937 Ex
1036 890 1089 937 te
1113 882 1250 937 mihi
1306 882 1622 953 egredietur
1650 882 1783 947 dux,
1805 891 1864 936 ut
1890 882 2045 952 prin-

2163 882 2381 953 ﬂtxalou
2412 881 2654 949 λέγεται,
2690 897 2710 929 ‹
2741 879 2836 931 Ἐκ
2862 876 2956 930 σοῦ
2989 893 3079 946 μοι
3104 874 3457 939 ἐξελεύσεται
3494 865 3765 939 ἡγούμε-

473 989 604 1043 ceps
667 974 737 1028 sit
792 972 1096 1029 lsraelis“.
1128 992 1146 1024 ι
1209 972 1439 1029 Constat
1472 977 1617 1028 enim
1667 974 1813 1043 quod
1837 990 1899 1028 ea
1925 988 2047 1042 qua:

2162 972 2347 1039 ροςτοῦ
2382 969 2523 1027 εἶναι
2561 973 2642 1035 εἰς
2683 970 2922 1041 ἄρχοντα
2943 968 3023 1039 τῷ
3062 967 3304 1037 Ἰσραήλ.
3328 986 3347 1018 ι
3386 964 3582 1034 Δῆλον
3626 960 3764 1027 γὰρ,

475 1066 542 1119 de
581 1065 689 1119 Deo
736 1065 903 1119 unico
948 1064 1230 1127 dicuntur,
1294 1064 1471 1118 lucem
1523 1078 1679 1117 suam
1709 1065 1763 1117 in
1798 1063 1937 1118 Filio
1960 1066 2049 1117 lia-

2166 1068 2231 1119 ἱτι
2262 1065 2331 1118 τὰ
2352 1064 2624 1135 λεγόμενα
2674 1064 2804 1134 περὶ
2838 1060 2956 1124 ἑνὸς
2996 1058 3160 1122 Θεοῦ,
3192 1059 3289 1129 τὴν
3312 1059 3369 1111 έν
3396 1057 3513 1126 υἱῷ
3581 1049 3768 1121 φανέ-

474 1156 626 1210 bent.
681 1154 818 1209 Cum
880 1156 935 1210 in
971 1155 1094 1224 ipso
1148 1153 1310 1211 Pater
1358 1161 1639 1224 spectetur
1699 1167 1765 1210 ac
1806 1155 2049 1210 celebre-

2167 1176 2321 1213 MOW
2346 1159 2482 1230 ἔχει,
2513 1160 2608 1213 τοῦ
2635 1156 2851 1229 [ἰατρὸς
2880 1157 2939 1209 ἐν
2967 1153 3118 1225 αὐτῷ
3138 1153 3536 1224 θεωρουμένου
3571 1165 3642 1201 τε
3672 1150 3769 1200 καὶ

476 1255 590 1302 tur.

2148 1251 2530 1322 δοξαζομένου.

546 1338 627 1390 Ab
654 1336 893 1391 Araboth
945 1336 1126 1393 Moab.
1183 1336 1414 1404 Aquilus
1466 1337 1599 1392 illud
1658 1335 1899 1391 Αναὺοιὴ
1943 1336 2054 1390 ἀπὸ

2233 1342 2377 1395 Ἀπὸ
2422 1340 2670 1410 Ἀραὸὼθ
2723 1338 2926 1394 Μωά6’
2973 1336 3241 1399 Ἀκύλας,
3296 1335 3397 1401 τὸ,
3443 1332 3772 1402 Ἆραὸὼθ,

477 1429 695 1498 ὁμαλῶν
726 1429 982 1493 reddidit,
1026 1431 1132 1484 ltoc
1174 1438 1285 1495 est,
1315 1447 1335 1482 ι
1373 1444 1404 1483 a
1448 1429 1697 1500 planitie.
1736 1447 1755 1479 ι
1792 1427 1859 1481 Et
1885 1439 2055 1483 osten-

2171 1431 2318 1487 τάπὸ
2343 1432 2586 1501 ὁμαλῶν
2614 1450 2632 1483 ι
2667 1430 2948 1496 ἐξέδωκεν,
2970 1428 2997 1483 ὅ
3014 1430 3181 1492 ἐστιν,
3212 1426 3320 1479 ἀπὸ
3333 1427 3432 1494 τῆς
3456 1420 3773 1479 πεδιάδος.

480 1518 560 1571 dit
581 1520 629 1572 ei
652 1518 908 1574 Dominus
935 1527 1183 1573 cunctam
1205 1529 1406 1574 terram
1431 1517 1666 1573 Gataad.
1688 1517 1955 1590 [xxxm
1977 1517 2054 1590 l.]

2172 1520 2263 1576 Kal
2281 1519 2513 1584 ἔδειξεν
2539 1520 2699 1583 αὐτῷ
2716 1520 2931 1585 Κύριος
2954 1515 3162 1571 πᾶσαν
3180 1515 3295 1581 τὴν
3318 1512 3436 1583 γῆν
3457 1510 3774 1568 ramus.

483 1607 628 1664 Bene
687 1610 842 1677 illud,
876 1609 1157 1678 Dominus,
1217 1620 1303 1667 est
1359 1610 1716 1679 adjunctum;
1773 1612 2055 1679 corporeis

2177 1610 2354 1674 ίαλῶς
2392 1612 2472 1677 τὸ,
2503 1612 2739 1678 Κύριος,
2794 1609 3183 1679 προτέτακται.
3247 1607 3613 1676 Σωματικοῖς
3654 1604 3779 1671 γὰρ

482 1700 632 1754 enim
693 1698 874 1754 oculis
927 1698 1145 1769 objecta
1205 1707 1424 1755 tantum
1455 1699 1645 1755 dissita
1680 1699 1846 1755 simul
1872 1700 2057 1756 videre

2177 1702 2455 1773 kpllaluoi;
2487 1702 2557 1756 τὰ
2588 1701 2843 1756 τοσοῦτον
2878 1698 3142 1753 διεστῶτα
3185 1698 3323 1769 ὁμοῦ
3364 1698 3608 1769 βλέπειν
3633 1694 3779 1750 ἁδύ-

486 1804 598 1843 non
626 1790 924 1858 potuisset.

743 1790 924 1845 tisset.
2164 1809 2342 1848 νατον.

559 1878 628 1932 Et
666 1880 894 1934 ostendit
928 1880 1024 1935 tibi
1049 1889 1099 1936 et
1120 1881 1287 1936 oculis
1321 1883 1451 1943 tuis,
1476 1882 1609 1937 illuc
1641 1898 1760 1939 vero
1790 1899 1895 1937 non
1936 1899 2058 1955 per-
2089 1860 2133 1917 Β

2230 1887 2253 1911 ⁹
2277 1885 2452 1956 Ὅπερ
2477 1879 2634 1938 εἶπεν
2672 1882 2949 1956 Ἑϐραίοις
2982 1885 3316 1939 ἐπιστέλλων
3345 1885 3374 1939 ὁ
3401 1883 3551 1945 θεῖος
3588 1880 3780 1935 Ἀπό-

486 1972 677 2025 venies.
709 1971 815 2045 [4.]
846 1973 1000 2039 Quod
1034 1982 1088 2029 et
1118 1974 1324 2029 Paulus
1344 1976 1409 2027 ad
1433 1974 1692 2031 Hebraeos
1733 1976 1870 2031 citat
1904 1993 1917 2031 :
1948 1994 1967 2027 ι
1999 1975 2056 2030 ln

2175 1976 2313 2040 τολος
2340 1993 2356 2009 ·
2396 1994 2415 2029 ι
2449 1976 2608 2032 Κατὰ
2635 1978 2819 2031 πίστιν
2867 1978 3138 2032 ἀπέθανον
3194 1972 3342 2032 οὗτοι
3395 1977 3637 2040 πάντες,
3693 1973 3777 2043 μὴ

489 2062 594 2117 ﬁde
609 2064 864 2119 obierunt
880 2066 933 2120 hi
952 2080 1163 2129 omnes,
1186 2066 1692 2137 promissionesque
1704 2082 1813 2122 non
1831 2081 2061 2138 accepe-

2176 2067 2526 2139 κομισάμενοι
2542 2068 2640 2131 τὰς
2671 2068 3027 2137 ἐπαγγελίας,
3057 2088 3076 2121 ι
3108 2069 3245 2124 ἀλλὰ
3266 2067 3555 2139 πόρρωθεν
3574 2065 3778 2127 αὐτὰς

489 2162 641 2221 runt,
654 2170 871 2210 iverum
893 2156 1113 2213 eminus
1124 2158 1407 2221 viderunt,
1423 2172 1487 2212 ac
1498 2158 1712 2229 valerej
1722 2161 2007 2227 asserunt,I
2017 2159 2059 2213 ⁸.

2174 2158 2390 2223 ἰδόντες,
2423 2159 2519 2212 καὶ
2566 2158 2972 2230 ἀσπασάμενοι.
3028 2159 3228 2231 (Ὅπερ
3288 2158 3383 2211 καὶ
3408 2159 3436 2210 ὁ
3472 2155 3776 2225 μακάριος

2168 2249 2407 2309 πέπονθε
2441 2251 2733 2320 Μωῦσῆς.)

566 2333 633 2387 Et
666 2343 904 2389 mortuus
925 2342 1003 2388 est
1037 2332 1215 2390 Moses
1249 2333 1343 2388 Dei
1363 2333 1617 2405 famulus.
1641 2332 1747 2405 [5.]
1773 2332 1852 2390 Ne
1882 2336 2011 2406 quis
2046 2340 2457 2396 conviciaretur
2485 2350 2743 2398 sanctum
2776 2343 2954 2397 virum
2978 2342 3137 2412 quasi
3164 2342 3433 2397 servitute
3466 2340 3565 2395 Dei
3597 2339 3774 2395 exci-

493 2421 693 2483 disset,
718 2438 784 2477 eo
811 2422 960 2492 quod
1006 2437 1117 2476 non
1148 2423 1435 2492 ingressus
1458 2430 1542 2478 est
1566 2423 1620 2476 in
1652 2431 1884 2488 terram,
1913 2438 2079 2492 quam
2102 2441 2287 2482 versus
2317 2426 2573 2483 lsraelem
2607 2427 2870 2484 ducebat.

571 2510 640 2565 Et
667 2511 980 2579 sepelierunt
1004 2528 1123 2566 eum
1146 2528 1306 2580 prope
1331 2512 1545 2567 domum
1568 2512 1801 2580 Phogor.
1827 2510 1930 2584 [6.]
1952 2513 2073 2578 Quo

2242 2518 2354 2572 Καὶ
2379 2518 2618 2587 ἔθαψαν
2637 2520 2828 2574 αὐτὸν
2873 2520 3052 2590 ἐγγὺς
3105 2519 3277 2574 οἴκου
3314 2518 3515 2587 Φογώρ
3535 2534 3548 2547 ’
3579 2517 3668 2579 ὡς
3697 2515 3770 2570 ἂν

496 2619 624 2658 cum
666 2618 838 2672 prope
866 2611 1037 2668 esset,
1074 2605 1439 2673 imposturam
1480 2603 1747 2658 daemonis
1798 2603 2071 2659 dissolve-

2175 2607 2411 2677 ὲγγίζων
2459 2609 2741 2681 καταλύσῃ
2793 2610 2895 2679 τὴν
2937 2611 3031 2664 τοῦ
3081 2612 3333 2681 δαίμονος
3372 2609 3602 2677 πλάνην.
3646 2608 3770 2660 Καὶ

500 2702 607 2748 ret.
664 2695 819 2759 Item,
880 2702 942 2748 ut
1000 2693 1221 2750 lsraelis
1249 2695 1452 2750 accola:
1496 2695 1867 2765 legislatorem
1900 2696 2072 2768 inspi-

2176 2698 2226 2750 οἱ
2257 2696 2677 2767 προσοικοῦντες
2737 2698 2794 2752 δὲ
2846 2698 2943 2752 τοῦ
2989 2699 3207 2769 Ἰσραὴλ
3232 2700 3314 2761 εἰς
3333 2697 3423 2751 τὸν
3449 2697 3765 2767 νομοθέτην

500 2784 699 2839 ciendo
720 2784 785 2839 ad
817 2785 1071 2856 pietatem
1113 2786 1541 2842 instruercntur.
1628 2778 1631 2779 ν

2178 2788 2437 2860 ὁρῶντες,
2466 2789 2906 2854 ἀπεσκευάζοντο
2936 2790 3036 2860 τὴν
3075 2790 3354 2844 ἀσέϐειαν.

574 2875 687 2932 Nec
706 2878 836 2932 vidit
860 2880 1138 2949 quisquam
1170 2879 1469 2948 sepulcrum
1502 2879 1617 2950 ejus
1650 2880 1719 2934 ad
1751 2879 1888 2935 hunc
1910 2896 2073 2948 usque

2248 2881 2363 2935 Kal
2385 2883 2499 2936 οὐκ
2518 2878 2681 2937 εἶδεν
2700 2882 2901 2949 οὐδεὶς
2925 2882 3040 2949 τὴν
3058 2881 3261 2951 ταφὴν
3288 2880 3475 2935 αὐτοῦ
3502 2880 3616 2945 ἕως
3644 2877 3764 2945 τῆς

501 2970 660 3023 diem.
699 2969 891 3025 Divina
940 2970 1308 3039 dispositione
1376 2972 1483 3027 hoc
1533 2987 1754 3043 quoque
1822 2971 2074 3027 factum:

2178 2971 2405 3041 ἡμέρας
2422 2973 2664 3040 ταύτης.
2694 2974 3022 3043 Οἰκονομίας
3054 2974 3151 3027 καὶ
3180 2973 3338 3027 τοῦτο
3365 2972 3523 3033 Θεοῦ.
3557 2974 3762 3041 μήπως

502 3077 569 3116 ne
626 3062 767 3117 forte
818 3078 944 3120 eum
1015 3064 1383 3133 suspicientes
1446 3063 1760 3120 adorarent.
1821 3063 1935 3118 lmo
1978 3079 2078 3119 nec

2178 3064 2342 3118 αὑτὸν
2373 3063 2910 3137 ὑπερθαυμάζοντες,
2948 3065 3404 3135 προσκυνήσωσιν
3428 3081 3443 3095 ο
3491 3063 3607 3116 ἀλλ’
3632 3064 3759 3115 οὐδὲ

503 3162 824 3209 sanctorum
881 3171 1032 3211 mors
1058 3158 1124 3210 ab
1158 3157 1479 3214 hominibus
1526 3157 1909 3223 antevertitur,
1955 3172 2078 3227 pre-

2178 3155 2286 3209 τῶν
2313 3156 2486 3223 ἁγίων
2524 3158 2553 3211 ὁ
2593 3155 2825 3219 θάνατος
2864 3158 2977 3219 τοῖς
3012 3154 3321 3226 ἀνθρώποις
3340 3153 3760 3221 καταλαμϐάνε-

504 3246 645 3300 tiosa
684 3247 829 3300 enim
858 3261 1046 3301 coram
1079 3246 1189 3302 Deo
1215 3256 1300 3303 est
1338 3249 1404 3301 ".
1438 3247 1674 3315 Quidam
1696 3265 1825 3304 vero
1853 3247 2079 3303 tradunt

2191 3264 2305 3313 ται,
2329 3247 2512 3315 τίμιος
2568 3248 2646 3303 ὢν
2689 3249 2872 3302 ἔναντι
2906 3247 3135 3318 Κυρίου.
3164 3242 3274 3300 Ἦν
3306 3246 3387 3307 δὲ,
3417 3246 3551 3315 φασί
3590 3260 3754 3305 τινες,

504 3349 535 3388 a
567 3335 769 3405 spiritu
822 3335 992 3393 Mosis
1041 3352 1244 3408 corpus
1295 3346 1728 3395 transmutatum
1789 3354 1933 3393 esse.
1974 3336 2075 3403 Qui

2185 3341 2280 3393 καὶ
2361 3339 2809 3411 μετασκευασθὲν
2855 3340 2917 3393 τὸ
2989 3338 3151 3410 σῶμα
3177 3338 3456 3400 Μωῦσέως
3508 3336 3615 3389 ὑπὸ
3662 3333 3755 3387 τοῦ

504 3427 651 3481 enim
685 3427 789 3483 sibi
816 3431 1065 3484 constitit
1092 3446 1218 3486 cum
1253 3431 1619 3502 quadraginta
1663 3431 1781 3486 dies
1810 3446 1910 3485 nec
1939 3430 2078 3491 edit,

2184 3429 2521 3501 Πνεύματος.
2575 3429 2702 3493 Πῶς
2758 3431 2867 3501 γὰρ
2910 3429 3135 3497 ἀνέστη,
3188 3428 3275 3496 ἐφ’
3340 3424 3554 3496 ἡμέρξς
3604 3429 3654 3493 μ’
3684 3422 3756 3491 μὴ

507 3532 608 3573 nec
635 3518 793 3585 bibit,
821 3536 927 3575 nec
966 3521 1245 3586 dormivit,
1266 3523 1538 3592 siquidem
1563 3524 1727 3577 homo
1753 3519 2078 3590 permansit?

2184 3520 2394 3590 φαγὼν,
2439 3522 2514 3592 μὴ
2577 3520 2740 3587 πιὼν,
2820 3521 2898 3591 μὴ
2956 3515 3513 3588 καθευδήσας,εῐπερ
3548 3514 3758 3582 ἔμεινεν

505 3610 572 3663 Et
603 3611 860 3680 quoniam
907 3613 1227 3683 hujusmodi
1284 3629 1486 3685 corpus
1544 3614 1723 3683 ipsius
1756 3612 1883 3678 l‘uit,
1915 3628 2078 3668 nemo

2183 3611 2495 3683 ἀνθρωπος;
2532 3613 2629 3667 καὶ
2658 3613 2781 3665 ἐπεὶ
2830 3602 3072 3665 τοιοῦτον
3093 3606 3163 3681 ἦν
3184 3609 3349 3665 αὐτοῦ
3370 3608 3433 3661 τὸ
3462 3606 3640 3676 σῶμα,
3672 3606 3760 3657 οὐ·

508 3702 591 3756 vel
616 3704 930 3774 sepulcrum
960 3706 1081 3777 ejus
1102 3707 1382 3779 cognitum
1412 3705 1628 3762 habuit.

1547 3706 1628 3762 tit.
2183 3705 2295 3767 δεὶς
2318 3703 2441 3758 οὐδὲ
2464 3704 2562 3776 τὴν
2590 3704 2757 3759 αὐτοῦ
2782 3704 2959 3774 ταφὴν
2988 3703 3149 3771 ἔγνω.

577 3820 749 3876 Josua
790 3839 907 3878 vero
928 3823 1075 3893 [ilius
1108 3823 1236 3880 Nun
1270 3826 1498 3896 repletus
1560 3833 1639 3880 est
1698 3823 1984 3894 sapientia.
2027 3821 2133 3897 [9.]
2167 3823 2439 3896 Imposuit
2464 3823 2608 3879 enim
2638 3821 2819 3877 Moses
2850 3820 2901 3875 ei
2948 3836 3170 3876 manus.
3201 3816 3469 3888 Legitima
3499 3828 3759 3869 manuum

513 3910 763 3964 extensio
816 3912 1045 3980 spiritus
1074 3914 1400 3983 sapientiam
1448 3912 1686 3980 confert,
1720 3918 1774 3968 et
1807 3911 2010 3967 divinis
2047 3909 2208 3969 donis
2233 3928 2330 3969 eos
2384 3912 2557 3982 replet
2609 3909 2811 3981 quibus
2838 3906 3102 3979 populum
3153 3903 3342 3962 subdit
3377 3902 3546 3969 Deus,
3572 3916 3764 3971 quem-

512 3998 808 4054 admodum
842 4001 1001 4058 testis
1030 4009 1117 4058 est
1147 4002 1340 4059 David.

597 4178 637 4210 ”
660 4178 850 4237 Matth.
906 4198 965 4251 ll,
1023 4184 1079 4239 2.
1159 4186 1202 4219 ¹⁸
1236 4182 1403 4242 Miclt.
1440 4205 1492 4256 v,
1527 4188 1582 4242 2.
1658 4188 1703 4220 “
1740 4185 1906 4243 Hebr.
1938 4200 2015 4252 ιι,
2042 4183 2133 4241 59.

1159 4186 1202 4219 ¹⁸
1236 4182 1403 4242 Miclt.
1440 4205 1492 4256 v,
1527 4188 1582 4242 2.
1658 4188 1703 4220 “
1740 4185 1906 4243 Hebr.
1938 4200 2015 4252 ιι,
2042 4183 2133 4241 59.
2211 4184 2253 4215 ¹²
2279 4181 2422 4237 Psal.
2453 4178 2690 4244 cxv,15.

2565 4362 3756 4401 ᾧ

1140 4562 2251 4699 COMMENTARII
2350 4564 2510 4691 IN
2606 4518 3142 4689 JOSUE.

596 4979 764 5052 478
794 4977 903 5035 Res
933 4979 1114 5050 gravis
1141 4986 1196 5034 et
1226 4977 1537 5049 periculosa
1575 4976 1656 5031 ira
1690 4974 2097 5042 dimdentiaque
2129 4983 2175 5039 ι)

2170 4997 2175 5029 ι
2273 4969 2457 5025 Astva
2488 4969 2627 5041 ὀργὴ
2648 4966 2744 5023 καὶ
2782 4963 3031 5028 ἀπιστία,
3067 4962 3140 5032 μὴ
3170 4958 3557 5057 συγχωροῦντα
3592 4958 3772 5057 τέλους

525 5083 679 5139 Sunt;
701 5071 975 5126 hominem
994 5071 1139 5127 enim
1163 5086 1271 5140 quo
1294 5070 1478 5125 minus
1497 5070 1697 5124 bonum
1723 5076 2097 5137 consequatur

2204 5062 2390 5132 τυχεῖν
2436 5056 2665 5129 ἀγαθοῦ.
2704 5058 2770 5110 Ὃ
2804 5055 2871 5125 δὴ
2932 5051 3028 5106 καὶ
3057 5049 3292 5104 πέπονθε
3342 5049 3586 5114 Μωῦσῆς
3611 5049 3773 5103 τύπος

532 5136 691 5219 ﬁnem
719 5163 1046 5233 impediunt.
1090 5136 1248 5229 Quod
1275 5178 1409 5218 sane
1438 5161 1573 5217 Mosi
1609 5175 1829 5231 quoque
1850 5136 1943 5228 qui
1969 5159 2103 5230 legis

2208 5156 2283 5209 ὣν
2307 5152 2402 5207 τοῦ
2432 5152 2599 5222 νόμου
2628 5167 2643 5181 ·
2668 5148 2729 5211 ὃς
2749 5146 2920 5219 ὀργὴν
2952 5140 3444 5233 κατεργαζόμενος,
3494 5138 3609 5233 καὶ-
3645 5136 3774 5233 πρὸς

534 5255 771 5324 pra'tulil.
797 5226 1029 5326 liguram
1066 5226 1293 5310 accidit.
1328 5253 1461 5308 Nam
1498 5226 1821 5324 ipsa-etiam
1857 5226 1939 5305 lex
1974 5226 2100 5303 cum

2208 5247 2308 5316 τὴν
2342 5244 2527 5297 πίστιν
2554 5240 2881 5304 ἀντίκειται,
2916 5236 3011 5290 καὶ
3040 5235 3175 5306 πρὸς
3202 5234 3299 5294 τὰς
3338 5232 3451 5284 ἄνω
3484 5226 3774 5326 palchen-al

536 5314 673 5399 iram
718 5314 1010 5416 parturiat,
1042 5347 1262 5416 iterque
1317 5344 1387 5399 ad
1425 5314 1587 5399 ﬁdem
1646 5342 2005 5405 intercludat,
2036 5340 2102 5393 ad

2210 5314 2310 5409 τήν
2330 5337 2434 5407 γῆν
2466 5334 2575 5388 τῶν
2598 5331 2822 5404 πραέων
2876 5327 3101 5395 ἀνάγειν
3160 5325 3220 5378 οὐ
3260 5324 3504 5377 δύναται.
3550 5314 3772 5416 [legi-ﬁ;

537 5452 768 5507 superas
825 5440 1010 5505 sedes,
1081 5450 1393 5509 terramque
1440 5445 1855 5492 mansuetorum
1914 5434 2108 5504 nequit

2215 5445 2349 5500 φησι
2376 5427 2471 5480 καὶ
2495 5423 2660 5478 Δαὸίδ
2685 5438 2700 5455 ο
2737 5442 2755 5475 ι
2784 5417 3035 5474 Πιστεύω
3060 5414 3157 5469 τοῦ
3195 5416 3322 5468 ἰδεῖν
3359 5413 3429 5466 τὰ
3468 5412 3650 5481 ἀγαθά
3671 5411 3772 5463 Κυ-

537 5502 833 5587 mlducere.
869 5531 945 5587 De
962 5502 1069 5603 qua
1098 5502 1319 5587 Davidis
1347 5530 1482 5586 illud
1530 5540 1658 5585 est:
1694 5547 1713 5580 ι
1752 5525 1981 5584 Conﬁdo
2005 5502 2111 5580 vme

2222 5523 2337 5592 ρίου
2367 5521 2424 5573 έν
2455 5521 2526 5589 γῇ
2553 5515 2787 5582 ζώντων,
2841 5531 2858 5564 ι
2896 5510 3039 5581 Πρὸς
3066 5509 3101 5562 a
3136 5506 3505 5605 μόν-οςλὸξηγδς
3594 5502 3770 5605 ἀληθι-

536 5632 961 5693 conspecturum
987 5625 1130 5679 bona
1160 5622 1376 5679 Domini
1414 5624 1469 5679 in
1497 5632 1643 5679 terra
1672 5621 1969 5679 viventium
1993 5620 2057 5685 ’⁸,
2088 5637 2106 5668 ι

2220 5614 2306 5679 νὸς
2339 5609 2567 5682 Ἰησοῦς,
2600 5606 2746 5661 ἔνδον
2769 5600 2908 5659 εἶναι
2929 5599 3122 5666 ποιῶν,
3155 5598 3251 5653 καὶ
3290 5596 3463 5661 διδοὺς
3496 5597 3594 5666 τὴν
3620 5596 3770 5649 κατά-

615 5800 660 5835 ¹⁸
684 5801 827 5859 Psal.
856 5820 1007 5871 xxvr,
1038 5805 1123 5860 l5.
