  <div class='ocr_page' id='page_1' title='image "/cluster/home/n/w/nwhite01/storage/ocr_20150623/87:1/hvd.32044020319117/504.png"; bbox 0 0 4058 6534; ppageno 0'>
   <div class='ocr_carea' id='block_1_1' title="bbox 269 373 377 436">
    <p class='ocr_par' dir='ltr' id='par_1_1' title="bbox 269 373 377 436">
     <span class='ocr_line' id='line_1_1' title="bbox 269 373 377 436; baseline 0 0"><span class='ocrx_word' id='word_1_1' title='bbox 269 373 377 436; x_wconf 82' lang='lat'><strong>993</strong></span> 
     </span>
    </p>
   </div>
   <div class='ocr_carea' id='block_1_2' title="bbox 1396 368 2352 434">
    <p class='ocr_par' dir='ltr' id='par_1_2' title="bbox 1396 368 2352 434">
     <span class='ocr_line' id='line_1_2' title="bbox 1396 368 2352 434; baseline -0.002 0"><span class='ocrx_word' id='word_1_2' title='bbox 1396 370 1939 434; x_wconf 76' lang='lat' dir='ltr'><strong>COMMENTARII</strong></span> <span class='ocrx_word' id='word_1_3' title='bbox 1973 370 2056 430; x_wconf 91' lang='lat' dir='ltr'><strong>IN</strong></span> <span class='ocrx_word' id='word_1_4' title='bbox 2096 368 2352 433; x_wconf 83' lang='lat' dir='ltr'><strong>JOSUE.</strong></span> 
     </span>
    </p>
   </div>
   <div class='ocr_carea' id='block_1_3' title="bbox 3430 369 3539 433">
    <p class='ocr_par' dir='ltr' id='par_1_3' title="bbox 3430 369 3539 433">
     <span class='ocr_line' id='line_1_3' title="bbox 3430 369 3539 433; baseline -0.018 0"><span class='ocrx_word' id='word_1_5' title='bbox 3430 369 3539 433; x_wconf 64' lang='grc'><strong>994</strong></span> 
     </span>
    </p>
   </div>
   <div class='ocr_carea' id='block_1_4' title="bbox 267 476 1847 557">
    <p class='ocr_par' dir='ltr' id='par_1_4' title="bbox 267 480 1847 557">
     <span class='ocr_line' id='line_1_4' title="bbox 267 480 1847 557; baseline -0.003 -19"><span class='ocrx_word' id='word_1_6' title='bbox 267 499 495 551; x_wconf 85' lang='grc' dir='ltr'>παυσιν,</span> <span class='ocrx_word' id='word_1_7' title='bbox 547 480 644 536; x_wconf 80' lang='grc' dir='ltr'>τοῦ</span> <span class='ocrx_word' id='word_1_8' title='bbox 691 480 861 554; x_wconf 82' lang='grc' dir='ltr'>νόμον</span> <span class='ocrx_word' id='word_1_9' title='bbox 913 481 1077 555; x_wconf 79' lang='grc' dir='ltr'>μέχρι</span> <span class='ocrx_word' id='word_1_10' title='bbox 1134 483 1296 554; x_wconf 83' lang='grc' dir='ltr'>μόνον</span> <span class='ocrx_word' id='word_1_11' title='bbox 1353 483 1647 557; x_wconf 84' lang='grc' dir='ltr'>προθύρων</span> <span class='ocrx_word' id='word_1_12' title='bbox 1693 482 1847 551; x_wconf 79' lang='grc' dir='ltr'>ἄγειν</span> 
     </span>
    </p>
   </div>
   <div class='ocr_carea' id='block_1_5' title="bbox 1951 476 3533 557">
    <p class='ocr_par' dir='ltr' id='par_1_5' title="bbox 1954 476 3533 550">
     <span class='ocr_line' id='line_1_5' title="bbox 1954 476 3533 550; baseline -0.002 -16"><span class='ocrx_word' id='word_1_13' title='bbox 1954 480 2018 534; x_wconf 88' lang='lat' dir='ltr'><strong>ad</strong></span> <span class='ocrx_word' id='word_1_14' title='bbox 2050 492 2217 547; x_wconf 85' lang='lat' dir='ltr'><strong>quam</strong></span> <span class='ocrx_word' id='word_1_15' title='bbox 2244 479 2398 534; x_wconf 90' lang='lat' dir='ltr'><strong>solus</strong></span> <span class='ocrx_word' id='word_1_16' title='bbox 2429 478 2582 534; x_wconf 93' lang='lat' dir='ltr'><strong>ducit</strong></span> <span class='ocrx_word' id='word_1_17' title='bbox 2604 493 2767 536; x_wconf 89' lang='lat' dir='ltr'><strong>verus</strong></span> <span class='ocrx_word' id='word_1_18' title='bbox 2789 478 2977 545; x_wconf 73' lang='lat' dir='ltr'><strong>Iosue,</strong></span> <span class='ocrx_word' id='word_1_19' title='bbox 3004 478 3097 550; x_wconf 88' lang='lat' dir='ltr'><strong>qui</strong></span> <span class='ocrx_word' id='word_1_20' title='bbox 3135 493 3236 535; x_wconf 90' lang='lat' dir='ltr'><strong>nos</strong></span> <span class='ocrx_word' id='word_1_21' title='bbox 3268 476 3533 543; x_wconf 90' lang='lat' dir='ltr'><strong>instituit,</strong></span> 
     </span>
    </p>
   </div>
   <div class='ocr_carea' id='block_1_6' title="bbox 269 575 576 647">
    <p class='ocr_par' dir='ltr' id='par_1_6' title="bbox 269 575 576 647">
     <span class='ocr_line' id='line_1_6' title="bbox 269 575 576 647; baseline -0.007 -18"><span class='ocrx_word' id='word_1_22' title='bbox 269 575 576 647; x_wconf 74' lang='grc' dir='ltr'><strong>ἰσχύοντος.</strong></span> 
     </span>
    </p>
   </div>
   <div class='ocr_carea' id='block_1_7' title="bbox 336 743 1851 815">
    <p class='ocr_par' dir='ltr' id='par_1_7' title="bbox 336 743 1851 815">
     <span class='ocr_line' id='line_1_7' title="bbox 336 743 1851 815; baseline 0 -13"><span class='ocrx_word' id='word_1_23' title='bbox 336 747 604 815; x_wconf 77' lang='grc' dir='ltr'>Μωϋσῆς</span> <span class='ocrx_word' id='word_1_24' title='bbox 632 748 665 801; x_wconf 83' lang='grc' dir='ltr'><em>ὀ</em></span> <span class='ocrx_word' id='word_1_25' title='bbox 687 746 962 814; x_wconf 78' lang='grc' dir='ltr'><strong>θεράπων</strong></span> <span class='ocrx_word' id='word_1_26' title='bbox 978 763 1099 815; x_wconf 80' lang='grc' dir='ltr'><strong>μου</strong></span> <span class='ocrx_word' id='word_1_27' title='bbox 1135 747 1541 813; x_wconf 75' lang='grc' dir='ltr'><strong>τετελεύτηκε.</strong></span> <span class='ocrx_word' id='word_1_28' title='bbox 1578 746 1707 801; x_wconf 83' lang='grc' dir='ltr'><strong>Νῦν</strong></span> <span class='ocrx_word' id='word_1_29' title='bbox 1736 743 1851 804; x_wconf 81' lang='grc' dir='ltr'><strong>οὖν</strong></span> 
     </span>
    </p>
   </div>
   <div class='ocr_carea' id='block_1_8' title="bbox 254 836 1848 909">
    <p class='ocr_par' dir='ltr' id='par_1_8' title="bbox 254 836 1848 909">
     <span class='ocr_line' id='line_1_8' title="bbox 254 836 1848 909; baseline -0.003 -15"><span class='ocrx_word' id='word_1_30' title='bbox 254 838 534 905; x_wconf 77' lang='grc' dir='ltr'>ἀναστὰς</span> <span class='ocrx_word' id='word_1_31' title='bbox 573 877 589 902; x_wconf 87' lang='grc'>,</span> <span class='ocrx_word' id='word_1_32' title='bbox 634 838 868 905; x_wconf 81' lang='grc' dir='ltr'>διάϐηθι</span> <span class='ocrx_word' id='word_1_33' title='bbox 919 836 1028 890; x_wconf 84' lang='grc' dir='ltr'><strong>τὸν</strong></span> <span class='ocrx_word' id='word_1_34' title='bbox 1071 837 1403 905; x_wconf 80' lang='grc' dir='ltr'><strong>Ἰορδάνην.</strong></span> <span class='ocrx_word' id='word_1_35' title='bbox 1480 837 1848 909; x_wconf 85' lang='grc' dir='ltr'>Τετελεύτηκε</span> 
     </span>
    </p>
   </div>
   <div class='ocr_carea' id='block_1_9' title="bbox 254 928 1845 1002">
    <p class='ocr_par' dir='ltr' id='par_1_9' title="bbox 254 928 1845 1002">
     <span class='ocr_line' id='line_1_9' title="bbox 254 928 1845 1002; baseline -0.001 -18"><span class='ocrx_word' id='word_1_36' title='bbox 254 932 528 1001; x_wconf 80' lang='grc' dir='ltr'>Μωῦσῆς,</span> <span class='ocrx_word' id='word_1_37' title='bbox 560 930 834 985; x_wconf 81' lang='grc' dir='ltr'><strong>ἀπέθανεν</strong></span> <span class='ocrx_word' id='word_1_38' title='bbox 890 930 919 982; x_wconf 87' lang='grc' dir='ltr'><strong>ὁ</strong></span> <span class='ocrx_word' id='word_1_39' title='bbox 963 930 1149 1001; x_wconf 81' lang='grc' dir='ltr'>νόμος,</span> <span class='ocrx_word' id='word_1_40' title='bbox 1185 931 1424 1000; x_wconf 84' lang='grc' dir='ltr'>Μωῦσῆς</span> <span class='ocrx_word' id='word_1_41' title='bbox 1461 928 1845 1002; x_wconf 76' lang='grc' dir='ltr'><strong>χρηματίζων,</strong></span> 
     </span>
    </p>
   </div>
   <div class='ocr_carea' id='block_1_10' title="bbox 254 1020 1842 1093">
    <p class='ocr_par' dir='ltr' id='par_1_10' title="bbox 254 1020 1842 1093">
     <span class='ocr_line' id='line_1_10' title="bbox 254 1020 1842 1093; baseline -0.003 -17"><span class='ocrx_word' id='word_1_42' title='bbox 254 1024 408 1076; x_wconf 78' lang='grc' dir='ltr'>κατὰ</span> <span class='ocrx_word' id='word_1_43' title='bbox 434 1023 499 1076; x_wconf 84' lang='grc' dir='ltr'><strong>τό</strong></span> <span class='ocrx_word' id='word_1_44' title='bbox 533 1039 547 1052; x_wconf 89' lang='grc'><strong>·</strong></span> <span class='ocrx_word' id='word_1_45' title='bbox 586 1041 605 1073; x_wconf 75' lang='grc' dir='ltr'>ι</span> <span class='ocrx_word' id='word_1_46' title='bbox 647 1022 873 1092; x_wconf 88' lang='grc' dir='ltr'>Ἔχουσι</span> <span class='ocrx_word' id='word_1_47' title='bbox 912 1021 1119 1076; x_wconf 85' lang='grc' dir='ltr'>Μωσέα</span> <span class='ocrx_word' id='word_1_48' title='bbox 1170 1020 1264 1074; x_wconf 77' lang='grc' dir='ltr'><strong>καὶ</strong></span> <span class='ocrx_word' id='word_1_49' title='bbox 1316 1022 1443 1083; x_wconf 83' lang='grc' dir='ltr'>τοὺς</span> <span class='ocrx_word' id='word_1_50' title='bbox 1475 1021 1785 1093; x_wconf 82' lang='grc' dir='ltr'>προφήτας.</span> <span class='ocrx_word' id='word_1_51' title='bbox 1824 1039 1842 1072; x_wconf 76' lang='grc' dir='ltr'><strong>ι</strong></span> 
     </span>
    </p>
   </div>
   <div class='ocr_carea' id='block_1_11' title="bbox 251 1112 1849 1184">
    <p class='ocr_par' dir='ltr' id='par_1_11' title="bbox 251 1112 1849 1184">
     <span class='ocr_line' id='line_1_11' title="bbox 251 1112 1849 1184; baseline -0.001 -17"><span class='ocrx_word' id='word_1_52' title='bbox 251 1115 401 1167; x_wconf 78' lang='grc' dir='ltr'>Μεθ’</span> <span class='ocrx_word' id='word_1_53' title='bbox 428 1114 487 1167; x_wconf 79' lang='grc' dir='ltr'><strong>ὃν</strong></span> <span class='ocrx_word' id='word_1_54' title='bbox 520 1115 548 1167; x_wconf 84' lang='grc' dir='ltr'>ὁ</span> <span class='ocrx_word' id='word_1_55' title='bbox 574 1114 667 1167; x_wconf 79' lang='grc' dir='ltr'>τὸν</span> <span class='ocrx_word' id='word_1_56' title='bbox 699 1115 865 1184; x_wconf 79' lang='grc' dir='ltr'>νόμον</span> <span class='ocrx_word' id='word_1_57' title='bbox 902 1113 1011 1167; x_wconf 84' lang='grc' dir='ltr'>τῶν</span> <span class='ocrx_word' id='word_1_58' title='bbox 1028 1112 1260 1167; x_wconf 76' lang='grc' dir='ltr'>ἐντολῶν</span> <span class='ocrx_word' id='word_1_59' title='bbox 1288 1114 1347 1167; x_wconf 86' lang='grc' dir='ltr'><strong>ἐν</strong></span> <span class='ocrx_word' id='word_1_60' title='bbox 1378 1112 1615 1183; x_wconf 84' lang='grc' dir='ltr'><strong>δόγμασι</strong></span> <span class='ocrx_word' id='word_1_61' title='bbox 1638 1130 1849 1183; x_wconf 83' lang='grc' dir='ltr'>καταρ-</span> 
     </span>
    </p>
   </div>
   <div class='ocr_carea' id='block_1_12' title="bbox 251 1204 1849 1278">
    <p class='ocr_par' dir='ltr' id='par_1_12' title="bbox 251 1204 1849 1278">
     <span class='ocr_line' id='line_1_12' title="bbox 251 1204 1849 1278; baseline 0.003 -21"><span class='ocrx_word' id='word_1_62' title='bbox 251 1209 443 1277; x_wconf 76' lang='grc' dir='ltr'>γήσας</span> <span class='ocrx_word' id='word_1_63' title='bbox 492 1204 802 1270; x_wconf 78' lang='grc' dir='ltr'>διασιὸάζει</span> <span class='ocrx_word' id='word_1_64' title='bbox 849 1205 943 1259; x_wconf 77' lang='grc' dir='ltr'>τὸν</span> <span class='ocrx_word' id='word_1_65' title='bbox 1000 1204 1298 1275; x_wconf 82' lang='grc' dir='ltr'><strong>Ἰορδάνην,</strong></span> <span class='ocrx_word' id='word_1_66' title='bbox 1356 1206 1502 1260; x_wconf 85' lang='grc' dir='ltr'>καθά</span> <span class='ocrx_word' id='word_1_67' title='bbox 1547 1223 1679 1277; x_wconf 83' lang='grc' dir='ltr'>φησι</span> <span class='ocrx_word' id='word_1_68' title='bbox 1708 1206 1849 1278; x_wconf 77' lang='grc' dir='ltr'>πρὸς</span> 
     </span>
    </p>
   </div>
   <div class='ocr_carea' id='block_1_13' title="bbox 251 1298 1849 1370">
    <p class='ocr_par' dir='ltr' id='par_1_13' title="bbox 251 1298 1849 1370">
     <span class='ocr_line' id='line_1_13' title="bbox 251 1298 1849 1370; baseline 0.001 -18"><span class='ocrx_word' id='word_1_69' title='bbox 251 1299 612 1369; x_wconf 79' lang='grc' dir='ltr'><strong>Νικόδημον·</strong></span> <span class='ocrx_word' id='word_1_70' title='bbox 644 1316 665 1351; x_wconf 80' lang='grc' dir='ltr'>ι</span> <span class='ocrx_word' id='word_1_71' title='bbox 716 1298 841 1351; x_wconf 79' lang='grc' dir='ltr'><strong>Ἐὰν</strong></span> <span class='ocrx_word' id='word_1_72' title='bbox 874 1298 949 1370; x_wconf 83' lang='grc' dir='ltr'><strong>μή</strong></span> <span class='ocrx_word' id='word_1_73' title='bbox 1003 1315 1089 1362; x_wconf 87' lang='grc' dir='ltr'><strong>τις</strong></span> <span class='ocrx_word' id='word_1_74' title='bbox 1135 1298 1478 1369; x_wconf 75' lang='grc' dir='ltr'>ἀναγεννηθῇ</span> <span class='ocrx_word' id='word_1_75' title='bbox 1540 1298 1599 1366; x_wconf 80' lang='grc' dir='ltr'>ἐξ</span> <span class='ocrx_word' id='word_1_76' title='bbox 1656 1298 1849 1365; x_wconf 77' lang='grc' dir='ltr'>ὓδατος</span> 
     </span>
    </p>
   </div>
   <div class='ocr_carea' id='block_1_14' title="bbox 251 1388 1848 1462">
    <p class='ocr_par' dir='ltr' id='par_1_14' title="bbox 251 1388 1848 1462">
     <span class='ocr_line' id='line_1_14' title="bbox 251 1388 1848 1462; baseline -0.001 -18"><span class='ocrx_word' id='word_1_77' title='bbox 251 1392 360 1444; x_wconf 73' lang='grc' dir='ltr'><strong>καὶ</strong></span> <span class='ocrx_word' id='word_1_78' title='bbox 422 1388 755 1460; x_wconf 82' lang='grc' dir='ltr'>πνεύματος,</span> <span class='ocrx_word' id='word_1_79' title='bbox 793 1389 856 1441; x_wconf 91' lang='grc' dir='ltr'><strong>οὐ</strong></span> <span class='ocrx_word' id='word_1_80' title='bbox 925 1389 1001 1460; x_wconf 83' lang='grc' dir='ltr'>μὴ</span> <span class='ocrx_word' id='word_1_81' title='bbox 1056 1388 1279 1462; x_wconf 76' lang='grc' dir='ltr'><strong>εἰσέλθῃ</strong></span> <span class='ocrx_word' id='word_1_82' title='bbox 1330 1390 1411 1451; x_wconf 79' lang='grc' dir='ltr'><strong>είς</strong></span> <span class='ocrx_word' id='word_1_83' title='bbox 1443 1388 1543 1460; x_wconf 76' lang='grc' dir='ltr'>τὴν</span> <span class='ocrx_word' id='word_1_84' title='bbox 1566 1389 1848 1460; x_wconf 79' lang='grc' dir='ltr'>βασιλείαν</span> 
     </span>
    </p>
   </div>
   <div class='ocr_carea' id='block_1_15' title="bbox 247 1474 1847 1554">
    <p class='ocr_par' dir='ltr' id='par_1_15' title="bbox 247 1474 1847 1554">
     <span class='ocr_line' id='line_1_15' title="bbox 247 1474 1847 1554; baseline 0.001 -19"><span class='ocrx_word' id='word_1_85' title='bbox 247 1483 372 1536; x_wconf 83' lang='grc' dir='ltr'>τῶν</span> <span class='ocrx_word' id='word_1_86' title='bbox 406 1482 673 1553; x_wconf 85' lang='grc' dir='ltr'>οὐρανῶν.</span> <span class='ocrx_word' id='word_1_87' title='bbox 706 1500 725 1533; x_wconf 75' lang='grc' dir='ltr'><strong>ι</strong></span> <span class='ocrx_word' id='word_1_88' title='bbox 766 1474 875 1544; x_wconf 85' lang='grc' dir='ltr'>Ἦς</span> <span class='ocrx_word' id='word_1_89' title='bbox 899 1481 1060 1544; x_wconf 83' lang='grc' dir='ltr'>αὐτὸς</span> <span class='ocrx_word' id='word_1_90' title='bbox 1092 1481 1541 1554; x_wconf 76' lang='grc' dir='ltr'>προκατήρξατο,</span> <span class='ocrx_word' id='word_1_91' title='bbox 1563 1483 1627 1537; x_wconf 86' lang='grc' dir='ltr'><strong>οὐ</strong></span> <span class='ocrx_word' id='word_1_92' title='bbox 1653 1482 1847 1554; x_wconf 82' lang='grc' dir='ltr'>δεόμε-</span> 
     </span>
    </p>
   </div>
   <div class='ocr_carea' id='block_1_16' title="bbox 251 1574 1108 1642">
    <p class='ocr_par' dir='ltr' id='par_1_16' title="bbox 251 1574 1108 1642">
     <span class='ocr_line' id='line_1_16' title="bbox 251 1574 1108 1642; baseline 0 -13"><span class='ocrx_word' id='word_1_93' title='bbox 251 1592 378 1640; x_wconf 73' lang='grc' dir='ltr'>νος,</span> <span class='ocrx_word' id='word_1_94' title='bbox 402 1576 517 1629; x_wconf 85' lang='grc' dir='ltr'>ἀλλ’</span> <span class='ocrx_word' id='word_1_95' title='bbox 546 1574 793 1642; x_wconf 76' lang='grc' dir='ltr'><strong>ἁγιάζων</strong></span> <span class='ocrx_word' id='word_1_96' title='bbox 822 1576 891 1628; x_wconf 83' lang='grc' dir='ltr'>τὰ</span> <span class='ocrx_word' id='word_1_97' title='bbox 916 1574 1108 1629; x_wconf 81' lang='grc' dir='ltr'>ὕδατα.</span> 
     </span>
    </p>
   </div>
   <div class='ocr_carea' id='block_1_17' title="bbox 333 1667 1849 1740">
    <p class='ocr_par' dir='ltr' id='par_1_17' title="bbox 333 1667 1849 1740">
     <span class='ocr_line' id='line_1_17' title="bbox 333 1667 1849 1740; baseline 0.001 -17"><span class='ocrx_word' id='word_1_98' title='bbox 333 1669 463 1734; x_wconf 85' lang='grc' dir='ltr'><em>Πᾶς</em></span> <span class='ocrx_word' id='word_1_99' title='bbox 488 1670 521 1723; x_wconf 86' lang='grc' dir='ltr'><em>ὀ</em></span> <span class='ocrx_word' id='word_1_100' title='bbox 547 1669 756 1734; x_wconf 81' lang='grc' dir='ltr'><strong>τόπος,</strong></span> <span class='ocrx_word' id='word_1_101' title='bbox 810 1669 902 1738; x_wconf 66' lang='grc' dir='ltr'><strong>ἐφ’</strong></span> <span class='ocrx_word' id='word_1_102' title='bbox 936 1668 1009 1722; x_wconf 84' lang='grc' dir='ltr'><strong>ὃν</strong></span> <span class='ocrx_word' id='word_1_103' title='bbox 1040 1668 1117 1722; x_wconf 81' lang='grc' dir='ltr'><strong>ἂν</strong></span> <span class='ocrx_word' id='word_1_104' title='bbox 1165 1668 1410 1737; x_wconf 82' lang='grc' dir='ltr'><strong>ἐπιὸἦτε</strong></span> <span class='ocrx_word' id='word_1_105' title='bbox 1448 1667 1528 1735; x_wconf 85' lang='grc' dir='ltr'>τῷ</span> <span class='ocrx_word' id='word_1_106' title='bbox 1556 1669 1711 1740; x_wconf 78' lang='grc' dir='ltr'>ιχνει</span> <span class='ocrx_word' id='word_1_107' title='bbox 1731 1670 1849 1725; x_wconf 76' lang='grc' dir='ltr'>τῶν</span> 
     </span>
    </p>
   </div>
   <div class='ocr_carea' id='block_1_18' title="bbox 248 1760 1847 1835">
    <p class='ocr_par' dir='ltr' id='par_1_18' title="bbox 248 1760 1847 1835">
     <span class='ocr_line' id='line_1_18' title="bbox 248 1760 1847 1835; baseline 0.003 -21"><span class='ocrx_word' id='word_1_108' title='bbox 248 1762 466 1815; x_wconf 74' lang='grc' dir='ltr'><strong>,ποδῶν</strong></span> <span class='ocrx_word' id='word_1_109' title='bbox 495 1760 680 1831; x_wconf 81' lang='grc' dir='ltr'>ὑμῶν,</span> <span class='ocrx_word' id='word_1_110' title='bbox 712 1760 857 1831; x_wconf 80' lang='grc' dir='ltr'><strong>ὑμῖν</strong></span> <span class='ocrx_word' id='word_1_111' title='bbox 885 1760 1057 1815; x_wconf 82' lang='grc' dir='ltr'>δώσω</span> <span class='ocrx_word' id='word_1_112' title='bbox 1084 1763 1292 1817; x_wconf 82' lang='grc' dir='ltr'>αὐτόν.</span> <span class='ocrx_word' id='word_1_113' title='bbox 1332 1763 1396 1817; x_wconf 83' lang='grc' dir='ltr'><em>Ἢ</em></span> <span class='ocrx_word' id='word_1_114' title='bbox 1420 1764 1519 1834; x_wconf 85' lang='grc' dir='ltr'><strong>μὲν</strong></span> <span class='ocrx_word' id='word_1_115' title='bbox 1541 1765 1847 1835; x_wconf 76' lang='grc' dir='ltr'><strong>ἐπαγγελία</strong></span> 
     </span>
    </p>
   </div>
   <div class='ocr_carea' id='block_1_19' title="bbox 250 1852 1843 1927">
    <p class='ocr_par' dir='ltr' id='par_1_19' title="bbox 250 1852 1843 1927">
     <span class='ocr_line' id='line_1_19' title="bbox 250 1852 1843 1927; baseline 0.003 -21"><span class='ocrx_word' id='word_1_116' title='bbox 250 1852 425 1924; x_wconf 77' lang='grc' dir='ltr'>αὕτη,</span> <span class='ocrx_word' id='word_1_117' title='bbox 465 1855 496 1907; x_wconf 80' lang='grc' dir='ltr'>ὁ</span> <span class='ocrx_word' id='word_1_118' title='bbox 517 1854 575 1909; x_wconf 83' lang='grc' dir='ltr'>δὲ</span> <span class='ocrx_word' id='word_1_119' title='bbox 594 1853 746 1922; x_wconf 81' lang='grc' dir='ltr'><strong>ἀγὼν</strong></span> <span class='ocrx_word' id='word_1_120' title='bbox 784 1853 980 1924; x_wconf 77' lang='grc' dir='ltr'>μέγας,</span> <span class='ocrx_word' id='word_1_121' title='bbox 1013 1854 1140 1927; x_wconf 70' lang='grc' dir='ltr'>ἔθνη</span> <span class='ocrx_word' id='word_1_122' title='bbox 1169 1854 1390 1925; x_wconf 82' lang='grc' dir='ltr'>νικῆσαι</span> <span class='ocrx_word' id='word_1_123' title='bbox 1414 1854 1483 1908; x_wconf 83' lang='grc' dir='ltr'>τὰ</span> <span class='ocrx_word' id='word_1_124' title='bbox 1508 1856 1694 1927; x_wconf 87' lang='grc' dir='ltr'>νοητά.</span> <span class='ocrx_word' id='word_1_125' title='bbox 1734 1858 1843 1911; x_wconf 77' lang='grc' dir='ltr'><strong>Καὶ</strong></span> 
     </span>
    </p>
   </div>
   <div class='ocr_carea' id='block_1_20' title="bbox 252 1946 1840 2020">
    <p class='ocr_par' dir='ltr' id='par_1_20' title="bbox 252 1946 1840 2020">
     <span class='ocr_line' id='line_1_20' title="bbox 252 1946 1840 2020; baseline 0.001 -21"><span class='ocrx_word' id='word_1_126' title='bbox 252 1946 341 1999; x_wconf 82' lang='grc' dir='ltr'>δεῖ</span> <span class='ocrx_word' id='word_1_127' title='bbox 374 1946 609 2000; x_wconf 83' lang='grc' dir='ltr'>ἐνταῦθα</span> <span class='ocrx_word' id='word_1_128' title='bbox 640 1948 699 2001; x_wconf 80' lang='grc' dir='ltr'>τὸ</span> <span class='ocrx_word' id='word_1_129' title='bbox 728 1946 983 2001; x_wconf 79' lang='grc' dir='ltr'>τοσοῦτον</span> <span class='ocrx_word' id='word_1_130' title='bbox 1014 1947 1376 2011; x_wconf 85' lang='grc' dir='ltr'>διανύσαντας</span> <span class='ocrx_word' id='word_1_131' title='bbox 1405 1947 1621 2004; x_wconf 84' lang='grc' dir='ltr'>στάδιον</span> <span class='ocrx_word' id='word_1_132' title='bbox 1644 1951 1840 2020; x_wconf 78' lang='grc' dir='ltr'>ἐπιϐῆ-</span> 
     </span>
    </p>
   </div>
   <div class='ocr_carea' id='block_1_21' title="bbox 252 2038 1844 2113">
    <p class='ocr_par' dir='ltr' id='par_1_21' title="bbox 252 2038 1844 2113">
     <span class='ocr_line' id='line_1_21' title="bbox 252 2038 1844 2113; baseline 0.002 -21"><span class='ocrx_word' id='word_1_133' title='bbox 252 2056 348 2094; x_wconf 87' lang='grc' dir='ltr'><strong>ναι</strong></span> <span class='ocrx_word' id='word_1_134' title='bbox 380 2041 491 2093; x_wconf 83' lang='grc' dir='ltr'><strong>τῶν</strong></span> <span class='ocrx_word' id='word_1_135' title='bbox 518 2041 631 2095; x_wconf 79' lang='grc' dir='ltr'>ἄνω</span> <span class='ocrx_word' id='word_1_136' title='bbox 672 2039 878 2110; x_wconf 82' lang='grc' dir='ltr'>μονῶν·</span> <span class='ocrx_word' id='word_1_137' title='bbox 909 2038 1108 2110; x_wconf 79' lang='grc' dir='ltr'>μᾶλλον</span> <span class='ocrx_word' id='word_1_138' title='bbox 1138 2040 1195 2093; x_wconf 83' lang='grc' dir='ltr'>δὲ</span> <span class='ocrx_word' id='word_1_139' title='bbox 1246 2039 1354 2112; x_wconf 77' lang='grc' dir='ltr'>πρὸ</span> <span class='ocrx_word' id='word_1_140' title='bbox 1385 2040 1614 2110; x_wconf 81' lang='grc' dir='ltr'>τούτων,</span> <span class='ocrx_word' id='word_1_141' title='bbox 1642 2044 1844 2113; x_wconf 84' lang='grc' dir='ltr'>ἀρετῆς</span> 
     </span>
    </p>
   </div>
   <div class='ocr_carea' id='block_1_22' title="bbox 251 2131 1844 2203">
    <p class='ocr_par' dir='ltr' id='par_1_22' title="bbox 251 2131 1844 2203">
     <span class='ocr_line' id='line_1_22' title="bbox 251 2131 1844 2203; baseline 0.002 -19"><span class='ocrx_word' id='word_1_142' title='bbox 251 2148 318 2184; x_wconf 76' lang='grc' dir='ltr'>τε</span> <span class='ocrx_word' id='word_1_143' title='bbox 358 2134 451 2185; x_wconf 77' lang='grc' dir='ltr'><strong>καὶ</strong></span> <span class='ocrx_word' id='word_1_144' title='bbox 474 2131 751 2202; x_wconf 82' lang='grc' dir='ltr'><strong>ἀληθείας,</strong></span> <span class='ocrx_word' id='word_1_145' title='bbox 802 2132 1127 2203; x_wconf 74' lang='grc' dir='ltr'>ὁδηγοῦντος</span> <span class='ocrx_word' id='word_1_146' title='bbox 1176 2134 1327 2203; x_wconf 83' lang='grc' dir='ltr'>ἡμᾶς</span> <span class='ocrx_word' id='word_1_147' title='bbox 1368 2133 1545 2202; x_wconf 84' lang='grc' dir='ltr'>Ἰησοῦ</span> <span class='ocrx_word' id='word_1_148' title='bbox 1598 2133 1679 2198; x_wconf 87' lang='grc' dir='ltr'><strong>είς</strong></span> <span class='ocrx_word' id='word_1_149' title='bbox 1726 2135 1844 2188; x_wconf 73' lang='grc' dir='ltr'>ὁδὸν</span> 
     </span>
    </p>
   </div>
   <div class='ocr_carea' id='block_1_23' title="bbox 252 2224 1845 2295">
    <p class='ocr_par' dir='ltr' id='par_1_23' title="bbox 252 2224 1845 2295">
     <span class='ocr_line' id='line_1_23' title="bbox 252 2224 1845 2295; baseline 0.002 -19"><span class='ocrx_word' id='word_1_150' title='bbox 252 2224 510 2295; x_wconf 76' lang='grc' dir='ltr'><strong>εἰρήνης,</strong></span> <span class='ocrx_word' id='word_1_151' title='bbox 548 2224 644 2277; x_wconf 81' lang='grc' dir='ltr'><strong>τοῦ</strong></span> <span class='ocrx_word' id='word_1_152' title='bbox 684 2225 780 2279; x_wconf 76' lang='grc' dir='ltr'><strong>καὶ</strong></span> <span class='ocrx_word' id='word_1_153' title='bbox 822 2226 1008 2289; x_wconf 84' lang='grc' dir='ltr'>δόντος</span> <span class='ocrx_word' id='word_1_154' title='bbox 1065 2226 1261 2278; x_wconf 77' lang='grc' dir='ltr'>πατεῖν</span> <span class='ocrx_word' id='word_1_155' title='bbox 1307 2224 1494 2279; x_wconf 77' lang='grc' dir='ltr'>ἐπάνω</span> <span class='ocrx_word' id='word_1_156' title='bbox 1542 2225 1720 2295; x_wconf 72' lang='grc' dir='ltr'>ὄφεων</span> <span class='ocrx_word' id='word_1_157' title='bbox 1749 2227 1845 2279; x_wconf 74' lang='grc' dir='ltr'>καὶ</span> 
     </span>
    </p>
   </div>
   <div class='ocr_carea' id='block_1_24' title="bbox 252 2315 1846 2388">
    <p class='ocr_par' dir='ltr' id='par_1_24' title="bbox 252 2315 1846 2388">
     <span class='ocr_line' id='line_1_24' title="bbox 252 2315 1846 2388; baseline 0 -19"><span class='ocrx_word' id='word_1_158' title='bbox 252 2315 563 2385; x_wconf 79' lang='grc' dir='ltr'><strong>σκορπίων,</strong></span> <span class='ocrx_word' id='word_1_159' title='bbox 584 2316 677 2370; x_wconf 79' lang='grc' dir='ltr'><strong>καὶ</strong></span> <span class='ocrx_word' id='word_1_160' title='bbox 694 2315 1065 2388; x_wconf 81' lang='grc' dir='ltr'><strong>χαρισαμένου</strong></span> <span class='ocrx_word' id='word_1_161' title='bbox 1092 2316 1459 2387; x_wconf 74' lang='grc' dir='ltr'><strong>κληρονομίαν</strong></span> <span class='ocrx_word' id='word_1_162' title='bbox 1481 2316 1673 2371; x_wconf 84' lang='grc' dir='ltr'>ἐθνῶν.</span> <span class='ocrx_word' id='word_1_163' title='bbox 1692 2318 1846 2370; x_wconf 87' lang='grc' dir='ltr'><strong>Ἐπι-</strong></span> 
     </span>
    </p>
   </div>
   <div class='ocr_carea' id='block_1_25' title="bbox 254 2407 1843 2481">
    <p class='ocr_par' dir='ltr' id='par_1_25' title="bbox 254 2407 1843 2481">
     <span class='ocr_line' id='line_1_25' title="bbox 254 2407 1843 2481; baseline 0.002 -22"><span class='ocrx_word' id='word_1_164' title='bbox 254 2408 449 2475; x_wconf 79' lang='grc' dir='ltr'>6ῶμεν</span> <span class='ocrx_word' id='word_1_165' title='bbox 482 2407 538 2461; x_wconf 82' lang='grc' dir='ltr'>δὲ</span> <span class='ocrx_word' id='word_1_166' title='bbox 568 2408 662 2460; x_wconf 79' lang='grc' dir='ltr'>καὶ</span> <span class='ocrx_word' id='word_1_167' title='bbox 685 2407 883 2479; x_wconf 78' lang='grc' dir='ltr'>ῥητῶν,</span> <span class='ocrx_word' id='word_1_168' title='bbox 919 2407 996 2472; x_wconf 80' lang='grc' dir='ltr'>ὡς</span> <span class='ocrx_word' id='word_1_169' title='bbox 1021 2409 1130 2475; x_wconf 81' lang='grc' dir='ltr'>δεῖ,</span> <span class='ocrx_word' id='word_1_170' title='bbox 1152 2407 1469 2480; x_wconf 86' lang='grc' dir='ltr'>Γραφικῶν,</span> <span class='ocrx_word' id='word_1_171' title='bbox 1494 2409 1590 2462; x_wconf 77' lang='grc' dir='ltr'><strong>καὶ</strong></span> <span class='ocrx_word' id='word_1_172' title='bbox 1626 2408 1688 2462; x_wconf 79' lang='grc' dir='ltr'><strong>τὸ</strong></span> <span class='ocrx_word' id='word_1_173' title='bbox 1718 2426 1843 2481; x_wconf 86' lang='grc' dir='ltr'>νοη-</span> 
     </span>
    </p>
   </div>
   <div class='ocr_carea' id='block_1_26' title="bbox 254 2497 1843 2571">
    <p class='ocr_par' dir='ltr' id='par_1_26' title="bbox 254 2497 1843 2571">
     <span class='ocr_line' id='line_1_26' title="bbox 254 2497 1843 2571; baseline -0.003 -17"><span class='ocrx_word' id='word_1_174' title='bbox 254 2501 352 2554; x_wconf 83' lang='grc' dir='ltr'><strong>θέν</strong></span> <span class='ocrx_word' id='word_1_175' title='bbox 384 2504 535 2554; x_wconf 84' lang='grc' dir='ltr'>ἐστιν</span> <span class='ocrx_word' id='word_1_176' title='bbox 557 2500 850 2571; x_wconf 73' lang='grc' dir='ltr'>ἡμέτερον.</span> <span class='ocrx_word' id='word_1_177' title='bbox 896 2499 959 2554; x_wconf 85' lang='lat'><strong>&#39;0</strong></span> <span class='ocrx_word' id='word_1_178' title='bbox 1012 2500 1112 2571; x_wconf 85' lang='grc' dir='ltr'><strong>μέν</strong></span> <span class='ocrx_word' id='word_1_179' title='bbox 1134 2499 1229 2553; x_wconf 78' lang='grc' dir='ltr'><strong>οὖν</strong></span> <span class='ocrx_word' id='word_1_180' title='bbox 1266 2499 1399 2562; x_wconf 80' lang='grc' dir='ltr'><strong>Θεὸς</strong></span> <span class='ocrx_word' id='word_1_181' title='bbox 1424 2498 1531 2560; x_wconf 72' lang='grc' dir='ltr'>ἕως</span> <span class='ocrx_word' id='word_1_182' title='bbox 1556 2497 1843 2571; x_wconf 80' lang='grc' dir='ltr'><strong>Εὐφράτου</strong></span> 
     </span>
    </p>
   </div>
   <div class='ocr_carea' id='block_1_27' title="bbox 250 2589 1846 2663">
    <p class='ocr_par' dir='ltr' id='par_1_27' title="bbox 250 2589 1846 2663">
     <span class='ocr_line' id='line_1_27' title="bbox 250 2589 1846 2663; baseline -0.003 -17"><span class='ocrx_word' id='word_1_183' title='bbox 250 2592 455 2646; x_wconf 82' lang='grc' dir='ltr'><strong>δώσειν</strong></span> <span class='ocrx_word' id='word_1_184' title='bbox 482 2594 667 2655; x_wconf 79' lang='grc' dir='ltr'>αὐτοῖς</span> <span class='ocrx_word' id='word_1_185' title='bbox 690 2591 1080 2663; x_wconf 79' lang='grc' dir='ltr'><strong>ἐπηγγείλατο,</strong></span> <span class='ocrx_word' id='word_1_186' title='bbox 1110 2591 1351 2655; x_wconf 77' lang='grc' dir='ltr'><strong>ἀναξίοις</strong></span> <span class='ocrx_word' id='word_1_187' title='bbox 1379 2589 1437 2643; x_wconf 81' lang='grc' dir='ltr'>δὲ</span> <span class='ocrx_word' id='word_1_188' title='bbox 1469 2591 1713 2660; x_wconf 78' lang='grc' dir='ltr'><strong>φανεῖσιν</strong></span> <span class='ocrx_word' id='word_1_189' title='bbox 1746 2589 1846 2642; x_wconf 89' lang='grc' dir='ltr'><strong>οὐκ</strong></span> 
     </span>
    </p>
   </div>
   <div class='ocr_carea' id='block_1_28' title="bbox 256 2679 1844 2755">
    <p class='ocr_par' dir='ltr' id='par_1_28' title="bbox 256 2679 1844 2755">
     <span class='ocr_line' id='line_1_28' title="bbox 256 2679 1844 2755; baseline -0.002 -19"><span class='ocrx_word' id='word_1_190' title='bbox 256 2683 558 2755; x_wconf 76' lang='grc' dir='ltr'><strong>ἐπλήρωσε</strong></span> <span class='ocrx_word' id='word_1_191' title='bbox 589 2682 687 2753; x_wconf 82' lang='grc' dir='ltr'>τὴν</span> <span class='ocrx_word' id='word_1_192' title='bbox 717 2683 1039 2752; x_wconf 81' lang='grc' dir='ltr'><strong>ὑπόσχεσιν,</strong></span> <span class='ocrx_word' id='word_1_193' title='bbox 1062 2680 1202 2737; x_wconf 84' lang='grc' dir='ltr'>ἀλλὰ</span> <span class='ocrx_word' id='word_1_194' title='bbox 1232 2679 1401 2735; x_wconf 76' lang='grc' dir='ltr'>Δαϐὶδ</span> <span class='ocrx_word' id='word_1_195' title='bbox 1453 2680 1549 2735; x_wconf 77' lang='grc' dir='ltr'><strong>καὶ</strong></span> <span class='ocrx_word' id='word_1_196' title='bbox 1569 2680 1844 2752; x_wconf 81' lang='grc' dir='ltr'>Σολομῶνι</span> 
     </span>
    </p>
   </div>
   <div class='ocr_carea' id='block_1_29' title="bbox 251 2774 796 2847">
    <p class='ocr_par' dir='ltr' id='par_1_29' title="bbox 251 2774 796 2847">
     <span class='ocr_line' id='line_1_29' title="bbox 251 2774 796 2847; baseline 0 -18"><span class='ocrx_word' id='word_1_197' title='bbox 251 2777 575 2847; x_wconf 76' lang='grc' dir='ltr'>γενομένοις</span> <span class='ocrx_word' id='word_1_198' title='bbox 604 2774 796 2842; x_wconf 79' lang='grc' dir='ltr'>ἀξίοις.</span> 
     </span>
    </p>
   </div>
   <div class='ocr_carea' id='block_1_30' title="bbox 335 3043 1845 3116">
    <p class='ocr_par' dir='ltr' id='par_1_30' title="bbox 335 3043 1845 3116">
     <span class='ocr_line' id='line_1_30' title="bbox 335 3043 1845 3116; baseline -0.003 -15"><span class='ocrx_word' id='word_1_199' title='bbox 335 3046 459 3115; x_wconf 77' lang='grc' dir='ltr'><strong>Τὴν</strong></span> <span class='ocrx_word' id='word_1_200' title='bbox 481 3046 707 3116; x_wconf 79' lang='grc' dir='ltr'>ἔρημον</span> <span class='ocrx_word' id='word_1_201' title='bbox 726 3045 824 3101; x_wconf 78' lang='grc' dir='ltr'><strong>καὶ</strong></span> <span class='ocrx_word' id='word_1_202' title='bbox 869 3044 980 3099; x_wconf 80' lang='grc' dir='ltr'><strong>τὸν</strong></span> <span class='ocrx_word' id='word_1_203' title='bbox 1003 3046 1430 3100; x_wconf 74' lang='grc' dir='ltr'><strong>Ἀντιλίϐανον.</strong></span> <span class='ocrx_word' id='word_1_204' title='bbox 1466 3044 1582 3115; x_wconf 84' lang='grc' dir='ltr'><strong>Τὴν</strong></span> <span class='ocrx_word' id='word_1_205' title='bbox 1636 3043 1845 3115; x_wconf 81' lang='grc' dir='ltr'>ἔρημον</span> 
     </span>
    </p>
   </div>
   <div class='ocr_carea' id='block_1_31' title="bbox 251 3131 1842 3210">
    <p class='ocr_par' dir='ltr' id='par_1_31' title="bbox 251 3131 1842 3210">
     <span class='ocr_line' id='line_1_31' title="bbox 251 3131 1842 3210; baseline -0.004 -17"><span class='ocrx_word' id='word_1_206' title='bbox 251 3140 532 3204; x_wconf 79' lang='grc' dir='ltr'><strong>ὑπέταξεν</strong></span> <span class='ocrx_word' id='word_1_207' title='bbox 564 3141 592 3193; x_wconf 88' lang='grc' dir='ltr'><strong>ὁ</strong></span> <span class='ocrx_word' id='word_1_208' title='bbox 640 3139 830 3210; x_wconf 86' lang='grc' dir='ltr'>Πατὴρ</span> <span class='ocrx_word' id='word_1_209' title='bbox 884 3138 962 3207; x_wconf 81' lang='grc' dir='ltr'>τῷ</span> <span class='ocrx_word' id='word_1_210' title='bbox 1012 3138 1254 3209; x_wconf 81' lang='grc' dir='ltr'>Χριστῷ.</span> <span class='ocrx_word' id='word_1_211' title='bbox 1308 3138 1444 3208; x_wconf 60' lang='grc' dir='ltr'><strong>Περὶ⁸</strong></span> <span class='ocrx_word' id='word_1_212' title='bbox 1484 3131 1552 3209; x_wconf 80' lang='grc' dir='ltr'>ἦς</span> <span class='ocrx_word' id='word_1_213' title='bbox 1605 3135 1842 3208; x_wconf 76' lang='grc' dir='ltr'>εἴρηται,</span> 
     </span>
    </p>
   </div>
   <div class='ocr_carea' id='block_1_32' title="bbox 260 3226 1844 3303">
    <p class='ocr_par' dir='ltr' id='par_1_32' title="bbox 260 3226 1844 3303">
     <span class='ocr_line' id='line_1_32' title="bbox 260 3226 1844 3303; baseline -0.003 -20"><span class='ocrx_word' id='word_1_214' title='bbox 260 3252 281 3283; x_wconf 78' lang='grc' dir='ltr'><strong>ι</strong></span> <span class='ocrx_word' id='word_1_215' title='bbox 318 3231 695 3303; x_wconf 79' lang='grc' dir='ltr'><strong>Εὐφράνθητι,</strong></span> <span class='ocrx_word' id='word_1_216' title='bbox 722 3232 924 3302; x_wconf 82' lang='grc' dir='ltr'>ἔρημος</span> <span class='ocrx_word' id='word_1_217' title='bbox 946 3234 980 3301; x_wconf 86' lang='grc' dir='ltr'><strong>ή</strong></span> <span class='ocrx_word' id='word_1_218' title='bbox 1016 3230 1248 3300; x_wconf 81' lang='grc' dir='ltr'>διψῶσα.</span> <span class='ocrx_word' id='word_1_219' title='bbox 1293 3247 1313 3291; x_wconf 62' lang='grc' dir='ltr'>ι</span> <span class='ocrx_word' id='word_1_220' title='bbox 1338 3227 1447 3283; x_wconf 84' lang='grc' dir='ltr'><strong>Καί</strong></span> <span class='ocrx_word' id='word_1_221' title='bbox 1474 3244 1488 3258; x_wconf 89' lang='grc'><strong>·</strong></span> <span class='ocrx_word' id='word_1_222' title='bbox 1524 3247 1542 3280; x_wconf 85' lang='grc' dir='ltr'>ι</span> <span class='ocrx_word' id='word_1_223' title='bbox 1572 3228 1748 3280; x_wconf 81' lang='grc' dir='ltr'>Πολλὰ</span> <span class='ocrx_word' id='word_1_224' title='bbox 1775 3226 1844 3279; x_wconf 72' lang='grc' dir='ltr'><strong>τά</strong></span> 
     </span>
    </p>
   </div>
   <div class='ocr_carea' id='block_1_33' title="bbox 251 3318 1839 3394">
    <p class='ocr_par' dir='ltr' id='par_1_33' title="bbox 251 3318 1839 3394">
     <span class='ocr_line' id='line_1_33' title="bbox 251 3318 1839 3394; baseline -0.004 -18"><span class='ocrx_word' id='word_1_225' title='bbox 251 3326 427 3376; x_wconf 80' lang='grc' dir='ltr'>τέκνα</span> <span class='ocrx_word' id='word_1_226' title='bbox 455 3324 556 3392; x_wconf 73' lang='grc' dir='ltr'>τῆς</span> <span class='ocrx_word' id='word_1_227' title='bbox 578 3325 811 3394; x_wconf 82' lang='grc' dir='ltr'>ἐρήμου,</span> <span class='ocrx_word' id='word_1_228' title='bbox 839 3321 1087 3392; x_wconf 80' lang='grc' dir='ltr'>μᾶλλονῆ</span> <span class='ocrx_word' id='word_1_229' title='bbox 1110 3324 1209 3391; x_wconf 81' lang='grc' dir='ltr'>τῆς</span> <span class='ocrx_word' id='word_1_230' title='bbox 1234 3320 1464 3391; x_wconf 86' lang='grc' dir='ltr'>ἐχούσης</span> <span class='ocrx_word' id='word_1_231' title='bbox 1494 3319 1586 3372; x_wconf 81' lang='grc' dir='ltr'>τὸν</span> <span class='ocrx_word' id='word_1_232' title='bbox 1608 3318 1796 3386; x_wconf 83' lang='grc' dir='ltr'>ἄνδρα.</span> <span class='ocrx_word' id='word_1_233' title='bbox 1821 3335 1839 3367; x_wconf 75' lang='grc' dir='ltr'><strong>ι</strong></span> 
     </span>
    </p>
   </div>
   <div class='ocr_carea' id='block_1_34' title="bbox 257 3406 1843 3482">
    <p class='ocr_par' dir='ltr' id='par_1_34' title="bbox 257 3406 1843 3482">
     <span class='ocr_line' id='line_1_34' title="bbox 257 3406 1843 3482; baseline -0.005 -14"><span class='ocrx_word' id='word_1_234' title='bbox 257 3415 376 3468; x_wconf 79' lang='grc' dir='ltr'><strong>Καὶ</strong></span> <span class='ocrx_word' id='word_1_235' title='bbox 408 3414 469 3468; x_wconf 90' lang='grc' dir='ltr'><strong>οὐ</strong></span> <span class='ocrx_word' id='word_1_236' title='bbox 510 3414 602 3468; x_wconf 75' lang='grc' dir='ltr'>τὸν</span> <span class='ocrx_word' id='word_1_237' title='bbox 647 3414 885 3468; x_wconf 74' lang='grc' dir='ltr'>Λίϐανον</span> <span class='ocrx_word' id='word_1_238' title='bbox 921 3412 1193 3478; x_wconf 76' lang='grc' dir='ltr'><strong>ὑπέταξεν</strong></span> <span class='ocrx_word' id='word_1_239' title='bbox 1238 3411 1439 3482; x_wconf 82' lang='grc' dir='ltr'>Ἰησοῦ,</span> <span class='ocrx_word' id='word_1_240' title='bbox 1473 3410 1566 3463; x_wconf 80' lang='grc' dir='ltr'>τὸν</span> <span class='ocrx_word' id='word_1_241' title='bbox 1610 3406 1843 3479; x_wconf 81' lang='grc' dir='ltr'>Ἰσραὴλ,</span> 
     </span>
    </p>
   </div>
   <div class='ocr_carea' id='block_1_35' title="bbox 254 3502 1848 3578">
    <p class='ocr_par' dir='ltr' id='par_1_35' title="bbox 254 3502 1848 3578">
     <span class='ocr_line' id='line_1_35' title="bbox 254 3502 1848 3578; baseline -0.003 -18"><span class='ocrx_word' id='word_1_242' title='bbox 254 3508 436 3570; x_wconf 76' lang='grc' dir='ltr'>οὕτως</span> <span class='ocrx_word' id='word_1_243' title='bbox 462 3508 520 3561; x_wconf 79' lang='grc' dir='ltr'>ὲν</span> <span class='ocrx_word' id='word_1_244' title='bbox 550 3508 868 3578; x_wconf 74' lang='grc' dir='ltr'>προφήταις</span> <span class='ocrx_word' id='word_1_245' title='bbox 910 3506 1268 3575; x_wconf 84' lang='grc' dir='ltr'>καλούμενον,</span> <span class='ocrx_word' id='word_1_246' title='bbox 1298 3504 1357 3568; x_wconf 82' lang='grc' dir='ltr'>ὃς</span> <span class='ocrx_word' id='word_1_247' title='bbox 1384 3503 1481 3559; x_wconf 71' lang='grc' dir='ltr'><strong>καὶ</strong></span> <span class='ocrx_word' id='word_1_248' title='bbox 1512 3502 1848 3566; x_wconf 79' lang='grc' dir='ltr'>καλλιέλαιος</span> 
     </span>
    </p>
   </div>
   <div class='ocr_carea' id='block_1_36' title="bbox 258 3597 1850 3671">
    <p class='ocr_par' dir='ltr' id='par_1_36' title="bbox 258 3597 1850 3671">
     <span class='ocr_line' id='line_1_36' title="bbox 258 3597 1850 3671; baseline -0.001 -20"><span class='ocrx_word' id='word_1_249' title='bbox 258 3601 509 3670; x_wconf 73' lang='grc' dir='ltr'>εἴρηταιο</span> <span class='ocrx_word' id='word_1_250' title='bbox 566 3600 702 3655; x_wconf 82' lang='grc' dir='ltr'>ἀλλὰ</span> <span class='ocrx_word' id='word_1_251' title='bbox 754 3600 826 3654; x_wconf 83' lang='grc' dir='ltr'>τὰ</span> <span class='ocrx_word' id='word_1_252' title='bbox 875 3599 1025 3671; x_wconf 75' lang='grc' dir='ltr'>ἔθνη,</span> <span class='ocrx_word' id='word_1_253' title='bbox 1066 3597 1171 3653; x_wconf 83' lang='grc' dir='ltr'>τὸν</span> <span class='ocrx_word' id='word_1_254' title='bbox 1221 3599 1609 3663; x_wconf 79' lang='grc' dir='ltr'>Ἀντιλίϐανον,</span> <span class='ocrx_word' id='word_1_255' title='bbox 1660 3599 1850 3666; x_wconf 86' lang='grc' dir='ltr'>ἐγκεν-</span> 
     </span>
    </p>
   </div>
   <div class='ocr_carea' id='block_1_37' title="bbox 257 3686 1846 3759">
    <p class='ocr_par' dir='ltr' id='par_1_37' title="bbox 257 3686 1846 3759">
     <span class='ocr_line' id='line_1_37' title="bbox 257 3686 1846 3759; baseline 0.002 -22"><span class='ocrx_word' id='word_1_256' title='bbox 257 3686 560 3756; x_wconf 85' lang='grc' dir='ltr'>τρισθέντα</span> <span class='ocrx_word' id='word_1_257' title='bbox 621 3688 719 3757; x_wconf 85' lang='grc' dir='ltr'><strong>μὲν</strong></span> <span class='ocrx_word' id='word_1_258' title='bbox 757 3690 816 3741; x_wconf 86' lang='grc' dir='ltr'><strong>ἐν</strong></span> <span class='ocrx_word' id='word_1_259' title='bbox 849 3687 1087 3759; x_wconf 85' lang='grc' dir='ltr'>Ἰσραὴλ,</span> <span class='ocrx_word' id='word_1_260' title='bbox 1127 3687 1243 3741; x_wconf 79' lang='grc' dir='ltr'>ἀντ’</span> <span class='ocrx_word' id='word_1_261' title='bbox 1266 3687 1431 3740; x_wconf 82' lang='grc' dir='ltr'>αὐτοῦ</span> <span class='ocrx_word' id='word_1_262' title='bbox 1470 3687 1527 3740; x_wconf 82' lang='grc' dir='ltr'>δὲ</span> <span class='ocrx_word' id='word_1_263' title='bbox 1559 3687 1846 3756; x_wconf 80' lang='grc' dir='ltr'>γενόμενα.</span> 
     </span>
    </p>
   </div>
   <div class='ocr_carea' id='block_1_38' title="bbox 332 3776 1849 3849">
    <p class='ocr_par' dir='ltr' id='par_1_38' title="bbox 332 3776 1849 3849">
     <span class='ocr_line' id='line_1_38' title="bbox 332 3776 1849 3849; baseline 0.001 -19"><span class='ocrx_word' id='word_1_264' title='bbox 332 3778 449 3830; x_wconf 78' lang='grc' dir='ltr'><strong>Καὶ</strong></span> <span class='ocrx_word' id='word_1_265' title='bbox 489 3776 694 3845; x_wconf 80' lang='grc' dir='ltr'>ὥσπερ</span> <span class='ocrx_word' id='word_1_266' title='bbox 719 3777 885 3847; x_wconf 78' lang='grc' dir='ltr'>ἤμην</span> <span class='ocrx_word' id='word_1_267' title='bbox 925 3779 1076 3848; x_wconf 82' lang='grc' dir='ltr'>μετὰ</span> <span class='ocrx_word' id='word_1_268' title='bbox 1132 3777 1380 3846; x_wconf 84' lang='grc' dir='ltr'><strong>Μωῦσῆ,</strong></span> <span class='ocrx_word' id='word_1_269' title='bbox 1421 3778 1608 3845; x_wconf 80' lang='grc' dir='ltr'>οὕτως</span> <span class='ocrx_word' id='word_1_270' title='bbox 1636 3779 1849 3849; x_wconf 75' lang='grc' dir='ltr'>ἔσομαι</span> 
     </span>
    </p>
   </div>
   <div class='ocr_carea' id='block_1_39' title="bbox 260 3865 1852 3938">
    <p class='ocr_par' dir='ltr' id='par_1_39' title="bbox 260 3865 1852 3938">
     <span class='ocr_line' id='line_1_39' title="bbox 260 3865 1852 3938; baseline 0.003 -23"><span class='ocrx_word' id='word_1_271' title='bbox 260 3865 364 3916; x_wconf 76' lang='grc' dir='ltr'>καὶ</span> <span class='ocrx_word' id='word_1_272' title='bbox 393 3866 543 3933; x_wconf 83' lang='grc' dir='ltr'>μετὰ</span> <span class='ocrx_word' id='word_1_273' title='bbox 571 3866 709 3920; x_wconf 85' lang='grc' dir='ltr'><strong>σοῦ.</strong></span> <span class='ocrx_word' id='word_1_274' title='bbox 751 3866 887 3920; x_wconf 79' lang='grc' dir='ltr'>Οὐδὲ</span> <span class='ocrx_word' id='word_1_275' title='bbox 913 3868 1021 3937; x_wconf 79' lang='grc' dir='ltr'>γὰρ</span> <span class='ocrx_word' id='word_1_276' title='bbox 1055 3868 1297 3938; x_wconf 83' lang='grc' dir='ltr'>Μωῦσῆς</span> <span class='ocrx_word' id='word_1_277' title='bbox 1330 3867 1435 3937; x_wconf 70' lang='grc' dir='ltr'>ἰδία</span> <span class='ocrx_word' id='word_1_278' title='bbox 1464 3866 1693 3935; x_wconf 82' lang='grc' dir='ltr'>δυνάμει</span> <span class='ocrx_word' id='word_1_279' title='bbox 1723 3868 1852 3930; x_wconf 77' lang='grc' dir='ltr'>τοὺς</span> 
     </span>
    </p>
   </div>
   <div class='ocr_carea' id='block_1_40' title="bbox 260 3955 1853 4028">
    <p class='ocr_par' dir='ltr' id='par_1_40' title="bbox 260 3955 1853 4028">
     <span class='ocr_line' id='line_1_40' title="bbox 260 3955 1853 4028; baseline 0.003 -21"><span class='ocrx_word' id='word_1_280' title='bbox 260 3956 495 4025; x_wconf 79' lang='grc' dir='ltr'>ἐχθροὺς</span> <span class='ocrx_word' id='word_1_281' title='bbox 526 3957 897 4023; x_wconf 85' lang='grc' dir='ltr'>ἐτροπώσατο.</span> <span class='ocrx_word' id='word_1_282' title='bbox 931 3958 1185 4012; x_wconf 81' lang='grc' dir='ltr'>Τοιοῦτον</span> <span class='ocrx_word' id='word_1_283' title='bbox 1242 3959 1339 4013; x_wconf 79' lang='grc' dir='ltr'><strong>καὶ</strong></span> <span class='ocrx_word' id='word_1_284' title='bbox 1375 3959 1436 4011; x_wconf 86' lang='grc' dir='ltr'>τό</span> <span class='ocrx_word' id='word_1_285' title='bbox 1458 3974 1471 3989; x_wconf 74' lang='grc' dir='ltr'><strong>ο</strong></span> <span class='ocrx_word' id='word_1_286' title='bbox 1502 3977 1519 4009; x_wconf 83' lang='grc' dir='ltr'>ι</span> <span class='ocrx_word' id='word_1_287' title='bbox 1562 3958 1692 4013; x_wconf 79' lang='grc' dir='ltr'>Ἰδοὺ</span> <span class='ocrx_word' id='word_1_288' title='bbox 1741 3955 1853 4028; x_wconf 84' lang='grc' dir='ltr'>ἐγὼ</span> 
     </span>
    </p>
   </div>
   <div class='ocr_carea' id='block_1_41' title="bbox 262 4048 1738 4122">
    <p class='ocr_par' dir='ltr' id='par_1_41' title="bbox 262 4048 1738 4122">
     <span class='ocr_line' id='line_1_41' title="bbox 262 4048 1738 4122; baseline 0.003 -23"><span class='ocrx_word' id='word_1_289' title='bbox 262 4048 389 4118; x_wconf 83' lang='grc' dir='ltr'>μεθ’</span> <span class='ocrx_word' id='word_1_290' title='bbox 414 4048 570 4119; x_wconf 84' lang='grc' dir='ltr'>ὑμῶν</span> <span class='ocrx_word' id='word_1_291' title='bbox 592 4052 708 4120; x_wconf 84' lang='grc' dir='ltr'>είμι</span> <span class='ocrx_word' id='word_1_292' title='bbox 740 4049 847 4114; x_wconf 73' lang='grc' dir='ltr'>ἕως</span> <span class='ocrx_word' id='word_1_293' title='bbox 866 4051 965 4122; x_wconf 83' lang='grc' dir='ltr'><strong>τῆς</strong></span> <span class='ocrx_word' id='word_1_294' title='bbox 996 4051 1304 4114; x_wconf 82' lang='grc' dir='ltr'>συντελείας</span> <span class='ocrx_word' id='word_1_295' title='bbox 1336 4050 1428 4104; x_wconf 79' lang='grc' dir='ltr'><strong>τοῦ</strong></span> <span class='ocrx_word' id='word_1_296' title='bbox 1462 4050 1679 4115; x_wconf 83' lang='grc' dir='ltr'>αίῶνος.</span> <span class='ocrx_word' id='word_1_297' title='bbox 1720 4069 1738 4103; x_wconf 73' lang='grc' dir='ltr'>ι</span> 
     </span>
    </p>
   </div>
   <div class='ocr_carea' id='block_1_42' title="bbox 338 4163 1853 4237">
    <p class='ocr_par' dir='ltr' id='par_1_42' title="bbox 338 4163 1853 4237">
     <span class='ocr_line' id='line_1_42' title="bbox 338 4163 1853 4237; baseline 0.001 -22"><span class='ocrx_word' id='word_1_298' title='bbox 338 4164 549 4234; x_wconf 85' lang='grc' dir='ltr'>Ἴσχυε,</span> <span class='ocrx_word' id='word_1_299' title='bbox 568 4164 722 4234; x_wconf 66' lang='grc' dir='ltr'>φησι,</span> <span class='ocrx_word' id='word_1_300' title='bbox 752 4164 848 4217; x_wconf 71' lang='grc' dir='ltr'><strong>καὶ</strong></span> <span class='ocrx_word' id='word_1_301' title='bbox 876 4163 1148 4235; x_wconf 80' lang='grc' dir='ltr'>ἀνδρίξου.</span> <span class='ocrx_word' id='word_1_302' title='bbox 1186 4165 1330 4234; x_wconf 85' lang='grc' dir='ltr'>Ἐγὼ</span> <span class='ocrx_word' id='word_1_303' title='bbox 1361 4166 1469 4237; x_wconf 84' lang='grc' dir='ltr'><strong>γάρ</strong></span> <span class='ocrx_word' id='word_1_304' title='bbox 1495 4183 1555 4218; x_wconf 87' lang='grc' dir='ltr'>σε</span> <span class='ocrx_word' id='word_1_305' title='bbox 1586 4164 1853 4235; x_wconf 81' lang='grc' dir='ltr'>ἐνισχύσω</span> 
     </span>
    </p>
   </div>
   <div class='ocr_carea' id='block_1_43' title="bbox 260 4254 1853 4327">
    <p class='ocr_par' dir='ltr' id='par_1_43' title="bbox 260 4254 1853 4327">
     <span class='ocr_line' id='line_1_43' title="bbox 260 4254 1853 4327; baseline 0.001 -20"><span class='ocrx_word' id='word_1_306' title='bbox 260 4254 550 4325; x_wconf 81' lang='grc' dir='ltr'>ὑπομονὴν</span> <span class='ocrx_word' id='word_1_307' title='bbox 579 4255 674 4308; x_wconf 77' lang='grc' dir='ltr'><strong>καὶ</strong></span> <span class='ocrx_word' id='word_1_308' title='bbox 692 4255 923 4326; x_wconf 84' lang='grc' dir='ltr'>δύναμιν</span> <span class='ocrx_word' id='word_1_309' title='bbox 952 4255 1331 4327; x_wconf 76' lang='grc' dir='ltr'>χαριζόμενος,</span> <span class='ocrx_word' id='word_1_310' title='bbox 1351 4256 1428 4322; x_wconf 85' lang='grc' dir='ltr'>ὼς</span> <span class='ocrx_word' id='word_1_311' title='bbox 1450 4257 1518 4311; x_wconf 78' lang='grc' dir='ltr'>ἂν</span> <span class='ocrx_word' id='word_1_312' title='bbox 1534 4258 1627 4309; x_wconf 80' lang='grc' dir='ltr'>καὶ</span> <span class='ocrx_word' id='word_1_313' title='bbox 1656 4256 1853 4319; x_wconf 87' lang='grc' dir='ltr'>διέλοις</span> 
     </span>
    </p>
   </div>
   <div class='ocr_carea' id='block_1_44' title="bbox 258 4348 977 4422">
    <p class='ocr_par' dir='ltr' id='par_1_44' title="bbox 258 4348 977 4422">
     <span class='ocr_line' id='line_1_44' title="bbox 258 4348 977 4422; baseline 0.003 -20"><span class='ocrx_word' id='word_1_314' title='bbox 258 4350 375 4413; x_wconf 80' lang='grc' dir='ltr'>τοῖς</span> <span class='ocrx_word' id='word_1_315' title='bbox 399 4348 681 4419; x_wconf 73' lang='grc' dir='ltr'>ἐσομένοις</span> <span class='ocrx_word' id='word_1_316' title='bbox 714 4351 814 4419; x_wconf 83' lang='grc' dir='ltr'>τὴν</span> <span class='ocrx_word' id='word_1_317' title='bbox 851 4351 977 4422; x_wconf 80' lang='grc' dir='ltr'>γῆν.</span> 
     </span>
    </p>
   </div>
   <div class='ocr_carea' id='block_1_45' title="bbox 1950 569 3533 641">
    <p class='ocr_par' dir='ltr' id='par_1_45' title="bbox 1950 569 3533 641">
     <span class='ocr_line' id='line_1_45' title="bbox 1950 569 3533 641; baseline 0 -18"><span class='ocrx_word' id='word_1_318' title='bbox 1950 569 2312 641; x_wconf 81' lang='lat' dir='ltr'><strong>requiemque</strong></span> <span class='ocrx_word' id='word_1_319' title='bbox 2329 570 2610 638; x_wconf 85' lang='lat' dir='ltr'><strong>concedit,</strong></span> <span class='ocrx_word' id='word_1_320' title='bbox 2631 587 2755 626; x_wconf 90' lang='lat' dir='ltr'><strong>cum</strong></span> <span class='ocrx_word' id='word_1_321' title='bbox 2772 574 2860 628; x_wconf 78' lang='lat' dir='ltr'><strong>lex</strong></span> <span class='ocrx_word' id='word_1_322' title='bbox 2879 570 2949 626; x_wconf 90' lang='lat' dir='ltr'><strong>ad</strong></span> <span class='ocrx_word' id='word_1_323' title='bbox 2968 570 3303 628; x_wconf 85' lang='lat' dir='ltr'><strong>vestibulum</strong></span> <span class='ocrx_word' id='word_1_324' title='bbox 3318 578 3533 626; x_wconf 81' lang='lat' dir='ltr'><strong>tantum</strong></span> 
     </span>
    </p>
   </div>
   <div class='ocr_carea' id='block_1_46' title="bbox 1951 661 2457 733">
    <p class='ocr_par' dir='ltr' id='par_1_46' title="bbox 1951 661 2457 733">
     <span class='ocr_line' id='line_1_46' title="bbox 1951 661 2457 733; baseline 0 -16"><span class='ocrx_word' id='word_1_325' title='bbox 1951 661 2226 718; x_wconf 81' lang='lat' dir='ltr'><strong>deducere</strong></span> <span class='ocrx_word' id='word_1_326' title='bbox 2258 662 2457 733; x_wconf 85' lang='lat' dir='ltr'><strong>possit.</strong></span> 
     </span>
    </p>
   </div>
   <div class='ocr_carea' id='block_1_47' title="bbox 2022 752 3532 825">
    <p class='ocr_par' dir='ltr' id='par_1_47' title="bbox 2022 752 3532 825">
     <span class='ocr_line' id='line_1_47' title="bbox 2022 752 3532 825; baseline 0.002 -19"><span class='ocrx_word' id='word_1_327' title='bbox 2022 752 2199 807; x_wconf 75' lang='lat' dir='ltr'><strong>Moses</strong></span> <span class='ocrx_word' id='word_1_328' title='bbox 2222 753 2461 821; x_wconf 79' lang='lat' dir='ltr'><strong>famulus</strong></span> <span class='ocrx_word' id='word_1_329' title='bbox 2493 771 2640 810; x_wconf 83' lang='lat' dir='ltr'><strong>meus</strong></span> <span class='ocrx_word' id='word_1_330' title='bbox 2664 764 2910 810; x_wconf 83' lang='lat' dir='ltr'><strong>mortuus</strong></span> <span class='ocrx_word' id='word_1_331' title='bbox 2932 763 3030 810; x_wconf 80' lang='lat' dir='ltr'><strong>est.</strong></span> <span class='ocrx_word' id='word_1_332' title='bbox 3049 754 3209 809; x_wconf 85' lang='lat' dir='ltr'><strong>Nunc</strong></span> <span class='ocrx_word' id='word_1_333' title='bbox 3228 756 3391 825; x_wconf 77' lang='lat' dir='ltr'><strong>igitur</strong></span> <span class='ocrx_word' id='word_1_334' title='bbox 3414 770 3532 825; x_wconf 84' lang='lat' dir='ltr'><strong>age,</strong></span> 
     </span>
    </p>
   </div>
   <div class='ocr_carea' id='block_1_48' title="bbox 1951 842 3531 919">
    <p class='ocr_par' dir='ltr' id='par_1_48' title="bbox 1951 842 3531 919">
     <span class='ocr_line' id='line_1_48' title="bbox 1951 842 3531 919; baseline 0.003 -24"><span class='ocrx_word' id='word_1_335' title='bbox 1951 845 2123 897; x_wconf 80' lang='lat' dir='ltr'><strong>transi</strong></span> <span class='ocrx_word' id='word_1_336' title='bbox 2178 859 2273 913; x_wconf 83' lang='lat' dir='ltr'><strong>per</strong></span> <span class='ocrx_word' id='word_1_337' title='bbox 2319 842 2636 899; x_wconf 72' lang='lat' dir='ltr'><strong>Iordanem.</strong></span> <span class='ocrx_word' id='word_1_338' title='bbox 2660 843 2725 917; x_wconf 78' lang='grc'><strong>[1,</strong></span> <span class='ocrx_word' id='word_1_339' title='bbox 2759 844 2840 919; x_wconf 72' lang='lat'><strong>2.]</strong></span> <span class='ocrx_word' id='word_1_340' title='bbox 2868 844 3016 901; x_wconf 89' lang='lat' dir='ltr'><strong>Obiit</strong></span> <span class='ocrx_word' id='word_1_341' title='bbox 3060 845 3261 912; x_wconf 81' lang='lat' dir='ltr'><strong>Moses,</strong></span> <span class='ocrx_word' id='word_1_342' title='bbox 3289 848 3390 902; x_wconf 86' lang='lat' dir='ltr'><strong>hoc</strong></span> <span class='ocrx_word' id='word_1_343' title='bbox 3421 854 3531 911; x_wconf 88' lang='lat' dir='ltr'><strong>est,</strong></span> 
     </span>
    </p>
   </div>
   <div class='ocr_carea' id='block_1_49' title="bbox 1949 931 3531 1007">
    <p class='ocr_par' dir='ltr' id='par_1_49' title="bbox 1949 931 3531 1007">
     <span class='ocr_line' id='line_1_49' title="bbox 1949 931 3531 1007; baseline 0.005 -21"><span class='ocrx_word' id='word_1_344' title='bbox 1949 931 2211 988; x_wconf 80' lang='lat' dir='ltr'><strong>defuncta</strong></span> <span class='ocrx_word' id='word_1_345' title='bbox 2231 942 2320 991; x_wconf 86' lang='lat' dir='ltr'><strong>est</strong></span> <span class='ocrx_word' id='word_1_346' title='bbox 2346 935 2431 989; x_wconf 80' lang='lat' dir='ltr'><strong>lex</strong></span> <span class='ocrx_word' id='word_1_347' title='bbox 2450 949 2570 1004; x_wconf 68' lang='lat' dir='ltr'><strong>qua:</strong></span> <span class='ocrx_word' id='word_1_348' title='bbox 2586 935 2765 993; x_wconf 84' lang='lat' dir='ltr'><strong>Moses</strong></span> <span class='ocrx_word' id='word_1_349' title='bbox 2785 947 3160 1007; x_wconf 84' lang='lat' dir='ltr'><strong>nuncupatur,</strong></span> <span class='ocrx_word' id='word_1_350' title='bbox 3183 938 3339 1007; x_wconf 75' lang='lat' dir='ltr'><strong>juxta</strong></span> <span class='ocrx_word' id='word_1_351' title='bbox 3360 938 3491 994; x_wconf 91' lang='lat' dir='ltr'><strong>illud</strong></span> <span class='ocrx_word' id='word_1_352' title='bbox 3515 957 3531 994; x_wconf 90' lang='lat'><strong>:</strong></span> 
     </span>
    </p>
   </div>
   <div class='ocr_carea' id='block_1_50' title="bbox 1954 1024 3534 1101">
    <p class='ocr_par' dir='ltr' id='par_1_50' title="bbox 1954 1024 3534 1101">
     <span class='ocr_line' id='line_1_50' title="bbox 1954 1024 3534 1101; baseline 0.008 -25"><span class='ocrx_word' id='word_1_353' title='bbox 1954 1042 1975 1076; x_wconf 80' lang='grc' dir='ltr'>ι</span> <span class='ocrx_word' id='word_1_354' title='bbox 2011 1024 2199 1080; x_wconf 84' lang='lat' dir='ltr'><strong>Mosen</strong></span> <span class='ocrx_word' id='word_1_355' title='bbox 2252 1026 2456 1083; x_wconf 82' lang='lat' dir='ltr'><strong>habent</strong></span> <span class='ocrx_word' id='word_1_356' title='bbox 2495 1034 2550 1082; x_wconf 90' lang='lat' dir='ltr'><strong>et</strong></span> <span class='ocrx_word' id='word_1_357' title='bbox 2605 1029 2901 1099; x_wconf 84' lang='lat' dir='ltr'><strong>prepbetas</strong></span> <span class='ocrx_word' id='word_1_358' title='bbox 2932 1031 2999 1085; x_wconf 73' lang='grc'><strong>⁸³.</strong></span> <span class='ocrx_word' id='word_1_359' title='bbox 3050 1050 3070 1084; x_wconf 73' lang='grc' dir='ltr'><strong>ι</strong></span> <span class='ocrx_word' id='word_1_360' title='bbox 3102 1031 3275 1101; x_wconf 78' lang='lat' dir='ltr'><strong>Cujus</strong></span> <span class='ocrx_word' id='word_1_361' title='bbox 3317 1033 3439 1087; x_wconf 89' lang='lat' dir='ltr'><strong>loco</strong></span> <span class='ocrx_word' id='word_1_362' title='bbox 3484 1033 3534 1089; x_wconf 89' lang='lat' dir='ltr'><strong>is</strong></span> 
     </span>
    </p>
   </div>
   <div class='ocr_carea' id='block_1_51' title="bbox 1948 1118 3528 1195">
    <p class='ocr_par' dir='ltr' id='par_1_51' title="bbox 1948 1118 3528 1195">
     <span class='ocr_line' id='line_1_51' title="bbox 1948 1118 3528 1195; baseline 0.004 -22"><span class='ocrx_word' id='word_1_363' title='bbox 1948 1118 2043 1189; x_wconf 89' lang='lat' dir='ltr'><strong>qui</strong></span> <span class='ocrx_word' id='word_1_364' title='bbox 2084 1120 2257 1190; x_wconf 91' lang='lat' dir='ltr'><strong>legem</strong></span> <span class='ocrx_word' id='word_1_365' title='bbox 2301 1120 2420 1176; x_wconf 85' lang='lat' dir='ltr'><strong>suis</strong></span> <span class='ocrx_word' id='word_1_366' title='bbox 2472 1123 2760 1192; x_wconf 68' lang='lat' dir='ltr'><strong>praeceptis</strong></span> <span class='ocrx_word' id='word_1_367' title='bbox 2810 1137 2875 1177; x_wconf 88' lang='lat' dir='ltr'><strong>ac</strong></span> <span class='ocrx_word' id='word_1_368' title='bbox 2929 1122 3168 1180; x_wconf 85' lang='lat' dir='ltr'><strong>decretis</strong></span> <span class='ocrx_word' id='word_1_369' title='bbox 3216 1124 3528 1195; x_wconf 85' lang='lat' dir='ltr'><strong>abrogavit.</strong></span> 
     </span>
    </p>
   </div>
   <div class='ocr_carea' id='block_1_52' title="bbox 1947 1209 3532 1282">
    <p class='ocr_par' dir='ltr' id='par_1_52' title="bbox 1947 1209 3532 1282">
     <span class='ocr_line' id='line_1_52' title="bbox 1947 1209 3532 1282; baseline 0.004 -17"><span class='ocrx_word' id='word_1_370' title='bbox 1947 1209 2243 1265; x_wconf 82' lang='lat' dir='ltr'><strong>Jordanein</strong></span> <span class='ocrx_word' id='word_1_371' title='bbox 2280 1211 2509 1281; x_wconf 81' lang='lat' dir='ltr'><strong>trajicit,</strong></span> <span class='ocrx_word' id='word_1_372' title='bbox 2542 1220 2603 1266; x_wconf 90' lang='lat' dir='ltr'><strong>ut</strong></span> <span class='ocrx_word' id='word_1_373' title='bbox 2629 1212 2804 1282; x_wconf 85' lang='lat' dir='ltr'><strong>ipsius</strong></span> <span class='ocrx_word' id='word_1_374' title='bbox 2844 1214 2911 1267; x_wconf 89' lang='lat' dir='ltr'><strong>ad</strong></span> <span class='ocrx_word' id='word_1_375' title='bbox 2958 1213 3318 1270; x_wconf 83' lang='lat' dir='ltr'><strong>Nicodemum</strong></span> <span class='ocrx_word' id='word_1_376' title='bbox 3346 1217 3532 1271; x_wconf 84' lang='lat' dir='ltr'><strong>verbis</strong></span> 
     </span>
    </p>
   </div>
   <div class='ocr_carea' id='block_1_53' title="bbox 1948 1302 3528 1379">
    <p class='ocr_par' dir='ltr' id='par_1_53' title="bbox 1948 1302 3528 1379">
     <span class='ocr_line' id='line_1_53' title="bbox 1948 1302 3528 1379; baseline 0.004 -21"><span class='ocrx_word' id='word_1_377' title='bbox 1948 1309 2209 1358; x_wconf 85' lang='lat' dir='ltr'><strong>constat:</strong></span> <span class='ocrx_word' id='word_1_378' title='bbox 2248 1321 2269 1355; x_wconf 76' lang='grc' dir='ltr'><strong>ι</strong></span> <span class='ocrx_word' id='word_1_379' title='bbox 2303 1302 2420 1360; x_wconf 87' lang='lat' dir='ltr'><strong>Nisi</strong></span> <span class='ocrx_word' id='word_1_380' title='bbox 2444 1306 2573 1376; x_wconf 86' lang='lat' dir='ltr'><strong>quis</strong></span> <span class='ocrx_word' id='word_1_381' title='bbox 2638 1306 2921 1376; x_wconf 89' lang='lat' dir='ltr'><strong>regenitus</strong></span> <span class='ocrx_word' id='word_1_382' title='bbox 2956 1322 3024 1361; x_wconf 82' lang='lat' dir='ltr'><strong>ex</strong></span> <span class='ocrx_word' id='word_1_383' title='bbox 3061 1323 3205 1378; x_wconf 88' lang='lat' dir='ltr'><strong>aqua</strong></span> <span class='ocrx_word' id='word_1_384' title='bbox 3238 1317 3292 1364; x_wconf 92' lang='lat' dir='ltr'><strong>et</strong></span> <span class='ocrx_word' id='word_1_385' title='bbox 3323 1310 3528 1379; x_wconf 76' lang='lat' dir='ltr'><strong>spiritu</strong></span> 
     </span>
    </p>
   </div>
   <div class='ocr_carea' id='block_1_54' title="bbox 1950 1393 3528 1469">
    <p class='ocr_par' dir='ltr' id='par_1_54' title="bbox 1950 1393 3528 1469">
     <span class='ocr_line' id='line_1_54' title="bbox 1950 1393 3528 1469; baseline 0.004 -21"><span class='ocrx_word' id='word_1_386' title='bbox 1950 1393 2139 1460; x_wconf 82' lang='lat' dir='ltr'><strong>fuerit,</strong></span> <span class='ocrx_word' id='word_1_387' title='bbox 2195 1394 2253 1449; x_wconf 85' lang='lat' dir='ltr'><strong>in</strong></span> <span class='ocrx_word' id='word_1_388' title='bbox 2308 1411 2537 1466; x_wconf 86' lang='lat' dir='ltr'><strong>regnum</strong></span> <span class='ocrx_word' id='word_1_389' title='bbox 2603 1398 2872 1453; x_wconf 71' lang='lat' dir='ltr'><strong>cmlorum</strong></span> <span class='ocrx_word' id='word_1_390' title='bbox 2921 1414 3030 1452; x_wconf 90' lang='lat' dir='ltr'><strong>non</strong></span> <span class='ocrx_word' id='word_1_391' title='bbox 3076 1399 3415 1469; x_wconf 74' lang='lat' dir='ltr'><strong>ingredietur</strong></span> <span class='ocrx_word' id='word_1_392' title='bbox 3457 1401 3528 1464; x_wconf 78' lang='lat'><strong>&#39;°,</strong></span> 
     </span>
    </p>
   </div>
   <div class='ocr_carea' id='block_1_55' title="bbox 1949 1486 3529 1563">
    <p class='ocr_par' dir='ltr' id='par_1_55' title="bbox 1949 1486 3529 1563">
     <span class='ocr_line' id='line_1_55' title="bbox 1949 1486 3529 1563; baseline 0.005 -22"><span class='ocrx_word' id='word_1_393' title='bbox 1949 1486 2110 1557; x_wconf 84' lang='lat' dir='ltr'><strong>cujus</strong></span> <span class='ocrx_word' id='word_1_394' title='bbox 2134 1487 2251 1557; x_wconf 89' lang='lat' dir='ltr'><strong>ipse</strong></span> <span class='ocrx_word' id='word_1_395' title='bbox 2285 1488 2556 1545; x_wconf 88' lang='lat' dir='ltr'><strong>tinctione</strong></span> <span class='ocrx_word' id='word_1_396' title='bbox 2582 1505 2691 1560; x_wconf 88' lang='lat' dir='ltr'><strong>qua</strong></span> <span class='ocrx_word' id='word_1_397' title='bbox 2740 1506 2853 1546; x_wconf 91' lang='lat' dir='ltr'><strong>non</strong></span> <span class='ocrx_word' id='word_1_398' title='bbox 2882 1490 3162 1563; x_wconf 83' lang='lat' dir='ltr'><strong>indigebat</strong></span> <span class='ocrx_word' id='word_1_399' title='bbox 3192 1501 3401 1559; x_wconf 88' lang='lat' dir='ltr'><strong>tamen,</strong></span> <span class='ocrx_word' id='word_1_400' title='bbox 3434 1509 3529 1549; x_wconf 90' lang='lat' dir='ltr'><strong>ve-</strong></span> 
     </span>
    </p>
   </div>
   <div class='ocr_carea' id='block_1_56' title="bbox 1949 1583 3092 1652">
    <p class='ocr_par' dir='ltr' id='par_1_56' title="bbox 1949 1583 3092 1652">
     <span class='ocr_line' id='line_1_56' title="bbox 1949 1583 3092 1652; baseline 0.003 -17"><span class='ocrx_word' id='word_1_401' title='bbox 1949 1595 2072 1635; x_wconf 86' lang='lat' dir='ltr'><strong>rum</strong></span> <span class='ocrx_word' id='word_1_402' title='bbox 2101 1583 2446 1637; x_wconf 83' lang='lat' dir='ltr'><strong>consecravit</strong></span> <span class='ocrx_word' id='word_1_403' title='bbox 2468 1597 2660 1652; x_wconf 86' lang='lat' dir='ltr'><strong>aquas,</strong></span> <span class='ocrx_word' id='word_1_404' title='bbox 2694 1584 2915 1638; x_wconf 89' lang='lat' dir='ltr'><strong>initium</strong></span> <span class='ocrx_word' id='word_1_405' title='bbox 2944 1583 3092 1639; x_wconf 82' lang='lat' dir='ltr'><strong>fecit.</strong></span> 
     </span>
    </p>
   </div>
   <div class='ocr_carea' id='block_1_57' title="bbox 2022 1671 3529 1744">
    <p class='ocr_par' dir='ltr' id='par_1_57' title="bbox 2022 1671 3529 1744">
     <span class='ocr_line' id='line_1_57' title="bbox 2022 1671 3529 1744; baseline -0.001 -16"><span class='ocrx_word' id='word_1_406' title='bbox 2022 1671 2243 1728; x_wconf 84' lang='lat' dir='ltr'><strong>Omnem</strong></span> <span class='ocrx_word' id='word_1_407' title='bbox 2266 1673 2439 1727; x_wconf 79' lang='lat' dir='ltr'><strong>locum</strong></span> <span class='ocrx_word' id='word_1_408' title='bbox 2462 1690 2619 1744; x_wconf 77' lang='lat' dir='ltr'><strong>super</strong></span> <span class='ocrx_word' id='word_1_409' title='bbox 2634 1690 2785 1744; x_wconf 86' lang='lat' dir='ltr'><strong>quem</strong></span> <span class='ocrx_word' id='word_1_410' title='bbox 2807 1674 2993 1740; x_wconf 81' lang='lat' dir='ltr'><strong>planta</strong></span> <span class='ocrx_word' id='word_1_411' title='bbox 3015 1674 3206 1743; x_wconf 80' lang='lat' dir='ltr'><strong>pedum</strong></span> <span class='ocrx_word' id='word_1_412' title='bbox 3235 1682 3529 1729; x_wconf 81' lang='lat' dir='ltr'><strong>vestrorum</strong></span> 
     </span>
    </p>
   </div>
   <div class='ocr_carea' id='block_1_58' title="bbox 1950 1764 3527 1837">
    <p class='ocr_par' dir='ltr' id='par_1_58' title="bbox 1950 1764 3527 1837">
     <span class='ocr_line' id='line_1_58' title="bbox 1950 1764 3527 1837; baseline 0 -18"><span class='ocrx_word' id='word_1_413' title='bbox 1950 1764 2323 1829; x_wconf 82' lang='lat' dir='ltr'><strong>calcaveritis,</strong></span> <span class='ocrx_word' id='word_1_414' title='bbox 2377 1765 2521 1819; x_wconf 81' lang='lat' dir='ltr'><strong>vobis</strong></span> <span class='ocrx_word' id='word_1_415' title='bbox 2580 1764 2741 1819; x_wconf 86' lang='lat' dir='ltr'><strong>dabo.</strong></span> <span class='ocrx_word' id='word_1_416' title='bbox 2796 1764 2896 1837; x_wconf 75' lang='lat'><strong>[5.]</strong></span> <span class='ocrx_word' id='word_1_417' title='bbox 2951 1764 3257 1819; x_wconf 89' lang='lat' dir='ltr'><strong>Promissio</strong></span> <span class='ocrx_word' id='word_1_418' title='bbox 3306 1765 3527 1836; x_wconf 83' lang='lat' dir='ltr'><strong>quidem</strong></span> 
     </span>
    </p>
   </div>
   <div class='ocr_carea' id='block_1_59' title="bbox 1950 1857 3528 1928">
    <p class='ocr_par' dir='ltr' id='par_1_59' title="bbox 1950 1857 3528 1928">
     <span class='ocr_line' id='line_1_59' title="bbox 1950 1857 3528 1928; baseline 0.001 -18"><span class='ocrx_word' id='word_1_419' title='bbox 1950 1864 2101 1911; x_wconf 83' lang='lat' dir='ltr'><strong>tanta</strong></span> <span class='ocrx_word' id='word_1_420' title='bbox 2124 1864 2227 1912; x_wconf 89' lang='lat' dir='ltr'><strong>est.</strong></span> <span class='ocrx_word' id='word_1_421' title='bbox 2259 1857 2328 1911; x_wconf 82' lang='lat' dir='ltr'><strong>At</strong></span> <span class='ocrx_word' id='word_1_422' title='bbox 2393 1865 2583 1927; x_wconf 85' lang='lat' dir='ltr'><strong>gentes</strong></span> <span class='ocrx_word' id='word_1_423' title='bbox 2629 1858 2952 1926; x_wconf 88' lang='lat' dir='ltr'><strong>spirituales</strong></span> <span class='ocrx_word' id='word_1_424' title='bbox 2989 1857 3213 1913; x_wconf 87' lang='lat' dir='ltr'><strong>vincere</strong></span> <span class='ocrx_word' id='word_1_425' title='bbox 3239 1859 3342 1913; x_wconf 90' lang='lat' dir='ltr'><strong>hoc</strong></span> <span class='ocrx_word' id='word_1_426' title='bbox 3367 1873 3528 1928; x_wconf 81' lang='lat' dir='ltr'><strong>opus,</strong></span> 
     </span>
    </p>
   </div>
   <div class='ocr_carea' id='block_1_60' title="bbox 1949 1947 3530 2019">
    <p class='ocr_par' dir='ltr' id='par_1_60' title="bbox 1949 1947 3530 2019">
     <span class='ocr_line' id='line_1_60' title="bbox 1949 1947 3530 2019; baseline 0.001 -15"><span class='ocrx_word' id='word_1_427' title='bbox 1949 1949 2041 2004; x_wconf 92' lang='lat' dir='ltr'><strong>hie</strong></span> <span class='ocrx_word' id='word_1_428' title='bbox 2069 1950 2245 2005; x_wconf 84' lang='lat' dir='ltr'><strong>labor.</strong></span> <span class='ocrx_word' id='word_1_429' title='bbox 2274 1947 2377 2004; x_wconf 87' lang='lat' dir='ltr'><strong>Ubi</strong></span> <span class='ocrx_word' id='word_1_430' title='bbox 2427 1950 2709 2005; x_wconf 89' lang='lat' dir='ltr'><strong>curricqu</strong></span> <span class='ocrx_word' id='word_1_431' title='bbox 2751 1958 2948 2005; x_wconf 80' lang='lat' dir='ltr'><strong>exacto</strong></span> <span class='ocrx_word' id='word_1_432' title='bbox 2995 1949 3063 2004; x_wconf 91' lang='lat' dir='ltr'><strong>ad</strong></span> <span class='ocrx_word' id='word_1_433' title='bbox 3108 1965 3341 2019; x_wconf 86' lang='lat' dir='ltr'><strong>superas</strong></span> <span class='ocrx_word' id='word_1_434' title='bbox 3372 1952 3530 2006; x_wconf 73' lang='lat' dir='ltr'><strong>sedes</strong></span> 
     </span>
    </p>
   </div>
   <div class='ocr_carea' id='block_1_61' title="bbox 1949 2039 3531 2097">
    <p class='ocr_par' dir='ltr' id='par_1_61' title="bbox 1949 2039 3531 2097">
     <span class='ocr_line' id='line_1_61' title="bbox 1949 2039 3531 2097; baseline -0.001 -2"><span class='ocrx_word' id='word_1_435' title='bbox 1949 2039 2432 2097; x_wconf 88' lang='lat' dir='ltr'><strong>conscendendum</strong></span> <span class='ocrx_word' id='word_1_436' title='bbox 2454 2048 2560 2096; x_wconf 89' lang='lat' dir='ltr'><strong>est.</strong></span> <span class='ocrx_word' id='word_1_437' title='bbox 2620 2041 2738 2095; x_wconf 92' lang='lat' dir='ltr'><strong>lmo</strong></span> <span class='ocrx_word' id='word_1_438' title='bbox 2774 2055 2905 2095; x_wconf 87' lang='lat' dir='ltr'><strong>vero</strong></span> <span class='ocrx_word' id='word_1_439' title='bbox 2936 2041 3037 2096; x_wconf 86' lang='lat' dir='ltr'><strong>has</strong></span> <span class='ocrx_word' id='word_1_440' title='bbox 3082 2050 3213 2097; x_wconf 90' lang='lat' dir='ltr'><strong>ante</strong></span> <span class='ocrx_word' id='word_1_441' title='bbox 3243 2043 3311 2095; x_wconf 91' lang='lat' dir='ltr'><strong>ad</strong></span> <span class='ocrx_word' id='word_1_442' title='bbox 3346 2042 3531 2096; x_wconf 87' lang='lat' dir='ltr'><strong>virtu-</strong></span> 
     </span>
    </p>
   </div>
   <div class='ocr_carea' id='block_1_62' title="bbox 1949 2130 3532 2201">
    <p class='ocr_par' dir='ltr' id='par_1_62' title="bbox 1949 2130 3532 2201">
     <span class='ocr_line' id='line_1_62' title="bbox 1949 2130 3532 2201; baseline 0.001 -17"><span class='ocrx_word' id='word_1_443' title='bbox 1949 2138 2058 2184; x_wconf 85' lang='lat' dir='ltr'><strong>tem</strong></span> <span class='ocrx_word' id='word_1_444' title='bbox 2111 2144 2177 2185; x_wconf 90' lang='lat' dir='ltr'><strong>ac</strong></span> <span class='ocrx_word' id='word_1_445' title='bbox 2224 2131 2534 2195; x_wconf 87' lang='lat' dir='ltr'><strong>veritatem,</strong></span> <span class='ocrx_word' id='word_1_446' title='bbox 2580 2130 2635 2185; x_wconf 91' lang='lat' dir='ltr'><strong>in</strong></span> <span class='ocrx_word' id='word_1_447' title='bbox 2694 2131 2839 2185; x_wconf 89' lang='lat' dir='ltr'><strong>viam</strong></span> <span class='ocrx_word' id='word_1_448' title='bbox 2875 2131 3030 2201; x_wconf 84' lang='lat' dir='ltr'><strong>pacis</strong></span> <span class='ocrx_word' id='word_1_449' title='bbox 3071 2130 3176 2186; x_wconf 90' lang='lat' dir='ltr'><strong>iter</strong></span> <span class='ocrx_word' id='word_1_450' title='bbox 3203 2131 3365 2186; x_wconf 91' lang='lat' dir='ltr'><strong>nobis</strong></span> <span class='ocrx_word' id='word_1_451' title='bbox 3389 2147 3532 2201; x_wconf 64' lang='lat' dir='ltr'><strong>pra:-</strong></span> 
     </span>
    </p>
   </div>
   <div class='ocr_carea' id='block_1_63' title="bbox 1950 2220 3531 2292">
    <p class='ocr_par' dir='ltr' id='par_1_63' title="bbox 1950 2220 3531 2292">
     <span class='ocr_line' id='line_1_63' title="bbox 1950 2220 3531 2292; baseline 0 -15"><span class='ocrx_word' id='word_1_452' title='bbox 1950 2223 2111 2277; x_wconf 87' lang='lat' dir='ltr'><strong>bente</strong></span> <span class='ocrx_word' id='word_1_453' title='bbox 2183 2220 2353 2289; x_wconf 76' lang='lat' dir='ltr'><strong>Jesu;</strong></span> <span class='ocrx_word' id='word_1_454' title='bbox 2396 2223 2488 2292; x_wconf 89' lang='lat' dir='ltr'><strong>qui</strong></span> <span class='ocrx_word' id='word_1_455' title='bbox 2541 2230 2832 2292; x_wconf 90' lang='lat' dir='ltr'><strong>serpentes</strong></span> <span class='ocrx_word' id='word_1_456' title='bbox 2885 2223 3051 2276; x_wconf 89' lang='lat' dir='ltr'><strong>etiam</strong></span> <span class='ocrx_word' id='word_1_457' title='bbox 3103 2228 3160 2277; x_wconf 91' lang='lat' dir='ltr'><strong>et</strong></span> <span class='ocrx_word' id='word_1_458' title='bbox 3208 2223 3531 2292; x_wconf 88' lang='lat' dir='ltr'><strong>scorpiones</strong></span> 
     </span>
    </p>
   </div>
   <div class='ocr_carea' id='block_1_64' title="bbox 1950 2314 3531 2386">
    <p class='ocr_par' dir='ltr' id='par_1_64' title="bbox 1950 2314 3531 2386">
     <span class='ocr_line' id='line_1_64' title="bbox 1950 2314 3531 2386; baseline -0.001 -17"><span class='ocrx_word' id='word_1_459' title='bbox 1950 2315 2112 2370; x_wconf 91' lang='lat' dir='ltr'><strong>nobis</strong></span> <span class='ocrx_word' id='word_1_460' title='bbox 2148 2316 2448 2370; x_wconf 85' lang='lat' dir='ltr'><strong>calcandos</strong></span> <span class='ocrx_word' id='word_1_461' title='bbox 2473 2315 2707 2384; x_wconf 65' lang='lat' dir='ltr'><strong>praebuit</strong></span> <span class='ocrx_word' id='word_1_462' title='bbox 2736 2316 2803 2380; x_wconf 81' lang='lat'><strong>“,</strong></span> <span class='ocrx_word' id='word_1_463' title='bbox 2846 2314 3206 2386; x_wconf 87' lang='lat' dir='ltr'><strong>gentiumque</strong></span> <span class='ocrx_word' id='word_1_464' title='bbox 3236 2314 3531 2368; x_wconf 71' lang='lat' dir='ltr'><strong>haeredita-</strong></span> 
     </span>
    </p>
   </div>
   <div class='ocr_carea' id='block_1_65' title="bbox 1951 2404 3531 2475">
    <p class='ocr_par' dir='ltr' id='par_1_65' title="bbox 1951 2404 3531 2475">
     <span class='ocr_line' id='line_1_65' title="bbox 1951 2404 3531 2475; baseline -0.001 -14"><span class='ocrx_word' id='word_1_465' title='bbox 1951 2415 2058 2461; x_wconf 89' lang='lat' dir='ltr'><strong>tem</strong></span> <span class='ocrx_word' id='word_1_466' title='bbox 2083 2408 2330 2461; x_wconf 88' lang='lat' dir='ltr'><strong>donavit.</strong></span> <span class='ocrx_word' id='word_1_467' title='bbox 2366 2406 2821 2462; x_wconf 89' lang='lat' dir='ltr'><strong>Conseendamus</strong></span> <span class='ocrx_word' id='word_1_468' title='bbox 2845 2406 3073 2475; x_wconf 89' lang='lat' dir='ltr'><strong>insuper</strong></span> <span class='ocrx_word' id='word_1_469' title='bbox 3106 2404 3320 2461; x_wconf 87' lang='lat' dir='ltr'><strong>decenti</strong></span> <span class='ocrx_word' id='word_1_470' title='bbox 3353 2405 3531 2475; x_wconf 82' lang='lat' dir='ltr'><strong>gradu</strong></span> 
     </span>
    </p>
   </div>
   <div class='ocr_carea' id='block_1_66' title="bbox 1950 2496 3530 2569">
    <p class='ocr_par' dir='ltr' id='par_1_66' title="bbox 1950 2496 3530 2569">
     <span class='ocr_line' id='line_1_66' title="bbox 1950 2496 3530 2569; baseline 0 -15"><span class='ocrx_word' id='word_1_471' title='bbox 1950 2514 2116 2569; x_wconf 89' lang='lat' dir='ltr'><strong>super</strong></span> <span class='ocrx_word' id='word_1_472' title='bbox 2164 2500 2313 2553; x_wconf 89' lang='lat' dir='ltr'><strong>dicta</strong></span> <span class='ocrx_word' id='word_1_473' title='bbox 2376 2499 2432 2553; x_wconf 92' lang='lat' dir='ltr'><strong>in</strong></span> <span class='ocrx_word' id='word_1_474' title='bbox 2492 2496 2798 2567; x_wconf 89' lang='lat' dir='ltr'><strong>Scripturis</strong></span> <span class='ocrx_word' id='word_1_475' title='bbox 2861 2497 3280 2569; x_wconf 88' lang='lat' dir='ltr'><strong>comprehensa.</strong></span> <span class='ocrx_word' id='word_1_476' title='bbox 3306 2497 3387 2552; x_wconf 87' lang='lat' dir='ltr'><strong>Ad</strong></span> <span class='ocrx_word' id='word_1_477' title='bbox 3428 2513 3530 2554; x_wconf 90' lang='lat' dir='ltr'><strong>nos</strong></span> 
     </span>
    </p>
   </div>
   <div class='ocr_carea' id='block_1_67' title="bbox 1949 2589 3528 2659">
    <p class='ocr_par' dir='ltr' id='par_1_67' title="bbox 1949 2589 3528 2659">
     <span class='ocr_line' id='line_1_67' title="bbox 1949 2589 3528 2659; baseline 0 -15"><span class='ocrx_word' id='word_1_478' title='bbox 1949 2590 2095 2644; x_wconf 91' lang='lat' dir='ltr'><strong>enim</strong></span> <span class='ocrx_word' id='word_1_479' title='bbox 2128 2590 2446 2645; x_wconf 88' lang='lat' dir='ltr'><strong>intellectus</strong></span> <span class='ocrx_word' id='word_1_480' title='bbox 2505 2591 2765 2659; x_wconf 84' lang='lat' dir='ltr'><strong>pertinet.</strong></span> <span class='ocrx_word' id='word_1_481' title='bbox 2804 2589 2949 2645; x_wconf 86' lang='lat' dir='ltr'><strong>Deus</strong></span> <span class='ocrx_word' id='word_1_482' title='bbox 3000 2589 3186 2658; x_wconf 81' lang='lat' dir='ltr'><strong>itaque</strong></span> <span class='ocrx_word' id='word_1_483' title='bbox 3223 2596 3425 2643; x_wconf 83' lang='lat' dir='ltr'><strong>terram</strong></span> <span class='ocrx_word' id='word_1_484' title='bbox 3461 2589 3528 2644; x_wconf 89' lang='lat' dir='ltr'><strong>ad</strong></span> 
     </span>
    </p>
   </div>
   <div class='ocr_carea' id='block_1_68' title="bbox 1950 2666 3532 2752">
    <p class='ocr_par' dir='ltr' id='par_1_68' title="bbox 1950 2666 3532 2752">
     <span class='ocr_line' id='line_1_68' title="bbox 1950 2666 3532 2752; baseline 0.001 -17"><span class='ocrx_word' id='word_1_485' title='bbox 1950 2681 2285 2752; x_wconf 87' lang='lat' dir='ltr'><strong>Euphratem</strong></span> <span class='ocrx_word' id='word_1_486' title='bbox 2355 2697 2416 2737; x_wconf 88' lang='lat' dir='ltr'><strong>se</strong></span> <span class='ocrx_word' id='word_1_487' title='bbox 2478 2681 2740 2736; x_wconf 87' lang='lat' dir='ltr'><strong>daturum</strong></span> <span class='ocrx_word' id='word_1_488' title='bbox 2791 2683 2904 2737; x_wconf 93' lang='lat' dir='ltr'><strong>illis</strong></span> <span class='ocrx_word' id='word_1_489' title='bbox 2956 2690 3042 2736; x_wconf 91' lang='lat' dir='ltr'><strong>est</strong></span> <span class='ocrx_word' id='word_1_490' title='bbox 3075 2666 3394 2751; x_wconf 80' lang='lat' dir='ltr'><strong>pollicitus,</strong></span> <span class='ocrx_word' id='word_1_491' title='bbox 3444 2681 3532 2737; x_wconf 90' lang='lat' dir='ltr'><strong>in-</strong></span> 
     </span>
    </p>
   </div>
   <div class='ocr_carea' id='block_1_69' title="bbox 1948 2769 3531 2841">
    <p class='ocr_par' dir='ltr' id='par_1_69' title="bbox 1948 2769 3531 2841">
     <span class='ocr_line' id='line_1_69' title="bbox 1948 2769 3531 2841; baseline -0.001 -17"><span class='ocrx_word' id='word_1_492' title='bbox 1948 2771 2130 2839; x_wconf 87' lang='lat' dir='ltr'><strong>dignis</strong></span> <span class='ocrx_word' id='word_1_493' title='bbox 2182 2786 2312 2826; x_wconf 89' lang='lat' dir='ltr'><strong>vero</strong></span> <span class='ocrx_word' id='word_1_494' title='bbox 2363 2770 2501 2827; x_wconf 88' lang='lat' dir='ltr'><strong>visis</strong></span> <span class='ocrx_word' id='word_1_495' title='bbox 2561 2770 3025 2841; x_wconf 85' lang='lat' dir='ltr'><strong>promissionibus</strong></span> <span class='ocrx_word' id='word_1_496' title='bbox 3071 2785 3179 2824; x_wconf 88' lang='lat' dir='ltr'><strong>non</strong></span> <span class='ocrx_word' id='word_1_497' title='bbox 3213 2770 3383 2826; x_wconf 83' lang='lat' dir='ltr'><strong>stetit.</strong></span> <span class='ocrx_word' id='word_1_498' title='bbox 3422 2769 3531 2823; x_wconf 83' lang='lat' dir='ltr'><strong>Da-</strong></span> 
     </span>
    </p>
   </div>
   <div class='ocr_carea' id='block_1_70' title="bbox 1947 2861 3530 2933">
    <p class='ocr_par' dir='ltr' id='par_1_70' title="bbox 1947 2861 3530 2933">
     <span class='ocr_line' id='line_1_70' title="bbox 1947 2861 3530 2933; baseline 0.001 -16"><span class='ocrx_word' id='word_1_499' title='bbox 1947 2864 2056 2918; x_wconf 91' lang='lat' dir='ltr'><strong>vidi</strong></span> <span class='ocrx_word' id='word_1_500' title='bbox 2121 2872 2334 2919; x_wconf 89' lang='lat' dir='ltr'><strong>tantum</strong></span> <span class='ocrx_word' id='word_1_501' title='bbox 2372 2873 2428 2919; x_wconf 92' lang='lat' dir='ltr'><strong>et</strong></span> <span class='ocrx_word' id='word_1_502' title='bbox 2481 2863 2768 2920; x_wconf 90' lang='lat' dir='ltr'><strong>Salomoni</strong></span> <span class='ocrx_word' id='word_1_503' title='bbox 2801 2864 2895 2933; x_wconf 92' lang='lat' dir='ltr'><strong>qui</strong></span> <span class='ocrx_word' id='word_1_504' title='bbox 2919 2862 3069 2933; x_wconf 87' lang='lat' dir='ltr'><strong>digni</strong></span> <span class='ocrx_word' id='word_1_505' title='bbox 3114 2861 3359 2928; x_wconf 83' lang='lat' dir='ltr'><strong>fuerunt,</strong></span> <span class='ocrx_word' id='word_1_506' title='bbox 3389 2877 3530 2932; x_wconf 80' lang='lat' dir='ltr'><strong>prae-</strong></span> 
     </span>
    </p>
   </div>
   <div class='ocr_carea' id='block_1_71' title="bbox 1946 2957 2112 3013">
    <p class='ocr_par' dir='ltr' id='par_1_71' title="bbox 1946 2957 2112 3013">
     <span class='ocr_line' id='line_1_71' title="bbox 1946 2957 2112 3013; baseline -0.006 0"><span class='ocrx_word' id='word_1_507' title='bbox 1946 2957 2112 3013; x_wconf 83' lang='lat' dir='ltr'><strong>stitit.</strong></span> 
     </span>
    </p>
   </div>
   <div class='ocr_carea' id='block_1_72' title="bbox 2023 3044 3528 3119">
    <p class='ocr_par' dir='ltr' id='par_1_72' title="bbox 2023 3044 3528 3119">
     <span class='ocr_line' id='line_1_72' title="bbox 2023 3044 3528 3119; baseline 0 -18"><span class='ocrx_word' id='word_1_508' title='bbox 2023 3048 2294 3102; x_wconf 80' lang='lat' dir='ltr'><strong>Desertum</strong></span> <span class='ocrx_word' id='word_1_509' title='bbox 2322 3056 2373 3101; x_wconf 89' lang='lat' dir='ltr'><strong>et</strong></span> <span class='ocrx_word' id='word_1_510' title='bbox 2402 3046 2794 3102; x_wconf 85' lang='lat' dir='ltr'><strong>Antilibanum.</strong></span> <span class='ocrx_word' id='word_1_511' title='bbox 2830 3044 2932 3119; x_wconf 69' lang='grc'><strong>[4.]</strong></span> <span class='ocrx_word' id='word_1_512' title='bbox 2970 3046 3254 3101; x_wconf 86' lang='lat' dir='ltr'><strong>Desertum</strong></span> <span class='ocrx_word' id='word_1_513' title='bbox 3301 3046 3528 3102; x_wconf 81' lang='lat' dir='ltr'><strong>Christo</strong></span> 
     </span>
    </p>
   </div>
   <div class='ocr_carea' id='block_1_73' title="bbox 1950 3135 3528 3206">
    <p class='ocr_par' dir='ltr' id='par_1_73' title="bbox 1950 3135 3528 3206">
     <span class='ocr_line' id='line_1_73' title="bbox 1950 3135 3528 3206; baseline -0.003 -12"><span class='ocrx_word' id='word_1_514' title='bbox 1950 3137 2234 3206; x_wconf 80' lang='lat' dir='ltr'><strong>subjunxit</strong></span> <span class='ocrx_word' id='word_1_515' title='bbox 2262 3137 2446 3202; x_wconf 83' lang='lat' dir='ltr'><strong>Pater,</strong></span> <span class='ocrx_word' id='word_1_516' title='bbox 2471 3137 2539 3192; x_wconf 90' lang='lat' dir='ltr'><strong>de</strong></span> <span class='ocrx_word' id='word_1_517' title='bbox 2564 3152 2676 3206; x_wconf 84' lang='lat' dir='ltr'><strong>quo</strong></span> <span class='ocrx_word' id='word_1_518' title='bbox 2710 3136 2918 3192; x_wconf 91' lang='lat' dir='ltr'><strong>dictum</strong></span> <span class='ocrx_word' id='word_1_519' title='bbox 2939 3144 3025 3191; x_wconf 91' lang='lat' dir='ltr'><strong>est</strong></span> <span class='ocrx_word' id='word_1_520' title='bbox 3052 3152 3066 3188; x_wconf 91' lang='lat'><strong>:</strong></span> <span class='ocrx_word' id='word_1_521' title='bbox 3109 3155 3127 3188; x_wconf 87' lang='grc'><strong><em>‹</em></strong></span> <span class='ocrx_word' id='word_1_522' title='bbox 3172 3135 3403 3203; x_wconf 68' lang='lat' dir='ltr'><strong>Laetare,</strong></span> <span class='ocrx_word' id='word_1_523' title='bbox 3431 3135 3528 3190; x_wconf 85' lang='lat' dir='ltr'><strong>de—</strong></span> 
     </span>
    </p>
   </div>
   <div class='ocr_carea' id='block_1_74' title="bbox 1947 3226 3528 3285">
    <p class='ocr_par' dir='ltr' id='par_1_74' title="bbox 1947 3226 3528 3285">
     <span class='ocr_line' id='line_1_74' title="bbox 1947 3226 3528 3285; baseline -0.001 -1"><span class='ocrx_word' id='word_1_524' title='bbox 1947 3238 2155 3285; x_wconf 90' lang='lat' dir='ltr'><strong>sertum</strong></span> <span class='ocrx_word' id='word_1_525' title='bbox 2194 3227 2409 3283; x_wconf 89' lang='lat' dir='ltr'><strong>aridum</strong></span> <span class='ocrx_word' id='word_1_526' title='bbox 2432 3230 2499 3283; x_wconf 81' lang='lat'><strong>&quot;.</strong></span> <span class='ocrx_word' id='word_1_527' title='bbox 2533 3247 2551 3280; x_wconf 75' lang='grc' dir='ltr'>ι</span> <span class='ocrx_word' id='word_1_528' title='bbox 2577 3227 2711 3283; x_wconf 85' lang='lat' dir='ltr'><strong>Item</strong></span> <span class='ocrx_word' id='word_1_529' title='bbox 2751 3244 2766 3280; x_wconf 90' lang='lat'><strong>:</strong></span> <span class='ocrx_word' id='word_1_530' title='bbox 2806 3245 2825 3279; x_wconf 81' lang='grc' dir='ltr'>ι</span> <span class='ocrx_word' id='word_1_531' title='bbox 2866 3227 3061 3283; x_wconf 88' lang='lat' dir='ltr'><strong>Plures</strong></span> <span class='ocrx_word' id='word_1_532' title='bbox 3130 3226 3294 3281; x_wconf 86' lang='lat' dir='ltr'><strong>habet</strong></span> <span class='ocrx_word' id='word_1_533' title='bbox 3324 3227 3528 3283; x_wconf 87' lang='lat' dir='ltr'><strong>liberos</strong></span> 
     </span>
    </p>
   </div>
   <div class='ocr_carea' id='block_1_75' title="bbox 1946 3317 3526 3388">
    <p class='ocr_par' dir='ltr' id='par_1_75' title="bbox 1946 3317 3526 3388">
     <span class='ocr_line' id='line_1_75' title="bbox 1946 3317 3526 3388; baseline -0.001 -13"><span class='ocrx_word' id='word_1_534' title='bbox 1946 3322 2108 3376; x_wconf 87' lang='lat' dir='ltr'><strong>vidua</strong></span> <span class='ocrx_word' id='word_1_535' title='bbox 2140 3335 2304 3388; x_wconf 88' lang='lat' dir='ltr'><strong>quam</strong></span> <span class='ocrx_word' id='word_1_536' title='bbox 2349 3322 2605 3375; x_wconf 88' lang='lat' dir='ltr'><strong>maritata</strong></span> <span class='ocrx_word' id='word_1_537' title='bbox 2636 3320 2700 3375; x_wconf 79' lang='lat'><strong>&quot;.</strong></span> <span class='ocrx_word' id='word_1_538' title='bbox 2740 3338 2758 3372; x_wconf 75' lang='grc' dir='ltr'>ι</span> <span class='ocrx_word' id='word_1_539' title='bbox 2793 3317 2904 3374; x_wconf 84' lang='lat' dir='ltr'><strong>Nec</strong></span> <span class='ocrx_word' id='word_1_540' title='bbox 2955 3335 3087 3374; x_wconf 88' lang='lat' dir='ltr'><strong>vero</strong></span> <span class='ocrx_word' id='word_1_541' title='bbox 3133 3317 3404 3373; x_wconf 88' lang='lat' dir='ltr'><strong>Libanum</strong></span> <span class='ocrx_word' id='word_1_542' title='bbox 3428 3317 3526 3373; x_wconf 84' lang='lat' dir='ltr'><strong>Jo-</strong></span> 
     </span>
    </p>
   </div>
   <div class='ocr_carea' id='block_1_76' title="bbox 1948 3408 3527 3483">
    <p class='ocr_par' dir='ltr' id='par_1_76' title="bbox 1948 3408 3527 3483">
     <span class='ocr_line' id='line_1_76' title="bbox 1948 3408 3527 3483; baseline -0.001 -15"><span class='ocrx_word' id='word_1_543' title='bbox 1948 3428 2046 3468; x_wconf 85' lang='lat' dir='ltr'><strong>sue</strong></span> <span class='ocrx_word' id='word_1_544' title='bbox 2074 3412 2386 3483; x_wconf 82' lang='lat' dir='ltr'><strong>subjunxit,</strong></span> <span class='ocrx_word' id='word_1_545' title='bbox 2417 3414 2693 3476; x_wconf 90' lang='lat' dir='ltr'><strong>lsraelem,</strong></span> <span class='ocrx_word' id='word_1_546' title='bbox 2715 3413 2962 3481; x_wconf 87' lang='lat' dir='ltr'><strong>inquam,</strong></span> <span class='ocrx_word' id='word_1_547' title='bbox 2995 3410 3089 3481; x_wconf 91' lang='lat' dir='ltr'><strong>qui</strong></span> <span class='ocrx_word' id='word_1_548' title='bbox 3118 3408 3260 3480; x_wconf 87' lang='lat' dir='ltr'><strong>apud</strong></span> <span class='ocrx_word' id='word_1_549' title='bbox 3286 3410 3527 3480; x_wconf 88' lang='lat' dir='ltr'><strong>prophe-</strong></span> 
     </span>
    </p>
   </div>
   <div class='ocr_carea' id='block_1_77' title="bbox 1949 3504 3530 3571">
    <p class='ocr_par' dir='ltr' id='par_1_77' title="bbox 1949 3504 3530 3571">
     <span class='ocr_line' id='line_1_77' title="bbox 1949 3504 3530 3571; baseline 0 -11"><span class='ocrx_word' id='word_1_550' title='bbox 1949 3514 2033 3562; x_wconf 84' lang='lat' dir='ltr'><strong>tas</strong></span> <span class='ocrx_word' id='word_1_551' title='bbox 2084 3506 2191 3561; x_wconf 88' lang='lat' dir='ltr'><strong>hoc</strong></span> <span class='ocrx_word' id='word_1_552' title='bbox 2250 3506 2491 3562; x_wconf 91' lang='lat' dir='ltr'><strong>nominis</strong></span> <span class='ocrx_word' id='word_1_553' title='bbox 2548 3507 2731 3560; x_wconf 74' lang='lat' dir='ltr'><strong>habet.</strong></span> <span class='ocrx_word' id='word_1_554' title='bbox 2758 3504 2863 3571; x_wconf 86' lang='lat' dir='ltr'><strong>Qui</strong></span> <span class='ocrx_word' id='word_1_555' title='bbox 2891 3505 3017 3558; x_wconf 91' lang='lat' dir='ltr'><strong>item</strong></span> <span class='ocrx_word' id='word_1_556' title='bbox 3072 3505 3320 3559; x_wconf 88' lang='lat' dir='ltr'><strong>olearum</strong></span> <span class='ocrx_word' id='word_1_557' title='bbox 3373 3504 3530 3560; x_wconf 78' lang='lat' dir='ltr'><strong>ferax</strong></span> 
     </span>
    </p>
   </div>
   <div class='ocr_carea' id='block_1_78' title="bbox 1947 3595 3529 3665">
    <p class='ocr_par' dir='ltr' id='par_1_78' title="bbox 1947 3595 3529 3665">
     <span class='ocr_line' id='line_1_78' title="bbox 1947 3595 3529 3665; baseline -0.001 -12"><span class='ocrx_word' id='word_1_558' title='bbox 1947 3598 2129 3655; x_wconf 88' lang='lat' dir='ltr'><strong>dictus</strong></span> <span class='ocrx_word' id='word_1_559' title='bbox 2181 3606 2286 3665; x_wconf 90' lang='lat' dir='ltr'><strong>est,</strong></span> <span class='ocrx_word' id='word_1_560' title='bbox 2345 3612 2536 3653; x_wconf 88' lang='lat' dir='ltr'><strong>verum</strong></span> <span class='ocrx_word' id='word_1_561' title='bbox 2593 3597 2996 3658; x_wconf 85' lang='lat' dir='ltr'><strong>Antilibanum,</strong></span> <span class='ocrx_word' id='word_1_562' title='bbox 3053 3605 3242 3665; x_wconf 89' lang='lat' dir='ltr'><strong>gentes</strong></span> <span class='ocrx_word' id='word_1_563' title='bbox 3282 3595 3431 3664; x_wconf 89' lang='lat' dir='ltr'><strong>ipsas</strong></span> <span class='ocrx_word' id='word_1_564' title='bbox 3470 3596 3529 3652; x_wconf 90' lang='lat' dir='ltr'><strong>in</strong></span> 
     </span>
    </p>
   </div>
   <div class='ocr_carea' id='block_1_79' title="bbox 1947 3688 3387 3759">
    <p class='ocr_par' dir='ltr' id='par_1_79' title="bbox 1947 3688 3387 3759">
     <span class='ocr_line' id='line_1_79' title="bbox 1947 3688 3387 3759; baseline -0.003 -14"><span class='ocrx_word' id='word_1_565' title='bbox 1947 3691 2200 3747; x_wconf 90' lang='lat' dir='ltr'><strong>lsraelem</strong></span> <span class='ocrx_word' id='word_1_566' title='bbox 2227 3691 2445 3753; x_wconf 86' lang='lat' dir='ltr'><strong>insitas,</strong></span> <span class='ocrx_word' id='word_1_567' title='bbox 2478 3690 2908 3759; x_wconf 85' lang='lat' dir='ltr'><strong>iuqueipsorum</strong></span> <span class='ocrx_word' id='word_1_568' title='bbox 2941 3689 3121 3741; x_wconf 89' lang='lat' dir='ltr'><strong>locum</strong></span> <span class='ocrx_word' id='word_1_569' title='bbox 3155 3688 3387 3742; x_wconf 91' lang='lat' dir='ltr'><strong>ascitas.</strong></span> 
     </span>
    </p>
   </div>
   <div class='ocr_carea' id='block_1_80' title="bbox 2022 3777 3528 3853">
    <p class='ocr_par' dir='ltr' id='par_1_80' title="bbox 2022 3777 3528 3853">
     <span class='ocr_line' id='line_1_80' title="bbox 2022 3777 3528 3853; baseline -0.005 -16"><span class='ocrx_word' id='word_1_570' title='bbox 2022 3782 2092 3837; x_wconf 85' lang='lat' dir='ltr'><strong>Et</strong></span> <span class='ocrx_word' id='word_1_571' title='bbox 2140 3781 2594 3853; x_wconf 85' lang='lat' dir='ltr'><strong>quemadmodum</strong></span> <span class='ocrx_word' id='word_1_572' title='bbox 2664 3796 2785 3834; x_wconf 85' lang='lat' dir='ltr'><strong>cum</strong></span> <span class='ocrx_word' id='word_1_573' title='bbox 2841 3778 2990 3833; x_wconf 80' lang='lat' dir='ltr'><strong>Mose</strong></span> <span class='ocrx_word' id='word_1_574' title='bbox 3041 3778 3152 3846; x_wconf 76' lang='lat' dir='ltr'><strong>fui,</strong></span> <span class='ocrx_word' id='word_1_575' title='bbox 3210 3777 3293 3831; x_wconf 83' lang='lat' dir='ltr'><strong>ita</strong></span> <span class='ocrx_word' id='word_1_576' title='bbox 3358 3786 3528 3831; x_wconf 81' lang='lat' dir='ltr'><strong>tecum</strong></span> 
     </span>
    </p>
   </div>
   <div class='ocr_carea' id='block_1_81' title="bbox 1952 3864 3533 3944">
    <p class='ocr_par' dir='ltr' id='par_1_81' title="bbox 1952 3864 3533 3944">
     <span class='ocr_line' id='line_1_81' title="bbox 1952 3864 3533 3944; baseline -0.007 -15"><span class='ocrx_word' id='word_1_577' title='bbox 1952 3870 2063 3939; x_wconf 84' lang='lat' dir='ltr'><strong>ero,</strong></span> <span class='ocrx_word' id='word_1_578' title='bbox 2099 3881 2209 3928; x_wconf 90' lang='lat' dir='ltr'><strong>etc.</strong></span> <span class='ocrx_word' id='word_1_579' title='bbox 2231 3871 2341 3944; x_wconf 83' lang='lat'><strong>[5.]</strong></span> <span class='ocrx_word' id='word_1_580' title='bbox 2374 3872 2495 3925; x_wconf 90' lang='lat' dir='ltr'><strong>Non</strong></span> <span class='ocrx_word' id='word_1_581' title='bbox 2520 3871 2665 3925; x_wconf 90' lang='lat' dir='ltr'><strong>enim</strong></span> <span class='ocrx_word' id='word_1_582' title='bbox 2694 3870 2913 3939; x_wconf 88' lang='lat' dir='ltr'><strong>propria</strong></span> <span class='ocrx_word' id='word_1_583' title='bbox 2942 3869 3150 3922; x_wconf 87' lang='lat' dir='ltr'><strong>virtute</strong></span> <span class='ocrx_word' id='word_1_584' title='bbox 3174 3866 3364 3921; x_wconf 87' lang='lat' dir='ltr'><strong>hostes</strong></span> <span class='ocrx_word' id='word_1_585' title='bbox 3395 3864 3533 3921; x_wconf 86' lang='lat' dir='ltr'><strong>vicit</strong></span> 
     </span>
    </p>
   </div>
   <div class='ocr_carea' id='block_1_82' title="bbox 1953 3956 3547 4031">
    <p class='ocr_par' dir='ltr' id='par_1_82' title="bbox 1953 3956 3547 4031">
     <span class='ocr_line' id='line_1_82' title="bbox 1953 3956 3547 4031; baseline -0.002 -13"><span class='ocrx_word' id='word_1_586' title='bbox 1953 3964 2152 4018; x_wconf 80' lang='lat' dir='ltr'><strong>Moses.</strong></span> <span class='ocrx_word' id='word_1_587' title='bbox 2202 3959 2529 4031; x_wconf 89' lang='lat' dir='ltr'><strong>Hujusmodi</strong></span> <span class='ocrx_word' id='word_1_588' title='bbox 2593 3958 2727 4014; x_wconf 92' lang='lat' dir='ltr'><strong>illud</strong></span> <span class='ocrx_word' id='word_1_589' title='bbox 2777 3973 2997 4029; x_wconf 86' lang='lat' dir='ltr'><strong>quoque</strong></span> <span class='ocrx_word' id='word_1_590' title='bbox 3044 3965 3129 4011; x_wconf 91' lang='lat' dir='ltr'><strong>est</strong></span> <span class='ocrx_word' id='word_1_591' title='bbox 3162 3974 3175 4009; x_wconf 91' lang='lat'><strong>:</strong></span> <span class='ocrx_word' id='word_1_592' title='bbox 3208 3974 3229 4009; x_wconf 79' lang='grc' dir='ltr'><strong>ι</strong></span> <span class='ocrx_word' id='word_1_593' title='bbox 3270 3956 3413 4012; x_wconf 88' lang='lat' dir='ltr'><strong>Ecce</strong></span> <span class='ocrx_word' id='word_1_594' title='bbox 3438 3970 3547 4015; x_wconf 79' lang='lat' dir='ltr'><strong>vo-.</strong></span> 
     </span>
    </p>
   </div>
   <div class='ocr_carea' id='block_1_83' title="bbox 1958 4046 3209 4120">
    <p class='ocr_par' dir='ltr' id='par_1_83' title="bbox 1958 4046 3209 4120">
     <span class='ocr_line' id='line_1_83' title="bbox 1958 4046 3209 4120; baseline -0.008 -11"><span class='ocrx_word' id='word_1_595' title='bbox 1958 4055 2171 4109; x_wconf 90' lang='lat' dir='ltr'><strong>biscum</strong></span> <span class='ocrx_word' id='word_1_596' title='bbox 2206 4065 2327 4105; x_wconf 89' lang='lat' dir='ltr'><strong>sum</strong></span> <span class='ocrx_word' id='word_1_597' title='bbox 2366 4066 2541 4120; x_wconf 89' lang='lat' dir='ltr'><strong>usque</strong></span> <span class='ocrx_word' id='word_1_598' title='bbox 2571 4048 2640 4103; x_wconf 86' lang='lat' dir='ltr'><strong>ad</strong></span> <span class='ocrx_word' id='word_1_599' title='bbox 2666 4049 2831 4103; x_wconf 84' lang='lat' dir='ltr'><strong>ﬁnem</strong></span> <span class='ocrx_word' id='word_1_600' title='bbox 2869 4046 3058 4101; x_wconf 92' lang='lat' dir='ltr'><strong>mundi</strong></span> <span class='ocrx_word' id='word_1_601' title='bbox 3084 4049 3151 4101; x_wconf 76' lang='grc'><strong>’⁸.</strong></span> <span class='ocrx_word' id='word_1_602' title='bbox 3190 4064 3209 4098; x_wconf 76' lang='grc' dir='ltr'><strong>ι</strong></span> 
     </span>
    </p>
   </div>
   <div class='ocr_carea' id='block_1_84' title="bbox 2025 4158 3535 4231">
    <p class='ocr_par' dir='ltr' id='par_1_84' title="bbox 2025 4158 3535 4231">
     <span class='ocr_line' id='line_1_84' title="bbox 2025 4158 3535 4231; baseline -0.002 -14"><span class='ocrx_word' id='word_1_603' title='bbox 2025 4161 2203 4218; x_wconf 75' lang='lat' dir='ltr'><strong>Macte</strong></span> <span class='ocrx_word' id='word_1_604' title='bbox 2255 4170 2468 4217; x_wconf 83' lang='lat' dir='ltr'><strong>tantum</strong></span> <span class='ocrx_word' id='word_1_605' title='bbox 2523 4161 2728 4216; x_wconf 88' lang='lat' dir='ltr'><strong>virtute</strong></span> <span class='ocrx_word' id='word_1_606' title='bbox 2771 4161 2871 4225; x_wconf 92' lang='lat' dir='ltr'><strong>sis,</strong></span> <span class='ocrx_word' id='word_1_607' title='bbox 2904 4159 3108 4231; x_wconf 86' lang='lat' dir='ltr'><strong>inquit,</strong></span> <span class='ocrx_word' id='word_1_608' title='bbox 3144 4158 3435 4231; x_wconf 87' lang='lat' dir='ltr'><strong>virumque</strong></span> <span class='ocrx_word' id='word_1_609' title='bbox 3479 4166 3535 4214; x_wconf 88' lang='lat' dir='ltr'><strong>te</strong></span> 
     </span>
    </p>
   </div>
   <div class='ocr_carea' id='block_1_85' title="bbox 1956 4251 3536 4325">
    <p class='ocr_par' dir='ltr' id='par_1_85' title="bbox 1956 4251 3536 4325">
     <span class='ocr_line' id='line_1_85' title="bbox 1956 4251 3536 4325; baseline -0.001 -18"><span class='ocrx_word' id='word_1_610' title='bbox 1956 4262 2177 4324; x_wconf 60' lang='lat' dir='ltr'><strong>prasta,</strong></span> <span class='ocrx_word' id='word_1_611' title='bbox 2207 4268 2307 4325; x_wconf 89' lang='lat' dir='ltr'><strong>ego</strong></span> <span class='ocrx_word' id='word_1_612' title='bbox 2336 4253 2484 4308; x_wconf 91' lang='lat' dir='ltr'><strong>enim</strong></span> <span class='ocrx_word' id='word_1_613' title='bbox 2531 4260 2585 4307; x_wconf 91' lang='lat' dir='ltr'><strong>te</strong></span> <span class='ocrx_word' id='word_1_614' title='bbox 2614 4252 2980 4316; x_wconf 78' lang='lat' dir='ltr'><strong>conﬁrmabo,</strong></span> <span class='ocrx_word' id='word_1_615' title='bbox 3015 4251 3447 4320; x_wconf 81' lang='lat' dir='ltr'><strong>patientiamque</strong></span> <span class='ocrx_word' id='word_1_616' title='bbox 3471 4266 3536 4306; x_wconf 87' lang='lat' dir='ltr'><strong>ac</strong></span> 
     </span>
    </p>
   </div>
   <div class='ocr_carea' id='block_1_86' title="bbox 1956 4344 3537 4419">
    <p class='ocr_par' dir='ltr' id='par_1_86' title="bbox 1956 4344 3537 4419">
     <span class='ocr_line' id='line_1_86' title="bbox 1956 4344 3537 4419; baseline -0.003 -18"><span class='ocrx_word' id='word_1_617' title='bbox 1956 4347 2103 4403; x_wconf 86' lang='lat' dir='ltr'><strong>vires</strong></span> <span class='ocrx_word' id='word_1_618' title='bbox 2154 4361 2266 4419; x_wconf 92' lang='lat' dir='ltr'><strong>quo</strong></span> <span class='ocrx_word' id='word_1_619' title='bbox 2316 4354 2526 4402; x_wconf 86' lang='lat' dir='ltr'><strong>terram</strong></span> <span class='ocrx_word' id='word_1_620' title='bbox 2576 4345 2688 4400; x_wconf 90' lang='lat' dir='ltr'><strong>tuis</strong></span> <span class='ocrx_word' id='word_1_621' title='bbox 2749 4344 2979 4400; x_wconf 88' lang='lat' dir='ltr'><strong>asseclis</strong></span> <span class='ocrx_word' id='word_1_622' title='bbox 3038 4344 3344 4400; x_wconf 89' lang='lat' dir='ltr'><strong>distribuas</strong></span> <span class='ocrx_word' id='word_1_623' title='bbox 3403 4359 3537 4397; x_wconf 88' lang='lat' dir='ltr'><strong>con-</strong></span> 
     </span>
    </p>
   </div>
   <div class='ocr_carea' id='block_1_87' title="bbox 1958 4438 2154 4495">
    <p class='ocr_par' dir='ltr' id='par_1_87' title="bbox 1958 4438 2154 4495">
     <span class='ocr_line' id='line_1_87' title="bbox 1958 4438 2154 4495; baseline 0.005 -2"><span class='ocrx_word' id='word_1_624' title='bbox 1958 4438 2154 4495; x_wconf 79' lang='lat' dir='ltr'><strong>feram.</strong></span> 
     </span>
    </p>
   </div>
   <div class='ocr_carea' id='block_1_88' title="bbox 346 4532 1847 4630">
    <p class='ocr_par' dir='ltr' id='par_1_88' title="bbox 346 4551 1847 4630">
     <span class='ocr_line' id='line_1_88' title="bbox 346 4551 1847 4630; baseline 0.002 -26"><span class='ocrx_word' id='word_1_625' title='bbox 346 4551 512 4606; x_wconf 80' lang='grc' dir='ltr'>Ἀλλὰ</span> <span class='ocrx_word' id='word_1_626' title='bbox 542 4551 799 4621; x_wconf 82' lang='grc' dir='ltr'>φύλαττε,</span> <span class='ocrx_word' id='word_1_627' title='bbox 828 4553 924 4607; x_wconf 71' lang='grc' dir='ltr'><strong>καὶ</strong></span> <span class='ocrx_word' id='word_1_628' title='bbox 950 4552 1098 4607; x_wconf 89' lang='grc' dir='ltr'>ποίει</span> <span class='ocrx_word' id='word_1_629' title='bbox 1139 4551 1284 4607; x_wconf 78' lang='grc' dir='ltr'>κατὰ</span> <span class='ocrx_word' id='word_1_630' title='bbox 1326 4551 1508 4606; x_wconf 79' lang='grc' dir='ltr'>πάντα</span> <span class='ocrx_word' id='word_1_631' title='bbox 1540 4553 1631 4606; x_wconf 81' lang='grc' dir='ltr'><strong>τὸν</strong></span> <span class='ocrx_word' id='word_1_632' title='bbox 1663 4553 1847 4630; x_wconf 69' lang='grc' dir='ltr'>νομον.</span> 
     </span>
    </p>
   </div>
   <div class='ocr_carea' id='block_1_89' title="bbox 1951 4532 3537 4630">
    <p class='ocr_par' dir='ltr' id='par_1_89' title="bbox 2036 4545 3537 4619">
     <span class='ocr_line' id='line_1_89' title="bbox 2036 4545 3537 4619; baseline -0.004 -12"><span class='ocrx_word' id='word_1_633' title='bbox 2036 4553 2235 4609; x_wconf 87' lang='lat' dir='ltr'><strong>Verum</strong></span> <span class='ocrx_word' id='word_1_634' title='bbox 2285 4567 2480 4609; x_wconf 89' lang='lat' dir='ltr'><strong>omnes</strong></span> <span class='ocrx_word' id='word_1_635' title='bbox 2529 4559 2656 4607; x_wconf 89' lang='lat' dir='ltr'><strong>tuas</strong></span> <span class='ocrx_word' id='word_1_636' title='bbox 2702 4550 2954 4605; x_wconf 89' lang='lat' dir='ltr'><strong>actiones</strong></span> <span class='ocrx_word' id='word_1_637' title='bbox 2986 4546 3143 4617; x_wconf 79' lang='lat' dir='ltr'><strong>juxta</strong></span> <span class='ocrx_word' id='word_1_638' title='bbox 3164 4545 3335 4619; x_wconf 82' lang='lat' dir='ltr'><strong>legem</strong></span> <span class='ocrx_word' id='word_1_639' title='bbox 3363 4559 3537 4601; x_wconf 88' lang='lat' dir='ltr'><strong>accu-</strong></span> 
     </span>
    </p>
   </div>
   <div class='ocr_carea' id='block_1_90' title="bbox 261 4644 1856 4718">
    <p class='ocr_par' dir='ltr' id='par_1_90' title="bbox 261 4644 1856 4718">
     <span class='ocr_line' id='line_1_90' title="bbox 261 4644 1856 4718; baseline -0.001 -19"><span class='ocrx_word' id='word_1_640' title='bbox 261 4645 427 4718; x_wconf 79' lang='grc' dir='ltr'><strong>Αὐτῷ</strong></span> <span class='ocrx_word' id='word_1_641' title='bbox 462 4645 520 4698; x_wconf 85' lang='grc' dir='ltr'>δὲ</span> <span class='ocrx_word' id='word_1_642' title='bbox 551 4647 881 4716; x_wconf 84' lang='grc' dir='ltr'>προστάττει</span> <span class='ocrx_word' id='word_1_643' title='bbox 938 4648 1083 4717; x_wconf 75' lang='grc' dir='ltr'>ἅπερ</span> <span class='ocrx_word' id='word_1_644' title='bbox 1132 4647 1225 4700; x_wconf 78' lang='grc' dir='ltr'>καὶ</span> <span class='ocrx_word' id='word_1_645' title='bbox 1273 4644 1365 4699; x_wconf 79' lang='grc' dir='ltr'>τὸν</span> <span class='ocrx_word' id='word_1_646' title='bbox 1394 4644 1522 4699; x_wconf 79' lang='grc' dir='ltr'>λαὸν</span> <span class='ocrx_word' id='word_1_647' title='bbox 1571 4645 1856 4700; x_wconf 78' lang='grc' dir='ltr'>διδάσκειν</span> 
     </span>
    </p>
   </div>
   <div class='ocr_carea' id='block_1_91' title="bbox 261 4738 1856 4810">
    <p class='ocr_par' dir='ltr' id='par_1_91' title="bbox 261 4738 1856 4810">
     <span class='ocr_line' id='line_1_91' title="bbox 261 4738 1856 4810; baseline 0.001 -19"><span class='ocrx_word' id='word_1_648' title='bbox 261 4739 460 4810; x_wconf 81' lang='grc' dir='ltr'>ἐχρῆν.</span> <span class='ocrx_word' id='word_1_649' title='bbox 497 4757 515 4789; x_wconf 78' lang='grc' dir='ltr'>ι</span> <span class='ocrx_word' id='word_1_650' title='bbox 548 4739 664 4802; x_wconf 78' lang='grc' dir='ltr'>Πᾶς</span> <span class='ocrx_word' id='word_1_651' title='bbox 720 4739 850 4810; x_wconf 82' lang='grc' dir='ltr'>γὰρ,</span> <span class='ocrx_word' id='word_1_652' title='bbox 883 4739 1071 4810; x_wconf 75' lang='grc' dir='ltr'>φησὶν,</span> <span class='ocrx_word' id='word_1_653' title='bbox 1108 4738 1259 4802; x_wconf 83' lang='grc' dir='ltr'>ὅστις</span> <span class='ocrx_word' id='word_1_654' title='bbox 1301 4739 1518 4809; x_wconf 86' lang='grc' dir='ltr'>ποιήσει</span> <span class='ocrx_word' id='word_1_655' title='bbox 1546 4738 1687 4793; x_wconf 82' lang='grc' dir='ltr'>κατὰ</span> <span class='ocrx_word' id='word_1_656' title='bbox 1727 4738 1856 4808; x_wconf 85' lang='grc' dir='ltr'>μίαν</span> 
     </span>
    </p>
   </div>
   <div class='ocr_carea' id='block_1_92' title="bbox 260 4830 1855 4902">
    <p class='ocr_par' dir='ltr' id='par_1_92' title="bbox 260 4830 1855 4902">
     <span class='ocr_line' id='line_1_92' title="bbox 260 4830 1855 4902; baseline -0.001 -19"><span class='ocrx_word' id='word_1_657' title='bbox 260 4834 374 4884; x_wconf 83' lang='grc' dir='ltr'>τῶν</span> <span class='ocrx_word' id='word_1_658' title='bbox 401 4831 633 4885; x_wconf 78' lang='grc' dir='ltr'>ἐντολῶν</span> <span class='ocrx_word' id='word_1_659' title='bbox 653 4831 859 4885; x_wconf 83' lang='grc' dir='ltr'>τούτων</span> <span class='ocrx_word' id='word_1_660' title='bbox 881 4832 989 4885; x_wconf 79' lang='grc' dir='ltr'>τῶν</span> <span class='ocrx_word' id='word_1_661' title='bbox 1016 4830 1334 4902; x_wconf 81' lang='grc' dir='ltr'>ἐλαχίστων,</span> <span class='ocrx_word' id='word_1_662' title='bbox 1384 4831 1483 4883; x_wconf 74' lang='grc' dir='ltr'><strong>καὶ</strong></span> <span class='ocrx_word' id='word_1_663' title='bbox 1508 4830 1708 4897; x_wconf 80' lang='grc' dir='ltr'>διδάξει</span> <span class='ocrx_word' id='word_1_664' title='bbox 1728 4831 1855 4890; x_wconf 80' lang='grc' dir='ltr'>τοὺς</span> 
     </span>
    </p>
   </div>
   <div class='ocr_carea' id='block_1_93' title="bbox 261 4922 1849 4995">
    <p class='ocr_par' dir='ltr' id='par_1_93' title="bbox 261 4922 1849 4995">
     <span class='ocr_line' id='line_1_93' title="bbox 261 4922 1849 4995; baseline 0.001 -21"><span class='ocrx_word' id='word_1_665' title='bbox 261 4923 589 4994; x_wconf 80' lang='grc' dir='ltr'>ἀνθρώπους</span> <span class='ocrx_word' id='word_1_666' title='bbox 640 4923 840 4995; x_wconf 88' lang='grc' dir='ltr'>ὁμοίως</span> <span class='ocrx_word' id='word_1_667' title='bbox 872 4926 1072 4990; x_wconf 84' lang='grc' dir='ltr'>ποιεῖν,</span> <span class='ocrx_word' id='word_1_668' title='bbox 1126 4922 1300 4994; x_wconf 80' lang='grc' dir='ltr'>μέγας</span> <span class='ocrx_word' id='word_1_669' title='bbox 1329 4922 1664 4993; x_wconf 87' lang='grc' dir='ltr'>κληθήσεται</span> <span class='ocrx_word' id='word_1_670' title='bbox 1694 4924 1753 4975; x_wconf 83' lang='grc' dir='ltr'>ἐν</span> <span class='ocrx_word' id='word_1_671' title='bbox 1782 4923 1849 4993; x_wconf 76' lang='grc' dir='ltr'>τῇ</span> 
     </span>
    </p>
   </div>
   <div class='ocr_carea' id='block_1_94' title="bbox 265 5014 1850 5087">
    <p class='ocr_par' dir='ltr' id='par_1_94' title="bbox 265 5014 1850 5087">
     <span class='ocr_line' id='line_1_94' title="bbox 265 5014 1850 5087; baseline -0.001 -18"><span class='ocrx_word' id='word_1_672' title='bbox 265 5016 522 5085; x_wconf 65' lang='grc' dir='ltr'>βασιλείᾳ.</span> <span class='ocrx_word' id='word_1_673' title='bbox 570 5015 679 5068; x_wconf 83' lang='grc' dir='ltr'>τῶν</span> <span class='ocrx_word' id='word_1_674' title='bbox 728 5015 998 5087; x_wconf 82' lang='grc' dir='ltr'>οὐρανῶν.</span> <span class='ocrx_word' id='word_1_675' title='bbox 1040 5034 1059 5068; x_wconf 72' lang='grc' dir='ltr'><strong>ι</strong></span> <span class='ocrx_word' id='word_1_676' title='bbox 1086 5017 1196 5069; x_wconf 77' lang='grc' dir='ltr'><strong>Καὶ</strong></span> <span class='ocrx_word' id='word_1_677' title='bbox 1250 5016 1466 5079; x_wconf 81' lang='grc' dir='ltr'>Λουκᾶς</span> <span class='ocrx_word' id='word_1_678' title='bbox 1504 5014 1561 5067; x_wconf 82' lang='grc' dir='ltr'>δὲ</span> <span class='ocrx_word' id='word_1_679' title='bbox 1603 5014 1850 5084; x_wconf 76' lang='grc' dir='ltr'>περὶτοῦ</span> 
     </span>
    </p>
   </div>
   <div class='ocr_carea' id='block_1_95' title="bbox 261 5101 1853 5177">
    <p class='ocr_par' dir='ltr' id='par_1_95' title="bbox 261 5101 1853 5177">
     <span class='ocr_line' id='line_1_95' title="bbox 261 5101 1853 5177; baseline -0.003 -16"><span class='ocrx_word' id='word_1_680' title='bbox 261 5106 527 5177; x_wconf 80' lang='grc' dir='ltr'>ἀληθινοῦ</span> <span class='ocrx_word' id='word_1_681' title='bbox 549 5123 714 5177; x_wconf 77' lang='grc' dir='ltr'>φησιν</span> <span class='ocrx_word' id='word_1_682' title='bbox 753 5106 929 5176; x_wconf 88' lang='grc' dir='ltr'><strong>Ἰησοῦ</strong></span> <span class='ocrx_word' id='word_1_683' title='bbox 953 5122 967 5137; x_wconf 86' lang='grc'><strong>·</strong></span> <span class='ocrx_word' id='word_1_684' title='bbox 1005 5125 1025 5158; x_wconf 81' lang='grc' dir='ltr'>ι</span> <span class='ocrx_word' id='word_1_685' title='bbox 1059 5101 1161 5159; x_wconf 80' lang='grc' dir='ltr'><strong>Ὧν</strong></span> <span class='ocrx_word' id='word_1_686' title='bbox 1202 5105 1407 5176; x_wconf 70' lang='grc' dir='ltr'>ἤρξατο</span> <span class='ocrx_word' id='word_1_687' title='bbox 1449 5107 1625 5158; x_wconf 79' lang='grc' dir='ltr'>ποιεῖν</span> <span class='ocrx_word' id='word_1_688' title='bbox 1663 5121 1725 5158; x_wconf 87' lang='grc' dir='ltr'><strong>τε</strong></span> <span class='ocrx_word' id='word_1_689' title='bbox 1756 5104 1853 5159; x_wconf 75' lang='grc' dir='ltr'><strong>καὶ</strong></span> 
     </span>
    </p>
   </div>
   <div class='ocr_carea' id='block_1_96' title="bbox 262 5196 1849 5269">
    <p class='ocr_par' dir='ltr' id='par_1_96' title="bbox 262 5196 1849 5269">
     <span class='ocr_line' id='line_1_96' title="bbox 262 5196 1849 5269; baseline -0.002 -16"><span class='ocrx_word' id='word_1_690' title='bbox 262 5200 565 5253; x_wconf 79' lang='grc' dir='ltr'>διδάσκειν.</span> <span class='ocrx_word' id='word_1_691' title='bbox 592 5217 611 5250; x_wconf 76' lang='grc' dir='ltr'>ι</span> <span class='ocrx_word' id='word_1_692' title='bbox 652 5199 841 5252; x_wconf 84' lang='grc' dir='ltr'>Πᾶσαν</span> <span class='ocrx_word' id='word_1_693' title='bbox 880 5198 991 5269; x_wconf 80' lang='grc' dir='ltr'>γὰρ</span> <span class='ocrx_word' id='word_1_694' title='bbox 1029 5198 1319 5269; x_wconf 78' lang='grc' dir='ltr'>ἐπλήρωσε</span> <span class='ocrx_word' id='word_1_695' title='bbox 1345 5196 1715 5268; x_wconf 76' lang='grc' dir='ltr'>δικαιοσύνην,</span> <span class='ocrx_word' id='word_1_696' title='bbox 1743 5196 1849 5250; x_wconf 82' lang='grc' dir='ltr'>ὑπὸ</span> 
     </span>
    </p>
   </div>
   <div class='ocr_carea' id='block_1_97' title="bbox 264 5286 1852 5359">
    <p class='ocr_par' dir='ltr' id='par_1_97' title="bbox 264 5286 1852 5359">
     <span class='ocr_line' id='line_1_97' title="bbox 264 5286 1852 5359; baseline -0.001 -17"><span class='ocrx_word' id='word_1_697' title='bbox 264 5290 433 5359; x_wconf 79' lang='grc' dir='ltr'>νόμον</span> <span class='ocrx_word' id='word_1_698' title='bbox 473 5287 766 5358; x_wconf 81' lang='grc' dir='ltr'>γενόμενος</span> <span class='ocrx_word' id='word_1_699' title='bbox 808 5286 883 5351; x_wconf 82' lang='grc' dir='ltr'><strong>ὡς</strong></span> <span class='ocrx_word' id='word_1_700' title='bbox 923 5287 1233 5358; x_wconf 80' lang='grc' dir='ltr'>ἄνθρωπος.</span> <span class='ocrx_word' id='word_1_701' title='bbox 1264 5288 1376 5341; x_wconf 76' lang='grc' dir='ltr'><strong>Καὶ</strong></span> <span class='ocrx_word' id='word_1_702' title='bbox 1402 5287 1501 5340; x_wconf 83' lang='grc' dir='ltr'>ὅσα</span> <span class='ocrx_word' id='word_1_703' title='bbox 1546 5287 1852 5341; x_wconf 82' lang='grc' dir='ltr'>ἐνετείλατο</span> 
     </span>
    </p>
   </div>
   <div class='ocr_carea' id='block_1_98' title="bbox 264 5379 1856 5452">
    <p class='ocr_par' dir='ltr' id='par_1_98' title="bbox 264 5379 1856 5452">
     <span class='ocr_line' id='line_1_98' title="bbox 264 5379 1856 5452; baseline 0 -19"><span class='ocrx_word' id='word_1_704' title='bbox 264 5381 419 5452; x_wconf 85' lang='grc' dir='ltr'><strong>αὐτῷ</strong></span> <span class='ocrx_word' id='word_1_705' title='bbox 454 5379 698 5451; x_wconf 84' lang='grc' dir='ltr'>Μωῡσῆς</span> <span class='ocrx_word' id='word_1_706' title='bbox 724 5379 1047 5450; x_wconf 81' lang='grc' dir='ltr'>πεποίηκεν,</span> <span class='ocrx_word' id='word_1_707' title='bbox 1069 5380 1156 5432; x_wconf 75' lang='grc' dir='ltr'><strong>ἵνα</strong></span> <span class='ocrx_word' id='word_1_708' title='bbox 1183 5380 1309 5442; x_wconf 79' lang='grc' dir='ltr'>τοὺς</span> <span class='ocrx_word' id='word_1_709' title='bbox 1342 5380 1447 5433; x_wconf 84' lang='grc' dir='ltr'>ὑπὸ</span> <span class='ocrx_word' id='word_1_710' title='bbox 1475 5380 1636 5449; x_wconf 81' lang='grc' dir='ltr'>νόμον</span> <span class='ocrx_word' id='word_1_711' title='bbox 1668 5379 1856 5449; x_wconf 80' lang='grc' dir='ltr'>ἐξαγο-</span> 
     </span>
    </p>
   </div>
   <div class='ocr_carea' id='block_1_99' title="bbox 271 5468 1852 5545">
    <p class='ocr_par' dir='ltr' id='par_1_99' title="bbox 271 5468 1852 5545">
     <span class='ocr_line' id='line_1_99' title="bbox 271 5468 1852 5545; baseline -0.003 -18"><span class='ocrx_word' id='word_1_712' title='bbox 271 5475 437 5545; x_wconf 76' lang='grc' dir='ltr'>ράσῃ,</span> <span class='ocrx_word' id='word_1_713' title='bbox 470 5473 567 5527; x_wconf 70' lang='grc' dir='ltr'><strong>καὶ</strong></span> <span class='ocrx_word' id='word_1_714' title='bbox 587 5473 687 5545; x_wconf 82' lang='grc' dir='ltr'>τὴν</span> <span class='ocrx_word' id='word_1_715' title='bbox 709 5471 981 5526; x_wconf 79' lang='grc' dir='ltr'>υἱοθεσίαν</span> <span class='ocrx_word' id='word_1_716' title='bbox 1014 5468 1403 5540; x_wconf 83' lang='grc' dir='ltr'>ἀπολαύωμεν.</span> <span class='ocrx_word' id='word_1_717' title='bbox 1442 5470 1556 5522; x_wconf 85' lang='grc' dir='ltr'>Οὐκ</span> <span class='ocrx_word' id='word_1_718' title='bbox 1579 5470 1852 5536; x_wconf 77' lang='grc' dir='ltr'>ἐξέκλινεν</span> 
     </span>
    </p>
   </div>
   <div class='ocr_carea' id='block_1_100' title="bbox 265 5561 1847 5636">
    <p class='ocr_par' dir='ltr' id='par_1_100' title="bbox 265 5561 1847 5636">
     <span class='ocr_line' id='line_1_100' title="bbox 265 5561 1847 5636; baseline -0.006 -14"><span class='ocrx_word' id='word_1_719' title='bbox 265 5568 366 5622; x_wconf 80' lang='grc' dir='ltr'><strong>ἀπ’</strong></span> <span class='ocrx_word' id='word_1_720' title='bbox 391 5566 571 5621; x_wconf 81' lang='grc' dir='ltr'>αὐτῶν</span> <span class='ocrx_word' id='word_1_721' title='bbox 590 5564 794 5636; x_wconf 82' lang='grc' dir='ltr'>δεξιὰῆ</span> <span class='ocrx_word' id='word_1_722' title='bbox 824 5564 1113 5636; x_wconf 76' lang='grc' dir='ltr'>ἀριστερὰ,</span> <span class='ocrx_word' id='word_1_723' title='bbox 1162 5562 1390 5633; x_wconf 84' lang='grc' dir='ltr'>φάσκων</span> <span class='ocrx_word' id='word_1_724' title='bbox 1415 5577 1429 5592; x_wconf 87' lang='grc'><strong>·</strong></span> <span class='ocrx_word' id='word_1_725' title='bbox 1470 5579 1488 5613; x_wconf 84' lang='grc' dir='ltr'><strong>ι</strong></span> <span class='ocrx_word' id='word_1_726' title='bbox 1526 5561 1682 5615; x_wconf 84' lang='grc' dir='ltr'>Ἰῶτα</span> <span class='ocrx_word' id='word_1_727' title='bbox 1713 5561 1790 5628; x_wconf 85' lang='grc' dir='ltr'><strong>ἓν,</strong></span> <span class='ocrx_word' id='word_1_728' title='bbox 1817 5561 1847 5634; x_wconf 84' lang='grc' dir='ltr'>ἢ</span> 
     </span>
    </p>
   </div>
   <div class='ocr_carea' id='block_1_101' title="bbox 347 5744 811 5807">
    <p class='ocr_par' dir='ltr' id='par_1_101' title="bbox 347 5744 811 5807">
     <span class='ocr_line' id='line_1_101' title="bbox 347 5744 811 5807; baseline 0 -9"><span class='ocrx_word' id='word_1_729' title='bbox 347 5746 389 5777; x_wconf 82' lang='grc'>¹⁹</span> <span class='ocrx_word' id='word_1_730' title='bbox 431 5744 567 5799; x_wconf 88' lang='lat' dir='ltr'><strong>Luc.</strong></span> <span class='ocrx_word' id='word_1_731' title='bbox 593 5744 811 5807; x_wconf 61' lang='lat' dir='ltr'><strong>XV|,29.</strong></span> 
     </span>
    </p>
   </div>
   <div class='ocr_carea' id='block_1_102' title="bbox 270 5812 1696 5879">
    <p class='ocr_par' dir='ltr' id='par_1_102' title="bbox 270 5812 1696 5879">
     <span class='ocr_line' id='line_1_102' title="bbox 270 5812 1696 5879; baseline -0.003 -10"><span class='ocrx_word' id='word_1_732' title='bbox 270 5818 319 5850; x_wconf 82' lang='grc'><strong><em>⁸⁸</em></strong></span> <span class='ocrx_word' id='word_1_733' title='bbox 348 5816 536 5871; x_wconf 75' lang='lat' dir='ltr'><strong>Matth.</strong></span> <span class='ocrx_word' id='word_1_734' title='bbox 576 5831 627 5879; x_wconf 77' lang='grc' dir='ltr'>ν,</span> <span class='ocrx_word' id='word_1_735' title='bbox 662 5817 746 5873; x_wconf 81' lang='lat' dir='ltr'><strong>l9.</strong></span> <span class='ocrx_word' id='word_1_736' title='bbox 830 5815 874 5846; x_wconf 78' lang='lat'><strong>&quot;</strong></span> <span class='ocrx_word' id='word_1_737' title='bbox 916 5815 1037 5869; x_wconf 77' lang='lat' dir='ltr'><strong>Act.</strong></span> <span class='ocrx_word' id='word_1_738' title='bbox 1067 5831 1103 5877; x_wconf 85' lang='grc' dir='ltr'>ι,</span> <span class='ocrx_word' id='word_1_739' title='bbox 1137 5814 1185 5868; x_wconf 79' lang='grc'><strong>1.</strong></span> <span class='ocrx_word' id='word_1_740' title='bbox 1267 5815 1308 5845; x_wconf 75' lang='grc'><strong>’⁷</strong></span> <span class='ocrx_word' id='word_1_741' title='bbox 1335 5812 1605 5878; x_wconf 83' lang='lat' dir='ltr'><strong>Galat.lv,</strong></span> <span class='ocrx_word' id='word_1_742' title='bbox 1642 5812 1696 5865; x_wconf 82' lang='lat'><strong>5.</strong></span> 
     </span>
    </p>
   </div>
   <div class='ocr_carea' id='block_1_103' title="bbox 888 5732 1847 5805">
    <p class='ocr_par' dir='ltr' id='par_1_103' title="bbox 888 5739 1787 5805">
     <span class='ocr_line' id='line_1_103' title="bbox 888 5739 1787 5805; baseline -0.003 -9"><span class='ocrx_word' id='word_1_743' title='bbox 888 5744 933 5775; x_wconf 84' lang='grc'><strong>¹⁰</strong></span> <span class='ocrx_word' id='word_1_744' title='bbox 971 5741 1127 5796; x_wconf 85' lang='lat' dir='ltr'><strong>Joan.</strong></span> <span class='ocrx_word' id='word_1_745' title='bbox 1152 5758 1234 5805; x_wconf 85' lang='grc' dir='ltr'>ιιι,</span> <span class='ocrx_word' id='word_1_746' title='bbox 1260 5742 1314 5796; x_wconf 77' lang='lat'><strong>5.</strong></span> <span class='ocrx_word' id='word_1_747' title='bbox 1379 5743 1421 5772; x_wconf 78' lang='lat'><strong>&quot;</strong></span> <span class='ocrx_word' id='word_1_748' title='bbox 1451 5739 1581 5796; x_wconf 85' lang='lat' dir='ltr'><strong>Luc.</strong></span> <span class='ocrx_word' id='word_1_749' title='bbox 1615 5757 1668 5804; x_wconf 68' lang='grc' dir='ltr'><strong>κ,</strong></span> <span class='ocrx_word' id='word_1_750' title='bbox 1702 5739 1787 5793; x_wconf 85' lang='lat' dir='ltr'><strong>l9.</strong></span> 
     </span>
    </p>
   </div>
   <div class='ocr_carea' id='block_1_104' title="bbox 1951 5732 2850 5805">
    <p class='ocr_par' dir='ltr' id='par_1_104' title="bbox 1951 5732 2850 5802">
     <span class='ocr_line' id='line_1_104' title="bbox 1951 5732 2850 5802; baseline -0.002 -15"><span class='ocrx_word' id='word_1_751' title='bbox 1951 5738 2039 5795; x_wconf 76' lang='lat' dir='ltr'><strong>Isa.</strong></span> <span class='ocrx_word' id='word_1_752' title='bbox 2069 5752 2233 5802; x_wconf 77' lang='lat' dir='ltr'><strong>xxxv,</strong></span> <span class='ocrx_word' id='word_1_753' title='bbox 2266 5735 2315 5789; x_wconf 85' lang='grc'>1.</span> <span class='ocrx_word' id='word_1_754' title='bbox 2396 5734 2441 5765; x_wconf 77' lang='grc'><strong>’³</strong></span> <span class='ocrx_word' id='word_1_755' title='bbox 2489 5732 2594 5787; x_wconf 63' lang='grc' dir='ltr'><strong>13η.</strong></span> <span class='ocrx_word' id='word_1_756' title='bbox 2632 5747 2753 5798; x_wconf 75' lang='lat' dir='ltr'><strong>Liv,</strong></span> <span class='ocrx_word' id='word_1_757' title='bbox 2799 5733 2850 5785; x_wconf 83' lang='lat' dir='ltr'><strong>l.</strong></span> 
     </span>
    </p>
   </div>
   <div class='ocr_carea' id='block_1_105' title="bbox 1956 4638 3530 4716">
    <p class='ocr_par' dir='ltr' id='par_1_105' title="bbox 1956 4638 3530 4716">
     <span class='ocr_line' id='line_1_105' title="bbox 1956 4638 3530 4716; baseline -0.005 -16"><span class='ocrx_word' id='word_1_758' title='bbox 1956 4654 2076 4702; x_wconf 88' lang='lat' dir='ltr'><strong>rate</strong></span> <span class='ocrx_word' id='word_1_759' title='bbox 2109 4660 2404 4716; x_wconf 91' lang='lat' dir='ltr'><strong>compone,</strong></span> <span class='ocrx_word' id='word_1_760' title='bbox 2427 4659 2604 4713; x_wconf 88' lang='lat' dir='ltr'><strong>eaque</strong></span> <span class='ocrx_word' id='word_1_761' title='bbox 2634 4642 2685 4697; x_wconf 90' lang='lat' dir='ltr'><strong>ei</strong></span> <span class='ocrx_word' id='word_1_762' title='bbox 2716 4639 2987 4711; x_wconf 65' lang='lat' dir='ltr'><strong>praecipit,</strong></span> <span class='ocrx_word' id='word_1_763' title='bbox 3032 4638 3230 4710; x_wconf 87' lang='lat' dir='ltr'><strong>quibus</strong></span> <span class='ocrx_word' id='word_1_764' title='bbox 3265 4638 3530 4708; x_wconf 91' lang='lat' dir='ltr'><strong>populum</strong></span> 
     </span>
    </p>
   </div>
   <div class='ocr_carea' id='block_1_106' title="bbox 1953 4729 3534 4808">
    <p class='ocr_par' dir='ltr' id='par_1_106' title="bbox 1953 4729 3534 4808">
     <span class='ocr_line' id='line_1_106' title="bbox 1953 4729 3534 4808; baseline -0.009 -14"><span class='ocrx_word' id='word_1_765' title='bbox 1953 4753 2177 4808; x_wconf 89' lang='lat' dir='ltr'><strong>quoque</strong></span> <span class='ocrx_word' id='word_1_766' title='bbox 2231 4738 2508 4793; x_wconf 87' lang='lat' dir='ltr'><strong>instruere</strong></span> <span class='ocrx_word' id='word_1_767' title='bbox 2563 4733 2891 4804; x_wconf 87' lang='lat' dir='ltr'><strong>oportebat:</strong></span> <span class='ocrx_word' id='word_1_768' title='bbox 2930 4748 2952 4784; x_wconf 79' lang='grc' dir='ltr'>ι</span> <span class='ocrx_word' id='word_1_769' title='bbox 2984 4731 3307 4798; x_wconf 88' lang='lat' dir='ltr'><strong>Quicunque</strong></span> <span class='ocrx_word' id='word_1_770' title='bbox 3363 4729 3534 4794; x_wconf 90' lang='lat' dir='ltr'><strong>enim,</strong></span> 
     </span>
    </p>
   </div>
   <div class='ocr_carea' id='block_1_107' title="bbox 1962 4821 3535 4901">
    <p class='ocr_par' dir='ltr' id='par_1_107' title="bbox 1962 4821 3535 4901">
     <span class='ocr_line' id='line_1_107' title="bbox 1962 4821 3535 4901; baseline -0.007 -16"><span class='ocrx_word' id='word_1_771' title='bbox 1962 4831 2164 4901; x_wconf 79' lang='lat' dir='ltr'><strong>inquit,</strong></span> <span class='ocrx_word' id='word_1_772' title='bbox 2198 4830 2345 4884; x_wconf 80' lang='lat' dir='ltr'><strong>facto</strong></span> <span class='ocrx_word' id='word_1_773' title='bbox 2414 4827 2641 4881; x_wconf 89' lang='lat' dir='ltr'><strong>unicum</strong></span> <span class='ocrx_word' id='word_1_774' title='bbox 2676 4832 3073 4894; x_wconf 64' lang='lat' dir='ltr'><strong>praeceptorum</strong></span> <span class='ocrx_word' id='word_1_775' title='bbox 3128 4821 3535 4878; x_wconf 84' lang='lat' dir='ltr'><strong>levissimorum</strong></span> 
     </span>
    </p>
   </div>
   <div class='ocr_carea' id='block_1_108' title="bbox 1958 4912 3533 4991">
    <p class='ocr_par' dir='ltr' id='par_1_108' title="bbox 1958 4912 3533 4991">
     <span class='ocr_line' id='line_1_108' title="bbox 1958 4912 3533 4991; baseline -0.008 -12"><span class='ocrx_word' id='word_1_776' title='bbox 1958 4923 2327 4991; x_wconf 85' lang='lat' dir='ltr'><strong>expresserit,</strong></span> <span class='ocrx_word' id='word_1_777' title='bbox 2354 4928 2406 4974; x_wconf 91' lang='lat' dir='ltr'><strong>et</strong></span> <span class='ocrx_word' id='word_1_778' title='bbox 2434 4919 2626 4973; x_wconf 90' lang='lat' dir='ltr'><strong>eodem</strong></span> <span class='ocrx_word' id='word_1_779' title='bbox 2660 4916 2825 4970; x_wconf 91' lang='lat' dir='ltr'><strong>modo</strong></span> <span class='ocrx_word' id='word_1_780' title='bbox 2867 4915 3049 4968; x_wconf 80' lang='lat' dir='ltr'><strong>facere</strong></span> <span class='ocrx_word' id='word_1_781' title='bbox 3079 4913 3328 4968; x_wconf 88' lang='lat' dir='ltr'><strong>docuerit</strong></span> <span class='ocrx_word' id='word_1_782' title='bbox 3352 4912 3533 4967; x_wconf 91' lang='lat' dir='ltr'><strong>homi-</strong></span> 
     </span>
    </p>
   </div>
   <div class='ocr_carea' id='block_1_109' title="bbox 1959 5001 3535 5080">
    <p class='ocr_par' dir='ltr' id='par_1_109' title="bbox 1959 5001 3535 5080">
     <span class='ocr_line' id='line_1_109' title="bbox 1959 5001 3535 5080; baseline -0.007 -16"><span class='ocrx_word' id='word_1_783' title='bbox 1959 5025 2077 5074; x_wconf 91' lang='lat' dir='ltr'><strong>nes,</strong></span> <span class='ocrx_word' id='word_1_784' title='bbox 2107 5022 2365 5080; x_wconf 89' lang='lat' dir='ltr'><strong>magnum</strong></span> <span class='ocrx_word' id='word_1_785' title='bbox 2406 5020 2607 5060; x_wconf 90' lang='lat' dir='ltr'><strong>nomen</strong></span> <span class='ocrx_word' id='word_1_786' title='bbox 2650 5005 2705 5059; x_wconf 93' lang='lat' dir='ltr'><strong>in</strong></span> <span class='ocrx_word' id='word_1_787' title='bbox 2737 5017 2908 5073; x_wconf 84' lang='lat' dir='ltr'><strong>regno</strong></span> <span class='ocrx_word' id='word_1_788' title='bbox 2938 5001 3203 5057; x_wconf 80' lang='lat' dir='ltr'><strong>caelorum</strong></span> <span class='ocrx_word' id='word_1_789' title='bbox 3244 5016 3535 5071; x_wconf 85' lang='lat' dir='ltr'><strong>compara-</strong></span> 
     </span>
    </p>
   </div>
   <div class='ocr_carea' id='block_1_110' title="bbox 1957 5092 3535 5165">
    <p class='ocr_par' dir='ltr' id='par_1_110' title="bbox 1957 5092 3535 5165">
     <span class='ocr_line' id='line_1_110' title="bbox 1957 5092 3535 5165; baseline -0.006 -8"><span class='ocrx_word' id='word_1_790' title='bbox 1957 5102 2038 5157; x_wconf 91' lang='lat' dir='ltr'><strong>bit</strong></span> <span class='ocrx_word' id='word_1_791' title='bbox 2070 5101 2138 5158; x_wconf 79' lang='lat'><strong>&quot;.</strong></span> <span class='ocrx_word' id='word_1_792' title='bbox 2169 5120 2188 5153; x_wconf 78' lang='grc' dir='ltr'>ι</span> <span class='ocrx_word' id='word_1_793' title='bbox 2218 5099 2411 5154; x_wconf 85' lang='lat' dir='ltr'><strong>Lucas</strong></span> <span class='ocrx_word' id='word_1_794' title='bbox 2450 5098 2581 5153; x_wconf 87' lang='lat' dir='ltr'><strong>item</strong></span> <span class='ocrx_word' id='word_1_795' title='bbox 2612 5097 2680 5152; x_wconf 91' lang='lat' dir='ltr'><strong>de</strong></span> <span class='ocrx_word' id='word_1_796' title='bbox 2711 5110 2845 5150; x_wconf 89' lang='lat' dir='ltr'><strong>vero</strong></span> <span class='ocrx_word' id='word_1_797' title='bbox 2882 5092 3049 5150; x_wconf 87' lang='lat' dir='ltr'><strong>Josue</strong></span> <span class='ocrx_word' id='word_1_798' title='bbox 3080 5095 3258 5165; x_wconf 93' lang='lat' dir='ltr'><strong>inquit</strong></span> <span class='ocrx_word' id='word_1_799' title='bbox 3288 5109 3304 5146; x_wconf 89' lang='lat'><strong>:</strong></span> <span class='ocrx_word' id='word_1_800' title='bbox 3347 5111 3365 5143; x_wconf 82' lang='grc' dir='ltr'>ι</span> <span class='ocrx_word' id='word_1_801' title='bbox 3403 5094 3535 5158; x_wconf 53' lang='lat' dir='ltr'><strong>Quae.</strong></span> 
     </span>
    </p>
   </div>
   <div class='ocr_carea' id='block_1_111' title="bbox 1957 5186 3533 5267">
    <p class='ocr_par' dir='ltr' id='par_1_111' title="bbox 1957 5186 3533 5267">
     <span class='ocr_line' id='line_1_111' title="bbox 1957 5186 3533 5267; baseline -0.008 -17"><span class='ocrx_word' id='word_1_802' title='bbox 1957 5196 2124 5267; x_wconf 67' lang='lat' dir='ltr'><strong>erepit</strong></span> <span class='ocrx_word' id='word_1_803' title='bbox 2146 5209 2268 5248; x_wconf 91' lang='lat' dir='ltr'><strong>cum</strong></span> <span class='ocrx_word' id='word_1_804' title='bbox 2300 5190 2485 5247; x_wconf 79' lang='lat' dir='ltr'><strong>facere</strong></span> <span class='ocrx_word' id='word_1_805' title='bbox 2514 5198 2630 5244; x_wconf 91' lang='lat' dir='ltr'><strong>tum</strong></span> <span class='ocrx_word' id='word_1_806' title='bbox 2677 5189 2876 5244; x_wconf 92' lang='lat' dir='ltr'><strong>docere</strong></span> <span class='ocrx_word' id='word_1_807' title='bbox 2911 5187 2977 5241; x_wconf 76' lang='lat'><strong>“.</strong></span> <span class='ocrx_word' id='word_1_808' title='bbox 3010 5206 3028 5239; x_wconf 76' lang='grc' dir='ltr'>ι</span> <span class='ocrx_word' id='word_1_809' title='bbox 3062 5187 3198 5241; x_wconf 88' lang='lat' dir='ltr'><strong>Cum</strong></span> <span class='ocrx_word' id='word_1_810' title='bbox 3236 5186 3380 5240; x_wconf 91' lang='lat' dir='ltr'><strong>enim</strong></span> <span class='ocrx_word' id='word_1_811' title='bbox 3430 5186 3533 5253; x_wconf 81' lang='lat' dir='ltr'><strong>legi</strong></span> 
     </span>
    </p>
   </div>
   <div class='ocr_carea' id='block_1_112' title="bbox 1956 5276 3530 5343">
    <p class='ocr_par' dir='ltr' id='par_1_112' title="bbox 1956 5276 3530 5343">
     <span class='ocr_line' id='line_1_112' title="bbox 1956 5276 3530 5343; baseline -0.009 -1"><span class='ocrx_word' id='word_1_812' title='bbox 1956 5301 2077 5341; x_wconf 84' lang='lat' dir='ltr'><strong>sese</strong></span> <span class='ocrx_word' id='word_1_813' title='bbox 2116 5285 2290 5338; x_wconf 87' lang='lat' dir='ltr'><strong>instar</strong></span> <span class='ocrx_word' id='word_1_814' title='bbox 2326 5280 2571 5337; x_wconf 86' lang='lat' dir='ltr'><strong>hominis</strong></span> <span class='ocrx_word' id='word_1_815' title='bbox 2593 5278 2957 5341; x_wconf 87' lang='lat' dir='ltr'><strong>subdidisset,</strong></span> <span class='ocrx_word' id='word_1_816' title='bbox 2988 5291 3204 5331; x_wconf 90' lang='lat' dir='ltr'><strong>omnem</strong></span> <span class='ocrx_word' id='word_1_817' title='bbox 3236 5276 3530 5343; x_wconf 74' lang='lat' dir='ltr'><strong>complevit</strong></span> 
     </span>
    </p>
   </div>
   <div class='ocr_carea' id='block_1_113' title="bbox 1953 5367 3537 5448">
    <p class='ocr_par' dir='ltr' id='par_1_113' title="bbox 1953 5367 3537 5448">
     <span class='ocr_line' id='line_1_113' title="bbox 1953 5367 3537 5448; baseline -0.005 -19"><span class='ocrx_word' id='word_1_818' title='bbox 1953 5377 2243 5448; x_wconf 85' lang='lat' dir='ltr'><strong>justitiam.</strong></span> <span class='ocrx_word' id='word_1_819' title='bbox 2291 5373 2644 5444; x_wconf 66' lang='lat' dir='ltr'><strong>Quaecunque</strong></span> <span class='ocrx_word' id='word_1_820' title='bbox 2708 5373 2874 5428; x_wconf 89' lang='lat' dir='ltr'><strong>etiam</strong></span> <span class='ocrx_word' id='word_1_821' title='bbox 2922 5370 2971 5425; x_wconf 90' lang='lat' dir='ltr'><strong>ei</strong></span> <span class='ocrx_word' id='word_1_822' title='bbox 3016 5369 3278 5439; x_wconf 70' lang='lat' dir='ltr'><strong>prmcepit</strong></span> <span class='ocrx_word' id='word_1_823' title='bbox 3329 5367 3537 5426; x_wconf 82' lang='lat' dir='ltr'><strong>Moses.</strong></span> 
     </span>
    </p>
   </div>
   <div class='ocr_carea' id='block_1_114' title="bbox 1957 5458 3541 5537">
    <p class='ocr_par' dir='ltr' id='par_1_114' title="bbox 1957 5458 3541 5537">
     <span class='ocr_line' id='line_1_114' title="bbox 1957 5458 3541 5537; baseline -0.008 -15"><span class='ocrx_word' id='word_1_824' title='bbox 1957 5467 2108 5535; x_wconf 83' lang='lat' dir='ltr'><strong>fecit,</strong></span> <span class='ocrx_word' id='word_1_825' title='bbox 2137 5481 2246 5537; x_wconf 90' lang='lat' dir='ltr'><strong>quo</strong></span> <span class='ocrx_word' id='word_1_826' title='bbox 2278 5465 2383 5535; x_wconf 87' lang='lat' dir='ltr'><strong>legi</strong></span> <span class='ocrx_word' id='word_1_827' title='bbox 2442 5479 2546 5519; x_wconf 90' lang='lat' dir='ltr'><strong>nos</strong></span> <span class='ocrx_word' id='word_1_828' title='bbox 2596 5461 2870 5518; x_wconf 84' lang='lat' dir='ltr'><strong>obnoxios</strong></span> <span class='ocrx_word' id='word_1_829' title='bbox 2931 5459 3224 5514; x_wconf 87' lang='lat' dir='ltr'><strong>redimeret</strong></span> <span class='ocrx_word' id='word_1_830' title='bbox 3269 5458 3337 5523; x_wconf 80' lang='grc'><strong>’⁷,</strong></span> <span class='ocrx_word' id='word_1_831' title='bbox 3376 5458 3541 5526; x_wconf 81' lang='lat' dir='ltr'><strong>inque</strong></span> 
     </span>
    </p>
   </div>
   <div class='ocr_carea' id='block_1_115' title="bbox 1962 5549 3539 5627">
    <p class='ocr_par' dir='ltr' id='par_1_115' title="bbox 1962 5549 3539 5627">
     <span class='ocr_line' id='line_1_115' title="bbox 1962 5549 3539 5627; baseline -0.008 -13"><span class='ocrx_word' id='word_1_832' title='bbox 1962 5560 2199 5614; x_wconf 85' lang='lat' dir='ltr'><strong>ﬁliorum</strong></span> <span class='ocrx_word' id='word_1_833' title='bbox 2232 5558 2414 5614; x_wconf 91' lang='lat' dir='ltr'><strong>locum</strong></span> <span class='ocrx_word' id='word_1_834' title='bbox 2441 5560 2743 5627; x_wconf 90' lang='lat' dir='ltr'><strong>adoptaret.</strong></span> <span class='ocrx_word' id='word_1_835' title='bbox 2770 5550 2892 5607; x_wconf 86' lang='lat' dir='ltr'><strong>Non</strong></span> <span class='ocrx_word' id='word_1_836' title='bbox 2920 5549 3141 5606; x_wconf 80' lang='lat' dir='ltr'><strong>deﬂexit</strong></span> <span class='ocrx_word' id='word_1_837' title='bbox 3162 5550 3229 5604; x_wconf 85' lang='lat' dir='ltr'><strong>ab</strong></span> <span class='ocrx_word' id='word_1_838' title='bbox 3249 5550 3330 5605; x_wconf 87' lang='lat' dir='ltr'><strong>eis</strong></span> <span class='ocrx_word' id='word_1_839' title='bbox 3365 5564 3539 5619; x_wconf 84' lang='lat' dir='ltr'><strong>neque</strong></span> 
     </span>
    </p>
   </div>
   <div class='ocr_carea' id='block_1_116' title="bbox 2928 5724 3538 5787">
    <p class='ocr_par' dir='ltr' id='par_1_116' title="bbox 2928 5724 3538 5787">
     <span class='ocr_line' id='line_1_116' title="bbox 2928 5724 3538 5787; baseline -0.015 -2"><span class='ocrx_word' id='word_1_840' title='bbox 2928 5733 2972 5763; x_wconf 75' lang='lat'>“</span> <span class='ocrx_word' id='word_1_841' title='bbox 3005 5730 3189 5784; x_wconf 75' lang='lat' dir='ltr'><strong>Matth.</strong></span> <span class='ocrx_word' id='word_1_842' title='bbox 3224 5743 3415 5787; x_wconf 67' lang='lat' dir='ltr'><strong>xxv-ut,</strong></span> <span class='ocrx_word' id='word_1_843' title='bbox 3449 5724 3538 5777; x_wconf 73' lang='lat'><strong>‘20.</strong></span> 
     </span>
    </p>
   </div>
  </div>
