4058 6590
515 381 621 445 995

1806 373 2162 435 PROCOPII
2201 371 2447 432 GAZ/EI

3677 360 3778 421 996

514 494 579 546 ad
646 489 894 544 dextram
961 501 1141 556 neque
1182 484 1491 547 sinistram,
1519 486 1610 554 qui
1668 486 1878 555 inquit:
1908 504 1925 535 ι
1965 484 2082 538 Non

2202 482 2289 549 ιία
2315 484 2515 550 κεραία
2544 478 2606 531 οὐ
2648 478 2723 549 μὴ
2750 476 2993 548 παρέλθῃ
3021 477 3087 529 ἐκ
3121 474 3214 528 τοῦ
3236 474 3429 543 νόμου,
3456 472 3567 533 ἕως
3602 467 3666 525 οὗ
3690 473 3778 538 γέο

514 583 622 637 iota
676 596 844 636 unum
910 588 1007 633 aut
1060 594 1199 649 apex
1243 595 1387 633 unus
1436 595 1463 633 ο
1508 580 1623 648 lege
1646 579 1883 641 decidet,
1914 578 2090 633 donec

516 675 609 729 liat
636 674 702 727 ’⁸.
735 692 753 724 ι
787 671 1133 741 Quapropter
1184 671 1251 725 de
1294 670 1415 740 ipso
1465 669 1635 726 Isaias
1676 685 1897 740 quoque
1956 670 2034 723 ait
2071 685 2086 722 :

521 785 540 818 ι
580 764 717 819 Ecce
771 764 1070 834 prudenter
1108 762 1277 835 479
1341 772 1465 834 aget
1503 778 1696 819 servus
1727 779 1902 827 meus,
1937 762 2088 818 exal-

519 857 747 921 tabitur,
776 856 1061 919 evehetur,
1092 862 1148 909 et
1199 868 1365 924 supra
1400 855 1622 909 modum
1662 854 1921 909 sublimis
1958 854 2088 918 erit,

516 946 645 1016 quia
678 946 860 999 omnia
884 944 1070 999 divina
1101 945 1372 1013 sapientia
1411 946 1526 1014 agit
1550 952 1605 1000 et
1630 945 1901 1015 loquitur.

591 1038 685 1091 Est
712 1052 842 1092 vero
894 1050 1034 1106 Opus
1091 1036 1455 1105 intelligentia
1506 1037 1556 1091 ei
1606 1037 1700 1105 qui
1740 1037 1913 1106 legem
1954 1037 2090 1106 legit

520 1129 773 1198 inprimis
827 1143 957 1183 vero
1005 1127 1130 1183 lide.
1180 1146 1199 1179 ι
1237 1126 1353 1182 Nisi
1405 1128 1551 1182 enim
1587 1127 1963 1191 credideritis,
2002 1129 2089 1182 in-

521 1222 660 1291 quit,
702 1234 1048 1290 nequaquam
1102 1219 1422 1290 intelligetis
1456 1220 1525 1273 ”.
1563 1238 1581 1271 ι
1616 1220 1917 1275 Assiduum
1962 1234 2091 1273 nec-

524 1329 630 1367 non
663 1313 908 1368 studium
958 1312 1282 1381 requiritur,
1322 1311 1469 1381 quod
1505 1313 1597 1381 qui
1631 1313 1795 1367 habet
1821 1328 1850 1364 a
1886 1312 2091 1367 Davide

521 1404 717 1458 beatus
770 1402 1150 1472 praedicatur:
1210 1420 1228 1454 ι
1264 1401 1461 1456 Omnia
1512 1403 1659 1457 enim
1712 1418 1836 1472 qua:
1869 1404 2083 1465 fecerit,

525 1495 722 1565 inquit,
752 1510 1013 1565 prospere
1044 1495 1340 1550 succedent
1365 1493 1552 1547 ³⁰.›-
1588 1513 1605 1546 ι
1636 1493 1885 1549 Lucerna
1919 1495 2086 1559 enim,

525 1585 655 1639 alibi
689 1586 787 1648 ait,
824 1584 1022 1653 pedum
1067 1597 1313 1637 meorum
1356 1583 1445 1636 lex
1472 1590 1590 1646 tua,
1619 1592 1673 1638 et
1708 1583 1890 1637 lumen
1923 1585 2091 1639 senii-

525 1684 707 1731 tarum
742 1691 985 1730 mearum
1020 1676 1087 1730 δί.
1129 1693 1146 1726 ι
1181 1674 1299 1740 Qua
1331 1676 1691 1730 continuatus
1725 1690 1941 1731 omnem
1980 1692 2091 1732 me-

525 1779 641 1823 tum
683 1783 747 1822 ac
773 1769 1021 1821 timorem
1059 1767 1232 1837 ejicit.
1466 1768 1471 1773 ’

596 1860 805 1925 Ραι-αιε⁸
841 1858 983 1914 vobis
1004 1859 1277 1924 viaticum,
1310 1858 1482 1913 adhuc
1508 1860 1647 1915 enim
1673 1861 1817 1914 intra
1847 1868 1952 1915 tres
1977 1860 2089 1915 dies
2125 1844 2168 1898 Β

529 1952 811 2019 trajicietis
845 1950 980 2003 hunc
1003 1949 1313 2003 Jordnnem.
1339 1950 1404 2021 [1,
1429 1950 1540 2023 11.]
1565 1952 1689 2007 llaec
1719 1967 1818 2021 per
1850 1954 2091 2023 scripto-

528 2056 615 2094 res
644 2048 770 2094 nota
819 2038 950 2093 fecit
988 2038 1214 2108 populo,
1259 2053 1400 2108 quos
1440 2039 1673 2109 Aquilas
1718 2038 1939 2109 quidem
1966 2055 2095 2093 exa-

526 2142 694 2185 ctores
753 2130 1027 2185 nominat.
1089 2129 1456 2200 Symmachus
1497 2145 1627 2212 vero
1677 2130 1979 2198 prafectos,
2009 2130 2093 2185 vi-

528 2227 725 2279 dentur
762 2232 946 2277 autem
993 2230 1459 2278 commentatores
1494 2226 1689 2292 quales
1722 2222 1868 2290 apud
1901 2221 2097 2278 Roma-

528 2332 630 2371 nos
689 2315 935 2381 fuerunt,
992 2330 1137 2371 esse.
1171 2314 1273 2370 Per
1303 2331 1443 2384 quos
1493 2317 1715 2385 populis
1743 2316 1967 2371 decreta
1994 2331 2094 2371 sua

527 2407 961 2478 promulgarunt
1010 2406 1314 2476 principes.
1364 2404 1641 2463 Viaticum
1676 2422 1841 2478 porro
1872 2423 1936 2463 ex
1966 2424 2095 2463 man

528 2500 791 2569 colligere
816 2498 1105 2568 jubentur,
1139 2514 1241 2554 nec
1272 2500 1451 2554 solum
1484 2499 1577 2568 qui
1612 2500 1668 2553 in
1703 2499 1872 2563 diem,
1905 2516 2093 2554 verum

530 2593 584 2645 in
616 2591 858 2645 triduum
897 2590 1146 2660 adeoque
1179 2590 1248 2646 ad
1280 2599 1455 2646 totum
1501 2591 1848 2661 trajectionis
1880 2601 2096 2661 tempus

533 2680 822 2737 suﬂiceret.
856 2679 1002 2735 Inter
1026 2681 1266 2735 eundum
1316 2681 1463 2735 enim
1510 2697 1620 2736 non
1651 2682 1823 2735 otium
1858 2683 2093 2751 conqui-

531 2771 690 2826 rendi
726 2778 1090 2826 commeatum
1127 2771 1534 2841 suppeditabat.
1580 2770 1687 2826 Pro
1721 2772 1899 2827 tribus
1928 2773 2098 2842 igitur

532 2863 725 2918 diebus
758 2862 921 2916 unico
975 2861 1206 2931 adjectis
1245 2862 1603 2932 colligebant,
1647 2878 1771 2919 cum
1809 2864 2098 2932 trajectio-

534 2955 619 3009 nis
670 2954 779 3010 die.
838 2954 954 3009 Non
1004 2954 1229 3024 quidem
1283 2955 1431 3026 quod
1508 2956 1654 3010 inter
1701 2957 2095 3012 transeundum

534 3062 660 3100 man
692 3046 877 3115 inopia
910 3054 1099 3102 essent
1137 3045 1463 3112 Iaboraturi,
1521 3063 1710 3102 verum
1754 3058 1811 3102 ut
1840 3049 2098 3104 omnibus

2190 590 2373 645 νηται.
2416 591 2435 624 ι
2472 571 2564 624 Διὸ
2593 572 2685 623 καὶ
2731 570 2964 630 Ἡσαΐας
2994 568 3146 636 λέγει
3178 567 3305 639 περὶ
3332 564 3511 620 αὐτοῦ
3539 581 3553 594 ·
3592 584 3611 615 ι
3654 564 3780 618 Ἰδοὺ

2192 667 2418 736 συνήσει
2451 666 2624 727 ὀπαῖς
2650 680 2774 734 μου,
2809 662 2903 715 καὶ
2927 661 3296 732 ὑψωθήσεται,
3326 660 3427 713 καὶ
3450 656 3783 725 δοξασθήσεο

2189 776 2303 824 ται,
2352 758 2448 811 καὶ
2510 755 3016 827 μετεωρισθήσεται
3094 753 3323 824 σφόδρα,
3389 770 3411 804 ι
3485 750 3785 819 θεοπρεπεῖ

2192 849 2355 920 σοφίᾳ
2375 848 2553 903 πάντα
2581 846 2773 911 ποιῶν,
2804 848 2901 899 xal
2920 844 3311 916 φθεγγόμενος.

2263 1027 2536 1088 Συνέσεως
2568 1025 2727 1098 χρεία
2754 1023 2831 1095 τῷ
2868 1025 2961 1077 τὸν
2990 1022 3154 1093 νόμον
3185 1021 3657 1092 ἀναγινώσκοντι,
3701 1023 3788 1073 καὶ

2193 1118 2301 1189 πρὸ
2328 1116 2553 1186 ταύτης,
2582 1116 2839 1178 πίστεως.
2878 1134 2896 1166 ι
2921 1115 3047 1169 Ἐὰν
3080 1114 3210 1184 γὰρ,
3242 1115 3376 1185 φησὶ
3396 1154 3411 1177 ,
3453 1114 3537 1183 μὴ
3568 1112 3787 1165 πιστεῦ-

2193 1226 2325 1279 σητε
2346 1249 2360 1275 ,
2390 1208 2498 1261 οὐδ’
2525 1207 2586 1260 οὐ
2621 1207 2695 1278 μὴ
2734 1207 2952 1277 συνῆτε.
2994 1225 3012 1259 ι
3047 1208 3139 1259 Δεῖ
3164 1205 3222 1257 δὲ
3254 1204 3349 1258 καὶ
3382 1203 3639 1274 μελέτης
3673 1220 3790 1255 συν-

2190 1300 2615 1371 εχεστέρας.“ον
2644 1298 2736 1351 καὶ⁵
2770 1296 3090 1369 μακαρίζων
3117 1295 3283 1366 φησὶν
3324 1295 3354 1347 ό
3377 1293 3559 1347 Δαϐίδ
3582 1309 3595 1321 ·
3640 1310 3657 1341 ι
3688 1294 3791 1345 Kal

2194 1392 2374 1445 πάντα
2412 1392 2510 1444 ὅσα
2541 1390 2609 1444 ἂν
2638 1394 2764 1461 ποιῇ
2799 1387 3321 1460 κατευοδωθήσεται.
3354 1406 3373 1439 ι
3402 1417 3483 1428 -
3526 1406 3545 1437 ι
3588 1386 3788 1453 Λύχνος

2192 1482 2320 1551 γάρ,
2354 1483 2508 1552 φησὶ,
2542 1484 2652 1545 τοῖς
2685 1482 2810 1534 ποσί
2844 1498 2946 1552 μου
2979 1480 3007 1532 ό
3032 1480 3195 1549 νόμος
3235 1496 3351 1541 σου,
3394 1479 3499 1531 καὶ
3531 1478 3654 1547 φῶς
3681 1481 3791 1541 ταῖς

2190 1573 2399 1645 τρίϐοις
2428 1591 2552 1643 μου.
2585 1592 2603 1625 ι
2623 1574 2699 1627 Δι’
2721 1566 2781 1628 οὗ
2817 1572 3071 1643 ῥωσθεὶς,
3103 1571 3325 1625 ἐκϐαλεῖ
3354 1572 3550 1624 πᾶσαν
3593 1570 3792 1623 δειλίαν

2194 1667 2289 1721 καὶ
2318 1667 2503 1737 ιρόϐον.

2280 1840 2691 1911 Ἐτοιμάζεσθε
2716 1840 3123 1909 ἐπισιτισμὸν,
3143 1840 3236 1895 ὅτι
3251 1841 3337 1896 ἔτι
3363 1839 3533 1909 τρεῖς
3554 1839 3790 1907 ἡμέραν,

2192 1931 2292 1984 καί
2331 1930 2694 1997 διαϐήσεσθε
2722 1930 2831 1984 τὸν
2864 1929 3173 1999 Ἰορδάνην
3209 1930 3445 1985 τοῦτον.
3477 1930 3680 1984 Ταῦτα
3708 1931 3794 1984 διὰ

2191 2021 2299 2075 τῶν
2345 2021 2725 2093 Γραμματέων
2760 2021 2965 2091 Ἰησοῦς
3008 2020 3277 2091 δεδήλωκε
3320 2021 3397 2091 τῷ
3449 2021 3609 2090 λαῷ·
3647 2022 3741 2083 οὓς
3766 2026 3792 2075 ὁ

2197 2114 2297 2183 μὲν
2331 2111 2582 2178 Ἀκύλας,
2625 2111 2981 2178 ἐκϐιϐαστάς
3036 2128 3234 2183 φησιν·
3281 2115 3308 2166 ό
3351 2113 3408 2167 δὲ
3456 2113 3787 2183 Σύμμαχος,

2193 2203 2797 2270 ἐπιστάτας.Ἐοίκασι
2832 2206 2888 2259 δὲ
2937 2206 3078 2259 κατὰ
3121 2208 3247 2268 τοὺς
3290 2209 3444 2279 παρὰ
3485 2209 3790 2278 Ῥωμαίοις

2195 2294 2575 2366 ὲκσκέπτορας
2626 2292 2788 2360 εἶναι,
2845 2296 2913 2349 δι’
2952 2291 3028 2351 ὧν
3058 2297 3279 2369 δηλοῦσι
3322 2303 3437 2364 τοῖς
3489 2301 3699 2371 δήμοις
3741 2305 3786 2354 oi

2197 2386 2454 2457 ἄρχοντες
2504 2387 2565 2440 τὸ
2612 2386 2821 2443 δοκοῦν.
2841 2389 3219 2460 Ἐπισιτισμδν
3247 2391 3637 2461 δὲισυλλὲγειν
3682 2395 3787 2447 ἀπὸ

2195 2477 2290 2531 τοῦ
2328 2479 2503 2549 μάννα
2525 2480 3129 2552 προστάττονται,πρὸς
3154 2483 3233 2554 τῷ
3264 2488 3398 2554 πρὸς
3426 2485 3663 2556 ἡμέραν
3687 2486 3782 2556 ἀρ-

2197 2571 2383 2624 κοῦντι
2412 2573 2505 2625 ἐπὶ
2540 2576 2690 2645 τρεῖς
2713 2573 2928 2645 ἠμέρας
2960 2575 3056 2629 καὶ
3084 2576 3174 2629 τὸν
3201 2577 3505 2647 ἀρκέσοντα
3531 2579 3676 2649 πρὸς
3696 2579 3783 2631 τὸν

2197 2666 2295 2736 τῆς
2328 2665 2630 2729 διαϐάσεως
2659 2668 2869 2739 χρόνον.
2900 2668 2974 2722 Οὐ
3005 2670 3114 2739 γὰρ
3144 2669 3403 2741 ἠδύναντο
3432 2672 3562 2725 τότε
3593 2672 3777 2725 συλλέ-

2198 2772 2338 2823 γειν,
2364 2756 2502 2827 πρὸς
2522 2757 2621 2827 τὴν
2646 2758 2898 2812 διάϐασιν
2922 2759 3333 2831 ἀσχολούμενοι.
3355 2763 3455 2817 Διὰ
3480 2764 3595 2817 τῶν
3617 2765 3781 2836 τριῶν

2198 2844 2291 2901 οῦν
2335 2849 2557 2921 ἡμερῶν
2606 2851 2671 2904 ἐκ
2722 2853 3043 2923 προσθήκης
3074 2854 3361 2925 συνέλεγον
3394 2858 3493 2911 xal
3538 2858 3638 2911 τὸν
3689 2859 3781 2929 τῆς

2199 2939 2410 3012 ὴμέρας
2455 2942 2554 3010 τῆς
2600 2942 2923 3008 διαϐάσεως.
2961 2947 3070 2999 Kal
3101 2946 3220 3016 μετ’
3244 2948 3434 3017 ὀλίγα·
3466 2950 3582 3003 Καὶ
3610 2949 3780 3011 άλλως

2199 3033 2278 3097 δὲ,
2314 3033 2390 3103 τῷ
2425 3035 2671 3105 μέλλοντι
2697 3036 2947 3109 διαϐῆναι
2991 3040 3082 3093 τὸν
3122 3041 3389 3115 Ἰορδάνην
3426 3044 3778 3111 ἐπισιτισμοῦ

535 3138 722 3192 missis
774 3136 843 3191 ad
895 3143 1100 3192 terram
1150 3138 1483 3207 promissam
1541 3139 1957 3195 contenderent.
2017 3142 2096 3195 Ad

2202 3125 2379 3196 χρεία,
2414 3128 2511 3181 καὶ
2559 3129 2665 3183 τῶν
2711 3132 2775 3184 ὲκ
2823 3133 3109 3202 μετανοίας
3158 3134 3354 3204 ἔργων,
3388 3136 3465 3201 ὡς
3515 3138 3588 3192 ἄν
3639 3139 3777 3191 είπηι

533 3234 649 3282 tres
694 3228 837 3281 enim
887 3227 1006 3283 dies
1045 3227 1309 3298 deinceps
1354 3244 1450 3284 eos
1489 3230 1671 3284 adhuc
1704 3234 1929 3295 mansit,
1965 3232 2095 3286 dum

2203 3216 2340 3285 μετὰ
2369 3217 2606 3287 Χριστοῦ
2631 3234 2646 3248 ο
2682 3236 2704 3272 ι
2726 3220 2889 3291 Ἐμόν
2932 3225 3050 3276 ἐστι
3099 3223 3292 3296 βρῶμα
3339 3228 3402 3279 τὸ
3453 3229 3687 3298 ποιῆσαι
3722 3228 3780 3279 τὸ

533 3319 824 3374 Paschatis
870 3320 978 3373 ritu
1039 3329 1262 3390 peracto
1291 3334 1493 3390 azyma
1531 3323 1911 3377 comederunt.
1942 3323 2099 3377 Tunc

534 3412 679 3466 enim
721 3418 879 3475 terra:
916 3419 1186 3482 proventu
1221 3411 1478 3466 victitare
1515 3412 1753 3481 primum
1788 3426 2096 3485 cmperunt.

536 3503 706 3557 Porro
734 3502 912 3557 cuivis
957 3502 1251 3558 Jordanem
1296 3502 1596 3571 trajecturo
1623 3514 1969 3563 commeatus
1998 3523 2096 3562 ne-

534 3594 768 3649 cessitas
818 3593 1140 3662 imponitur,
1191 3608 1421 3663 Operum
1470 3594 1724 3651 videlicet
1765 3598 2100 3666 resipiscen-

534 3685 643 3745 tiae,
702 3699 812 3754 quo
862 3699 986 3738 cum
1036 3683 1259 3738 Christo
1326 3694 1492 3754 queat
1554 3687 1770 3743 dicere:
1829 3708 1849 3740 ι
1909 3688 2100 3746 Victus

536 3789 693 3830 meus
746 3782 832 3829 est
877 3775 1218 3829 voluntatem
1270 3775 1390 3845 ejus
1442 3777 1534 3846 qui
1598 3792 1685 3831 me
1746 3777 1895 3833 misit
1943 3793 2102 3834 exse-

535 3867 628 3935 qui
657 3866 721 3918 ³².
758 3884 777 3918 ι
834 3864 965 3918 Nam
1017 3864 1147 3920 Elia:
1195 3881 1415 3935 quoque
1463 3868 1700 3922 dicitur:
1736 3886 1755 3919 ι
1796 3866 1991 3939 Surge,
2046 3877 2101 3923 et

536 3956 785 4021 comede,
816 3956 1080 4026 quoniam
1134 3957 1235 4010 iter
1266 3956 1627 4027 longinquum
1660 3966 1716 4013 te
1748 3967 1933 4013 manet
1961 3960 2030 4014 ³⁸.
2075 3978 2093 4010 ι

535 4043 635 4098 Via
688 4046 833 4099 enim
886 4044 980 4099 Dei
1029 4045 1254 4101 virtutis
1303 4048 1680 4115 operationem
1728 4047 1982 4116 requirit.
2016 4047 2099 4102 Ad

535 4148 697 4203 (piam
729 4132 858 4187 item
907 4133 1138 4202 pedibus
1176 4148 1287 4187 non
1324 4133 1499 4189 illotis
1530 4135 1981 4205 aggrediendum,
2009 4152 2102 4192 ve-

536 4240 659 4277 rum
705 4230 833 4276 ante
881 4221 1071 4276 divino
1122 4222 1340 4277 lavacro
1400 4225 1647 4278 ahlutum
1703 4233 1786 4280 est
1835 4226 2096 4282 eundum.

537 4316 766 4383 Propter
792 4311 845 4366 id
879 4312 931 4365 in
984 4311 1171 4366 multis
1205 4310 1473 4367 Ecclesiis
1525 4328 1660 4368 usus
1692 4311 1927 4371 fortasse
1954 4317 2101 4371 obti-

536 4408 677 4469 nuit,
732 4412 791 4458 ut
824 4414 1024 4474 quarto
1072 4404 1268 4473 quovis
1304 4411 1512 4459 sanctae
1562 4407 1885 4475 septimanae
1911 4408 1999 4464 die
2032 4407 2099 4464 ad

2200 3305 2411 3377 θέλημα
2433 3308 2528 3360 τοῦ
2558 3309 2876 3381 πέμψαντός
2908 3330 2999 3383 με.
3028 3334 3047 3365 ι
3077 3316 3187 3368 Καὶ
3219 3316 3295 3387 τῷ
3318 3317 3472 3389 Ἠλία
3499 3319 3558 3372 δὲ
3595 3319 3772 3385 λέγει’

2205 3418 2223 3450 ι
2248 3401 2513 3467 Ἀναστὰς
2551 3404 2713 3473 φάγε,
2745 3407 2827 3459 ὅτι
2862 3408 3080 3479 μακρὰν
3107 3410 3142 3481 ή
3177 3411 3295 3474 όδὸς
3320 3411 3428 3464 ἀπὸ
3453 3411 3570 3467 σοῦ.
3599 3432 3618 3464 ι
3648 3413 3775 3465 Θεοῦ

2199 3494 2309 3564 γὰρ
2355 3495 2473 3558 ὁδὸς
2501 3497 2762 3566 ἐργασίαν
2792 3499 2996 3571 ἀρετῆς
3029 3502 3280 3556 ἀπαιτεῖ·
3318 3506 3410 3557 καὶ
3442 3506 3528 3559 δεῖ
3570 3506 3649 3576 μὴ
3680 3507 3773 3558 αίι-

2199 3584 2587 3654 τοσχεδιάζειν,
2619 3587 2755 3641 ἀλλὰ
2805 3589 2900 3643 τοῦ
2943 3591 3089 3644 θείου
3139 3593 3363 3665 λουτροῦ
3413 3596 3776 3665 προκαθαίρε-

2202 3677 2345 3730 σθαι.
2378 3677 2532 3748 Τάχα
2582 3679 2671 3733 διὰ
2712 3680 2871 3733 τοῦτο
2917 3683 3264 3754 κεκράτηκεν
3305 3688 3362 3738 ὲν
3398 3686 3625 3750 πολλαῖς
3656 3686 3772 3740 Ἐκ-

2201 3766 2451 3837 κλησίαις
2494 3772 2559 3839 τῆ
2604 3772 2823 3841 τετράδι
2871 3774 2971 3843 τῆς
3020 3775 3182 3842 ἁγίας
3217 3776 3507 3847 ἑϐδομάδος
3544 3795 3775 3844 προκατ-

2200 3859 2449 3928 ηχεῖσθαι
2478 3860 2546 3913 τὰ
2572 3862 2685 3927 νῦν,
2713 3863 2787 3927 ὡς
2814 3865 2987 3918 εἰπεῖν
3030 3867 3325 3931 ἀκούοντας
3348 3886 3362 3901 ο
3415 3888 3433 3919 ι
3456 3869 3770 3940 Ἐτοιμάζε-

2204 3952 2295 4003 σθε
2336 3953 2548 4016 ἑαυτοῖς
2593 3956 3089 4026 ὲπισιτισμόν.Ἕ-;ι
3119 3961 3229 4029 γὰρ
3275 3967 3321 4027 γ’
3357 3962 3572 4031 ἡμέρας
3623 3963 3770 4031 ὑμεῖς

2200 4042 2525 4114 διαϐήσεσθε
2562 4046 2653 4100 τὸν
2689 4048 2980 4119 Ἰορδάνην.
3015 4068 3034 4102 ι
3068 4052 3159 4121 Μὴ
3190 4051 3395 4122 κώμοις
3434 4056 3528 4106 καὶ
3558 4055 3764 4124 μέθαις,

2205 4135 2280 4205 μὴ
2308 4136 2516 4199 κοίταις
2544 4142 2639 4191 καὶ
2664 4140 2974 4208 ἀσελγείαις
2996 4180 3010 4206 ,
3050 4143 3228 4196 πάντα
3258 4144 3615 4215 εὐσχημόνως
3633 4186 3650 4211 ,
3681 4144 3768 4197 καὶ

2200 4227 2343 4281 κατὰ
2392 4226 2544 4292 τάξιν
2593 4230 2847 4298 γινέσθω.
2881 4250 2899 4283 ι
2935 4233 3029 4296 EI;
3071 4233 3349 4304 βασιλείαν
3378 4237 3625 4305 οὐρανῶν
3657 4237 3767 4289 δια-

2202 4315 2429 4383 ϐαίνεις,
2444 4319 2544 4372 οὐκ
2576 4320 2847 4392 αἰσθητῶν
2878 4322 2960 4376 δεῖ
2990 4340 3071 4377 σοι
3104 4323 3413 4396 βρωμάτων
3436 4342 3450 4355 °
3480 4327 3557 4390 ὡς
3587 4328 3653 4381 ἂν
3682 4326 3766 4379 καὶ

2200 4400 2245 4476 ᾧ
2279 4408 2645 4464 συνάπτεσθαι
2684 4413 2899 4482 μέλλεις
2941 4416 3163 4487 νυμφίῳ
3206 4417 3489 4489 ἀπολαύσῃ
3535 4418 3632 4471 τοῦ
3681 4415 3765 4470 σοῦ

536 4513 656 4555 eam
692 4498 848 4567 prius
895 4497 1244 4551 instruentur
1277 4496 1471 4561 sacris,
1515 4500 1673 4565 quasi
1708 4498 2096 4569 videlicetjam

2205 4497 2476 4568 σιτισμοῦ,
2510 4500 2603 4553 καὶ
2649 4495 2723 4555 ὧν
2769 4503 3006 4577 ἐπιφέρῃ
3058 4506 3311 4577 καρπῶν.
3351 4508 3509 4561 Ἀλλὰ
3560 4509 3677 4571 πῶς
3714 4507 3766 4558 τὸ

536 4604 683 4645 nunc
736 4587 1034 4642 audirent:
1092 4604 1111 4637 ‹
1148 4586 1344 4641 Parate
1387 4588 1543 4642 vobis
1574 4598 1963 4653 commeatum,
2001 4589 2097 4644 ad-

539 4683 644 4735 Imc
686 4680 831 4733 enim
884 4678 1027 4732 intra
1062 4676 1313 4731 triduum
1360 4677 1655 4746 trajicietis
1696 4676 2038 4745 Iordanem;
2074 4698 2092 4730 ι

535 4773 619 4825 vel
669 4771 798 4824 illud
852 4786 866 4822 :
907 4787 926 4820 ι
980 4767 1101 4822 Νοη
1141 4769 1659 4835 comessationibus,
1708 4785 1817 4823 non
1868 4771 2103 4825 ebrieta-

538 4864 709 4926 tibus,
767 4875 877 4915 non
933 4860 1233 4925 cubilibus,
1293 4874 1404 4914 non
1456 4861 1861 4924 salacitatibus,
1911 4876 2103 4916 verum

2210 4589 2385 4659 μάννα
2411 4591 2537 4656 τοὺς
2566 4592 2962 4664 διαϐεϐηκότας
3004 4597 3095 4650 τὸν
3130 4597 3404 4669 Ἰορδάνην
3430 4600 3763 4663 ἐκλέλοιπεν;

2210 4681 2330 4734 Ὀτι
2358 4682 2408 4734 οἱ
2441 4683 2540 4752 μὲν
2562 4685 2620 4737 ὲν
2645 4685 2867 4756 Χριστῷ
2898 4688 3078 4757 νήπιοι
3103 4688 3164 4741 τὸ
3186 4690 3293 4742 πᾶν
3315 4688 3374 4755 ἐξ
3398 4691 3627 4760 οὐρανοῦ
3653 4708 3764 4742 συν-

2210 4771 2497 4842 εργοῦνται
2522 4789 2538 4804 ο
2573 4775 2623 4827 οἰ
2656 4775 2711 4829 δὲ
2746 4778 3172 4850 προϐεϐηκότες,
3196 4781 3291 4834 καὶ
3321 4781 3380 4846 ἐξ
3409 4782 3555 4835 ἰδίων
3603 4782 3766 4852 ἔργων

2211 4863 2618 4928 ἐπισιτίζονται.

539 4957 643 5009 rite
686 4960 741 5008 et
768 4952 964 5007 ordine
995 4951 1126 5006 Iiant
1171 4953 1354 5006 omnia
1379 4952 1444 5006 “.
1484 4971 1502 5004 ι
1580 4952 1636 5007 Si
1709 4954 1763 5007 in
1831 4969 2060 5025 regnum
2130 4956 2356 5012 caeleste
2407 4959 2755 5015 transcendis
2811 4975 2918 5015 non
2970 4960 3113 5016 cibis
3165 4963 3464 5019 sensilibus
3509 4979 3653 5034 opus
3696 4968 3767 5017 est

540 5046 664 5109 tibi,
696 5059 808 5112 quo
838 5057 1076 5112 sponsus
1107 5058 1325 5116 quoque
1360 5044 1449 5097 cui
1479 5045 1729 5113 copulari
1760 5046 1918 5115 cupis
1951 5054 2103 5100 tuum
2144 5048 2447 5118 percipere
2496 5051 2673 5121 possit
2704 5063 3093 5120 commeatum,
3125 5065 3181 5111 et
3212 5058 3422 5112 fructus
3495 5073 3637 5125 quos
3698 5055 3768 5109 af-

544 5142 667 5191 l‘ert.
699 5136 767 5190 At
818 5151 945 5189 man
1020 5150 1116 5190 eos
1188 5135 1280 5205 qui
1332 5133 1628 5190 Jordanem
1696 5138 2040 5207 trajecerunt
2107 5138 2307 5194 defecit
2358 5143 2790 5213 quodammodo,
2849 5149 3105 5218 quoniam
3162 5148 3406 5205 infantes
3457 5150 3678 5220 quidem
3723 5150 3769 5202 in

539 5228 761 5282 Christo
812 5227 999 5282 omnia
1055 5225 1267 5281 caelesti
1317 5238 1420 5292 0pc
1452 5226 1765 5295 perliciunt.
1818 5228 1924 5293 Qui
1976 5244 2106 5284 vero
2145 5243 2548 5298 praecesserunt
2598 5252 2697 5292 sua
2750 5240 2916 5293 ctiam
2968 5254 3134 5309 opera
3203 5252 3574 5296 conuneatmn
3644 5257 3769 5298 nan-

540 5322 844 5387 ciscuntur.
870 5319 945 5375 De
973 5334 1084 5391 quo
1118 5322 1281 5375 etiam
1310 5322 1437 5375 alibi
1470 5320 1707 5376 dicetur.

625 5410 695 5464 Et
722 5410 919 5477 Ruben,
966 5421 1014 5466 et
1072 5411 1209 5477 Gad,
1252 5423 1301 5467 et
1343 5411 1577 5467 dimidia:
1626 5413 1783 5466 tribui
1848 5410 2103 5466 Manasse

542 5504 675 5556 dixit
732 5502 898 5557 Josue
952 5504 1009 5557 in
1046 5504 1156 5558 lucc
1193 5506 1367 5560 verba.
1421 5503 1560 5575 [l2.‘l
1594 5502 1689 5560 Isti
1722 5503 1892 5561 Mosis
1923 5505 2104 5559 verbis

582 5629 587 5633 ’
618 5621 665 5647 ’⁸⁵
693 5616 882 5669 Matth.
918 5633 969 5679 ν,
1020 5618 1105 5672 18.

548 5703 664 5747 nx,
831 5688 873 5717 ³⁸
912 5687 1067 5741 Ilout.
1106 5703 1229 5751 XIII,
1267 5688 1354 5741 15.

1217 5618 1261 5649 '9
1298 5615 1401 5671 Isa.
1444 5632 1537 5685 ιιι,
1582 5618 1667 5673 15.
1737 5617 1782 5648 ³⁰
1819 5616 1970 5672 Psal.
2000 5634 2039 5683 ι,
2076 5618 2129 5672 5.

2287 5415 2393 5465 Καὶ
2444 5410 2524 5475 τῷ
2566 5412 2827 5481 Ῥουϐίμ,
2862 5415 2958 5467 καὶ
2999 5416 3081 5480 τῷ
3124 5416 3271 5481 Γὰδ,
3316 5420 3414 5473 καὶ
3456 5420 3538 5487 τῷ
3588 5423 3771 5492 ἡμίσει
3821 5429 3827 5441 '

2211 5503 2413 5571 φυλῆς
2458 5504 2760 5572 Μανασσῆ
2795 5502 2965 5559 εἶπεν
2996 5506 3252 5575 Ἰησοῦς.
3295 5505 3473 5581 [Οὗτοι
3507 5513 3595 5567 διὰ
3627 5515 3773 5569 Mnib—

2220 5619 2262 5650 λι
2313 5617 2457 5673 l’sal.
2518 5632 2671 5684 cvm,
2722 5616 2843 5673 105.
2919 5619 2962 5651 ³²
3002 5620 3160 5678 Joan.
3198 5640 3270 5691 Iv,
3324 5625 3411 5679 54.
3478 5628 3522 5658 ³⁸
3555 5627 3619 5682 111
3655 5630 3768 5697 Reg.
