4058 6524
250 348 354 409 997

1393 345 1932 407 COMMENTARII
1973 345 2056 405 IN
2097 344 2360 406 JOSUE.

3423 352 3529 416 9⁴Ῑ¹8

251 458 395 521 σέως
429 454 828 528 ἐκληρώθησαν
859 456 963 527 τὴν
997 456 1136 526 γῆν,
1172 457 1363 529 ἐπειδὴ
1393 458 1585 511 πολλοὶ
1628 459 1717 512 διὰ
1749 457 1830 511 τοῐ

1950 464 2155 509 terram
2214 468 2342 510 sunt
2402 457 2607 513 sortiti.
2666 457 2941 524 Quoniam
2998 460 3154 515 multi
3211 475 3307 531 per
3354 463 3525 535 legem

247 551 421 621 νόμου
446 550 552 621 πρὸ
579 552 681 619 τῆς
703 550 923 620 χάριτος
953 548 1371 620 ἐτελειώθησαν.
1401 552 1515 602 Καὶ
1536 550 1663 603 ἐπεὶ
1689 567 1840 620 πρω-

243 643 473 705 τότοκος
492 641 726 713 Ἰσραὴλ
754 640 1105 711 ὀνομάζεται,
1127 640 1216 694 διὰ
1243 642 1525 705 Μωῢσέως
1551 643 1602 695 οί
1627 643 1839 713 πρωτό-

242 752 401 789 τοκοι
437 737 565 799 τοὺς
615 735 851 805 κλήρους
890 733 1431 804 ὲδέξαντο,⁹Ρου6ὴν,
1458 736 1556 789 καὶ
1586 736 1715 800 Γὰδ,
1743 736 1838 789 καὶ

243 826 601 899 Μανασσῆς.]
643 825 991 880 Διαὸαίνουσι
1046 825 1230 897 μέντοι
1278 826 1375 880 καὶ
1420 822 1567 881 οὗτοι
1612 823 1837 892 εὔζωνοι

243 920 356 990 πρὸ
390 919 501 972 τῶν
529 918 728 973 ἄλλων.
765 919 827 971 Οἱ
854 916 964 988 γὰρ
989 916 1050 982 ἐξ
1086 917 1353 971 Ἰουδαίων
1382 919 1833 984 πεπιστευκότες,

244 1014 531 1081 ἡγήσαντο
556 1010 656 1080 τῆς
688 1009 797 1063 τῶν
835 1008 1007 1061 ἐθνῶν
1036 1008 1328 1077 σωτηρίας.
1364 1009 1520 1063 Διατὶ
1556 1009 1631 1081 μὴ
1663 1008 1713 1077 γ’
1742 1009 1837 1064 καὶ

243 1102 291 1154 θ’
328 1102 518 1171 φυλαὶ,
561 1100 699 1154 ἀλλὰ
732 1100 842 1154 δύω
870 1101 1045 1169 ἥμισυ
1078 1100 1244 1168 φυλαὶ
1276 1100 1382 1152 ὑπὸ
1406 1101 1710 1165 Μωῦσέως,
1740 1100 1837 1155 καὶ

242 1197 409 1247 ἐννέα
438 1196 612 1265 ἥμισυ
645 1194 1096 1262 κληρδδοτοῦνται
1120 1193 1227 1245 ὑπὸ
1268 1193 1483 1262 Ἰησοῦς
1532 1194 1620 1257 Ὠς
1642 1194 1708 1248 ἂν
1738 1195 1837 1265 άρ·

245 1287 411 1357 μονία
438 1286 668 1355 γένηται
700 1292 808 1339 τῶν
838 1286 947 1338 δύω
980 1283 1126 1337 λαῶν
1158 1284 1577 1353 σημαινομένων
1619 1284 1709 1338 διὰ
1739 1302 1836 1354 φυ-

241 1379 368 1446 λῆς,
400 1379 432 1448 ἣ
465 1378 524 1430 τὸ
554 1378 808 1449 μητρῷον
834 1377 989 1445 γένος
1014 1378 1095 1438 εἰς
1120 1376 1479 1442 Αἰγυπτίους,
1512 1378 1593 1439 είς
1617 1376 1834 1447 Ἰσραὴλ

238 1469 302 1522 δὲ
326 1470 388 1521 τὸ
418 1469 671 1539 πατρῷον
698 1467 1170 1538 άνέπεμπε.Τάχα
1201 1468 1280 1533 δὲ,
1316 1470 1473 1536 φασὶ,
1493 1468 1589 1521 καὶ
1622 1469 1670 1521 oi
1702 1470 1837 1537 πρός

238 1580 399 1632 τεροι
445 1562 652 1633 ἥψαντο
698 1562 799 1632 μὲν
843 1562 943 1631 τῆς
992 1561 1245 1629 Τριάδος,
1285 1561 1346 1613 οὑ
1401 1560 1505 1632 μὴν
1551 1560 1831 1631 καθαρῶς.

240 1655 415 1708 (mmo
462 1656 570 1725 γὰρ
616 1654 675 1707 τὸ
721 1654 820 1722 τῆς
868 1653 1181 1723 οἰκονομίας
1228 1653 1589 1723 προσέκειτο,
1637 1655 1685 1704 εί
1740 1652 1834 1704 καὶ

238 1748 485 1818 Χριστὸν
531 1747 974 1817 προεκήρυττον·
1024 1745 1140 1799 ἀλλ’
1185 1746 1549 1817 ήρμόσθησαν
1593 1745 1682 1800 διὰ
1737 1745 1830 1798 τοῦ

1943 556 2074 602 ante
2103 548 2336 618 gratiam
2375 550 2610 618 perfecti
2647 562 2965 615 evaserunt,
3018 554 3274 624 interque
3316 556 3525 625 printe-

1941 639 2159 708 genitos
2180 637 2403 693 lsraclis
2434 651 2823 695 numerantur.
2847 640 2949 695 Per
2966 641 3151 696 Mosen
3174 644 3521 714 primogeniti

1941 738 2123 783 sortes
2147 739 2485 796 acceperunt
2516 731 2734 797 Ruben,
2763 730 2879 786 Gad
2913 741 2967 787 et
2996 734 3303 790 Manasses.
3325 734 3460 790 Nam
3487 739 3521 791 ii

1938 835 2159 891 quoque
2198 824 2468 876 succincti
2500 838 2609 890 prae
2646 825 2772 879 aliis
2806 834 3115 881 transeunt.
3149 824 3251 893 Qui
3280 828 3425 882 enim
3453 844 3525 884 ex

1938 912 2143 968 Judaeis
2161 913 2419 968 liduciam
2434 914 3041 987 habueruntfauspices
3059 922 3303 988 gentium
3326 922 3523 979 salutis

1938 1007 2290 1062 exstiterunt.
2318 1008 2495 1061 Eccur
2514 1024 2645 1063 vero
2669 1025 2780 1064 non
2818 1011 2994 1066 tribus
3027 1021 3080 1066 et
3111 1027 3308 1067 novem
3343 1015 3522 1069 tribu-

1938 1098 2042 1153 bus
2070 1098 2253 1165 potius
2277 1115 2442 1168 quam
2476 1099 2693 1156 duabus
2724 1102 2970 1157 dimidiis
3007 1119 3037 1157 a
3064 1104 3518 1172 Mose,ctnovem

1938 1190 2182 1245 dimidiis
2205 1206 2234 1244 a
2258 1190 2428 1248 Josue
2446 1204 2626 1250 sortes
2654 1195 3026 1251 deferuntur?
3047 1197 3165 1264 Quo
3191 1202 3521 1269 compositio

1938 1282 2034 1335 ﬁat
2063 1281 2298 1336 duorum
2330 1286 2658 1354 populorum
2710 1287 3147 1357 signiﬁcatorum
3187 1307 3283 1359 per
3315 1293 3517 1344 tribum

1936 1387 2057 1427 eam
2090 1389 2215 1442 qua:
2271 1385 2583 1430 maternum
2638 1394 2813 1448 genus
2865 1379 2932 1433 ad
2985 1378 3296 1450 Aigyptios,
3335 1392 3518 1450 pater-

1938 1478 2070 1517 num
2126 1479 2260 1519 vero
2314 1468 2379 1520 ad
2455 1467 2713 1524 lsraelem
2770 1471 2979 1524 retulit.
3051 1470 3311 1527 Fortasse
3362 1487 3516 1536 vero,

1937 1557 2115 1624 aiunt,
2150 1560 2369 1628 priores
2422 1561 2643 1630 quidem
2697 1561 3024 1618 Trinitatem
3060 1564 3385 1634 attigerunt,
3421 1580 3519 1619 ve-

1936 1664 2061 1702 rum
2102 1649 2324 1705 sincere
2373 1651 2583 1716 minus,
2616 1653 2863 1707 nondum
2895 1654 3040 1708 enim
3086 1655 3519 1722 dispensationis

1939 1750 2159 1810 tempus
2205 1741 2472 1806 instabat,
2527 1744 2783 1813 quamvis
2832 1744 3114 1800 Christum
3165 1746 3337 1800 multo
3385 1754 3517 1802 ante

236 1838 546 1901 λείποντος,
570 1837 903 1907 δηλουμένου
925 1837 1012 1890 διὰ
1033 1837 1129 1891 τοῦ
1153 1838 1398 1908 ἡμίσεως
1427 1838 1520 1891 τοῦ
1550 1839 1830 1903 τελοῦντος

1940 1832 2291 1887 sermonibus
2341 1835 2616 1889 terebant.
2654 1834 2856 1890 Verum
2910 1836 3241 1904 cointcgrati
3292 1853 3387 1907 per
3421 1853 3517 1907 po-

237 1931 351 1984 ὑπὸ
396 1932 488 1984 τὸν
521 1931 985 2002 Ἰησοῦν.”Ελειπε
1016 1930 1128 2001 (51)
1158 1931 1217 1984 δὲ
1248 1931 1343 1984 καὶ
1376 1934 1496 1992 ταῖς
1541 1933 1698 1986 ὲννέα
1735 1933 1830 1985 καὶ⁵

238 2024 437 2093 ἡμίσει
472 2023 669 2093 φυλαῖς
699 2025 782 2086 είς
810 2023 874 2076 τὸ
899 2023 1002 2094 τῆς
1030 2024 1253 2089 δεκάδος
1282 2024 1496 2078 τέλειον
1526 2026 1574 2077 οἱ
1627 2025 1688 2090 ἐξ
1736 2028 1834 2077 ἰσ-

241 2116 389 2186 path).
416 2119 529 2178 τοῖς
561 2115 669 2169 ἀπὸ
696 2116 807 2169 τῶν
830 2115 1023 2170 ἐθνῶν.
1044 2115 1463 2187 Ἀρμοζομένων
1497 2115 1554 2169 δὲ
1593 2117 1835 2185 ἀμφοτέ-

240 2226 381 2278 ρων,
417 2207 699 2278 σύμφωνοι
753 2209 810 2263 αἱ
859 2209 928 2279 ιβ’
956 2208 1124 2277 φυλαὶ
1162 2211 1219 2262 at
1270 2209 1377 2263 ὑπὸ
1407 2210 1616 2280 Μωῦσῆ
1648 2226 1706 2263 τε
1737 2210 1833 2263 καὶ

250 2300 454 2371 Ἰησοῦ.

1939 1925 2126 1995 pulum
2177 1941 2287 1979 non
2347 1925 2646 1995 integrum,
2706 1943 2917 1997 perque
2968 1928 3252 1983 dimidiam
3314 1930 3517 1985 tribum

1935 2020 2040 2071 sub
2073 2016 2241 2073 Josue
2294 2021 2628 2075 recensitam
2682 2028 3166 2090 reprazsentatum,
3211 2031 3363 2076 sunt.
3416 2022 3518 2077 De-

1935 2110 2040 2165 fuit
2087 2127 2253 2180 porro
2284 2113 2449 2165 etiam
2486 2129 2682 2167 novem
2719 2115 2974 2169 tribubus
3022 2129 3147 2168 cum
3187 2115 3412 2170 dimidia
3447 2115 3517 2171 ad

1934 2204 2146 2259 denarii
2199 2206 2414 2259 numeri
2470 2205 2893 2275 perfectionem,
2953 2208 3215 2263 Israelita:
3261 2210 3519 2265 videlicet

1935 2298 2256 2368 gentilibus.
2314 2298 2597 2353 Ambobus
2647 2309 2828 2354 autem
2879 2300 3208 2355 combinatis
3252 2316 3516 2356 numerus

1937 2389 2183 2445 tribuum
2229 2389 2607 2446 duodenarius
2655 2400 2707 2447 et
2757 2392 2858 2447 sub
2910 2391 3062 2447 Mose
3111 2401 3167 2448 et
3213 2394 3317 2449 sub
3345 2392 3518 2449 Josue

1936 2492 2172 2540 constat.

316 2605 517 2662 Omnia
546 2622 869 2678 quacunque
926 2606 1203 2662 mandarit
1237 2609 1390 2664 nobis
1442 2610 1727 2680 faciemus,
1784 2622 1833 2667 et
1864 2631 2172 2686 quocunque
2216 2614 2456 2669 locorum
2485 2632 2580 2669 nos
2620 2617 2827 2670 miseris
2866 2617 3035 2688 480
3085 2618 3509 2687 proﬁciscemur.

238 2691 310 2766 [1,
355 2694 445 2765 16]
490 2693 726 2748 Tantum
789 2709 899 2748 non
936 2696 1103 2750 verba
1137 2696 1341 2751 Christi
1402 2699 1796 2769 discipulorum
1851 2712 2003 2766 sunt,
2029 2717 2264 2772 quorum
2309 2718 2474 2772 opera
2512 2713 2701 2773 gentes
2752 2704 2818 2757 ad
2851 2706 3011 2759 tidem
3047 2718 3179 2760 sunt
3213 2708 3490 2760 adductas.

239 2782 456 2849 Qualis
488 2790 605 2837 erat
662 2781 888 2848 Paulus,
921 2784 1016 2852 qui
1072 2783 1207 2854 legis
1242 2787 1584 2852 auctoritati,
1620 2803 1742 2853 quae
1786 2789 1962 2859 ipsius
2017 2806 2240 2863 quoque
2286 2792 2473 2848 verbis
2518 2791 2674 2846 lucro
2726 2794 2776 2847 ei
2802 2792 2928 2860 fuit,
2960 2810 3084 2849 cum
3122 2797 3500 2851 renuntiasset

244 2892 264 2922 ι
300 2886 367 2926 ea
404 2886 515 2940 prae
545 2870 782 2926 Christo
812 2872 1043 2924 multam
1073 2886 1196 2927 esse
1226 2873 1383 2939 duxi,
1417 2893 1435 2926 ι
1474 2877 1653 2945 inquit
1678 2876 1746 2931 ”.

310 3000 770 3063 Διαὸιὸασθέντες
803 3000 859 3054 δὲ
882 3002 973 3055 τὸν
1006 3002 1279 3073 Ἰορδάνην
1319 2994 1498 3070 οὗτοι,
1528 3004 1821 3078 παλινδρο-

240 3095 431 3166 μοῦσι.
466 3094 576 3149 Καὶ
625 3095 801 3158 εἴποις
842 3095 909 3149 ἂν
944 3096 1066 3149 κατ’
1090 3096 1397 3160 ἰδιάζουσαν
1448 3098 1684 3169 θεωρίαν
1718 3101 1826 3173 ὲοι-

235 3188 398 3241 κέναι
424 3187 632 3250 τούτοις
660 3187 787 3250 τοὺς
813 3185 953 3258 μετὰ
974 3188 1069 3258 τὴν
1098 3189 1257 3259 χάριν
1286 3190 1716 3259 εἰσηγουμένους
1735 3188 1829 3242 τὸν

233 3280 424 3347 νόμον.
460 3277 615 3332 Κατὰ
645 3276 702 3329 δὲ
729 3277 827 3348 τὴν
851 3277 1256 3350 προρρηθεῖσαν
1279 3277 1631 3349 άλληγορίαν,
1657 3280 1829 3349 χωρὶς

232 3364 401 3436 ἡμῶν
431 3364 493 3417 οὐ
523 3364 855 3434 τυγχάνουσι
890 3365 1000 3418 τῶν
1048 3366 1394 3435 ἐπαγγελιῶν
1420 3368 1471 3420 οἱ
1501 3366 1595 3421 τοῦ
1626 3368 1827 3439 προτέ-

238 3476 336 3531 ρου
368 3442 524 3524 λαοῦ,
559 3457 657 3511 τοῦ
692 3457 829 3512 Θεοῦ
869 3460 1118 3531 κρεῖττόν
1165 3478 1218 3514 τι
1256 3463 1384 3531 περὶ
1415 3462 1574 3532 ἡμῶν
1604 3462 1831 3531 προϐλε-

229 3552 511 3623 ψαμένου,
542 3535 631 3604 ἵνα
664 3551 739 3623 μὴ
766 3552 937 3623 χωρὶς
983 3552 1141 3623 ἡμῶν
1182 3553 1537 3610 τελειωθῶσι.
1569 3556 1831 3619 Γυναῖκες

231 3644 348 3716 γὰρ
379 3643 560 3697 αὐτῶν
595 3645 691 3697 καὶ
720 3645 910 3706 παῖδες
952 3645 1332 3699 ἀνεπαύσαντο
1386 3648 1537 3717 μόνοι
1587 3648 1694 3718 πρὸ
1734 3646 1829 3701 τοῦ

249 3735 520 3806 Ἰορδάνου
544 3751 557 3764 °
597 3737 752 3791 αὐτοὶ
780 3736 837 3790 δὲ
864 3736 954 3789 τὸν
980 3736 1110 3789 λαὸν
1140 3737 1395 3806 ὁδηγοῦσι
1439 3739 1826 3810 περιζωσάμε-

234 3845 321 3880 νοι
350 3830 449 3900 τὴν
473 3828 645 3897 ὀσφῦν
676 3829 858 3883 αὐτῶν
889 3830 945 3884 ἐν
976 3830 1226 3902 ἀληθείᾳ.
1264 3832 1373 3885 Καὶ
1402 3834 1543 3902 μετὰ
1573 3832 1688 3901 βίον
1721 3833 1829 3903 γὰρ

236 3919 699 3989 συναγωνίζονται
730 3924 839 3985 τοῖς
868 3926 1079 3986 πιστοῖς
1111 3924 1226 3976 ὅσοι
1260 3925 1452 3995 ἄνδρες
1481 3924 1739 3992 γεγόνασι
1762 3926 1831 3977 τὰ

233 4013 332 4066 τοῦ
377 4014 572 4083 νηπίου
620 4014 1111 4084 καταργήσαντες,
1163 4014 1306 4078 οἴους
1355 4016 1383 4067 ὁ
1434 4014 1650 4078 Παῦλος
1704 4016 1829 4078 τοὺς

247 4107 537 4176 Ἐφεσίους
588 4107 747 4177 φησὶ,
778 4107 1083 4178 Κορινθίων
1120 4106 1576 4178 χρηματιζόντων
1626 4106 1829 4178 παρθέ-

232 4215 368 4254 νων.
400 4198 644 4269 Διαφορὰ
675 4199 783 4270 γὰρ
816 4198 873 4250 ὲν
904 4199 1020 4261 τοῖς
1050 4197 1399 4269 σωζομένοις.

310 4470 423 4522 Καὶ
454 4469 625 4533 ὅστις
647 4465 733 4537 μὴ
765 4466 1003 4537 ἀκούσῃ
1025 4464 1143 4519 τῶν
1164 4463 1451 4533 ῥημάτων
1476 4477 1613 4518 σου.
1634 4462 1830 4517 Τοιαῦ-

1999 3007 2171 3062 Porro
2205 3007 2443 3063 traducti
2480 3023 2577 3077 per
2622 3006 2919 3061 Jordancm
2972 3008 3163 3076 pedem
3199 3010 3512 3065 retulerunt

1933 3101 2033 3157 illi.
2071 3102 2225 3169 Quos
2271 3101 2474 3171 aliquis
2528 3100 2808 3171 privatum
2848 3107 3074 3156 secutus
3103 3102 3398 3171 judicium,
3439 3103 3510 3158 iis

1933 3206 2057 3246 esse
2111 3193 2319 3245 similes
2364 3190 2459 3260 qui
2536 3199 2664 3260 post
2712 3192 2944 3261 gratiam
2993 3192 3169 3261 legem
3221 3194 3510 3255 invehunt,

1935 3282 2112 3352 possit
2139 3282 2367 3346 dicere.
2425 3283 2698 3338 Caeterum
2734 3283 2892 3352 juxta
2945 3284 3264 3353 praedictam
3309 3284 3513 3355 allego-

1935 3377 2072 3429 riam
2122 3376 2139 3445 (
2189 3375 2291 3429 hoc
2350 3382 2434 3430 est
2485 3374 2877 3430 similitudinis
2932 3375 3194 3443 sensum)
3245 3376 3512 3445 antiquus

1933 3464 2169 3534 populus
2202 3463 2361 3518 nobis
2388 3464 2623 3518 seorsim
2657 3464 3089 3533 promissionum
3131 3480 3237 3517 non
3268 3464 3326 3520 ﬁt
3356 3482 3513 3519 com-

1931 3571 2030 3625 pos
2058 3556 2124 3621 “,
2164 3554 2306 3610 Deus
2336 3555 2483 3609 enim
2520 3554 2702 3608 adhuc
2732 3554 2800 3609 de
2845 3557 3213 3625 praestantiori
3249 3558 3508 3626 quopiam

1932 3647 2093 3702 nobis
2148 3648 2406 3717 diapexit,
2458 3661 2530 3701 ne
2573 3649 2805 3701 seorsim
2859 3649 3238 3718 perﬁciantur,
3302 3651 3513 3719 absque

1933 3738 2200 3793 uxoribus
2251 3739 2511 3792 videlicet
2557 3745 2611 3791 et
2648 3738 2840 3792 liberis
2872 3739 2963 3809 qui
3015 3741 3116 3794 soli
3151 3748 3279 3796 ante
3314 3741 3512 3796 Jorda-

1931 3839 2054 3878 nem
2082 3822 2421 3877 resederant.
2456 3821 2563 3890 lpsi
2604 3837 2733 3875 vero
2784 3823 3003 3876 lumbos
3040 3824 3094 3876 in
3128 3826 3361 3880 veritate
3392 3825 3513 3879 cin-

1930 3915 2004 3969 cti
2060 3915 2277 3968 itineris
2334 3915 2538 3983 populo
2610 3922 2741 3967 sunt
2789 3923 3070 3967 auctores.
3124 3913 3338 3968 Etenim
3386 3924 3514 3984 post

1930 4007 2097 4059 vitam
2138 4020 2266 4058 cum
2299 4004 2557 4065 ﬁdelibus
2586 4011 2804 4058 certant
2857 4012 3135 4073 quotquot
3169 4005 3379 4060 relictis
3406 4022 3512 4060 nu-

1929 4098 2090 4151 cibus
2119 4097 2272 4150 viros
2320 4110 2443 4151 sese
2478 4096 2881 4164 praestiterunt,
2932 4096 3250 4161 cuiusmodi
3302 4096 3511 4152 Paulus

1929 4191 1996 4246 de
2045 4189 2305 4260 Ephesiis
2355 4197 2596 4243 testatur
2629 4188 2700 4253 ³⁷,
2756 4188 2850 4256 qui
2905 4187 3237 4243 Corinthios
3268 4191 3512 4260 virgines

1931 4290 2219 4349 nuncupat
2278 4279 2346 4334 ³⁸.
2380 4278 2480 4333 Est
2524 4278 2674 4333 enim
2724 4277 3040 4334 diﬂ‘erentia
3095 4281 3245 4336 inter
3274 4298 3371 4339 cos
3417 4283 3513 4353 qui

1930 4380 2247 4428 servantur.

1994 4463 2383 4533 thnicunque
2415 4480 2519 4516 non
2557 4463 2841 4518 obediverit
2863 4463 3032 4518 verbis
3060 4467 3186 4519 tuis.
3220 4464 3360 4537 [l8.]
3399 4465 3513 4519 Hu-

231 4570 304 4611 τα
329 4559 423 4611 καὶ
453 4559 501 4611 οἱ
530 4557 624 4610 τοῦ
653 4555 891 4626 Χριστοῦ
923 4553 1197 4625 μαθηταί·
1242 4574 1259 4605 ι
1284 4554 1423 4616 Τοὺς
1456 4553 1554 4623 μὲν
1573 4548 1665 4606 οῦν
1695 4552 1824 4623 χρό-

1934 4556 2167 4626 iusmodi
2244 4557 2408 4609 etiam
2487 4555 2693 4609 Christi
2757 4556 3039 4625 discipuli,
3105 4557 3271 4624 quale
3356 4556 3507 4608 hoc:

234 4666 367 4712 νους
414 4650 513 4719 τῆς
562 4649 786 4716 ἀγνοίας
820 4645 1090 4719 ὑπεριδὼν
1118 4647 1144 4698 ὁ
1177 4645 1328 4708 Θεὸς,
1363 4663 1381 4696 ι
1430 4648 1526 4698 καὶ
1567 4645 1635 4697 τά
1676 4645 1825 4716 ἑξῆς.

1938 4669 1956 4703 ι
2023 4651 2161 4705 Cum
2221 4650 2391 4719 igitur
2458 4658 2704 4719 tempora
2782 4650 3109 4720 ignorantia:
3176 4651 3512 4718 neglexisset

232 4741 350 4794 Καὶ
386 4741 415 4791 ὁ
441 4739 677 4811 Χριστὸς
703 4739 759 4792 δέ
791 4756 955 4809 φησιν
976 4754 989 4766 °
1034 4758 1051 4789 ι
1074 4738 1249 4809 Ἀμὴν
1272 4736 1414 4802 λέγω
1444 4737 1573 4807 ὑμῖν
1610 4736 1704 4788 ἐὰν
1748 4736 1823 4807 μὴ

1935 4742 2077 4796 Deus
2116 4741 2185 4805 δί’,
2227 4758 2245 4791 ›
2305 4748 2361 4793 et
2387 4740 2595 4809 reliqua
2659 4740 2946 4807 deinceps.
2996 4738 3219 4793 Necnon
3256 4741 3512 4795 Christus

232 4832 615 4903 πιστεύσητε,
678 4833 737 4885 ὲν
790 4834 911 4894 ταῖς
970 4830 1271 4901 ἁμαρτίαις
1329 4829 1486 4900 ὑμῶν
1536 4828 1826 4883 ἀποθανεῖ-

234 4926 353 4979 σθε.
384 4945 404 4977 υ

304 5036 422 5089 Καὶ
446 5036 809 5089 ἀπέστειλεν
846 5033 1078 5101 Ἰησοῦς
1102 5032 1234 5099 υίὸς
1259 5034 1365 5088 τοῦ
1381 5033 1551 5103 Ναυῆ
1585 5034 1653 5088 ἐκ
1681 5034 1825 5087 Σάτ-

229 5143 363 5181 retr
395 5127 509 5197 (5‘2)
549 5125 671 5179 δύω
711 5124 939 5193 ἄνδρας
980 5125 1477 5179 κατασκοπεῦσαι
1523 5126 1640 5193 τὴν
1681 5125 1820 5195 γῆν.

230 5218 501 5290 Προλέγει
533 5217 621 5270 τὸν
647 5216 862 5287 πρῶτον
889 5215 1003 5286 βίον
1068 5216 1169 5285 τῆς
1231 5216 1459 5286 πόρνης,
1488 5217 1575 5269 ἵνα
1604 5217 1820 5287 θαυμά-

231 5327 337 5384 σῃς
361 5310 462 5381 τὴν
489 5310 553 5362 ὲκ
583 5306 774 5361 τούτου
818 5311 1175 5378 μετάστασιν.
1206 5309 1279 5362 Τὸ
1307 5309 1409 5379 μὲν
1438 5307 1532 5363 οὖν
1565 5310 1818 5375 δέξασθαι

291 5487 341 5520 ³⁸
385 5486 617 5559 Philipp.
646 5504 727 5552 ιιι,
768 5490 824 5545 7.

223 5570 352 5623 var,
383 5557 476 5611 24.

929 5490 973 5523 ⁸⁸
1008 5488 1172 5545 Hebr.
1206 5505 1280 5555 XI,
1316 5489 1405 5544 40.
1472 5489 1515 5521 ³⁷
1550 5487 1748 5557 Ephes.
1816 5504 1887 5554 IV,
1921 5488 2008 5543 Η.

1933 4832 2112 4902 inquit
2147 4850 2158 4885 :
2196 4850 2213 4881 ι
2268 4831 2444 4884 Amen
2481 4829 2606 4884 dico
2652 4831 2832 4895 vobis,
2885 4831 2928 4884 si
2968 4846 3079 4885 non
3129 4830 3506 4896 credideritis,

1930 4921 1986 4976 in
2020 4919 2265 4991 peccatis
2304 4920 2509 4974 vestris
2540 4920 2884 4974 occumbetis
2925 4919 2995 4973 ⁸ο.
3033 4939 3051 4972 ι

2004 5035 2071 5087 Et
2126 5033 2439 5089 amandavit
2482 5032 2650 5088 Josue
2711 5033 2859 5103 ﬁlius
2900 5033 3049 5090 Nave
3085 5052 3112 5089 e
3146 5034 3328 5089 Sitiim
3376 5036 3508 5089 duos

1919 5127 2139 5196 juvenes
2239 5126 2441 5179 occulte
2511 5126 2869 5194 exploratum,
2943 5135 2997 5181 et
3081 5128 3291 5195 reliqua
3351 5127 3510 5179 dein-

1928 5234 2079 5289 ceps.
2135 5216 2221 5290 [l|,
2258 5216 2338 5289 1.]
2404 5217 2669 5287 l‘rOponit
2731 5220 3022 5289 pristinam
3073 5217 3387 5272 meretricis
3428 5220 3511 5271 vi-

1926 5320 2063 5376 tam,
2118 5324 2229 5380 quo
2286 5310 2462 5379 magis
2520 5310 2693 5380 ipsius
2771 5311 3125 5365 mutationem
3194 5309 3506 5364 admireris.

2110 5487 2155 5518 9'
2189 5485 2227 5539 ll
2260 5486 2388 5542 Cor.
2416 5504 2511 5552 xu,
2539 5490 2595 5543 ἓ.
2689 5490 2732 5521 ³ο
2772 5490 2895 5544 Act.
2948 5502 3080 5547 xm.
3114 5487 3182 5541 50
3258 5485 3306 5521 “’
3336 5487 3493 5544 Juan.

1758 5667 1992 5725 ΝΟΤᾹΞ.

299 5789 417 5865 (3i)
460 5788 736 5843 Ἐλειπον.
754 5786 966 5855 ’Λνάγν.

2001 5783 2114 5856 (52)
2158 5783 2284 5849 Υἱὸς
2312 5784 2468 5854 Ναυῆ
2507 5787 2564 5837 ὲν
2595 5785 2808 5841 Σαττίν.
2850 5785 2915 5838 Δὶ
2947 5786 3065 5839 αὐτ.
