4058 6602
552 376 660 439 999

1852 365 2204 428 PROCOPII
2234 366 2470 427 GAZ.‘EI

3696 359 3821 424 1000

553 497 821 551 Cancrum
875 492 981 548 hoc
1037 488 1185 561 quod
1234 490 1385 545 viros
1437 487 1693 557 excipere
1737 497 1825 541 est
1874 485 2125 557 dignata,

2250 486 2358 546 τοὺς
2402 483 2625 555 ἄνδρας,
2659 483 2971 555 θαυμαστὸν
3007 481 3160 535 οὐδέν
3181 496 3195 513 ο
3241 478 3698 548 πανδοκευτρίας
3728 480 3825 551 γὰρ

556 585 940 641 admirationis
990 582 1126 637 nihil
1182 582 1365 643 habet,
1412 580 1544 651 quid
1577 580 1725 633 enim
1755 593 1937 647 caupo
1971 594 2123 647 qua:-

557 678 642 732 vis
673 678 785 748 agit
819 675 1042 731 minus?
1070 673 1235 731 Fides
1277 682 1462 729 autem
1502 670 1624 741 ejus
1650 677 1737 724 est
1766 668 2024 723 miriﬁca.

621 770 911 823 Dominum
974 770 1122 824 enim
1175 768 1245 823 ad
1292 768 1439 821 hunc
1507 761 1806 819 conﬁtetur
1858 760 2129 815 modum:

563 879 581 912 ι
620 859 886 914 Dominus
940 859 1087 917 Deus
1130 868 1263 915 tuus
1317 858 1582 913 Dominus
1632 863 1720 911 est
1763 856 1961 909 unicus
2006 855 2073 909 ⁸⁸.
2108 874 2129 906 ι

558 953 712 1018 Quod
774 954 1043 1009 Israelitze
1108 969 1177 1009 ex
1234 966 1344 1023 quo
1415 949 1709 1004 Dominum
1763 947 1858 1017 qui
1920 947 2031 1002 illis
2078 948 2133 1000 iu

558 1048 746 1096 monte
797 1040 930 1095 Sina
976 1041 1308 1111 comparuit,
1350 1053 1491 1109 eque
1526 1038 1671 1108 ignis
1723 1037 1907 1092 medio
1935 1044 2022 1092 est
2052 1038 2136 1091 lo-

561 1142 747 1197 cutus,
798 1132 1148 1199 audiverant,
1203 1132 1377 1186 vitulo
1421 1130 1697 1185 fabricato
1745 1138 1871 1201 post
1921 1143 2135 1199 tergum

562 1224 910 1292 reiecerunt;
956 1240 1045 1289 ac,
1089 1242 1107 1275 ι
1144 1224 1241 1279 lsti
1283 1232 1415 1279 sunt
1449 1222 1532 1277 Dii
1588 1223 1689 1285 tui,
1720 1222 1904 1285 Israel,
1931 1240 1949 1273 ι
1987 1223 2139 1278 dixe-

560 1324 691 1369 runt
719 1314 787 1369 ".
822 1316 917 1371 Est
946 1331 1078 1370 vero
1108 1316 1226 1370 haec
1274 1314 1472 1368 mulier
1499 1312 1797 1381 cuiusdam
1831 1313 2139 1383 margarita:

561 1401 617 1454 in
678 1401 792 1455 luto
839 1401 1073 1457 defossae
1124 1402 1321 1464 instar,
1371 1416 1494 1472 qua:
1540 1402 1750 1456 exitum
1812 1400 2033 1457 lsraelis
2067 1416 2137 1455 ex

564 1488 805 1561 [Egypto
856 1506 964 1545 non
1011 1490 1239 1546 ascribit
1269 1489 1398 1553 diis,
1449 1503 1638 1543 verum
1666 1486 1977 1542 audivimus
2003 1502 2142 1557 qua-

564 1585 683 1637 lia:
744 1603 763 1636 ι
804 1584 1074 1641 Dominus
1125 1584 1271 1640 Deus
1316 1591 1499 1639 vester
1543 1582 1657 1652 egit
1684 1597 1810 1636 cum
1839 1581 2139 1653 Egyptiis,

565 1669 765 1739 inquit.
813 1670 892 1724 Ac
951 1672 1097 1741 quod
1155 1671 1299 1727 fama
1349 1686 1459 1726 non
1490 1671 1759 1742 percepit,
1811 1671 2002 1727 divina
2036 1687 2141 1744 ope

565 1775 665 1830 per
693 1760 849 1814 ﬁdem
878 1762 1142 1833 abripuit.

2230 578 2293 631 τὸ
2321 576 2483 648 ἔργον
2505 592 2519 608 ·
2546 578 2608 631 τὸ
2636 578 2692 631 δὲ
2724 579 2822 647 τῆς
2849 577 3086 641 πίστεως
3112 575 3483 649 ὑπερϐάλλει.

2306 758 2510 829 Κύριον
2555 756 2808 827 ὁμολογεῖ
2844 755 2937 808 τὸν
2992 754 3150 817 Θεὸν,
3186 755 3327 809 κατά
3383 753 3453 806 τό
3474 767 3491 783 ·
3533 770 3554 803 ι
3585 751 3782 822 Κύριος
3805 754 3831 806 ὁ

2233 853 2366 916 Θεός
2396 868 2511 912 σου,
2541 850 2745 920 Κύριος
2773 844 2855 912 εἷς
2884 850 3054 901 ἐστιν.
3085 866 3104 899 ι
3133 849 3308 920 Ὅπερ
3332 848 3367 898 ὁ
3403 844 3640 915 Ἰσραὴλ
3666 846 3730 897 ἐκ
3749 846 3832 898 τοῦ

2234 946 2294 998 ἐν
2320 944 2400 1014 τῷ
2425 943 2557 1014 Σινᾷ
2590 941 2853 1011 φανέντος
2884 938 3218 1003 ἀκούσαντες
3260 941 3324 993 ἐκ
3364 939 3556 1009 μέσου
3609 935 3832 1005 φθεγγο-

2239 1040 2403 1110 μένου
2451 1037 2645 1107 πυρδς,
2680 1036 2881 1092 αὐτίκα
2923 1035 3246 1106 παρέϐησαν
3294 1036 3833 1105 μοσχοποιήσαντες,

2237 1131 2388 1197 καὶ,ι
2412 1124 2594 1194 Οὗτοι,
2612 1130 2907 1199 φήσαντες,
2921 1129 2973 1181 οἱ
3003 1127 3114 1181 θεοί
3136 1146 3253 1193 σου,
3270 1128 3527 1199 Ἰσραήλ.
3546 1145 3568 1179 ι
3600 1126 3747 1197 Λῦτη
3764 1130 3829 1195 δὲ,

2236 1219 2327 1279 οἶά
2371 1242 2453 1287 τις
2512 1223 2861 1294 μαργαρίτης
2910 1224 2969 1291 ἐν
3022 1222 3273 1293 βορϐόρῳ
3316 1221 3753 1294 κρυπτόμενος,
3782 1223 3834 1273 οὐ

2239 1314 2383 1376 θεοῖς
2412 1314 2709 1385 ἐπιγράφει
2734 1314 2835 1381 τὴν
2867 1313 3047 1377 ἔξοδον
3065 1314 3299 1385 Ἰσραὴλ,
3319 1313 3476 1373 ἀλλ’,
3496 1311 3837 1381 ’Πκούσαμεν

2239 1399 2329 1458 οἷα
2384 1404 2585 1473 Κύριος
2610 1407 2637 1457 ὁ
2661 1404 2795 1467 Θεὸς
2850 1403 3004 1473 ὑμῶν
3038 1404 3263 1475 ἐποίησε
3317 1406 3445 1467 τοῖς
3500 1404 3837 1470 Δίγυπτίοις.

2241 1499 2353 1552 Καὶ
2395 1498 2424 1551 ὃ
2459 1499 2534 1570 μὴ
2574 1496 2852 1568 παρέλαϐε
2882 1497 2951 1549 δι’
2977 1497 3169 1567 ἀκοῆς,
3210 1499 3273 1550 ἐκ
3302 1496 3451 1550 Θεοῦ
3490 1496 3586 1549 διὰ
3621 1495 3841 1561 πίστεως

2240 1592 2483 1664 ἥρπασε.

626 1852 889 1923 Adeoque
942 1830 1276 1909 luculentam
1321 1854 1556 1925 ﬁguram
1608 1854 1868 1912 Ecclesiae
1911 1857 2138 1927 gentilis

2312 1860 2494 1923 Τόπος
2519 1859 2689 1923 ὅντως
2715 1860 2815 1930 τῆς
2847 1858 3179 1931 Ἐκκλησίας
3199 1898 3214 1923 ,
3241 1858 3274 1931 ἢ
3306 1858 3600 1929 πρότερον
3632 1856 3847 1929 πορνείᾳ

565 1945 801 2013 praetulit
837 1961 853 2013 ;
888 1946 1029 2016 ejus,
1068 1946 1319 2016 inquam,
1364 1962 1488 2015 qua:
1527 1948 1684 2016 prius
1714 1949 1768 2003 in
1800 1951 2140 2006 scortatione

567 2035 875 2092 daemonum
932 2038 1382 2108 pervolvebatur.
1436 2037 1601 2094 Juxta
1635 2039 1770 2095 illud
1804 2059 1817 2096 :
1854 2060 1873 2094 ι
1908 2040 2141 2098 Eramus

566 2137 622 2182 et
657 2143 758 2182 nos
791 2128 1068 2196 quondam
1121 2128 1400 2183 increduli
1430 2129 1495 2184 “.
1553 2149 1572 2182 ι
1609 2130 1742 2196 Quae
1776 2129 1906 2185 item
1935 2131 2141 2186 Christi

567 2217 942 2287 exploratores
974 2216 1207 2272 Domino
1257 2210 1520 2289 populum
1552 2219 1889 2275 destinatum
1918 2236 2143 2290 compa-

568 2318 759 2364 rantes
788 2308 1055 2377 suscepit,
1106 2322 1315 2378 eosque
1350 2310 1409 2364 in
1437 2312 1658 2363 domum
1690 2309 1979 2364 subduxit.
2012 2311 2145 2365 Nul-

570 2399 658 2454 lus
688 2400 834 2454 enim
865 2398 996 2455 Jesu
1048 2400 1369 2471 explorator
1402 2416 1525 2456 esse
1553 2410 1733 2470 potest
1776 2400 1952 2467 humi,
1984 2403 2143 2470 nihil,

570 2492 819 2561 inquam,
852 2492 998 2561 quod
1051 2492 1125 2547 sit
1158 2492 1322 2546 infra.
1371 2493 1450 2547 Ac
1484 2494 1533 2548 si
1586 2495 1713 2564 quis
1769 2510 1866 2550 eos
1896 2497 2028 2550 velit
2064 2513 2147 2553 re-

572 2583 762 2653 cipere
808 2583 863 2639 ei
911 2582 1111 2639 domus
1160 2583 1416 2639 absoluta
1466 2594 1553 2639 est
1595 2587 1954 2651 exstruenda,
1987 2587 2148 2641 cubi-

572 2676 701 2730 culo
752 2690 959 2730 corona
1029 2676 1278 2746 praedita,
1339 2692 1449 2747 quo
1494 2677 1923 2746 eoscommode
1972 2682 2149 2749 possit

573 2769 876 2838 suscipere,
910 2782 1248 2839 sursumque
1294 2770 1627 2825 subducere.

637 2856 849 2927 HOSpes
898 2872 1064 2929 porro
1111 2859 1230 2913 haec
1282 2859 1594 2916 meretricis
1646 2860 1768 2915 loco
1819 2870 1974 2918 vates
2007 2878 2150 2934 quo-

575 2963 684 3018 que
728 2949 924 3004 evasit.
979 2967 997 2999 ι
1029 2947 1167 3004 Novi
1206 2950 1376 3015 enim,
1449 2951 1650 3021 inquit,
1692 2952 1839 3023 quod
1887 2953 2153 3013 Dominus

572 3039 719 3096 Deus
745 3049 929 3095 vester
961 3040 1191 3095 tradidit
1223 3044 1365 3097 hanc
1405 3049 1614 3097 terram
1648 3044 1827 3099 vobis.
1865 3062 1884 3095 ι

640 3132 913 3198 Quocirca
948 3149 1057 3189 non
1088 3136 1298 3207 inepte,
1322 3136 1432 3189 imo
1462 3135 1635 3189 divini
1672 3134 1914 3206 Spiritus
1945 3137 2149 3193 instin-
2177 3162 2220 3222 ο

570 3232 662 3281 ctu
736 3226 935 3292 suasit,
1013 3235 1073 3281 ut
1121 3227 1177 3282 in
1244 3236 1569 3281 montanum
1639 3229 2147 3297 proﬁciscerentur.

571 3317 756 3384 Quare
784 3332 902 3372 eam
931 3319 1239 3374 admiratus
1267 3320 1497 3385 Paulus,
1532 3320 1712 3390 inquit
1744 3338 1758 3376 :
1794 3339 1815 3372 ι
1851 3321 1955 3376 Per
1987 3323 2148 3378 ﬁdem

572 3426 681 3467 non
716 3426 842 3466 cum
888 3412 1193 3468 incredulis
1244 3413 1411 3483 periit
1457 3414 1634 3477 Raab,
1680 3429 1802 3483 qua:
1834 3416 2153 3485 explorato-

572 3514 663 3556 res
694 3501 1038 3570 suscepit“.
1098 3518 1116 3552 ι
1157 3500 1404 3572 Eamque
1447 3502 1505 3556 in
1565 3517 1855 3558 numerum
1905 3500 2152 3561 omnium

573 3601 902 3648 sanctorum
937 3591 1130 3647 refert.

646 3701 822 3758 Porro
874 3702 1149 3773 sapientia
1218 3717 1440 3774 quoque
1491 3711 1925 3777 quantacunque
1984 3707 2037 3762 in
2088 3724 2153 3764 ea

572 3795 777 3861 elucet,
817 3795 887 3851 ab
938 3796 1367 3866 inquisitoribus
1415 3797 1564 3853 enim
1620 3801 1956 3870 interrogata
1989 3803 2055 3857 ad
2094 3819 2153 3858 se

574 3886 861 3957 ingressos
907 3886 1289 3956 exploratores
1326 3901 1453 3942 esse
1489 3902 1598 3940 non
1633 3896 1916 3957 pernegat,
1956 3889 2154 3941 inuno-

576 3976 761 4030 dicum
816 3976 962 4031 enim
1010 3976 1357 4030 mendacium
1405 3976 1731 4032 incredibile
1790 3985 1896 4042 est,
1961 3993 2152 4033 verum

578 4083 703 4123 cum
729 4067 1057 4122 aﬂirmasset
1098 4066 1256 4131 illud,
1289 4069 1579 4123 mendacio
1618 4070 1780 4124 ﬁdem
1812 4071 2151 4126 conciliavit.

581 4159 891 4214 Subintulit
922 4159 1066 4213 enim
1105 4174 1121 4211 :
1161 4176 1181 4210 ι
1231 4157 1367 4212 Nam
1401 4162 1644 4229 perviam
1680 4161 1827 4216 hanc
1876 4162 2157 4219 discesse-

578 4260 731 4305 runt.
768 4269 787 4302 ι
842 4248 1073 4320 Negatio
1117 4250 1265 4306 enim
1289 4265 1413 4321 quae
1449 4252 1720 4323 principio
1773 4255 1831 4308 lit
1863 4255 2157 4310 scrutatio-

580 4343 670 4398 nis
709 4356 877 4397 causa
908 4341 1127 4398 fuisset.

649 4457 829 4521 Quare
863 4454 1059 4510 salutis
1100 4454 1409 4510 mercedem
1460 4471 1585 4511 cum
1651 4467 1761 4511 tota
1808 4474 1907 4514 sua
1947 4459 2153 4516 familia

583 4548 847 4620 percepit,
885 4563 1010 4602 cum
1067 4546 1227 4618 signo
1278 4546 1425 4603 funis
1473 4550 1719 4605 coccinei
1769 4550 1974 4608 Christi
2024 4569 2154 4609 san-

586 4641 805 4711 guinem
848 4640 1190 4710 signiﬁcanti
1241 4641 1593 4697 credidisset.
1674 4642 1845 4708 Quem
1893 4643 2157 4702 Pharisaei

587 4747 711 4787 cum
744 4733 993 4801 recipere
1020 4731 1350 4802 noluissent,
1378 4749 1407 4788 a
1437 4734 1665 4789 Christo
1692 4736 1924 4791 audiunt
1955 4757 1967 4792 :
2002 4758 2020 4790 ι
2052 4739 2161 4793 Ριι-

585 4826 789 4881 blicani
839 4834 895 4880 et
946 4826 1270 4882 meretrices
1318 4826 1633 4897 praecedent
1680 4842 1777 4882 vos
1816 4826 1872 4883 in
1926 4842 2158 4900 regnum

583 4917 851 4972 caelorum
876 4918 941 4970 ⁸³.
968 4934 987 4966 ι

2241 1954 2306 2022 τῇ
2332 1952 2447 2005 τῶν
2470 1951 2740 2022 δαιμόνων
2769 1952 3020 2023 ἐφέρετο,
3046 1952 3189 2005 κατὰ
3214 1950 3294 2004 τό’
3326 1947 3558 2020 «Ἦμεν
3588 1949 3702 2018 γάρ
3726 1965 3842 2002 ποτε

2243 2044 2338 2097 καὶ
2362 2044 2523 2114 ἡμεῖς
2552 2044 2822 2109 ἀπειθεῖς,
2846 2063 2864 2096 ι
2905 2044 3000 2097 καὶ
3020 2043 3118 2097 τοῦ
3147 2043 3387 2114 Χριστοῦ
3415 2043 3561 2105 τοὺς
3587 2041 3845 2094 κατασκό-

2244 2153 2382 2199 πους
2430 2136 2764 2199 ἀποστόλους
2792 2135 3031 2200 ἐδέξατο,
3062 2136 3461 2206 ἑτοιμάζοντας
3492 2133 3698 2205 Κυρίῳ
3727 2132 3839 2185 λαὸν

2244 2229 2776 2299 κατεσκευασμένον,
2812 2229 2909 2282 καὶ
2938 2228 3033 2281 ἐπὶ
3075 2228 3137 2280 τὸ
3177 2228 3333 2297 δῶμα
3366 2226 3613 2287 τούτους
3643 2226 3840 2294 ἀνήγαο

2245 2339 2363 2391 γεν.
2402 2322 2591 2385 Οὐδεὶς
2640 2321 2747 2393 γὰρ
2797 2321 3147 2383 κατάσκοπος
3191 2319 3366 2389 Ἰησοῦ
3422 2318 3666 2371 δύναται
3712 2313 3835 2370 εἶναι

2246 2415 2444 2487 χαμαὶ,
2480 2416 2603 2470 οὐδὲ
2654 2417 2835 2485 μεῖναι
2868 2414 3039 2469 κάτω.
3082 2414 3194 2467 Καὶ
3224 2415 3273 2465 εί
3306 2412 3619 2482 μέλλοιμεν
3653 2411 3837 2471 αὐτοὺς

2250 2508 2638 2576 ὑποδέξασθαι,
2671 2508 2885 2561 τελείαν
2930 2506 3317 2576 οἰκοδομητέον
3361 2506 3580 2568 οὶκίαν,
3614 2503 3833 2572 ἔχουσαν

2249 2602 2408 2672 δῶμα
2433 2604 2527 2655 καὶ
2567 2602 2863 2672 στεφάνην,
2892 2601 2981 2654 ἵνα
3015 2599 3380 2666 ὑποδέξασθαι
3412 2598 3657 2661 τούτους
3682 2598 3835 2649 δυνώ-

2255 2695 2415 2765 μεθα,
2453 2695 2549 2749 καὶ
2573 2694 2905 2750 ἀναϐιϐάσαι
2938 2694 3074 2749 ἀνω.

2325 2874 2603 2945 Προφῆτις
2640 2876 2763 2927 ἀντὶ
2808 2874 3014 2945 πόρνης
3061 2874 3309 2943 ἐγένετο,
3344 2892 3364 2924 ι
3387 2873 3728 2942 Ἐπίσταμαι
3756 2872 3829 2925 λέο

2254 2984 2449 3035 γουσα,
2479 2969 2561 3020 ὅτι
2589 2966 2795 3038 Κύριος
2820 2969 2847 3022 ό
2876 2968 3009 3032 Θεὸς
3055 2967 3211 3038 ὑμῶν
3254 2967 3551 3038 παρέδωκε
3599 2966 3697 3037 τὴν
3740 2964 3830 3033 γῆν

2254 3058 2460 3127 ταύτην
2489 3061 2639 3130 ὑμῖν.
2676 3079 2695 3114 ι
2950 3132 2955 3139 ο

2329 3154 2491 3220 Ι’Λξια
2525 3153 2619 3206 τοῦ
2657 3152 2802 3206 θείου
2835 3153 3186 3207 συνεϐούλευε
3214 3152 3543 3224 Πνεύματος
3564 3168 3579 3183 ’
3610 3152 3828 3222 Πορεύε-

2254 3246 2346 3299 σθε
2394 3247 2474 3309 είς
2510 3244 2608 3315 τὴν
2656 3246 2897 3315 ὀρεινήν.
2924 3246 3014 3299 Διὸ
3042 3245 3339 3315 θαυμάζων
3375 3246 3554 3315 αὐτὴν
3580 3246 3610 3297 ό
3638 3243 3828 3306 Παῦλος

2256 3337 2391 3409 φησί
2416 3353 2431 3368 °
2469 3356 2487 3389 ι
2519 3337 2705 3390 Πίστει
2740 3337 2911 3392 Ῥαὰϐ
2954 3340 2988 3408 ὴ
3039 3338 3213 3408 πόρνη
3251 3338 3311 3390 οὐ
3350 3337 3703 3391 συναπώλετο
3732 3338 3827 3396 τοῖς

2253 3430 2621 3501 ἀπειθήσασι,
2672 3428 2940 3501 δεξαμένη
2983 3431 3111 3494 τοὺς
3155 3430 3583 3494 κατασκόπους,
3613 3446 3633 3481 ι
3680 3428 3827 3480 πᾶσιν

2253 3525 2421 3596 αὐτὴν
2461 3527 2575 3589 τοῖς
2616 3524 2793 3594 ἁγίοις
2832 3524 3271 3596 συναριθμήσας.

2325 3702 2502 3773 Καὶὴ
2550 3703 2715 3773 σοφία
2760 3703 2817 3757 δὲ
2870 3703 3373 3775 ὃση.Ἐρωτωμένη
3417 3702 3531 3775 γὰρ
3583 3699 3686 3756 ὑπὸ
3732 3698 3823 3752 τῶν

2256 3794 2681 3865 ἐπιζητούντων,
2720 3795 2820 3848 οῦκ
2870 3796 3115 3867 ἀρνεῖται
3165 3795 3274 3849 τῶν
3331 3796 3699 3849 κατασκόπων
3741 3791 3825 3861 τὴν

2256 3886 2768 3960 εἴσοδον.⁹Λκρατον
2789 3888 2898 3961 γὰρ
2912 3887 3107 3957 ψεῦδος
3124 3889 3407 3943 ἀπίθανον.
3427 3888 3577 3941 Ἀλλ’
3590 3884 3819 3947 εἰποῦσα,

2255 3978 2385 4042 Ναὶ,
2409 3980 2469 4032 τὸ
2485 3978 2682 4049 ψεῦδος
2708 3980 3009 4051 πεποίηκεν
3028 3981 3360 4047 ἀξιόπιστον.
3379 3981 3687 4051 Ἐπήνεγκε
3708 3976 3820 4046 γὰρ,

2260 4088 2280 4121 ι
2307 4070 2394 4134 Ὦς
2425 4072 2580 4141 τήνδε
2617 4072 2719 4142 τὴν
2770 4072 2888 4125 ὁδὸν
2932 4073 3314 4145 ἀνεχώρησαν.
3347 4093 3364 4125 ι
3412 4074 3474 4127 ’Π
3509 4074 3621 4145 γὰρ
3654 4069 3710 4135 ἐξ
3734 4071 3819 4140 ἀρ·

2256 4163 2356 4235 χῆς
2389 4163 2620 4235 ἄρνησις
2651 4164 2822 4217 ἐκίνει
2851 4165 2988 4236 πρὸς
3016 4164 3265 4237 ἔρευναν,

2330 4449 2543 4503 Μισθὸν
2588 4464 2810 4503 πανοικι
2848 4450 2948 4527 τὴν
2980 4450 3252 4522 σωτηρίαν
3280 4449 3497 4514 ἐδέξατο
3527 4448 3606 4519 τῷ
3631 4443 3814 4516 σημείῳ

2264 4542 2359 4596 τοῦ
2402 4544 2656 4597 κοκκίνου
2692 4543 3051 4610 πιστεύσασα,
3085 4545 3179 4598 τοῦ
3220 4544 3457 4615 Χριστοῦ
3490 4538 3716 4611 τὸάἷμα
3740 4556 3818 4605 σῃ·

2271 4635 2543 4704 μαίνοντι.
2579 4637 2646 4688 Ὀ
2682 4634 2755 4708 μὴ
2789 4635 3105 4706 δεξαμένοις
3140 4636 3457 4707 Φαρισαίοις
3497 4635 3687 4705 φησίν
3717 4651 3733 4683 ι
3760 4628 3811 4683 Οί

2266 4726 2496 4781 τελῶναι
2532 4726 2628 4780 καὶ
2672 4727 2867 4798 πόρναι
2904 4728 3239 4797 προάγουσιν
3272 4729 3414 4798 ὑμᾶς
3444 4727 3523 4789 εἰς
3560 4725 3656 4796 τὴν
3682 4722 3811 4793 βων

2267 4816 2419 4870 λείαν
2447 4817 2555 4871 τῶν
2580 4816 2846 4888 οὐρανῶν.
2869 4835 2888 4868 ι
2921 4819 3107 4871 Ἔοικε
3135 4818 3191 4870 δὲ
3218 4818 3375 4871 τοῦτο
3402 4816 3464 4872 τὸ
3492 4817 3729 4871 κόκκινον
3748 4807 3811 4881 τῷ

2267 4910 2570 4964 ὲπιδεθέντι
2601 4913 2668 4981 τῇ
2694 4909 2843 4980 χειρὶ
2863 4908 3022 4963 τοῦτο
3061 4949 3077 4965 .
3101 4949 3116 4965 .
3143 4948 3160 4965 .
3200 4910 3337 4974 (55).

658 5052 726 5106 Et
753 5052 1003 5108 dixerunt
1017 5053 1066 5108 ei
1091 5054 1192 5109 viri
1215 5054 1302 5109 illi
1327 5072 1346 5111 :
1370 5055 1619 5109 Animam
1641 5066 1883 5111 nostram
1905 5071 2001 5126 pro
2026 5058 2173 5115 vobis
2210 5058 2374 5114 morti
2408 5057 2745 5111 devovemus.
2767 5050 2865 5125 [11,
2892 5050 3009 5123 ιι]
3043 5049 3119 5106 Ita
3142 5065 3362 5121 quoque
3383 5051 3623 5106 carceris
3650 5053 3806 5103 custos

583 5159 709 5199 cum
747 5143 1093 5212 suscepisset
1142 5143 1371 5198 Paulum
1401 5154 1457 5199 et
1486 5144 1679 5209 Silam,
1708 5148 1915 5216 quibus
1942 5148 2203 5218 credidit,
2237 5148 2498 5216 forasque
2526 5142 2905 5215 produxisset,
2959 5142 3179 5210 inquit:
3217 5158 3237 5191 ι
3281 5139 3424 5204 Quid
3465 5138 3599 5193 mihi
3637 5144 3689 5191 ut
3714 5147 3807 5189 ser-

582 5248 682 5286 ver
715 5231 861 5286 facto
907 5238 995 5285 est
1026 5246 1165 5301 opus
1194 5232 1279 5285 δοῖ)
1307 5251 1324 5283 ι
1363 5233 1463 5287 Cui
1506 5234 1583 5288 illi
1623 5249 1638 5287 :
1690 5251 1707 5284 ι
1738 5234 1965 5290 Couﬁde
1989 5236 2058 5291 de
2099 5236 2331 5291 Domino
2359 5233 2491 5289 Jesu
2516 5232 2739 5287 Christo
2774 5249 2789 5286 :
2836 5230 2910 5285 ita
2942 5230 3089 5284 enim
3128 5238 3185 5282 tu
3210 5237 3267 5283 et
3296 5236 3495 5283 cuncta
3522 5228 3705 5283 domus
3730 5230 3801 5274 tua

583 5322 898 5377 servabitur
924 5319 1015 5372 ⁸⁸⁸.
1050 5338 1068 5371 ι
1144 5320 1207 5374 Ει
1234 5323 1522 5377 confestim
1579 5324 1857 5391 capitibus
1912 5341 2084 5381 sacra:
2134 5325 2295 5397 48],
2358 5320 2612 5378 tinctioni
2658 5318 2975 5382 submissis,
3005 5332 3196 5372 verum
3247 5324 3572 5385 receperunt
3600 5314 3800 5384 signum.

582 5410 910 5481 sanguinem
942 5408 1202 5465 videlicet
1229 5412 1555 5467 coccineum
1616 5412 1829 5469 Christi
1863 5429 1963 5485 pro
2006 5415 2167 5470 nobis
2198 5412 2391 5469 oblati.
2447 5408 2722 5465 Obtestati
2773 5422 2940 5480 porro
2964 5407 3130 5461 etiam
3188 5412 3321 5460 sunt
3365 5403 3618 5460 ﬁdelibus
3644 5399 3803 5453 Tessa-

674 5566 713 5596 "
757 5567 911 5622 Deut.
950 5533 1026 5631 vr,
1058 5571 1110 5625 4.
1173 5570 1217 5600 ι’
1266 5569 1440 5623 Exod.
1490 5584 1660 5633 xxx”,
1697 5569 1750 5624 4.
1845 5570 1888 5600 ⁸³
1929 5568 2038 5622 Tit.
2082 5583 2164 5632 ιιι,
2206 5568 2261 5622 5.

576 5639 698 5699 ἰνι,
731 5639 819 5691 51.
934 5641 1001 5670 ⁸⁸⁸⁸
1030 5641 1160 5694 ibid.

3640 5559 3679 5589 “
3704 5553 3796 5607 Act.

2375 5565 2420 5597 “
2458 5565 2621 5622 llebr.
2668 5582 2744 5635 xl,
2785 5565 2875 5622 51.
2958 5562 3217 5620 "Matth.
3282 5560 3527 5634 ιςιηῦι.

2098 5721 2330 5779 ΝΟΤᾸΕ.

668 5842 772 5912 ὃὸ,
822 5843 1040 5897 Λείπει.
1083 5843 1393 5913 Ἐννοητέον
1444 5843 1499 5897 δὲ
1552 5843 1789 5906 πάντως,
1836 5840 1929 5894 τοῦ
1984 5840 2189 5911 Κυρίου
2242 5840 2417 5911 Ἰησοῦ
2452 5836 2706 5907 Χριστοῦ.
