4058 6520
219 364 352 430 1001

1364 362 1903 423 COMMENTARII
1943 360 2029 422 IN
2057 358 2321 423 JOSUE.

3346 358 3486 426 1002

211 484 412 538 Ionicae
431 482 501 546 ⁸⁷,
531 488 756 550 paratos
790 492 915 533 esse
947 492 1056 531 non
1089 476 1269 532 solum
1314 473 1450 545 ipsis
1482 475 1764 546 impertire
1817 474 2202 545 Evangelium,
2228 487 2420 530 verum
2475 471 2640 530 etiam
2687 486 2818 530 suas
2855 472 3105 543 ipsorum
3133 472 3349 530 animas
3382 493 3482 547 pro

202 573 350 641 ipsis
374 584 676 639 expunere.
766 630 771 635 η

274 683 390 735 Kal
420 680 733 750 ἐχάλασεν
778 676 1003 743 αὐτοὺς
1037 676 1106 729 ἐν
1139 675 1390 745 axon-{qr
1420 674 1519 729 διὰ
1550 676 1664 744 τῆς
1692 679 1795 731 θυι

1972 672 2195 727 Demisit
2242 672 2422 740 itaque
2471 687 2560 726 eos
2612 671 2740 740 fune
2784 686 2877 739 per
2916 668 3228 739 fenestram,
3276 672 3489 737 quando

194 774 375 839 οἰδος
405 788 421 805 ·
464 774 554 825 ὅτι
598 773 632 825 ὁ
683 766 851 834 οἶκος
897 765 1091 833 αὐτῆς
1134 766 1204 819 ἐν
1241 762 1322 833 τῷ
1369 766 1573 834 τείχει,
1606 765 1704 820 καί
1730 765 1803 818 ἐν

194 863 288 931 τῷ
307 867 493 933 τείχει
524 863 677 928 αὕτη
706 859 983 927 ἐκάθητο.
1015 859 1210 928 Τεῖχος
1249 856 1513 928 Ἱεριχοῦς
1536 858 1641 928 τῆς
1668 859 1800 912 ἀσε-

196 959 366 1022 ϐείας
395 956 571 1025 αὐτῆς
610 956 673 1008 τὸ
710 952 998 1024 ὀχύρωμα,
1042 952 1127 1020 ἐφ’
1169 943 1215 1019 ᾧ
1254 939 1426 1005 Ῥαὰὸ
1467 950 1796 1016 ἐκαθέζετο*

195 1052 348 1107 ἀλλὰ
376 1049 740 1112 πιστεύσασα,
776 1045 1052 1100 εὐάλωτον
1082 1044 1254 1115 αὐτῆς
1288 1043 1545 1110 ἀπέδειξε
1582 1044 1646 1098 τὸ
1672 1044 1802 1114 ὀχύ-

197 1157 290 1211 ρω
296 1158 397 1212 μα.

281 1317 363 1369 Τὸ
420 1315 479 1369 δὲ
522 1314 792 1386 σπαρτίον
834 1313 896 1367 τὸ
937 1312 1181 1383 έντριτον
1214 1310 1278 1365 ού
1320 1311 1798 1383 διαρραγήσεται,

197 1412 278 1464 δι’
303 1406 368 1464 οὗ
396 1409 491 1463 κο.)⁵
520 1408 810 1477 διέδρασαν
846 1407 896 1460 οί
938 1406 1305 1460 κατάσκοποι.
1347 1407 1427 1459 Δι’
1454 1399 1516 1459 οὗ
1558 1406 1799 1476 σχοινίου

199 1501 312 1553 καὶ
333 1500 426 1553 τὸν
470 1498 669 1567 Ἰωσὴφ
693 1499 760 1550 ἐκ
786 1496 884 1549 τοῦ
924 1496 1135 1550 λάκκου
1190 1500 1490 1568 ἀνήγαγον.
1526 1496 1802 1568 Ἱερεμίαν

199 1608 271 1644 τε
305 1591 403 1644 καὶ
447 1590 537 1643 τδν
574 1588 812 1659 Δανιήλ-
858 1587 927 1640 δι’
970 1582 1031 1642 οὗ
1069 1590 1167 1642 καὶ
1218 1590 1388 1643 Δαόὶδ
1442 1588 1533 1641 διὰ
1583 1588 1803 1660 θυρίδος

201 1682 390 1752 ἔφυγε
424 1681 740 1753 χαλασθεὶς,
781 1680 880 1735 καὶ
921 1680 1138 1745 Παῦλος
1162 1681 1254 1736 διὰ
1282 1682 1568 1752 σαργάνης
1596 1683 1656 1735 ὲν
1693 1683 1804 1736 Δα-

205 1774 423 1843 μασκῷ
448 1791 463 1806 ·
493 1773 546 1827 οἵ
561 1790 622 1826 τε
652 1774 992 1845 πατριάρχαι
1021 1774 1227 1838 πάντες
1255 1774 1350 1828 διὰ
1382 1773 1574 1828 τούτου
1602 1773 1666 1828 τὸ
1694 1770 1805 1838 ζῶν

203 1866 368 1938 ὕδωρ
390 1870 456 1921 ὲκ
475 1867 585 1921 τῶν
623 1867 878 1938 φρεάτων
909 1867 1201 1939 ἀνέφερον.

1900 761 2111 831 quidem
2137 761 2322 814 domus
2352 760 2466 830 ejus
2494 771 2608 815 erat
2626 761 2785 830 juxta
2808 764 3020 826 muenia,
3045 762 3319 817 habitabat
3350 763 3489 816 enim

1902 857 2019 923 ipsa
2082 862 2297 923 propter
2356 869 2587 906 murum.
2615 852 2685 925 [ll
2714 893 2729 918 ,
2760 851 2877 923 15.]
2910 851 3112 908 ania
3146 852 3488 910 Jerichuutis

1903 946 2206 1014 impietatis
2274 945 2451 1015 ipsius
2505 952 2668 1001 erant
2729 947 3248 1017 propugnaculum,
3313 963 3484 1018 super

1902 1038 2108 1109 quibus
2209 1038 2374 1094 sedes
2443 1046 2566 1092 erat
2646 1036 2862 1093 Raliab.
2954 1038 3155 1092 Verum
3225 1040 3488 1109 quoniam

1903 1132 2163 1187 ﬁduciam
2196 1130 2525 1195 obtinuerat,
2562 1130 2928 1185 munitionem
2959 1129 3083 1200 ejus
3113 1132 3373 1202 capiendi
3410 1133 3492 1187 fa—

1900 1226 2171 1281 cilitatem
2214 1225 2453 1295 aperuit.

1972 1317 2042 1369 At
2092 1314 2241 1370 funis
2295 1313 2656 1384 quantumvis
2701 1314 2905 1369 debilis
2953 1330 3061 1369 non
3098 1314 3491 1390 disrumpitur,

1903 1423 1999 1479 per
2035 1422 2199 1478 quam
2249 1415 2548 1463 evaserunt
2601 1407 3013 1477 exploratores.
3059 1406 3166 1461 Per
3200 1424 3364 1478 quam
3398 1410 3494 1464 Jo-

1903 1502 2138 1570 sephuni
2191 1514 2412 1569 quoque
2438 1514 2505 1553 ex
2530 1498 2731 1552 lacuna
2761 1498 3168 1564 subduxerunt,
3197 1497 3491 1555 Jeremiam

1905 1595 2035 1648 item
2063 1602 2118 1649 et
2146 1592 2458 1653 Danielem,
2497 1607 2596 1661 per
2628 1606 2794 1660 quam
2826 1589 2999 1646 David
3032 1607 3254 1662 quoque
3286 1608 3383 1662 per
3418 1594 3496 1647 l‘e-

1906 1695 2152 1740 uestram
2180 1684 2460 1740 demissus
2494 1683 2734 1756 aufugit.
2774 1684 2979 1739 Paulus
3005 1686 3172 1740 etiam
3204 1700 3304 1755 per
3334 1699 3494 1755 spor-

1905 1785 2016 1831 tant
2054 1776 2374 1831 submissus
2422 1774 2704 1830 Damasci.
2743 1775 2850 1830 Per
2896 1791 3066 1847 quam
3113 1777 3354 1847 denique
3394 1793 3495 1841 pa-

1905 1872 2166 1925 triarchae
2214 1885 2413 1925 omnes
2455 1870 2635 1924 vivant
2662 1885 2694 1925 e
2734 1870 2914 1940 puteis
2973 1884 3176 1940 aquam
3205 1873 3493 1926 subduxe-

1910 1970 2063 2015 ΙῚΙΙη.

285 2046 398 2110 Είς
439 2042 556 2111 τὴν
595 2043 839 2111 ὀρεινὴν
890 2042 1203 2099 ἀπέλθετε.
1253 2043 1609 2116 Ὠφεληθεῖσα
1661 2046 1801 2118 γὰρ,

1975 2052 2212 2107 Montem
2246 2069 2425 2108 uersus
2459 2052 2735 2107 discedite.
2777 2051 2917 2126 [16.]
2952 2053 3153 2125 Adjuta
3183 2055 3334 2109 enim
3376 2056 3495 2127 ipsa

204 2136 287 2189 τὰ
334 2135 519 2205 ὑψηλὰ
574 2135 933 2205 μεταδιώκειν
1001 2134 1236 2189 ὑπέθετο
1280 2136 1645 2191 καταλιποῦσι
1704 2139 1805 2208 τῆς

208 2229 487 2291 ἀσεϐείας
532 2228 602 2281 τὰ
649 2227 971 2298 χαμαίζηλα
1011 2227 1282 2298 δόγματα.
1335 2230 1447 2283 Καὶ
1490 2231 1519 2283 ὀ
1549 2230 1717 2285 Δαϐὶδ
1748 2230 1806 2284 δέ

210 2338 415 2392 φησιν,
475 2341 493 2374 ι
523 2317 676 2392 Ἦρα
708 2321 836 2384 τοὺς
863 2320 1179 2391 ὀφθαλμούς
1212 2338 1314 2392 μου
1342 2324 1422 2386 είς
1462 2322 1533 2376 τὰ
1556 2324 1681 2394 ὅρη,
1710 2325 1806 2378 πό·

211 2414 316 2467 Osv
344 2414 467 2484 ἥξει
496 2415 531 2484 ἡ
560 2413 785 2483 βοήθειά
815 2430 939 2484 μου.
971 2433 989 2464 ι
1036 2415 1146 2468 Καὶ
1187 2415 1437 2481 Ἡσαΐας,
1486 2437 1505 2469 ι
1535 2418 1653 2471 Ἐπ’
1681 2417 1807 2487 ὅρος

212 2507 428 2577 ὑψηλὸν
452 2506 687 2577 ἀνάσηθι
715 2509 744 2560 ὁ
784 2508 1280 2579 εὐαγγελιζόμενος
1308 2510 1408 2580 τὴν
1454 2509 1616 2573 Σιὼν,
1654 2511 1807 2580 ὑψώ-

214 2616 382 2663 σατε,
418 2599 495 2669 μὴ
530 2597 804 2668 φοϐεῖσθε.
839 2617 858 2650 ι
894 2599 1008 2654 Ούκ
1041 2602 1126 2670 ἐφ’
1162 2600 1220 2653 ἓν
1258 2601 1317 2655 δὲ
1360 2601 1488 2673 ὄρος
1520 2603 1806 2671 φευκτέον,

211 2691 341 2745 ἀλλ’
376 2693 472 2744 ἐπὶ
498 2692 698 2753 πάντα.
734 2692 860 2756 τοὺς
897 2692 1088 2760 ἁγίους
1138 2693 1423 2765 προφήτας
1454 2694 1551 2747 καί
1578 2694 1811 2748 ἀποστό-

216 2783 377 2847 λους,
411 2784 488 2852 μὴ
538 2784 634 2837 καὶ
678 2785 1093 2854 συναντήσωσιν
1137 2787 1272 2856 ἡμῖν
1310 2785 1361 2837 oi
1406 2784 1500 2839 τοῦ
1541 2784 1810 2855 βασιλέως

229 2873 502 2944 Ἱεριχοῦς
536 2873 628 2926 τοῦ
656 2875 867 2945 κόσμου
894 2873 1085 2928 τούτου
1119 2875 1399 2945 ἄρχοντες.
1432 2875 1525 2929 Διδ
1547 2877 1811 2944 φευκτέον

218 2968 324 3019 ἐπὶ
367 2968 465 3036 τὴν
508 2965 764 3036 ὀρεινὴν,
798 2967 976 3019 πάντα
1008 2966 1230 3037 ἔχοντας
1259 2966 1391 3021 ἄνω.
1446 2967 1665 3038 Ταύτην
1708 2969 1812 3022 οὐκ

222 3058 382 3110 ἴσασι
406 3056 507 3126 τὴν
537 3056 655 3109 ὁδὸν
694 3059 741 3109 οἱ
784 3054 1071 3120 διώκοντες
1106 3059 1275 3128 ἡμᾶς.
1316 3058 1489 3130 Ὁρῶν
1514 3058 1622 3131 γάρ
1663 3060 1812 3113 ἐστιν

218 3150 260 3203 ὁ
286 3149 426 3212 Θεὸς
468 3148 566 3202 τοῦ
616 3147 860 3221 Ἰσραὴλ.
923 3153 1017 3205 καὶ
1069 3153 1129 3204 ού
1186 3152 1470 3207 κοιλὰδων.
1508 3152 1673 3207 Ὅθεν
1710 3155 1813 3208 οὐκ

222 3240 602 3309 ἀναϐήσονται
629 3241 712 3303 είς
750 3240 819 3295 τὰ
846 3240 950 3313 ὅρη
971 3261 985 3273 ·
1020 3243 1117 3295 ἐπὶ
1145 3242 1202 3297 δὲ
1241 3243 1342 3315 τὴν
1372 3245 1648 3315 προτέραν
1676 3244 1812 3299 ἀνα-

1904 2146 2165 2202 sublimia
2194 2145 2456 2216 persequi
2498 2154 2707 2211 monet,
2745 2146 2984 2201 terrenis
3024 2148 3328 2217 impietatis
3362 2148 3497 2218 dog-

1907 2239 2072 2295 matis
2103 2239 2341 2295 relictis.
2391 2238 2515 2306 Ipse
2543 2253 2769 2308 quoque
2817 2237 2985 2292 David
3027 2238 3209 2309 inquit
3244 2258 3259 2294 :
3302 2259 3322 2291 ι
3350 2239 3494 2294 Ocu-

1906 2332 1991 2389 los
2032 2346 2187 2387 meos
2237 2332 2296 2386 in
2338 2340 2555 2386 montes
2615 2331 2865 2397 sustuli,
2913 2345 2982 2385 ac
3037 2333 3182 2387 unde
3226 2332 3493 2386 auxilium

1905 2436 2202 2481 venturum
2231 2435 2377 2480 esset
2410 2425 2544 2478 mihi
2599 2423 2818 2494 dispexi
2845 2424 2914 2477 “.
2943 2442 2962 2477 ι
2997 2423 3175 2479 Isaias
3205 2424 3337 2480 item
3368 2426 3443 2479 ait
3480 2443 3493 2477 :

1912 2534 1931 2568 ι
1965 2514 2145 2587 Super
2182 2523 2425 2570 montem
2458 2515 2745 2570 excelsum
2782 2515 3103 2571 conscende
3144 2526 3201 2570 tu
3243 2516 3499 2587 quisquis

1905 2609 2093 2665 laetum
2123 2609 2384 2663 nuntium
2429 2608 2483 2663 iu
2521 2608 2655 2664 Sion
2690 2607 2879 2674 aﬁ‘ers,
2910 2609 3110 2679 erigite
3143 2624 3263 2676 vos,
3298 2626 3399 2665 nec
3430 2612 3494 2665 tio

1909 2711 2053 2756 mete
2078 2701 2145 2761 δ’,
2187 2719 2206 2753 ι
2245 2699 2357 2755 Nec
2388 2714 2520 2754 vero
2565 2714 2733 2769 super
2779 2714 2949 2753 unum
2982 2707 3223 2755 montem
3256 2710 3496 2763 tantum.

1909 2809 2102 2850 verum
2131 2809 2300 2864 super
2330 2799 2527 2849 omnes
2563 2792 2778 2847 sanctis
2807 2794 3098 2863 prophetis
3127 2808 3191 2849 ac
3234 2795 3499 2863 apostolis

1910 2896 1996 2944 est
2030 2886 2379 2958 fugiendum,
2417 2903 2485 2941 ne
2519 2887 2681 2942 nobis
2700 2903 2926 2957 quoque
2958 2888 3106 2958 regis
3134 2886 3497 2952 Jerichuntis,

1913 2979 2079 3049 hujus
2119 2979 2309 3033 mundi
2357 2978 2635 3047 principes
2684 2977 2902 3032 obviam
2950 2976 3102 3032 ﬁant.
3148 2977 3501 3048 Quapropter

1915 3085 2088 3141 super
2115 3068 2374 3140 quemvis
2407 3077 2650 3124 montem
2681 3068 2945 3139 supernis
2976 3068 3385 3124 habitatoribus
3414 3078 3500 3125 est

1916 3162 2258 3234 fugiendum,
2313 3176 2435 3216 eam
2500 3160 2649 3215 enim
2693 3161 2837 3217 viam
2887 3176 2994 3215 non
3055 3170 3258 3216 norunt
3311 3161 3500 3217 hostes

1915 3258 2118 3315 nostri.
2149 3256 2288 3311 Nam
2317 3253 2462 3311 Deus
2492 3254 2685 3319 Israel,
2723 3254 2867 3309 Deus
2904 3253 3203 3319 montium,
3237 3270 3346 3311 non
3379 3256 3494 3309 val-

227 3334 523 3405 στρέψουσι
545 3337 774 3408 πλάνην.
793 3337 903 3390 Καὶ
923 3336 1066 3389 οὕτω
1078 3336 1267 3406 φησιν,
1288 3354 1308 3389 ι
1341 3337 1532 3408 Ὑμεῖς
1578 3335 1810 3390 ἀπελεύ-

1919 3350 2051 3405 lium
2080 3356 2164 3404 est
2197 3347 2265 3400 “.
2305 3345 2464 3402 Unde
2515 3361 2684 3414 super
2736 3354 2959 3402 montes
3012 3362 3123 3401 non
3175 3347 3499 3415 ascendent,

228 3428 399 3479 σεισθε
436 3426 534 3497 τὴν
561 3428 679 3481 ὁδὸν
707 3428 915 3498 ύμῶν,ι
946 3428 1038 3482 τὸν
1071 3428 1331 3483 εἰπόνταο
1370 3446 1389 3480 ι
1422 3427 1566 3497 Ἐγώ
1616 3429 1733 3497 εἰμι
1776 3428 1810 3495 ἡ

1917 3453 2111 3505 verum
2162 3437 2232 3493 ad
2279 3452 2531 3493 errorem
2579 3437 2877 3507 pristinum
2932 3446 3300 3493 revertentur.
3359 3440 3499 3496 Dicit

225 3518 377 3584 ὁδὸς,
414 3537 434 3571 r
466 3519 532 3573 δι’
556 3515 624 3592 ἦς
654 3520 855 3574 ὁδεύων
899 3537 1007 3585 τις,
1056 3520 1157 3596 τὴν
1189 3520 1354 3590 ἁγίαν
1381 3520 1590 3589 Τριάδα
1622 3519 1815 3574 θεάσε-

226 3627 351 3665 ται.

316 3785 531 3840 Ἀθῶοι
580 3786 771 3855 ἐσμεν
821 3785 903 3852 τῷ
955 3786 1113 3855 ὅρκῳ
1163 3801 1282 3841 σου
1330 3787 1539 3852 τούτῳ.
1589 3785 1815 3849 Τούτοις

229 3880 397 3950 ὅμοια
436 3879 532 3932 καὶ
591 3878 830 3947 Μωῦσῆς
882 3879 1211 3945 ἐνετείλατο,
1248 3878 1439 3949 χρίσαι
1491 3876 1568 3948 τῷ
1618 3878 1814 3948 αἵματι

231 3970 515 4041 σταθμοὺς
542 3971 637 4025 καὶ
666 3969 847 4039 φλιὰς,
875 3972 971 4023 καὶ
1004 3970 1080 4042 μὴ
1117 3970 1322 4036 ἐξιέναι
1349 3968 1555 4040 μηδένα
1583 3969 1685 4037 τῆς
1717 3968 1814 4021 θύ-

231 4080 360 4134 ρας.
400 4064 549 4126 ὅπως
594 4062 808 4131 φύγωσι
841 4060 933 4115 τὸν
975 4061 1319 4133 ὀλοθρευτήν.
1362 4063 1542 4114 Κάκεῖ
1566 4060 1675 4130 γὰρ
1714 4058 1815 4130 τὴν

245 4157 582 4227 Ἐκκλησίαν
638 4155 863 4222 ὲτύπου,
915 4156 991 4219 ὡς
1041 4154 1323 4210 κάνταῦθα
1374 4155 1464 4210 διὰ
1506 4156 1608 4226 τῆς
1636 4155 1815 4219 οἰκίας

247 4246 446 4310 Ῥαὰϐ,
487 4246 544 4299 ἐν
578 4241 613 4321 ᾖ
652 4245 726 4310 ὡς
751 4248 810 4299 ἐν
856 4243 1013 4316 τύτιρ
1035 4247 1131 4300 καὶ
1155 4246 1217 4299 τὸ
1241 4248 1299 4299 ὲν
1324 4246 1586 4317 Αἰγύπτῳ
1627 4245 1817 4300 ἐθύετο

232 4338 536 4410 πρόόατον.
585 4339 694 4391 Καὶ
717 4336 814 4392 νῦν
840 4340 938 4409 τῆς
973 4337 1212 4403 πίστεως
1247 4339 1283 4409 ή
1312 4338 1574 4409 ὁμολογία
1601 4338 1689 4393 διὰ
1718 4336 1814 4393 τοῦ

233 4429 504 4499 σπαρτίου
536 4431 886 4500 σημαίνεται.

306 4521 424 4582 Πᾶς
470 4516 563 4574 οὖν
597 4521 789 4595 ςτιστὸς
819 4523 877 4575 ὲν
905 4523 971 4593 τῇ
1006 4521 1218 4595 μάνδρᾳ
1248 4522 1360 4576 τῶν
1395 4522 1686 4598 προϐάτων
1715 4542 1815 4596 με-

230 4615 410 4677 νέτω,
448 4611 528 4681 τῷ
572 4611 783 4683 σημείῳ
820 4611 900 4683 τῷ
928 4612 1023 4666 τοῦ
1062 4613 1300 4683 Χριστοῦ
1348 4616 1813 4685 σφραγιζόμενος.

1915 3532 2086 3603 igitur
2115 3550 2129 3586 :
2169 3549 2188 3583 ι
2212 3531 2375 3586 Abite
2410 3546 2511 3586 vos
2540 3546 2634 3600 per
2666 3535 2813 3587 viam
2856 3538 3122 3595 vestram,
3167 3531 3321 3587 vobis
3355 3531 3500 3587 indi-

1914 3632 2118 3680 catam.
2158 3642 2178 3677 ι
2210 3653 2282 3665 —
2339 3641 2359 3675 ι
2392 3622 2508 3695 Ego
2560 3638 2682 3680 sum
2743 3623 2828 3677 via
2867 3622 2937 3689 ει,
2987 3641 3006 3674 ι
3063 3639 3161 3694 per
3205 3639 3369 3695 quam
3402 3625 3496 3696 qui

1917 3717 2023 3773 iter
2047 3715 2203 3783 facit,
2247 3724 2499 3772 sanctam
2533 3715 2871 3770 Trinitatem
2905 3716 3393 3787 contemplabitur.

1985 3806 2258 3861 Immunes
2290 3822 2387 3860 nos
2419 3806 2617 3860 erimus
2654 3806 2721 3858 ab
2743 3806 2841 3860 hoc
2862 3806 3194 3874 juramento.
3243 3806 3380 3880 ιτα]
3405 3808 3501 3862 His

1915 3896 2130 3952 similia
2189 3894 2374 3951 Moses
2434 3894 2720 3949 mandavit
2785 3910 3045 3965 quoque,
3105 3904 3164 3950 ut
3225 3898 3500 3965 sanguine

1915 3996 2103 4058 postes
2138 3995 2351 4057 uugant
2384 3994 2441 4041 et
2497 3986 2709 4053 limina,
2761 4002 2941 4056 neque
2984 3987 3280 4057 quisquam
3332 3989 3501 4044 domo

1915 4087 2098 4144 exeat,
2135 4095 2248 4149 quo
2291 4087 2628 4134 vastatorem
2667 4079 2855 4133 evitet.
2896 4078 2999 4134 Ubi
3030 4079 3294 4139 Ecclesiae
3326 4081 3499 4152 ﬁgura

1916 4180 2057 4237 erat,
2093 4170 2553 4242 quemadmodum
2585 4169 2675 4225 hic
2721 4185 2944 4241 quoque
2971 4171 3025 4225 in
3058 4172 3224 4227 domo
3281 4172 3497 4239 ltahab,

1918 4261 1973 4317 in
2002 4276 2109 4332 qua
2143 4268 2405 4331 tanquam
2448 4262 2500 4315 in
2548 4260 2722 4331 ﬁgura
2775 4277 2952 4329 agnus
2983 4260 3347 4333 Egyptiacus
3395 4264 3499 4318 im-

1918 4352 2247 4418 molabatur,
2278 4366 2537 4422 nuncque
2570 4351 2693 4406 ﬁdei
2727 4351 3013 4408 confessio
3063 4368 3161 4424 per
3203 4352 3389 4409 funem
3420 4355 3494 4409 si-

1917 4444 2230 4512 guiﬁcatur.

1991 4533 2325 4603 Quicunque
2351 4532 2521 4604 igitur
2546 4531 2808 4587 ﬁduciam
2842 4532 3009 4588 habet
3034 4533 3088 4587 in
3115 4532 3268 4598 ovili,
3291 4533 3496 4589 Christi

1918 4627 2083 4698 signo
2116 4634 2343 4681 notatus
2372 4633 2613 4680 maneat.
2646 4624 2702 4678 Si
2727 4626 2871 4679 enim
2903 4626 2996 4694 qui
3025 4624 3224 4679 exierit
3254 4626 3495 4695 seipsum

245 4704 444 4770 Ἐξιὼν
474 4705 583 4775 γάρ
608 4722 713 4768 τις,
749 4704 931 4776 ἔνοχος
954 4705 1133 4776 ἑαυτῷ
1181 4708 1413 4775 γίνεται.
1442 4707 1682 4763 Τοιαῦτα
1719 4710 1810 4764 καὶ

1918 4721 2080 4793 culpa
2132 4719 2455 4789 obstringit.
2488 4716 2816 4785 Hujusmodi
2866 4716 3072 4771 Paulus
3105 4715 3271 4770 etiam
3326 4716 3497 4772 Mileti

233 4795 454 4859 Παῦλος
478 4798 536 4849 ὲν
562 4795 793 4868 Μιλήτῳ
825 4798 941 4860 τοῖς
965 4797 1361 4870 πρεσϐυτέροις
1396 4800 1622 4869 Ἐφέσου
1653 4800 1808 4869 φησί·

236 4906 257 4939 ι
295 4886 390 4939 Διὸ
421 4886 774 4959 μαρτύρομαι
819 4888 949 4957 ὑμῖν
990 4889 1050 4940 ἐν
1097 4890 1165 4958 τῇ
1202 4891 1446 4963 σήμερον
1490 4891 1692 4963 ἡμέρᾳ,
1727 4893 1813 4945 ὅτι

232 4975 483 5048 καθαρός
526 4979 642 5049 είμι
685 4978 795 5032 ἀπὸ
829 4977 925 5031 τοῦ
972 4978 1195 5033 πάντων
1239 4979 1497 5051 αἵματος,
1540 5000 1559 5033 ι
1598 4984 1694 5036 καὶ
1745 4982 1815 5035 τὰ

230 5069 387 5140 ἑξῆς.

306 5166 457 5221 Ἐὰν
498 5165 566 5221 δέ
611 5183 699 5232 τις
729 5165 887 5236 ἡμᾶς
909 5166 1197 5236 ἀδικήσῃ,
1227 5167 1265 5235 ἣ
1300 5166 1398 5222 καὶ
1445 5167 1817 5239 ἀποκαλύψῃ

233 5257 382 5324 τοὺς
410 5259 635 5327 λόγους
678 5256 847 5327 ἡμῶν
892 5257 1178 5324 τούτους,
1224 5258 1484 5328 ἐσόμεθα
1506 5259 1685 5314 eodm
1739 5261 1821 5327 τῷ

238 5350 399 5420 ὅρκῳ
439 5350 649 5417 τούτῳ.
717 5348 1055 5403 ’Ᾱδικοῦνται
1102 5350 1211 5420 γὰρ
1260 5352 1311 5404 ei
1342 5352 1441 5421 τῆς
1490 5352 1821 5423 Ἐκκλησίας

236 5441 592 5505 διδάσκαλοι.
651 5442 762 5495 τῶν
825 5441 1087 5513 μαθητῶν
1153 5442 1530 5497 ὲκλαλούντων
1587 5448 1655 5498 τὰ
1705 5446 1817 5499 τῶν

237 5534 531 5603 δογμάτων
565 5533 873 5605 ἀπόρρητα.
915 5534 1197 5588 Ῥίπτουσι
1233 5536 1339 5604 γὰρ
1378 5536 1505 5598 τοὺς
1548 5536 1821 5608 μαργαρί-

238 5643 339 5690 τας
372 5625 684 5698 ἔμπροσθεν
711 5627 820 5681 τῶν
856 5627 1080 5699 χοίρων.
1122 5626 1212 5680 Διὸ
1252 5627 1345 5680 καὶ
1381 5626 1519 5698 πρὸς
1553 5626 1820 5698 Τιμόθεον

312 5803 411 5860 "l
448 5804 642 5858 Thess.
679 5818 738 5869 ll,
764 5804 817 5861 8.
892 5805 939 5837 ⁸⁸
969 5805 1114 5859 Psal.
1148 5818 1274 5871 cxx,
1303 5806 1355 5860 l.

536 5896 808 5958 PATROL.
852 5898 967 5960 GR.
1011 5899 1392 5962 LXXXVII.

1918 4815 1983 4868 ad
2023 4814 2274 4869 seniores
2313 4809 2518 4879 Ephesi
2550 4808 2733 4881 inquit
2766 4826 2778 4862 :
2821 4826 2839 4861 ι
2866 4808 3083 4863 idcirco
3111 4810 3363 4863 obtestor
3401 4825 3497 4863 vo-

1919 4906 2005 4961 bis
2042 4904 2309 4959 hodierno
2356 4902 2476 4969 die,
2503 4901 2649 4973 quod
2697 4917 2800 4974 ego
2846 4916 3044 4972 expers
3088 4917 3211 4959 sum
3248 4902 3495 4958 omnium

1920 4996 2206 5067 sanguinis
2238 4995 2308 5061 ⁸⁸,
2347 5013 2365 5046 ι
2402 5008 2511 5050 etc.

1995 5171 2148 5237 Quod
2187 5170 2235 5225 si
2266 5187 2388 5225 vero
2423 5171 2619 5243 aliquis
2659 5188 2777 5235 nos,
2818 5172 2999 5235 aiunt,
3050 5172 3269 5239 laeserit,
3302 5182 3354 5227 et
3386 5189 3498 5226 ser-

1925 5278 2102 5317 mones
2128 5263 2223 5317 hos
2256 5274 2468 5319 nostros
2504 5265 2828 5331 revelaverit,
2864 5266 3100 5320 insontes
3129 5270 3349 5321 erimus.
3383 5264 3499 5320 Lae-

1925 5356 2135 5411 duntur
2168 5357 2315 5411 enim
2345 5357 2607 5412 Ecclesiae
2633 5358 2909 5429 magistri,
2940 5358 2986 5413 si
3009 5357 3267 5429 discipuli
3299 5375 3499 5413 arcana

1926 5464 2119 5504 eorum
2185 5448 2445 5503 effutiunt
2504 5449 2802 5520 dogmata,
2860 5451 3109 5522 adeoque
3173 5452 3501 5521 margaritas

1928 5548 2058 5595 ante
2089 5554 2290 5609 porcos
2319 5542 2644 5612 projiciunt.
2676 5543 3025 5613 Quapropter
3053 5543 3118 5599 ad
3147 5543 3499 5599 Timotheum

1926 5631 2233 5701 Epistolam
2257 5631 2513 5688 scribens
2543 5633 2766 5699 Paulus,
2792 5634 3037 5689 secundo
3068 5634 3247 5705 inquit
3280 5654 3294 5691 :
3320 5657 3338 5690 ι
3367 5635 3501 5702 Quae

1455 5807 1499 5840 ι’
1540 5803 1641 5865 lsa.
1664 5824 1750 5872 λι,
1775 5810 1808 5865 9

1911 5813 1949 5846 ⁵ο
1977 5813 2042 5867 lll
2072 5811 2207 5883 Reg.
2242 5827 2333 5879 xx,
2357 5811 2448 5868 28.
2525 5813 2567 5846 “
2592 5811 2750 5870 Joan.
2785 5831 2892 5882 τιν,
2924 5815 2979 5871 6.
3054 5816 3101 5847 δ’
3131 5816 3253 5875 Act.
3289 5831 3381 5882 xx,
3405 5818 3492 5873 29.

3059 5910 3137 5968 32
