4058 6514
596 352 733 418 1003

590 496 620 531 a
666 488 754 528 me
786 467 1051 527 audivisti
1110 468 1376 538 frequens
1427 470 1615 534 testis,
1668 470 1865 525 eadem
1928 466 2187 522 ﬁdelibus

595 580 838 638 propone
873 561 1194 618 hominibus
1223 562 1302 629 ⁸⁸,
1334 581 1353 615 ι
1393 563 1465 619 iis
1487 562 1743 619 videlicet
1777 562 1871 634 qui
1908 561 2185 615 exercita-

592 659 746 713 tione
776 669 1043 710 sensuum
1074 669 1277 718 usum,
1321 663 1383 708 ut
1432 654 1639 709 bonum
1694 668 1725 707 a
1776 652 1921 709 malo
1972 651 2189 723 possint

594 751 933 815 discernere,
966 755 1383 818 compararunt.

656 931 763 997 jlis
790 930 977 1001 itaque
1000 930 1149 1001 apud
1175 928 1370 985 Rahah
1403 930 1471 985 ab
1502 928 1957 1000 exploratoribus
1981 928 2187 986 contir-

596 1025 781 1090 matis,
813 1022 1025 1078 reversi
1090 1022 1278 1077 omnia
1336 1030 1395 1075 ut
1436 1031 1740 1077 evenerant
1796 1023 2188 1078 renuntiarunt

594 1113 780 1171 Josue.
815 1113 1294 1181 Quemadmodum
1338 1114 1549 1171 Paulus
1599 1129 1823 1184 quoque
1875 1121 1932 1168 et
1979 1113 2187 1167 Barna-

597 1211 695 1265 bas
720 1225 844 1264 cum
892 1208 1181 1264 venissent
1218 1206 1596 1272 Antiochiam,
1639 1208 1827 1262 omnia
1878 1206 2188 1262 retulerunt

597 1302 889 1367 fratribus,
924 1314 987 1354 ac
1022 1301 1076 1354 in
1109 1299 1305 1370 primis
1352 1298 1504 1370 quod
1551 1298 1697 1356 Deus
1728 1299 1987 1372 gentibus
2019 1299 2085 1355 ad
2122 1298 2187 1353 ii-

596 1395 720 1451 dem
752 1395 1102 1465 patefecisset
1139 1394 1352 1449 aditum
1382 1394 1450 1448 ⁸⁵.

673 1487 739 1542 Ut
774 1488 958 1542 sciatis
1007 1504 1113 1557 qua
1164 1488 1249 1541 via
1279 1486 1423 1541 vobis
1454 1487 1526 1541 sit
1558 1485 1930 1540 incedendum.
1961 1483 2070 1557 [lll,
2104 1482 2186 1556 4.]

597 1580 833 1635 Causam
876 1578 1054 1634 reddit
1086 1578 1206 1648 ejus
1229 1579 1380 1649 quod
1414 1593 1520 1633 non
1550 1579 1824 1633 continuo
1854 1593 1956 1633 nec
1983 1578 2187 1648 stipato

597 1670 796 1724 ordine
831 1669 1068 1725 debeant
1098 1668 1382 1734 incedere,
1424 1684 1617 1723 verum
1659 1669 1835 1725 donec
1867 1685 2011 1739 aqua
2043 1669 2187 1724 divi-

599 1777 660 1817 sa
718 1762 1129 1832 pertransiisset
1201 1776 1330 1817 arca
1413 1761 1637 1831 illisque
1705 1761 2031 1832 praebuisset
2084 1762 2187 1816 iter

598 1861 941 1922 exspectare.
999 1852 1271 1906 Cancrum
1317 1865 1444 1906 cum
1499 1851 1682 1907 Moses
1735 1868 1833 1907 eos
1887 1867 1983 1920 per
2038 1866 2189 1906 mare

598 1959 753 2013 aquae
797 1943 958 1998 salsa:
1008 1942 1261 2009 duceret,
1320 1958 1434 1997 non
1479 1944 1611 1998 talis
1666 1942 1773 1997 fuit
1805 1941 1942 1999 ordo
1970 1943 2187 2012 qualem

594 2052 742 2091 nunc
774 2035 1100 2092 Josueduce
1128 2034 1474 2107 dominoque
1511 2036 1687 2107 ipsius
1716 2037 1876 2108 signo
1909 2044 2189 2092 annuente

593 2133 871 2186 videmus.

670 2227 842 2281 Porro
871 2242 1015 2297 aqua
1045 2242 1114 2281 ex
1144 2241 1304 2297 aequo
1332 2227 1596 2299 utrinque
1624 2227 1802 2282 divisa
1856 2228 2033 2283 instar
2060 2227 2187 2281 valli

596 2319 852 2389 perstitit.
887 2318 1201 2374 Adfuerunt
1229 2326 1411 2374 autem
1465 2318 1668 2374 ibidem
1719 2318 1937 2374 Domini
1989 2321 2186 2375 litterze

596 2427 695 2466 seu
726 2412 952 2466 tabulae.
994 2411 1097 2479 Qui
1143 2412 1289 2467 enim
1321 2428 1386 2467 ex
1430 2415 1684 2483 utrisque
1727 2429 1897 2466 unum
1945 2412 2098 2475 fecit,
2131 2420 2186 2468 et

595 2502 959 2558 iuterstitium
994 2502 1253 2557 maceria:
1278 2502 1586 2572 quassavit,
1622 2504 1713 2558 ille
1739 2503 1850 2558 duo
1874 2503 1981 2559 scit
2005 2520 2192 2574 quatu-

597 2595 679 2648 vis
711 2593 766 2648 in
815 2609 985 2649 unum
1030 2593 1253 2664 aliquod
1288 2609 1602 2664 congruere
1640 2595 1879 2666 possint.
1940 2596 2019 2650 En
2059 2610 2191 2651 vero

598 2695 657 2743 ut
686 2702 831 2758 aqua
866 2696 1129 2757 tauquam
1162 2702 1346 2742 arcam
1404 2688 1637 2743 reverita
1664 2688 1828 2744 cedit.
1868 2687 2065 2744 Iisdem
2097 2705 2193 2744 ve-

598 2795 662 2834 ro
727 2780 1006 2851 mysteriis
1057 2779 1319 2851 praeditos
1376 2781 1628 2835 traduxit
1686 2781 2009 2838 sacerdotes
2066 2798 2187 2838 eam

597 2881 1068 2943 transportantes.
1095 2873 1432 2928 Conlinebat
1464 2873 1612 2929 enim
1664 2875 1885 2931 tabulas
1917 2885 1973 2930 et
1995 2891 2189 2930 urnam

598 2981 746 3029 man,
781 2975 834 3020 et
857 2981 1029 3020 cornu
1084 2968 1370 3037 unguenti,
1401 2947 1484 3022 ~et
1536 2967 1749 3038 virgam
1793 2968 1981 3024 Aaron
2012 2985 2191 3041 usque

597 3057 904 3114 florentem.
937 3059 1102 3131 483
1133 3059 1265 3126 Quae
1298 3075 1433 3116 sane
1460 3060 1773 3118 sacerdotis
1804 3076 2028 3134 quoque
2070 3065 2189 3119 ani-

595 3167 721 3206 zuus
750 3152 1017 3219 continet,
1051 3154 1143 3223 qui
1178 3153 1321 3208 vires
1363 3169 1393 3207 a
1448 3152 1559 3209 Deo
1606 3154 1846 3225 accepit,
1881 3165 1943 3210 ut
1994 3156 2185 3212 eadem
2212 3184 2259 3244 ο

596 3248 770 3303 olIieia
804 3249 980 3319 possit
1024 3251 1269 3320 explere,
1313 3265 1376 3305 ac
1412 3251 1598 3306 omnia
1632 3267 1731 3322 per
1780 3252 2187 3308 invocationem

595 3346 839 3401 divinam
901 3349 1274 3404 sanctiticare.
1334 3348 1814 3415 Quemadmodum
1868 3351 2015 3406 enim
2058 3366 2189 3405 arca

597 3443 813 3498 tabulas
845 3443 1109 3508 continet,
1152 3444 1224 3496 ita
1256 3443 1480 3499 animus
1511 3444 1634 3514 ejus
1662 3444 1871 3498 dictata
1920 3442 2188 3497 divinitus

600 3536 869 3606 inspirata
926 3535 1052 3591 fert.
1089 3536 1147 3589 Si
1181 3535 1308 3605 quis
1361 3535 1533 3607 igitur
1582 3552 1681 3606 per
1719 3534 2018 3591 Iordanem
2070 3535 2188 3590 vult

599 3629 880 3699 trajicere,
917 3644 1030 3684 non
1061 3639 1268 3685 temere
1301 3630 1408 3684 iter
1436 3638 1720 3699 capessat,
1758 3645 1947 3685 verum
1977 3642 2187 3699 prmpao

596 3723 868 3779 rationem
908 3730 1193 3793 exspectet
1224 3721 1577 3778 sacerdotum
1613 3721 1705 3792 qui
1740 3736 1885 3775 arca:
1914 3721 2188 3776 constitu-

598 3819 748 3872 tione
775 3830 949 3886 aquas
983 3824 1340 3881 consecrant,
1382 3815 1763 3883 transitusque
1833 3813 2187 3869 securitatem

594 3909 859 3978 praebent.
881 3907 1057 3974 Quam
1092 3908 1513 3980 ignoraruntilli
1546 3908 1639 3978 qui
1674 3907 1851 3964 isthac
1877 3907 1985 3961 iter
2020 3906 2188 3963 iacie-

596 4001 728 4055 bant
755 4018 769 4067 ;
800 4003 945 4071 leges
974 4002 1122 4055 enim
1159 4000 1430 4057 Ecclesiae
1462 4000 2001 4071 ignorabant,eaque
2032 3999 2187 4070 prius

596 4106 931 4161 cognoscere
966 4091 1263 4149 debebam.

665 4183 843 4239 Porro
872 4184 984 4239 duo
1026 4184 1341 4240 cubitorum
1392 4184 1589 4250 millia,
1644 4184 1785 4241 duas
1828 4185 2187 4241 circuitiones

597 4277 714 4332 sive
786 4276 1219 4347 praeparationes
1287 4274 1600 4345 signiﬁcare
1679 4274 1892 4340 aiunt,
1957 4276 2185 4330 alteram

598 4368 821 4440 quidem
857 4370 1050 4440 primae
1084 4368 1485 4434 institutionis,
1522 4367 1754 4423 alteram
1807 4383 1937 4424 vero
1971 4368 2187 4423 unctio-

598 4464 710 4527 nis,
745 4477 853 4534 qua
894 4469 1091 4518 contra
1122 4475 1344 4517 omnem
1391 4461 1503 4515 vim
1537 4461 1825 4517 adversam
1880 4469 2181 4533 unguntur,

598 4558 916 4629 vadosaque
951 4559 1069 4615 illis
1099 4572 1243 4628 aqua
1280 4555 1539 4613 edicitur.
1572 4555 1756 4613 Potest
1802 4569 1934 4609 vero
1974 4554 2188 4625 signiti-

600 4661 726 4702 care
767 4648 932 4703 etiam
980 4662 1275 4703 numerum
1314 4661 1589 4701 annorum
1637 4645 1863 4701 circiter
1901 4644 1988 4699 bis
2040 4646 2192 4700 mille

594 4755 771 4810 usque
816 4740 884 4795 ad
936 4740 1235 4798 adventum
1291 4740 1526 4804 Christi,
1588 4738 1840 4809 adeoque
1892 4739 2190 4793 monstrari

594 4831 923 4902 mysterium
966 4832 1034 4886 ad
1086 4846 1189 4887 nos
1246 4832 1301 4886 in
1349 4846 1573 4886 carnem
1627 4829 1907 4885 venientis
1954 4828 2190 4884 Christi.

596 4921 767 4989 Quem
820 4923 1037 4980 binario
1084 4939 1310 4994 quoque
1352 4925 1570 4979 minore
1598 4937 1665 4979 ac
1695 4923 1917 4994 impuro
1949 4936 2184 4978 numero

593 5014 867 5073 exhibuit.

667 5108 984 5164 Consecrate
1023 5126 1111 5165 vos
1140 5109 1193 5163 in
1218 5109 1537 5175 crastinum,
1562 5126 1683 5165 cras
1703 5110 1843 5165 enim
1878 5109 2036 5178 faciet
2070 5109 2180 5163 Do-

595 5200 769 5255 minus
823 5200 961 5254 inter
1014 5216 1102 5255 vos
1162 5202 1417 5271 miriﬁca.
1654 5203 1866 5256 lnitiari
1923 5202 2068 5257 enitn
2119 5218 2184 5256 ac

593 5293 821 5349 lustrari
856 5301 985 5349 ante
1038 5295 1223 5349 omnia
1266 5294 1739 5363 contemplaturos
1778 5294 1871 5348 Dei
1918 5294 2183 5348 miracula

595 5394 831 5456 oportet.
868 5384 1005 5450 Quid
1038 5401 1168 5440 vero
1206 5401 1275 5440 an
1313 5385 1569 5440 miraculi
1606 5399 1717 5438 non
1768 5393 1853 5439 est
1881 5385 2061 5439 simile
2090 5402 2183 5440 ve-

595 5485 765 5533 terem
813 5477 1034 5547 quidem
1069 5478 1348 5535 hominem
1384 5494 1511 5534 cum
1560 5478 1817 5533 omnibus
1847 5477 1965 5534 suis
2012 5479 2184 5534 mori-

556 5563 560 5566 ’
595 5572 699 5625 bus
744 5569 1242 5642 aﬂ‘ectionibusque
1284 5583 1507 5637 exuere,
1560 5585 1625 5625 ac
1673 5585 1875 5625 novum
1905 5571 2183 5627 hominem

592 5666 747 5736 juxta
809 5660 905 5717 Dei
976 5676 1228 5717 normam
1279 5661 1645 5719 fabrefactum
1672 5642 1944 5734 'induere,
2006 5663 2192 5724 hostes

673 5831 721 5863 “
764 5829 809 5885 ll
860 5829 1001 5888 Tim.
1031 5846 1095 5900 ιι,
1121 5832 1177 5887 2.
1251 5830 1298 5865 “
1317 5830 1439 5889 Act.
1471 5847 1583 5900 xxv,
1614 5831 1708 5889 27.

1807 353 1815 357 ’
1900 347 2252 410 PROCOPII
2292 347 2537 408 GAZ/EI

3726 354 3839 420 1004

2219 472 2264 524 Α
2292 467 2625 521 ἐπιστέλλων
2676 470 2706 522 ὁ
2766 467 2978 533 Παῦλος
3023 468 3086 523 τὸ
3144 468 3412 538 δεύτερον,
3467 469 3686 538 ἔλεγεν·
3745 478 3843 529 «'A

2295 560 2541 631 ἤκουσας
2581 561 2712 633 παρ’
2761 563 2897 633 ἐμοῦ
2955 563 3096 634 μετὰ
3143 561 3356 615 πολλῶν
3393 564 3704 634 μαρτύρων,
3734 567 3844 621 ταῦ-

2293 669 2365 705 τα
2404 653 2653 723 παράθου
2690 658 2905 719 πιστοῖς
2954 653 3331 726 ἀνθρώποις,»
3372 655 3578 725 δηλαδὴ
3628 660 3732 720 τοῖς
3774 660 3845 713 διᾶ

2294 748 2396 818 τὴν
2422 747 2535 813 ἕξιν
2564 748 2633 802 τὰ
2672 748 3007 820 αἰσθητήρια
3047 750 3481 820 γεγυμνασμένα
3533 748 3709 820 έχουσι
3735 752 3847 822 πρὸς

2294 839 2568 910 διάκρισιν
2597 840 2765 893 καλοῦ
2792 858 2850 893 τε
2883 841 2979 895 καὶ
3013 841 3208 895 κακοῦ.

2364 930 2550 985 Ταῦτα
2597 929 3029 1001 βεϐαιωσάμενοι
3075 932 3227 1003 παρά
3256 932 3354 1002 τῆς
3398 932 3569 986 Ῥαάϐ
3622 933 3670 986 οἱ
3705 936 3851 990 κατά-

2296 1042 2511 1090 σκοποι,
2546 1025 2990 1096 ὑποστρέψαντες
3021 1027 3364 1098 ἀπήγγειλαν
3386 1028 3455 1081 τά
3494 1028 3850 1098 συμϐεϐηκότα

2292 1116 2372 1189 τῷ
2407 1117 2605 1191 Ἰησοῦ.
2622 1118 2710 1181 Ὠς
2746 1121 2839 1171 καὶ
2858 1118 3070 1183 Παῦλος
3104 1120 3200 1173 καλ⁵
3227 1120 3514 1190 Βαρνάϐας
3538 1119 3769 1184 ἐλθόντες
3787 1124 3849 1185 εἰς

2306 1208 2640 1279 Ἀντιόχειαν
2666 1210 2844 1264 πάντα
2872 1210 3079 1279 ἔλεγον,
3110 1211 3205 1264 καὶ
3231 1210 3308 1275 ὡς
3330 1210 3510 1281 ἤνοιξε
3536 1213 3649 1274 τοῖς
3676 1212 3849 1267 ἔθνεσιν

2292 1301 2323 1356 ὁ
2350 1300 2484 1365 Θεὸς
2514 1301 2685 1374 θύραν
2713 1301 2993 1367 πίστεως.

2365 1478 2491 1533 Ἵνα
2533 1478 2863 1545 ἐπίστησθε
2904 1479 3019 1547 τὴν
3066 1478 3231 1545 ὁδὸν,
3276 1478 3358 1549 ἣν
3387 1482 3763 1550 πορεύσησθε
3800 1486 3855 1539 ἐν

2293 1572 2471 1640 αὐτῇ.
2507 1573 2697 1626 Αἰτίαν
2735 1574 3065 1627 ἀποδίδωσιν
3118 1574 3179 1627 ού
3216 1573 3355 1645 πρὸς
3402 1575 3467 1628 τὸ
3521 1578 3780 1647 προσεχὲς
3807 1580 3856 1631 τὸ

2298 1670 2374 1738 μὴ
2401 1668 2514 1721 δεῖν
2550 1667 2893 1738 πλησιάζειν,
2925 1667 3063 1722 ἀλλά
3092 1668 3233 1737 πρὸς
3263 1669 3327 1721 τὸ
3358 1671 3680 1741 περιμεῖναι
3714 1670 3857 1739 μέχρι

2293 1762 2577 1817 διελθοῦσα
2605 1762 2820 1826 τούτοις
2861 1762 3236 1833 ὁδοποιήσειεν
3276 1763 3309 1832 ἡ
3341 1762 3602 1825 κιϐωτὸς,
3645 1762 3856 1831 διαιρου·

2220 1837 2261 1893 Β
2295 1856 2457 1929 μένου
2483 1856 2578 1910 τοῦ
2617 1856 2830 1921 ὓδατος.
2878 1856 3003 1909 Ἐπὶ
3058 1858 3156 1927 μὲν
3199 1851 3296 1910 οῦν
3332 1856 3620 1917 Μωῦσέως
3661 1856 3857 1923 ἄγοντος

2292 1950 2379 2005 διὰ
2406 1950 2699 2022 θαλάττης,
2750 1949 2945 2013 ὓδατος
2994 1948 3264 2021 ἁλμυροῦ,
3312 1950 3547 2020 οὐδεμία
3576 1950 3726 2015 τάξις
3762 1951 3856 2015 ἐγί-

2291 2057 2436 2107 νετο,
2467 2039 2534 2111 ἦν
2568 2038 2664 2092 νῦν
2701 2039 2917 2109 ὁρῶμεν
2941 2078 2956 2103 ,
3009 2037 3188 2107 Ἰησοῦ
3229 2039 3734 2110 στρατηγήσαντος,
3780 2040 3857 2091 καὶ

2290 2131 2386 2186 τοῦ
2415 2131 2626 2204 Κυρίου
2662 2129 3000 2201 πληροῦντος
3044 2130 3104 2183 τὸ
3140 2129 3433 2200 σύμϐολον.

2363 2222 2437 2275 Τὸ
2474 2223 2533 2276 δὲ
2569 2222 2714 2294 ὕδωρ
2741 2222 2948 2293 ὁμοίως
2991 2222 3298 2293 διαιρεθὲν,
3346 2221 3696 2294 ἑκατέρωθεν
3722 2222 3855 2289 πῆξιν

2293 2313 2590 2384 ὑπέμενεν,
2632 2313 2762 2367 ἔνθα
2800 2314 2995 2383 γέγονε
3040 2315 3137 2367 τοῦ
3188 2315 3395 2385 Κυρίου
3442 2313 3515 2367 τά
3554 2313 3851 2385 γράμματα.

2303 2407 2363 2460 '0
2388 2405 2500 2477 γὰρ
2535 2407 2773 2477 ποιήσας
2801 2406 2871 2461 τὰ
2895 2406 3187 2478 ἀμφότερα
3218 2405 3297 2467 ἓν,
3332 2407 3428 2459 καὶ
3466 2406 3535 2458 τὸ
3571 2407 3854 2476 μεσὸτειχον

2293 2500 2386 2553 τοῦ
2417 2499 2676 2570 φραγμοῦ
2710 2499 2899 2564 λύσας,
2945 2500 3152 2563 ἐκεῖνος
3183 2500 3295 2554 δύω
3321 2496 3486 2563 οἶδεν,
3526 2500 3578 2552 εἰ
3619 2498 3709 2550 καὶ
3744 2498 3854 2566 πρὸς

2292 2594 2351 2649 ἓν
2380 2611 2434 2648 τι
2460 2594 2791 2648 συνέλθοιεν.
2822 2594 2964 2665 Ὅρα
3002 2592 3060 2646 δὲ
3090 2593 3152 2645 τὸ
3179 2593 3327 2664 ὕδωρ
3362 2588 3533 2657 εἶκον,
3570 2592 3755 2661 ὥσπερ
3786 2593 3855 2643 αξ-

2291 2686 2555 2757 δούμενον
2592 2686 2693 2758 τὴν
2727 2685 2983 2748 κιϐωτὸν,
3020 2685 3143 2756 μεθ’
3180 2679 3256 2738 ὧν
3293 2686 3621 2755 μυστηρίων
3648 2684 3855 2755 ἐπήγετο

2293 2779 2389 2832 καὶ
2417 2778 2545 2841 τοὺς
2584 2776 3003 2847 διακομίζοντας
3022 2777 3211 2845 ἱερεῖς.
3247 2776 3499 2845 Περιεῑχε
3528 2774 3588 2827 δὲ
3619 2774 3713 2835 τάς
3742 2773 3854 2825 πλά-

2293 2887 2416 2934 κας,
2451 2871 2546 2924 καὶ
2577 2869 2673 2923 τοῦ
2711 2869 2888 2938 μάννα
2920 2868 3020 2939 τὴν
3053 2868 3312 2940 στάμνον,
3350 2867 3444 2920 καὶ
3494 2866 3559 2918 τὸ
3594 2866 3757 2937 κέρας
3779 2864 3853 2917 τοῦ

2296 2962 2497 3034 μύρου,
2532 2961 2628 3015 καὶ
2661 2960 2760 3033 τὴν
2821 2959 3016 3032 ῥάϐδον
3061 2958 3273 3030 Ἀαρὼν
3316 2960 3415 3028 τὴν
3469 2957 3853 3028 βλαστήσασαν.

2298 3055 2367 3107 Ἀ
2390 3053 2455 3124 δὴ
2488 3052 2735 3124 περιέχει
2770 3052 2865 3106 καὶ
2897 3053 2930 3122 ἡ
2970 3050 3067 3104 τοῦ
3094 3049 3398 3122 ἀρχιερέως
3434 3049 3612 3119 ψυχὴ,
3658 3048 3855 3114 δύναμιν

2294 3145 2535 3200 λαϐοῦσα
2569 3146 2719 3216 παρά
2749 3143 2885 3197 Θεοῦ
2920 3142 3150 3197 τοιαῦτα
3192 3145 3391 3209 ποιεῖν,
3433 3142 3503 3196 δι’
3540 3142 3855 3211 ἐπικλήσεως

2292 3237 2621 3307 ἁγιάξουσα,
2681 3236 2757 3300 ὼς
2800 3238 2858 3289 ἐν
2888 3234 3051 3299 πλαξὶ
3103 3234 3339 3299 λιθίναις
3383 3234 3635 3305 φέρουσα
3658 3234 3723 3286 τά
3755 3232 3853 3285 θεό-

2292 3345 2535 3381 πνευστα
2564 3328 2741 3394 λόγια.
2771 3325 2997 3381 Μέλλων
3026 3322 3121 3379 οὖν
3147 3342 3231 3389 τις
3260 3324 3516 3394 διαϐῆναι
3558 3325 3651 3376 τὸν
3688 3322 3856 3391 Ἰορδά-

2291 3438 2408 3492 νην.
2447 3421 2521 3492 μὴ
2547 3420 2841 3490 τολμηρῶς
2878 3419 3148 3488 χωρείτω,
3188 3417 3501 3488 περιμένων
3526 3416 3629 3485 τὴν
3664 3416 3727 3467 ἐκ
3767 3414 3855 3466 τῶν

2293 3513 2487 3584 ἱερέων
2517 3511 2912 3583 παρασκευὴν,
2963 3513 3032 3581 τῇ
3079 3509 3269 3563 στάσει
3311 3508 3415 3577 τῆς
3457 3506 3696 3560 κιϐωτοῦ
3726 3507 3855 3574 άγιαο

2292 3605 2494 3671 ζόντων
2539 3604 2610 3658 τὰ
2666 3603 2858 3668 ὕδατα,
2909 3602 3006 3656 καὶ
3055 3604 3123 3673 τῇ
3185 3601 3435 3657 διαϐάσει
3483 3598 3855 3671 παρεχομένων

2289 3699 2389 3769 τὴν
2438 3697 2624 3751 ἄδειαν
2649 3712 2662 3726 ⁸
2714 3697 2784 3768 ἢν
2812 3696 3043 3766 ἠγνόουν
3072 3696 3124 3748 oi.
3175 3693 3383 3765 ταύτην
3424 3692 3728 3755 ὁδεύοντες,
3775 3691 3855 3759 τῆς

2303 3790 2634 3861 Ἐκκλησίας
2668 3788 2992 3859 ἀγνοοῦντες
3027 3788 3097 3841 τά
3132 3786 3363 3858 νόμιμα,
3401 3784 3499 3840 καὶ
3527 3784 3705 3839 ταῦτα
3740 3798 3851 3853 προ-

2292 3880 2590 3951 μανθάνειν
2620 3879 2952 3949 ὀφείλοντες.

2328 4171 2621 4245 ,Δισχίλιοι
2646 4171 2705 4225 δέ
2736 4171 2955 4240 πήχεις,
2988 4169 3159 4238 φασὶ,
3189 4167 3285 4222 δύο
3331 4167 3623 4238 περιόδους
3672 4166 3850 4237 σημαί-

2289 4281 2463 4327 νουσι,
2499 4262 2598 4333 τὴν
2647 4260 2746 4331 μὲν
2783 4260 3164 4330 κατηχήσεως,
3220 4257 3321 4328 τὴν
3367 4257 3424 4310 δὲ
3473 4257 3578 4327 τῆς
3620 4256 3848 4327 κρίσεως,

2290 4356 2414 4410 καθ’
2457 4356 2522 4426 ῆν
2554 4354 2875 4424 ἀλείφονται
2922 4351 3063 4406 κατὰ
3098 4349 3281 4420 πάσης
3312 4349 3697 4419 ἀντικειμένης
3718 4346 3851 4401 δυνά-

2297 4465 2465 4518 μεως,
2510 4446 2671 4517 βατὸν
2718 4446 2901 4508 αὐτοῖς
2927 4444 2990 4496 τὸ
3027 4442 3174 4513 ὕδωρ
3221 4440 3559 4510 ποιούμενοι.
3610 4440 3851 4492 Δύνανται

2219 4532 2264 4588 ι)
2294 4540 2350 4593 δὲ
2380 4539 2667 4608 σημαίνειν
2702 4536 2804 4589 καὶ
2839 4536 2930 4589 τὸν
2979 4534 3089 4588 τῶν
3127 4533 3265 4585 ἐτῶν
3297 4530 3555 4601 ἀριθμὸν,
3606 4530 3731 4598 περί
3765 4546 3848 4581 που

2292 4630 2571 4702 δισχιλίων
2622 4629 2792 4682 ὄντων
2859 4627 3021 4697 μέχρι
3078 4624 3141 4678 τὸ
3198 4622 3435 4696 Χριστοῦ
3484 4623 3719 4693 δειχθείη
3765 4638 3851 4690 μυ-

2296 4724 2538 4794 στήριον,
2586 4721 2843 4790 φανέντος
2889 4720 3021 4789 ἡμῖν
3066 4719 3123 4769 ἐν
3159 4714 3343 4786 σαρκί.
3382 4715 3479 4768 “Ov
3527 4715 3622 4768 καὶ
3654 4714 3725 4784 τῷ
3766 4712 3849 4779 τῆς

2293 4814 2483 4878 δυάδος
2523 4812 2838 4884 ὑλικωτέρῳ
2887 4809 2984 4862 καὶ
3027 4808 3325 4879 ἀκαθάρτῳ
3362 4805 3710 4876 παρέστησεν
3749 4803 3849 4873 ἀρι-

2287 4904 2434 4978 θμῷ.

2369 5105 2735 5174 Ἀγνισασθε
2761 5104 2847 5167 εις
2872 5101 2987 5171 τὴν
3018 5100 3253 5167 αὔριον,
3274 5098 3363 5151 ὅτι
3402 5097 3617 5165 αὔριον
3641 5090 3849 5158 ποιήσει

2293 5198 2509 5265 Κύριος
2536 5196 2608 5251 ἐν
2644 5193 2786 5265 ὑμῖν
2838 5192 3163 5261 θαυμάσια.
3207 5189 3596 5259 Προτελεῖσθαι
3644 5187 3743 5255 γὰρ
3786 5183 3849 5234 δεῖ

2294 5290 2387 5343 καὶ
2412 5287 2885 5361 προκαθαίρεσθαι
2915 5284 3040 5346 τοὺς
3078 5281 3372 5352 μέλλοντας
3401 5280 3631 5350 θεωρεῖν
3653 5280 3714 5331 τά
3741 5277 3847 5329 θαν-

2299 5385 2470 5456 μάσια
2513 5383 2610 5437 τοῦ
2642 5381 2800 5436 Θεοῦ.
2839 5378 2963 5441 Πῶς
3003 5376 3112 5447 γὰρ
3156 5374 3217 5428 ού
3248 5372 3581 5444 θαυμαστὸν,
3608 5369 3845 5427 ἀποδύσα-

2296 5477 2418 5531 σθαι
2467 5477 2568 5548 μὲν
2602 5476 2696 5529 τὸν
2736 5471 2968 5527 παλαιὸν
3000 5468 3286 5539 ἄνθρωπον
3332 5466 3428 5518 σὺν
3470 5467 3585 5527 ταῖς
3620 5460 3845 5533 πράξεσιν

2296 5571 2461 5625 αὑτοῦ
2517 5570 2613 5623 καὶ
2672 5566 3016 5638 ἐπιθυμίαις,
3068 5557 3395 5615 ἐνδύσασθαι
3450 5556 3506 5609 δέ
3557 5556 3647 5609 τὸν
3691 5551 3845 5606 καινὸν

2300 5663 2587 5737 ἄνθρωπον
2621 5661 2711 5717 τὸν
2751 5660 2892 5716 κατὰ
2916 5657 3050 5712 Θεὸν
3078 5651 3393 5718 κτισθέντα,
3427 5649 3522 5703 καὶ
3555 5649 3674 5712 τοὺς
3700 5641 3842 5717 ἀοράο
