4058 6506
258 356 395 417 1005

1383 356 1926 420 (ΖΟΜΜΕΝΤΑΚΙΙ
1967 358 2048 419 IN
2085 356 2346 419 JOSUE.

3384 355 3522 420 1006

249 494 376 539 τους
407 476 641 551 ἐχθροὺς
664 477 871 547 νοητῶς
901 479 1035 549 ὁρᾷν
1066 478 1537 546 ὲναποπνιγέντας
1561 475 1831 548 τῴὖδατι;

1961 476 2246 531 nvisibiles
2269 475 2427 546 aquis
2446 476 2769 533 submersos
2801 483 2983 533 mente
3001 476 3392 545 contemplari,
3410 477 3530 531 loco

264 571 406 622 'Aw‘
456 572 681 641 αἴσχους
724 571 816 634 δὲ,
875 571 1074 634 κάλλος
1125 572 1526 641 ἀνειληφότας,
1582 570 1678 621 καὶ⁵
1732 570 1841 622 πᾶν

249 663 513 733 φρόνημα
579 662 985 726 καταλιπόντας
1047 662 1250 730 γεῶδες
1281 703 1297 726 ,
1370 662 1697 732 πτεροφυεῖν
1762 660 1840 724 ὡς

244 754 466 819 ἀετοὺς,
516 754 614 808 καὶ
646 756 769 817 ταῖς
812 754 1115 824 ἁμαρτίαις
1158 753 1512 823 γηράσαντας
1551 749 1838 805 ἀνακαινί-

246 844 482 909 ζεσθαι,
535 847 630 899 καὶ
682 845 952 908 πεσόντας
1000 847 1080 908 εἰς
1125 845 1261 915 γῆν,
1318 843 1553 915 ούρανοῦ
1614 842 1841 905 πολίτας

243 936 813 1008 ὲγκαταγράφεσθαι,
870 938 965 990 καὶ
1012 937 1173 999 ὄντας
1232 935 1511 1006 ἐχθροὺς,
1568 934 1840 996 υἱοθεσίας

241 1026 598 1100 ἀξιωθῆναις
673 1028 914 1083 Τοιαῦτα
991 1027 1300 1094 κατέδειξεν
1367 1028 1397 1080 ὁ
1464 1026 1576 1080 τῶν
1650 1025 1839 1095 ψυχῶν

249 1121 441 1192 ἰατρὸς
484 1122 551 1175 τὰ
595 1121 896 1192 Θαυμάσια,
950 1120 1256 1184 συνθλάσας
1296 1119 1395 1185 τὰς
1442 1119 1687 1188 κεφαλὰς
1745 1117 1840 1171 τοῦ

242 1211 548 1283 δράκοντος
571 1212 665 1267 ἐπὶ
698 1213 793 1267 τοῦ
835 1214 1049 1280 ὓδατος,
1089 1208 1465 1285 ἀναγεννήσας
1498 1213 1645 1283 ἡμᾶς
1689 1210 1843 1265 ὕδατι

1948 565 2311 633 turpitudinis
2348 565 2816 636 pulchritudinem
2842 568 3118 636 accipere,
3152 568 3414 635 omnique
3446 581 3535 621 sa-

1948 657 2156 725 pientia
2196 664 2420 712 terrena
2454 659 2647 713 relicta
2697 659 2813 716 alas
2859 660 3056 729 aquibe
3088 659 3261 714 instar
3308 659 3533 726 acquire

1946 750 2191 818 peccatis
2257 750 2597 806 inveteratos
2660 752 2940 818 renovari,
2989 752 3041 804 in
3084 760 3287 806 terram
3370 751 3534 821 depo-

1947 845 2086 898 sitos
2124 846 2267 897 inter
2300 844 2452 900 cives
2499 846 2756 900 caelestes
2784 844 3048 910 describi,
3094 845 3335 915 denique
3364 845 3532 900 etiam

1950 936 2142 992 hostes
2174 937 2227 990 in
2259 938 2499 991 ﬁliorum
2549 940 2729 992 locum
2790 938 3085 1007 adOptari?
3130 938 3236 992 Tot
3270 946 3534 1007 tantaque

1948 1044 2079 1084 vero
2142 1030 2451 1084 animarum
2520 1031 2769 1087 medicus
2822 1046 2987 1085 verus
3044 1029 3213 1086 Josue
3268 1033 3535 1085 miracula

1896 1186 1899 1193 η
1950 1122 2163 1188 edidit,
2195 1137 2319 1176 cum
2347 1124 2623 1193 serpentis
2651 1125 2829 1193 capita
2868 1138 3035 1199 super
3062 1139 3206 1194 aqua
3238 1122 3534 1193 confregit,

1954 1230 2169 1286 nosque
2202 1215 2313 1286 igni
2344 1224 2399 1270 et
2433 1230 2575 1287 aqua
2598 1216 2872 1287 regenuit.

245 1307 349 1355 aut
387 1305 539 1377 πυρί.

326 1416 398 1470 Et
422 1418 560 1470 dixit
583 1416 839 1471 Dominus
866 1419 934 1470 ad
950 1414 1115 1471 Iosue
1136 1434 1154 1471 :
1184 1415 1298 1471 Hoc
1319 1418 1402 1470 die
1419 1426 1467 1470 te
1483 1416 1677 1485 incipio
1700 1416 2049 1479 evehere,etc.
2069 1412 2186 1485 μη,
2216 1411 2296 1483 7.]
2319 1410 2435 1468 Νοιι
2456 1413 2638 1469 minus
2656 1428 2788 1470 vero
2815 1411 3079 1470 Dominus
3100 1429 3322 1484 quoque
3348 1425 3541 1471 noster

245 1504 420 1562 Jesus
449 1505 707 1561 Christus
741 1505 998 1560 evehitur
1036 1506 1378 1559 humanitate
1428 1517 1553 1566 sua,
1596 1504 1885 1559 divinitate
1934 1504 2079 1559 enim
2111 1518 2331 1559 onmem
2382 1503 2727 1558 altitudinem
2773 1512 3019 1573 superat.
3060 1504 3117 1558 In
3146 1503 3387 1561 Jordane
3411 1522 3538 1561 eum

250 1594 459 1649 extulit
483 1605 656 1664 pater,
692 1608 818 1648 cum
856 1593 1039 1647 dixit:
1075 1612 1092 1644 ι
1122 1592 1220 1648 llic
1250 1601 1338 1649 est
1370 1593 1517 1647 ﬁlius
1551 1608 1708 1647 meus
1747 1593 1984 1646 dilectus
2026 1593 2083 1646 in
2115 1607 2226 1662 quo
2267 1590 2401 1646 mihi
2449 1592 2641 1660 placeo
2668 1591 2737 1646 ⁸⁵.
2764 1610 2784 1643 ι
2823 1592 2953 1647 Item
2989 1609 3004 1646 :
3063 1611 3081 1644 ι
3115 1591 3385 1656 Quoniam
3446 1611 3536 1650 se-

264 1682 452 1752 ipsum
480 1681 705 1751 abjeeit,
749 1680 928 1735 laetus
959 1680 1026 1735 ad
1055 1687 1286 1736 mortem
1317 1695 1490 1750 usque
1512 1681 1653 1750 patri
1686 1679 2015 1749 morigerus,
2047 1689 2299 1742 mortem,
2325 1680 2571 1750 inquam,
2599 1682 2807 1746 crucis,
2843 1681 3041 1736 extulit
3074 1697 3198 1735 eum
3229 1680 3373 1737 Deus
3402 1682 3470 1747 ⁸⁸,
3514 1702 3531 1734 ι

252 1780 370 1824 etc.
414 1768 470 1824 ιιι
500 1770 694 1839 primis
724 1784 854 1824 vero
902 1770 956 1822 in
1014 1768 1215 1823 animis
1246 1769 1458 1823 nostris
1511 1773 1778 1823 transitus
1812 1782 1909 1837 per
1957 1764 2254 1822 Jordanem
2277 1775 2529 1837 tempore
2570 1768 2843 1823 evehitur.
2881 1766 2960 1821 Ne
2988 1768 3078 1822 cui
3113 1784 3241 1824 vero
3276 1770 3532 1825 videatur

254 1859 431 1912 alium
466 1859 664 1914 veteris
687 1868 742 1912 et
784 1872 941 1912 novas
980 1872 1105 1912 esse
1142 1855 1405 1912 Ecclesiae
1450 1856 1644 1921 Deum,
1676 1854 1847 1910 Josue
1888 1871 2012 1909 cum
2057 1854 2205 1910 Mose
2244 1856 2553 1928 coniungit,
2587 1864 2648 1911 ut
2687 1856 2854 1910 unius
2888 1855 2981 1910 Dei
3026 1871 3217 1912 curam
3252 1859 3537 1913 amborum

253 1962 387 2002 esse
414 1948 775 2002 demonstret.
807 1950 991 2012 Quare
1033 1944 1241 1998 Paulus
1275 1960 1498 2015 quoque
1528 1943 1593 1996 ad
1655 1943 1910 1999 Hebraaos
1935 1945 2010 1997 ait
2045 1962 2058 1997 :
2092 1964 2107 1995 ι
2136 1943 2202 1998 Et
2234 1943 2415 2001 Moses
2443 1944 2665 2013 quidem
2700 1944 2878 2001 ﬁdelis
2920 1944 2973 1998 in
3002 1955 3202 2000 cuncta
3232 1945 3351 2015 ejus
3375 1946 3539 2002 domo

255 2034 416 2089 velut
446 2033 706 2099 famulus,
735 2034 994 2089 Christus
1028 2047 1161 2088 vero
1196 2033 1346 2087 velut
1374 2032 1521 2112 ﬁlius
1554 2031 1621 2085 ".
1664 2052 1681 2083 ι
1717 2030 1909 2087 Modus
1934 2032 2121 2102 itaque
2166 2033 2456 2088 amborum
2487 2032 2685 2099 variat,
2718 2047 2827 2087 non
2861 2033 3015 2087 omni
3057 2042 3240 2088 tamen
3276 2034 3539 2089 similitu-

253 2126 411 2181 dinis
444 2127 646 2179 evitata
667 2123 879 2194 specie.

344 2235 439 2299 Ὠς
491 2233 567 2287 ἂν
610 2233 921 2299 εἰσέλθητε
955 2232 1054 2286 ἐπὶ
1091 2232 1314 2301 μέρους
1355 2231 1461 2285 τοῦ
1492 2231 1711 2298 ὕδατος
1744 2230 1850 2285 τοῦ

2029 2228 2165 2283 Cum
2197 2231 2441 2285 veneritis
2488 2232 2557 2283 ad
2596 2232 2825 2299 primam
2865 2244 3067 2300 partem
3107 2250 3375 2301 aquatum
3415 2233 3541 2288 Jor-

256 2327 594 2395 Ἰορδάνου,
626 2326 720 2379 καὶ
752 2327 822 2379 ἐν
858 2325 1127 2395 Ἰορδάνῃ
1155 2323 1491 2391 στήσεσθε.
1536 2324 1853 2393 Ὀρὰτωσαν

1959 2322 2138 2388 donis,
2172 2323 2473 2376 consistetis
2513 2323 2568 2376 in
2597 2324 2711 2391 ipso
2743 2322 3006 2380 Iordane.
3039 2324 3145 2396 [8.]
3185 2325 3417 2382 Videant
3447 2327 3540 2397 qui

256 2423 310 2474 οἱ
374 2420 717 2491 μεμυημένοι
767 2420 894 2483 τοὺς
946 2419 1152 2484 τύπους
1197 2420 1490 2483 ὠδίνοντας
1551 2419 1652 2488 τὴν
1720 2417 1853 2485 ἀλή-

258 2514 441 2567 θειαν.

336 2603 446 2658 Καὶ
506 2603 845 2670 ὀλοθρεύων
910 2602 1261 2669 ὀλοθρεύωνει
1327 2601 1447 2656 ἀπὸ
1526 2597 1854 2669 προσώπου

260 2694 436 2766 ὑμῶν
477 2695 581 2748 τὸν
628 2694 992 2749 Καναναῖον.
1046 2695 1109 2747 Ἦ
1139 2694 1390 2757 διάϐασις
1440 2694 1539 2764 τῆς
1589 2692 1853 2756 κιϐωτοῦ,

263 2791 429 2860 φησι,
465 2791 691 2858 σημεῖον
726 2789 855 2857 ὑμῖν
888 2787 1031 2840 ἔστω
1062 2787 1165 2856 τῆς
1194 2786 1304 2839 τῶν
1337 2785 1510 2839 ἐθνῶν
1543 2784 1851 2847 ἀπωλείας’

261 2882 344 2944 ὡς
366 2882 450 2948 ἐφ’
477 2883 508 2951 ἡ
520 2880 634 2950 μῶν
669 2879 779 2931 τῶν
817 2878 1212 2948 ἀντικειμένων
1256 2878 1563 2947 δυνάμεων,
1594 2878 1649 2929 εἴ
1686 2893 1767 2939 τις
1798 2877 1856 2927 ὲν

277 2972 521 3041 Ἰορδὰνῃ
543 2971 773 3038 γένηται
806 2968 1041 3029 κιϐωτὸς
1073 2968 1165 3022 τοῦ
1203 2968 1360 3032 Θεοῦ,
1400 2967 1468 3021 τὰ
1491 2968 1590 3035 τῆς
1622 2969 1857 3029 πίστεως

262 3066 324 3117 ὲν
353 3064 532 3135 ἐαυτῷ
579 3063 851 3134 περιέχων
903 3062 1202 3131 μυστήρια,
1247 3062 1348 3129 τῆς
1375 3059 1605 3128 γεώδους
1635 3060 1857 3129 ἀπάρας

264 3157 412 3210 κατὰ
441 3156 569 3218 τοὺς
607 3154 949 3226 Ἰσραηλίτας
990 3152 1217 3222 σκηνῆς,
1256 3151 1497 3220 γεγονὼς
1533 3154 1598 3221 τῇ
1645 3152 1855 3222 διανοίᾳ

270 3249 575 3319 μετέωρος,
607 3247 912 3316 ἀνεχόντων
934 3243 1149 3315 ἱερέων,
1186 3244 1278 3296 καὶ
1307 3241 1745 3313 προὸαδιζόντων
1770 3243 1856 3314 θεῷ

262 3340 425 3411 τύπῳ
454 3341 563 3393 τῶν
601 3340 875 3411 πράξεων,
909 3337 1007 3390 καὶ
1048 3336 1126 3407 τῷ
1168 3336 1323 3390 ὕδατι
1371 3334 1689 3405 βαπτόντων
1731 3337 1855 3399 τοὺς

264 3433 463 3494 πόδας.
507 3450 526 3483 ι
551 3432 611 3484 '0
641 3431 749 3502 γὰρ
790 3429 1115 3500 λελουμένος
1142 3428 1205 3481 οὐ
1244 3426 1438 3499 χρείαν
1467 3427 1580 3496 ἔχει
1609 3426 1706 3479 τοῦ
1734 3427 1857 3479 λού-

266 3526 492 3579 σασθαι.
526 3525 683 3578 Ἔστι
714 3524 823 3595 γὰρ
849 3523 970 3586 ὅλος
1003 3519 1242 3592 καθαρός
1263 3534 1277 3548 ⁶
1321 3519 1437 3573 ἀλλ’
1467 3520 1556 3572 ἵνα
1594 3519 1721 3590 νίψῃ
1757 3520 1853 3587 μό-

264 3633 362 3671 νον
389 3618 515 3680 τοὺς
543 3616 731 3679 πόδας.
762 3634 781 3667 ι
828 3616 940 3668 Καὶ
973 3614 1007 3684 ἡ
1031 3611 1220 3683 νύμφη
1272 3611 1329 3665 δέ
1354 3628 1517 3681 φησιν
1544 3627 1559 3642 ·
1591 3628 1611 3660 ι
1635 3610 1854 3670 Ἐνιψὰ-

272 3726 387 3779 μην
412 3708 539 3771 τοὺς
567 3708 755 3770 πόδας,
802 3706 919 3770 πῶς
962 3703 1174 3776 μολυνῶ
1216 3702 1452 3768 αὑτούςς
1490 3721 1509 3753 ι
1543 3703 1755 3771 Ὠσπερ
1799 3702 1857 3755 δὲ

264 3801 348 3870 τῷ
401 3800 710 3870 ἁμαρτωλῷ
756 3801 905 3852 πᾶσα
937 3800 969 3866 ἡ
1014 3796 1189 3859 κτίσις
1226 3795 1475 3864 πολεμεῖ,
1525 3794 1601 3857 ὠς
1631 3794 1860 3847 ἐπὶτῶν

273 3894 615 3959 Αἰγυπτίων,
663 3889 808 3943 οὕτω
854 3890 1065 3956 γίνεται
1098 3889 1277 3942 πάντα
1326 3887 1404 3956 τῷ
1450 3887 1645 3955 δικαίῳ
1698 3886 1857 3955 βατὰ,

282 3983 557 4053 Ἐρυθρὰν
582 3980 873 4034 διοδεύοντι
914 3979 1209 4041 Θάλατταν,
1251 3978 1345 4031 καὶ
1390 3976 1488 4048 τὴν
1534 3976 1739 4047 ἔρημον
1764 3976 1861 4047 τὴν

270 4075 500 4145 πολλὴν,
529 4074 628 4146 τὴν
672 4073 731 4140 ἐξ
757 4070 1009 4141 ίούρανοῦ
1048 4068 1442 4142 χορηγουμένῳ
1474 4072 1704 4140 τροφήν.
1749 4069 1860 4121 Καὶ

270 4171 302 4221 ὁ
331 4168 442 4235 ἀὴρ
488 4164 544 4217 δὲ
589 4163 766 4234 τούτῳ
812 4161 996 4233 βατδς,
1029 4161 1173 4215 κατὰ
1216 4161 1298 4227 τὸ,
1354 4160 1863 4232 ι’Δρπαγησόμεοα

272 4262 334 4313 ἐν
389 4257 637 4325 νεφέλαις
683 4258 763 4317 εἰς
810 4256 1012 4327 ἀέρα-ι
1060 4252 1308 4308 καθόλου
1352 4253 1461 4324 γὰρ
1504 4254 1739 4324 ἥκουσεν
1785 4252 1861 4323 μὴ

272 4352 583 4421 φοϐεῖσῦαι·
621 4370 639 4403 ι
692 4349 821 4405 Ἐὰν
853 4351 961 4421 γὰρ
999 4348 1217 4420 διέλθῃς
1243 4348 1333 4402 διὰ
1389 4348 1580 4420 πυρὸς,
1617 4347 1747 4417 φλὸξ
1796 4348 1859 4401 οὑ

271 4444 619 4499 κατακαύσει
648 4460 731 4498 σε.
763 4463 784 4496 ι

346 4624 461 4678 Καὶ
487 4624 627 4694 τάχα
653 4624 776 4677 ὅσον
810 4623 910 4694 μὲν
951 4622 1118 4691 ἐγγὺς
1163 4616 1215 4673 εἷ
1250 4619 1557 4689 Αἰγύπτου,
1587 4620 1862 4677 θάλασσαν

272 4715 515 4786 διοδεύῃ.
546 4716 759 4768 οὐδέπω
783 4713 949 4783 οὔσης
996 4709 1256 4775 κιϐωτοῦ,
1308 4711 1429 4765 οὐδὲ
1471 4712 1661 4782 ἱερέων
1708 4730 1860 4782 χειρ-

272 4808 643 4877 αγωγούντων
689 4824 747 4860 σε
776 4846 790 4870 ,
824 4805 946 4859 οὐδὲ
991 4803 1234 4859 Λευῖτῶν
1260 4821 1275 4836 ο
1328 4803 1467 4857 ἐπὰν
1506 4803 1562 4855 δὲ
1592 4803 1751 4876 ἔλθῃς
1785 4806 1861 4870 εἰς

1957 2425 2117 2485 typos
2139 2416 2381 2471 veritatis
2412 2424 2618 2471 matres
2660 2417 3076 2473 abstruserunt.

2032 2590 2298 2647 Funditus
2311 2602 2499 2647 evertet
2521 2592 2777 2648 Dominus
2795 2604 2917 2649 ante
2935 2612 3021 2650 vos
3044 2594 3542 2664 Chananmum,etr.

1961 2682 2097 2755 [10.]
2134 2684 2425 2740 Transitus
2461 2700 2603 2741 area:
2626 2686 2780 2741 vobis
2812 2689 2905 2755 sit,
2951 2689 3151 2759 inquit,
3186 2690 3344 2761 signo
3375 2692 3546 2748 inter-

1960 2777 2209 2833 necionis
2254 2780 2528 2847 gentium.
2579 2778 3056 2847 Quemadmodum
3110 2785 3267 2840 vobis
3325 2802 3546 2857 quoque

1956 2885 2084 2926 esse
2123 2870 2287 2927 debet
2317 2873 2607 2942 copiarum
2662 2875 3046 2943 adversarum,
3088 2878 3133 2934 si
3172 2894 3295 2948 qua!
3334 2881 3387 2935 in
3417 2881 3543 2935 Jor-

1958 2964 2103 3020 dane
2133 2964 2300 3020 fuerit
2325 2980 2481 3029 area,
2510 2982 2632 3036 quae
2675 2967 2799 3023 ﬁdei
2834 2970 2890 3024 in
2920 2985 2981 3026 se
3032 2974 3420 3041 complectitur
3451 2992 3545 3029 ar-

1958 3070 2117 3109 cana.
2162 3054 2293 3121 Quae
2330 3056 2554 3123 quidem
2604 3057 2755 3127 apud
2805 3057 3085 3114 lsraelitas
3136 3076 3168 3117 e
3216 3070 3436 3118 terreno
3466 3074 3547 3117 ta-

1961 3146 2263 3201 bernaculo
2316 3154 2400 3201 est
2438 3146 2710 3217 profecta,
2744 3150 3055 3205 ministerio
3076 3162 3262 3206 tamen
3288 3155 3548 3211 sublimis

1959 3236 2088 3304 fuit,
2145 3253 2266 3308 quae
2336 3247 2557 3308 portala
2618 3249 2703 3295 est
2754 3256 2784 3294 a
2845 3242 3233 3300 sacerdotibus
3297 3256 3547 3317 exemplo

1959 3331 2243 3385 actionum
2284 3333 2381 3386 toti
2418 3334 2623 3403 populo
2652 3336 3053 3403 prmeuntilnm,
3082 3351 3337 3409 aquaque
3383 3342 3548 3411 pedes

1958 3420 2294 3475 lavantibus.
2339 3421 2482 3487 «Qui
2539 3423 2686 3477 enim
2734 3424 2962 3482 ablutus
3018 3437 3124 3492 est,
3179 3429 3388 3486 lotinne
3436 3448 3545 3487 non

1961 3512 2193 3582 indiget,
2225 3514 2464 3570 mundus
2503 3516 2651 3568 enim
2688 3522 2842 3573 totus
2890 3527 2997 3582 est,
3036 3536 3223 3576 verum
3266 3530 3326 3577 ut
3382 3524 3549 3594 pedes

1962 3606 2104 3659 lavet
2131 3606 2309 3660 solum
2336 3605 2435 3660 ".i
2468 3606 2640 3663 Porro
2674 3623 2875 3679 sponsa
2907 3613 3069 3665 etiam
3125 3614 3304 3683 inquit
3340 3633 3353 3669 :
3397 3636 3414 3667 ‹
3447 3617 3552 3673 Pe-

1961 3697 2062 3753 des
2090 3697 2222 3763 lavi,
2252 3708 2500 3769 etquare
2522 3701 2870 3770 inquinarem
2894 3718 2989 3759 eos
3016 3705 3106 3759 “7
3133 3724 3151 3758 ι
3180 3706 3551 3771 Quemadmo-

1961 3787 2092 3843 dum
2124 3805 2257 3846 vero
2305 3794 2581 3861 peceatori
2611 3795 2792 3851 omnis
2824 3805 3079 3851 creatura
3119 3798 3377 3856 hostilem
3427 3817 3551 3857 sese

1964 3883 2189 3952 przeliet,
2257 3885 2404 3937 velut
2455 3899 2587 3955 erga
2646 3884 2935 3957 [Egyptios
2988 3888 3190 3944 factum
3227 3909 3241 3946 :
3279 3893 3355 3946 ita
3394 3892 3550 3962 justo

1962 3976 2149 4029 omnia
2182 3977 2321 4030 vado
2348 3977 2574 4041 cedunt,
2624 3980 2741 4034 sive
2788 3994 2885 4049 per
2916 3995 3071 4037 mare
3133 3982 3381 4039 Rubrum
3432 3986 3550 4040 sive

1964 4081 2061 4136 per
2092 4066 2373 4123 desertmn
2422 4079 2641 4126 vastum
2703 4081 2972 4142 permeat,
3024 4075 3116 4129 cui
3174 4076 3340 4131 etiam
3373 4076 3551 4133 victus

1964 4160 2186 4215 ewlitus
2225 4162 2565 4230 suppeditat.
2602 4162 2718 4219 Nec
2739 4180 2849 4220 non
2882 4181 2977 4220 aer
3009 4166 3209 4221 vadum
3243 4178 3348 4231 est,
3391 4171 3549 4240 juxta

1965 4253 2138 4307 illud:
2183 4253 2482 4312 «Nubibus
2532 4256 2586 4311 in
2635 4272 2817 4314 aerem
2850 4260 3130 4329 rapiemur
3157 4263 3221 4316 ⁸⁸.
3263 4281 3281 4314 ι
3317 4262 3373 4317 In
3402 4280 3551 4319 smn-

1965 4360 2051 4399 ma
2086 4348 2232 4401 enim
2289 4348 2496 4403 dictum
2547 4359 2632 4405 est
2686 4350 2764 4405 illi
2806 4369 2821 4405 :
2874 4351 3000 4408 «Ne
3054 4356 3272 4411 timeas.
3322 4356 3547 4413 Etiamsi

1963 4440 2109 4494 enim
2165 4441 2344 4511 ignem
2402 4444 2831 4514 pertransieris,
2883 4446 3105 4504 ﬂamma
3183 4466 3294 4506 non
3351 4452 3549 4507 aduret

1962 4541 2017 4586 te
2044 4530 2109 4586 ".
2150 4550 2167 4583 ι

2037 4626 2151 4677 Ιιιιο
2192 4624 2378 4689 etiam,
2412 4628 2775 4694 quantumvis
2828 4630 3047 4683 vicinus
3095 4629 3334 4701 [Egypto
3374 4632 3545 4689 fueris

1965 4730 2227 4785 mareque
2284 4716 2553 4787 trajicias,
2609 4734 2735 4773 cum
2773 4734 2899 4773 arca
2943 4721 3187 4776 nondum
3237 4723 3416 4790 fuerit,
3446 4743 3547 4782 nee

1965 4806 2285 4861 sacerdotes
2316 4822 2418 4862 nec
2445 4807 2650 4864 Levila:
2685 4821 2737 4865 te
2768 4810 3120 4869 deduxerint.
3148 4814 3285 4869 Cum
3317 4832 3445 4872 vero
3476 4821 3545 4873 ad

271 4904 345 4957 τὰ
383 4903 509 4973 ὅρια
538 4903 636 4971 τῆς
663 4902 822 4969 ἁγίοις
843 4899 968 4969 γῆς,
1001 4899 1095 4951 καὶ
1122 4897 1497 4971 παραδέξηταί
1524 4914 1583 4950 σε
1630 4898 1856 4969 Ἰησοῦς,

1964 4897 2132 4970 484
2150 4909 2362 4955 montes
2388 4909 2596 4956 sanctae
2623 4911 2783 4958 teme
2805 4907 3106 4976 appuleris,
3123 4918 3176 4963 et
3205 4918 3257 4964 te
3284 4926 3542 4980 stlscr[.c-

274 4995 373 5048 καὶ
420 4993 585 5057 αὐτὸς
631 4993 855 5063 γένηταί
910 5009 991 5044 σοι
1026 4990 1241 5062 ὁδηγδς,
1280 4990 1402 5043 τότε
1445 4989 1661 5044 ἵσταταί
1710 5006 1793 5042 σοι
1829 4992 1858 5043 ὁ

286 5085 583 5156 Ἰορδάνης.
635 5087 731 5137 Ἂν
782 5084 891 5155 γὰρ
938 5084 1149 5152 ἀληθῶς
1196 5080 1261 5155 ᾗς
1300 5082 1539 5153 Ἰησοῦς,
1597 5083 1660 5136 τὸ
1713 5083 1858 5153 ὕδωρ

271 5177 369 5231 τοῦ
421 5176 690 5247 Ἰορδάνου
746 5178 1192 5246 ὲντρππήσεται,
1239 5176 1335 5229 καὶ
1384 5176 1732 5246 ἀναχωρήσει
1780 5175 1856 5237 εἰς

272 5272 343 5323 τὰ
374 5272 591 5323 ὀπίσω·
641 5269 702 5321 τὸ
751 5268 809 5321 δὲ
859 5267 989 5321 ἄλλο
1037 5267 1181 5338 ὕδωρ
1231 5266 1595 5319 ἀπελεύσεται
1646 5268 1727 5329 εἰς
1760 5264 1858 5331 τὴν

274 5359 556 5411 θάλασσαν
585 5356 696 5411 τῶν
734 5357 899 5410 ἀλῶν.
944 5356 1068 5410 Τῶν
1118 5356 1226 5428 γὰρ
1284 5357 1422 5426 μετὰ
1454 5356 1517 5408 τὸ
1573 5355 1862 5426 βάπτισμα

273 5447 653 5514 ἀπολομένων,
694 5447 756 5500 τὸ
784 5446 928 5518 ὕδωρ
970 5446 1064 5499 τοῦ
1108 5446 1375 5516 Ἰορδάνου
1412 5448 1492 5508 εἰς
1517 5445 1616 5517 τὴν
1656 5445 1861 5499 Θάλασ-

276 5555 378 5591 σαν
421 5538 608 5592 ᾶπεισι
659 5539 770 5592 τῶν
814 5539 991 5592 ἀλῶνο
1040 5537 1102 5591 τὸ
1150 5538 1206 5591 δὲ
1257 5538 1426 5602 ἀλλο,
1476 5538 1537 5590 τὸ
1568 5537 1714 5610 ὔδωρ
1746 5539 1865 5592 ἐστὶ

271 5629 385 5682 τῶν
413 5630 658 5693 δικαίων,
699 5630 899 5700 πῆγμα
938 5629 1243 5699 ἐνυπάρχον
1281 5629 1543 5698 ἀνάλογον
1574 5629 1651 5698 τῷ
1681 5646 1863 5700 πεπη-

344 5746 392 5778 ⁸³
425 5743 613 5799 Matth.
645 5761 726 5807 ιιι,
754 5745 840 5799 17.
917 5746 963 5816 ’ἦ
990 5746 1225 5816 Philipp.
1262 5759 1323 5810 ιι,
1356 5743 1411 5811 8,
1444 5744 1497 5799 9.
1575 5745 1619 5776 ⁸⁷
1656 5747 1826 5801 Hebr.
1860 5765 1941 5815 ιιι,

267 5832 349 5883 tv,
392 5816 479 5869 17.
552 5817 593 5848 ⁵³
632 5816 734 5871 lsa.
763 5830 915 5881 mu,
943 5815 999 5870 2.

1968 4992 2037 5044 rit
2058 4990 2223 5047 Josue
2252 4994 2492 5063 :tibique
2521 4996 2633 5051 dux
2666 5000 2960 5064 exstiterit,
2981 5008 3096 5055 tum
3130 5003 3227 5057 tibi
3281 5010 3548 5060 consistet

1965 5082 2256 5139 Jordanes.
2293 5084 2427 5139 Nam
2470 5089 2516 5142 si
2551 5104 2681 5144 vere
2713 5091 3015 5147 adhmseris
3043 5093 3231 5158 Josue,
3264 5113 3403 5166 aqua
3424 5098 3546 5151 Jor—

1968 5176 2134 5229 danis
2166 5186 2498 5246 revertetur,
2535 5197 2599 5236 ac
2627 5192 2780 5237 retro
2815 5187 3100 5241 concedet.
3140 5190 3371 5259 lleliqna
3419 5208 3548 5247 vero

1968 5281 2110 5338 aqua
2144 5268 2198 5322 in
2232 5285 2384 5326 mare
2413 5274 2619 5329 salsum
2653 5277 2847 5332 abibit.
2892 5278 3091 5334 Eorum
3124 5282 3269 5336 enim
3304 5286 3395 5353 qui
3430 5296 3552 5355 post

1966 5357 2301 5429 baptismum
2335 5377 2594 5433 pereunt,
2628 5384 2768 5438 aqua
2793 5368 3052 5427 Jordanis
3081 5373 3135 5427 in
3165 5389 3315 5431 mare
3340 5378 3547 5433 salsum

1966 5450 2159 5509 ellluit.
2204 5453 2437 5528 Reliqua
2478 5475 2609 5515 vero
2633 5476 2774 5532 aqua
2818 5462 2980 5518 unica
3004 5465 3284 5535 justorum
3313 5478 3395 5523 est
3428 5487 3549 5525 mu-

1970 5545 2130 5611 nitio,
2198 5564 2320 5619 qua:
2391 5552 2519 5622 pani
2592 5556 2816 5612 C(Blitus
2888 5558 3116 5629 delapso
3179 5574 3553 5634 concretoque

1972 5642 2269 5710 respondet
2323 5663 2335 5698 :
2387 5645 2660 5713 Quoniam
2720 5656 2778 5704 tu
2856 5668 3075 5724 quoque
3138 5655 3361 5723 unicum
3415 5659 3553 5712 colis

1984 5752 2013 5780 Η

1982 5756 2034 5808 5.
2128 5758 2172 5788 ⁸⁸
2204 5756 2365 5815 Joan.
2399 5764 2635 5828 1111,10.
2743 5768 2789 5799 ⁸⁸
2814 5768 2972 5825 Cant.
3003 5787 3053 5837 ν,
3079 5772 3131 5825 5.
3238 5774 3283 5803 ⁶⁰
3312 5774 3328 5827 1
3357 5772 3551 5832 Thess.
