4058 6514
631 356 764 422 1007

1926 356 2278 419 PROCOPII
2313 359 2560 420 GAZIEI

3735 372 3849 436 1008

624 474 819 540 Deum,
869 472 960 527 cui
1008 471 1054 526 si
1103 471 1293 527 unitus
1340 469 1514 526 fueris
1558 485 1588 521 a
1637 471 2057 541 propugnaculo
2105 472 2185 527 tib

2304 475 2462 543 γέναι
2489 474 2583 528 τδν
2602 476 2769 546 ἄρτον
2788 476 2881 531 τὸν
2912 477 2972 541 ἐξ
2999 477 3232 549 οὐρανοῦ
3267 480 3698 551 καταϐεϐηκότα,
3722 488 3849 541 ἒπει-

622 565 811 621 stabit.
870 562 1000 618 Item
1050 580 1065 618 :
1106 562 1256 617 Beati
1304 562 1506 633 quibus
1543 576 1651 615 non
1704 561 1924 629 longius
1981 562 2203 618 duobus

620 657 934 710 cubitorum
962 652 1205 707 millibus
1226 652 1297 707 ab
1328 666 1457 706 arca
1497 650 1696 706 abesse
1725 651 1905 706 licuit.
1935 650 2203 722 Reliquus

620 747 767 801 enim
796 744 963 801 Israel
994 743 1182 799 salvus
1207 743 1430 814 quidem
1457 751 1567 807 est,
1600 741 1699 796 sed
1730 741 1951 799 duobus
1989 742 2205 798 cubito-

618 853 739 894 rum
777 837 1022 893 millibus
1056 835 1234 906 magis
1262 833 1419 891 abest
1448 833 1519 890 ab
1554 847 1709 890 arca.

2306 565 2373 636 δὴ
2408 567 2506 620 καὶ
2558 567 2625 619 σὺ
2677 568 2858 635 σέϐεις
2904 572 2998 623 τὸν
3038 571 3134 623 ἕνα
3178 570 3333 625 Θεόν.
3371 572 3620 637 Ἐνωθιὶς
3666 576 3763 647 γάρ
3786 582 3850 651 τῷ

2310 657 2453 730 Θεῷ,
2501 660 2656 731 παρὰ
2706 662 2787 733 τῷ
2824 664 3082 734 πήγματι
3140 666 3337 737 στήσῃ.
3372 667 3484 721 Καὶ
3535 671 3779 741 μακάριοι
3808 679 3848 730 οἱ

2309 750 2632 822 δυνηθέντες
2676 753 2752 825 μὴ
2788 755 3008 826 μακρὰν
3048 751 3190 810 εἶναι
3234 758 3333 828 τῆς
3383 758 3641 815 κιϐωτοῦ.
3685 765 3738 817 '0
3762 769 3851 838 γὰρ

2300 842 2488 907 λοιπὸς
2529 844 2766 917 Ἰσραὴλ,
2797 848 2848 899 εί
2874 849 2968 903 καὶ
3013 847 3271 913 σώζεται,
3310 850 3449 905 ἀλλὰ
3503 855 3717 924 μακράν
3755 860 3851 912 ἐστι

2300 937 2403 1006 τῆς
2440 936 2680 991 κιϐωτοῦ
2700 938 2810 992 ἀπὸ
2831 938 3109 1011 δισχιλίων
3146 943 3390 1013 πήχεων.

689 1046 754 1100 Et
784 1047 1009 1117 populus
1038 1046 1277 1103 constitit
1312 1063 1339 1101 e
1370 1046 1582 1117 regione
1604 1042 1838 1113 Iericho,
1875 1054 1985 1101 etc.
2013 1044 2154 1119 [l7.]
2190 1044 2259 1101 Ut
2283 1050 2492 1107 bellum
2521 1052 2646 1107 urbi
2676 1052 2725 1108 ei
2759 1067 2825 1109 ac
2857 1054 3076 1111 civibus
3116 1066 3413 1128 antequam
3440 1055 3731 1117 Jordanem
3757 1072 3849 1119 tra-

608 1136 895 1207 jecissent,
926 1136 1257 1191 indicerent.
1290 1136 1471 1204 Atque
1499 1136 1637 1189 adeo
1662 1142 1925 1203 tanquam
1960 1141 2108 1189 terra
2134 1139 2461 1195 transirent.

682 1227 922 1295 Acceptis
953 1242 982 1281 e
1006 1226 1201 1296 populo
1228 1225 1506 1281 duodecim
1537 1227 1687 1292 uiris,
1711 1237 1820 1281 etc.
1842 1224 1964 1296 ιιν,
1998 1224 2079 1297 4.]
2103 1225 2198 1281 Fi-

609 1335 799 1389 guram
854 1319 1080 1373 instruit
1134 1316 1427 1372 duodecim
1471 1316 1895 1389 discipulorum,
1926 1318 2021 1388 qui
2059 1334 2195 1376 sane

607 1411 817 1481 lapides
850 1410 1144 1466 duodecim
1182 1416 1336 1474 sunt,
1370 1410 1567 1465 structi
1622 1424 1792 1480 super
1821 1408 1987 1465 unico
2015 1424 2192 1480 angu-

607 1504 733 1565 lari,
766 1503 967 1557 eximio
994 1517 1057 1556 ac
1111 1502 1373 1571 pretioso,
1402 1501 1457 1555 in
1496 1500 1871 1556 fundamentis
1900 1499 2033 1555 Sion
2071 1499 2190 1554 col-

607 1597 811 1650 locato.
847 1593 1030 1663 Ipsum
1062 1593 1209 1647 enim
1237 1593 1517 1648 Christum
1544 1606 1654 1646 uno
1690 1606 1788 1646 ore
1818 1591 2193 1661 praedicarunt

604 1701 817 1748 omnes,
847 1685 1145 1755 ipsumque
1193 1685 1439 1739 humeris
1466 1693 1776 1753 geSIarunI.
1816 1681 2193 1739 Desumuntur

604 1792 730 1833 vero
761 1794 789 1830 a
822 1776 1058 1832 statione
1107 1775 1481 1839 sacerdotum,
1531 1791 1700 1846 super
1748 1774 1817 1830 iis
1849 1775 1997 1830 enim
2042 1784 2189 1831 stare

602 1879 758 1927 erant
802 1870 972 1935 soliti,
1018 1870 1173 1940 juxta
1220 1869 1398 1924 illud:
1436 1886 1455 1921 ι
1486 1869 1840 1924 Constituisti
1897 1884 2063 1941 super
2097 1885 2192 1939 pe-

2371 1235 2746 1303 Παραλαϐὼν
2767 1235 2887 1291 ἀπὸ
2924 1235 3031 1291 τοῦ
3060 1236 3216 1291 λαοῦ
3240 1235 3473 1291 δώδεκα
3510 1238 3745 1309 ἄνδρας.
3780 1244 3853 1309 Et;

2297 1324 2471 1379 τύπον
2517 1326 2626 1379 τῶν
2678 1324 2746 1397 ιβ’
2807 1327 3103 1397 μαθητῶν’
3150 1330 3198 1382 οί
3231 1329 3288 1382 δὲ
3329 1330 3397 1399 ιβ’
3425 1330 3586 1395 λίθοι,
3626 1333 3713 1387 τοῦ
3758 1338 3853 1401 ἑνὶις

2298 1416 2701 1487 ἀκρογωνιαίου
2729 1419 2824 1472 καὶ
2854 1418 3117 1473 ὲκλεκτοῦ
3142 1421 3238 1474 καὶ
3258 1421 3485 1491 ἐντίμου
3512 1422 3609 1475 τοῦ
3636 1424 3851 1492 τεθέντος

2297 1508 2359 1562 ὲν
2378 1508 2457 1578 τῷ
2486 1508 2725 1579 θεμελίῳ
2757 1511 2857 1580 τῆς
2885 1510 3045 1565 Σιών.
3071 1512 3176 1565 Τὸν
3199 1512 3365 1567 αὐτὸν
3386 1515 3498 1586 γὰρ
3524 1515 3719 1579 πάντες
3744 1518 3850 1589 ἐκή-

2298 1617 2496 1673 ρυττον
2510 1602 2750 1673 Χριστὸν
2766 1604 2862 1657 καὶ
2884 1603 3050 1657 αὐτὸν
3076 1604 3377 1668 ἐϐάσταζον
3412 1607 3503 1659 ἐπ’
3528 1606 3852 1680 ὥμων.Λαμ-

2297 1692 2553 1747 ϐάνονται
2574 1694 2634 1747 δὲ
2658 1694 2769 1748 άπὸ
2798 1697 2899 1767 τῆς
2925 1698 3169 1761 στάσεως
3197 1698 3309 1751 τῶν
3326 1698 3506 1752 ποδῶν
3531 1700 3643 1752 τῶν
3664 1702 3851 1773 ἱερέων.

2298 1781 2419 1835 Ἐπ’
2435 1782 2618 1836 αὐτῶν
2638 1784 2747 1854 γὰρ
2765 1780 3186 1856 ἧσανξὲστῶτες,
3203 1788 3345 1841 κατὰ
3362 1788 3445 1852 τὸ,
3467 1809 3488 1842 ι
3503 1790 3767 1861 Ἔστησας
3781 1796 3855 1847 ἐπὶ

2299 1874 2508 1945 πέτραν
2538 1874 2665 1937 τοὺς
2699 1877 2870 1940 πόδας
2897 1894 3022 1948 μου.
3062 1895 3082 1931 ι
3120 1879 3327 1933 Τοῦτον
3364 1881 3617 1951 βούλεται
3646 1884 3854 1939 τίθεσθαι

605 1976 747 2019 tram
792 1964 960 2034 pedes
993 1977 1144 2018 meos
1168 1963 1234 2017 ⁶².
1268 1982 1287 2014 ι
1323 1961 1490 2018 Istam
1525 1978 1743 2032 quoque
1790 1962 1843 2016 in
1881 1971 2064 2017 castra
2097 1976 2186 2017 sua

2301 1966 2382 2030 είς
2406 1934 2511 2031 τὰς
2538 1934 3046 2043 στρατοπεδαρχίας
3068 1972 3275 2037 αὐτῶν,
3300 1934 3436 2028 ὅπου
3458 1973 3528 2028 ἂν
3550 1976 3857 2045 παρέϐαλλεν

601 2056 726 2124 poni
769 2054 907 2119 vult,
937 2051 1257 2122 ubicunque
1282 2067 1344 2108 ea
1377 2053 1728 2108 metabantur
1754 2062 1942 2116 noctu,
1970 2068 2082 2123 quo
2125 2053 2195 2109 ab

622 2161 721 2216 pso
763 2145 982 2215 quidem
1065 2144 1324 2200 illustrari
1366 2144 1596 2199 dicant:
1638 2163 1656 2196 ι
1690 2142 1959 2210 Quoniam
2006 2152 2064 2198 tu
2102 2158 2197 2199 ac-

598 2236 789 2292 cendis
824 2236 1107 2289 lucernam
1154 2250 1354 2302 meam,
1395 2234 1626 2291 Domine
1646 2236 1714 2289 “.
1753 2254 1771 2288 ι
1811 2234 2025 2290 Servati
2065 2233 2195 2289 item

602 2328 878 2382 fateantur
908 2345 921 2381 :
951 2346 968 2378 ι
994 2326 1098 2392 Τυ,
1126 2325 1378 2392 Domine,
1408 2326 1676 2397 refugium
1702 2342 1881 2382 meum
1904 2340 1965 2381 es
1997 2327 2049 2380 in
2078 2340 2198 2382 om-

598 2419 763 2473 nibus
804 2418 1192 2473 afﬂictionibus
1253 2433 1377 2487 qua:
1443 2433 1528 2473 me
1596 2417 2125 2488 complectuntur“.
2172 2437 2192 2472 ι

597 2510 799 2578 inquit,
834 2509 1079 2563 mirifica
1126 2507 1471 2577 trajectionis
1518 2508 1683 2577 hujus
1722 2506 1893 2563 Porro
1951 2516 2195 2578 oportet,

597 2609 953 2657 monumenta
996 2598 1308 2669 relinquere
1339 2600 1511 2655 libris.

663 2694 773 2748 Alii
804 2706 938 2748 vero
973 2691 1268 2747 duodecim
1296 2691 1453 2763 juxta
1488 2692 1666 2762 ipsum
1716 2692 2066 2748 transitionis
2105 2692 2180 2747 lo-

594 2799 719 2840 cum
747 2785 1115 2850 collocantur,
1137 2794 1465 2855 argumento
1501 2784 1622 2840 fidei
1653 2799 1845 2840 eorum
1877 2786 1973 2856 qui
2008 2796 2190 2841 trans.

594 2878 778 2932 ierunt
829 2877 1138 2941 firmitatis,
1201 2876 1355 2946 juxta
1421 2876 1745 2947 Apostolum
1813 2879 1908 2947 qui
1964 2877 2191 2947 inquit:

597 2987 616 3019 ι
648 2967 845 3023 Omnia
877 2982 1107 3038 possum
1151 2966 1205 3021 in
1242 2983 1329 3022 me
1354 2968 1718 3021 confirmante
1742 2966 1964 3022 Christo
1992 2969 2058 3020 “.
2096 2986 2115 3019 ι

664 3059 978 3115 Sacerdotes
1014 3076 1137 3114 vero
1165 3060 1397 3124 ferentes
1422 3076 1610 3113 arcam
1650 3062 1703 3113 in
1739 3059 1910 3115 medio
1934 3062 2191 3115 consiste-

592 3153 719 3207 bant
744 3150 1007 3207 Iordane.
1042 3152 1186 3225 [10.]
1222 3152 1483 3208 Ostendit
1522 3151 1666 3222 quod
1693 3151 1787 3221 qui
1842 3153 2055 3216 volunt,
2098 3166 2190 3205 sa-

2299 2058 2358 2112 ὲν
2397 2060 2591 2112 νυκτί⁶
2627 2061 2715 2114 ἵνα
2754 2061 2846 2115 ὑπ’
2879 2062 3047 2116 αὑτοῦ
3077 2066 3443 2134 φωτιζόμενοι
3486 2069 3609 2137 μὲν,
3640 2067 3850 2136 λέγοιεν·

2306 2152 2466 2204 «Ὅτι
2498 2154 2562 2204 σὺ
2586 2155 2809 2221 φωτιεῖς
2841 2152 3036 2223 λύχνον
3065 2172 3192 2225 μου,
3220 2155 3423 2226 Κύριε’
3446 2175 3463 2207 ι
3491 2156 3852 2226 φυλαττόμενοι

2298 2241 2377 2306 δὲ,
2414 2260 2433 2294 ι
2481 2241 2553 2294 Σύ
2594 2258 2696 2312 μου
2737 2238 2789 2296 εἴ
2830 2244 3123 2315 καταφυγὴ
3167 2246 3277 2299 ἀπὸ
3307 2245 3543 2314 θλίψεως
3585 2249 3684 2315 τῆς
3720 2264 3851 2316 περι-

2298 2336 2536 2407 εχούσης
2569 2353 2660 2407 με.
2689 2354 2707 2386 ι
2742 2340 2834 2389 Δεῖ
2865 2337 2943 2401 δὲ,
2976 2340 3136 2406 φασὶ,
3167 2338 3265 2392 καὶ
3298 2339 3398 2409 τῆς
3428 2338 3737 2409 παραδόξου
3756 2339 3850 2391 διαο

2298 2426 2516 2491 ϐάσεως
2544 2427 2847 2498 ὑπόμνημα
2882 2428 3206 2483 καταλιπεῖν
3241 2430 3440 2494 αὐτοὺς
3462 2432 3581 2493 τοῖς
3618 2431 3765 2493 υίοϊς.

2373 2693 2559 2747 Ἀλλοι
2607 2694 2663 2747 δὲ
2711 2693 2951 2748 τίθενται
2987 2694 3054 2765 ιβ’
3106 2695 3259 2767 παρά
3314 2695 3413 2767 τὴν
3450 2696 3727 2760 διάϐασιν,
3768 2695 3848 2765 τὴν

2296 2786 2534 2856 στερρὰν
2559 2785 2744 2839 πίστιν
2763 2786 2873 2839 τῶν
2891 2786 3301 2857 διαϐεϐηκότων
3325 2789 3709 2858 σημαίνοντες,
3731 2790 3847 2839 κατὰ

2293 2874 2387 2927 τὸν
2430 2875 2780 2941 Ἀπόστολον,
2815 2877 3083 2946 λέγονταο
3120 2898 3139 2931 ι
3173 2880 3361 2934 Πάντα
3400 2880 3576 2951 ἰσχύω
3607 2880 3666 2933 ὲν
3687 2878 3757 2949 τῷ
3778 2880 3847 2932 ἐν·

2290 2963 2621 3036 δυναμοῠντί
2658 2985 2726 3037 με
2758 2968 3002 3039 Χριστῷ.
3029 2987 3049 3020 ι

2365 3059 2774 3128 Ειστήκεισαν
2805 3062 2876 3116 δὲ
2920 3066 2976 3117 οι
3022 3062 3199 3131 ἱερεῖς
3230 3065 3285 3116 oi
3332 3063 3608 3133 αἵροντες
3634 3060 3742 3129 τὴν
3777 3079 3845 3114 κι-

2293 3149 2485 3203 ϐωτὸν
2510 3150 2620 3219 τῆς
2645 3152 2939 3221 διαθήκης
2959 3154 3031 3207 ἐν
3055 3150 3135 3222 τῷ
3165 3152 3445 3222 Ἰορδάνῃ.
3469 3154 3764 3214 Δεῐκνυσιν,
3784 3153 3844 3215 ὡς

591 3245 873 3301 cerdotum
934 3259 1105 3315 opera
1170 3254 1493 3307 transeunt,
1543 3241 1782 3313 etquod
1834 3251 1966 3296 tunc
2014 3256 2186 3298 sacra:

2291 3239 2382 3293 διὰ
2408 3240 2519 3293 τῶν
2551 3242 2744 3312 ἱερέων
2789 3244 3161 3298 διαϐαίνουσιν
3190 3245 3241 3297 oi
3292 3244 3633 3314 βουλόμενοι.
3670 3245 3757 3296 καί
3787 3242 3847 3304 ὡς

591 3338 899 3410 disciplina:
936 3348 1155 3409 tempus
1196 3349 1300 3393 est.
1338 3335 1747 3392 Denuntiarunt
1778 3336 1928 3391 enim
1959 3335 2183 3405 populo,

592 3433 793 3501 inquit,
854 3431 1005 3501 quod
1066 3431 1378 3485 transiture
1425 3430 1713 3483 alacritate
1751 3444 1892 3498 opus
1939 3438 2045 3483 est.
2097 3429 2189 3482 Ait

591 3524 777 3578 enim:
810 3540 829 3574 ι
857 3523 926 3577 Et
957 3521 1244 3577 festinavit
1275 3520 1536 3591 populus,
1567 3537 1588 3572 ›
1616 3519 1779 3590 quale
1802 3519 1906 3573 hoc
1932 3534 2183 3589 quoque:

598 3634 617 3667 ι
646 3612 711 3669 Et
764 3628 997 3685 propere
1050 3613 1195 3668 edite
1238 3613 1444 3683 pascha
1491 3613 1557 3667 “.
1596 3632 1614 3665 ι
1661 3612 1992 3668 Exsecratus
2036 3614 2183 3669 enim

591 3706 910 3777 quicunque
938 3720 1081 3775 opus
1117 3703 1336 3759 Domini
1380 3704 1627 3774 segniter
1661 3704 1878 3774 peragit
1900 3705 1967 3758 °'.

667 3797 736 3851 Et
772 3798 977 3865 lapides
1005 3813 1189 3850 coram
1223 3797 1321 3863 eis,
1343 3805 1450 3851 etc.
1488 3794 1627 3867 [IL]
1658 3794 2014 3859 Sacerdotes,
2050 3794 2181 3849 reli-

591 3892 685 3959 qui
729 3888 1093 3943 reddiderunt
1148 3889 1518 3956 interpretes,
1554 3885 1767 3955 lapides
1806 3885 1954 3939 enim
2002 3882 2180 3938 sancti

589 3996 812 4050 quoque
870 3989 1161 4034 vocantur.
1201 3995 1220 4028 ι
1252 3977 1489 4048 Lapides
1521 3980 1668 4032 enim
1720 3977 1922 4043 sancti,
1977 3977 2177 4046 inquit.

592 4090 757 4143 super
794 4083 940 4128 terra
984 4073 1307 4126 volutantur
1342 4071 1408 4125 ⁸⁸.
1457 4089 1476 4122 ι
1534 4068 1731 4125 Petrus
1766 4069 1894 4123 item
1960 4069 2176 4139 inquit:

597 4166 749 4218 «Ceu
801 4164 908 4217 vivi
945 4162 1157 4232 lapides
1218 4162 1273 4214 in
1322 4161 1549 4214 domum
1604 4159 1947 4230 spiritualem
1995 4160 2177 4215 coale-

588 4255 746 4316 scite,
785 4255 839 4308 in
884 4252 1282 4316 sacerdotium,
1313 4262 1373 4305 ut
1406 4252 1663 4306 victimas
1696 4250 2014 4321 spirituales
2043 4251 2178 4307 οπε-

589 4347 729 4398 ratis
756 4344 821 4399 ".
850 4361 868 4393 ι
902 4340 1066 4411 Lapis
1087 4341 1216 4395 item
1250 4341 1451 4394 unicus
1491 4355 1590 4410 per
1620 4339 1721 4395 hos
1741 4339 2043 4409 significari
2076 4357 2177 4412 po-

586 4444 714 4501 test,
744 4435 839 4505 qui
902 4435 971 4489 ab
1021 4432 1338 4488 hominibus
1391 4433 1614 4503 quidem
1674 4432 2004 4502 reprobatus
2066 4442 2171 4489 est.

587 4530 742 4600 Apud
777 4529 945 4582 Deum
978 4542 1108 4582 vero
1138 4528 1376 4581 selectos
1395 4534 1478 4580 est
1505 4540 1568 4579 ac
1591 4524 1883 4595 pretiosus.
1906 4525 1984 4580 Ad
2009 4525 2171 4597 cujus

583 4619 1001 4674 similitudinem
1027 4618 1203 4673 sancti
1230 4632 1452 4688 quoque
1483 4616 1748 4670 dicuntur
1775 4616 2008 4686 lapides.

656 4792 1029 4863 Quadraginta
1063 4792 1238 4849 millia
1261 4793 1330 4845 ad
1366 4791 1563 4847 bellum
1591 4791 1847 4860 expediti,
1878 4799 1986 4846 elc.
2026 4789 2165 4863 [15.]

585 4886 979 4951 Quatcrnarius
1018 4886 1354 4956 conjunctus
1380 4901 1506 4939 cum
1566 4887 1798 4947 unitate,
1823 4900 1946 4939 cum
1976 4893 2167 4940 cente-

583 4974 761 5036 nario,
805 4974 887 5027 vel
937 4975 1102 5029 etiam
1156 4975 1423 5042 ampliore
1478 4989 1712 5031 numero
1766 4974 1897 5029 mali
1955 4974 2163 5029 ominis

582 5080 849 5121 numerus
876 5068 933 5120 in
961 5065 1235 5134 scriptura
1267 5074 1372 5120 est.

655 5155 750 5210 Die
781 5156 880 5209 illa
908 5156 1117 5211 clarum
1143 5156 1267 5225 fecit
1304 5155 1567 5210 Dominus
1596 5153 1849 5222 Josuam,
1884 5163 1993 5211 etc.
2024 5153 2164 5228 [LL]

580 5248 798 5303 Clarum
862 5248 993 5303 fecit
1038 5249 1334 5305 virtutibus
1382 5263 1504 5320 quae
1556 5256 1771 5303 aetatem
1824 5248 2166 5319 spiritualem

2293 3335 2684 3407 μυσταγωγίας
2729 3336 3031 3405 τηνικαῦτα
3072 3336 3285 3407 καιρός.
3331 3334 3692 3406 Ἀνήγγειλαν
3736 3335 3843 3402 γὰρ.

2288 3427 2425 3495 φησι
2454 3426 2532 3496 τῷ
2558 3425 2701 3497 λαῷ·
2734 3425 2832 3479 καὶ
2860 3426 2937 3488 ὡς
2968 3426 3052 3479 δεῖ
3080 3424 3393 3497 προθυμίας
3411 3424 3492 3496 τῷ
3514 3423 3844 3478 διαϐαίνοντι·

2292 3516 2452 3586 φησὶ,
2482 3514 2614 3585 γὰρ,
2650 3534 2667 3567 ι
2697 3517 2809 3568 Καὶ
2861 3516 3129 3569 ἔσπευσεν
3182 3517 3211 3569 6
3261 3514 3389 3580 λαός
3411 3531 3424 3543 ·
3462 3533 3484 3567 ι
3541 3514 3620 3578 ὡς
3657 3516 3744 3567 καὶ
3777 3515 3843 3573 τὸ,

2291 3628 2310 3660 ι
2338 3608 2493 3662 Μετὰ
2524 3608 2768 3677 σπουδῆς
2807 3608 2995 3662 ἔδεσθε
3027 3609 3090 3661 τὸ
3130 3608 3342 3678 Πάσχα.
3374 3626 3394 3660 ι
3440 3608 3845 3679 Ἐπικατάρατος

2284 3700 2393 3770 γὰρ
2420 3699 2448 3749 6
2479 3698 2652 3753 ποιῶν
2674 3699 2735 3752 τὺ
2755 3698 2919 3771 ἔργον
2960 3700 3167 3770 Κυρίου
3198 3698 3442 3770 ἀμελῶς.

2353 3790 2463 3844 Kal
2535 3793 2591 3846 οι
2637 3792 2796 3846 ,λίθοι
2872 3793 3166 3861 πρότερον
3245 3792 3597 3862 ἔμπροσθεν
3650 3788 3839 3845 αὐτῶν.

2294 3883 2481 3954 Ἰερεῖς
2533 3886 2583 3937 οί
2643 3883 2822 3938 λοιποὶ
2883 3885 2992 3939 τῶν
3056 3886 3517 3955 ἑρμηνευσάντων
3570 3882 3831 3949 ἐξέδωκαν,

2280 3976 2436 4030 Λίθοι
2483 3974 2593 4046 γὰρ
2654 3976 2749 4030 καὶ
2804 3978 2855 4029 oi
2906 3976 3053 4045 ἅγιοι
3110 3976 3385 4045 λέγονται.
3442 3994 3462 4028 ι
3505 3976 3661 4031 Δίθοι
3713 3977 3837 4043 γὰρ.

2281 4068 2479 4139 φησὶν,
2521 4067 2668 4135 ἅγιοι
2719 4067 2994 4121 κυλίονται
3044 4069 3137 4121 ἐπὶ
3189 4069 3288 4138 τῆς
3324 4068 3451 4138 γῆς,
3482 4086 3503 4119 ι
3548 4066 3658 4122 Καὶ
3684 4067 3711 4119 ὁ
3751 4066 3838 4118 us;

2279 4177 2408 4231 τρος
2448 4159 2637 4229 φησὶν,
2678 4177 2696 4209 ι
2738 4158 2829 4222 Ὠς
2869 4158 3007 4213 λίθοι
3049 4159 3253 4223 ζῶντες
3286 4158 3727 4230 ἑποικοδομείσθε
3769 4159 3835 4218 εἰς

2278 4245 2432 4304 οἷκον
2485 4250 2897 4319 πνευματικὸν,
2976 4252 3057 4313 είς
3117 4250 3445 4321 ἱεράτευμα,
3497 4251 3597 4304 τοῦ
3644 4248 3834 4315 ἐνέγκαι

2278 4343 2661 4412 πνευματικὰς
2712 4340 2924 4405 θυσίας.
2963 4360 2983 4395 ι
3028 4342 3140 4398 Καὶ
3178 4343 3207 4396 6
3239 4336 3321 4406 εἷς
3353 4344 3410 4397 δὲ
3450 4341 3601 4405 λίθος
3637 4340 3834 4393 δύναται

2275 4433 2367 4487 διὰ
2426 4432 2635 4486 τούτων
2697 4433 3066 4503 σημαίνεσθαι
3132 4437 3160 4488 6
3235 4423 3693 4503 άποδοκιμασθεὶς
3752 4430 3833 4499 μὲν

2277 4524 2337 4590 ἐξ
2392 4522 2738 4592 ἀνθρώπων,
2791 4524 2943 4595 παρὰ
3009 4524 3067 4579 δὲ
3129 4524 3251 4596 Θεῷ
3305 4523 3583 4590 ἐκλεκτὸς,
3620 4522 3829 4589 ἔντιμος.

2200 4632 2246 4688 ι)
2275 4610 2350 4669 Οὗ
2406 4612 2533 4669 καθ’
2588 4614 2901 4686 ὁμοιότητα,
2938 4617 3038 4670 καὶ
3106 4616 3157 4669 oi
3226 4616 3412 4685 ἆγιοι,
3476 4614 3618 4668 λίθοι
3665 4612 3827 4679 λέγον-

2275 4723 2387 4761 ται.

2353 4798 2834 4867 Τετρακισμύριοι
2885 4797 3127 4857 εὔζωνοι
3169 4800 3258 4864 εις
3300 4797 3509 4866 μάχην
3538 4798 3821 4866 διέϐησαν.

2275 4887 2619 4957 Σημειωτέον
2652 4888 2765 4959 (54)
2798 4890 2881 4941 ὅτι
2931 4889 2965 4956 ἡ
3013 4890 3232 4959 τετρὰς,
3263 4890 3372 4940 εἴτε
3423 4889 3685 4958 μονάδων,
3733 4890 3821 4940 εἴτε

2272 4977 2671 5042 ἑκατοντάδων,
2719 4980 2832 5037 εἶτε
2890 4979 3083 5050 ἐτέρου
3139 4978 3389 5042 πλείονος
3440 4978 3707 5049 ἀριθμοῦ,
3748 4976 3824 5027 ἐπὶ

2270 5066 2574 5132 κακώσεως
2601 5071 2805 5123 κεῖται.

2356 5159 2456 5214 Ἑν
2505 5159 2711 5229 ἐκείνη
2761 5160 2835 5228 τῇ
2910 5162 3100 5230 ᾑμέρᾳ
3158 5164 3396 5231 ηὔξησε
3465 5167 3677 5235 Κύριος
3732 5162 3820 5217 τὸν

2284 5249 2547 5317 Ἰησοῦν.
2584 5250 2803 5322 Ηῠξησε
2838 5253 3046 5325 Κύριος
3074 5256 3167 5308 τὸν
3210 5256 3420 5328 Ἰησοῦν
3446 5258 3548 5329 τὴν
3579 5260 3688 5313 κατ’
3713 5258 3818 5325 ἁρε-

580 5343 817 5399 maxime
846 5343 1060 5400 decent.
1098 5342 1425 5400 Timuerunt
1457 5358 1585 5400 vero
1616 5340 1787 5395 filium
1818 5340 1967 5396 Nave
2014 5348 2162 5396 metu

2289 5340 2371 5410 :ijv
2393 5337 2624 5410 αὔξησιν
2646 5340 2746 5411 τὴν
2770 5340 2960 5412 ἡλικίᾳ
2981 5343 3303 5415 πρέπουσαν
3326 5351 3513 5419 νοητῇ.
3533 5345 3817 5417 Ἑςςοϐοῦντο

538 5545 542 5549 ⁴
650 5521 694 5551 ⁸⁸
731 5518 875 5574 Psal.
910 5533 1096 5580 xxxix,
1120 5517 1174 5571 2.
1246 5517 1290 5547 "
1326 5513 1473 5587 Psal.
1499 5511 1754 5587 xvii,_2§.
1839 5512 1884 5543 “
1920 5510 2061 5587 Psal.
2094 5526 2186 5565 xxx

2289 5512 2317 5565 '.
2385 5512 2430 5543 ⁸⁸
2467 5510 2705 5583 Philipp.
2738 5529 2810 5583 ιν,
2850 5515 2934 5571 13.
3004 5516 3048 5549 ⁸⁸
3084 5515 3252 5574 Exod.
3304 5534 3403 5587 xu,
3440 5520 3493 5574 fi

577 5604 767 5654 vam,
805 5589 893 5644 lO.
959 5589 1003 5620 ⁸⁸
1033 5587 1264 5641 Zachar.
1302 5600 1377 5649 ιχ,
1411 5584 1498 5639 16.
1566 5584 1609 5615 ⁶⁹
1635 5583 1652 5636 l
1682 5582 1827 5636 Petr.
1855 5596 1917 5645 η,
1950 5581 2002 5634 5.

3574 5520 3615 5551 "
3641 5516 3809 5573 Jerem.

2093 5697 2303 5753 ΝυΤΑΞ
2316 5739 2330 5755 .

649 5793 760 5865 (54)
791 5794 903 5849 Hoc
926 5794 1195 5851 schoiium
1242 5793 1297 5849 in
1322 5792 1527 5851 Catena
1574 5792 1847 5866 Lipsiensi
1892 5792 2115 5866 Origeni
2153 5793 2471 5849 ascribitur.
