4058 6558
303 417 445 483 1009
1407 417 1953 482 COMMENTARII
1995 419 2079 481 IN
2107 422 2370 484 JOSUE.
3439 410 3580 477 1010

293 534 353 586 es
383 535 478 587 τὸν
514 532 614 604 μὲν
639 532 734 587 τοῦ
790 533 971 605 Ναυῆ,
1001 533 1142 587 κατὰ
1189 531 1284 587 τὸν
1323 531 1487 602 φόϐον
1537 534 1628 586 τὸν
1664 532 1888 602 νομικὸν

1996 547 2108 601 quo
2145 534 2317 604 legem
2368 532 2787 597 consuevimus,
2822 528 3030 599 quique
3078 524 3253 581 servis
3294 524 3578 578 convenit.

296 628 397 683 καὶ
453 626 667 689 δούλοις
724 627 1108 697 προσήκονταο
1149 625 1241 678 τὸν
1302 625 1360 678 δὲ
1409 625 1679 696 ἡμέτερον
1730 626 1888 695 ἡμεῖς

1994 623 2256 681 Nostrum
2282 640 2413 679 vero
2440 626 2627 679 .lesum
2657 630 2853 678 sancto
2878 634 2983 677 nos
3012 619 3215 673 timore
3244 630 3310 671 ac
3344 617 3396 670 in
3420 623 3582 670 aeter-

308 721 548 791 Ίησοῦν,
576 721 669 773 τὸν
695 718 862 788 ἁγνὸν
894 718 1213 790 φοϐούμεθα
1236 718 1422 789 φόϐον,
1447 721 1546 773 καὶ
1564 714 1888 791 διαμένοντα

1994 732 2128 774 num
2160 725 2457 775 constante
2491 731 2733 772 reverem
2743 730 2831 768 lll‘.

289 814 380 879 cl;
416 814 595 868 αίῶνα
623 812 840 875 αίῶνος.

368 907 713 971 Διαΰάντων,
750 904 812 958 τὸ
865 903 1014 976 ὕδωρ
1042 900 1200 968 αὖθις
1234 904 1333 975 τὴν
1371 902 1495 959 ὁδὸν
1525 903 1626 975 τὴν
1655 902 1888 974 ἀρχαίαν

2062 893 2238 951 Porro
2271 909 2394 951 cum
2426 891 2910 964 pertransiissent,
2941 902 3085 958 aqua
3131 887 3185 942 in
3228 895 3469 941 veterem
3518 899 3577 940 se

290 999 551 1069 ἐφέρετο,
571 999 700 1069 ὅλην
729 996 837 1067 πλη
848 995 955 1068 ρῶν
982 995 1079 1068 τὴν
1102 996 1371 1068 κρηπῖδα,
1387 995 1463 1060 ὡς
1486 996 1516 1049 ὁ
1537 995 1659 1049 τότε
1687 994 1888 1066 ἀπῄτει

1993 988 2202 1059 recepit
2233 988 2475 1052 alveum,
2512 986 2802 1056 ripamque
2835 990 3006 1037 totam
3041 989 3101 1034 ut
3151 984 3453 1049 tempestas
3488 991 3576 1030 re.

295 1067 519 1159 καιρός.
550 1067 717 1153 Αὔξει
746 1067 857 1160 γὰρ
888 1087 983 1141 καὶ
1010 1067 1043 1140 6
1064 1067 1331 1159 μυστικὸς
1363 1087 1654 1159 Ἰορδάνης,
1681 1088 1771 1141 ὅτε
1798 1104 1888 1141 πο-

1992 1078 2271 1148 quirebat,
2314 1076 2582 1147 implevit.
2610 1072 2747 1128 Nam
2779 1072 3046 1143 mysticus
3068 1084 3290 1141 quoque
3308 1067 3577 1122 .lordanes

291 1184 394 1248 λύς
452 1186 571 1238 ἐστι
625 1183 733 1237 τῶν
776 1184 1143 1237 πιστευόντων
1185 1184 1214 1236 ὁ
1265 1183 1533 1254 ἀριθμὸς,
1597 1182 1744 1237 κατὰ
1796 1182 1888 1247 τὸ,

298 1295 318 1327 ι
345 1277 624 1347 Ἐπάρατε
641 1276 768 1339 τοὺς
785 1275 1101 1344 ὀφθαλμοὺς
1115 1275 1294 1346 ὑμῶν,
1308 1276 1400 1329 καὶ
1421 1272 1581 1338 ἴδετε,
1596 1275 1679 1328 ὅτι
1697 1275 1891 1329 λευκαὶ

292 1368 486 1421 λοιπόν
510 1370 651 1421 εἰσιν
688 1369 744 1421 αί
783 1367 963 1438 χῶραι
1006 1367 1144 1437 πρὸς
1187 1366 1470 1438 θερισμόν.
1503 1385 1522 1418 ι
1558 1366 1670 1421 Καὶ
1701 1366 1887 1432 πάλιν,

299 1477 316 1507 ι
358 1457 421 1512 ’0
452 1459 551 1520 μὲν
595 1460 855 1532 θερισμὸς
892 1458 1145 1524 πολὺς,οἱ
1166 1460 1223 1513 δὲ
1243 1460 1474 1530 ἐργάται
1503 1459 1700 1529 ὀλίγοι.
1732 1479 1752 1514 ι
1774 1459 1890 1530 Οὐχ

290 1550 487 1614 ἁπλῶς
525 1551 581 1604 δέ
602 1568 734 1620 φησι
765 1551 1049 1621 θερισμὸν,
1069 1549 1227 1612 ἀλλά,
1257 1549 1627 1621 πυρῶν,κατὰ
1655 1550 1783 1616 τοὺς
1809 1553 1887 1605 0’.

292 1643 481 1713 Ὅπερ
513 1643 788 1714 σύμϐολον
813 1643 1022 1715 τροφῆς
1057 1643 1305 1714 λογικῆς.

1992 1171 2292 1233 increscet,
2323 1166 2547 1239 quando
2577 1179 2847 1220 numerus
2872 1163 3113 1218 iidelium
3146 1162 3364 1231 amplus
3391 1159 3573 1214 fuerit.

1989 1259 2153 1317 Juxta
2202 1259 2382 1315 illud:
2425 1276 2445 1310 ι
2473 1256 2732 1311 Extollite
2791 1254 2986 1311 oculos
3028 1262 3246 1309 vestros
3299 1261 3352 1306 et
3397 1251 3577 1304 videte

1990 1362 2052 1410 ut
2083 1353 2313 1425 posthac
2339 1352 2594 1422 regiones
2630 1362 2865 1403 messem
2898 1361 3091 1402 versus
3120 1354 3425 1400 canescunt
3450 1344 3515 1395 ⁷ο.
3553 1362 3572 1393 ι

1991 1445 2120 1504 Item
2147 1464 2167 1504 °.
2198 1466 2219 1501 ι
2252 1445 2447 1502 Messis
2476 1442 2695 1514 quidem
2721 1442 2857 1498 uber
2888 1447 3009 1505 est,
3042 1438 3417 1509 cperariorum
3450 1452 3577 1491 vero

1989 1539 2151 1610 pauci
2187 1538 2410 1595 sunt".
2449 1556 2468 1591 ι
2504 1535 2624 1592 Νοιι
2656 1532 2982 1604 simpliciter
3018 1548 3150 1587 vero
3180 1545 3443 1593 messem,
3476 1530 3574 1595 ait,

1987 1646 2181 1687 verum
2212 1628 2378 1684 tritici
2434 1643 2671 1684 messem
2721 1624 3187 1698 quemadmodum
3220 1621 3575 1691 Septuaginta

1987 1721 2194 1777 habent
2232 1721 2299 1774 τ’.
2335 1717 2493 1786 Quod
2526 1718 2746 1788 signum
2777 1730 2876 1771 seu
2905 1723 3033 1769 nota
3062 1713 3241 1766 victus
3273 1708 3575 1779 spiritualis

1988 1822 2097 1868 est.

361 1904 679 1977 Διαπερῶσι
704 1903 797 1957 τὸν
833 1901 1113 1977 Ἰορδάνην
1137 1904 1204 1977 τῇ
1235 1903 1440 1975 δεκάτῃ
1466 1901 1560 1958 τοῦ
1594 1905 1767 1977 μηνὸς
1790 1905 1886 1960 τοῦ

2056 1901 2358 1959 Iordanem
2394 1915 2527 1956 vero
2550 1897 2762 1955 decima
2784 1897 2875 1954 die
2902 1896 3110 1952 mensis
3134 1895 3294 1966 primi
3330 1895 3382 1948 in
3411 1908 3571 1963 quem

286 1996 541 2065 πρώτου,
584 1999 642 2050 ὲν
672 1990 716 2065 ᾧ
745 1998 839 2051 καὶ
875 1996 936 2051 τὸ
971 1998 1188 2069 Πάσχα,
1216 1999 1313 2054 καὶ
1347 2001 1379 2072 ή
1423 1998 1635 2071 μεγάλη
1667 1999 1776 2054 τῶν
1798 2002 1888 2056 Αί-

286 2088 545 2157 γυπτίων
578 2090 789 2161 πληγή.

362 2180 581 2251 Ἰστησι
619 2184 747 2245 τοὺς
800 2181 867 2252 ιβ’
914 2181 1096 2246 λίθους
1139 2184 1235 2236 καὶ
1286 2185 1369 2247 είς
1408 2184 1725 2257 ὑπόμνησιν
1772 2182 1887 2249 τοῖς

288 2270 457 2336 υίοίε,
493 2274 589 2325 καὶ
613 2274 693 2336 είς
718 2272 984 2344 ἔκπληξιν
1011 2274 1124 2337 τοῖς
1152 2273 1352 2339 ἔθνεσι,
1388 2275 1486 2328 καὶ
1510 2276 1610 2347 τὴν
1649 2278 1727 2340 ὠς
1762 2277 1885 2342 ἐνὸς

286 2361 450 2426 δντος
486 2362 582 2416 τοῦ
618 2363 757 2416 Θεοῦ
790 2362 1143 2418 διδασκαλίαν
1166 2381 1182 2396 ο
1213 2367 1274 2419 ού
1308 2366 1417 2438 γὰρ
1454 2367 1592 2439 πρὸς
1623 2368 1887 2435 ἐπίδειξιν

286 2454 389 2507 τοῦ
422 2454 580 2519 Θεοῦ,
616 2455 755 2527 πρὸς
781 2456 841 2510 δὲ
875 2458 976 2529 τὴν
1010 2458 1120 2511 τῶν
1147 2457 1408 2530 ὁρώντων
1448 2461 1543 2515 καὶ
1576 2461 1887 2518 ἀκουόντων

288 2564 439 2613 σωτη
451 2548 591 2618 ρίαν.

360 2640 773 2713 Θρυλληθέντος
802 2643 897 2698 τοῦ
929 2643 1231 2714 θαύματος,
1273 2646 1557 2716 ἑτάκησαν
1599 2647 1806 2712 πάντες
1836 2647 1887 2702 οἱ

286 2734 360 2803 τῇ
388 2734 595 2805 παλαιᾷ
626 2734 921 2808 δυσσεϐεία
952 2739 1346 2809 πεποιωμένοι.
1377 2740 1490 2793 Καὶ
1518 2739 1638 2794 δέον
1684 2740 1886 2805 αὐτοὺς

286 2823 667 2895 ἀποθεμένους
694 2827 765 2882 τὰ
793 2827 956 2893 ὅπλα,
988 2828 1082 2882 τὸν
1108 2828 1244 2884 Θεὸν
1278 2830 1600 2900 ιπιγνῶναι,
1620 2831 1717 2884 καὶ
1748 2832 1888 2904 πρὸς

286 2919 519 2987 εἰρήνην
567 2918 729 2971 ίδεῖν’
766 2920 814 2973 oi
867 2920 926 2973 δὲ
973 2919 1141 2975 πάλιν
1171 2918 1313 2994 ἦσαν
1362 2922 1609 2994 θρασεῖς.
1645 2924 1795 2995 Πλὴν
1825 2923 1888 2978 τὸ

286 3010 445 3079 παρὰ
487 3010 768 3075 Μωῦσέως
800 3014 1183 3085 προφητευθὲν
1210 3017 1453 3085 πέφηνεν
1474 3016 1693 3087 ἀληθὲς,
1726 3017 1887 3072 Ἐτά-

283 3118 505 3171 κηταν,
554 3104 838 3174 λέγοντος,
912 3108 1117 3173 πάντες
1176 3111 1227 3164 οἱ
1282 3110 1676 3175 κατοικοῦντες
1756 3112 1873 3165 Χα-

1993 1994 2209 2051 Pascha
2240 1992 2466 2059 cecidit,
2496 2004 2804 2063 magnaque
2839 1988 3227 2061 AZgyptiorum
3262 1986 3569 2047 calamitas.

1993 2089 2299 2157 trajiciunt.
2593 2060 2612 2063 ἡ
2710 2136 2715 2140 .
2920 2060 2928 2061 7
2956 2060 2962 2061 ⁷
3644 2060 3653 2079 ε

2062 2181 2238 2252 Erigit
2263 2194 2433 2251 porro
2451 2178 2659 2249 lapides
2682 2175 2971 2233 duodecim
2996 2174 3195 2246 partim
3221 2178 3574 2227 monumento

1992 2274 2141 2340 ﬁliis,
2179 2276 2378 2343 partim
2441 2271 2638 2327 terrori
2696 2269 2971 2334 hostibus,
3022 2266 3219 2336 partim
3277 2272 3460 2317 autem
3506 2262 3574 2317 dc

1988 2381 2101 2422 uno
2136 2364 2249 2420 Deo
2296 2360 2642 2424 eruditioni;
2701 2375 2789 2415 res
2818 2359 2965 2413 enim
3014 2356 3216 2410 divinae
3251 2352 3415 2425 485
3466 2368 3573 2405 non

1987 2457 2372 2523 ostentationi,
2422 2468 2618 2510 verum
2656 2450 3000 2508 audientium
3032 2448 3443 2516 videntimnque
3485 2462 3574 2501 sa-

1989 2552 2087 2607 luti
2113 2551 2445 2608 inserviunt.

2061 2646 2197 2701 Cum
2227 2644 2395 2714 igitur
2427 2640 2756 2697 miraculum
2806 2636 3268 2709 percrebruisset,
3303 2638 3574 2703 quotquot

1990 2740 2047 2795 in
2088 2739 2395 2794 inveterata
2426 2735 2713 2807 impietate
2773 2742 2905 2788 sunt
2938 2729 3218 2802 oppressi,
3250 2728 3451 2781 animis
3482 2727 3573 2781 de-

1990 2831 2291 2886 ﬂuxerunt.
2325 2829 2478 2895 Quos
2510 2827 2682 2882 armis
2717 2823 2990 2896 depositis
3026 2822 3194 2877 Deum
3244 2836 3569 2891 agnoscere,

1991 2923 2224 2995 pacique
2255 2921 2503 2977 intentos
2545 2933 2670 2974 esse
2702 2924 2943 2987 oportet.
2989 2914 3156 2968 Porro
3188 2914 3279 2982 qui
3315 2912 3574 2966 audaciu-

1990 3032 2081 3072 res
2108 3021 2265 3071 erant
2306 3013 2670 3068 nihilominus
2702 3009 2905 3065 animis
2932 3006 3320 3068 conciderunt,
3355 3021 3573 3059 verum-

1988 3123 2099 3180 que
2127 3106 2273 3177 quod
2333 3120 2364 3159 a
2415 3103 2569 3160 Mose
2625 3102 2945 3173 praedictum
2978 3099 3210 3165 exstitit,
3248 3100 3340 3169 qui
3395 3098 3568 3152 dixit:

295 3197 522 3249 ναάν.»

1997 3218 2017 3253 ι
2048 3199 2257 3255 Omnes
2280 3196 2622 3252 habitatores
2642 3194 2904 3264 Chanaan
2928 3191 2995 3245 ⁷³.
3024 3209 3043 3244 ι
3074 3258 3075 3261 η

362 3329 470 3385 Fac
512 3330 608 3385 tibi
642 3332 846 3388 cultros
872 3349 937 3388 ea:
976 3345 1136 3389 acuto
1166 3335 1369 3405 lapide,
1411 3353 1475 3390 ac
1512 3338 1653 3408 e/ﬁce
1679 3336 1851 3392 denuo
1881 3350 1937 3393 ut
1969 3337 2072 3408 ﬁlii
2114 3334 2291 3391 Israel
2339 3331 2806 3388 circumciduntur
2860 3328 3115 3384 secundo.
3151 3327 3243 3399 iV,
3280 3328 3315 3381 τὶ
3351 3328 3363 3399 l
3403 3327 3571 3383 .losuc

284 3420 530 3489 lapideis
557 3421 911 3477 circumcidit
937 3426 1159 3482 cultris.
1188 3425 1357 3497 Lapis
1384 3442 1516 3481 vero
1561 3425 1820 3483 Christus
1848 3437 1990 3483 erat.
2022 3426 2114 3482 Bis
2140 3440 2272 3482 vero
2300 3422 2676 3486 circumcidit,
2719 3420 2963 3477 secunda
3013 3419 3356 3489 spiritualem
3393 3421 3571 3488 potio-

283 3522 518 3576 remque
544 3507 912 3577 signiﬁcante.
934 3509 1008 3565 De
1041 3529 1148 3581 qua
1182 3512 1387 3568 Paulus
1416 3528 1525 3568 non
1553 3530 1715 3568 manu
1740 3515 1938 3569 factam
1963 3529 2084 3570 esse
2106 3512 2311 3567 indicat
2334 3511 2380 3543 ⁷³
2400 3511 2451 3576 δι,
2477 3524 2597 3580 quae
2628 3517 2867 3562 veterem
2902 3515 3150 3562 nostrum
3185 3516 3445 3576 repurgat
3468 3505 3569 3560 ho-

284 3593 518 3648 minem.
548 3614 566 3645 ι
595 3593 706 3649 Nos
735 3594 837 3665 ipsi
860 3598 1004 3691 enim
1038 3600 1396 3655 circumcisio
1427 3617 1642 3670 sumus,
1678 3603 1876 3672 inquit,
1909 3610 2180 3672 quotquot
2210 3599 2407 3671 spiritu
2439 3599 2547 3653 Deo
2572 3599 2867 3660 servimus,
2901 3606 2955 3651 et
2989 3595 3056 3649 de
3089 3594 3284 3649 fiducia
3339 3593 3427 3648 Dei
3462 3610 3567 3648 non

284 3682 480 3736 carnis
510 3681 817 3753 gloriamur
845 3681 975 3738 "Ci
1021 3685 1381 3743 Peccatorum
1411 3704 1543 3744 vero
1579 3704 1677 3759 per
1713 3705 1935 3745 sacram
1968 3690 2288 3744 tinctionem
2331 3687 2735 3757 depositionem
2770 3684 3022 3739 denotat.
3047 3683 3255 3738 Paulus
3302 3682 3449 3737 enim
3484 3682 3571 3735 iu-

282 3769 408 3838 quit
444 3788 458 3823 :
496 3789 515 3821 ι
551 3768 684 3824 Dum
719 3772 957 3827 exuistis
990 3788 1195 3843 corpus
1223 3785 1582 3844 peccatorum
1616 3777 1925 3832 carnalium
1955 3790 2051 3848 per
2082 3776 2575 3832 circumcisionem
2614 3774 2824 3830 Christi
2850 3776 2917 3826 ⁷⁸.
2954 3791 2973 3825 ι
3008 3772 3082 3827 lis
3124 3770 3293 3841 igitur
3328 3772 3419 3838 qui
3451 3769 3573 3823 Jor—

282 3858 485 3913 danem
524 3861 870 3928 trajecerunt
909 3863 1226 3932 hujusmodi
1271 3866 1535 3921 convenit
1579 3867 1958 3922 circumcisio.
2010 3865 2363 3935 Quapropter
2394 3879 2520 3918 cum
2567 3862 2851 3934 generatio
2882 3861 3034 3932 prior
3086 3875 3193 3913 non
3238 3858 3569 3913 circumcisa

287 3948 413 4010 luit,
439 3948 660 4017 signum
695 3948 1040 4020 impuritatis
1070 3953 1257 4009 cordis
1290 3954 1466 4024 ipsius
1495 3956 1734 4023 exstitit,
1766 3956 1835 4010 de
1862 3970 1969 4026 qua
2015 3955 2195 4024 inquit
2233 3969 2247 4006 :
2293 3970 2312 4003 ι
2353 3952 2571 4007 Gallum
2604 3950 2793 4005 cordis
2828 3949 2995 4004 vestri
3035 3946 3422 4003 circumcidito
3444 3948 3510 3999 ”.
3550 3964 3567 3996 ι

280 4031 459 4088 Judaei
516 4036 645 4090 item
679 4036 1016 4093 admonendi
1066 4046 1217 4104 sunt,
1248 4041 1527 4109 quomodo
1560 4042 1869 4098 diderentia
1919 4059 2097 4114 pinnae
2137 4050 2356 4098 servata
2388 4054 2498 4095 non
2540 4039 2863 4094 circumcisi
2916 4038 2969 4092 iu
3004 4036 3227 4091 deserto
3259 4036 3568 4105 perierunt,

279 4122 611 4179 circumcisi
648 4138 779 4179 vero
810 4126 1014 4181 servati
1069 4135 1222 4185 sunt.
1280 4136 1335 4180 et
1385 4127 1480 4183 Dei
1521 4131 1944 4199 promissionem
1987 4138 2345 4202 acceperunt.
2397 4128 2673 4185 Caeterum
2719 4142 2940 4182 carnea:
2993 4124 3218 4196 quidem
3268 4123 3573 4178 circumci—

281 4210 461 4350 siplnis
492 4207 678 4267 Moses
712 4226 782 4267 ne
830 4212 889 4267 in
938 4214 1167 4285 proprio
1197 4213 1422 4285 quidem
1457 4216 1574 4271 lilio
1628 4219 1967 4275 mentionem
1999 4219 2156 4285 fecit,
2189 4233 2329 4273 uxor
2375 4218 2527 4275 enim
2557 4231 2689 4273 cum
2735 4215 2935 4287 angelo
2980 4220 3282 4285 conspecto
3329 4212 3572 4267 circum-

280 4298 332 4351 ci
379 4298 501 4351 it”.

317 4314 422 4350 ιιιιι
438 4314 448 4327 '
465 4314 501 4352 '.

307 4384 641 4482 "Hodierno
677 4388 767 4482 die
818 4390 1181 4482 ademi‘vobis
1225 4393 1453 4465 lEgypli
1488 4396 1768 4465 probrum.
1801 4408 1913 4453 etc.
1945 4396 2052 4470 [9.]
2087 4396 2284 4452 Prohri
2337 4395 2561 4451 nomine
2616 4394 2943 4450 servitutem
2996 4394 3196 4447 innuit.
3237 4390 3394 4445 Nunc
3422 4390 3569 4444 enim

283 4473 462 4572 “.l’c'e
497 4476 656 4531 vobis
691 4477 1049 4544 εῙΓευηπῒίάῖι
1088 4496 1197 4535 mm
1230 4483 1379 4536 sicut
1410 4484 1464 4537 in
1494 4483 1736 4555 Egypto
1764 4501 1890 4539 cum
1925 4494 2071 4541 metu
2105 4485 2290 4543 servili
2322 4484 2535 4540 licitum
2574 4493 2679 4538 est.
2714 4482 2757 4535 Α
2795 4482 3133 4536 circumacta
3171 4494 3304 4533 vero
3332 4480 3570 4531 circum-

276 4565 493 4618 cisione
546 4565 666 4619 loco
702 4566 894 4639 Galgal
928 4584 1128 4624 nomen
1167 4571 1579 4641 imposuerunt.
1616 4573 1841 4645 Galgala
1879 4576 2025 4629 enim
2058 4575 2319 4629 revolutio
2352 4583 2458 4628 est.
2506 4570 2603 4627 Est
2638 4582 2769 4625 vero
2798 4571 2957 4624 locus
2988 4569 3079 4621 ille
3109 4567 3314 4636 duplici
3350 4567 3570 4620 nomine

278 4653 538 4721 insignis,
573 4653 701 4709 hinc
732 4656 955 4726 quidem
990 4668 1217 4729 propter
1247 4657 1494 4728 Jericho,
1523 4677 1672 4717 nunc
1697 4673 1877 4718 autem
1909 4670 2136 4734 pr0pter
2164 4661 2455 4717 duodecim
2490 4658 2733 4728 lapides.

361 4760 637 4832 Ἐξήγαγε
668 4764 910 4834 Μωῦσῆς
939 4765 1030 4820 τὸν
1059 4766 1189 4821 λαὸν
1212 4767 1271 4833 ἐξ
1295 4770 1600 4841 Αίγύπτου,
1632 4772 1748 4827 ἀλλ’
1781 4772 1884 4826 οὐκ

2052 4771 2226 4825 Porro
2256 4768 2435 4824 Moses
2466 4768 2728 4838 populum
2760 4780 2824 4819 ex
2862 4762 3102 4834 Egypt”
3128 4762 3342 4816 eduxit.
3371 4763 3437 4815 At
3462 4776 3570 4813 non

273 4851 537 4919 ἤκουσεν,
567 4853 651 4907 ὅτι
699 4856 942 4927 σήμερον
980 4858 1209 4926 ἀφεῖλον
1237 4860 1329 4915 τὸν
1356 4861 1663 4935 ὀνειδισμὸν
1693 4863 1862 4933 Αίγύ-

1989 4859 2422 4926 iudivit,Hodie
2475 4857 2673 4915 abstuli
2740 4856 3000 4927 probrum
3056 4854 3276 4927 Egypti
3317 4872 3345 4908 a
3394 4858 3567 4912 vobis.

272 4958 411 4996 πτου
446 4945 540 5014 ἀφ’
582 4946 758 5014 ὑμῶν.
802 4947 1010 5019 Ἰησοῦς
1056 4950 1166 5022 γὰρ
1210 4954 1239 5006 ὁ
1291 4954 1722 5027 περικαθαίρων,
1762 4956 1862 5027 τῆς

1989 4954 2140 5011 Iosue
2184 4954 2331 5010 enim
2360 4954 2453 5023 qui
2501 4967 2595 5007 eos
2637 4949 3060 5007 circumcisione
3116 4951 3352 5019 lustrat,
3377 4952 3570 5021 dignos

274 5038 345 5103 ἀγ
359 5038 441 5099 ἀς
467 5038 572 5107 γῆς
603 5040 787 5107 ἀξίους
818 5043 1010 5098 ποιῶν.
1044 5046 1353 5115 Παράδοξον
1386 5048 1466 5113 δὲ,
1502 5049 1613 5102 είτε
1655 5049 1865 5119 Ἰησοῦς

1989 5058 2127 5103 ιρι-ιο
2174 5055 2370 5102 sancta
2403 5046 2588 5101 eilicit.
2646 5044 3030 5101 Admiratione
3076 5061 3207 5099 vero
3264 5061 3370 5099 non
3426 5046 3569 5099 indi-

270 5130 372 5193 τὰς
405 5131 684 5197 τοσαύτας
725 5132 974 5204 χιλιάδας
1021 5137 1080 5190 ὲν
1126 5141 1305 5210 τρισὶν
1350 5140 1587 5211 ἡμέραις
1621 5141 1868 5211 περιέτε-

1989 5154 2148 5212 gnum
2197 5148 2283 5195 est
2314 5153 2383 5194 an
2430 5145 2512 5193 tot
2552 5138 2728 5193 millia
2765 5138 3047 5193 hominum
3101 5138 3288 5192 triduo
3323 5138 3569 5192 Cll‘CUlII~

275 5239 402 5293 μεν,
436 5222 551 5277 εἴτε
608 5224 823 5279 πολλῶν
854 5229 1319 5298 περιτεμνόντων,
1351 5231 1428 5295 ὡς
1462 5232 1633 5297 εἰκὸς,
1678 5232 1767 5287 διὰ
1811 5232 1872 5285 τὸ

1989 5234 2179 5289 ciderit
2218 5231 2389 5289 Josue
2433 5232 2655 5300 unicus,
2717 5246 2859 5286 auve
2894 5231 3052 5286 multi
3079 5273 3092 5296 ,
3128 5240 3186 5283 ut
3243 5240 3328 5285 est
3377 5232 3571 5285 verisi-

275 5317 367 5369 καὶ
405 5317 791 5387 πληθυντικῶς
837 5321 1120 5393 μαχαίρας
1153 5323 1407 5394 εἰρῆσθαι
1460 5326 1746 5392 πετρίνας,
1778 5324 1868 5378 δυ-

1989 5324 2146 5391 mile,
2200 5340 2427 5395 operam
2482 5323 2911 5381 circumcidendi
2962 5322 3386 5391 conjunxeriut,
3445 5338 3567 5377 cum

273 5409 501 5479 νηθῆναι
529 5412 596 5481 τῇ
623 5412 787 5486 τρίτῃ
812 5414 1017 5487 ἡμέρᾳ,
1048 5414 1080 5486 ἢ
1117 5414 1249 5483 γοῦν
1278 5416 1345 5486 τῇ
1394 5417 1512 5485 μετ’
1538 5416 1712 5487 αὐτὴν
1737 5418 1861 5469 ἐπι.

1989 5431 2214 5471 numero
2264 5417 2535 5487 ampliore
2602 5417 2671 5472 de
2718 5415 2919 5471 cultris
2979 5414 3163 5471 saxeis
3221 5414 3428 5468 dictum
3477 5416 3547 5470 sit

271 5478 490 5554 τελέσαι
514 5478 983 5575 το-Πάσχοιίτότε-
1005 5478 1253 5577 Ὗμάλιστα
1292 5478 1407 5578 si;
1424 5506 1618 5577 ὀδύνης
1653 5478 1861 5561 ἐπιτει-

1989 5512 2124 5564 inve
2158 5508 2246 5565 die
2281 5518 2480 5580 quarto
2510 5509 2731 5565 demum
2763 5505 2982 5564 Pascha
3032 5515 3149 5561 tum
3187 5508 3425 5562 maxime
3461 5478 3569 5563 do:

272 5593 531 5662 νομένης,
576 5595 653 5658 ὡς
684 5596 779 5649 ἐπὶ
811 5597 921 5652 τῶν
965 5598 1276 5668 Σιχεμιτῶν
1324 5598 1526 5670 ἔφησεν
1567 5600 1600 5669 ἡ
1641 5600 1860 5670 Γραφή.

1995 5617 2093 5657 ore
2146 5603 2589 5673 ingravescente,
2617 5598 3082 5672 quemadmodum
3131 5598 3199 5655 de
3246 5598 3569 5657 Sichemitis

285 5685 583 5756 Ἑκάτερον
638 5686 747 5758 ἀρα
788 5691 887 5758 τῆς
937 5689 1259 5759 συνεργείας
1291 5691 1388 5761 τῆς
1413 5691 1746 5762 κρείττονος,
1776 5691 1873 5744 τοῦ

1989 5692 2275 5765 Scriptura
2310 5696 2408 5761 ait,
2459 5694 2796 5751 celebrat-int
2827 5693 2895 5750 ⁷³.
2946 5692 3075 5749 Sive
3127 5693 3296 5765 igitur
3346 5710 3566 5763 operam

334 5825 381 5856 "
404 5823 674 5894 Joan.rlv,
700 5826 786 5881 '55.
862 5827 907 5857 ἰ
932 5824 1121 5882 Matth.
1154 5844 1228 5890 Ix.
1265 5828 1353 5883 '55.
1434 5831 1478 5861 "
1505 5829 1673 5885 Josue
1707 5848 1787 5894 ιιι,
1824 5831 1910 5885 15.

241 5888 247 5893 ν
334 5830 381 5856 ⁷⁹
404 5830 569 5880 Joan.
600 5841 674 5888 Iv,
700 5830 786 5881 55.
862 5830 907 5857 "
932 5830 1121 5882 Matth.
1154 5844 1228 5890 Ix.
1265 5830 1353 5883 '55.
1434 5831 1478 5861 "
1505 5830 1673 5885 Josue
1707 5848 1787 5894 ιιι,
1824 5831 1888 5885 15

278 5912 331 5966 n,
366 5896 422 5952 3.
494 5893 775 5954 "Coloss.
806 5911 867 5963 ιι,
898 5897 983 5953 15.
1076 5898 1122 5931 ⁷⁸
1151 5898 1267 5955 Juel
1305 5917 1361 5966 ιι,
1405 5901 1491 5955 l3.
1603 5903 1647 5933 ⁷⁷
1677 5900 1851 5957 Exod.
1882 5918 1888 5956 ι

2012 5831 2057 5862 ⁷³
2089 5830 2261 5885 Exod.
2296 5848 2387 5898 xv,
2415 5833 2503 5888 15.
2611 5833 2675 5865 ⁷³⁶
2704 5832 2918 5890 Coloss.
2955 5850 3013 5901 ιι,
3052 5834 3140 5889 Η.

2154 5903 2197 5936 ⁷⁸
2230 5902 2367 5959 Gen.
2396 5920 2583 5966 χχχιιι,
2616 5904 2641 5962 1
2678 5918 2833 5966 scim.

1608 5846 1673 5883 ue
1707 5848 1787 5894 ιιι,
1824 5835 1888 5885 15

1603 5903 1647 5933 1T
1680 5900 1827 5933 ιε’νιιιι
1885 5918 1888 5933 l

1989 5835 2057 5933 ἐξ
2089 5835 2270 5933 Exgdl.‘
2296 5848 2387 5898 xv,
2415 5835 2503 5888 15.
2611 5835 2918 5933 1³1³601055.
2955 5850 3013 5901 ιι,
3052 5835 3140 5889 Η.
3239 5835 3281 5868 7"
3317 5835 3555 5906 Philipp.

1677 5900 1851 5957 Exod.
1882 5918 1957 5964 ιν,
2154 5903 2197 5936 ⁷⁸
2230 5902 2367 5959 Gen.
2396 5920 2583 5971 χχχιιι,
2616 5904 2641 5962 1
2678 5918 2833 5976 seqq.
