3870 6506
528 382 662 449 1011

1772 404 1773 407 “
1832 395 2188 457 PROCOPII
2234 394 2479 457 GAZ/EI

3644 394 3766 461 1012

526 500 945 569 coniunxerint,
1004 503 1120 560 sive
1149 515 1369 578 tempus
1422 506 1775 579 prorogarint
1817 515 2105 578 utrumque

2226 507 2389 576 ἐγγὺς
2413 505 2679 561 ἀδυνάτου
2716 502 2851 575 πρὸς
2883 503 2947 558 τὸ
2970 501 3063 557 τοῦ
3088 502 3470 576 βαπτίσματος
3500 512 3771 579 μυστήρισν

526 591 593 645 ad
631 593 885 664 baptismi
916 600 1236 669 mysterium
1274 617 1376 656 nos
1406 600 1655 657 deducit.

601 681 954 740 Comederunt
996 705 1204 759 quoque
1243 691 1307 745 de
1351 692 1620 761 frumento
1648 691 1941 758 superioris
1981 691 2110 745 anni

526 772 687 842 hujus
724 786 899 844 terra},
919 778 1073 849 idque
1101 783 1358 850 postridie
1402 783 1999 851 Paschatis,placentas
2027 784 2110 837 in-

531 867 893 937 (ermentatas,
925 882 973 926 et
1001 875 1177 943 spicas
1203 884 1503 939 novas,etc.
1532 874 1622 946 [V,
1643 874 1756 946 11.]
1785 873 1909 930 Post
1940 888 2111 928 sacra:

525 962 671 1014 enim
708 965 994 1021 tinctiouis
1031 969 1286 1038 ﬂguram,
1336 969 1586 1040 mysticae
1636 984 1859 1038 quoque
1908 983 2111 1023 mensae

498 1054 776 1108 \exhiberi
809 1066 926 1110 erat
961 1072 1209 1114 necesse.

596 1146 676 1200 Ac
734 1150 1204 1216 quemadmodum
1256 1152 1515 1208 Christus
1574 1167 1700 1208 cum
1741 1152 1946 1223 pascha
1995 1152 2110 1208 suis

526 1252 652 1291 cum
703 1238 995 1310 discipulis
1030 1245 1384 1313 comedisset,
1443 1246 1578 1317 legis
1607 1246 1831 1316 pascha,
1869 1260 2009 1299 nova
2045 1258 2109 1299 ac

527 1331 800 1400 Spirituali
834 1333 1056 1387 victima
1095 1336 1381 1391 exordium
1413 1337 1731 1408 aditumque
1763 1348 2108 1407 capescente,

526 1422 849 1491 abrogavit;
892 1424 966 1478 ita
1003 1426 1229 1495 quando
1262 1427 1514 1481 subactis
1547 1428 1759 1499 azymis
1791 1425 1938 1481 Nave
1966 1427 2112 1482 (ilius

526 1529 625 1568 ceu
666 1515 718 1568 in
756 1515 928 1585 ﬁgura
975 1520 1183 1586 pascha
1230 1520 1460 1589 agitavit
1503 1529 1661 1575 vetus
1692 1535 1906 1574 manna;
1951 1520 2112 1575 cibus

526 1616 654 1662 ante
692 1610 978 1666 Pasi-hatis
1009 1612 1156 1667 diem
1192 1622 1478 1681 postremo
1511 1622 1706 1684 captus
1744 1614 2003 1669 exolevit.

2215 601 2367 671 ἡμᾶς
2394 600 2788 667 ὲπανάγοντος.

2286 692 2397 748 Καί
2427 691 2655 760 ἔφαγον
2683 687 2802 743 ἀπὸ
2830 688 2937 742 τοῦ
2966 688 3145 742 σίτου
3190 688 3304 755 τῆς
3333 690 3450 757 τῆς
3484 690 3663 761 ἄζυμα
3692 697 3772 749 καὶ

2217 783 2345 839 νέα.
2368 782 2565 846 Καλῶς
2599 799 2662 851 γε
2700 784 2728 835 6
2752 781 2941 845 τύπος,
2974 781 3113 851 μετὰ
3144 782 3242 852 τὴν
3263 786 3321 835 ὲν
3340 785 3562 856 Χριστῷ
3580 803 3771 855 περπο.

2220 878 2350 949 μὴν,
2381 877 2479 931 καὶ
2517 876 2736 947 τὴνδιὰ
2769 875 2865 929 τοῦ
2903 876 3062 944 άγίου
3097 874 3474 945 βαπτίσματος
3510 876 3772 947 λύτρωσιν,

2214 969 2314 1042 τὴν
2344 968 2439 1022 τοῦ
2482 969 2673 1038 Πάσχα
2708 969 2843 1038 ἡμῖν
2898 968 3205 1035 εἰσηγεῖται
3256 967 3485 1037 τροφὴν,
3538 970 3634 1037 τὴν
3688 988 3774 1039 μυ.

2215 1062 2409 1131 στικὴν
2437 1061 2805 1124 αἰνιττόμενος
2856 1059 3131 1127 εὐλογίαν.
3162 1058 3235 1111 Τὸ
3274 1059 3385 1129 γάρ
3414 1061 3608 1129 Πάσχα
3639 1063 3773 1131 ἡμῶν

2214 1153 2358 1225 ὑπὲρ
2385 1152 2541 1224 ἡμῶν
2592 1152 2761 1224 ἐτύθη
2792 1152 3053 1222 Χριστός.

2291 1246 2504 1314 ’Ὠσπερ
2545 1246 2575 1298 6
2624 1244 2861 1315 Χριστὸς
2911 1246 3108 1300 ἐσθίων
3132 1247 3195 1300 τὺ
3246 1247 3440 1318 Πάσχα
3481 1246 3543 1299 τὸ
3578 1248 3777 1314 vagati-1

2218 1339 2357 1411 μετὰ
2390 1339 2499 1393 τῶν
2532 1338 2818 1408 μαθητῶν,
2850 1340 2943 1392 καὶ
2978 1339 3182 1409 μεταξὺ
3211 1339 3322 1409 (56)
3354 1338 3449 1391 τοῦ
3491 1341 3660 1408 ἄρτου
3697 1339 3778 1404 τῆς

2215 1416 2693 1503 εὐχαριστίαςκαὶ
2721 1432 2782 1484 τὸ
2812 1432 3079 1501 ποτήριον
3113 1432 3443 1503 εὐλογήσας,
3474 1432 3537 1483 τὸ
3574 1433 3781 1500 νομικὺδ

2215 1525 2409 1593 Πάσχα
2443 1523 2811 1587 κατέπαυσεν,
2845 1524 3019 1593 ἀρχὴν
3050 1525 3145 1577 καὶ
3199 1525 3436 1595 πάροδον
3467 1526 3572 1593 τῆς
3604 1526 3783 1592 καινῆς

2217 1617 2312 1669 καὶ⁸
2336 1616 2531 1684 νοερᾶς
2569 1614 2760 1678 θυσίας
2792 1613 3097 1684 λαϐούσης·
3129 1614 3273 1669 οὕτω
3316 1616 3412 1669 καὶ
3452 1618 3480 1669 6
3518 1616 3613 1668 τοῦ
3646 1616 3781 1684 Ναυῆ

526 1703 655 1762 παῖς
680 1700 755 1762 ὡς
785 1703 844 1755 ἐν
874 1703 1034 1773 τύπῳ
1063 1703 1228 1773 ἡνίκα
1253 1708 1367 1769 τοῖς
1398 1708 1461 1759 ὲκ
1487 1705 1583 1759 τοῦ
1616 1706 1738 1759 νέου
1761 1706 1909 1759 σίτου
1940 1702 2263 1774 φυραθεῖσιν
2285 1704 2518 1776 ἀζύμοις
2549 1705 2820 1777 πεποίηκε
2851 1706 2911 1758 τὸ
2939 1706 3155 1775 Πάσχα,
3188 1708 3222 1777 ἠ
3254 1706 3459 1760 παλαιά
3488 1705 3715 1777 βρῶσις,
3736 1709 3784 1759 τὸ

528 1791 722 1861 μάννα,
751 1794 1095 1868 ὑπεχώρησε,
1118 1798 1206 1851 καὶ
1223 1800 1280 1851 ὲν
1305 1798 1486 1869 ἐκείνῃ
1512 1800 1578 1869 τῇ
1596 1797 1781 1868 ἡμέρᾳ
1800 1797 2067 1861 ἐξέλιπεν.

609 1883 756 1938 Vidi!
784 1902 1096 1955 comparare
1137 1890 1239 1943 sibi
1268 1890 1528 1944 hominem
1563 1889 1716 1956 cujus
1743 1888 1955 1959 gladius
1994 1885 2105 1941 dis-

2279 1884 2458 1944 Εῖδεν
2510 1885 2826 1959 ἄνθρωπον
2892 1890 3196 1957 ἑστηκότα
3235 1891 3521 1944 ἐναντιον
3567 1892 3749 1946 αὑτοῦ
3766 1917 3781 1941 ο

528 1976 713 2031 trictus
784 1989 921 2042 erat,
964 1990 1073 2034 etc.
1129 1978 1270 2053 [13.]
1320 1982 1447 2037 Post
1500 1981 1661 2036 ﬁdem
1718 1981 1772 2035 in
1830 1979 2108 2034 Christum

528 2076 852 2138 conceptam
886 2079 1166 2126 certamen
1215 2089 1340 2128 cum
1392 2073 1645 2128 hostibus
1697 2072 1968 2142 reliquum
2001 2079 2108 2137 est,

526 2163 790 2227 quocirca
825 2164 994 2219 armis
1033 2165 1421 2234 spiritualibus
1475 2166 1809 2221 instructum
1854 2178 2000 2227 esse,
2026 2162 2110 2217 di-

525 2252 780 2319 vinisque
814 2252 1278 2322 promissionibus
1305 2252 1537 2308 firmiter
1560 2254 1721 2308 inniti
1753 2260 1836 2308 est
1859 2264 2105 2306 necesse.

525 2345 594 2397 At
616 2344 900 2412 probabile
933 2353 1052 2398 erat
1084 2342 1249 2401 Josue
1286 2346 1561 2401 hominem
1593 2360 1717 2400 esse
1751 2344 2111 2412 hostibusque

530 2434 874 2504 nndequavis
907 2437 1170 2498 stipatum
1207 2446 1352 2490 metu
1396 2436 1737 2491 labefactari.
1766 2434 2110 2504 Quapropter

526 2528 602 2580 illi
637 2526 845 2580 indicat
890 2526 1039 2583 Deus
1100 2542 1161 2583 se
1200 2527 1468 2583 invisibili
1516 2542 1615 2582 sua
1664 2528 1911 2597 potentia
1967 2526 2103 2596 ipsis

525 2635 900 2692 pr0pugnare,
936 2620 1128 2675 habitu
1181 2621 1328 2676 enim
1378 2619 1550 2676 armis
1590 2620 1847 2676 instructi
1883 2631 2107 2687 compa-

529 2714 657 2769 ruit.

594 2809 673 2861 lta
749 2807 883 2865 Mosi
935 2824 1161 2880 quoque
1217 2807 1281 2863 ad
1334 2806 1678 2862 Pharaonem
1753 2807 2107 2863 descendenti

527 2899 670 2956 visio
700 2901 1142 2955 conﬁrmationis
1171 2915 1339 2954 causa
1379 2907 1466 2955 est
1499 2898 1737 2969 objecta.
1767 2898 1847 2952 Ita
1901 2897 2109 2955 Jacobo

2214 1980 2311 2034 καὶ
2359 1981 2398 2047 ἠ
2436 1982 2704 2051 ῥομφαία
2746 1982 3107 2051 ἐσπασμένη
3154 1983 3226 2035 ὲν
3270 1981 3342 2050 τῇ
3382 1982 3537 2051 χειρὶ
3586 1984 3782 2036 αὐτοῦ.

2212 2071 2368 2126 Μετὰ
2419 2071 2517 2143 τὴν
2553 2075 2633 2135 είς
2692 2072 2929 2143 Χριστὸν
2978 2072 3161 2126 πίστιν
3203 2073 3392 2125 λοιπὸν
3436 2074 3464 2125 6
3498 2074 3641 2143 πρὸς
3674 2077 3782 2137 τοὺς

2212 2163 2508 2235 πολεμίους
2539 2166 2685 2218 ἐστὶν
2731 2163 2883 2231 ἀγὼν
2911 2166 3025 2224 τοῖς
3082 2163 3565 2234 καθωπλισμένοις
3609 2166 3780 2227 ὅπλοις

2211 2259 2624 2328 πνευματικοῖς,
2637 2257 2731 2310 καὶ
2747 2258 2867 2320 ταῖς
2892 2257 2985 2309 τοῦ
3013 2256 3150 2309 Θεοῦ
3199 2256 3599 2328 τεθαρῤηκὸσιν
3631 2260 3783 2325 ἑπαγ-

2211 2348 2442 2417 γελίαις.
2486 2348 2625 2400 ’Δλλ’
2658 2348 2808 2412 εἰκὸς
2842 2343 2913 2418 ἦν
2936 2346 3221 2419 ἄνθρωπον
3267 2347 3397 2400 ὅντα
3424 2347 3518 2399 τὸν
3570 2348 3777 2416 Ἰησοῦν,

2211 2440 2306 2492 καὶ
2338 2438 2679 2509 πανταχόθεν
2717 2438 3001 2510 πολεμίοις
3051 2437 3475 2509 κεκυκλωμένον
3522 2440 3663 2507 πρὸς
3691 2439 3780 2491 δει-

2211 2534 2333 2589 λίαν
2370 2534 2625 2587 ὀκλάσαι.
2655 2531 2958 2602 Τοιγαροῦν
2991 2532 3263 2585 δείκνυσιν
3318 2531 3468 2602 αὐτῷ
3525 2531 3679 2593 Θεὸς,
3716 2531 3777 2593 ὡς

2206 2628 2443 2698 ’ἀόρατος
2513 2626 2694 2679 αὐτῶν
2746 2626 3163 2696 ὑπερμαχήσειε
3220 2623 3473 2694 δύναμις.
3539 2623 3772 2677 Ὀπλίτω

2210 2720 2320 2790 γὰρ
2346 2719 2442 2772 καὶ
2473 2718 2570 2772 τοῦ
2603 2717 2867 2787 φανέντος
2894 2717 2953 2770 τὸ
2979 2716 3189 2787 σχῆμα.

2282 2812 2441 2864 Οὕτω
2510 2810 2609 2863 καὶ
2673 2811 2903 2864 Μωῦσεί
2951 2809 3089 2878 πρὸς
3146 2806 3347 2878 Φαραὼ
3412 2807 3775 2860 καταϐαίνοντι

2211 2904 2450 2958 ὀπτασία
2496 2902 2633 2971 πρὸς
2672 2901 2876 2970 θάρσος
2924 2900 3211 2968 ἐφαίνετο·
3257 2898 3403 2952 οὕτω
3449 2901 3547 2951 καὶ
3604 2897 3775 2952 Ἰακὼῦ

526 3008 651 3046 eum
691 2990 835 3046 Esau
879 2991 1286 3047 reformidaret.
1322 2989 1401 3045 Ita
1427 3007 1652 3062 quoque
1681 2992 1901 3046 servulo
1930 2990 2105 3046 Elisaai

2226 2997 2306 3050 ἐπὶ
2327 2995 2421 3048 τοῦ
2461 2993 2635 3049 Ἠσαῦ
2656 3008 2669 3023 ⁶
2693 2994 2837 3047 οὕτω
2865 2993 2960 3047 καὶ
2990 2992 3071 3063 τῷ
3094 2991 3367 3061 παιδαρίῳ
3398 2991 3492 3043 τοῦ
3527 2990 3776 3043 Ἐλισσαιὲ

526 3085 820 3139 multitudo
871 3100 1135 3139 curruum
1191 3092 1275 3140 est
1332 3095 1576 3140 ostensa.
1629 3083 1899 3140 Caaterum
1938 3082 2108 3139 Josue

525 3179 727 3234 dubius
756 3180 1013 3249 quamvis
1047 3180 1095 3233 ei
1146 3178 1306 3234 tidem
1352 3178 1568 3233 tribuit.
1620 3176 1736 3232 Non
1788 3179 1932 3232 enim
1980 3192 2107 3247 spe-

526 3282 702 3328 ctrum
734 3272 904 3345 486
950 3271 1052 3326 fuit
1086 3272 1195 3327 tale
1241 3271 1442 3341 quibus
1491 3271 1881 3327 dementantur
1936 3269 2103 3324 oculi.

526 3365 810 3420 Fiduciam
858 3379 985 3419 vero
1030 3363 1097 3419 de
1146 3378 1212 3418 eo
1270 3372 1530 3433 tanquam
1582 3363 1649 3417 de
1685 3362 1967 3425 familiari,
2017 3363 2107 3432 qui

526 3459 693 3513 modo
751 3456 1053 3511 advenerat
1090 3456 1383 3526 concepit,
1445 3454 1649 3523 alioqui
1702 3454 1849 3508 enim
1909 3469 2107 3508 nomen

528 3551 745 3606 Domini
771 3566 881 3605 non
910 3564 1183 3621 usurpare
1206 3563 1471 3605 ausurum
1502 3546 1941 3620 eegitavit.Cum
1966 3547 2107 3604 alius

526 3645 802 3715 quispiam
862 3645 1033 3709 dicat,
1079 3644 1357 3700 daemones
1407 3642 1545 3698 fumi
1581 3642 1757 3697 instar
1789 3641 2106 3713 diﬂ‘ugiunt.

527 3737 883 3808 Quapropter
916 3736 1007 3792 Dei
1038 3752 1260 3808 quoque
1304 3736 1529 3791 nomine
1572 3734 1951 3790 iuclinationis
2010 3735 2110 3790 ho-

527 3845 719 3886 norem
745 3830 964 3885 detulit.
995 3828 1117 3884 Non
1148 3828 1295 3885 enim
1329 3836 1643 3883 creaturam
1673 3828 1849 3882 sancti
1894 3828 2106 3883 colunt.

525 3924 707 3990 Quare
750 3939 851 3979 nec
896 3934 1116 3993 spectro
1142 3923 1247 3988 vel,
1296 3921 1550 3987 Domine,
1578 3922 1665 3976 vel
1710 3939 1729 3973 ι
1758 3920 1901 3988 Quid
1942 3923 2111 3992 impe-

528 4032 620 4072 ras
653 4015 858 4070 famulo
888 4024 1006 4080 tuo,
1047 4034 1066 4067 ι
1104 4015 1266 4070 dixit.

598 4107 882 4176 Tanquam
918 4114 1203 4176 promptus
1226 4122 1358 4162 vero
1382 4107 1449 4161 ad
1484 4107 1772 4177 imperium
1813 4120 2113 4175 capessen-

529 4200 655 4254 dum
687 4200 801 4254 haec
836 4200 1001 4253 verba
1025 4199 1253 4268 protulit
1304 4199 1460 4270 juxta
1496 4200 1644 4267 .illud
1680 4216 1697 4253 :
1728 4216 1746 4249 (
1790 4197 2110 4269 Promptum

527 4297 613 4344 est
639 4304 735 4343 cor
765 4303 971 4352 meum,
996 4304 1028 4343 o
1055 4287 1200 4346 Deus
1230 4289 1296 4347 ⁷³.
1325 4308 1343 4341 ι
1371 4289 1486 4345 Hoc
1524 4291 1672 4345 enim
1701 4290 1979 4361 ingenium
2015 4290 2108 4347 Dei

528 4381 909 4436 ministrorum
948 4388 1054 4436 est.

2218 3086 2424 3155 πλῆθος
2474 3085 2772 3155 ἁρμάτων
2830 3083 2966 3153 πρὸς
3023 3083 3088 3152 ἢν
3149 3081 3355 3152 Ἰησοῦς
3412 3080 3775 3150 άμφιδάλλωι,

2216 3177 2569 3240 πυνθάνεται,
2610 3176 2685 3247 μὴ
2738 3175 2847 3229 τῶν
2897 3174 2963 3227 δι’
2998 3174 3249 3237 ἐναντίας
3304 3172 3705 3243 φενακιζὸντων
3750 3174 3776 3240 ὴ

2216 3271 2335 3325 θέα.
2379 3269 2685 3342 Ἕθάρῤησε
2722 3268 2803 3332 δὲ,
2827 3268 2903 3331 ὡς
2968 3268 3095 3331 ίδιος
3131 3269 3159 3320 6
3217 3267 3428 3335 φανείς.
3482 3267 3560 3317 υύ
3599 3265 3701 3333 γάρ
3724 3266 3777 3317 Ξιν

2214 3362 2454 3433 τοῦνομα
2487 3361 2692 3432 Κυρίου
2725 3361 2919 3434 φέρειν
2955 3360 3254 3430 ἐτόλμησεν
3283 3360 3374 3411 ἐπὶ
3406 3360 3686 3426 στόματος.
3721 3360 3775 3409 ’0

2216 3457 2310 3509 καὶ
2342 3454 2501 3509 ἄλλου
2555 3454 2825 3523 λέγοντος,
2882 3454 2931 3507 οἱ
2961 3452 3219 3521 δαίμονες
3263 3451 3396 3504 ὡσεὶ
3435 3451 3637 3514 καπνὸς
3678 3450 3775 3501 δια-

2216 3546 2458 3603 λύονται.
2500 3547 2591 3601 Διὸ
2641 3548 2736 3601 καὶ
2777 3545 2857 3617 τῷ
2896 3544 3125 3617 ὀνόματι
3153 3541 3247 3598 τοῦ
3300 3541 3437 3596 Θεοῦ
3481 3544 3771 3613 προσήγαγε

2216 3642 2314 3713 τὴν
2348 3641 2746 3713 προσκύνησιν.
2776 3640 2852 3693 Οὐ
2881 3639 2991 3709 γάρ
3021 3641 3085 3710 τῇ
3115 3638 3294 3691 κτίσει
3347 3638 3694 3708 λατρεύουσιν
3730 3638 3770 3687 oi

2217 3736 2384 3805 ἅγιοι.
2410 3734 2486 3787 υὺ
2519 3735 2657 3803 πρὸς
2689 3732 2747 3786 τὸ
2781 3732 2948 3802 φανὲν
2977 3726 3093 3798 οὖν,
3126 3730 3247 3783 οὐδὲ
3270 3729 3351 3793 τδ,
3376 3732 3639 3795 Δέσποτα,
3668 3726 3769 3779 οὐδὲ

2216 3830 2298 3897 τὸ,
2347 3848 2365 3880 ι
2390 3827 2454 3880 Τί
2488 3826 2854 3898 προστάσσεις
2880 3826 2958 3897 τῷ
2984 3825 3173 3898 οἰκέτῃ
3196 3841 3288 3877 σου
3316 3839 3333 3889 ;
3360 3843 3379 3875 ι

2292 4120 2303 4136 ⁸
2332 4117 2590 4186 ’Ἐτοιμός
2642 4117 2760 4187 είμι
2808 4114 3127 4185 πειθαρχεῖν
3156 4113 3236 4185 τῷ
3292 4113 3547 4186 ὑμετέρῳ
3617 4127 3767 4180 προσ·

2218 4208 2482 4277 τάγματι.
2519 4206 2676 4261 Οὕτω
2709 4205 3234 4278 παρασκευάζεσθαι
3263 4206 3345 4258 δεῖ
3378 4206 3505 4268 τοὺς
3549 4204 3768 4269 λειτούρ-

2219 4298 2448 4363 γοῦντας
2477 4296 2617 4368 Θεῷ,
2647 4298 2741 4350 καὶ
2766 4297 2949 4365 λέγειν
2987 4299 3125 4367 μετὰ
3164 4295 3259 4349 τοῦ
3292 4295 3581 4349 θεσπεσίου
3605 4294 3763 4354 Δαύὶδ,

2140 4382 2183 4438 D
2220 4408 2238 4439 ε
2262 4390 2484 4461 Ἐτοίμη
2502 4392 2534 4459 ἠ
2554 4390 2749 4463 καρδία
2775 4407 2899 4460 μου,
2916 4392 2944 4443 6
2959 4388 3111 4453 Θεὸς,
3134 4387 3326 4459 ἑτοίμη
3347 4388 3383 4458 ἡ
3407 4387 3605 4459 καρδία
3621 4402 3760 4455 μου.»

600 4518 788 4590 Itaque
815 4536 924 4577 non
955 4534 1345 4593 quamcunque
1376 4522 1858 4593 disceptationem,
1892 4524 2216 4595 priusquam
2249 4527 2394 4581 unde
2427 4527 2670 4596 profecta
2708 4526 2781 4581 sit
2812 4524 3265 4597 cognoverimus,
3294 4523 3643 4593 recipiemus.

599 4632 967 4689 Securitatem
1022 4634 1314 4705 pollicetur
1375 4632 1585 4701 Josue,
1642 4635 2109 4704 quemadmodum

529 4726 690 4791 Mosi,
740 4725 1030 4795 discipulis
1090 4727 1219 4781 item
1278 4726 1366 4782 his
1407 4728 1634 4781 verbis:
1672 4747 1691 4778 ι
1742 4726 1820 4782 Ne
1865 4736 2114 4781 assumat

528 4819 760 4887 virgam,
795 4834 898 4872 nec
948 4826 1182 4887 petram,
1234 4833 1337 4874 nec
1385 4819 1601 4874 calceos
1650 4818 1697 4850 ⁸ο
1745 4838 1763 4870 ι
1810 4818 1911 4872 Dat
1958 4820 2109 4874 enim

531 4911 613 4965 eis
636 4916 963 4979 potestatem
1010 4910 1263 4965 ealcandi
1315 4925 1481 4981 super
1534 4923 1820 4981 serpentes
1867 4920 1922 4967 et
1956 4926 2113 4966 scor-

529 5002 720 5072 piones
753 4999 820 5053 ⁸⁸.

602 5089 759 5145 Solve
818 5088 1236 5145 calceamentum
1292 5101 1473 5155 tuum,
1532 5101 1639 5149 etc.
1691 5091 1828 5166 [16.]
1880 5092 2111 5159 Quidam

532 5200 659 5241 vero
720 5184 857 5239 illud
923 5202 936 5238 :
1005 5203 1023 5236 ι
1091 5183 1252 5240 Solve
1327 5186 1760 5241 calceamentum
1834 5194 2032 5253 tuum,
2090 5206 2108 5238 ι

532 5295 689 5335 move
756 5277 947 5349 pedem
996 5287 1148 5332 tuum
1207 5286 1403 5332 contra
1473 5280 1659 5335 hostes
1718 5290 1843 5334 tuos
1902 5279 2115 5349 signiﬁ-

531 5386 660 5426 care
700 5380 979 5427 asserunt.
1028 5370 1201 5437 Quale
1225 5370 1360 5425 illttd
1398 5379 1563 5426 estzi
1601 5371 1777 5442 Super
1823 5372 2111 5427 Idumaeam

532 5464 818 5517 extendam
843 5463 1064 5518 calceos
1088 5476 1240 5517 meos
1266 5460 1335 5527 ⁸⁸,
1360 5479 1379 5514 ι
1429 5461 1533 5516 hoc
1561 5469 1668 5526 est,
1715 5481 1732 5512 ι
1766 5462 1781 5515 l
1792 5476 1949 5531 psum
1974 5477 2108 5517 con-

605 5648 646 5677 ⁷⁸
672 5645 816 5701 Psal.
846 5660 976 5712 cvu,
1014 5645 1065 5700 1.
1174 5644 1219 5676 ⁸ο
1249 5642 1443 5698 Matth.
1474 5643 1639 5707 x,1t).

2287 4646 2303 4664 ‘
2332 4642 2541 4713 Θάρσος
2571 4641 2757 4695 δίδωσι
2769 4641 2847 4711 τῷ
2878 4639 3077 4709 Ἰησοῦ,
3128 4638 3321 4708 ὥσπερ
3346 4638 3537 4708 καὶτῷ
3565 4634 3757 4701 Μωῦτῗμ

2214 4731 2311 4785 καὶ
2352 4733 2467 4793 τοῖς
2501 4730 2771 4801 μαθηταῖς
2800 4729 2858 4783 δὲ
2887 4732 2916 4782 6
2949 4729 3170 4799 Κύριος,
3208 4727 3406 4794 λέγων,
3448 4746 3467 4779 ι
3500 4726 3589 4797 Μὴ
3617 4724 3760 4792 αίρειν

2217 4822 2435 4893 ῥάϐδον,
2472 4821 2611 4892 μηδὲ
2651 4822 2860 4892 πήραν,
2910 4820 3044 4891 μηδὲ
3109 4820 3435 4890 ὑποδήματα
3458 4835 3470 4848 ·
3505 4839 3522 4871 ι
3557 4819 3667 4879 δοὺς
3687 4815 3759 4868 αὖ·

2214 4917 2329 4977 τοῖς
2361 4913 2613 4979 ἐξουσίαν
2660 4916 2852 4967 πατεῖν
2910 4913 3098 4967 ἐπάνω
3148 4912 3326 4982 ὄφεων
3372 4912 3468 4965 καὶ
3500 4910 3753 4981 σκορπίων.

2222 5007 2389 5060 Οὐδὲν
2415 5005 2526 5076 γὰρ
2556 5007 2721 5077 ὑμᾶς,
2761 5005 2950 5077 φησὶν.
2980 5005 3353 5076 ἀδικήσουσιν.

2290 5097 2498 5152 Λῦσον
2520 5099 2586 5151 τὸ
2602 5097 3056 5167 ὐπόδημα.Τινὲς
3077 5098 3187 5161 τὸ,‹
3212 5097 3388 5150 Λύσαι
3410 5095 3752 5164 τδζύπόδημανι

2219 5188 2300 5254 τὸ,
2320 5189 2557 5260 Κίνησον
2580 5189 2672 5242 τὸν
2701 5188 2835 5242 πόδα
2871 5205 2963 5243 σου
2992 5188 3133 5243 κατά
3162 5188 3271 5240 τῶν
3301 5187 3530 5257 ἐχθρῶν,
3560 5182 3757 5254 δηλῶσαί

2222 5298 2406 5350 φασιν.
2450 5280 2660 5335 Ὀποῖόν
2691 5283 2806 5334 ἐστι
2849 5279 2931 5344 τὸ,
2992 5300 3010 5332 ι
3057 5278 3180 5332 Ἐπὶ
3222 5278 3319 5351 τὴν
3365 5276 3652 5347 Ἰδουμαίαν
3684 5274 3754 5323 ix-

2219 5375 2357 5429 τενῶ
2412 5374 2474 5427 τὸ
2521 5374 2900 5445 ὑπόδημάμου,
2956 5373 3048 5425 ἐπὶ
3111 5372 3275 5443 [άντ“ι,
3328 5368 3599 5440 ὀρθότερ]
3647 5363 3750 5419 τοῦ.

2216 5467 2537 5522 καταπατῶ.
2578 5466 2717 5520 Ἀλλ’
2743 5470 2777 5539 ἡ
2806 5467 2952 5523 αἰτία
2982 5465 3211 5532 κωλύει,
3240 5463 3473 5534 λέγουσα
3493 5481 3505 5494 ·
3538 5480 3555 5513 ι
3594 5461 3643 5513 '0
3668 5456 3750 5527 γὰρ

1734 5644 1776 5674 ⁸⁸
1813 5642 1944 5697 Luc.
1976 5660 2026 5705 χ,
2072 5644 2157 5698 19.
2235 5644 2278 5674 "
2306 5643 2447 5699 Psai.
2474 5660 2579 5709 th,
2616 5645 2669 5699 8.

2024 5760 2250 5817 ΝΟΤᾹί.

608 5852 720 5922 (56)
759 5812 865 5908 Ἴον.
890 5852 1193 5923 άναγνωστ.
1227 5853 1387 5919 οὓτω,
1417 5854 1620 5925 μεταξὺ
1651 5855 1741 5907 τὸν
1772 5854 1952 5925 ἄρτον.
