4058 6512
272 358 412 427 1013
1410 364 1956 428 COMMENTARII
1992 363 2075 425 IN
2105 362 2363 425 JOSUE.
3416 352 3556 417 1014

270 479 460 541 τότος,
490 479 548 531 ἐν
570 469 630 546 ἐῷ
664 480 728 532 σὺ
757 478 1030 550 ἕστηκας,
1068 481 1224 550 ἅγιός
1284 482 1423 538 ἐστι.
1460 502 1479 536 ι
1525 484 1661 538 Θεοῦ
1693 484 1872 537 τοίνυν

2001 480 2228 536 :ulcabo.
2264 498 2283 532 ι
2329 478 2531 536 Verum
2582 490 2751 533 causa
2807 489 2972 547 quam
3038 472 3196 542 dicit,
3239 473 3294 528 id
3327 481 3556 528 credere

200 614 203 615 ν
274 569 667 639 ἐνεργοῦντος,
721 572 1083 627 ὑπολελύσθαι
1143 576 1411 647 προσήκει
1460 577 1557 631 τὸν
1606 578 1731 647 ὅφιν
1773 578 1866 631 τὸν

2001 574 2229 631 irohibet
2266 594 2278 629 :
2306 592 2325 626 ι
2370 572 2551 630 Locus
2579 572 2726 629 enim
2767 570 2822 626 in
2851 584 2961 641 quo
2990 576 3108 626 stas
3139 577 3366 625 sanctus
3390 575 3494 623 est.
3533 586 3551 617 υ

272 660 543 716 δάκνοντα
586 663 893 734 μηδαμῶς,
946 665 1329 737 λογιζομένους
1379 668 1471 721 ὅτε
1520 670 1617 722 καὶ
1666 668 1768 741 τὴν
1809 668 1870 737 ἐξ

2001 668 2081 722 ’er
2129 681 2290 737 opem
2344 667 2531 737 itaque
2578 664 2825 721 divinam
2858 671 3170 734 serpentem
3204 662 3299 732 qui
3333 662 3560 716 minime

277 754 569 825 ἁμαρτιῶν
602 756 1024 828 ἀποϐαλοῦμεθα
1050 758 1338 827 νέκρωσιν.

2001 761 2293 832 ipinantem
2318 761 2440 825 icit,
2481 768 2743 816 excutere
2787 757 3072 824 convenit,
3105 771 3216 827 quo
3242 756 3405 811 simul
3434 768 3561 824 pec-

1971 852 2081 907 cati
2111 868 2331 925 qnoque
2361 851 2847 907 mortiﬁcationem
2876 849 3221 921 abjiciemus.

354 949 593 1017 Septimo
624 959 798 1006 autem
826 953 910 1007 dic
973 952 1327 1007 circumibitis
1346 954 1616 1009 civitatem
1651 956 1865 1024 septies.
1897 963 2002 1011 etc.
2036 954 2151 1028 [VL
2185 954 2268 1027 4.]
2305 956 2413 1023 Qui
2455 962 2628 1012 totam
2675 954 2865 1010 mundi
2898 952 3169 1009 fabricam
3220 968 3315 1007 sex
3358 950 3556 1006 diebus

279 1040 541 1108 perfecit,
574 1040 717 1095 lente
748 1040 816 1095 ad
855 1041 1023 1096 unius
1050 1042 1293 1097 civitatis
1316 1042 1666 1098 eversionem
1690 1042 1935 1098 bonitate
1973 1042 2274 1111 impeditus
2314 1043 2657 1114 aggreditur.
2682 1041 2803 1098 Non
2831 1042 2979 1097 enim
3020 1040 3221 1096 virium
3266 1039 3562 1093 imbecilli-

281 1137 399 1181 tate
429 1143 553 1183 esse
587 1128 787 1182 factum
816 1129 1083 1199 propheta
1114 1137 1370 1195 testatur,
1395 1130 1461 1185 ad
1493 1131 1671 1200 ipsum
1700 1131 1891 1187 dicens
1930 1148 1943 1184 :
1984 1149 2003 1182 ι
2032 1128 2091 1184 Si
2145 1130 2349 1185 cadum
2384 1130 2733 1201 patefeceris,
2782 1138 2997 1184 montes
3037 1137 3241 1184 tremor
3273 1126 3351 1181 tui
3411 1127 3565 1179 iuva-

282 1216 378 1268 det
409 1216 477 1269 ".
515 1236 533 1267 ι
566 1214 767 1270 Verum
803 1217 1267 1287 quemadmodum
1293 1216 1487 1274 Ninive
1515 1218 1759 1273 triduum
1810 1218 2205 1287 rcsipiscentiae
2246 1217 2420 1284 dedit,
2470 1219 2546 1273 ita
2593 1219 2678 1275 his
2706 1232 2933 1289 quoque
2965 1224 3201 1287 septem.
3245 1215 3427 1285 thue
3486 1213 3563 1267 illi

281 1299 484 1355 Jonam
517 1317 820 1372 praeconem
850 1304 1186 1369 habuerunt,
1213 1306 1291 1360 ita
1322 1305 1373 1359 hi
1412 1304 1604 1361 ltahab
1646 1306 1875 1361 habent.
1902 1306 2133 1374 Insuper
2151 1320 2284 1359 vero
2306 1321 2499 1361 omnes
2527 1314 2779 1377 portenta
2799 1319 2921 1377 quae
2936 1303 3202 1359 Dominus
3234 1301 3562 1372 designavit,

281 1392 517 1444 auribus
553 1398 897 1460 acceperant.
934 1393 999 1445 At
1024 1390 1168 1445 idem
1195 1393 1288 1461 qui
1337 1392 1472 1447 dicit
1508 1410 1521 1446 :
1552 1411 1572 1444 ι
1608 1391 1726 1448 Non
1744 1393 2083 1449 scortaberis
2112 1394 2178 1457 ⁸³,
2230 1414 2248 1447 ι
2292 1412 2388 1465 per
2420 1395 2589 1453 Josue
2632 1396 2812 1467 inquit
2846 1413 2862 1451 :
2892 1414 2911 1447 ι
2956 1391 3122 1449 Vivat
3160 1390 3359 1448 Rahab
3388 1404 3567 1443 mere-

283 1480 418 1531 trix.
461 1496 479 1529 ι
510 1477 615 1544 Qui
639 1481 805 1533 etiam
828 1480 963 1534 dicit
994 1495 1007 1531 :
1046 1498 1065 1532 ι
1108 1479 1427 1535 Meretrices
1456 1491 1509 1535 et
1548 1480 1833 1550 publicani
1868 1496 1965 1536 vos
1986 1482 2303 1550 praecedeut
2337 1484 2392 1539 in
2422 1500 2654 1556 regnum
2680 1484 2945 1541 caelorum
2980 1481 3048 1535 ⁸⁵.
3084 1499 3102 1531 ι
3137 1478 3397 1548 Praecipit
3433 1492 3566 1531 vero

286 1568 509 1621 militia:
543 1568 782 1631 idoneis,
817 1583 1023 1638 perque
1055 1576 1274 1623 montes
1306 1568 1600 1636 dispersis,
1647 1578 1707 1622 ut
1747 1567 1980 1625 Domino
2024 1571 2243 1625 obviam
2283 1572 2336 1627 in
2381 1573 2730 1630 obsidionem
2762 1570 3056 1643 prodeant.
3090 1567 3565 1636 Quemadmodum

284 1666 397 1706 nos
428 1666 648 1721 quoque
710 1667 740 1705 a
796 1651 1021 1706 Christo
1066 1668 1167 1723 per
1216 1651 1387 1707 duces
1412 1651 1586 1721 ipsius
1622 1651 1909 1721 jubemur.
1945 1668 2141 1711 contra
2177 1658 2367 1715 hostes
2401 1660 2656 1732 imperia,
2691 1675 2755 1716 ac
2784 1659 3132 1733 principatus
3158 1656 3444 1726 legemque
3512 1653 3567 1706 in

285 1754 465 1795 Cll'lle
518 1741 832 1796 savientem
890 1756 1159 1814 pugnare.
1219 1740 1453 1807 Quando
1505 1751 1559 1797 et
1610 1755 1713 1798 nos
1742 1741 1795 1796 in
1846 1744 2028 1800 oculis
2060 1745 2158 1803 Dei
2205 1750 2436 1817 erimus,
2477 1765 2591 1807 non
2628 1750 2801 1806 armis
2844 1746 3086 1811 carneis,
3122 1759 3311 1801 verum
3350 1741 3567 1813 justitia

288 1828 579 1883 instructi.

363 1938 518 1992 Διατί
578 1938 835 2008 σάλπιγξι
858 1939 1201 2012 ’κερατίναις,
1238 1940 1335 1994 καὶ
1382 1942 1502 2005 ταῖς
1534 1938 1632 1994 τοῦ
1683 1940 1877 2012 ’ῐωόὴλ

2051 1944 2165 2002 Cur
2176 1962 2307 2005 vero
2324 1949 2473 2006 tubis
2486 1946 3041 2019 corneis,acjubil:eis
3058 1942 3351 2000 classicum
3370 1955 3569 1997 canere

290 2030 585 2095 σαλπίζειν
633 2030 927 2098 ὲκέλευσε;
972 2032 1092 2085 Πᾶν
1154 2030 1295 2095 ζῶον
1355 2033 1699 2104 κερασφόρον
1738 2031 1880 2087 ὅπλα

290 2124 413 2193 ἔχει
444 2123 541 2177 καὶ
591 2126 767 2193 τεῖχος
796 2124 863 2177 τὸ
890 2124 1082 2195 κέρας,
1114 2124 1191 2189 ὡς
1237 2126 1332 2179 καὶ
1363 2126 1496 2196 ἡμῖν
1526 2125 1741 2196 κέραςό
1770 2125 1884 2180 Κύ-

293 2234 439 2287 ριος,
472 2216 615 2269 κατά
643 2218 724 2280 τὸ,
755 2235 773 2269 ι
818 2216 1270 2288 Ὑπερασπιστής
1311 2235 1415 2288 μου
1442 2217 1538 2272 καὶ
1576 2218 1745 2290 κέρας
1775 2237 1885 2273 σω-

296 2309 496 2379 τηρίας
533 2324 660 2375 μου.
690 2326 709 2359 ι
743 2337 813 2347 -
844 2325 863 2360 ι
914 2308 1003 2361 Ἐν
1035 2309 1117 2362 σοὶ
1150 2309 1280 2379 γάρ,
1315 2310 1470 2380 φησὶ,
1498 2311 1628 2375 τοὺς
1657 2310 1886 2381 ἐχθροὺς

294 2399 458 2468 ἡμῶν
484 2397 867 2470 κερατιοῦμεν.
908 2418 926 2451 ι
956 2400 1079 2455 Τῶν
1106 2400 1165 2453 δὲ
1199 2402 1480 2472 μαχίμων,
1510 2403 1572 2456 οὑ
1611 2402 1719 2456 τῶν
1745 2405 1886 2458 ἀπο-

292 2492 712 2547 δεδειλιακότων
763 2495 913 2548 ἐστὶν
954 2494 1095 2548 ἑλεῖν
1150 2494 1251 2566 τὴν
1311 2488 1542 2567 Ἱεριχώ.
1584 2497 1725 2558 Τοὺς
1787 2496 1888 2565 μὲν

295 2586 414 2654 γὰρ
440 2585 770 2655 ἐρεθίζουσι,
793 2588 919 2650 τοὺς
946 2586 1004 2640 δὲ
1037 2586 1444 2641 καταπτοοῦσιν
1472 2589 1531 2641 αἱ
1564 2587 1885 2657 σάλπιγγες,

296 2678 445 2731 ὅπλα
477 2678 702 2748 ἔχοντας
769 2679 1029 2751 σαρκικὰ.
1085 2679 1326 2734 Τοιαῦτα
1378 2680 1481 2751 τῆς
1528 2680 1793 2751 Ἱεριχοῦς
1822 2680 1890 2733 τὰ

297 2771 483 2842 τείχη,
538 2774 634 2826 καὶ
670 2774 963 2827 πίπτουσιν
996 2773 1102 2827 ὑπὸ
1147 2773 1429 2842 σάλπιγγι.
1462 2773 1571 2826 Καὶ
1602 2774 1636 2844 ἡ
1670 2789 1891 2843 παρεμ-

300 2864 437 2935 ϐολὴ
470 2865 526 2918 δὲ
556 2865 651 2919 τοῦ
680 2866 910 2937 Μαδιάμ
937 2866 1047 2920 τῶν
1100 2872 1146 2919 τ’
1178 2866 1552 2930 σαλπιζόντων
1584 2865 1888 2935 νενίκηται.

314 2956 409 3009 Ἐν
447 2956 507 3021 ἒξ
535 2957 591 3010 δὲ
623 2958 863 3029 ἡμέραις
889 2958 1245 3022 σαλπίζουσιν
1268 2960 1315 3011 οἱ
1338 2959 1527 3028 ἱερεῖς.
1568 2955 1756 3010 Διόλου
1784 2956 1894 3026 γάρ

300 3046 403 3098 τοῦ
434 3048 494 3099 ὲν
526 3046 585 3113 ἒξ
633 3048 874 3119 ἡμέραις
932 3048 1133 3112 αἰῶνος
1175 3048 1226 3100 οἱ
1278 3048 1425 3115 ἅγιοι
1456 3047 1663 3110 πάντες
1697 3047 1894 3115 ἄφεσιν

302 3138 729 3207 ἁμαρτημάτων
757 3140 1131 3211 κηρύττουσι·
1166 3139 1325 3193 τοῦτο
1347 3139 1456 3209 γάρ
1480 3141 1536 3193 αἱ
1560 3138 1655 3192 τοῦ
1708 3138 1895 3210 Ἰωόὴλ

304 3229 536 3299 ἐδήλουν
590 3230 894 3301 σάλπιγγες
920 3248 935 3265 ο
992 3235 1050 3287 ὲν
1106 3227 1394 3302 ᾧπάντων
1422 3233 1616 3302 ἄφεσις
1660 3233 1892 3303 γίνεται,

304 3324 407 3376 καὶ
431 3323 525 3376 ἐπὶ
555 3326 681 3388 τοὺς
709 3326 944 3389 οἰκείους
973 3326 1176 3390 τόπους
1223 3326 1697 3391 ἀποκατάστασις.
1751 3328 1897 3398 Upo-

303 3416 399 3469 δια
408 3416 779 3488 μαρτύρονται
803 3406 983 3479 τοίνυν
1000 3418 1056 3471 αἱ
1077 3418 1397 3487 σάλπιγγες·
1428 3436 1448 3471 ι
1469 3420 1860 3490 Μετανοήσατε
1882 3436 1895 3449 ·

304 3511 511 3581 ἧγγικε
543 3510 652 3581 γὰρ
675 3512 709 3581 ἡ
746 3509 972 3579 βασιλέα
1012 3511 1124 3566 τῶν
1157 3512 1424 3580 οὐρανῶν.
1452 3531 1471 3562 ι
1501 3513 1637 3582 Περὶ
1668 3508 1737 3585 ἦς
1764 3527 1901 3581 φησι

306 3603 395 3671 τῷ
426 3600 565 3671 λαῷ,
609 3620 629 3653 ι
666 3600 964 3654 Ἀκούσατε
989 3601 1089 3671 τῆς
1112 3603 1297 3671 φωνῆς
1313 3602 1415 3672 τῆς
1446 3601 1777 3669 σάλπιγγος·
1807 3602 1903 3656 καὶ

308 3689 503 3758 εἶπαν,
527 3695 643 3747 Οὐκ
690 3693 1059 3764 ἀκουσόμεθα.
1097 3712 1116 3747 ι
1149 3694 1259 3747 Καὶ
1295 3693 1493 3766 Ἡσαΐᾳ
1555 3694 1614 3746 δὲ
1657 3692 1901 3763 λέγεται,

315 3807 337 3840 ι
383 3787 472 3850 Ὧς
503 3786 767 3855 σάλπιγγι
822 3785 1039 3856 ῦψωσον
1091 3785 1192 3858 τὴν
1235 3786 1422 3857 φωνήν
1464 3803 1582 3848 σου,
1611 3787 1708 3838 καὶ
1736 3786 1906 3853 ἀνάγ-

310 3883 503 3949 γειλον
534 3880 613 3952 τῷ
644 3879 759 3951 λαῷ
790 3879 859 3937 τὰ
884 3879 1265 3951 ἁμαρτήματα
1299 3878 1500 3933 αὐτῶν.
1530 3897 1548 3931 ι
1571 3878 1683 3932 Καὶ
1713 3877 1907 3949 πρώην

315 3974 421 4043 μὲν
454 3972 605 4036 ἅπαξ
632 3990 736 4025 που
767 3972 869 4042 τῆς
891 3971 1111 4043 ἡμέρας
1139 3971 1401 4026 ὲκύκλουν
1432 3972 1480 4024 οἱ
1522 3971 1668 4040 ἅγιοι
1699 3971 1909 4043 κηρύτ-

310 4080 503 4127 τοντες
561 4064 733 4118 ἅπασι
798 4063 899 4134 τῆς
958 4062 1242 4127 εὐσεϐείας
1312 4063 1412 4134 τὴν
1472 4063 1708 4132 γνῶσιν
1744 4066 1811 4134 τῇ
1849 4063 1908 4116 δὲ

314 4156 524 4228 ἑϐδόμῃ
583 4156 789 4228 ἡμέρᾳ,
824 4156 1072 4211 τουτέστι
1118 4159 1183 4226 τῇ
1244 4155 1532 4228 συντελείᾳ
1559 4156 1654 4209 τοῦ
1684 4156 1906 4220 αἰῶνος,

316 4249 555 4312 ἑπτάκις
577 4249 916 4314 ἐκύκλωσαν,
961 4248 1208 4302 τουτέστι
1258 4248 1561 4312 πολλάκις,
1618 4248 1910 4302 ἀπόστολοι

312 4360 381 4396 τε
408 4344 505 4396 καὶ
536 4342 779 4414 μαθηταὶ
822 4342 917 4395 τοῦ
974 4342 1205 4411 Κυρίου,
1256 4341 1351 4394 καὶ
1401 4342 1603 4406 πάντες
1632 4342 1680 4393 οἱ
1710 4339 1912 4410 ἐφεξῆς

313 4439 420 4506 τῆς
464 4434 795 4505 Ἐκκλησίας
854 4432 1168 4487 διδάσκαλοι
1241 4434 1537 4503 μετάνοιαν
1591 4433 1688 4487 καὶ
1715 4433 1911 4503 ἄφεσιν

317 4528 690 4600 κηρύττοντες
733 4525 814 4597 τῷ
841 4524 980 4597 λαῷ,
1013 4518 1095 4588 οἷς
1114 4526 1161 4577 οἱ
1192 4524 1269 4595 μὴ
1303 4524 1615 4588 πεισθέντες
1642 4524 1915 4579 ἀπολοῦν-

1983 2038 2189 2111 jussit?
2219 2039 2297 2095 Eo
2327 2044 2473 2113 quod
2519 2041 2851 2098 animalibus
2877 2036 3185 2109 cornigeris
3220 2049 3431 2091 cornua
3467 2047 3569 2087 an-

1987 2147 2187 2187 norum
2238 2148 2638 2205 murorumque
2690 2135 2810 2189 vice
2862 2138 3012 2189 sunt.
3080 2129 3344 2199 Adeoque
3408 2124 3570 2180 nobis

1986 2238 2159 2279 cornu
2193 2224 2317 2281 loco
2347 2224 2615 2281 Dominus
2641 2240 2765 2282 esse
2809 2223 2990 2289 debet,
3013 2223 3171 2295 juxta
3202 2220 3369 2275 illud:
3400 2238 3417 2270 ι
3440 2216 3571 2271 Pro-

1987 2322 2167 2371 tector
2195 2331 2375 2382 meus,
2419 2325 2474 2371 et
2527 2332 2701 2373 cornu
2754 2315 2949 2371 salutis
2980 2330 3114 2369 mea:
3140 2313 3209 2365 ".
3252 2330 3357 2364 ι-
3396 2329 3414 2361 ι
3454 2308 3570 2362 Tua

1986 2410 2133 2464 enim
2165 2423 2289 2479 ope,
2315 2410 2515 2478 inquit,
2550 2409 2734 2463 hostes
2786 2405 3153 2463 retundemus
3194 2412 3416 2458 nostros
3450 2401 3517 2453 ⁸⁷.
3549 2418 3565 2449 ι

1988 2503 2259 2558 Caeterum
2290 2503 2679 2558 bellicosorum
2714 2515 2826 2555 non
2850 2496 3341 2555 formidolosarum
3378 2506 3574 2562 capere

1990 2593 2319 2649 estJericho
2350 2609 2363 2646 :
2390 2592 2675 2649 illosenim
2728 2590 2973 2657 irritant,
3012 2589 3112 2646 hos
3161 2601 3291 2643 vero
3318 2584 3576 2639 territant

1991 2686 2084 2754 qui
2122 2700 2273 2740 arma
2305 2685 2507 2741 habent
2535 2683 2801 2740 carnalia.
2835 2682 3016 2737 Tanto
3064 2696 3195 2737 vero
3222 2680 3425 2735 mmnia
3452 2691 3575 2732 cum

1994 2778 2108 2834 sint
2139 2777 2379 2845 Jericho,
2412 2778 2554 2834 tubae
2601 2785 2784 2832 tamen
2816 2790 2951 2831 voce
2987 2774 3302 2830 concidunt.
3330 2770 3441 2827 Nec
3468 2785 3579 2824 non

1995 2881 2177 2926 castra
2206 2870 2425 2926 Madian
2447 2885 2545 2941 per
2565 2870 2843 2925 tubicines
2872 2874 3003 2925 sunt
3024 2866 3265 2922 devicta.
3296 2864 3430 2935 Ipsae
3452 2877 3581 2919 veru

1995 2962 2142 3017 tubae
2183 2962 2402 3033 signum
2432 2969 2696 3017 extremae
2725 2959 2870 3014 tubae
2902 2966 3050 3015 sunt.
3072 2957 3193 3028 Ipse
3225 2956 3372 3011 enim
3402 2952 3584 3009 Domi-

1998 3069 2105 3108 nus
2163 3068 2288 3107 cnm
2353 3052 2675 3108 hortatione
2711 3066 2958 3121 voceque
2990 3046 3330 3119 archangeli,
3356 3061 3419 3100 ac
3451 3045 3583 3098 tuba

1999 3145 2069 3200 de
2101 3145 2240 3200 coelo
2257 3144 2571 3201 descendet.
2605 3144 2681 3199 De
2728 3158 2840 3215 qua
2860 3141 3165 3198 Zacharias
3205 3153 3426 3210 quoque
3461 3138 3537 3190 ait
3568 3154 3582 3190 :

1950 3300 1969 3318 .
2009 3254 2027 3289 ι
2060 3236 2331 3293 Dominus
2352 3238 2702 3308 omnipotens
2737 3236 2866 3292 tuba
2901 3235 3123 3306 clanget
3155 3233 3223 3287 ⁸⁸.
3266 3250 3285 3284 ι
3320 3229 3428 3286 Sex
3457 3243 3587 3284 vero

2003 3330 2200 3386 diebus
2232 3330 2361 3385 tuba
2378 3329 2697 3387 sacerdotes
2716 3330 3006 3401 clangunt,
3021 3340 3214 3383 omnes
3230 3328 3377 3381 enim
3410 3321 3587 3379 sancti

2003 3438 2101 3495 per
2138 3438 2232 3478 sex
2261 3423 2475 3479 dierum
2511 3423 2782 3478 saeculum
2816 3424 3090 3493 integrum
3115 3425 3470 3489 peccatorum
3498 3429 3589 3468 re-

2005 3516 2328 3570 missionem
2386 3513 2758 3585 promulgant.
2792 3511 2851 3567 ld
2893 3524 3134 3581 namque
3175 3507 3319 3562 tuba:
3362 3518 3589 3575 quoque

2003 3606 2239 3672 Jubilaai,
2295 3620 2407 3675 quo
2454 3604 2785 3660 universalis
2816 3603 2874 3658 lit
2910 3601 3194 3667 remissio,
3225 3612 3288 3652 ac
3318 3595 3593 3666 cujusque

2006 3698 2062 3753 in
2089 3712 2220 3753 suas
2243 3695 2404 3752 sedes
2425 3694 2730 3760 restitutio,
2765 3691 3178 3764 signiﬁcabant.
3212 3687 3384 3743 Tubm
3404 3685 3593 3755 itaque

2008 3796 2384 3859 protestantur
2448 3796 2689 3843 mentem
2743 3784 3063 3840 mutandam
3105 3796 3271 3845 esse,
3327 3794 3394 3835 eo
3442 3777 3593 3849 quod

2010 3897 2236 3952 regnum
2262 3881 2529 3937 caelorum
2550 3895 2720 3950 prope
2744 3878 2817 3934 sit
2840 3877 2907 3932 ⁸⁸.
2928 3875 3003 3931 De
3024 3893 3132 3947 qua
3155 3876 3362 3947 pepulo
3392 3876 3589 3930 edicit:

2015 3994 2035 4028 ι
2073 3974 2267 4029 Audite
2294 3988 2481 4028 vocem
2509 3973 2669 4027 tubae.
2694 3970 2793 4026 Cui
2842 3969 3253 4042 responderunt
3287 3987 3299 4023 :
3336 3968 3455 4024 Non
3492 3984 3592 4023 au-

2010 4068 2231 4122 diemus
2269 4068 2338 4119 9°.
2382 4085 2399 4117 ι
2427 4065 2583 4120 lsaize
2610 4065 2740 4119 item
2766 4063 2970 4118 dicitur
3001 4079 3014 4115 :
3060 4079 3079 4113 ι
3119 4062 3300 4117 lnstar
3334 4061 3476 4115 tubae
3502 4076 3597 4114 vo—

2012 4174 2130 4213 cem
2163 4167 2309 4212 tuam
2337 4156 2491 4224 etl'cr,
2518 4165 2572 4211 et
2592 4155 2798 4226 populo
2820 4164 3046 4225 peccata
3072 4170 3170 4210 sua
3202 4153 3463 4208 denuntia
3492 4154 3592 4206 οι.»

2010 4252 2093 4306 Ac
2144 4252 2307 4322 paulo
2339 4260 2467 4306 ante
2504 4248 2725 4320 quidem
2760 4247 2933 4303 semel
2972 4247 3026 4302 in
3059 4246 3149 4301 die
3187 4244 3594 4300 circumierunt

2013 4344 2213 4405 sancti,
2246 4343 2618 4412 omnibusque
2667 4340 2890 4411 pietatis
2929 4338 3301 4409 cognitionem
3332 4335 3594 4406 praedica-

2015 4444 2163 4490 runt.
2186 4434 2432 4505 Septimo
2459 4448 2591 4488 vero
2616 4431 2727 4497 die,
2758 4430 2863 4485 hoc
2883 4438 2966 4485 est
2987 4435 3149 4483 aetate
3167 4438 3357 4484 exacta
3378 4428 3598 4496 septies,

2015 4530 2120 4584 hoc
2151 4535 2257 4593 est,
2288 4540 2667 4598 saepenumero
2701 4522 2949 4594 apostoli.
2964 4537 3027 4577 ac
3058 4520 3320 4590 discipuli
3365 4520 3601 4586 Domini,

315 4640 416 4676 ται
451 4618 596 4675 κατά
614 4618 907 4690 τὴνγπόλιν
961 4615 1194 4689 Ἰεριχὼ,
1245 4617 1417 4671 τύπον
1442 4618 1543 4687 τῆς
1605 4618 1901 4682 συντελείας

2024 4635 2327 4690 omnesque
2382 4617 2643 4686 deinceps
2693 4613 2958 4669 Ecclesiae
2990 4613 3245 4683 magistri
3277 4610 3594 4665 circumire-

319 4716 352 4767 ὑ
364 4717 575 4783 πάρχου
584 4729 706 4767 σαν.

2025 4722 2190 4778 runt,
2242 4726 2307 4765 ac
2365 4706 2845 4778 resipisceutiam,
2891 4703 3386 4771 remissionumque
3441 4699 3605 4772 487

320 4806 529 4878 populo
556 4802 1193 4875 renuntiarunt:quibus
1222 4802 1315 4873 qui
1350 4816 1544 4874 parcre
1570 4814 1926 4873 recusarunt,
1994 4803 2148 4860 urbis
2208 4798 2453 4862 Jericho,
2504 4810 2627 4867 quae
2690 4792 3085 4850 internecionis
3134 4801 3221 4849 est
3268 4795 3606 4863 exemplum,

323 4912 565 4975 pereunt
592 4903 788 4956 instar.

397 5018 476 5072 Τὸ
508 5018 799 5083 ἀλαλάζειν
848 5017 940 5071 τὸν
968 5017 1118 5081 λαὸν,
1171 5018 1400 5087 σημεῖον
1439 5014 1533 5067 τοῦ
1573 5018 1699 5079 τοῦς
1730 5016 1920 5085 ἁγίους

322 5108 771 5178 ἀναγγέλλοντας
814 5107 1303 5178 ὲπευφραίνεσθαι,
1357 5105 1451 5159 καὶ
1520 5106 1918 5177 διηγουμένους

322 5202 395 5255 τά
454 5201 719 5271 μεγαλεῖα
770 5201 868 5256 τοῦ
926 5200 1086 5267 Θεοῦ,
1144 5198 1240 5252 καὶ
1279 5198 1439 5268 νίκην
1478 5198 1578 5265 τὴν
1610 5198 1755 5251 κατὰ
1810 5197 1921 5251 τῶν

324 5300 569 5372 ἐχθρῶν.

400 5394 851 5466 Τὸπροὸαδίζειν
888 5393 987 5463 τῆς
1046 5387 1289 5444 κιϐωτοῦ
1338 5387 1466 5451 τοὺς
1517 5384 1813 5457 μαχίμους,
1861 5385 1921 5437 τὸ

326 5489 553 5557 ἕτοιμον
586 5486 831 5540 δείκνυσι
863 5486 956 5539 καὶ
981 5485 1090 5537 τῶν
1144 5482 1318 5552 ἁγίων
1342 5479 1401 5533 τὸ
1426 5478 1710 5550 πρόθυμον
1731 5495 1742 5509 ε
1778 5477 1838 5530 τδ
1866 5477 1923 5530 δὲ

325 5582 430 5653 τὴν
491 5580 760 5651 οὐραγίαν
812 5576 1153 5644 ἀκολουθεῖν,
1201 5574 1263 5628 τὸ
1294 5572 1500 5645 μηδένα
1545 5571 1657 5624 δεῖν
1700 5570 1799 5639 τῆς
1826 5569 1922 5622 τοῦ

403 5762 455 5793 ’⁸³
495 5761 598 5817 lsa.
629 5778 777 5824 LXIV,
806 5761 861 5815 1.
937 5760 982 5791 ⁸³
1007 5756 1180 5813 Exod.
1216 5774 1307 5815 xx.
1344 5756 1428 5810 l4.

1517 5756 1562 5788 ⁸³
1590 5753 1780 5807 Matth.
1817 5765 1929 5813 xxI,
1959 5749 2046 5803 51.

2102 5012 2294 5084 Populi
2320 5023 2486 5082 porro
2509 5004 2720 5078 jubilus
2741 5011 2968 5061 sanctos
2999 5000 3243 5057 laatitiam
3270 4999 3609 5059 renuntiare.

2029 5124 2093 5163 ac
2119 5108 2210 5163 Dei
2240 5102 2708 5176 magniﬁcentiam
2741 5110 3178 5156 commemorare
3205 5094 3431 5150 iudicat.

2103 5379 2260 5446 Quod
2330 5393 2466 5432 veru
2530 5373 2778 5431 bellicosi
2826 5382 2958 5428 ante
3030 5382 3216 5425 arcam
3290 5364 3619 5421 incedebant

2030 5470 2476 5546 promptitudinis
2499 5467 2772 5524 indicium
2794 5473 2901 5533 est,
2933 5479 2998 5519 ac
3035 5462 3263 5518 fortium
3290 5458 3617 5517 alacritatis.

2031 5568 2089 5622 lu
2120 5564 2297 5621 cauda
2327 5564 2459 5620 item
2489 5558 2779 5631 consequi,
2809 5556 3085 5613 neminem
3146 5553 3241 5609 Dei
3288 5551 3461 5609 aciem
3527 5550 3619 5604 de-

3304 5722 3349 5760 ⁸⁸
3386 5725 3616 5782 Zachar.

2126 5747 2171 5778 ⁸⁸
2208 5745 2351 5802 Psal.
2379 5759 2511 5810 xvu,
2540 5738 2586 5793 l.
2701 5735 2748 5769 ⁸⁷
2777 5733 2922 5792 Psal.
2955 5736 3109 5800 XLlll,
3145 5730 3197 5786 6.

332 5848 410 5897 ιχ,
454 5834 535 5888 14.
612 5833 657 5865 ⁸⁸
694 5819 885 5887 Matth.
926 5832 1085 5896 "1,2.
1164 5830 1207 5861 9°
1233 5826 1433 5883 Jerem.
1471 5841 1544 5891 vn,
1580 5825 1666 5881 Π.
1744 5825 1784 5853 οι
1831 5821 1933 5877 lsa.
1965 5836 2114 5883 LVIII,
2152 5819 2200 5871 l.
