4058 6508
206 376 344 444 1017

1368 384 1915 447 COMMENTARII
1945 385 2033 449 IN
2062 384 2324 450 JOSUE.
3335 379 3471 445 1018

195 506 443 561 namque
476 504 609 559 opes
639 489 813 548 libido
853 494 1244 567 consequitur,
1278 499 1509 566 gloriam
1548 512 1678 552 vero
1713 498 1885 552 animi
1913 498 2083 553 elatio
2134 515 2232 554 seu
2264 498 2565 570 tleSpectio,
2596 495 2896 569 putentiam
2951 494 3201 560 ambitio,
3258 495 3480 563 sapien-

195 582 336 634 tiam
365 594 530 649 porro
571 579 815 639 fucatam
855 584 1176 654 dogmatqu
1205 585 1462 640 varietas.
1496 585 1773 652 Quocirca
1798 601 1908 640 non
1935 587 2213 642 immerito
2236 587 2442 643 Paulus
2467 604 2481 641 :
2518 606 2536 638 ε
2576 587 2634 642 Si
2663 586 2788 655 quis
2810 586 2954 639 inter
2975 600 3074 640 vos
3099 593 3186 640 est
3230 584 3477 653 sapiens,

187 669 403 725 stultus
457 669 553 724 fiat
597 678 658 724 ut
700 671 902 727 evadat
930 674 1176 743 sapiens.
1205 672 1488 743 Sapientia
1512 674 1659 729 enim
1712 675 1903 730 mundi
1963 676 2133 746 hujus
2169 675 2408 730 stultitia
2435 689 2622 729 coram
2661 673 2773 729 Deo
2796 680 2883 729 est
2909 674 2976 727 ".
3025 690 3045 724 ι
3070 672 3260 726 Achan
3289 672 3478 742 itaque

185 772 357 813 secus
381 756 437 813 in
466 758 708 828 seipsum
742 760 873 831 egit,
895 776 1021 816 cum
1059 761 1373 831 hujusmo'li
1404 762 1684 833 quidpiam
1715 778 1824 817 non
1854 778 1919 819 ex
1949 766 2212 821 thesauro
2227 763 2465 827 Domini,
2489 762 2659 835 588
2701 772 2884 818 rerum
2908 778 2975 817 ex
2998 761 3202 817 mundo
3220 761 3383 816 veluti
3407 777 3473 816 ex

184 843 418 900 Jericho
435 847 775 903 abstulisset.
813 849 990 905 Porro
1020 850 1225 906 furtum
1266 849 1553 922 Scriptura
1601 853 1680 906 ait
1708 857 1891 908 tenuis
1921 868 1987 907 ac
2034 854 2171 907 varii
2221 850 2365 922 sagi,
2412 850 2724 920 chlamydis
2783 851 2912 904 item
2952 851 3249 920 variegata:
3280 849 3472 904 fuisse.

189 930 385 989 Vestis
415 934 502 988 illa
529 934 789 991 militaris
815 939 1104 993 avaritiam
1155 940 1404 996 denotat.
1454 940 1758 1010 Argentum
1799 956 1930 996 vero
1960 944 2187 1007 figuram
2240 940 2480 996 sustinet
2516 937 2851 1009 splendoris,
2906 952 3077 995 aurea
3117 938 3248 993 item
3288 937 3472 1008 lingua

184 1023 485 1090 sapientia:
510 1023 712 1079 Graecae
743 1034 969 1096 propter
996 1028 1293 1082 verborum
1326 1027 1652 1099 dignitatem
1687 1036 1743 1083 et
1775 1029 2175 1099 praestantiam,
2199 1025 2663 1098 signiﬁcationem
2697 1023 2883 1080 habet.

260 1115 372 1169 Σὺν
392 1116 542 1189 πάσῃ
574 1118 868 1190 συγγενείᾳ
894 1121 989 1173 καὶ
1028 1122 1226 1192 κτήσει
1263 1122 1460 1177 τοῦτον
1486 1124 1784 1193 ἠφάνισαν,

1962 1123 2229 1175 Caeterum
2266 1135 2391 1176 cum
2428 1129 2541 1176 tota
2599 1136 2700 1177 sua
2738 1120 3071 1193 cognatione
3114 1133 3179 1173 ac
3236 1116 3473 1173 fortunis

181 1208 586 1277 ἀναγαγόντες,
612 1212 799 1282 φησὶν,
824 1212 904 1276 είς
945 1213 1309 1285 Ἐμεκαχώρ’
1340 1215 1480 1288 ὅπερ
1513 1215 1785 1280 ἐξέδωκαν

180 1300 497 1357 Θεοδοτίων
527 1302 621 1356 καὶ
652 1303 973 1375 Σύμμαχος,
1004 1308 1213 1373 κοιλὰς
1270 1308 1478 1377 Ἀχώρ.
1502 1310 1696 1363 Κεῖται
1726 1307 1786 1361 δὲ

181 1393 251 1443 ἐν
276 1393 513 1464 βορείοις
547 1394 829 1467 Ἱεριχοῦς,
855 1399 935 1461 είς
958 1396 1043 1451 ἔτι
1076 1399 1173 1451 νῦν
1195 1398 1339 1452 οὕτω
1365 1400 1501 1472 πρὸς
1534 1400 1644 1453 τῶν
1665 1401 1785 1453 ὲπι-

182 1488 419 1559 χωρίων
447 1488 758 1559 λεγόμενον.
792 1487 975 1562 Ἀχὼρ
1003 1490 1085 1556 δὲ,
1114 1488 1451 1559 διαστροφὴ
1476 1488 1787 1561 ἑρμηνεύε-

180 1598 309 1635 ται.
338 1582 478 1646 Τοὺς
509 1582 565 1636 δὲ
603 1582 1101 1653 διεστραμμένους,
1144 1582 1236 1635 καὶ
1268 1584 1389 1645 ταῖς
1435 1581 1607 1644 θείαις
1640 1583 1786 1634 ὲντο-

181 1672 317 1736 λαῖς
341 1673 770 1744 ἀπειθήσαντας,
800 1675 827 1728 ό
849 1672 1137 1736 ἀποδιδοὺς
1161 1672 1381 1743 ἑκάστῳ
1408 1672 1548 1726 κατά
1563 1670 1631 1724 τά
1650 1671 1788 1743 ἔργα

184 1766 402 1832 αὑτοῦ,
447 1768 542 1821 καὶ⁹
582 1766 776 1822 τούτου
814 1767 976 1838 χάριν
1021 1766 1358 1838 ἐρχόμενος,
1394 1766 1476 1828 είς
1525 1765 1788 1835 φάραγγα

182 1858 287 1910 τὸν
340 1858 478 1929 ᾅδην
553 1857 809 1929 ἐμϐαλὼν
863 1858 1123 1911 ἀπολέσει
1173 1856 1382 1920 κακῶς.
1421 1857 1555 1921 Θεὸς
1600 1856 1657 1909 δὲ
1693 1856 1789 1909 καὶ

184 1946 378 2018 τιμῶν
406 1947 665 2017 ἀγαθοὺς,
698 1949 794 2002 καὶ
817 1948 1093 2020 πονηροὺς
1115 1946 1554 2018 τιμωρούμενος.
1584 1945 1651 2000 δι’
1677 1947 1789 2016 ἀμ-

187 2041 324 2108 φοῖν
344 2039 475 2103 τοὺς
509 2039 835 2111 ἀνθρώπους
886 2040 1283 2110 προτρέπεται.
1329 2039 1471 2103 Τοὺς
1515 2038 1572 2091 δὲ
1614 2055 1788 2108 προσ-

188 2131 441 2200 ήκοντας
468 2132 644 2205 Ἀχαρ
671 2131 747 2195 ὼς
767 2131 1080 2197 συνειδότας
1114 2131 1389 2187 ἀπώλεσε.
1434 2129 1542 2183 Τοῦ
1569 2129 1626 2183 δὲ
1653 2127 1789 2182 Θεοῦ

188 2224 612 2295 κατακαυθῆναι
664 2225 1113 2294 προστάξαντος,
1173 2223 1523 2287 λιθόλευστος
1577 2222 1789 2290 γίνεται

188 2313 287 2367 διὰ
316 2313 554 2385 σφοδρὰν
592 2316 769 2387 ὁρμὴν
812 2316 909 2370 τοῦ
955 2316 1112 2382 λαοῦ,
1149 2318 1225 2388 μὴ
1259 2316 1656 2385 ἀναμείναντος
1694 2312 1788 2368 τοῦ

194 2405 437 2460 Θανάτου
482 2407 576 2462 τὸν
607 2410 811 2480 τρόπον
865 2408 1083 2481 μαθεῖν,
1141 2408 1457 2473 δεικνύντος
1506 2408 1791 2480 ἀλλότριον

194 2499 396 2552 ἑαυτὸν
425 2498 521 2553 τοῦ
551 2500 1051 2571 πλημμελήματος.
1088 2500 1231 2554 Ἀλλ’
1277 2503 1306 2555 ό
1350 2501 1448 2572 μὲν
1492 2500 1680 2555 δίδωσι
1710 2499 1790 2552 δί-
1824 2487 1865 2542 Β

194 2610 330 2656 κην,
364 2593 398 2662 ἡ
440 2591 498 2646 δὲ
552 2594 847 2665 συναγωγὴ
888 2594 1028 2663 πρὸς
1071 2593 1357 2647 εὐσέϐειαν
1405 2592 1790 2663 ἀσφαλεστέρα

195 2682 553 2747 καθίσταται,
573 2683 885 2756 φοϐουμένη
915 2685 1015 2755 τὴν
1044 2685 1373 2756 ἱεροσυλίαν,
1398 2682 1474 2747 ὡς
1495 2685 1595 2754 τὴν
1620 2680 1791 2757 ἧτταν

192 2778 566 2847 γεννήσασαν.
591 2775 740 2849 Αὕτη
774 2775 832 2828 δὲ
857 2778 970 2839 τοῖς
1012 2776 1112 2846 μὲν
1136 2776 1421 2847 πολεμίοις
1450 2775 1605 2830 οὐδὲν
1647 2775 1790 2846 μέγα

195 2870 583 2941 παρέσχηκεν,
605 2869 805 2942 ἄνδρας
838 2870 883 2924 λ’
906 2869 1003 2924 καὶ
1030 2868 1112 2936 ἓξ,
1142 2868 1240 2922 καὶ
1269 2869 1628 2923 ἀποκτείνασι
1657 2869 1792 2924 πάν-

192 2980 312 3026 τως
338 2962 466 3026 τοὺς
503 2963 561 3015 ὲν
592 2962 891 3033 ἁμαρτίαις
921 2960 1171 3033 χείρονας
1197 3002 1212 3023 ,
1244 2961 1392 3015 ίδίων
1430 2961 1791 3031 πταισμάτων

194 3054 510 3124 ὑπέχοντας
535 3054 592 3107 ὲν
615 3052 793 3125 καιρῷ
816 3053 1110 3125 τιμωρίαν,
1133 3052 1193 3106 οὐ
1217 3053 1666 3123 παραδεδωκότος
1689 3054 1791 3106 αὑ-

193 3146 332 3210 τοὺς
361 3145 457 3199 τοῦ
488 3145 647 3210 Θεοῦ,
680 3144 755 3217 μὴ
791 3145 1042 3217 συνήθως
1064 3145 1122 3199 δὲ
1153 3144 1529 3217 βοηθήσαντος
1550 3145 1617 3199 δι’
1643 3148 1792 3199 οἰκο-

194 3240 427 3309 νομίαν.
476 3238 618 3292 Ἀλλ’
644 3237 767 3292 οὐδὲ
806 3239 1031 3308 παρεῖδε
1066 3236 1370 3302 παντελῶς.
1406 3232 1485 3291 Ἦ
1528 3238 1641 3309 (57)
1681 3238 1792 3310 γὰρ

196 3329 271 3382 ἂν
305 3329 368 3382 οὐ
427 3328 676 3382 τοσοῦτοι
713 3327 878 3398 μόνον
909 3325 1212 3383 ἀπώλοντο.
1245 3327 1355 3382 Καὶ
1392 3326 1563 3397 ἄλογα
1603 3327 1661 3381 δὲ
1696 3329 1794 3383 σὺν

193 3422 437 3492 ἀψύχοις
459 3421 745 3492 ἠφάνιστο,
770 3420 846 3484 ὡς
876 3419 1209 3492 μολυνθέντα
1248 3419 1326 3492 τῷ
1365 3421 1671 3493 κλέμματι.
1699 3421 1794 3475 καὶ

198 3512 437 3583 μηδενὸς
462 3511 644 3565 αὐτῶν
692 3511 946 3583 μετέχειν
988 3511 1335 3581 ὀφείλοντος,
1388 3511 1485 3566 τοῦ
1530 3512 1630 3584 τῆς
1661 3513 1793 3566 ἀσε-

197 3604 363 3663 ϐείας
409 3603 677 3675 μεγέθους
730 3604 874 3658 οὓτω
928 3604 1132 3676 μᾶλλον
1175 3604 1628 3675 ὲμφανισθέντος.
1684 3605 1794 3659 Καὶ

199 3695 415 3766 μᾶλλον
443 3692 512 3751 αὖ
550 3696 899 3769 ἐφοϐήθησαν
928 3696 1169 3767 ὁρῶντες
1194 3696 1291 3751 τοῦ
1326 3695 1464 3751 θεοῦ
1492 3698 1595 3767 τὴν
1623 3697 1794 3769 ὀργὴν

198 3790 302 3843 καὶ⁵
331 3787 497 3860 μέχρι
516 3788 719 3843 τούτων
747 3790 1101 3860 χωρήσασαν.
1133 3788 1300 3843 Ἀλλά
1323 3790 1419 3844 καὶ
1445 3789 1555 3843 τῶν
1583 3790 1794 3860 Ἱεριχὼ

198 3880 428 3933 πάντων
455 3878 827 3933 ἀνατεθέντων
859 3871 1002 3949 Θεῷ,
1033 3878 1153 3942 πῶς
1181 3877 1333 3949 αὐτῷ
1364 3880 1436 3933 τὰ
1484 3878 1661 3950 κλοπῇ
1692 3895 1793 3948 p.0-

197 3971 472 4025 λυνθέντα
499 3971 873 4043 παρέσχοντο;
898 3970 996 4024 καὶ
1021 3969 1214 4039 ἕτερον
1240 3969 1297 4023 δὲ
1327 3969 1495 4023 πάλιν
1526 3969 1798 4039 ᾠκονόμει

198 4062 294 4115 διὰ
316 4060 526 4115 τούτων
580 4059 736 4125 Θεός.
792 4060 1171 4113 Πεπτωκόίιων
1224 4059 1336 4132 γὰρ
1384 4059 1498 4113 τῶν
1537 4058 1800 4131 Ἱεριχοῦς

199 4155 535 4225 αὐτομάτως
560 4153 781 4226 τειχῶν,
803 4154 838 4225 ἢ
865 4154 1067 4218 πάντες
1090 4154 1139 4207 oi
1175 4153 1551 4224 Παλαιστίνην
1582 4152 1799 4207 οἰκοῦν-

200 4263 300 4310 τες
320 4246 519 4317 τειχῶν
541 4246 671 4300 είσω
693 4245 1004 4316 παρέμενον
1049 4244 1225 4299 ταῦτα
1265 4245 1461 4299 παθεῖν
1495 4245 1799 4316 προσδοκή-

203 4355 432 4402 σαντες,
468 4339 564 4392 καὶ
611 4333 680 4409 ἦν
723 4337 912 4392 λοιπὸν
943 4337 1177 4408 ὀχληρόν
1204 4353 1266 4391 τε
1299 4338 1392 4391 καὶ
1446 4336 1800 4409 πολυχρόνιον

203 4432 421 4505 ἑκάστῃ
450 4433 604 4486 πόλει
632 4431 725 4485 τὸν
763 4432 928 4487 αὑτὸν
954 4431 1275 4501 εἰσάγεσθαι
1320 4429 1525 4502 τρόπον
1548 4444 1564 4459 ·
1590 4430 1624 4502 ἢ
1661 4430 1801 4502 πρὸς

206 4524 453 4578 ἱκετείαν
484 4523 806 4595 χωρούντων
829 4525 925 4578 ἐπὶ
946 4523 1025 4596 τῷ
1049 4523 1326 4594 σωθῆναι·
1345 4522 1699 4586 δουλεύοντας
1723 4522 1801 4586 ὡς

203 4618 255 4670 et
280 4614 649 4681 Γαϐαωνῖται,
678 4615 801 4679 δέος
826 4610 895 4688 ἦν
915 4615 982 4669 ἐκ
1004 4614 1101 4669 τοῦ
1133 4616 1409 4670 συνοικεῖν
1432 4613 1799 4685 μεταδοθῆναι

203 4709 311 4778 τῆς
344 4706 528 4761 αὐτῶν
558 4706 815 4771 ἀσεϐείας
845 4706 925 4778 τῷ
976 4707 1093 4779 λαῷ
1129 4706 1224 4761 τοῦ
1256 4705 1417 4762 Θεοῦ.
1460 4707 1556 4770 Εἰς
1588 4707 1655 4778 ἢν
1703 4706 1801 4759 καὶ

207 4801 445 4873 μηδενὸς
468 4801 810 4866 ἀπατῶντος,
830 4800 1181 4856 ὠλίσθαινον.
1220 4800 1337 4855 Νῦν
1370 4799 1428 4854 δὲ
1472 4799 1562 4854 διά
1582 4800 1684 4870 τὴν
1704 4793 1802 4871 ἦτ-

204 4912 308 4948 ταν
339 4892 722 4966 θαρρήσαντες
749 4895 799 4947 οί
831 4892 1146 4964 ἀλλόφυλοι,
1180 4891 1325 4965 τύχῃ
1351 4892 1462 4946 τινὶ
1487 4891 1584 4946 καὶ
1612 4890 1800 4962 ψεύδει

204 4986 277 5040 τά
305 4985 575 5055 γεγονότα
602 4985 961 5057 παρέχοντες,
997 4985 1095 5039 καὶ
1128 4982 1409 5055 πανδημεῖ
1437 4982 1625 5036 λοιπὸν
1660 4998 1801 5036 παν-

204 5077 441 5150 ταχόθεν
469 5075 704 5143 ἐξιόντες
733 5074 1266 5147 ἀπώλοντο,μακροῦ
1291 5073 1533 5144 πολέμου
1562 5074 1661 5127 καὶ
1682 5090 1802 5144 τρι-

1887 1213 2146 1268 omnibus
2187 1227 2254 1267 ex
2297 1211 2579 1267 hominum
2612 1212 2879 1267 memoria
2927 1226 3051 1266 eum
3103 1208 3470 1274 sustulerunt,

1889 1305 2210 1369 abductum,
2268 1312 2329 1358 ut
2376 1303 2558 1359 littera
2605 1303 2791 1367 habet,
2840 1303 2895 1356 in
2944 1301 3272 1368 Emecabor,
3321 1299 3471 1371 quod

1889 1394 2229 1451 Theodotion
2262 1403 2315 1450 et
2336 1392 2727 1466 Symmachus,
2754 1410 3006 1448 cavernas
3041 1391 3242 1454 Achar,
3282 1391 3473 1446 reddi-

1887 1488 2109 1544 derunt.
2137 1486 2292 1544 Situs
2322 1503 2454 1543 vero
2478 1487 2633 1543 locus
2662 1492 2760 1543 ‘est
2798 1500 2830 1540 a
2865 1484 3283 1558 septentrionali
3317 1490 3474 1554 parte

1888 1580 2062 1651 ipsius
2115 1578 2360 1636 Jericho.
2407 1581 2509 1647 Qui
2553 1580 2853 1636 etianmum
2883 1579 2949 1633 ad
2975 1578 3184 1634 incolas
3216 1576 3322 1631 hoc
3370 1590 3474 1630 no-

1889 1674 2057 1730 minis
2087 1676 2323 1730 obtinet.
2360 1672 2517 1728 Licet
2550 1688 2680 1728 vero
2706 1672 2889 1727 Achor
2932 1670 3346 1743 perversitatem
3384 1669 3473 1723 in-

1891 1766 2203 1838 terpretari.
2232 1765 2367 1820 Nam
2400 1778 2711 1836 perversos,
2743 1779 2808 1818 ac
2839 1764 3223 1818 mandatorum
3253 1761 3471 1816 divino-

1890 1876 2010 1916 rum
2042 1859 2420 1922 insidiatores,
2447 1858 2494 1913 is
2516 1859 2609 1928 qui
2634 1856 2933 1930 unicuique
2954 1855 3134 1911 reddit
3165 1854 3472 1910 secundum

1891 1968 2055 2023 opera
2090 1967 2216 2018 sua,
2244 1952 2340 2025 qui
2375 1967 2496 2007 eam
2531 1967 2751 2023 quoque
2799 1951 2874 2006 ob
2929 1964 3154 2006 causam
3207 1949 3261 2003 in
3293 1957 3473 2003 terras

1890 2042 2129 2106 redibit,
2192 2042 2246 2097 in
2304 2041 2732 2112 profunditatem
2783 2040 3138 2097 tenebrarum
3192 2037 3474 2110 proiectos

1892 2135 2034 2189 male
2076 2135 2283 2203 perdet.
2333 2133 2606 2189 Czeterum
2662 2132 2806 2189 Deus
2834 2134 2928 2203 qui
2963 2133 3165 2202 probos
3194 2131 3249 2186 in
3292 2132 3474 2202 pretio

1892 2227 2093 2293 habet,
2131 2227 2412 2297 improbos
2463 2242 2597 2282 vero
2652 2225 2832 2297 punit,
2875 2226 3165 2281 amborum
3220 2225 3474 2294 exemplo

1892 2316 2145 2372 homines
2183 2316 2249 2371 ad
2296 2324 2447 2371 recte
2498 2315 2771 2386 agendum
2818 2313 3074 2383 impellit.
3126 2313 3301 2368 Simul
3339 2329 3472 2369 vero

1892 2424 2018 2465 cum
2052 2410 2239 2464 Achan
2270 2410 2617 2480 propinquos
2647 2408 2827 2477 ipsius
2868 2407 3132 2477 perdidit,
3159 2407 3305 2478 quod
3341 2406 3473 2462 faci-

1894 2501 2046 2556 noris
2089 2500 2262 2567 ipsius
2299 2498 2506 2555 conscii
2563 2498 2821 2553 fuissent.
2860 2498 2930 2550 At
2966 2514 3092 2553 cum
3141 2497 3286 2553 Deus
3317 2500 3472 2552 flam-

1893 2608 2039 2647 mam
2066 2592 2282 2649 absumi
2312 2592 2692 2663 praacepisset.
2739 2590 3014 2661 lapidibus
3051 2590 3330 2645 obruitur.
3363 2588 3469 2644 Po-

1893 2685 2056 2756 pulus
2081 2685 2225 2740 enim
2253 2691 2475 2754 propter
2502 2682 2815 2739 affectionis
2844 2683 3244 2746 vehementiam
3274 2681 3471 2737 mortis

1891 2793 2068 2849 genus
2095 2791 2431 2848 cognoscere
2452 2792 2560 2831 non
2592 2774 2881 2842 sustinuit,
2923 2789 3093 2843 seque
3123 2774 3192 2830 ab
3215 2775 3319 2829 hoc
3338 2774 3475 2830 deli-

1893 2880 1982 2927 cto
2018 2871 2257 2925 alienum
2311 2884 2477 2933 esse,
2541 2878 2625 2924 est
2674 2877 2936 2924 testatus.
2985 2867 3475 2923 Verumenimvero

1894 2964 2012 3034 ipse
2040 2963 2263 3033 quidem
2300 2978 2490 3032 poenas
2528 2963 2645 3026 dat,
2675 2970 2855 3018 cmtus
2883 2975 3016 3017 vero
3045 2961 3233 3031 populi
3263 2961 3329 3015 ad
3354 2959 3474 3030 pie-

1895 3066 2062 3111 tatem
2097 3056 2341 3113 redditur
2378 3055 2725 3119 iustructior,
2758 3055 3019 3111 cautione
3048 3053 3321 3124 sacrilegii
3354 3063 3474 3108 tan-

1895 3165 2059 3220 quam
2091 3150 2167 3204 rei
2204 3147 2474 3220 pestiferaa
2498 3148 2578 3203 eis
2604 3147 2893 3203 subeunte.
2939 3145 3201 3201 Hostibus
3230 3160 3359 3201 vero
3387 3145 3473 3199 in-

1895 3241 2055 3295 terim
2086 3254 2195 3295 non
2233 3240 2463 3293 inultum
2514 3240 2652 3294 lucri
2690 3239 2897 3305 attulit,
2933 3238 3158 3309 triginta
3192 3252 3287 3293 sex
3337 3235 3474 3292 viris

1894 3334 2095 3389 occisis
2122 3332 2267 3398 licet,
2300 3332 2393 3403 qui
2424 3331 2684 3403 quoniam
2720 3331 2860 3388 forte
2890 3331 3195 3387 deteriores
3228 3329 3317 3383 alii
3357 3328 3476 3384 fue-

1894 3436 2040 3491 rant,
2061 3435 2373 3497 Opportune
2399 3441 2627 3482 suorum
2662 3424 2988 3482 delictorum
3012 3424 3233 3479 luerunt
3265 3420 3476 3492 suppli-

1896 3520 2063 3576 cium.
2088 3519 2277 3591 ltaque
2305 3521 2558 3590 quamvis
2584 3519 2726 3576 Deus
2753 3517 2972 3589 quidem
2997 3518 3150 3587 ipsos
3182 3531 3289 3569 non
3326 3514 3479 3569 abdi-

1895 3610 2057 3676 carit,
2084 3625 2179 3666 seu
2210 3611 2264 3665 in
2295 3610 2600 3681 periculum
2635 3610 2832 3666 mortis
2853 3607 3173 3680 conjecerit,
3208 3613 3362 3662 certo
3395 3614 3478 3659 ta-

1896 3718 2020 3758 men
2051 3703 2289 3758 cousilio
2324 3712 2649 3759 consuetum
2691 3702 2775 3758 eis
2833 3701 3103 3757 auxilium
3165 3697 3478 3770 denegavit,

1897 3809 2030 3849 cura
2059 3811 2169 3851 non
2218 3786 2368 3851 omni
2398 3810 2589 3851 eorum
2640 3793 2878 3864 abjecta,
2932 3791 3136 3862 alioqui
3172 3790 3317 3846 enim
3367 3804 3477 3844 non

1901 3896 2008 3941 tam
2044 3901 2215 3956 parvo
2251 3886 2550 3957 periissent
2608 3887 2785 3942 solum
2846 3898 3099 3939 numero.
3134 3882 3307 3938 Porro
3351 3897 3483 3937 vero

1900 3977 2059 4033 bruta
2086 3993 2307 4049 quoque
2342 3994 2467 4033 cum
2504 3978 2825 4033 inanimatis
2850 3987 2979 4034 sunt
3012 3976 3212 4041 deleta,
3244 3990 3309 4030 eo
3332 3973 3481 4045 quod

1903 4070 2049 4124 furto
2095 4072 2214 4141 ipsa
2269 4086 2491 4140 quoque
2544 4071 2659 4125 sint
2711 4071 2943 4139 polluta,
2985 4075 3039 4123 et
3087 4067 3231 4137 quod
3269 4067 3481 4120 nullmn

1899 4176 2091 4217 eorum
2128 4162 2403 4232 particeps
2435 4162 2556 4231 ejus
2589 4177 2713 4216 esse
2745 4160 3022 4227 debuerit,
3074 4159 3317 4229 denique
3355 4175 3489 4213 vero

1901 4262 1960 4309 ut
1982 4251 2286 4324 impietatis
2310 4252 2628 4323 magnitudo
2656 4268 2723 4308 eo
2741 4252 2913 4323 magis
2930 4253 3291 4317 elucescerct,
3315 4250 3484 4305 adeo-

1899 4360 2007 4415 que
2047 4353 2388 4415 spectatores
2428 4346 2503 4401 rei
2547 4346 2681 4400 iram
2728 4345 2846 4409 Dei,
2880 4361 3004 4416 quae
3039 4345 3108 4399 ad
3163 4359 3227 4399 ea
3264 4358 3488 4415 quoque

1901 4448 2178 4506 serpserat
2218 4439 2597 4494 vehementius
2646 4438 3090 4493 extimescerent.
3140 4438 3304 4507 Atqui
3356 4450 3483 4488 cum

1900 4530 2087 4585 omnia
2115 4530 2259 4584 bona
2284 4529 2511 4586 Jericho
2559 4530 2673 4586 Deo
2704 4530 2815 4585 sint
2865 4530 3089 4594 donata,
3132 4544 3242 4599 qua
3272 4528 3489 4582 ratione

1900 4634 1965 4675 ea
2008 4637 2229 4692 quoque
2273 4638 2396 4693 quas
2449 4623 2657 4679 furtum
2706 4623 2998 4694 polluerat,
3033 4623 3082 4678 ei
3113 4634 3243 4676 sunt
3268 4621 3490 4675 oblata?

1901 4717 2064 4772 Aliud
2094 4731 2223 4772 vero
2266 4717 2466 4772 iterum
2510 4718 2596 4775 his
2637 4718 2964 4773 instituebat
3000 4716 3178 4784 Deus;
3205 4733 3331 4771 nam
3360 4733 3486 4772 cum

1902 4808 2107 4862 moenia
2132 4805 2357 4864 Jericho
2377 4810 2525 4865 ultro
2547 4811 2917 4877 corruissent,
2953 4811 3149 4866 incola:
3186 4809 3491 4867 Palaestinis

1902 4912 1963 4954 se
1991 4899 2079 4953 vel
2113 4898 2259 4953 intra
2305 4899 2508 4954 muenia
2552 4900 2963 4968 continuerunt,
2999 4906 3364 4975 eumtlemque
3401 4902 3490 4959 sui

1902 4998 2158 5045 eventum
2201 5000 2615 5062 exspectaram.
2660 4994 2729 5048 At
2762 5009 2925 5064 quam
2957 4994 3269 5058 molestum,
3301 4995 3489 5050 taedio-

1904 5097 2137 5151 sumque
2187 5081 2367 5139 cuivis
2436 5083 2644 5140 civitati
2703 5084 2854 5141 hunc
2910 5086 3133 5141 modum
3199 5101 3492 5155 capessere

206 5170 315 5241 ϐῆς
344 5169 442 5224 τδν
483 5167 692 5239 Ἰησοῦν
738 5168 1174 5234 ἀπαλλάξαντες.
1216 5167 1454 5237 Ἔστησε
1502 5165 1612 5237 γὰρ
1648 5165 1795 5237 αὐτῷ

1904 5173 2059 5227 erat?
2086 5177 2197 5229 Aut
2227 5174 2275 5230 si
2300 5175 2580 5247 supplices
2614 5176 2868 5233 servituti
2888 5193 2948 5233 se
2981 5192 3091 5248 quo
3115 5186 3491 5239 servarentur,

208 5263 308 5314 καὶ
327 5262 423 5314 τὸν
444 5260 599 5332 ἥλιον
629 5261 658 5314 ό
691 5260 882 5315 τούτου
914 5259 1177 5331 ποιητὴς,
1226 5261 1293 5329 τῇ
1336 5258 1466 5332 νίκῃ
1507 5257 1663 5322 τέλος
1688 5257 1798 5312 δω-

209 5353 503 5423 ρούμενος.
536 5352 598 5405 El
630 5351 813 5405 τοίνυν
838 5352 951 5424 (58)
978 5353 1011 5422 ή
1047 5350 1160 5404 τῶν
1200 5350 1400 5420 ὀλίγων
1442 5348 1798 5421 Ἰσραηλιτῶν

209 5440 383 5513 φυγὴ,
405 5439 499 5496 τὸν
523 5440 621 5511 μὲν
640 5440 917 5512 ἱερόσυλον
938 5440 1037 5496 καὶ
1063 5441 1191 5505 τοὺς
1212 5440 1522 5505 συνειδότας
1542 5440 1798 5508 ἐκόλασε,

274 5565 298 5597 ⁹
330 5563 347 5617 Ι
375 5563 505 5619 Cor.
535 5575 620 5631 tn,
649 5562 737 5622 l8.

1906 5266 2364 5333 obstrinxissent,
2395 5277 2455 5323 ut
2488 5268 2830 5335 Gabaonitaa,
2871 5284 2939 5325 ue
2976 5267 3073 5322 Dei
3127 5266 3327 5339 p0pulo
3355 5265 3492 5321 vici-

1906 5354 2076 5409 nitate
2110 5371 2265 5412 suam
2306 5356 2640 5428 impietatem
2672 5359 2726 5413 in
2749 5374 2914 5430 quam
2950 5359 3096 5413 ultro
3139 5356 3492 5412 collabeban-

1906 5453 1997 5501 tur
2025 5451 2546 5519 communicarent,
2600 5460 2719 5509 erat
2775 5452 3102 5523 periculum.
3153 5450 3342 5523 Itaque
3388 5450 3495 5506 ista

1726 5657 1938 5721 ΝΟΤᾸΞ
1950 5704 1966 5721 .

284 5749 403 5818 (57)
433 5744 511 5820 ᾞ
539 5749 813 5819 ὀρθόπερ.

433 5791 516 5875 ’ἦ
844 5818 962 5887 τοῦ,
985 5818 1260 5891 ἐπέθηκε,
1295 5791 1363 5878 τὰ
1391 5821 1533 5879 αὺτά
1557 5822 1670 5887 τοῖς
1707 5820 1804 5878 τοῦ
1841 5822 2223 5895 Μοψουεστίας
2253 5822 2319 5877 τὰ
2345 5823 2402 5879 ὲν
2444 5822 2556 5878 σελ.
2592 5820 2681 5877 46.
