4058 6538
547 391 685 456 1023

1846 398 2201 463 PROCOPII
2231 398 2477 461 GAZEI

3692 397 3831 461 1024

542 493 648 537 etc.
683 481 801 555 [XL
831 480 913 554 8.]
943 479 1100 548 Quod
1148 494 1525 553 exposuerunt
1565 485 1734 559 490
1786 488 2021 558 reliqui,
2060 487 2128 541 ad

2250 486 2505 552 ιξέδωκαν
2528 485 2579 540 oi
2599 485 2798 552 λοιποὶ,
2821 483 2929 549 ἓως
2948 483 3043 540 τοῦ
3065 485 3261 550 ὓδατος
3283 485 3387 557 τῆς
3405 484 3708 556 θαλάσσης,
3734 488 3833 544 καὶ

544 590 710 647 quam
745 576 913 632 maris
954 576 1109 640 item,
1140 576 1424 647 Massepha
1460 595 1657 649 usque.
1702 580 1796 636 Est
1836 597 1966 637 vero
1993 584 2129 638 civi—

546 683 631 725 tas
657 686 720 725 ea
757 669 810 725 in
842 685 951 741 qua
971 669 1169 740 Jephte
1195 671 1487 738 habitavit,
1514 671 1694 727 vicina
1718 673 2130 733 Ciriathearim.

546 760 604 816 ln
638 777 743 832 qua
771 778 898 817 arca
930 779 1149 834 quoque
1176 774 1316 828 erat,
1340 780 1465 821 cum
1501 764 1724 821 Samuel
1755 767 1924 838 jndex
1963 779 2130 826 esset.

548 855 665 909 Sita
688 865 774 911 est
804 866 988 911 autem
1014 858 1161 911 inter
1192 855 1369 913 ﬁlias
1411 870 1466 915 et
1498 860 1822 931 Diospolim,
1855 863 1909 918 in
1938 864 2022 919 via
2064 865 2132 920 ad

547 963 754 1003 nonum
794 948 1031 1021 lapidem
1056 950 1237 1021 posita
1274 961 1362 1008 est
1388 951 1802 1023 Ciriatbearim,
1830 955 1923 1012 cui
1952 958 2131 1013 vicina

550 1048 638 1098 est
676 1041 987 1111 Massepha.

621 1131 745 1187 Seir
775 1135 930 1190 locus
963 1143 1049 1191 est
1080 1136 1171 1190 ubi
1208 1137 1345 1193 Esau
1382 1139 1544 1195 sedit.
1590 1139 1825 1212 Balgaad
1855 1140 1907 1196 in
1936 1156 2134 1213 campo

548 1220 744 1280 Libani
774 1228 879 1282 sita
908 1235 1014 1295 est,
1051 1229 1156 1284 sub
1186 1239 1374 1287 monte
1407 1230 1640 1287 Aﬂrmon
1673 1248 1769 1290 seu
1801 1233 2066 1290 Hermon.

626 1403 856 1461 Enakim
905 1407 1043 1465 urbs
1094 1418 1357 1466 montana
1391 1418 1498 1479 est,
1532 1412 1708 1482 posita
1752 1412 1856 1468 sub
1892 1412 2131 1469 llebron.

550 1493 893 1567 Praepostere
912 1516 1064 1567 vero,
1088 1520 1105 1553 ι
1130 1501 1208 1557 Ex
1233 1503 1494 1559 omnibus
1519 1505 1793 1561 montanis
1817 1505 1979 1571 Jnda,
2007 1526 2025 1557 ι
2050 1508 2135 1562 in-

549 1586 699 1653 quit;
751 1590 992 1643 nondum
1044 1592 1190 1646 enim
1242 1608 1305 1647 ea
1360 1591 1501 1649 Juda
1563 1595 1777 1651 habuit.
1834 1595 2136 1670 Distinguit

552 1690 682 1730 vero
711 1675 907 1732 Judam
938 1688 994 1733 et
1020 1679 1279 1738 lsraelem
1311 1686 1577 1755 scriptor,
1618 1689 1767 1757 quod
1808 1689 1899 1745 ille
1941 1690 2015 1745 sit
2041 1689 2135 1761 ju-

552 1766 697 1835 nior,
747 1777 938 1839 postea
973 1773 1120 1828 enim
1167 1772 1309 1829 Juda
1362 1777 1485 1832 duae
1537 1780 1745 1845 tribus,
1790 1778 1957 1837 Israel
2005 1798 2135 1839 vero

551 1858 741 1915 decem
802 1863 1035 1918 seorsim
1095 1876 1225 1922 sunt
1256 1878 1497 1935 vocata,
1564 1872 1672 1927 sub
1726 1870 1974 1928 Roboam
2026 1874 2134 1929 tilio

553 1952 891 2012 Salomonis.

624 2042 899 2100 Duntaa'at
935 2048 989 2102 in
1020 2047 1159 2114 Aza,
1192 2048 1331 2105 Galli
1354 2061 1404 2106 et
1426 2053 1629 2109 Asdoth
1657 2056 1831 2111 relicti
1862 2066 2006 2124 sunt,
2027 2070 2135 2114 etc.

551 2134 692 2208 [22.]
728 2136 1008 2194 Judicium
1039 2142 1143 2198 hoc
1174 2152 1262 2199 est
1309 2155 1586 2202 sectarum
1639 2148 1783 2203 inter
1816 2150 2026 2209 ﬁdeles.
2057 2153 2138 2208 Ac

552 2240 612 2283 ut
644 2245 742 2299 per
775 2246 870 2289 eas
900 2234 1104 2290 eruditi
1138 2247 1539 2295 convertantur
1570 2239 1639 2295 ad
1678 2240 1850 2297 Deum
1885 2243 1980 2315 qui
2008 2260 2138 2316 pec-

548 2333 769 2378 caruut.

620 2417 852 2490 Cumque
870 2420 991 2490 jam
1019 2423 1189 2481 Josua
1209 2429 1589 2491 consenuisset,
1616 2441 1976 2505 pravumque
2004 2445 2138 2491 esset

2234 578 2340 644 ἔως
2373 580 2677 651 Μασσηφά.
2706 580 2928 650 Ταύτην
2958 579 3017 633 δὲ
3062 579 3277 648 Ἰεφθάε
3312 580 3557 652 κατῴκει
3597 579 3832 651 πλησῖον

2233 674 2331 744 τῆς
2367 673 2785 745 Καριαθιαρείμ
2803 690 2818 705 ·
2857 675 2915 726 ἐν
3008 672 3102 727 καὶ
3123 674 3159 744 ή
3185 672 3419 737 κιϐωτὸς
3447 670 3516 745 ἦν
3542 690 3701 736 ποτε,
3735 675 3831 727 καὶ

2234 766 2491 837 Σαμουὴλ
2517 764 2779 832 ἐδίδαξεν.
2812 766 2970 819 Ἔστι
2998 766 3056 819 δὲ
3092 766 3297 837 μεταξὺ
3325 767 3515 830 Αίλίας
3547 770 3645 821 καὶ
3675 770 3832 819 Διοσ-

2234 858 2445 922 πόλεως
2483 858 2578 911 ἐπὶ
2610 857 2713 927 τῆς
2746 858 2871 911 ὁδοῦ
2899 858 3158 929 κειμένη.
3185 858 3263 921 ὼς
3298 859 3409 911 ἀπὸ
3440 861 3691 929 σημείων
3714 857 3758 910 θ’
3791 860 3827 928 ἡ

2234 949 2668 1022 Καριαθιαρεὶμ,
2699 944 2769 1023 ἦς
2789 951 2987 1020 γείτων
3014 952 3049 1023 ἡ
3093 952 3399 1023 Μασσηφά.

2307 1133 2464 1186 Ἔστι
2497 1132 2662 1204 Σηεὶρ
2694 1131 2824 1185 ἔνθα
2868 1132 3114 1203 κατῴκει
3151 1131 3346 1186 Ἠσαῦ.
3390 1132 3646 1200 Βαλαγὰδ
3676 1131 3731 1184 δὲ
3771 1133 3831 1184 έν

2231 1224 2311 1295 τῷ
2344 1224 2513 1297 πεδίῳ
2541 1224 2637 1278 τοῦ
2667 1225 2900 1279 Λιϐάνου
2936 1228 3115 1279 κεῖται
3166 1225 3272 1278 ὑπὸ
3302 1224 3366 1278 τὸ
3404 1225 3531 1295 δρος
3564 1226 3628 1278 τὸ
3671 1226 3828 1296 ’Δερο

2236 1321 2375 1392 μών.

2317 1411 2550 1482 Ἐνακὶμ
2588 1412 2744 1477 πόλις
2781 1413 2969 1487 ὀρεινὴ
3012 1415 3243 1471 τελοῦσα
3280 1416 3385 1470 ὑπὸ
3428 1416 3682 1488 Χεϐρών.
3735 1417 3834 1469 Ἐκ

2233 1500 2437 1566 παντὸς
2455 1502 2511 1555 δὲ
2527 1502 2687 1573 ὄρους
2708 1502 2879 1557 Ἰούδα
2900 1523 2919 1555 ι
2936 1504 3092 1576 φησὶ,
3108 1505 3207 1571 τὰς
3220 1506 3433 1577 ὲνορίας
3456 1506 3521 1560 ἐκ
3534 1505 3645 1559 τῶν
3670 1504 3836 1558 ῦστε-

2236 1611 2329 1665 ρον
2376 1594 2580 1649 καλῶν.
2613 1594 2782 1649 υῦπω
2828 1596 2938 1667 γάρ
2966 1596 3061 1650 νῦν
3095 1593 3245 1668 εἶχεν
3284 1598 3475 1668 αὑτήν.
3514 1596 3835 1651 Διαστέλλει

2231 1686 2289 1740 δὲ
2325 1686 2417 1739 τὸν
2465 1685 2670 1741 Ἰούδαν
2726 1688 2821 1741 καὶ
2868 1688 2961 1743 τὸν
3004 1691 3225 1762 Ἰσραὴλ
3272 1693 3302 1745 ό
3352 1692 3708 1760 συγγραφεὺς
3752 1689 3837 1753 ὡς

2237 1777 2523 1850 νεώτερος.
2561 1778 2836 1853 ’Ὕστερον
2863 1781 2973 1852 γὰρ
3014 1781 3220 1846 Ἰούδας
3256 1782 3380 1853 μὲν,
3408 1785 3466 1835 at
3489 1782 3600 1836 δύω
3626 1781 3795 1852 φυλαί
3816 1796 3836 1811 ⁸

2254 1873 2471 1946 Ἰσραὴλ
2524 1873 2604 1940 δὲ,
2657 1875 2712 1929 at
2766 1873 2901 1928 δέκα
2953 1875 3268 1947 ἐκλήθησαν
3310 1877 3404 1930 ἐπὶ
3442 1875 3681 1946 Ῥοϐοάμ
3733 1872 3839 1929 τοῦ

2240 1968 2357 2021 υἱοῦ
2385 1967 2747 2039 Σολομῶντος.

2310 2059 2503 2116 ’Τοῦτο
2536 2064 2765 2132 σημεῖον
2805 2060 2917 2115 τῶν
2944 2061 3131 2127 ζὲθνῶν
3158 2063 3254 2118 καὶ
3282 2062 3550 2133 αἱρέσεων
3576 2060 3691 2115 τῶν
3733 2077 3841 2131 με-

2237 2153 2370 2220 ταξὺ
2398 2153 2508 2206 τῶν
2541 2152 2783 2206 πιστῶνο
2817 2156 2914 2207 καὶ
2958 2153 3048 2209 ἵνα
3090 2154 3158 2208 δι’
3209 2155 3392 2208 αὐτῶν
3441 2153 3837 2223 παιδευόμενοι

2238 2247 2611 2319 ὲπιστρέφωσι
2643 2245 2780 2317 πρὸς
2819 2244 2954 2300 Θεὸν
2985 2247 3401 2319 ἁμαρτάνοντες
3447 2247 3583 2321 (ﬂ).
3623 2245 3841 2300 Ἀσδὼδ

2238 2340 2295 2395 δὲ
2333 2340 2594 2404 Ἀζωτος.

2310 2431 2424 2485 Καὶ
2488 2432 2720 2501 Ἰησοῦς
2775 2432 3185 2502 πρεσϐύτερος
3240 2429 3624 2500 προϐεϐηκὼς
3681 2430 3836 2499 ’λίπ’

551 2511 755 2575 aetatis,
789 2513 926 2566 dixit
950 2513 1210 2573 Dominus
1249 2520 1319 2573 ad
1341 2537 1461 2576 eum
1488 2538 1507 2575 :
1536 2522 1613 2577 Tu
1639 2525 1760 2594 jam
1780 2542 1940 2581 senex
1959 2528 2138 2597 [actus

2250 2524 2361 2579 οῶν
2389 2525 2527 2596 (42).
2582 2525 2693 2580 Καὶ
2744 2521 2877 2581 εἶπε
2939 2526 3159 2594 Κύριος
3206 2523 3362 2592 πρὸς
3428 2521 3718 2593 Ἰησοῦν,
3746 2519 3839 2575 Σὺ

550 2618 605 2656 es
633 2608 995 2676 provectwque
1044 2614 1242 2677 (etatis,
1287 2622 1400 2671 etc.
1435 2614 1609 2688 [XIIL
1646 2619 1726 2692 1.]
1759 2619 1815 2675 In
1852 2621 2139 2691 Scriptura

553 2709 664 2749 non
722 2697 1051 2767 simpliciter
1101 2702 1332 2775 longaevi
1393 2710 1647 2765 seniores
1708 2725 2137 2783 nuncupantur;

552 2799 743 2841 verum
779 2788 875 2858 qui
912 2789 982 2845 ob
1012 2792 1360 2861 prudentiam
1389 2797 1603 2855 honore
1626 2800 1779 2873 digni
1814 2813 1965 2868 sunt,
1995 2807 2138 2861 vita-

553 2894 679 2948 qnaa
731 2881 968 2938 scelesti.
1018 2883 1374 2959 Quapropter
1414 2906 1515 2946 nec
1546 2892 1746 2959 Adam,
1790 2911 1892 2951 nec
1927 2897 2144 2953 Mathu-

552 2972 692 3037 sala,
718 2986 818 3029 nec
847 2973 965 3030 Noe
989 2978 1209 3046 quidem
1239 2981 1515 3038 seniorem
1539 2985 1700 3045 dixit.
1732 3002 1876 3057 quos
1902 2991 2145 3049 maxime

552 3067 933 3124 conveniebat.
958 3068 1158 3126 Verum
1184 3071 1488 3145 longaevum
1507 3077 1884 3135 Abrahamum
1903 3083 2140 3151 primum

2239 2622 2613 2691 προϐέϐηκας
2636 2619 2759 2676 τῶν
2798 2619 3058 2690 ἡμερῶν.
3096 2620 3209 2690 υύχ
3244 2617 3432 2681 ἁπλῶς
3471 2619 3521 2670 οί
3558 2616 3841 2685 πολυχρόο

2239 2725 2345 2761 νιοι
2366 2709 2617 2778 λέγονται
2639 2708 3003 2780 πρεσϐύτεροι
3023 2712 3090 2779 τῇ
3118 2709 3333 2779 Γραφῇ,
3359 2706 3478 2763 ἀλλ’
3498 2707 3547 2760 oi
3568 2705 3843 2776 φρόνημα

2241 2799 2461 2872 ἔχοντες
2505 2800 2656 2869 άξιον
2682 2801 2853 2872 τιμῆς
2881 2801 3211 2872 ἐπουρανίου
3249 2798 3671 2870 πρεσϐυτερίου.
3700 2798 3839 2852 Τοι-

2242 2893 2449 2965 γαροῦν
2477 2893 2604 2948 οὔτε
2629 2894 2723 2947 τὸν
2749 2892 3082 2964 Ἀδὰμ,οὕτε
3097 2892 3191 2946 τὸν
3226 2890 3578 2953 Μαθουσάλα,
3595 2887 3724 2942 οὕτε
3739 2888 3845 2940 τὸν

2241 2987 2365 3042 Νῶε
2406 2987 2780 3059 πρεσϐύτερον
2818 2985 3183 3059 είρηκεν,οὒς
3214 2984 3415 3057 μᾶλλον
3456 2982 3646 3055 ἐχρῆν,
3691 2981 3845 3036 ἀλλὰ

2241 3081 2335 3134 τὸν
2364 3078 2881 3152 όλιγοχρονιὼτερον
2915 3077 3172 3148 ’Λϐραὰμ
3200 3075 3422 3147 πρῶτον
3446 3069 3567 3127 εἷπε
3594 3070 3848 3145 πρεσϐύ-

553 3160 854 3229 appellavit
890 3162 1189 3220 seniorem.
1215 3166 1295 3219 Ad
1343 3164 1531 3222 Moseo
1567 3183 1734 3239 porro
1762 3172 1927 3225 etiam
1960 3172 2141 3243 inquit

2250 3190 2424 3243 τερον.
2457 3173 2569 3226 Καὶ
2603 3172 2740 3243 πρὸς
2771 3171 3014 3226 Μωῦσέα
3039 3170 3098 3225 δέ
3130 3186 3266 3241 φησι
3296 3167 3535 3239 Κύριοςο
3573 3183 3591 3217 ι
3632 3162 3845 3255 Ἐκλε-

558 3252 824 3311 Dominus
859 3274 875 3312 :
908 3277 927 3310 ι
978 3258 1163 3331 Delige
1197 3260 1296 3316 tibi
1333 3277 1398 3318 ex
1439 3272 1647 3318 cuncto
1699 3266 1904 3336 populo
1949 3267 2138 3323 senio-

557 3363 666 3412 res.
720 3366 863 3420 quos
893 3359 951 3405 tu
998 3352 1119 3422 ipse
1167 3368 1295 3411 vere
1334 3356 1585 3412 seniores
1625 3372 1750 3414 esse
1795 3372 2139 3430 compertum

559 3443 728 3499 babes
755 3445 819 3498 “.
862 3464 880 3498 ι
917 3444 1076 3512 Quod
1110 3446 1157 3502 si
1201 3462 1334 3503 vero
1367 3450 1756 3519 peccatoribus
1792 3450 1897 3506 hoc
1940 3467 2141 3509 nomen

559 3532 849 3606 Scriptura
894 3538 1096 3593 tribuit
1120 3539 1358 3604 alicubi,
1410 3556 1520 3596 non
1553 3541 1675 3598 sine
1710 3544 2143 3611 reprehensione

558 3629 642 3693 tit,
674 3630 838 3699 quale
881 3629 1015 3686 illud
1058 3630 1234 3701 ipsius
1284 3633 1501 3687 Domini
1534 3641 1663 3690 est:
1700 3653 1719 3687 ι
1765 3636 1825 3690 ln
1861 3635 2141 3705 judicium

559 3721 880 3788 descendet,
930 3737 1057 3779 cum
1118 3724 1468 3791 senioribus,
1526 3734 1582 3781 et
1643 3727 1988 3798 principibus
2048 3744 2144 3799 po.

562 3815 763 3885 puli".
805 3834 824 3867 ι
864 3815 946 3869 Ad
972 3815 1230 3872 eumdem
1264 3833 1399 3874 sane
1441 3820 1664 3875 modum
1711 3830 1982 3891 provecta:
2011 3833 2146 3877 aeta-

560 3907 631 3961 tis
656 3921 780 3962 esse
809 3906 878 3962 de
909 3908 1122 3963 sanctis
1160 3908 1295 3963 dicit
1326 3925 1342 3965 :
1388 3928 1410 3962 ‹
1456 3908 1650 3968 Nullus
1681 3912 1825 3966 enim
1860 3921 2011 3968 retro
2052 3929 2145 3970 re-

520 4040 523 4043 .
562 4012 779 4062 versus,
808 4006 893 4054 est
918 4008 1236 4069 provectus.
1280 4020 1298 4054 ι
1336 4001 1539 4058 Verum
1565 4004 1612 4060 si
1640 4005 1768 4076 quis
1801 4021 1983 4061 rerum
2016 4016 2143 4078 post

562 4101 623 4141 8e
654 4088 887 4151 oblitus,
930 4087 999 4143 ad
1027 4105 1125 4145 eas
1156 4106 1279 4160 qua:
1309 4100 1438 4147 ante
1469 4107 1530 4147 se
1562 4101 1692 4147 sunt
1714 4094 2024 4149 contendit.

635 4177 921 4248 Restatque
948 4180 1123 4234 adhuc
1157 4179 1447 4235 admodum
1482 4184 1655 4237 nauita
1689 4194 1832 4239 terra
1865 4203 2026 4256 quam
2055 4204 2147 4243 oc-

561 4272 789 4336 rupetis.
831 4270 1096 4337 Quamvis
1140 4287 1310 4342 supra
1345 4271 1532 4328 dixit:
1571 4293 1590 4326 ι
1639 4273 1706 4329 Et
1748 4284 1893 4331 terra
1927 4286 2147 4334 vastata

564 4366 690 4434 igne
715 4372 800 4418 est
829 4363 1080 4419 conlecta
1106 4364 1173 4418 “.
1216 4382 1235 4416 ι
1283 4364 1418 4420 Item
1448 4365 1592 4435 quod
1637 4365 1810 4424 Josue
1834 4371 1977 4438 cepit
2007 4387 2147 4425 cun-

563 4472 707 4516 ctam
740 4470 968 4515 terram.
1015 4458 1317 4515 Considera
1365 4471 1547 4515 autem
1583 4460 1800 4517 Domini
1841 4460 1974 4519 Jesu
2003 4464 2150 4532 prio-

2246 3263 2336 3331 ξαι
2358 3264 2570 3336 σεαυτῷ
2612 3264 2721 3317 άπδ
2749 3262 2952 3328 παντὸς
2973 3262 3067 3316 τοῦ
3112 3261 3243 3316 λαοῦ
3283 3258 3709 3332 πρεσϐυτέρους,
3739 3254 3847 3319 οὓς

2243 3356 2406 3420 αὐτὸς
2447 3356 2512 3410 σὺ
2542 3351 2712 3421 οἶδας,
2743 3356 2825 3411 ὅτι
2868 3352 3235 3428 πρεσϐύτεροί
3276 3354 3439 3407 εἰσιν.
3473 3370 3491 3402 ι
3522 3351 3586 3404 El
3618 3350 3675 3403 δέ
3730 3367 3847 3403 mu

2243 3446 2392 3514 λέγοι
2423 3445 2584 3501 τοῦτο
2623 3447 2753 3513 περὶ
2792 3445 3121 3519 ἀμαρτωλοῦ
3162 3446 3197 3517 ἡ
3234 3443 3449 3516 Γραφὴ,
3500 3442 3621 3513 μεθ’
3652 3444 3846 3497 ὑποτι-

2247 3538 2469 3609 μήσεώς
2507 3555 2711 3610 φησιν·
2766 3558 2785 3589 ‹
2821 3533 2970 3604 Οἷον,
3021 3538 3183 3602 αὐτὸς
3225 3539 3254 3592 ό
3302 3537 3508 3606 Κύριος
3538 3537 3619 3599 είς
3652 3535 3846 3605 κρίσιν

2243 3630 2363 3702 ἥξει
2412 3630 2552 3701 μετά
2582 3629 2693 3684 τῶν
2722 3628 3139 3700 πρεσϐυτέρων,
3184 3627 3280 3681 καὶ
3325 3625 3466 3697 μετὰ
3491 3624 3602 3678 τῶν
3635 3623 3843 3694 ἀρχόν-

2244 3740 2355 3777 των
2410 3721 2507 3775 τοῦ
2560 3721 2715 3777 λαοῦ.
2750 3741 2770 3775 ι
2823 3721 3058 3792 Ὁμοίως
3091 3720 3149 3774 δὲ
3191 3719 3287 3775 καὶ⁵
3330 3719 3394 3772 τδ
3425 3716 3841 3788 προϐεϐηκέναι

2246 3818 2366 3881 ταῖς
2394 3814 2636 3887 ἡμέραις
2675 3815 2770 3869 ἐπὶ
2804 3815 2978 3884 ἁγίων
3016 3814 3204 3884 φησίν.
3236 3812 3429 3875 Οὐδεὶς
3461 3810 3572 3882 γάρ
3603 3809 3842 3879 στρεφό-

2250 3924 2410 3981 μενος
2456 3910 2539 3973 είς
2583 3908 2651 3962 τὰ
2695 3907 2898 3973 ὀπίσω,
2943 3906 3322 3978 προϐέϐηκενο
3369 3902 3485 3957 ἀλλ’
3514 3902 3570 3955 εἴ
3607 3919 3693 3964 τις
3727 3903 3843 3962 τοῖς

2246 4001 2559 4073 ἔμπροσθεν
2611 3998 3007 4065 ἐπεκτείνεται,
3062 3997 3175 4053 τῶν
3224 3995 3453 4050 δπισθεν
3485 3992 3843 4049 ἐπιλανθανό-

2250 4110 2432 4164 μενος.

2318 4185 2427 4240 Καὶ
2450 4185 2490 4252 ἡ
2522 4182 2596 4254 τῆ
2628 4182 3064 4239 ὑπολέλειπται
3089 4179 3293 4247 πολλὴ
3346 4177 3605 4247 σφόδρα.
3644 4175 3841 4229 Καίτοι

2250 4280 2503 4351 προεῖπε,
2525 4297 2544 4331 ι
2568 4278 2678 4329 Καὶ
2698 4278 2730 4348 ἡ
2756 4276 2826 4345 γῆ
2844 4274 3160 4328 κατέπαυσε
3175 4273 3304 4325 πολε
3316 4290 3415 4342 μου
3425 4272 3587 4341 μένη,
3614 4290 3633 4322 ι
3653 4270 3841 4322 καὶδτι

2248 4372 2278 4425 ό
2304 4369 2513 4442 Ἰησοῦς
2538 4369 2701 4423 ἔλαϐε
2733 4370 2918 4422 πᾶσαν
2946 4366 3045 4437 τὴν
3072 4366 3199 4436 γῆν.
3230 4366 3361 4419 Νόει
3393 4364 3572 4418 τοίνυν
3598 4362 3698 4416 τοῦ
3729 4363 3841 4415 Κυ-

2256 4463 2376 4534 ρίου
2424 4460 2604 4532 Ἰησοῦ
2638 4460 2917 4531 προτέραν
2967 4458 3067 4528 μὲν
3123 4457 3395 4529 κράτησιν
3443 4455 3549 4525 τῆς
3576 4454 3704 4525 γῆς,
3751 4455 3839 4507 ὅτε

565 4568 678 4607 rem
709 4550 930 4621 quidem
964 4558 1125 4605 terra:
1152 4550 1639 4621 expugnationem,
1672 4552 1894 4622 quando
1918 4554 2141 4610 verbum

2256 4556 2480 4625 ἔσπειρε
2513 4553 2606 4607 τὸν
2639 4552 2800 4622 λόγον
2830 4550 3001 4606 αὐτοῦ
3026 4552 3107 4615 είς
3139 4552 3321 4604 πᾶσαν
3354 4548 3457 4619 τὴν
3485 4547 3837 4618 οἰκουμένην.

564 4663 724 4701 suum
752 4660 848 4716 per
880 4654 1057 4700 totum
1094 4643 1283 4698 orbem
1327 4644 1554 4715 sparsit.
1602 4642 1661 4699 In
1691 4659 1758 4700 eo
1802 4646 1947 4701 enim
1998 4649 2147 4718 quod

563 4740 848 4795 daemones
896 4738 955 4792 in
1000 4750 1335 4807 unaquaque
1394 4744 1558 4805 gente
1606 4738 1935 4805 superavit,
1972 4740 2152 4811 iisque

566 4833 741 4905 pulsis
777 4831 1007 4887 verbum
1059 4845 1223 4886 suum
1267 4845 1364 4901 per
1409 4828 1690 4887 Ecclesias
1725 4831 1950 4899 sparsit,
1986 4833 2148 4889 unica

565 4943 631 5002 ac
663 4927 816 4996 prior
844 4923 978 4979 Jesu
1012 4923 1247 4980 victoria
1279 4924 1556 4980 consistit.
1590 4925 1657 4977 At
1682 4924 1816 4978 mihi
1850 4924 2150 4980 secundam

566 5028 690 5091 post
717 5017 867 5073 illam
899 5016 1046 5081 vide,
1080 5004 1303 5086 quando
1348 5017 1538 5072 multis
1587 5016 1940 5085 portionibus
1969 5016 2153 5072 adhuc

564 5112 779 5167 relictis
820 5117 1024 5165 cuncta
1057 5109 1363 5179 superabit.
1398 5107 1672 5176 Quocirca
1717 5110 1885 5178 priori
1924 5109 2149 5180 quidem

566 5202 726 5265 illud,
757 5209 970 5258 vastata
998 5202 1273 5272 congruit,
1308 5200 1569 5256 secundae
1610 5216 1744 5255 vero
1779 5200 1937 5267 illud,
1980 5201 2151 5255 multa

566 5297 744 5352 valde.
799 5294 1184 5351 Verumtamen
1245 5293 1514 5348 fortunati
1564 5308 1758 5349 omnes
1814 5294 1906 5364 qui
1969 5294 2153 5363 priore

568 5390 862 5462 praesentia
897 5399 1028 5445 sunt
1083 5388 1352 5460 snperali.
1391 5386 1546 5441 lianc
1593 5388 1739 5442 enim
1781 5386 2012 5457 gratiam
2048 5387 2148 5439 ha-

569 5485 723 5550 bent,
777 5483 926 5555 quod
981 5483 1169 5540 multis
1218 5481 1403 5537 adhuc
1451 5479 1859 5537 reluctantibus
1916 5478 2151 5551 imperio

645 5664 687 5696 "
721 5664 885 5720 Num.
920 5678 999 5729 xi,
1031 5661 1120 5716 16.
1197 5659 1242 5692 ⁸³
1269 5658 1378 5715 lsa.
1405 5673 1488 5727 ιιι,
1523 5658 1613 5714 14.
1695 5654 1928 5712 "Josue
1956 5672 2034 5724 xl,
2066 5656 2153 5713 l5.

2256 4649 2346 4720 Τῷ
2375 4648 2484 4718 γὰρ
2514 4643 2926 4717 κεκρατηκέναι
2975 4643 3121 4714 τάχα
3166 4642 3277 4695 τῶν
3315 4642 3375 4694 ὲν
3425 4642 3646 4711 ἑκάστῳ
3698 4639 3839 4693 ἔθνει

2256 4742 2565 4812 Δαιμόνων,
2596 4738 2868 4793 ἀπελάσαι
2895 4754 2955 4791 τε
2991 4734 3237 4798 τούτους,
3282 4733 3505 4803 ἔσπειρε
3548 4732 3643 4787 τδν
3686 4733 3838 4799 λόγον

2256 4837 2336 4899 είς
2369 4834 2471 4899 τὰς
2508 4830 2859 4904 Ἐκκλησίας.
2886 4829 3033 4900 Αὕτη
3071 4827 3169 4900 μία
3197 4827 3465 4902 κράτησις
3502 4824 3598 4879 τοῦ
3644 4822 3834 4895 Ἰησοῦ.

2260 4928 2369 4981 Ἴδε
2403 4924 2614 4997 μοικαὶ
2639 4924 2725 4977 ἔπ’
2753 4922 2937 4995 ἐκείνῃ
2964 4919 3247 4991 δευτέραν,
3269 4919 3357 4971 ὅτε
3389 4916 3612 4969 πάντων
3640 4915 3837 4985 κρατή·

2254 5037 2357 5087 σει,
2412 5017 2626 5073 πολλῶν
2666 5015 2765 5069 νῦν
2816 5015 3022 5086 μορίων
3074 5008 3524 5081 ὑπολειπομένων
3576 5007 3679 5078 τῆς
3714 5007 3832 5074 γῆς.

2255 5113 2349 5167 me.
2390 5115 2460 5184 τῇ
2506 5112 2605 5184 μὲν
2633 5108 2884 5181 προτέρᾳ
2908 5108 2987 5173 τὸ,
3018 5102 3430 5176 πολεμουμένῃ,
3476 5100 3792 5172 πρόσκειται
3816 5112 3832 5125 ·

2254 5209 2320 5277 τῇ
2378 5205 2437 5259 δὲ
2485 5202 2735 5276 δευτέρᾳ,
2789 5202 2871 5267 τὸ,
2928 5199 3100 5270 πολλὴ
3143 5196 3370 5269 σφόδρα.
3396 5194 3545 5265 Πλὴν
3580 5193 3834 5265 μακάριοι

2257 5297 2460 5360 πάντες
2504 5297 2555 5348 oi
2608 5296 2668 5347 ὲν
2723 5295 2791 5363 τῇ
2844 5290 3037 5363 πρώτη
3092 5287 3367 5360 παρουσίᾳ
3413 5283 3829 5357 κεκρατημένοι.

2256 5386 2434 5455 Χάρις
2464 5384 2574 5456 γὰρ
2607 5384 2812 5450 αὐτοῖς,
2840 5384 2923 5436 ὅτι
2952 5378 3166 5439 πολλῶν
3187 5378 3269 5434 ἔτι
3294 5376 3678 5447 πολεμούντων
3705 5375 3834 5426 ὐπο-

2256 5478 2575 5533 τάσσονται.
2633 5476 2699 5530 οι
2728 5476 2839 5547 γὰρ
2884 5474 2980 5529 ἐπὶ
3002 5475 3102 5546 τῆς
3133 5470 3398 5545 δευτέρας
3442 5470 3657 5542 ἀνάγκη
3703 5482 3832 5537 κρα-

2067 5763 2299 5821 ΝΟΤΛΞ..
2772 5810 2775 5813 .

647 5871 760 5941 (Η)
780 5871 862 5924 Τὰ
883 5870 1025 5924 αὐτὰ
1050 5869 1143 5922 καὶ
1170 5870 1198 5922 ὁ
1222 5865 1464 5939 Προκόπ.
1489 5866 1546 5918 ὲν
1576 5862 1653 5934 τῷ
1673 5864 1769 5935 τῆς
1822 5862 1957 5931 Αύγ.
2017 5860 2149 5916 κώδ.
2251 5858 2363 5929 (42)
2394 5855 2516 5910 Τῶν
2546 5852 2787 5927 ἡμερῶν.
2813 5850 2881 5907 Δί
2901 5851 3027 5908 αὐτ.
