4058 6506
212 329 344 394 1025

1342 324 1883 401 COMMENTARII
1920 324 2001 386 IN
2037 322 2295 385 JOSUE.

3354 323 3498 387 1026

208 442 443 507 τοῦνται,
472 443 549 508 ὡς
583 445 678 498 καὶ
713 443 805 497 τὸν
834 442 1066 515 ἔσχατον
1097 442 1292 512 ἐχθρὸν
1327 441 1557 495 θάνατον
1584 455 1793 509 καταρ-

1922 436 2120 491 lomiui
2147 435 2261 505 jam
2298 432 2580 490 fruuntur.
2616 434 2723 489 Alii
2752 434 2900 489 enim
2937 449 3082 506 quos
3110 436 3353 491 secunda
3396 439 3492 490 ile-

207 537 462 609 γηθῆναι.
489 537 676 591 Πάντα
713 537 769 591 δὲ
804 536 1022 608 πρῶτον
1048 536 1118 588 τά
1149 534 1300 604 ἔθνη,
1331 534 1475 587 καθὰ
1509 534 1657 587 δοκεῖ
1683 533 1796 594 τοῖς

208 630 543 701 προφήταις.
573 630 681 684 ἀπὸ
714 629 970 700 περάτων
998 628 1105 694 ἕως
1133 626 1391 699 περάτων
1416 626 1517 697 τῆς
1544 626 1801 696 οἰκουμέ-

208 740 304 794 νης
331 722 764 794 ὑποταγήσεται.

280 984 505 1038 Πολλῶν
535 986 643 1040 τῶν
681 989 1143 1060 ὑποτασσομένων
1167 988 1580 1060 ὀνομασθέντων
1607 989 1800 1054 ἐθνῶν,

211 1078 307 1131 ἐπὶ
337 1081 518 1150 μόνων
558 1082 664 1139 τῶν
697 1084 968 1138 Σιδωνίων
1013 1086 1201 1157 φησιν,
1233 1084 1309 1149 ώς
1347 1102 1365 1136 ι
1407 1084 1807 1156 Ἐξολοθρεύσω

213 1174 416 1238 αὐτοὺς
450 1176 559 1229 ἀπὸ
588 1177 887 1248 προσώπου
933 1179 1045 1232 τῶν
1073 1180 1207 1233 υἱῶν
1249 1177 1488 1250 Ἰσραήλ.
1535 1198 1553 1229 ι
1608 1180 1677 1231 Ἦ
1702 1196 1809 1231 κοι-

212 1265 305 1320 νὸν
342 1266 507 1320 τοῦτο
539 1269 683 1322 κατά
722 1270 942 1324 πάντων
976 1270 1271 1343 λαμϐάνων
1292 1290 1305 1304 ·
1355 1272 1388 1342 ἣ
1427 1273 1615 1344 ἐπειδὴ
1644 1271 1809 1326 Σιδώ-

213 1376 320 1412 νιοι
377 1359 797 1430 ἑρμηνεύονται,
847 1365 1147 1433 θηρευταί.
1202 1365 1392 1417 Πάσαν
1423 1364 1531 1435 γὰρ
1578 1364 1810 1435 δύναμιν

214 1454 561 1525 θηρεύουσαν
592 1454 772 1526 ψυχάς
796 1454 1104 1526 ἀνθρώπων
1130 1456 1524 1527 ὲξολοθρεύσει.
1557 1458 1667 1512 Καὶ
1690 1457 1811 1511 τότε

216 1547 455 1617 μηδενὸς
515 1547 666 1611 ὄντος
739 1547 1094 1619 θηρεύοντος,
1152 1549 1529 1604 ἀναπαύσεται
1581 1550 1810 1614 ἕκαστος

216 1640 485 1694 ὑποκάτω
513 1640 614 1710 τῆς
643 1641 893 1710 ἀμπέλου
938 1641 1128 1708 αὑτοῦ,
1168 1643 1265 1699 καὶ
1294 1642 1554 1698 ὑποκάτω
1596 1646 1696 1715 τῆς
1729 1661 1816 1698 συ-

214 1730 325 1801 κῆς
348 1730 538 1785 αὑτοῦ.

1903 527 2226 599 prehendet,
2262 526 2617 583 necessitatis
2672 527 2939 583 violentia
2972 527 3318 597 subigentur.
3345 525 3499 582 Adeo

1902 633 1964 676 ut
2003 635 2104 678 nec
2137 628 2427 677 extremus
2472 619 2647 675 hostis
2696 635 2851 676 mors
2883 637 3004 676 eam
3049 624 3226 693 possit
3263 622 3492 677 evitare.

1902 707 2069 766 Prius
2114 722 2250 763 vero
2278 706 2442 777 juxta
2490 709 2890 779 prophetarum
2936 712 3269 767 sententiam
3306 722 3500 785 gentos

1904 811 2121 857 cuncta:
2153 800 2222 857 ab
2262 801 2523 859 omnibus
2552 812 2716 859 terra:
2754 802 2962 859 ﬁnibus
2993 803 3230 861 Domino
3261 804 3498 873 subjun-

1905 898 2130 965 gentur.

1977 986 2271 1042 Multarum
2306 1001 2439 1042 vero
2486 987 2736 1059 gentium
2790 986 3139 1042 subditarum
3176 988 3498 1044 nominibus

1907 1078 2187 1144 adductis.
2239 1080 2308 1135 de
2365 1080 2501 1137 solis
2562 1079 2803 1136 Sidoniis
2849 1080 3072 1151 inquit:
3105 1101 3125 1133 ι
3163 1081 3495 1137 Exscindain

1908 1190 2005 1230 eos
2053 1183 2185 1230 ante
2238 1174 2385 1231 ﬂlios
2424 1173 2617 1239 Israel,
2654 1192 2673 1226 ι
2726 1175 2843 1230 sive
2874 1177 3021 1245 quod
3066 1177 3120 1230 in
3165 1192 3365 1245 genere
3400 1191 3499 1245 pro

1909 1267 2169 1325 omnibus
2198 1277 2455 1339 usurpat,
2499 1268 2618 1323 sive
2646 1268 2793 1339 quod
2826 1267 3091 1324 Sidonios
3131 1270 3294 1340 vulgo
3325 1272 3500 1324 inter—

1912 1372 2199 1431 pretantur
2251 1372 2549 1417 venatores.
2583 1360 2854 1416 Cunctam
2902 1362 3050 1417 enim
3102 1376 3326 1416 manum
3380 1378 3503 1433 quae

1916 1463 2145 1509 venatur
2199 1456 2418 1511 animas
2466 1456 2737 1510 humanas
2769 1454 3075 1510 exscindet.
3124 1454 3283 1509 Nullo
3319 1456 3504 1525 itaque

1916 1555 2178 1601 venatore
2230 1546 2547 1613 superstite,
2600 1546 2985 1616 unusquisque
3034 1545 3139 1600 sub
3182 1547 3343 1602 vinea
3377 1562 3502 1613 sua,

1917 1635 2136 1707 ﬁcuque
2164 1651 2265 1693 sua
2300 1637 2611 1707 requiescet
2634 1637 2699 1690 ".

290 1792 437 1876 Ᾰότε
464 1822 534 1887 ἐξ
560 1820 731 1893 ἡμῶν
764 1824 924 1893 τρεῖς
948 1823 1174 1893 ἄνδρας
1203 1827 1355 1881 κατὰ
1380 1828 1610 1896 φυλήν.
1647 1827 1813 1899 Δῆλον

1991 1810 2135 1867 Date
2164 1828 2190 1866 ε
2225 1814 2367 1868 vobis
2402 1823 2507 1867 tres
2540 1813 2680 1868 viros
2724 1814 2990 1882 tributim,
3026 1824 3136 1871 etc.
3179 1814 3391 1887 [XVIIL
3421 1814 3506 1889 4.]

217 1916 304 1969 ὅτι
342 1917 725 1987 γεωμετρικῆς
752 1918 1145 1989 ἐπιστήμονας,
1176 1920 1269 1973 καὶ
1298 1921 1523 1985 ἱκανοὺς
1553 1922 1814 1993 ποιότητα

217 2010 327 2079 γῆς
364 2010 665 2064 ἀντιθεῖναι
702 2013 985 2083 ποσότητι.
1015 2013 1126 2067 Καὶ
1162 2015 1300 2069 κατά
1332 2014 1395 2068 τὸ
1426 2015 1659 2085 μέγεθος
1684 2016 1815 2070 ἑκά-

219 2118 358 2171 στης
392 2102 565 2174 φυλῆς
610 2102 859 2177 ἀφώρισε
900 2105 1029 2169 τοὺς
1061 2107 1297 2178 κλήρους
1336 2108 1366 2159 ό
1411 2107 1639 2177 Ἰησοῦς.
1694 2108 1815 2173 Ἐξ-

219 2193 381 2247 έσται
412 2194 467 2247 δὲ
501 2195 579 2264 τῷ
605 2194 915 2268 βουλομένῳ
935 2198 1067 2268 παρ’
1092 2198 1358 2269 Ἰωσήπου
1385 2199 1572 2253 λαόεῖν
1592 2199 1700 2252 ἀπὸ
1721 2200 1815 2255 τοῦ

222 2286 483 2355 πέμπτου
526 2286 685 2355 λόγου
736 2288 831 2341 τοῦ
882 2290 1014 2360 περὶ
1058 2289 1450 2359 ἀρχαιολογίας
1497 2291 1552 2344 εῐ
1589 2308 1643 2345 τι
1688 2291 1816 2364 περὶ

222 2379 326 2449 τῆς
356 2380 681 2451 ὲκερράσεως
716 2380 826 2434 τῶν
859 2381 1083 2453 κλήρων
1110 2383 1258 2451 λέγει
1292 2383 1651 2453 σαφέστερον.

297 2469 655 2539 Χειμάρρουν
679 2470 736 2523 δὲ
764 2471 1044 2539 Αἰγύπτου
1099 2471 1193 2525 τὸν
1241 2472 1672 2545 Ῥινοκορούρων
1709 2491 1817 2544 φη-

225 2559 305 2615 σί.
337 2560 477 2615 Καθ’
517 2560 714 2633 ἑτέραν
736 2562 794 2615 δὲ
832 2564 986 2630 τάξιν
1015 2564 1146 2629 τοὺς
1198 2565 1441 2637 κλήρους
1487 2567 1815 2639 ἠρίθμησεν.

240 2652 440 2706 Ἰστέον
462 2651 541 2717 δὲ,
571 2652 647 2717 ώς
681 2653 751 2707 τὰ
776 2656 908 2725 περὶ¹
936 2656 1165 2719 Σιδῶνα,
1186 2658 1281 2711 καὶ
1330 2658 1678 2729 Ἀρυκαίους,
1727 2662 1821 2714 καὶ

241 2742 599 2813 Ἀμαθαίους,
626 2745 724 2798 καὶ
769 2744 1051 2818 ’Δραδίους
1105 2749 1483 2823 ἀδιακόσμητα
1536 2748 1625 2823 ἦν,
1692 2754 1821 2816 ῐσως

226 2833 341 2887 ὑπὸ
367 2836 553 2905 γήρως
581 2835 1004 2907 ὲμποδισθέντος
1041 2839 1240 2909 Ἰησοῦ,
1270 2842 1367 2896 καὶ
1405 2843 1514 2896 τῶν
1564 2844 1682 2914 μετ’
1724 2844 1825 2898 αὑο

228 2929 327 2982 τὸν
368 2927 660 2999 ἡγεμόνων
688 2928 1151 3000 ῥαθυμησάντων.

302 3018 553 3071 Καθόλου
591 3018 648 3072 δὲ
679 3019 887 3091 νοητῶς
930 3021 1062 3090 περὶ
1095 3020 1206 3074 τῶν
1250 3021 1563 3093 εἰρημένων
1612 3025 1821 3078 εἰπεῖν’

230 3110 597 3181 ὑποδείγματι
624 3112 719 3163 καὶ
748 3112 878 3182 σκιᾷ
900 3112 1009 3165 τῶν
1041 3114 1385 3185 ἐπουρανίων
1405 3116 1454 3167 oi
1486 3116 1627 3170 κατά
1658 3117 1824 3187 νόμον

232 3203 552 3275 ὲλάτρευον.
612 3205 723 3259 Καὶ
776 3205 854 3269 tit;
899 3205 1074 3269 τύπος
1123 3202 1195 3278 ἦν
1241 3200 1622 3280 Ἰερουσαλὴμ,
1659 3210 1754 3264 καὶ
1796 3211 1825 3263 ό

232 3297 383 3362 ναὸς,
420 3298 517 3351 κα)⁵
551 3298 613 3351 τὸ
651 3298 1064 3370 θυσιαστήριον,
1099 3299 1393 3372 ἀρχιερεύς
1418 3319 1477 3355 τε
1506 3303 1601 3356 καὶ
1636 3304 1822 3374 ἱερεῖς⁹

231 3387 384 3443 οὕτω
427 3390 524 3442 καὶ⁵
568 3391 627 3447 αἱ
654 3390 841 3454 πόλεις
875 3392 970 3446 καὶ
1000 3391 1189 3462 κῶμαι
1233 3394 1335 3465 τῆς
1375 3394 1671 3459 Ἰουδαίας·
1708 3396 1825 3449 ἀλλ’

230 3482 587 3553 ἐπεδήμησεν
638 3483 667 3534 ό
722 3484 1018 3553 καταργῶν
1066 3485 1196 3549 τοὺς
1241 3485 1466 3551 τύπους,
1514 3488 1615 3559 τὴν
1643 3488 1826 3563 ἀληθῆ

228 3577 499 3646 παρέχων
533 3574 907 3647 προσκύνησιν
940 3594 1001 3630 τε
1030 3578 1126 3633 καὶ
1155 3580 1535 3652 κληροδοσίαν.

305 3836 431 3888 Τῶν
454 3834 832 3907 κληρονομιῶν
864 3838 919 3892 αἱ
952 3838 1052 3908 μὲν
1082 3838 1189 3894 ὑπὸ
1216 3840 1519 3905 Μωῦσέως,
1551 3842 1609 3895 αἱ
1637 3842 1695 3896 δὲ
1722 3844 1828 3895 ὑπὸ

246 3927 427 3997 Ἰησοῦ
450 3928 790 4000 διεδόθησαν.
810 3930 1109 3999 Οὑδέτερος
1130 3931 1187 3985 δὲ
1204 3935 1322 3996 τοῖς
1344 3934 1599 3997 Λευΐταις
1622 3935 1826 3989 δέδωκε

232 4028 627 4100 κληρονομίαν.
663 4029 870 4101 Κύριος
912 4008 1083 4101 γάρθό
1108 4030 1240 4093 Θεὸς
1272 4029 1610 4101 κληρονομία
1644 4032 1827 4085 αὑτῶν

232 4121 376 4172 ἐστι.
424 4117 575 4190 Πλὴν
609 4116 726 4172 ἔστι
771 4118 1029 4192 διαφορά.
1074 4119 1132 4173 '0
1168 4119 1269 4190 μὲν
1300 4118 1411 4190 γὰρ
1445 4121 1687 4192 Μωῦσῆς
1728 4124 1826 4193 τὴν

231 4214 347 4282 πρὸ
376 4211 473 4265 τοῦ
508 4211 778 4284 Ἰορδάνου
807 4211 914 4282 γῆν
957 4212 1264 4283 διανείμας,
1293 4213 1353 4265 τὸ
1384 4214 1680 4267 ἐπιϐάλλον
1710 4216 1829 4270 ἐκεῖ

237 4303 407 4376 μέρος
432 4306 545 4368 τοῖς
570 4305 823 4369 Λευῖταις
847 4305 949 4358 οὑκ
974 4304 1173 4358 ἔδωκεν
1192 4320 1207 4335 ο
1231 4305 1347 4359 ἀλλ’
1387 4305 1595 4377 Ἰησοῦς
1626 4310 1746 4361 ἐκεῖ
1768 4324 1827 4361 τε

234 4398 332 4450 καὶ
361 4398 503 4468 μετά
530 4398 623 4452 τὸν
652 4398 926 4470 Ἰορδάνην
956 4398 1283 4468 παρέσχετο.
1314 4398 1487 4469 Δῆλον
1522 4400 1631 4471 γάρ
1659 4401 1742 4454 ὅτι
1766 4400 1829 4454 τὸ

1916 1903 2189 1962 Nimirum
2224 1907 2363 1962 artis
2395 1908 2746 1978 geometrica;
2794 1922 3022 1979 gnaros,
3070 1910 3507 1979 qualitatemque

1919 2006 2080 2054 terrae
2134 2014 2261 2055 cum
2314 2002 2625 2070 quantitate
2678 2002 3002 2058 conferendi
3055 2011 3236 2073 aptos.
3271 2002 3407 2057 Nam
3451 2004 3505 2057 in

1916 2090 2314 2149 distributione
2344 2094 2658 2165 portionum
2692 2095 2966 2166 cujusque
3013 2096 3196 2152 tribus
3228 2097 3507 2166 magnitu-

1919 2185 2107 2241 dinem
2160 2187 2427 2256 respexit.
2482 2186 2637 2244 Licet
2672 2204 2802 2243 vero
2831 2190 2926 2259 qui
2974 2190 3120 2245 volet
3165 2205 3231 2244 ex
3278 2188 3507 2260 Josephi

1919 2279 2118 2345 quinto
2157 2278 2549 2346 Antiquitatum
2591 2281 2732 2337 libro
2764 2289 2955 2349 petere
2983 2281 3135 2351 quod
3165 2281 3235 2337 de
3283 2283 3509 2352 exposi-

1922 2370 2071 2425 tione
2098 2370 2332 2426 sortium
2371 2373 2577 2427 clarius
2617 2373 2796 2428 habet.

1993 2462 2170 2519 Porro
2199 2475 2497 2523 torrentem
2533 2465 2755 2537 Egypti
2800 2468 3071 2532 nominat,
3108 2482 3231 2538 quae
3271 2467 3512 2521 Rinoco-

1923 2572 2052 2613 rura
2090 2566 2195 2616 est.
2242 2557 2515 2616 Caeterum
2553 2562 2667 2615 alio
2710 2560 2908 2616 ordine
2950 2569 3131 2617 sortes
3167 2562 3509 2631 supputavit.

1926 2647 2224 2707 Sciendum
2285 2667 2387 2707 nec
2437 2669 2549 2708 non
2607 2653 2755 2725 quod
2779 2669 2843 2708 ea
2875 2669 2999 2724 qute
3025 2654 3175 2709 circa
3224 2654 3508 2714 Sidonem.

1924 2743 2225 2816 Aryczos,
2288 2744 2641 2813 Atuatha-os,
2694 2748 3041 2817 Aradiosque
3096 2756 3245 2813 sunt,
3307 2748 3511 2800 inculta

1924 2850 2107 2893 erant.
2144 2838 2404 2896 Fortasse
2435 2840 2585 2911 quod
2607 2840 2777 2896 Josue
2799 2841 2953 2895 senio
2981 2841 3277 2912 impeditus
3309 2839 3511 2905 fuerat,

1924 2929 2220 2999 ceterique
2244 2939 2367 2999 post
2398 2930 2575 2999 ipsum
2605 2931 2776 2987 duces
2795 2932 3021 3000 segnius
3044 2932 3309 3001 egissent.

1999 3019 2058 3075 In
2091 3036 2307 3077 summa
2339 3037 2470 3077 vero
2509 3033 2567 3077 ut
2600 3037 2629 3076 a
2668 3024 2835 3077 rebus
2862 3014 3025 3093 supra
3056 3023 3224 3079 dictis
3256 3023 3321 3078 ad
3352 3022 3517 3093 spiri-

1852 3148 1896 3205 ο
1930 3120 2046 3168 tum
2064 3129 2286 3185 quoque
2306 3114 2701 3186 digrediamur,
2722 3115 2776 3169 in
2798 3114 2971 3186 figura
2990 3130 3055 3170 ac
3092 3117 3285 3170 umbra
3328 3132 3514 3170 rerum

1931 3206 2241 3262 caelestium
2286 3208 2469 3264 cultus
2498 3207 2602 3278 legi
2625 3206 2784 3280 491
2804 3212 3512 3281 atteiuperatus,constitit.

1928 3297 2406 3365 Quemadmodum
2453 3300 2641 3370 itaque
2684 3301 2817 3356 urbs
2860 3300 3191 3367 Jerusalem,
3228 3304 3513 3373 templum,

1928 3392 2127 3457 altare,
2161 3406 2411 3448 summus
2444 3392 2714 3463 pontifex,
2750 3402 2805 3448 et
2841 3394 3164 3451 sacerdotes
3197 3406 3381 3466 typum
3418 3412 3515 3451 seu

1931 3483 2162 3557 ﬁguram
2195 3499 2308 3555 pra:
2337 3499 2397 3540 se
2427 3485 2693 3548 tulerunt,
2730 3488 2807 3541 ita
2841 3486 3040 3558 oppida
3072 3503 3292 3559 quoque
3323 3502 3387 3542 ac
3410 3490 3516 3543 vici

1926 3575 2153 3632 Judaaa'.
2224 3575 2421 3633 Verum
2481 3577 2528 3633 is
2581 3578 2675 3648 qui
2730 3578 2936 3650 ﬁguras
2981 3582 3177 3644 elevat,
3224 3595 3520 3650 veramque

1928 3664 2335 3733 adorationem,
2386 3675 2442 3722 et
2487 3670 2840 3724 sortitionem
2887 3671 3118 3726 exhibet
3162 3672 3515 3727 inmundum

1924 3756 2038 3825 jam
2070 3757 2330 3813 adventat
2346 3758 2409 3811 il.

2000 3850 2271 3904 Caeterum
2327 3850 2684 3905 sortitionum
2747 3851 2868 3907 alia:
2921 3853 3143 3924 quidem
3195 3856 3297 3911 sub
3343 3854 3516 3918 Mose.

1929 3941 2051 3996 alia:
2083 3957 2215 3998 vero
2249 3942 2353 3997 sub
2377 3940 2547 3998 Josue
2575 3944 2734 4000 l'ai'tte
2766 3954 2928 4013 sunt;
2963 3958 3159 4003 neuter
3191 3964 3321 4003 vero
3356 3948 3518 4004 Levi-

1928 4034 2003 4091 tis
2032 4043 2239 4091 sortem
2265 4036 2505 4106 aliquam
2544 4035 2762 4103 detulit,
2798 4037 3066 4096 Dominus
3090 4042 3234 4096 enim
3267 4042 3515 4111 ipsorum

1928 4143 2054 4185 sors
2083 4136 2171 4184 est
2192 4129 2257 4182 “.
2286 4127 2384 4183 Est
2407 4136 2591 4185 tamen
2624 4130 2809 4200 aliqua
2834 4134 3000 4187 etiam
3037 4135 3149 4189 illic
3170 4133 3516 4190 diﬂ‘erentia:

1929 4219 2111 4276 Moses
2141 4221 2349 4277 etenim
2380 4236 2507 4276 cum
2544 4232 2745 4277 terram
2779 4224 2862 4280 cis
2895 4223 3186 4283 Jordanem
3210 4227 3517 4296 divisisset,

1930 4311 2137 4369 Levitis
2173 4315 2596 4370 convenientem
2633 4315 2747 4371 illic
2796 4326 3010 4387 partem
3045 4336 3153 4374 non
3202 4321 3375 4375 dedit.
3410 4320 3518 4376 Ve-

1931 4419 2052 4460 rum
2082 4403 2249 4461 Josue
2274 4420 2400 4461 eum
2440 4405 2552 4461 illic
2584 4417 2697 4461 tuui
2734 4415 2888 4463 trans
2921 4406 3212 4465 Iordanem
3244 4410 3296 4463 id
3338 4412 3518 4481 ipsum

235 4491 519 4562 ἱερατικὸν
544 4490 760 4560 ἀληθῶς
783 4490 978 4561 τάγμα
1000 4490 1063 4543 τὸ
1084 4491 1562 4561 ἑπισπειρόμενον,
1587 4491 1684 4545 καὶ
1712 4495 1821 4557 τοῖς

1932 4498 2190 4570 pmbuit.
2241 4499 2474 4556 Constat
2506 4503 2653 4555 enim
2692 4502 2839 4571 quod
2875 4501 3015 4557 ordo
3045 4505 3409 4559 sacerdotalis
3435 4507 3519 4559 in-

235 4583 503 4655 πρώτοις,
550 4582 626 4646 ὼς
664 4582 731 4637 ἀν
758 4581 1086 4651 ἀγιασθῶσι,
1133 4582 1230 4635 καὶ
1270 4585 1383 4646 τοῖς
1410 4582 1703 4654 δευτέροις,
1739 4585 1821 4638 ἵνα

1937 4601 2020 4646 ter
2072 4592 2210 4647 alios
2257 4592 2563 4662 dispersus,
2602 4593 2880 4663 prioribus
2912 4594 3130 4663 quidem
3178 4596 3521 4661 hominibus,

237 4676 684 4749 μακαρισθῶσιν,
724 4675 830 4730 ὑπὸ
856 4674 1034 4747 Ἰησοῦ
1066 4675 1304 4746 Χριστοῦ
1337 4674 1675 4746 διανέμεται.
1704 4677 1821 4731 Τῶν

1937 4694 1995 4738 ut
2040 4699 2137 4754 per
2186 4698 2285 4738 eos
2343 4683 2782 4748 sanetiﬂcentur,
2844 4686 3105 4741 secundis
3162 4701 3293 4740 vero
3332 4696 3390 4740 ut
3427 4705 3522 4757 per

231 4772 293 4825 δὲ
338 4771 418 4841 μὴ
460 4768 949 4841 κληρονομούντων
977 4770 1029 4822 oi
1074 4769 1173 4839 μὲν
1206 4769 1282 4833 ὡς
1309 4769 1545 4836 ἀνάξιοι,
1592 4772 1643 4824 oi.
1667 4771 1723 4825 δὲ
1750 4772 1821 4835 ὼς

1935 4775 2221 4833 Christum
2266 4774 2455 4830 Jesum
2512 4774 2835 4830 felicitatem
2893 4788 3327 4847 consequantur,
3361 4780 3523 4834 attri-

232 4861 551 4932 κρείττονος
596 4859 736 4925 ἄξιοι
782 4860 1152 4929 κληρονομίας
1190 4861 1253 4913 οὑ
1298 4862 1628 4932 τυγχάνουσι
1656 4862 1821 4917 τῶνδε

1936 4869 2146 4924 buitur.
2182 4866 2261 4923 Ex
2295 4870 2366 4926 iis
2411 4884 2545 4925 vero
2576 4872 2669 4941 qui
2722 4870 2929 4925 nullam
2968 4872 3370 4928 nauciscuntur
3402 4889 3524 4930 sor-

230 4954 344 5006 τῶν
378 4954 619 5024 κλήρων.
655 4954 752 5016 Τίς
782 4952 838 5006 δὲ
862 4955 896 5021 ή
927 4954 1196 5024 κρείττων
1224 4956 1318 5007 καὶ
1340 4956 1586 5009 Λευῑτῶν
1617 4956 1712 5009 καὶ
1745 4960 1825 5011 ἱε-

232 5049 381 5120 ρέων
413 5046 569 5111 ἀξία;
606 5046 766 5111 αὑτὸς
812 5046 842 5098 ό
883 5045 1111 5116 Κύριος,
1141 5045 1198 5109 ὃς
1231 5046 1465 5119 ἐγενήθη
1498 5050 1630 5119 ἡμῖν
1663 5050 1829 5119 σοφία

231 5141 333 5197 καὶ
361 5138 680 5210 δικαιοσύνη
711 5139 804 5193 καὶ
826 5139 1123 5210 ἁγιασμὸς,
1151 5142 1344 5213 εἰρήνη
1367 5158 1425 5196 τε
1454 5143 1548 5196 καὶ
1574 5142 1824 5213 ἀλήθεια.

229 5234 385 5305 Πλὴν
417 5236 447 5287 ό
482 5232 839 5307 κληρονομῶν
886 5232 1060 5287 ταῦτα
1100 5236 1359 5305 παροικεῖ
1400 5237 1516 5299 τοῖς
1562 5235 1826 5306 κληρονο-

229 5330 401 5402 μοῦσι
429 5329 529 5400 τὴν
561 5328 685 5399 γῆν,
721 5328 799 5392 di;
828 5328 895 5383 ἂν
923 5329 1017 5382 καὶ
1048 5328 1203 5382 αὑτοὶ
1226 5328 1329 5399 τῆς
1358 5329 1668 5401 κρείττονος
1698 5331 1826 5402 κλη-

227 5420 498 5496 ρονομίας
544 5421 847 5493 μετέχοιεν,
886 5421 935 5475 εί
967 5422 1065 5475 καὶ
1112 5421 1188 5492 μὴ
1225 5422 1677 5493 προηγουμένως,
1708 5424 1827 5477 ἀλλ’

228 5516 320 5568 ἵνα
350 5514 604 5585 γένηται,
628 5531 647 5565 ι
672 5513 731 5567 '0
748 5513 810 5566 τὸ
828 5512 985 5575 πολὺ.
1000 5514 1103 5567 οὑκ
1125 5511 1422 5568 ἐπλεόνασε
1442 5528 1456 5543 ·
1481 5515 1617 5569 καὶὸ
1631 5514 1692 5569 τὸ
1715 5516 1827 5569 όλί-

225 5623 351 5677 γον,
383 5605 487 5661 οὑκ
514 5605 866 5678 ἱλαττόνησε.
906 5623 926 5659 ι
962 5604 1104 5677 Φησὶ
1146 5604 1204 5659 δὲ
1250 5606 1349 5659 καὶ
1391 5604 1604 5673 Παῦλος
1633 5622 1647 5636 ’
1695 5624 1719 5661 ι
1754 5607 1830 5662 Τὸ

306 5783 355 5821 ι’
379 5782 547 5842 Mich.
577 5800 654 5854 tv,
683 5785 740 5843 4.
820 5785 867 5819 ⁸⁸
895 5783 1068 5844 Josue
1096 5800 1217 5855 xm,
1250 5784 1340 5843 t4.
1419 5783 1512 5861 "gl
1550 5783 1681 5843 Cor.
1717 5801 1758 5857 ι,
1793 5788 1885 5844 50.

1939 4971 2046 5018 tem
2080 4961 2207 5017 aliis
2242 4960 2468 5032 quidem
2504 4978 2606 5018 ceu
2662 4963 2904 5033 indignis
2956 4962 3012 5017 iit
3039 5004 3054 5029 ,
3094 4964 3186 5019 alii
3242 4982 3377 5021 vero
3421 4982 3522 5022 ceu

1938 5057 2323 5126 praestantiore
2347 5066 2499 5112 sorte
2531 5057 2703 5125 digni,
2736 5058 2834 5129 has
2859 5066 3037 5115 sortes
3070 5075 3178 5115 non
3204 5059 3525 5129 adipiscun-

1938 5158 2049 5205 tur.
2085 5149 2217 5216 Qua:
2250 5166 2383 5205 vero
2421 5152 2774 5220 praestantior
2804 5152 2896 5206 illa
2924 5164 3030 5219 est,
3073 5162 3171 5208 aut
3215 5151 3523 5208 sacerdoti-

1935 5242 2041 5299 bus
2089 5257 2157 5298 ac
2189 5241 2400 5299 Levitis
2447 5252 2656 5299 tantum
2706 5245 2911 5315 digna?
2944 5245 3063 5315 Ipse
3103 5246 3397 5311 Dominus,
3426 5244 3519 5316 qui

1937 5341 2101 5390 natus
2155 5345 2239 5391 est
2284 5337 2444 5392 nobis
2492 5337 2787 5408 sapientia,
2836 5338 3076 5408 justitia,
3130 5341 3520 5406 sanctiﬁcatio,

1938 5441 2047 5497 pax
2082 5426 2324 5498 denique
2357 5437 2412 5484 et
2436 5430 2643 5486 veritas
2662 5430 2727 5483 ".
2754 5426 3143 5486 Verumtamen
3169 5432 3264 5502 qui
3292 5432 3525 5488 sortitur

1935 5535 2000 5575 ea
2027 5520 2291 5576 advenam
2325 5523 2473 5593 apud
2509 5533 2668 5578 terrae
2720 5522 2966 5580 heredes
3000 5523 3134 5595 agit,
3164 5540 3276 5596 quo
3317 5534 3372 5580 et
3419 5526 3523 5595 ipsi

1941 5612 2349 5684 praestantioris
2381 5614 2547 5685 hujus
2581 5616 2749 5673 sortis
2777 5617 3031 5689 quamvis
3058 5617 3203 5673 haud
3239 5619 3294 5675 in
3327 5617 3525 5689 primis
