4058 6508
1960 328 2316 392 PROCOPII
2350 334 2594 397 GAZ/EI

3771 364 3885 433 1028

638 428 772 480 liant
808 429 1130 499 participes.
1189 427 1391 482 Verum
1428 428 1561 483 illud
1598 433 1847 499 eveniat,
1902 440 2060 509 copia
2115 455 2215 495 non

2331 446 2493 541 ὑμῶν
2528 452 2876 541 περίσσευμα
2912 458 2993 521 είς
3022 458 3083 512 τὸ
3114 462 3340 518 ἐκείνων
3369 466 3672 541 ὑστέρημα.
3707 476 3785 530 ἵνα

635 522 962 585 abundavit,
999 522 1185 592 inopia
1215 538 1325 576 non
1354 522 1580 579 defecit.
1630 526 1820 598 lnquit
1853 544 1988 585 vero
2019 531 2225 589 Paulus

633 614 799 667 etiam
835 632 848 646 ο
891 632 911 665 ι
956 613 1145 669 Vestra
1189 616 1352 684 cupia
1414 616 1637 671 illorum
1693 625 1973 677 succurrit
2028 625 2226 693 inopiae

633 719 742 773 quo
769 713 823 759 et
854 705 1100 775 ipsorum
1127 708 1286 777 copia
1316 716 1519 763 vestra:
1550 721 1845 767 succurrat
1878 715 2079 786 inopiae
2104 718 2168 773 ⁸⁸.
2200 738 2219 772 ι

634 794 767 921 Ιέειιη
799 799 1061 856 sacerdos
1090 816 1312 870 quoque
1349 802 1560 856 advena
1596 818 1691 858 seu
1738 807 1916 861 incola
1951 810 2097 865 inter
2130 813 2202 866 tri

675 905 735 921 uc
795 902 871 921 nol
956 899 1274 921 ιηιιιιηιιιηηη
1324 896 1518 921 ηληέηέο
1574 913 1734 921 ...ηιμ
1789 916 1893 921 -.λῃ
1951 902 2037 921 I__l
2072 912 2108 921 Δ.

634 980 775 1036 bona
814 985 1173 1038 commutatio
1204 1001 1298 1040 seu
1329 988 1634 1054 permistio.

707 1074 898 1143 Itaque
923 1073 1101 1130 Moses
1128 1076 1352 1146 quidem
1382 1094 1563 1135 sortes
1592 1082 1899 1151 distribuit,
1921 1102 2109 1142 verum
2142 1089 2225 1145 cis

630 1165 950 1223 Jortlanem.
978 1168 1269 1224 Distribuit
1295 1186 1424 1223 vero
1446 1170 1615 1228 Josue
1641 1190 1768 1228 cum
1801 1177 2041 1232 tribuum
2068 1184 2222 1250 prin-

632 1259 854 1329 cipibus
890 1275 906 1312 :
938 1261 1010 1313 ita
1042 1258 1205 1315 Jesus
1237 1261 1500 1319 Christus
1533 1265 1627 1335 qui
1666 1282 1824 1322 veras
1853 1279 2034 1325 sortes
2063 1273 2222 1327 nobis

632 1350 940 1418 distribuit,
974 1354 1282 1421 spiritualis
1314 1356 1480 1410 Israel
1520 1360 1799 1429 principes
1832 1365 2060 1418 asciscit
2089 1380 2219 1434 apo-

632 1444 831 1509 stolos,
882 1444 948 1498 ad
985 1461 1120 1515 quos
1148 1446 1288 1500 dixit
1345 1465 1358 1500 :
1425 1467 1442 1499 ι
1500 1448 1774 1507 Sedebitis
1802 1470 1970 1523 super
2001 1458 2217 1513 thronis

632 1533 1013 1599 duodecim,et
1037 1536 1358 1605 judicabitis
1388 1538 1677 1595 duodecim
1705 1544 1881 1600 tribus
1914 1546 2081 1602 Israel
2110 1551 2172 1602 ι’.
2193 1566 2212 1601 ι

630 1627 952 1682 Assumitur
1003 1630 1131 1682 item
1191 1628 1416 1684 Eleazar
1454 1647 1549 1685 cor
1598 1634 1773 1702 ipsius
1831 1636 2037 1704 Jusue,
2070 1657 2212 1710 quo-

634 1735 754 1773 rum
800 1728 1031 1788 uterque
1066 1723 1293 1792 figuram
1330 1724 1588 1791 sustinet,
1625 1728 1923 1795 pontificis,
1956 1747 2019 1786 ac
2061 1735 2215 1804 prin-

630 1811 771 1883 cipis
805 1811 897 1865 lilii
937 1810 1052 1865 Dei.

700 1904 922 1959 Primus
955 1920 1081 1958 vero
1110 1902 1279 1959 Caleb
1312 1906 1508 1961 merito
1543 1916 1747 1963 sortem
1777 1925 1935 1965 suam
1965 1920 2052 1968 est
2090 1915 2220 1970 adc-
2252 1882 2292 1936 Β

630 2003 781 2065 ptus.
813 1996 972 2062 Quod
1012 2011 1212 2051 nomen
1248 1998 1291 2052 si
1336 2000 1741 2069 interpreteris,
1780 2001 1926 2057 sicut
1971 2018 2071 2058 cor
2111 2018 2215 2062 est.

631 2087 727 2142 Est
750 2102 877 2141 vero
916 2089 963 2141 is
985 2089 1078 2157 qui
1111 2089 1443 2144 omnibusin
1471 2092 1636 2147 rebus
1668 2094 1971 2162 prudentiae
2001 2097 2216 2165 studet;

628 2181 722 2250 qui
752 2195 862 2249 pra:
902 2182 1123 2236 ueteris
1163 2183 1427 2238 membris
1458 2201 1578 2255 quae
1599 2187 1785 2241 valere
1811 2188 1981 2256 jussit
2002 2205 2031 2242 a
2053 2189 2220 2246 corde

628 2288 832 2327 nomen
868 2273 1054 2336 habet,
1086 2272 1165 2329 Ac
1196 2275 1426 2344 proinde
1458 2285 1608 2334 totus
1644 2278 1697 2333 in
1734 2280 2037 2349 principi-ni
2070 2283 2220 2337 ordi-

630 2381 750 2419 nem
813 2373 898 2419 est
956 2366 1187 2421 relatus.
1225 2367 1360 2437 Ejus
1397 2384 1528 2423 vero
1578 2379 1733 2438 pater
1781 2370 2067 2442 Jephonnc
2107 2384 2216 2435 est.

625 2458 772 2525 quod
826 2468 932 2522 est,
986 2458 1031 2513 si
1087 2459 1494 2530 interpreteris,
1532 2462 1677 2531 ﬁlius
1733 2480 1897 2520 curw.
1950 2465 2044 2520 Est
2088 2482 2218 2522 vero

628 2551 892 2619 magister
918 2549 1109 2615 Musis,
1138 2550 1337 2606 deinde
1370 2563 1423 2607 et
1453 2550 1643 2619 Josuc,
1669 2556 1756 2609 cui
1797 2556 1975 2626 inquit
2006 2577 2019 2612 :
2057 2577 2075 2610 ‹
2108 2559 2215 2612 An-

628 2653 740 2692 non
770 2650 824 2693 tu
885 2640 1030 2695 nosti
1063 2641 1286 2696 verbum
1317 2644 1462 2713 quod
1493 2644 1713 2700 locutus
1745 2657 1830 2700 est
1863 2645 2126 2704 Dominus
2147 2649 2216 2703 ad

627 2729 859 2785 Mosen?
886 2751 905 2782 ι
942 2731 1078 2797 Quis
1104 2732 1251 2787 enim
1280 2734 1450 2804 legem
1490 2750 1645 2805 aeque
1672 2752 1737 2792 ac
1766 2735 1929 2791 Jesus
1959 2738 2217 2794 Christus

630 2823 825 2877 novit?
851 2826 945 2892 qui
978 2831 1173 2879 exacte
1203 2825 1365 2881 nobis
1394 2841 1515 2881 eam
1547 2827 1818 2898 implevit.
1860 2827 2105 2885 Locutus
2132 2839 2219 2886 est

628 2929 799 2968 vero:
842 2933 860 2966 ι
904 2913 1050 2969 Dixit
1101 2913 1367 2971 Dominus
1408 2917 1477 2971 ad
1525 2916 1714 2973 Mosen
1762 2920 1831 2974 de
1875 2935 1962 2975 me
1991 2928 2047 2975 et
2077 2930 2150 2976 te.
2190 2940 2210 2974 ι

626 3004 976 3060 Vaticinatur
1024 3004 1172 3059 enim
1224 3005 1405 3063 Muses
1451 3006 1520 3063 de
1550 3005 1724 3064 Josue
1770 3016 1827 3064 et
1871 3008 2061 3076 Calcb,
2111 3012 2216 3068 hoc

621 3101 731 3157 est,
760 3092 829 3148 de
858 3093 1042 3150 cordis
1073 3094 1271 3149 instar.

697 3185 844 3241 Dicit
874 3187 1027 3244 item.
1056 3203 1166 3241 non
1200 3187 1512 3242 minoribus
1543 3190 1758 3247 viribus
1790 3191 1954 3249 hodie
1994 3208 2053 3249 se
2089 3209 2212 3250 esse

622 3295 787 3350 quam
821 3288 934 3333 tum
972 3278 1241 3349 temporis
1282 3277 1469 3336 fuerit.
1505 3281 1565 3335 lu
1601 3284 1872 3341 ambobus
1916 3285 2066 3340 enim
2096 3288 2207 3343 vim

622 3386 781 3424 suam
814 3377 1044 3425 sanctus
1079 3369 1245 3424 habet
1272 3372 1624 3429 sermonibus
1654 3389 1753 3428 seu
1789 3375 1971 3440 libris,
2010 3386 2120 3431 tam
2154 3381 2206 3432 itt

621 3463 793 3518 veteri
828 3477 991 3532 quam
1022 3461 1078 3515 iu
1106 3476 1270 3525 novo,
1304 3470 1416 3515 tam
1456 3463 1511 3517 in
1545 3464 1695 3520 Mose
1724 3482 1889 3535 quam
1919 3469 1972 3522 in
2014 3468 2204 3526 Josue.

692 3552 947 3609 Postulat
978 3568 1107 3607 vero
1135 3560 1376 3607 montem
1409 3555 1753 3611 submissum
1788 3558 2036 3629 nihilque
2056 3562 2204 3631 quod

620 3647 790 3703 urbes
844 3660 1075 3717 magnas
1133 3654 1189 3701 et
1237 3646 1482 3702 munitas
1533 3646 1720 3712 habet,
1782 3650 1921 3706 vult.
1966 3651 2207 3707 Noverat

618 3738 765 3795 enim
798 3737 903 3793 sibi
936 3736 1288 3809 pugnandum
1317 3751 1439 3792 esse
1471 3747 1664 3792 contra
1689 3739 1947 3798 Anakim.
1979 3742 2054 3799 De
2080 3743 2204 3814 qui.

619 3830 726 3885 bus
784 3827 1070 3899 Scriptura
1127 3828 1352 3895 indicat,
1409 3831 1555 3900 quod
1588 3831 1755 3888 urbes
1792 3832 2033 3890 munitas
2066 3850 2203 3890 con-

619 3919 901 3977 scenderit
950 3921 1194 3990 sapiens,
1252 3922 1617 3978 munitionem
1667 3924 1798 3980 item
1838 3927 1891 3979 in
1922 3942 2032 3997 qua
2065 3927 2207 3982 ﬁdu-

617 4014 759 4069 ciam
791 4028 949 4070 suam
979 4015 1329 4070 collocarunt
1371 4015 1548 4086 impii.
1593 4013 1730 4071 Nam
1763 4015 2027 4074 Salomon
2068 4036 2205 4090 quo-

614 4122 729 4177 que
759 4107 887 4160 ait:
938 4106 1173 4177 Sapiens
1229 4106 1395 4164 urbes
1449 4108 1707 4172 munivit,
1760 4118 1815 4163 et
1869 4103 2205 4168 munitiones

618 4198 893 4253 destruxit
913 4197 981 4252 ³⁸.
1016 4215 1034 4249 ι
1077 4194 1349 4251 Nimirum
1382 4211 1673 4252 sermones
1700 4197 1795 4266 qui
1824 4199 2203 4265 persuasionis

2334 534 2396 589 τὸ
2432 537 2615 591 αὐτῶν
2662 543 3009 615 περίσσευμα
3054 552 3280 621 γένηται
3328 557 3406 617 είς
3451 559 3514 611 τὸ
3567 561 3714 629 ὑμῶν
3755 566 3885 621 imi-

2338 643 2511 724 ρημα.
2552 648 2572 682 ι
2616 633 2725 685 Καὶ
2758 640 3063 705 παροικεῖό
3093 642 3273 712 ἱερεὺς
3298 647 3398 716 τῆς
3428 651 3602 721 φυλῆς
3629 654 3884 724 λαμϐάνων

2333 721 2438 790 γῆν
2469 723 2535 792 ἦν
2570 725 2669 777 οὐκ
2704 726 2841 797 ἔχει,
2872 731 2964 783 καὶ
2998 732 3175 798 διδοὺς
3210 738 3419 810 Κύριον
3459 746 3573 808 τοῖς
3609 721 3881 822 μὴήέχουσι,

2332 816 2627 885 γινομένης
2660 819 2871 890 ἀγαθῆς
2902 824 3281 896 ἀνακράσεως.

675 905 738 942 us
794 902 898 953 est,
956 899 1275 963 terramque
1322 896 1524 964 accipit
1571 913 1738 965 quam
1788 916 1899 955 non
1948 902 2136 969 habet,
2197 920 2263 960 ac
2301 904 2586 962 dominum
2640 914 2857 969 confert
2911 932 3132 989 quoque
3203 937 3312 977 non
3357 924 3701 991 habentibus,
3742 930 3879 1003 lilque

2404 1093 2739 1165 Κληροδοτεί
2781 1099 3056 1171 Μωῦσῆς.
3092 1102 3229 1157 ἀλλὰ
3278 1106 3453 1177 πέραν
3502 1108 3598 1161 τοῦ
3633 1110 3877 1181 Ἰορδάνου.

2331 1187 2665 1257 κληροδοτεί
2693 1190 2747 1243 δὲ
2782 1192 2992 1261 Ἰησοῦς
3022 1196 3161 1263 μετὰ
3194 1198 3301 1250 τῶν
3342 1200 3659 1269 ἀρχιφύὶων
3687 1208 3769 1258 τοῦ
3796 1209 3879 1262 Ἰσ-

2333 1282 2487 1351 ραήλ.
2522 1282 2709 1346 Οὕτως
2735 1284 2946 1353 Ἰησοῦς
2975 1288 3002 1337 6
3034 1288 3271 1357 Χριστὸς
3312 1291 3410 1360 τὴν
3446 1294 3625 1361 ἁληθῆ
3654 1297 3876 1368 κληρςδο.

2328 1373 2452 1424 σίαν
2486 1371 2682 1436 διδοὺς,
2715 1376 3137 1447 παραλαμϐάνει
3159 1381 3284 1444 τοὺς
3324 1383 3597 1453 ἄρχοντας
3632 1386 3720 1438 τοῦ
3747 1407 3878 1443 πνεο-

2327 1464 2559 1531 ματικοῦ
2595 1465 2836 1536 Ἰσραὴλ,
2862 1469 2987 1531 τοὺς
3014 1470 3366 1535 ἀποστόλους,
3398 1476 3537 1545 πρὶς
3565 1474 3656 1531 οὓς
3681 1477 3876 1548 ἔφησεν,

2322 1555 2403 1608 ὅτι
2435 1576 2453 1607 ‹
2494 1558 2815 1626 Καθήσεσθε
2852 1562 2943 1614 ἐπὶ
2974 1562 3200 1632 θρόνους
3246 1565 3333 1633 ιβ’,
3384 1566 3665 1636 κρίνοντες
3698 1573 3785 1632 τὰς
3829 1574 3880 1642 ιβ’

2324 1647 2497 1715 φυλὰς
2527 1650 2621 1704 τοῦ
2654 1653 2889 1723 Ἰσραήλ.
2924 1675 2941 1706 ι
2978 1656 3486 1728 Παραλαμϐἀνεται
3525 1663 3581 1714 δὲ
3614 1664 3704 1715 καὶ
3731 1666 3884 1719 Ἐλεά-

2325 1739 2428 1811 ζαρ
2482 1741 2681 1795 συνιὼν
2710 1745 2912 1813 Ἰησοῦ,
2958 1749 3147 1800 τυπῶν
3177 1751 3439 1823 ἑκάτερος
3492 1753 3584 1806 τὸν
3620 1755 3761 1826 ἱερέα
3804 1766 3885 1813 καὶ

2324 1832 2583 1903 ἄρχοντα,
2614 1835 2707 1887 τὸν
2730 1837 2860 1891 Υξὸν
2889 1839 2981 1892 τοῦ
3006 1840 3162 1895 Θεοῦ.

2396 1929 2618 1999 Πρῶτος
2646 1930 2702 1983 δὲ
2739 1933 2767 1984 6
2797 1933 2979 1987 Χάλεϐ
3028 1936 3256 2000 εἰκότως
3304 1936 3461 2009 ἔτυχε
3512 1940 3735 2010 κλήρου.
3780 1943 3881 2012 Ἐρ-

2325 2024 2624 2092 μηνεύεται
2680 2024 2758 2088 δὲ,
2789 2026 2870 2090 ὡς
2904 2027 3147 2092 καρδία·
3205 2028 3282 2082 ἔτι
3335 2030 3413 2093 δὲ,
3460 2027 3618 2095 οὗτος
3669 2036 3695 2087 6
3733 2038 3883 2088 πάντα

2321 2114 2612 2185 προσέχων
2636 2119 2748 2180 τοῖς
2774 2119 3061 2188 νοήμασιν,
3093 2121 3119 2173 6
3155 2123 3304 2191 παρὰ
3337 2124 3518 2176 πάντα
3550 2128 3617 2177 τὰ
3652 2126 3795 2196 μέλη,
3816 2124 3881 2191 οἷς

2319 2204 2649 2271 ἀπετάξατο,
2701 2210 3059 2280 χρηματίζων
3079 2212 3154 2273 ὡς
3194 2214 3411 2283 καρδία.
3454 2218 3552 2269 καὶ
3602 2218 3733 2279 ὅλως
3771 2222 3878 2270 tiva-

2320 2297 2691 2368 στοιχειωθεὶς
2737 2302 2817 2363 είς
2868 2302 3216 2372 ἡγεμονικόν.
3273 2305 3332 2358 '0
3382 2307 3436 2359 δὲ
3486 2308 3681 2360 τούτου
3728 2312 3878 2381 πατὴρ

2330 2390 2593 2460 Ἰεφοννή.
2650 2390 3040 2463 Ἑρμηνεύεται
3079 2395 3156 2459 δὲ,
3192 2399 3321 2463 υίὸς
3352 2398 3724 2469 ἐπιστρσφῆς
3749 2404 3877 2456 Ἐστι

2317 2480 2375 2534 δὲ
2412 2482 2689 2552 παίδευμα
2726 2483 3038 2548 Μωῦσέως,
3088 2486 3181 2539 καὶ
3215 2486 3469 2558 δεύτερον
3514 2490 3713 2559 Ἰησοῦ.
3752 2492 3808 2543 Τί
3833 2493 3876 2545 δὲ

2317 2588 2485 2641 (mat;
2517 2591 2536 2622 ι
2576 2573 2645 2626 Σὺ
2674 2575 2868 2646 ἐπίστῃ
2898 2575 2958 2627 τὸ
2987 2575 3161 2647 ῥῆμα,
3192 2578 3219 2630 ὃ
3252 2580 3483 2650 ἐλάλησε
3528 2582 3730 2652 Κύριος
3768 2585 3877 2651 πρὸς

2317 2662 2579 2733 Μωῦσῆν.
2612 2682 2631 2713 ι
2665 2665 2760 2726 Τίς
2788 2665 2898 2737 γὰρ
2918 2662 3025 2718 οἶδε
3051 2669 3141 2720 τὸν
3167 2669 3355 2738 νόμον,
3378 2672 3452 2734 ὡς
3493 2672 3698 2743 Ἰησοῦς
3723 2674 3747 2723 ὁ
3764 2675 3875 2743 Χρι-

2319 2755 2471 2819 στόςς
2490 2755 2548 2818 ὃς
2572 2758 2664 2809 καὶ
2683 2757 2923 2828 ἀκριϐῶς
2950 2761 3081 2830 ἡμῖν
3112 2760 3302 2813 τοῦτον
3328 2763 3673 2833 ἁνήπλωσεν.
3703 2785 3719 2816 ι
3748 2766 3875 2820 Ἐὶά-

2315 2846 2446 2915 λησε
2476 2846 2554 2910 δὲ,
2582 2849 2737 2918 φησὶ,
2770 2848 2975 2919 Κύριος
3019 2852 3153 2915 πρὸς
3185 2854 3425 2907 Μωῦςέα
3452 2857 3583 2926 περὶ
3635 2854 3761 2925 ἐμοῦ
3800 2858 3876 2911 καὶ

2317 2938 2434 2990 σού.
2475 2958 2493 2990 ι
2536 2940 2873 3009 Πρυφητεύει
2903 2941 3011 3012 γὰρ
3041 2944 3284 3014 Μωῦσῆς
3315 2947 3445 3018 περί
3474 2964 3535 3000 τε
3583 2947 3769 3019 Ἰησοῦ,
3798 2951 3875 3000 καὶ

2313 3031 2408 3084 τοῦ
2435 3031 2638 3099 Χάλεϐ,
2672 3034 2811 3104 ἤτοι,
2856 3033 2943 3099 Ὠς
2976 3035 3195 3107 καρδία.

2384 3202 2522 3267 Φησὶ
2579 3204 2819 3273 σήμερον
2871 3204 3077 3275 ἰσχύειν
3105 3246 3119 3270 ,
3155 3207 3231 3270 ὡς
3280 3207 3431 3277 ἴσχυε
3483 3209 3633 3264 τότε.
3669 3212 3750 3264 Ἐν
3788 3212 3877 3280 ἀμ·

2317 3295 2569 3365 φοτέροις
2612 3296 2720 3367 γὰρ
2769 3295 2943 3365 ἰσχύει
2975 3299 3087 3360 τοῖς
3120 3296 3300 3366 λόγοις
3345 3302 3374 3352 6
3406 3300 3587 3369 ἅγιος,
3623 3301 3679 3354 ἓν
3707 3320 3762 3355 τε
3789 3320 3874 3355 πα-

2315 3383 2452 3455 λαιῴ
2486 3388 2579 3439 καὶ
2613 3386 2810 3456 καινῷ,
2835 3388 2929 3441 ἐπὶ
2948 3389 3230 3453 Μωῡσέως
3257 3390 3352 3443 καὶ
3396 3392 3596 3463 Ἰησοῦ.

2385 3562 2688 3633 Ait-51690;
2717 3567 3080 3635 χαμαιπετὲς,
3105 3568 3307 3623 ἐθέλων
3346 3570 3526 3635 οὐδὲν,
3560 3573 3621 3625 ὲν
3650 3566 3695 3642 ᾧ
3716 3576 3872 3637 πόλεις

2315 3653 2552 3723 μεγάλαι
2602 3657 2696 3709 καὶ
2746 3658 2959 3729 ὀχυραὶ,
3002 3659 3078 3723 ὡς
3107 3659 3261 3725 εἰδὼς
3304 3664 3566 3733 πολεμεῖν
3615 3667 3746 3737 πρὸς
3770 3670 3871 3728 τοὺς

2323 3744 2602 3817 Ἐνακείμ.
2629 3748 2817 3812 Πόλεις
2846 3750 2953 3821 γὰρ
2974 3751 3176 3822 ὀχυρὰς
3200 3753 3367 3825 ἐπέϐη
3392 3754 3578 3823 σοφὸς,
3606 3757 3699 3808 καὶ
3725 3756 3867 3825 ἐπέϐη

2311 3836 2372 3890 τὺ
2398 3838 2684 3910 ὀχύρωμα,
2716 3840 2801 3909 ἐφ’
2823 3834 2868 3910 ᾧ
2892 3843 3254 3896 ἐπεποίθεσαν
3280 3846 3328 3897 οἱ
3359 3846 3597 3909 ἀσεϐεῖς.
3633 3846 3765 3917 Φησὶ
3780 3846 3868 3916 γὰρ

2309 3928 2587 4000 Σολομὼν,
2630 3949 2648 3981 ι
2689 3932 2859 4000 Σοφὺς
2884 3934 3070 3997 πόλεις
3102 3935 3389 4006 ὠχύρωσε,
3423 3940 3519 3990 καὶ
3580 3937 3788 3991 καθεῖλε
3810 3938 3867 3989 τὰ

2309 4016 2667 4089 ὀχυρώματα,
2706 4040 2725 4072 ι
2758 4020 2962 4093 δηλαδὴ
3006 4024 3133 4087 τοὺς
3173 4025 3311 4094 μετὰ
3342 4026 3703 4098 πιθανότητος
3732 4027 3865 4095 λόγον

2308 4107 2527 4180 ἀπατᾷν
2576 4110 2909 4180 δυναμένους
2943 4128 2959 4146 ο
2995 4111 3088 4176 οὓς
3138 4118 3197 4168 ἐν
3244 4116 3361 4187 ὄρει
3412 4120 3619 4189 φησὶν,
3664 4120 3867 4185 ἐπείπερ

2310 4199 2581 4272 ὑψώματά
2613 4204 2749 4256 εἰσιν
2800 4205 3145 4277 ἐπαιρόμενα
3190 4208 3330 4261 κατὰ
3379 4211 3478 4279 τῆς
3518 4209 3865 4278 γνώσεωςτού

617 4290 726 4341 vim
757 4289 1045 4353 habentes,
1080 4287 1150 4341 ad
1177 4286 1566 4356 decipiendutn
1599 4294 1732 4341 sunt
1771 4287 2034 4357 appositi,
2064 4302 2204 4357 quos

2321 4291 2461 4346 9606.
2489 4292 2676 4348 Ταῦτα
2701 4294 2888 4350 Χάλεό
2919 4297 3101 4361 ἱκανὸς
3131 4294 3272 4353 εἶναι
3298 4300 3584 4373 καθαιρεῖν
3616 4304 3862 4372 ἐπαγγέλο

615 4383 821 4437 montis
852 4381 1078 4436 nomine
1102 4379 1326 4447 innuit;
1356 4377 1615 4446 quoniam
1649 4376 1995 4449 fastigiorum
2028 4379 2207 4435 instar

2321 4398 2473 4438 terat.
2523 4386 2640 4454 Ἐφ’
2675 4380 2831 4460 ᾧπερ
2863 4390 3026 4444 αὐτὸν
3057 4391 3352 4462 εὐλόγησεν
3393 4396 3622 4466 Ἰησοῦς.

613 4477 982 4532 excitaturum
1014 4482 1208 4530 contra
1255 4473 1351 4530 Dei
1386 4473 1785 4543 cognitionem,
1821 4482 1952 4530 sunt
1975 4475 2039 4530 “.
2070 4475 2285 4543 Quibus
2337 4493 2472 4536 sane
2531 4481 2897 4541 demoliendis
2962 4485 3166 4543 Calebo
3232 4492 3573 4561 promittitur
3635 4490 3859 4553 fat-ultas,

616 4573 718 4626 hoc
742 4572 863 4642 ipso
886 4569 1033 4641 quod
1063 4569 1115 4625 ei
1146 4567 1425 4624 benedixit
1460 4565 1649 4621 Josue.

683 4662 856 4719 Porro
906 4663 1162 4719 Chebron
1218 4674 1434 4729 compar
1478 4660 1832 4729 interpretari
1877 4660 2024 4725 licet,
2060 4677 2196 4732 quo-

2371 4661 2389 4680 ⁹
2426 4658 2657 4730 Χεϐρὼν
2687 4661 3074 4732 ἑρμηνεύεται,
3096 4666 3135 4733 ἠ
3158 4666 3449 4735 συζυγία.
3476 4670 3612 4722 Φασὶ
3632 4670 3686 4724 δὲ
3705 4672 3780 4725 ὃτι
3802 4674 3857 4725 τὰ

611 4759 763 4812 niam
814 4771 943 4812 ossa
987 4767 1209 4826 patrum
1254 4750 1536 4821 comparia
1585 4766 1683 4807 seu
1735 4752 2048 4823 conjugalia
2088 4755 2201 4810 illic

2321 4752 2433 4804 ιστᾶ
2463 4751 2571 4805 τῶν
2603 4753 2856 4821 πατέρων
2885 4754 3002 4806 ἐκεῖ
3023 4756 3160 4821 ἐστι,
3200 4757 3343 4811 κατὰ
3367 4758 3631 4827 συζυγίαν
3658 4762 3855 4814 ἀποκεί-

608 4856 744 4904 sunt
768 4848 1040 4917 deposita,
1074 4845 1313 4902 Abrahae
1333 4850 1387 4900 et
1413 4842 1601 4909 Sara;
1638 4842 1792 4898 Isaac
1822 4851 1877 4899 et
1902 4841 2197 4912 Rebeccae;

2321 4858 2460 4905 ιενα,
2506 4840 2760 4911 Ἀϐραὰμ
2794 4842 2888 4895 καὶ
2916 4843 3150 4915 Σάρρας,
3201 4846 3387 4900 Ἰσαὰκ
3426 4850 3520 4902 καὶ
3562 4849 3852 4914 Ῥεϐέκκας,

608 4939 801 4995 Jacobi
832 4947 887 4994 et
917 4937 1059 4993 Leae.

2321 4932 2507 4987 Ἰακὼϐ
2532 4934 2629 4987 καὶ
2658 4935 2843 4998 Λείας.

680 5054 908 5110 Patrum
945 5056 1131 5125 itaque
1173 5054 1397 5110 nomine
1426 5068 1491 5108 ac
1520 5053 1732 5107 honore
1776 5064 1937 5109 ornat
1989 5055 2289 5111 Chalebum
2319 5068 2443 5110 eum
2476 5053 2570 5123 qui
2600 5064 2821 5109 exteros
2855 5054 3107 5111 homines
3137 5055 3424 5113 deleturus
3458 5069 3597 5115 erat.

684 5143 751 5198 Et
787 5152 930 5199 terra
959 5146 1185 5215 quietem
1225 5141 1410 5196 habuit
1443 5158 1476 5195 a
1506 5140 1677 5196 bellis.
1706 5141 1824 5213 [XL
1865 5143 1985 5217 95.]
2018 5145 2192 5215 Ecqui

2372 5144 2483 5198 Καὶ
2516 5146 2555 5213 ἠ
2594 5143 2672 5213 γῆ
2702 5145 2971 5199 ἐκόπασε
2997 5145 3105 5200 τοῦ
3144 5147 3432 5219 πολέμου.
3466 5152 3578 5205 Καὶ
3616 5151 3732 5215 πῶς
3763 5151 3851 5220 γὰρ

607 5238 757 5293 enim
796 5238 980 5293 locum
1032 5253 1061 5291 a
1102 5234 1268 5292 Josue
1298 5234 1594 5291 sortiretur
1627 5236 1848 5306 aliquis,
1881 5253 2048 5309 quem
2081 5253 2193 5294 non

2321 5238 2366 5290 iv
2398 5254 2482 5300 τις
2521 5237 2912 5309 κληρονομήσῃ
2965 5240 3097 5310 παρ’
3152 5241 3352 5312 Ἰησοῦ,
3395 5245 3475 5314 μὴ
3520 5245 3611 5298 τὸν
3639 5245 3851 5315 πόλεμον

607 5328 771 5386 bellis
800 5328 1087 5385 solvisset?

2321 5330 2608 5395 ιαταλύσας
2631 5330 2723 5384 τὸν
2760 5333 2819 5385 ὲν
2849 5330 3030 5401 alit-Ep;

682 5423 822 5479 Cum
853 5438 987 5477 vero
1021 5428 1260 5492 quatuor
1291 5422 1581 5492 generales
1624 5430 1899 5478 terrarum
1942 5423 2198 5494 regiones

2369 5424 2665 5496 Τεσσάρων
2697 5424 2867 5478 ὄντων
2892 5426 3130 5494 γενικῶν
3161 5426 3444 5496 κλιμάτων
3468 5431 3559 5483 ἐπὶ.
3584 5430 3685 5483 τῶν
3710 5429 3849 5499 ὀρέων

583 5531 704 5573 seu
734 5523 947 5572 tractus
964 5513 1129 5586 492
1159 5514 1293 5576 sint,
1315 5529 1440 5568 cum
1475 5514 1531 5569 in
1562 5514 1765 5571 ﬁnibus
1792 5514 1933 5570 Juda
1955 5516 2188 5571 duarum

2321 5515 2499 5584 Ἰούδα,
2518 5517 2586 5571 τὰ
2608 5517 2719 5570 δύω
2746 5517 2942 5585 λέγων,
2958 5519 3098 5572 Λίϐα
3118 5535 3176 5571 τε
3198 5521 3293 5573 καὶ
3317 5521 3598 5587 ἀνατολὰς,
3619 5522 3685 5574 τὰ
3706 5520 3845 5571 λοιπὰ

607 5608 941 5665 mentionem
988 5607 1218 5663 fecisset
1248 5604 1499 5662 meridiei
1528 5616 1584 5662 et
1611 5608 1863 5672 orientis,
1896 5607 2036 5665 duas
2064 5609 2192 5664 reli-

2321 5609 2633 5681 πεσιώπηκε.
2674 5609 2830 5665 Μετὰ
2855 5610 2966 5682 γὰρ
3009 5611 3078 5665 τὰ
3120 5612 3358 5681 Λιϐυκὰ,
3385 5616 3541 5686 φησὶ,
3576 5613 3663 5669 τοῦ
3696 5608 3845 5664 Ἰούδα

3146 5700 3176 5721 κ

680 5765 724 5797 ⁸⁸
756 5764 800 5821 ιι
829 5762 958 5821 Cor.
993 5780 1108 5833 vin,
1134 5766 1221 5823 M.
1302 5767 1343 5801 ³³
1371 5765 1566 5822 Matth.
1607 5781 1718 5833 xix,
1750 5764 1842 5819 28.
1938 5766 1984 5798 ¹⁰
2010 5765 2170 5822 Prov.

2321 5768 2443 5834 ,‘2‘2.
2521 5770 2564 5800 “
2600 5768 2643 5824 ll
2668 5767 2795 5825 Cor.
2830 5766 2918 5835 10,
2951 5769 3004 5824 5.
