4058 6510
221 322 241 383 l
252 323 361 384 029

1377 315 1908 381 ΖΟΜΜΕΝΤΑΒΙΙ
1950 315 2031 377 ΙΝ
2074 314 2333 376 JOSUE.

3375 317 3511 378 1030

216 429 343 502 ὅρια
373 431 704 502 διαδέχεται.
732 430 913 501 Ἀπερ
953 430 1073 484 ἐστὶ
1099 428 1329 501 πλησίον
1350 430 1453 499 τῆς
1480 428 1810 500 Ἰδουμαίας,
1846 475 1850 487 ,

1953 438 2065 494 '_uas
2093 424 2344 479 reticuit.
2374 426 2414 478 A
2442 425 2819 494 septentrione
2850 424 2996 480 enim
3017 424 3173 480 Iuda:
3200 424 3336 481 lines
3361 437 3511 488 sunt,

216 524 345 593 ἥτις
374 522 743 596 ἑρμηνεύεται
783 523 981 593 γήϊνα,
1026 522 1165 595 μετὰ
1193 522 1263 576 τὰ
1298 524 1424 593 ὅρια
1464 520 1656 574 Ἰούδα.
1689 519 1828 589 Φησὶ

217 614 277 668 δὲ
308 616 405 668 καὶ
435 614 543 669 ἀπὸ
572 616 671 686 τῆς
700 615 910 686 ἐρήμου
946 615 1067 667 Σίν’
1110 613 1477 686 ἑρμηνεύεται
1511 614 1568 666 δὲ
1621 628 1827 680 πειρα-

220 712 392 778 (moi.
439 710 577 763 Μεθ’
617 708 712 774 οὒς
757 708 924 763 Ἰούδα
959 708 1315 780 κληρονομία.
1368 708 1481 763 Καὶ
1527 707 1622 760 ἐπὶ
1657 705 1828 759 τῶνδε

222 804 369 856 κατά
390 802 532 856 Λίϐα
556 803 659 873 τῆς
694 802 868 873 φυλῆς
900 801 1066 874 ὁρίων
1105 802 1259 855 οὐδὲν
1288 800 1604 871 ὠνόμασται
1635 799 1826 868 κλίμα,

222 892 347 946 ἀλλ’
377 893 411 963 ἢ
462 891 592 963 Λὶψ,
644 893 679 964 ἢ
733 892 974 964 δυσμαὶ,
1028 892 1061 963 ἦ
1115 892 1337 963 φάραγξ
1374 890 1678 958 Αἰγύπτου.
1710 890 1829 943 Ἵνα⁸

222 983 406 1038 ταῦτα
458 986 554 1039 καὶ
610 985 738 1049 τοὺς
794 984 1143 1054 πειρασμοὺς
1188 982 1522 1055 διαπορευθῇ
1573 998 1680 1045 τις,
1734 980 1830 1033 καὶ

225 1072 434 1143 δυνηθῇ
465 1074 651 1127 λαϐεῖν
686 1074 811 1145 ὅρια
854 1074 911 1126 ἐν
949 1076 1017 1144 τῇ
1066 1073 1208 1144 φυλῇ
1256 1076 1325 1144 τῇ
1364 1071 1651 1143 βασιλικῇ·
1700 1070 1829 1139 περὶ

226 1160 301 1236 ἧς
332 1166 678 1236 γέγραπται·
732 1165 1000 1238 πρόδηλον
1052 1166 1182 1235 γὰρ,
1216 1165 1289 1229 ὡς
1321 1166 1379 1232 ἐξ
1423 1163 1594 1217 Ἰούδα
1626 1160 1827 1216 ἀνατέ-

230 1260 433 1314 ταλκεν
462 1263 490 1313 ὁ
521 1260 745 1329 Κύριος.

312 1440 425 1492 Καὶ
456 1438 869 1508 προσαναϐῆναι
898 1436 997 1509 τὴν
1033 1436 1299 1490 ἀνάϐασιν
1349 1437 1643 1510 Ἀκραϐίμ.
1690 1440 1813 1510 Ἐρ-

244 1528 623 1600 μηνεύεταιδὲ
650 1531 956 1596 σκορπίοι,
1011 1531 1133 1584 καθ’
1182 1525 1257 1586 ὧν
1320 1535 1511 1584 πατεῖν
1570 1533 1664 1585 καὶ
1722 1531 1829 1584 τῶν

242 1619 425 1688 δφεων
464 1618 730 1689 ἐλάϐομεν
766 1620 917 1689 παρὰ
950 1620 1045 1672 τοῦ
1081 1620 1344 1691 Χριστοῦ.
1417 1622 1713 1690 Ἀναϐἦναι
1774 1620 1830 1673 δέ

246 1727 309 1762 σε
334 1710 436 1776 δεῖ,
464 1710 740 1764 τουτέστιν
767 1710 1185 1781 ὑπεραναϐἧναι
1217 1713 1344 1773 τοὺς
1378 1712 1673 1780 σκορπίους
1705 1710 1831 1774 τοὺς

1932 531 2100 586 prope
2127 515 2423 570 ldumaeam
2449 516 2905 586 videlicet,quam
2941 515 3389 586 interpretabitur
3413 518 3514 570 ali-

1930 608 2077 677 quis,
2115 618 2398 673 terrenam,
2440 624 2606 679 quam
2646 608 2800 664 Juda:
2834 609 3054 663 termini
3081 609 3385 679 excipiunt.
3423 596 3514 663 In-

1930 700 2048 770 quit
2083 698 2211 753 item
2254 714 2282 753 a
2332 700 2551 756 deserto
2608 700 2729 768 Sin,
2779 701 2926 771 quod
2962 701 3314 770 interpretari
3365 702 3514 766 licet,

1934 794 2271 853 tentationes.
2301 805 2428 863 post
2458 809 2596 862 quas
2624 810 2746 849 sors
2778 793 2918 847 Juda
2946 802 3048 849 est.
3076 794 3319 865 Denique
3352 795 3515 848 etiam

1932 886 1987 940 in
2024 885 2222 940 ﬁnibus
2249 886 2371 956 ejus
2409 887 2590 941 tribus
2624 888 2719 956 qui
2748 901 2778 940 a
2811 887 3038 942 meridie
3069 898 3215 949 sunt.
3250 888 3397 941 nttlla
3438 904 3519 940 τεο

1931 980 2020 1050 gio
2046 987 2129 1034 est
2156 979 2345 1045 citata,
2381 996 2542 1049 quam
2565 980 2858 1045 meridies,
2891 988 2945 1034 et
2975 994 3228 1044 occasus,
3260 988 3315 1035 et
3360 980 3518 1034 vallis

1931 1070 2179 1143 Egypti,
2213 1073 2346 1128 utsi
2391 1074 2517 1143 quis
2565 1074 2702 1139 haec,
2735 1081 2788 1128 et
2842 1074 3176 1128 tentationes
3221 1074 3515 1141 superarit,

1933 1165 2226 1239 acquirere
2258 1166 2437 1234 possit
2474 1166 2609 1221 ﬁnes
2662 1166 2715 1219 in
2749 1167 2897 1235 regia
2931 1169 3097 1229 tribu,
3133 1167 3199 1220 de
3242 1182 3347 1235 qua
3379 1169 3517 1221 scri-

1933 1271 2083 1331 ptum
2115 1270 2231 1329 est;
2292 1271 2513 1317 constat
2565 1263 2712 1318 enim
2749 1261 2895 1332 quod
2936 1276 3002 1316 ex
3054 1260 3196 1316 Juda
3237 1270 3394 1316 ortus
3435 1268 3520 1316 est

1935 1353 2226 1408 Dominus.

2004 1442 2237 1515 Oportet
2294 1444 2521 1514 insuper
2610 1444 2992 1500 conscendere
3056 1442 3188 1511 juga
3236 1438 3520 1502 Acrabim,

1920 1536 2082 1607 quod
2115 1537 2556 1606 interpretantur
2593 1537 2919 1598 scorpiones,
2953 1549 3097 1602 quos
3151 1531 3521 1587 conculcandi

1939 1628 2088 1682 sicut
2115 1635 2173 1682 et
2209 1637 2519 1697 serpentes,
2556 1637 2883 1697 potestatem
2939 1627 3256 1696 accepimus
3295 1640 3324 1678 a
3364 1624 3523 1678 Chri—

1937 1728 2046 1774 sto.
2080 1714 2471 1775 Conscendere
2506 1736 2634 1774 vero
2670 1729 2722 1776 te
2752 1730 2993 1791 oportet,
3031 1723 3136 1776 hoc
3191 1732 3297 1782 est,
3355 1733 3523 1788 supe-

244 1801 621 1872 πολεμοῦντας
655 1804 713 1854 ὲν
755 1802 948 1874 Ἰούδᾳ,
1007 1804 1419 1873 κληρονομῆσαι
1484 1801 1827 1872 βουλόμενον.

1953 1818 2063 1864 rare
2088 1811 2443 1880 scorpiones,
2468 1812 2562 1881 qui
2594 1827 2653 1865 se
2686 1812 2961 1867 hostiliter
2992 1819 3154 1865 terra:
3184 1808 3338 1863 Jude
3401 1824 3524 1863 sor-

257 1894 526 1966 Ἰεζεκιὴλ
559 1895 615 1947 δέ
642 1911 806 1965 φησιν
833 1910 848 1926 ·
882 1911 899 1946 ι
947 1895 1004 1948 Ὀ
1039 1895 1095 1948 δὲ
1117 1895 1327 1957 δίκαιος
1378 1897 1433 1947 ὲν
1466 1895 1618 1965 μέσῳ
1676 1910 1837 1964 σκορ-

246 1989 393 2043 πίων
424 1989 687 2042 κατοικεῖ.
720 2007 737 2039 ι
770 1987 851 2040 Τά
868 1987 923 2040 δὲ
951 1988 1075 2057 ὅρια
1103 1987 1207 2050 ἕως
1239 1987 1443 2058 Κάδης.
1465 1986 1641 2058 Ὅπερ
1666 1986 1837 2056 ἅγιον

142 2092 161 2107 ⁸
248 2083 350 2134 καί
377 2078 673 2149 ἁγιασμὸς
707 2079 1092 2152 ἑρμηνεύεται.

329 2259 562 2326 Ἰδωμεν
594 2258 688 2311 καὶ
719 2257 787 2311 τὰ
818 2257 911 2311 ἐπὶ
937 2256 1048 2313 τῶν
1067 2258 1407 2312 ἀνατολικῶν
1435 2258 1598 2329 ὁρίων
1635 2258 1839 2330 μυστήο

254 2369 373 2421 ρια,
406 2352 482 2421 μὴ
501 2348 653 2419 ψιλὸν
684 2349 932 2413 νοοῦντες
966 2349 1252 2420 ὀνομάτων
1289 2348 1615 2417 κατάλογον.
1670 2349 1841 2415 Λέγε-

252 2460 348 2496 ται
381 2442 560 2496 τοίνυν
588 2443 645 2496 ὲν
676 2440 891 2504 τούτοις
922 2441 1076 2512 πηγὴ
1123 2440 1489 2504 Ἦλιούπολις,
1552 2438 1840 2493 Ἡλιούπο-

252 2535 341 2599 λις
370 2534 741 2606 γραμμάτων,
772 2535 838 2603 ἢν
870 2536 897 2587 ὁ
925 2533 1107 2588 λαϐὼν
1173 2536 1233 2587 ὲν
1269 2533 1547 2602 εὐλογίαις
1609 2532 1838 2601 γίνεται.

266 2627 434 2681 Ἀλλά
462 2627 545 2690 τίς
602 2628 660 2681 ὲν
705 2626 878 2698 Ἰούδᾳ
926 2625 1022 2679 τοῦ
1075 2625 1227 2697 ἡλίου
1290 2629 1481 2696 πηγῆς
1533 2624 1627 2677 καὶ
1688 2622 1841 2674 ποίου

1939 1908 2047 1956 tein
2069 1904 2424 1971 captantibus
2454 1913 2761 1974 opponunt.
2792 1904 2924 1957 Nam
2945 1912 2999 1959 et
3031 1904 3281 1958 Ezechiel
3302 1904 3478 1973 inquit
3507 1921 3520 1955 :

1944 2010 1963 2043 ι
2000 1991 2193 2049 Justus
2252 2010 2380 2049 vero
2443 1996 2498 2048 in
2567 1997 2747 2049 medio
2805 1995 3159 2065 scorpionum
3215 1998 3367 2051 sedet
3421 1998 3516 2048 ".i

1940 2082 2105 2139 Fines
2138 2086 2263 2140 item
2301 2087 2423 2154 ejus
2450 2086 2517 2141 ad
2548 2085 2723 2141 Cades
2744 2087 2961 2142 Barnea
2997 2103 3174 2158 usque
3210 2089 3527 2157 pertingunt

1941 2174 2090 2245 quod
2117 2183 2393 2241 sanctum,
2433 2185 2484 2229 et
2514 2176 2784 2231 sanctitas
2811 2176 3168 2246 interpretari
3205 2178 3355 2229 licet.

2015 2264 2121 2320 Sed
2154 2266 2419 2336 mysteria
2449 2280 2671 2335 quoque
2699 2267 2891 2321 linium
2955 2269 3023 2322 ab
3081 2268 3316 2329 oriente,
3376 2263 3525 2319 nuda

1945 2358 2235 2413 nominum
2293 2360 2618 2413 recensione
2658 2359 2892 2422 omissa.
2950 2373 3381 2429 cognoscamus.
3435 2356 3526 2410 Di-

1944 2452 2089 2503 citur
2119 2450 2304 2518 itaque
2333 2452 2476 2503 intra
2511 2450 2613 2505 hos
2643 2467 2770 2507 esse
2812 2452 3014 2506 fontem
3073 2449 3400 2517 IleliOpolis,
3448 2449 3527 2501 di-

1945 2547 2032 2593 cta
2064 2537 2365 2609 Heliopolis
2406 2539 2642 2609 Sepher,
2676 2555 2838 2610 quem
2878 2540 2971 2610 qui
3031 2540 3250 2609 accepit
3298 2538 3427 2593 felix
3474 2546 3528 2591 et

1946 2630 2140 2686 beatus
2171 2631 2250 2686 ﬁt.
2280 2633 2348 2684 At
2378 2633 2504 2702 quis
2544 2636 2598 2688 in
2638 2632 2781 2688 Juda
2817 2634 2955 2689 solis
2984 2632 3109 2688 fons
3140 2644 3223 2688 est
3247 2631 3269 2686 ?
3296 2634 3403 2685 Aut
3431 2646 3528 2685 cu-

255 2720 446 2791 ηλίου;
488 2718 677 2790 Δῆλον,
703 2718 777 2782 ὡς
807 2716 936 2788 περὶ
962 2708 1024 2770 οὗ
1052 2718 1401 2786 γέγραπται·
1444 2737 1462 2768 ι
1506 2716 1632 2777 Τοῖς
1663 2713 1718 2766 δὲ
1751 2727 1845 2779 φο-

1953 2724 2034 2792 ius
2062 2724 2197 2780 solis
2227 2725 2347 2780 est?
2378 2726 2509 2797 Ejus
2565 2726 2848 2793 nimirum,
2887 2726 2955 2780 de
2988 2741 3099 2796 quo
3118 2726 3383 2794 scriptum
3404 2732 3524 2778 est:

254 2808 548 2880 ϐουμένοις
574 2809 632 2861 τὸ
648 2807 822 2876 ὄνομά
852 2824 956 2877 μου
986 2806 1238 2860 ἁνατελεῖ
1265 2806 1415 2877 ἥλιος
1436 2804 1838 2873 δικαιοσύνης.»

1953 2835 1970 2868 ι
1990 2814 2199 2870 Nomen
2220 2833 2399 2871 meum
2418 2820 2799 2874 reverentibus
2831 2821 2911 2873 Sol
2932 2819 3163 2886 justitiae
3187 2817 3479 2872 orietur”.
3505 2834 3522 2865 ι

255 2905 479 2976 Ταύτην
529 2903 630 2975 τὴν
677 2902 860 2974 πηγὴν
895 2901 1183 2973 χαρίζεται
1236 2904 1349 2963 τοῖς
1411 2900 1702 2971 μαθηταῖς,
1761 2900 1848 2956 ἵνα

1953 2908 2110 2963 llunc
2149 2908 2357 2964 fontem
2393 2911 2682 2966 Dominum
2710 2913 3003 2982 discipulis
3035 2911 3243 2978 donat,
3277 2920 3337 2964 ut
3366 2925 3525 2979 aqua:

254 3000 414 3071 πηγὴ
455 2999 646 3061 ὕδατος
692 2996 987 3070 ἁλλομένου
1022 2998 1101 3061 εἰς
1137 2996 1283 3067 ζωὴν
1315 2991 1592 3068 αίὼνιονῇ
1638 2997 1696 3049 ὲν
1750 2994 1849 3049 αὑ-

1953 3002 2206 3057 salientis
2242 3003 2297 3055 in
2326 3002 2493 3056 vitam
2519 3014 2782 3058 aeternam
2812 3004 2861 3037 “
2897 3006 2970 3060 sit
2999 3007 3052 3059 in
3095 3005 3274 3059 vobis.
3312 3004 3410 3058 Est
3439 3018 3531 3058 ve-

254 3092 564 3156 τοῖς.Ἐστι
591 3091 647 3144 δὲ
672 3092 765 3145 καὶ
799 3091 955 3154 πόλις
984 3088 1135 3160 ἡλίου
1163 3088 1283 3142 κατ’
1305 3089 1603 3155 Αἴγυπτον,
1637 3088 1704 3141 τὰ
1728 3090 1847 3141 ἐπι-

1953 3112 2013 3151 ro
2048 3094 2353 3167 Heliopolis
2386 3097 2585 3152 civitas
2616 3097 2840 3168 JEgypti
2873 3113 2995 3167 qua:
3057 3096 3407 3168 splendorem
3469 3110 3533 3149 ac

258 3187 410 3257 ερανῆ
452 3202 547 3239 και
586 3185 772 3251 ἔνδοξα
796 3184 891 3238 τοῦ
923 3186 1131 3255 κόσμου
1170 3182 1533 3255 σημαίνουσα.
1595 3181 1675 3235 Τά
1735 3181 1843 3252 γάρ

1953 3188 2176 3259 gloriam
2218 3189 2386 3257 hujus
2440 3190 2627 3244 mundi
2678 3191 2924 3245 denotat.
2984 3189 3129 3244 Deus
3159 3191 3341 3258 itaque
3375 3192 3533 3242 suam

256 3283 405 3337 κατά
435 3281 565 3334 Θεὸν
598 3279 784 3345 ἔνδοξα
815 3279 915 3350 τῆς
949 3278 1305 3351 κληροδοσίας
1351 3276 1522 3331 Ἰούδα
1558 3275 1846 3345 βασιλικῆς

1953 3282 2188 3352 gloriam
2231 3285 2288 3336 in
2316 3291 2522 3338 sortem
2558 3282 2699 3338 Juda
2730 3284 2936 3339 tribum
2997 3285 3229 3357 regiam,
3286 3284 3535 3352 adeoque

257 3392 321 3429 τε
363 3373 558 3444 φυλῆς,
594 3373 687 3427 καὶ
714 3373 772 3426 ἐν
804 3374 876 3441 γῇ
905 3371 1058 3442 ἁγίᾳ.

335 3464 452 3532 Πρὸ
472 3463 569 3533 τῆς
606 3462 822 3533 μερίδος
849 3463 915 3533 ἣν
951 3461 1144 3514 ἔλαϐεν
1197 3461 1230 3529 ἡ
1266 3460 1408 3531 φυλὴ
1461 3457 1643 3514 Χάλεϐ
1682 3458 1852 3529 ἀκλη-

264 3556 405 3626 ρωτὶ
435 3556 596 3627 μέρος
624 3554 893 3624 λαμϐάνει
939 3554 1027 3607 διὰ
1079 3553 1501 3623 προστάγματος
1563 3551 1655 3605 τοῦ
1692 3549 1847 3604 Θεοῦ.

262 3650 403 3701 ἰ’ίνα
432 3648 487 3701 δὲ
520 3647 676 3699 πόλιν
725 3645 831 3698 ἔδει
862 3645 952 3698 τὸν
987 3645 1149 3715 μόνον
1178 3646 1421 3699 σωθέντα
1490 3646 1607 3715 μετ’
1674 3642 1852 3713 Ἰησοῦ

267 3740 425 3808 παρᾶ
461 3737 559 3800 τὰς
600 3736 648 3808 χ’
701 3736 952 3807 χιλιάδας
1012 3736 1290 3808 λαϐεῖν,ῆ
1355 3734 1695 3806 μητρόπολιν
1754 3734 1855 3805 τὴν

280 3833 471 3897 Ἐνάκ,
498 3830 595 3902 τὴν
623 3829 848 3902 Χεϐρών
876 3846 889 3895 ;
918 3829 984 3900 ἢν
1013 3829 1077 3900 δὴ
1105 3827 1306 3893 λαϐὼν,
1358 3827 1526 3897 ἀνέϐη
1578 3826 1673 3879 ἐπὶ
1733 3826 1858 3889 τοὺς

267 3924 663 3987 κατοικοῦντας
712 3922 947 3995 Δαϐείρ·
1015 3923 1048 3992 ἥ
1104 3920 1371 3991 πρότερον
1427 3918 1646 3986 ἐλέγετο
1704 3918 1861 3980 πόλις

270 4016 625 4090 Γραμμάτων
644 4031 657 4043 ⁸
691 4017 782 4069 καὶ
814 4013 1097 4085 κηρύττει,
1119 4011 1196 4083 τῷ
1214 4011 1418 4082 ταύτην
1448 4012 1621 4064 ἑλόντι
1662 4010 1859 4080 Ἀσχάν

270 4109 474 4164 διδόναι
509 4109 607 4178 τὴν
632 4107 934 4177 Θυγατέρα,
969 4106 1034 4176 ἢν
1070 4100 1183 4157 εἷλε
1218 4102 1477 4174 Γοθονιὴλ
1505 4103 1621 4167 υἱὸς
1654 4103 1852 4166 Κενὲζ,

272 4199 505 4267 ἁδελφὸς
525 4197 707 4251 Χάλεϐ
744 4199 773 4251 ό
801 4195 1063 4265 νεώτερος
1093 4209 1105 4222 ⁸
1136 4190 1296 4264 δῆλον
1325 4194 1401 4256 ὠς
1423 4196 1479 4259 ἐξ
1540 4193 1730 4265 ἑτέρου
1760 4211 1865 4247 πα-

274 4292 427 4363 τρὸς,
478 4290 621 4345 κατά
647 4308 710 4358 γε
749 4289 841 4342 τὸν
870 4287 966 4341 τοῦ
997 4286 1330 4357 γράμματος
1358 4285 1539 4353 λόγον.
1576 4285 1864 4353 Λαμϐάνει

274 4386 334 4439 δὲ
369 4384 492 4438 κατ’
518 4384 734 4453 αἴτησιν
761 4382 795 4452 ἠ
839 4381 1038 4450 Ἀσχάν
1072 4376 1227 4450 παρά
1253 4376 1348 4429 τοῦ
1395 4376 1605 4448 πατρὸς
1627 4377 1729 4448 τὴν
1764 4378 1803 4430 Γ
1806 4394 1866 4430 ο-

1954 3383 2158 3429 terram
2193 3387 2445 3428 sanctam
2486 3374 2753 3442 reposuit.

2026 3464 2095 3519 Et
2121 3477 2462 3520 accesserunt
2499 3467 2601 3534 [itii
2628 3465 2776 3521 Juda
2805 3466 2874 3521 ad
2894 3465 3062 3522 Iosue
3092 3466 3255 3539 [XM],
3285 3466 3368 3538 6.]
3396 3467 3537 3522 Ante

1955 3570 2159 3615 sortem
2194 3575 2362 3629 quam
2394 3575 2454 3613 ea
2486 3559 2665 3614 tribus
2700 3574 2746 3612 at
2768 3561 2935 3630 cepit,
2988 3561 3157 3615 Caleb
3225 3576 3357 3614 vero
3414 3574 3542 3630 por-

1958 3649 2161 3703 tionem
2206 3665 2363 3705 suatn
2395 3648 2532 3703 citra
2561 3658 2765 3705 sortem
2810 3649 2931 3720 (sed
2979 3658 3039 3703 ut
3082 3650 3351 3719 scriptum
3381 3649 3541 3705 habet

1958 3757 2121 3811 quam
2151 3741 2385 3795 calcavit
2416 3757 2512 3811 pes
2547 3742 2748 3813 ipsius)
2782 3743 3006 3813 accipit.
3034 3743 3207 3809 Quam
3262 3757 3389 3798 vero
3443 3757 3541 3796 ur-

1960 3834 2082 3889 bem
2141 3836 2308 3888 aliam
2338 3835 2385 3890 is
2442 3835 2538 3904 qui
2600 3835 2751 3891 solus
2810 3834 3544 3901 servatusestcumJosue,

1959 3927 2312 3996 septuaginta
2389 3926 2636 3983 millibus
2699 3928 2993 3984 exstinctis
3065 3943 3263 3999 capere
3316 3928 3544 3993 debuit,

1963 4035 2130 4090 quam
2168 4019 2515 4089 metropolim
2551 4019 2811 4085 Anakim,
2851 4020 3202 4076 llebronem?
3248 4021 3367 4087 Qua
3415 4036 3550 4076 sane

1964 4116 2236 4175 occupata
2269 4108 2336 4161 ad
2377 4108 2591 4163 incolas
2627 4107 2815 4175 Dabir,
2850 4125 2973 4180 quae
2998 4112 3155 4180 prius
3209 4111 3341 4166 urbs
3377 4110 3549 4165 libro-

1968 4213 2090 4251 rum
2133 4198 2447 4264 dicebatur,
2482 4200 2756 4264 ascendit,
2808 4216 2873 4255 ac
2931 4203 3267 4273 promulgat,
3314 4204 3553 4272 quicun-

1968 4304 2074 4358 que
2098 4304 2215 4342 eam
2245 4291 2476 4359 ceperit,
2514 4290 2772 4346 daturum
2806 4293 2854 4347 ei
2885 4295 3051 4348 tiliam
3084 4309 3241 4349 suam
3280 4292 3503 4349 Aschan
3536 4312 3549 4349 :

1970 4397 2134 4453 quam
2170 4383 2318 4452 cepit
2362 4382 2662 4440 Gothoniel
2709 4385 2857 4441 lilins
2910 4386 3111 4453 Cenez,
3163 4386 3336 4442 frater
3386 4386 3556 4442 Caleb

276 4475 474 4530 νέθλαν
513 4474 611 4545 τὴν
641 4473 753 4527 ἀνω
798 4475 892 4525 καὶ
935 4470 1032 4542 τὴν
1081 4469 1348 4523 Γονέολαν
1414 4466 1514 4538 τὴν
1564 4469 1715 4523 κάτω
1768 4470 1850 4538 τῆς

1970 4472 2180 4539 junior,
2215 4472 2488 4527 nimirum
2521 4476 2591 4529 ab
2616 4474 2726 4527 alio
2757 4484 2931 4544 patre.
2968 4474 3233 4546 lmpetrat
3267 4491 3393 4531 vero
3451 4479 3554 4532 As-

278 4568 649 4641 κληρονομίας
696 4565 889 4619 Ἰούδα.
935 4561 1095 4616 Ἀλλὰ
1130 4561 1213 4625 τίς
1249 4562 1281 4632 ὴ
1313 4561 1644 4632 μητρόπολις
1676 4577 1690 4626 ;
1732 4560 1869 4614 Πολ⁴

277 4659 387 4714 λῶν
414 4659 595 4713 τοίνυν
618 4658 796 4711 οὐσῶν
837 4657 1048 4710 πόλεων
1091 4656 1150 4709 ὲν
1195 4655 1263 4725 τῇ
1324 4653 1457 4724 ἁγίᾳ
1516 4653 1866 4725 κληροδοσίᾳ,

280 4760 378 4813 καὶ
404 4756 705 4828 ταγμάτων
742 4753 1132 4824 διαφερόντων,
1160 4752 1242 4805 δεῖ
1291 4752 1384 4805 καὶ
1417 4752 1605 4820 τάγμα
1651 4752 1869 4817 ταγμά-

280 4869 391 4906 των
421 4851 694 4920 ὑπάρχειν
730 4846 1083 4921 περιεκτικόν
1108 4863 1168 4900 τε
1203 4846 1295 4899 καὶ
1360 4843 1570 4914 κύριον,
1634 4844 1728 4895 καὶ
1759 4837 1872 4895 οἷον

285 4943 665 5017 μητρόπολιν,
717 4942 783 5015 ἣν
830 4944 877 4995 oi
925 4942 1143 5012 διαφερ.
1175 4940 1288 5011 (45)
1352 4938 1722 5009 λαμϐάνουσι,
1780 4936 1876 4989 καὶ

281 5039 457 5110 ἀλλην
504 5036 673 5093 ἄλλοι.
740 5034 950 5097 Πολλάς
1002 5034 1110 5104 γὰρ
1184 5030 1548 5103 μητροπόλεις
1610 5030 1777 5099 φησὶν
1840 5030 1873 5099 ή

284 5130 504 5205 Γραφὴ,
539 5130 614 5194 ὼς
638 5128 770 5200 παρ’
800 5126 1029 5197 Ἡσαΐᾳ·
1063 5144 1079 5175 ι
1109 5122 1453 5196 Μητρόπολι;
1476 5121 1642 5193 πιστὴ
1665 5121 1822 5174 Σιών.
1850 5138 1869 5171 ι

282 5222 390 5277 Ὧν
415 5222 685 5294 λαμϐάνει
706 5221 803 5290 τὴν
847 5216 1075 5290 πρώτην
1098 5218 1126 5270 ό
1173 5214 1359 5269 Χάλεϐ
1396 5211 1564 5268 οὖσαν
1594 5213 1877 5265 τῶνῈνα-

285 5318 446 5388 κεὶμ,
481 5317 619 5386 ὅπερ
682 5312 1047 5375 ταπείνωσις
1108 5307 1297 5374 κενὴ,
1330 5307 1498 5376 ἣγουν
1558 5305 1878 5373 ἀπόκρισις

288 5409 466 5476 κενὴ,
494 5402 875 5477 ἑρμηνεύεται.
909 5398 1258 5471 Μητρόπολιν
1290 5394 1382 5452 οὖν
1418 5396 1687 5466 λαμϐάνει
1718 5395 1879 5466 κενῆς

1976 4565 2119 4618 chan
2151 4578 2180 4616 a
2216 4574 2370 4633 patre
2413 4565 2623 4635 irrigua
2649 4569 2939 4634 superiora
2973 4578 3029 4623 et
3065 4569 3333 4623 inferiora
3360 4570 3417 4623 in
3441 4570 3554 4624 hae-

1976 4656 2209 4711 reditate
2240 4654 2404 4710 Juda.
2438 4655 2640 4712 Veron:
2697 4674 2817 4728 quae
2873 4668 2958 4713 est
3022 4661 3135 4714 haec
3190 4661 3557 4731 metr0polis?

1976 4745 2158 4800 Multa:
2195 4762 2329 4801 sane
2375 4762 2496 4800 cum
2535 4748 2700 4804 urbes
2741 4749 2797 4801 in
2840 4749 3161 4805 haereditate
3193 4760 3405 4816 sancta,
3459 4768 3555 4805 or-

1975 4839 2247 4908 dinesque
2291 4838 2499 4894 diversi
2534 4840 2666 4903 sint,
2701 4841 2951 4897 ordinem
2981 4859 3205 4913 quoque
3241 4859 3555 4913 supremum

1976 4931 2350 4994 distinctum,
2386 4946 2452 4984 ac
2508 4933 2799 5001 proprium
2856 4949 2958 4989 ceu
3030 4937 3376 5006 metropolim
3438 4952 3561 4991 esse

1972 5031 2210 5094 oportet.
2265 5024 2441 5089 Quam
2499 5025 2926 5084 excellentiores
2971 5030 3297 5098 accipiunt,
3355 5037 3409 5083 ct
3466 5029 3559 5083 alii

1975 5116 2198 5186 quidem
2236 5117 2423 5169 aliam.
2457 5116 2753 5175 Multarum
2779 5123 2927 5176 enim
2961 5125 3349 5195 metropolium
3414 5121 3561 5176 Scri-

1981 5218 2146 5281 ptura
2217 5209 2488 5273 meminit,
2566 5214 3034 5281 quemadmodum
3112 5216 3254 5286 apud
3311 5215 3558 5269 Isaiam:

1989 5320 2008 5353 ι
2046 5299 2367 5369 Metropolis
2409 5301 2589 5357 ﬁdelis
2622 5303 2756 5359 Sion
2792 5308 2858 5360 ³⁸.
2891 5326 2909 5359 ι
2942 5308 3185 5374 Quarum
3240 5305 3407 5362 Caleb
3442 5309 3564 5378 qni‘

1981 5394 2104 5451 dum
2129 5392 2459 5465 principem,
2497 5398 2728 5454 Enacitn
2784 5400 3078 5467 videlicet,
3109 5410 3387 5473 occupat,
3417 5401 3563 5472 quod

288 5626 295 5631 ‹
361 5594 409 5624 ²¹
450 5591 645 5650 Ezech.
680 5604 745 5652 tt,
776 5586 831 5642 6.
905 5585 951 5616 ’³
979 5578 1217 5637 Malach.
1250 5593 1323 5642 tv,
1359 5575 1416 5629 2.
1492 5574 1539 5606 ’⁵
1569 5570 1727 5628 Joan.
1779 5586 1850 5636 tv,

1953 5570 1987 5630 ί.
2066 5574 2112 5607 ⁸³
2150 5574 2261 5632 Ιεσ.
2296 5592 2372 5643 tv,
2396 5575 2487 5633 22.

1804 5684 2043 5746 NOTIE.

373 5793 485 5866 (ἥδ)
513 5791 635 5848 "Ia.
668 5792 1013 5865 διαφέροντες
1037 5785 1136 5859 τὴν
1167 5782 1386 5857 ἀρετήν.
